3970 6416
465 446 565 501 56:)

1336 431 1668 489 APPENDIX
1703 431 1790 486 AD
1826 427 2046 484 UPERA
2083 426 2136 481 S.
2175 423 2472 480 GERMANI
2509 421 2939 478 PARISIENSIS.

3750 411 3859 467 564

464 545 848 622 depigniturl.
888 545 1011 600 [una
1050 540 1214 598 Jonas
1247 538 1567 596 vaticinavit
1607 537 1876 605 inclusus,
1927 533 2079 590 unde
2102 527 2626 628 Aarchisynagogi,
2653 530 2708 584 et
2733 527 2872 584 vidit
2892 525 3230 594 tumultum,
3272 526 3334 581 et
3365 523 3588 581 ﬂentes
3626 523 3689 577 et
3724 519 3858 592 eju-

463 643 705 700 Ecclesia
732 637 1039 709 margarita
1087 639 1138 691 te
1172 634 1492 690 fecundant.
1523 635 1650 687 lum:
1677 629 1845 684 David
1871 627 2078 700 psalle-

463 731 558 787 bat
587 731 646 784 in
671 729 918 800 cythera,
953 726 1099 780 unde
1128 724 1332 779 Paulus
1372 722 1664 794 Apostolus
1696 717 2033 791 praedicabat
2065 733 2078 771 :

459 823 914 881 Fundamentum
939 813 1092 874 aliud
1110 834 1279 873 nemo
1296 819 1480 889 potest
1493 829 1702 886 ponere
1713 812 1820 867 nisi
1831 809 2081 865 Christus
2117 881 2130 898 ι

457 919 632 972 Iesus.
675 917 802 969 Isne
841 915 1004 968 Petro
1049 911 1330 983 mergenti
1377 925 1576 964 manus
1614 905 1943 978 porrigitur,
1984 895 2080 957 ubi

458 1008 750 1066 titubantis
786 1007 921 1062 ﬁdes
949 1005 1222 1074 munitur,
1263 1003 1341 1058 ibi
1380 1005 1547 1074 caput
1587 999 1844 1055 Ecclesiae
1871 997 2078 1052 conﬁr-

459 1107 668 1158 matur.
704 1104 830 1157 [sua
855 1102 1089 1155 Lazarus
1117 1099 1184 1154 de
1211 1097 1468 1168 sepulcro
1494 1093 1772 1166 proditur,
1813 1091 2077 1146 unde’re-

463 1195 732 1252 surrectio
745 1193 946 1249 Christi
961 1193 1196 1265 gloriosa
1211 1191 1490 1245 laudatur.
1499 1187 1814 1242 Gaudentes
1825 1183 2015 1254 angeli
2029 1186 2084 1237 et

459 1306 526 1347 ex
535 1289 774 1346 ultautes
783 1285 1122 1357 archangeli,
1151 1283 1445 1339 cherubim
1461 1297 1687 1352 quoque
1699 1295 1762 1333 ac
1775 1277 2056 1347 seraphim
2065 1315 2077 1330 .

755 1401 875 1439 ITEM
916 1399 1070 1439 ALIAS
1102 1396 1391 1438 LECTIONES
1431 1391 1796 1435 COTTIDIA‘NAS.

1139 1470 1215 1521 Ad
1245 1470 1432 1518 Titum.

532 1560 770 1624 Fratres,
800 1556 923 1610 haec
960 1555 1191 1624 loquere
1227 1555 1283 1606 et
1317 1549 1637 1614 exhortare,
1665 1547 1721 1600 et
1749 1559 1925 1615 argue
1952 1559 2081 1596 cum

462 1652 619 1708 omni
632 1650 888 1722 imperio.
911 1649 1084 1702 Nemo
1100 1650 1155 1700 te
1170 1645 1511 1698 contemnat.
1533 1639 1780 1694 Admone
1793 1637 1913 1692 illos
1933 1637 2084 1707 prin-

459 1745 678 1817 cipibus
708 1748 762 1798 et
790 1739 1158 1814 potestatibus
1177 1737 1426 1792 subditos
1445 1751 1582 1799 esse,
1611 1731 1900 1787 neminem
1932 1729 2078 1784 blas-

458 1839 752 1910 phemare,
775 1852 890 1890 non
916 1832 1190 1904 litigiosos
1223 1847 1362 1899 esse,
1395 1829 1491 1883 sed
1517 1827 1828 1893 modestos;
1856 1839 2085 1878 omnem

462 1931 820 1987 ostendentes
839 1925 1338 1982 mansuetudinem
1353 1921 1425 1976 ad
1444 1935 1644 1976 omnes
1657 1916 1938 1974 homines.
1955 1917 2088 1970 Era-
2112 1923 2168 1994 B

463 2041 590 2081 mus
617 2023 771 2078 enim
797 2025 852 2076 et
889 2037 990 2074 nos
1027 2016 1330 2088 aliquando
1358 2013 1684 2084 insipientes
1711 2014 1766 2065 et
1791 2007 2096 2077 increduli‘,’

463 2121 732 2184 errantes,
761 2113 1061 2168 servientes
1100 2107 1384 2164 desideriis
1410 2110 1467 2161 et
1493 2103 1874 2175 voluptatibus
1900 2101 2086 2170 variis,

465 2210 525 2264 in
550 2209 761 2264 malitia
785 2211 841 2262 et
866 2205 1076 2260 invidia
1103 2206 1352 2274 agentes.
1387 2200 1530 2256 Cum
1555 2203 1745 2252 autem
1773 2195 2092 2266 benignitas

472 2306 528 2358 et
555 2301 876 2358 humanitas
899 2296 1162 2369 apparuit
1185 2291 1442 2348 salutaris
1467 2292 1646 2346 nostri
1664 2293 1794 2345 Jesu
1813 2289 2092 2344 Christi...

682 2392 854 2443 Lectio
888 2389 1053 2440 sancti
1072 2386 1339 2450 Evangelii
1363 2384 1650 2434 secundum
1677 2385 1890 2432 Lucam.

535 2482 807 2550 Tempore
832 2477 928 2532 illo
963 2475 1078 2530 ibat
1097 2472 1368 2528 Dominus
1393 2473 1550 2525 Iesus
1575 2469 1636 2522 in
1661 2467 1940 2522 civitatem
1965 2482 2091 2536 quae

463 2577 692 2628 vocatur
735 2571 916 2636 Naim,
953 2573 1010 2622 et
1049 2567 1205 2621 ibant
1246 2581 1380 2620 cum
1417 2563 1512 2617 illo
1563 2560 1824 2632 discipuli
1868 2560 1990 2629 ejus
2035 2564 2092 2614 et

465 2666 628 2722 turba
653 2664 894 2736 copiosa.
925 2663 1064 2715 Cum
1094 2663 1283 2715 autem
1305 2655 1782 2727 adpropinquaret
1802 2657 1980 2724 portae
2017 2653 2093 2706 ci-

463 2759 668 2826 vitatis,
693 2761 750 2811 et
760 2771 886 2810 ecce
907 2753 1204 2808 defunctus
1225 2749 1563 2804 efferebatur
1588 2746 1738 2800 illius
1755 2745 1956 2799 unicus
1976 2763 2091 2799 ma-

462 2852 564 2906 tris
593 2865 730 2904 suze.
763 2850 828 2902 Et
849 2848 968 2901 haec
995 2845 1161 2899 vidua
1187 2846 1326 2911 erat,
1355 2846 1412 2896 et
1437 2841 1604 2894 turba
1645 2838 1885 2893 civitatis
1913 2839 2091 2893 multa

465 2959 597 2998 cum
631 2941 734 2996 illi.
760 2942 938 3004 Quam
965 2954 1098 2994 cum
1123 2936 1350 2990 vidisset
1385 2932 1672 2997 Dominus,
1706 2931 2090 2986 misericordia

465 3039 653 3091 motus
677 3049 848 3103 super
872 3048 1017 3098 eam,
1047 3030 1188 3083 dixit
1213 3027 1322 3082 illi:
1341 3025 1464 3080 Noli
1490 3026 1642 3079 flere.
1676 3025 1740 3078 Et
1765 3023 2012 3092 accessit,
2035 3027 2092 3078 et

465 3126 658 3198 tetigit
683 3125 952 3180 loculum.
985 3122 1074 3176 Hii
1109 3125 1299 3174 autem
1338 3118 1437 3190 qui
1470 3119 1769 3189 portabant
1797 3119 2089 3171 steterunt.

469 3223 536 3274 Et
563 3219 643 3273 ait
684 3237 698 3273 :
741 3217 1080 3272 Adulescens
1126 3213 1224 3268 tibi
1253 3212 1396 3280 dico,
1434 3226 1624 3280 surge.
1658 3211 1723 3263 Et
1759 3209 1964 3264 resedit
1991 3209 2088 3280 qui

467 3315 590 3368 erat
630 3314 906 3378 mortuus,
935 3314 990 3362 et
1014 3307 1182 3377 cmpit
1211 3305 1380 3376 loqui,
1426 3307 1482 3358 et
1524 3302 1677 3357 dedit
1717 3301 1878 3356 illum
1922 3284 2166 3356 matriC

468 3422 610 3461 suae.
651 3402 876 3473 Accepit
909 3407 1100 3456 autem
1123 3399 1298 3453 timor
1340 3412 1554 3464 omnes,
1581 3400 1636 3450 et
1661 3395 2096 3466 magniﬁcabant

470 3500 650 3553 Deum
691 3497 960 3560 dicentes,
993 3493 1126 3565 quia
1164 3491 1442 3562 propheta
1475 3505 1717 3560 magnus
1759 3488 2004 3544 surrexit
2035 3488 2094 3543 in

469 3591 652 3660 nobis,
683 3595 738 3646 et
763 3589 895 3662 quia
922 3589 1068 3642 Deus
1088 3585 1329 3640 visitavit
1348 3583 1571 3655 plebem
1600 3598 1782 3636 suam.

854 3703 978 3742 ITEM
1016 3698 1308 3740 LECTIONES
1349 3697 1700 3738 COTTIDIANE.

706 3775 936 3840 Epistola
963 3772 1104 3823 Pauli
1130 3769 1351 3836 apostoli
1381 3770 1450 3820 ad
1475 3770 1822 3820 Colossenses.

541 3859 780 3924 Fratres,
809 3854 1027 3909 induite
1050 3868 1167 3918 vos,
1195 3851 1339 3905 sicut
1372 3850 1532 3926 electi
1560 3849 1679 3919 Dei,
1723 3849 1937 3902 viscera
1985 3847 2095 3901 mi-

475 3949 792 4007 sericordia:
830 3945 1262 4016 benignitatem,
1305 3943 1704 4009 humilitatem,
1739 3940 2096 4008 modestiam,

471 4043 826 4116 patientiam,
856 4039 1250 4109 supportantes
1275 4035 1537 4103 invicem,
1565 4039 1622 4088 et
1647 4034 1920 4089 donantes
1946 4033 2100 4088 vobis

473 4136 627 4207 ipsis,
677 4135 721 4188 si
765 4131 889 4204 quis
934 4131 1200 4184 adversus
1253 4129 1500 4200 aliquem
1548 4127 1718 4182 habet
1766 4127 2096 4199 quierelam.

472 4227 624 4284 Sicut
661 4229 716 4280 et
760 4225 1030 4278 Dominus
1073 4221 1316 4290 donavit,
1365 4221 1446 4275 ita
1477 4225 1534 4275 et
1557 4237 1673 4275 vos.
1703 4220 1882 4290 Super
1907 4219 2099 4273 omnia

473 4324 664 4375 autem
689 4319 810 4372 haec
837 4317 1150 4383 caritatem,
1181 4315 1328 4386 quod
1357 4319 1441 4368 est
1474 4313 1765 4368 vinculum
1799 4312 2096 4383 perfectio—

473 4413 581 4483 nis,
613 4418 668 4470 et
693 4429 804 4484 pax
828 4410 1034 4465 Christi
1065 4409 1278 4464 exultet
1305 4407 1365 4462 in
1384 4407 1644 4462 cordibus
1667 4407 1884 4462 vestris.

675 4507 848 4559 Lectio
881 4506 1043 4556 sancti
1067 4503 1336 4568 Evangelii
1358 4503 1646 4554 secundum
1678 4505 1888 4553 Lucam.

545 4597 605 4650 ln
631 4595 826 4650 diebus
853 4593 982 4661 illis,
1009 4591 1224 4646 factum
1265 4593 1351 4644 est
1387 4605 1518 4643 cum
1559 4589 1795 4644 redisset
1832 4588 2102 4643 Dominus

468 4691 644 4756 Iesus,
675 4687 894 4758 excepit
925 4685 1088 4739 illum
1113 4683 1299 4738 turba.
1330 4684 1499 4736 Erant
1522 4681 1673 4736 enim
1717 4697 1914 4736 omnes
1939 4697 2102 4752 expe-
2121 4649 2178 4720 Ι)

469 4785 680 4836 ctantes
706 4795 856 4834 eum.
886 4779 951 4833 Et
981 4793 1105 4832 ecce
1133 4775 1288 4830 venit
1311 4775 1398 4828 vir
1424 4775 1655 4828 nomine
1682 4773 1875 4842 lairus,
1899 4778 1954 4828 et
1982 4773 2099 4844 ipse

466 4876 730 4946 princeps
760 4877 880 4927 erat
919 4871 1264 4942 Synagogae;
1299 4870 1355 4922 et
1399 4867 1592 4921 videns
1620 4883 1750 4921 eum
1782 4865 2100 4937 prociditad

467 4969 638 5040 pedes
685 4967 827 5037 ejus,
851 4968 908 5020 et
953 4962 1362 5034 deprecabatur
1411 4976 1542 5014 eum
1593 4960 1838 5014 multum
1888 4959 2096 5029 dicens,

465 5061 734 5132 quoniam
759 5059 871 5113 tilia
900 5073 1027 5111 mea
1054 5056 1114 5110 in
1139 5053 1408 5110 extremis
1435 5057 1546 5122 est;
1577 5053 1723 5120 veni,
1747 5053 1954 5122 inpone
1986 5069 2102 5106 ma-

465 5169 607 5208 num
651 5168 822 5222 super
859 5167 1006 5219 eam,
1033 5154 1096 5204 ut
1125 5148 1276 5202 salva
1305 5147 1395 5216 sit,
1427 5151 1482 5200 et
1507 5146 1672 5200 vivat.
1702 5147 1770 5198 Et
1801 5144 1939 5199 abiit
1969 5161 2098 5200 cum

465 5246 584 5314 illo,
613 5249 669 5298 et
711 5242 1045 5314 sequebatur
1079 5258 1212 5296 eum
1238 5239 1402 5295 turba
1444 5239 1646 5293 multa.
1692 5237 1888 5292 Adhuc
1920 5254 1986 5292 eo
2010 5238 2096 5292 lo-

466 5341 694 5410 quente,
733 5334 966 5389 veniunt
1010 5334 1079 5388 ab
1127 5334 1576 5405 archisynagogo
1623 5330 1870 5386 dicentes
1911 5346 1924 5384 :
1959 5330 2099 5394 Quia

466 5431 580 5484 lilia
620 5434 717 5484 tua
761 5432 982 5482 mortua
1026 5431 1126 5494 est,
1159 5427 1295 5499 quid
1335 5427 1479 5480 ultra
1519 5441 1686 5479 vexas
1720 5423 2097 5494 Magistrum?

463 5527 617 5578 Iesus
645 5525 831 5577 autem
851 5521 1019 5576 verbo
1045 5521 1194 5592 quod
1230 5520 1519 5574 dicebatur
1561 5517 1771 5584 audito,
1803 5517 1878 5570 ait
1917 5516 2098 5570 archi-

463 5633 750 5689 synagogo
779 5632 793 5670 :
827 5614 946 5670 Noli
969 5613 1191 5681 timere,
1221 5610 1612 5666 tantummodo
1649 5610 1831 5664 crede.
1879 5610 1943 5663 Et
1983 5625 2097 5663 non

463 5709 688 5766 admisit
715 5722 1060 5780 quemquam
1088 5704 1246 5775 sequi
1273 5721 1330 5758 se
1357 5703 1469 5757 nisi
1494 5704 1722 5756 Petrum
1748 5705 1803 5756 et
1827 5702 2094 5756 Iacobum

464 5809 519 5858 et
552 5804 867 5859 Iohannem
914 5800 1147 5854 fratrem
1176 5795 1380 5851 Jacobi.
1411 5796 1478 5849 Et
1503 5794 1736 5848 veniunt
1771 5795 1830 5849 in
1865 5795 2096 5849 domum

536 5942 558 5969 "
579 5941 661 5995 Au
674 5937 984 6008 depingitur
1001 5936 1027 5988 ?
1044 5935 1108 5987 Et
1123 5932 1289 6005 paulo
1304 5930 1448 5987 infra
1458 5929 1602 5985 forte
1622 5945 1634 5983 :
1655 5931 1944 5985 Ecclesium
1958 5945 2098 5987 mar-

2180 625 2360 680 lantes
2385 623 2648 678 multum.
2679 623 2746 677 Et
2783 621 3073 693 ingressus
3099 619 3178 675 ait
3198 619 3279 676 eis
3305 636 3319 675 :
3343 617 3501 684 Quid
3516 612 3860 672 turbamini

2181 723 2236 773 et
2261 715 2536 788 ploratis?
2592 715 2778 786 puella
2803 731 2917 770 non
2961 719 3044 770 est
3075 717 3324 783 mortua,
3367 712 3473 767 sed
3503 710 3759 766 dormit.
3793 709 3861 764 Et

2182 809 2502 866 inridebant
2527 825 2679 864 eum.
2697 811 2818 879 Ipse
2849 825 2982 863 vero
3011 807 3204 879 ejectis
3229 806 3529 870 omnibus,
3559 801 3862 858 adsumsit

2180 909 2400 975 patrem
2439 907 2495 958 et
2519 905 2757 958 matrem
2801 902 3024 973 puellae,
3067 906 3121 956 et
3163 901 3263 973 qui
3302 916 3508 954 secum
3549 901 3751 953 erant.
3793 897 3861 951 Et

2181 997 2498 1068 ingreditur
2541 995 2637 1049 ubi
2673 997 2796 1049 erat
2827 995 3014 1066 puella
3032 995 3247 1065 jacens,
3277 998 3335 1048 et
3356 998 3574 1047 tenens
3603 1005 3860 1046 manum

2180 1090 2384 1162 puellas
2411 1093 2468 1144 et
2491 1088 2624 1142 tibi:
2647 1088 2837 1142 Tabita
2863 1087 3034 1156 cumi,
3063 1087 3216 1160 quod
3243 1091 3328 1142 est
3359 1086 3857 1156 interpretatum,

2180 1183 2386 1254 puella,
2413 1181 2514 1236 tibi
2539 1181 2684 1248 dico,
2715 1197 2902 1252 surge.
2920 1183 2984 1236 Et
3009 1180 3305 1236 confestim
3336 1179 3602 1234 surrexit
3627 1177 3858 1250 puella,

2181 1281 2237 1332 et
2278 1275 2625 1330 ambulabat.
2668 1276 2798 1330 Erat
2833 1278 3023 1329 autem
3060 1290 3344 1330 annorum
3387 1271 3740 1328 duodecim.
3796 1272 3863 1326 Et

2181 1369 2574 1440 obstipuerunt
2601 1370 2828 1439 stupore.
2847 1347 3116 1437 maximo,
3141 1371 3198 1423 et
3217 1367 3506 1439 pracepit
3535 1365 3659 1421 illis
3689 1363 3864 1420 vehe-

2183 1467 2404 1518 menter
2429 1467 2491 1516 ut
2515 1477 2682 1517 nemo
2709 1461 2767 1516 id
2799 1461 2984 1516 sciret.

2736 1585 2893 1624 IIISSA
2943 1583 3282 1625 COTTIDIANA.

2253 1668 2610 1735 Quaesumus,
2642 1667 3001 1738 omnipotens
3030 1667 3196 1734 Deus,
3223 1683 3298 1722 ne
3342 1683 3450 1720 nos
3486 1669 3594 1721 tua
3624 1663 3864 1721 miseri-

2185 1761 2377 1814 cordia
2403 1761 2737 1832 dereliquat,
2767 1777 2896 1832 quae
2937 1764 2994 1814 et
3022 1765 3266 1815 terrores
3294 1764 3530 1815 nostros
3561 1764 3864 1827 amoveat,

2191 1858 2247 1908 et
2263 1854 2429 1908 noxia
2454 1857 2652 1908 cuncta
2681 1853 2938 1924 depellat.

2885 1957 3112 2005 Secreta.
3674 1998 3677 1999 ,

2262 2040 2464 2096 Munda
2499 2057 2626 2107 nos,
2656 2040 2910 2110 Domine,
2954 2041 3210 2096 sacriﬁcii
3262 2041 3573 2112 praesentis
3620 2041 3863 2106 effectu,

2191 2137 2247 2188 et
2273 2133 2476 2205 perﬁce
2504 2133 2798 2188 miserator
2821 2134 2880 2188 in
2909 2134 3092 2202 nobis,
3111 2139 3176 2188 ut
3201 2134 3324 2204 ejus
3351 2150 3714 2190 mereamur
3745 2151 3868 2190 esse

2191 2227 2510 2299 participes.

2835 2297 3173 2348 Contestatio.

2261 2383 2397 2436 Vere
2429 2381 2668 2453 dignum
2714 2387 2769 2437 et
2800 2383 3020 2454 justum
3063 2387 3170 2452 est,
3223 2383 3612 2455 omnipotens
3667 2386 3864 2440 Deus:

2190 2491 2354 2530 verus
2406 2476 2578 2530 homo
2617 2492 2844 2531 carnem
2874 2476 3080 2530 sumsit
3112 2477 3182 2532 de
3210 2477 3466 2549 Virgine,
3499 2494 3690 2534 verus
3719 2479 3871 2534 Deus

2189 2585 2307 2623 non
2341 2569 2570 2624 abstulit
2605 2569 3017 2640 virginitatem;
3067 2587 3234 2625 verus
3279 2571 3460 2625 homo
3517 2572 3761 2643 positus
3811 2573 3868 2627 in

2189 2662 2482 2732 praesepio,
2508 2679 2672 2717 verus
2710 2663 2854 2716 Deus
2877 2663 3048 2733 Magis
3091 2664 3311 2718 stellam
3356 2665 3650 2722 ostendit.
3689 2668 3869 2722 Verus

2190 2755 2358 2810 homo
2381 2755 2690 2826 baptizatus
2709 2772 2742 2808 a
2765 2756 3038 2824 Iohanne,
3066 2773 3232 2811 verus
3253 2759 3405 2812 Deus
3425 2774 3621 2830 aquas
3653 2761 3870 2815 Iohan-

2189 2849 2276 2902 nis
2305 2849 2684 2903 sanctilicavit.
2715 2850 2887 2902 Verus
2920 2849 3092 2904 homo
3134 2850 3205 2905 ad
3240 2851 3481 2922 nuptias
3513 2851 3663 2921 fuit,
3698 2870 3871 2908 verus

2191 2942 2334 2996 Deus
2361 2958 2530 3012 aquas
2548 2941 2607 2995 in
2635 2941 2829 2996 vinum
2859 2941 3153 2997 convertit.
3188 2945 3364 2998 Verus
3384 2944 3573 2999 homo
3601 2946 3866 3002 dormie-

2188 3033 2282 3086 bat
2318 3033 2376 3087 in
2401 3050 2564 3100 nave,
2593 3050 2758 3089 verus
2800 3035 2945 3089 Deus
2972 3035 3186 3090 sedavit
3211 3041 3658 3108 tempestatem.
3691 3041 3872 3095 Verus

2189 3127 2362 3181 homo
2387 3126 2557 3182 ﬁdem
2586 3127 2827 3183 miratur
2854 3127 3223 3198 centurionis,
3247 3145 3418 3185 verus
3445 3131 3610 3186 Deus
3644 3134 3871 3189 sanavit

2191 3236 2432 3290 puerum
2480 3219 2672 3290 ipsius.
2723 3222 2898 3275 Verus
2942 3221 3116 3275 homo
3157 3238 3332 3292 super
3371 3239 3560 3294 aquas
3620 3226 3872 3297 pedibus

2191 3313 2512 3381 ambulavit,
2545 3330 2710 3368 verus
2736 3315 2879 3369 Deus
2922 3317 3086 3369 Petro
3111 3316 3401 3386 mergenti
3434 3333 3704 3375 manum
3734 3337 3867 3392 por-

2193 3406 2358 3462 rexit.
2390 3408 2564 3460 Verus
2592 3407 2767 3462 homo
2798 3424 2972 3478 super
2995 3409 3270 3464 Lazarum
3299 3409 3482 3479 ﬂevit,
3504 3428 3697 3468 verus
3725 3415 3873 3468 Deus

2194 3517 2308 3556 una
2331 3516 2462 3554 voce
2491 3501 2755 3554 Lazarum
2777 3500 2846 3554 ab
2875 3500 3068 3556 inferis
3095 3502 3407 3558 suscitavit.
3438 3505 3590 3569 Quis
3628 3524 3764 3562 non
3803 3508 3872 3562 ti-

2195 3603 2345 3652 meat
2372 3599 2539 3653 talem
2559 3597 2880 3666 Dominum,
2907 3599 3121 3670 Regem
3148 3603 3436 3655 aeternum
3451 3602 3481 3657 ?
3503 3605 3610 3659 cui
3631 3607 3867 3662 merito.

2196 3692 2448 3746 Sanctus.

2577 3779 2698 3817 ITEM
2735 3777 3026 3818 LECTIONES
3067 3778 3448 3822 COTTIDIANAS.

2451 3853 2679 3917 Epistola
2711 3855 2854 3904 Pauli
2883 3855 3105 3918 apostoli
3137 3855 3206 3905 ad
3239 3857 3642 3922 Philippenses.

2271 3940 2506 4008 Fratres,
2555 3939 2671 3994 scio
2707 3956 2804 3994 vos
2841 3940 3036 4011 gaudii
3078 3941 3194 3995 mei
3238 3958 3443 3998 omnes
3497 3943 3744 4020 [socios]
3779 3967 3873 4004 vos

2199 4047 2338 4086 esse.
2357 4032 2532 4087 Testis
2558 4032 2710 4087 enim
2730 4033 2875 4088 mihi
2897 4037 2982 4088 est
3001 4033 3276 4089 Dominus
3302 4039 3610 4108 quomodo
3639 4044 3875 4116 cupiam

2199 4141 2294 4178 vos
2318 4141 2514 4180 omnes
2545 4125 2605 4180 in
2631 4126 2936 4182 visceribus
2972 4127 3180 4182 Christi
3204 4129 3337 4184 Iesu
3379 4131 3634 4190 Domini
3661 4139 3872 4193 nostri.

2348 4236 2524 4286 Lectio
2557 4237 2721 4287 sancti
2754 4237 3020 4300 Evangelii
3053 4237 3346 4290 secundum
3379 4241 3725 4298 Iohannem.

2271 4325 2356 4381 Sic
2385 4326 2538 4380 enim
2567 4327 2766 4382 dilexit
2793 4329 2940 4382 Deus
2977 4330 3282 4400 mundum,
3325 4337 3391 4388 ut
3426 4333 3658 4392 Filium
3704 4357 3870 4396 suum

2201 4417 2559 4489 unigenitum
2595 4419 2753 4474 daret
2779 4420 2839 4474 in
2875 4421 2992 4490 illo,
3029 4427 3095 4477 ut
3131 4439 3334 4480 omnes
3371 4428 3478 4499 qui
3508 4432 3779 4490 credunt
3817 4434 3872 4488 in

2199 4527 2329 4566 eum
2354 4528 2470 4566 non
2496 4517 2752 4583 pereant,
2781 4514 2878 4568 sed
2911 4515 3158 4571 habeant
3183 4517 3360 4574 vitam
3387 4526 3712 4582 aeternam.
3749 4529 3872 4583 Non

2202 4604 2353 4658 enim
2381 4605 2534 4659 misit
2559 4605 2702 4659 Deus
2722 4605 2928 4660 Filium
2947 4623 3118 4662 suum
3138 4609 3199 4664 in
3227 4613 3545 4686 mundum,
3566 4623 3643 4674 ut
3651 4620 3878 4690 judicet

2201 4697 2502 4766 mundum,
2540 4697 2639 4752 sed
2679 4701 2744 4752 ut
2779 4699 3026 4756 salvetur
3059 4703 3313 4758 mundus
3350 4722 3459 4776 per
3495 4708 3731 4780 ipsum.
3773 4713 3874 4778 Qui

2199 4785 2378 4841 credit
2403 4786 2462 4840 in
2491 4801 2644 4855 eum,
2677 4803 2792 4842 non
2819 4788 3128 4859 judicatur,
3159 4793 3261 4863 qui
3298 4799 3503 4851 autem
3533 4814 3670 4856 non
3699 4801 3876 4858 credit

2200 4879 2260 4933 in
2289 4896 2442 4947 eum,
2474 4879 2759 4950 judicatus
2803 4887 2906 4951 est,
2959 4883 3092 4954 quia
3135 4901 3254 4940 non
3283 4866 3483 4944 ‘credit
3523 4891 3592 4947 in
3635 4897 3874 4950 nomine

2201 4972 2477 5044 unigeniti
2497 4972 2621 5026 Filii
2646 4973 2760 5028 Dei.
2789 4975 2900 5029 Hoc
2926 4979 3009 5030 est
3033 4981 3224 5033 autem
3241 4979 3563 5055 judicium,
3599 4989 3750 5059 quia
3778 4989 3872 5044 lux

2199 5065 2351 5120 venit
2377 5065 2434 5118 in
2470 5065 2766 5132 mundum,
2799 5071 2854 5120 et
2881 5067 3204 5126 dilexerunt
3235 5073 3508 5130 homines
3546 5082 3750 5152 magis
3791 5087 3869 5136 tc-

2197 5159 2404 5213 nebras
2423 5175 2592 5230 quam
2617 5159 2820 5215 lucem.
2851 5162 3024 5217 Erant
3051 5163 3206 5218 enim
3234 5181 3440 5223 eorum
3468 5171 3641 5227 mala
3674 5191 3867 5247 opera.

2198 5251 2390 5306 Omnis
2416 5251 2566 5306 enim
2596 5253 2694 5323 qui
2718 5255 2866 5308 male
2889 5255 3029 5326 agit,
3059 5257 3179 5312 odit
3202 5258 3416 5332 lucem,
3447 5268 3509 5318 et
3534 5282 3665 5323 non
3720 5270 3870 5325 venit

2197 5345 2266 5399 ad
2312 5344 2517 5414 lucem,
2567 5349 2630 5400 ut
2671 5362 2786 5402 non
2827 5354 3148 5418 arguantur
3187 5367 3364 5422 Opera
3401 5357 3556 5427 ejus.
3595 5362 3716 5426 Qui
3741 5363 3870 5418 facit

2200 5437 2508 5508 veritatem,
2545 5439 2699 5494 venit
2732 5440 2804 5494 ad
2837 5439 3045 5510 lucem,
3084 5447 3150 5499 ut
3193 5447 3657 5508 manifestentur
3702 5473 3868 5528 opera

2204 5530 2382 5604 [ejus,]
2416 5532 2550 5604 quia
2574 5532 2635 5587 in
2661 5534 2772 5589 Deo
2799 5539 2932 5590 sunt
2955 5536 3120 5592 facta.

2563 5634 2690 5682 Item
2724 5632 2826 5684 alia
2847 5635 3138 5686 secundum
3160 5637 3486 5692 Johannem.

2265 5721 2464 5787 Amen,
2493 5733 2662 5774 amen
2695 5718 2820 5774 dico
2856 5721 3032 5788 vobis,
3073 5721 3170 5794 qui
3199 5725 3383 5780 credit
3424 5727 3490 5782 in
3539 5747 3668 5804 me,
3701 5752 3864 5808 opera

2196 5827 2324 5882 quae
2349 5828 2455 5883 ego
2480 5811 2642 5882 facio,
2662 5815 2718 5866 et
2742 5812 2858 5883 ipse
2876 5813 3062 5883 faciet,
3088 5819 3146 5872 et
3170 5817 3394 5888 majora
3419 5821 3647 5882 horum
3673 5829 3854 5894 faciet;

2197 5931 2385 6000 garin
2403 5929 2698 5998 fecundam
2709 5947 2727 5997 ;
2750 5928 2832 5984 vel
2857 5945 2870 5983 :
2891 5931 3130 5986 Ecclesia
3147 5937 3477 6003 margaritis
3493 5941 3853 6010 fecundatur.
