3970 6408
121 455 235 506 5ϋῦ

787 456 1391 514 δᾹΟΡιΛΜΕΝΓΑΚΙιΪΜ
1430 459 1810 514 (λλιιιιιωλι.

1919 488 1982 498 --
2025 461 2190 516 LECT
2194 461 2302 515 1οΝ
2311 460 2388 514 ES
2431 460 2897 516 DUMIMCALES.

3416 463 3514 516 {itit}

123 561 188 612 et
205 553 634 630 quodcumque
653 558 1003 630 petieritisin
1026 563 1259 618 nomine
1275 581 1423 630 meo,
1441 565 1546 620 hoc
1561 565 1785 634 faciam,
1812 582 1869 656 Α
1890 565 1967 622 ill.
1990 583 2161 639 quem
2185 567 2244 622 in
2272 568 2379 622 hoc
2399 566 2602 622 saeculo
2629 571 3086 623 commorantem
3109 565 3282 623 sacris
3306 583 3508 623 mune-

121 653 190 705 ut
214 651 587 723 gloriﬁcatur
600 653 770 708 Pater
788 654 846 708 in
863 655 1023 710 Filio.
1048 657 1107 711 Si
1122 657 1354 728 diligitis
1370 675 1483 725 me,
1505 659 1784 714 mandata

119 761 268 799 mea
297 748 547 800 servate.
579 745 690 810 Qui
720 748 880 802 audit
909 749 1185 805 mandata
1207 767 1358 818 mea,
1392 756 1450 805 et
1477 756 1663 806 servat
1692 769 1785 820 ea,

120 838 226 892 ille
245 842 343 892 est
360 838 459 910 qui
486 838 679 910 diligit
696 855 816 895 me:
842 841 938 912 qui
956 846 1149 896 autem
1170 844 1355 914 diligit
1376 861 1491 911 me,
1513 845 1785 915 diligetur

122 947 157 984 a
184 933 370 985 Patre
396 947 552 999 meo,
577 935 636 987 et
667 949 775 1004 ego
805 933 1043 1005 diligam
1075 952 1227 1004 eum,
1257 941 1313 991 et
1338 937 1721 992 manifestabo
1740 937 1791 992 ei

129 1040 234 1079 me
273 1041 494 1096 Ipsum.

454 1128 581 1167 ITEK
613 1128 763 1168 HISSA
797 1129 1105 1169 COTTIDIANA
1140 1131 1488 1171 ῡοιιιΝιοΑωε.

208 1187 376 1242 Deus
412 1189 509 1260 qui
551 1189 922 1260 diligentibus
952 1194 1007 1244 te
1044 1191 1197 1245 bona
1236 1192 1541 1247 invisibilia
1568 1209 1788 1264 praepa-

128 1281 310 1348 rasti,
339 1281 586 1338 infunde
627 1283 686 1337 in
730 1283 995 1338 cordibus
1028 1284 1235 1339 nostris
1268 1285 1350 1339 tui
1378 1286 1592 1340 amoris
1623 1287 1789 1342 effec-

129 1381 294 1442 tum,
330 1379 396 1430 ut
423 1378 481 1430 te
511 1376 572 1430 in
611 1377 879 1431 omnibus
919 1381 977 1431 et
1015 1394 1186 1448 super
1229 1379 1423 1434 omnia
1466 1379 1791 1451 diligentes,

135 1468 574 1539 promissiones
606 1472 732 1525 tuas
763 1486 889 1541 quae
919 1486 1090 1525 omne
1131 1470 1480 1526 desiderium
1521 1475 1794 1544 superant

136 1577 608 1633 consequamur.

864 1632 1077 1681 Secreta

214 1703 489 1774 Respice,
521 1703 784 1769 Domine,
809 1720 1158 1775 quaesumus,
1182 1704 1570 1760 adﬂictionem
1599 1707 1792 1777 populi

135 1796 262 1862 tui;
297 1800 358 1850 et
386 1813 530 1867 quos
549 1796 772 1866 justitia
804 1797 1058 1867 corripis,
1090 1798 1480 1853 misericordia
1512 1798 1793 1854 consolari

137 1889 425 1960 dignare,
451 1891 510 1942 ut
536 1893 592 1942 te
617 1889 852 1944 custode
879 1890 1105 1957 servati,
1137 1890 1207 1946 ab
1239 1891 1506 1945 omnibus
1531 1891 1794 1964 periculis

137 1983 328 2054 hujus
359 1982 487 2035 vita:
520 1981 852 2036 liberemur.

811 2073 1145 2123 Contestatio.

215 2147 370 2200 Vere
399 2145 642 2216 dignum
663 2147 719 2198 et
741 2145 961 2215 justum
985 2149 1067 2199 est
1095 2145 1463 2217 omnipotens
1495 2149 1661 2216 Deus,
1686 2149 1794 2202 cle-

141 2256 325 2294 mens
358 2241 417 2292 et
451 2237 797 2305 misericors,
834 2238 930 2309 qui
961 2239 1202 2309 januam
1244 2240 1506 2293 ﬁdelibus
1543 2241 1654 2295 tuis
1699 2257 1801 2312 per

142 2331 415 2387 studium
437 2331 612 2402 pacis,
634 2335 690 2385 et
709 2331 959 2386 caritatis
977 2332 1299 2385 munimine
1322 2336 1519 2402 patere
1537 2334 1796 2400 voluisti;

143 2425 382 2497 respice
430 2424 488 2478 in
536 2423 719 2490 nobis,
760 2426 818 2477 et
860 2424 1137 2478 miserere
1189 2425 1367 2478 nostri
1404 2427 1569 2495 Deus,
1605 2427 1703 2497 qui
1728 2427 1801 2481 ad

147 2523 446 2573 aeternam
471 2516 647 2570 vitam
667 2516 726 2569 in
747 2516 952 2570 Christi
981 2516 1397 2571 resurrectione
1423 2534 1526 2572 nos
1546 2535 1797 2590 reparas.

145 2610 394 2666 Custodi
417 2627 595 2681 opera
609 2608 1016 2663 misericordia)
1035 2613 1173 2676 tuae;
1197 2613 1258 2663 ut
1278 2627 1407 2664 cum
1425 2611 1485 2666 in
1500 2612 1801 2683 majestate

147 2721 259 2758 sua
278 2702 626 2774 Unigenitus
645 2705 773 2756 tuus
792 2702 1109 2770 advenerit,
1129 2701 1202 2756 ad
1219 2703 1665 2759 immortalitatis
1687 2706 1804 2776 glo-

148 2798 311 2852 riam
336 2812 712 2868 resurgamus
737 2812 842 2867 per
866 2795 1153 2850 Christum
1176 2796 1511 2852 Dominum.
1539 2797 1798 2855 Smcrus.

432 2909 678 2948 LEGENDA
717 2909 772 2948 ΙΝ
811 2908 1154 2948 DEPOSITIONE
1193 2909 1540 2950 SACERDOTIS.

501 2971 732 3034 Epistola
765 2971 908 3020 Pauli
941 2972 1160 3034 apostoli
1195 2973 1257 3022 ad
1287 2974 1472 3022 Titum.

230 3046 484 3109 Fratres,
510 3043 582 3097 de
601 3043 1020 3097 dormientibus
1045 3045 1072 3084 b
1101 3044 1368 3098 nolumus
1385 3061 1483 3099 vos
1504 3043 1798 3115 ignorare,

153 3142 220 3192 ut
252 3154 375 3192 non
403 3135 826 3192 contristemini
863 3135 1004 3190 sicut
1033 3137 1206 3190 ceteri
1235 3137 1331 3207 qui
1361 3154 1521 3208 spem
1551 3154 1667 3192 non
1699 3138 1800 3192 ha-

150 3233 325 3285 bent.
360 3229 419 3284 Si
451 3228 608 3283 enim
638 3228 924 3282 credimus
953 3229 1106 3299 quod
1133 3231 1292 3284 Jesus
1327 3233 1590 3284 mortuus
1615 3232 1718 3296 est,
1748 3233 1805 3283 et

153 3322 498 3388 resurrexit,
523 3322 602 3376 ita
631 3325 690 3375 et
711 3323 862 3375 Deus
884 3338 982 3375 eos
999 3321 1096 3392 qui
1115 3321 1475 3376 dormierunt
1493 3340 1598 3394 per
1611 3325 1637 3378 J
1643 3340 1804 3377 esum
1824 3305 1878 3378 Ο

153 3417 416 3472 adducet
439 3431 572 3469 cum
607 3431 694 3469 eo.
729 3415 843 3469 Hoc
873 3415 1030 3468 enim
1065 3415 1224 3468 vobis
1262 3415 1502 3468 dicimus
1543 3415 1601 3469 in
1631 3416 1803 3470 verbo

156 3492 429 3575 Domini,
453 3507 591 3578 quia
616 3523 721 3562 nos
751 3507 847 3577 qui
877 3506 1134 3573 vivimus,
1167 3507 1263 3577 qui
1286 3507 1495 3561 residui
1527 3525 1720 3561 sumus
1745 3508 1804 3562 in

153 3603 486 3658 adventum
533 3600 786 3666 Domini,
819 3616 936 3654 non
977 3600 1393 3670 praeveniemus
1419 3617 1516 3655 eos
1548 3601 1645 3671 qui
1673 3601 1802 3655 dor-

151 3696 441 3751 mierunt.
473 3693 761 3758 Quoniam
780 3692 900 3763 ipse
920 3691 1194 3747 Dominus
1212 3693 1268 3746 in
1285 3693 1448 3763 jussu
1476 3696 1533 3747 et
1559 3710 1693 3748 voce
1723 3709 1808 3747 ar-

155 3785 458 3857 changeli,
485 3788 544 3839 et
573 3785 630 3839 in
663 3785 801 3839 tuba
837 3784 936 3838 Dei
959 3784 1270 3839 descendet
1287 3785 1357 3838 de
1380 3786 1537 3851 caelo,
1567 3789 1624 3838 et
1651 3801 1805 3840 mor-

155 3880 245 3935 tui
276 3878 379 3950 qui
406 3877 465 3931 in
495 3877 718 3932 Christo
750 3879 884 3930 sunt
907 3879 1213 3947 resurgent
1237 3876 1428 3947 primi.
1457 3876 1673 3932 Deinde
1705 3894 1808 3932 nos

158 3972 265 4046 qui
298 3970 564 4036 vivimus,
599 3969 696 4040 qui
722 3970 1137 4040 relinquemur,
1172 3956 1338 4023 simul
1365 3969 1661 4040 rapiemur
1679 3987 1809 4025 cum

157 4065 277 4121 illis
297 4063 359 4118 in
393 4062 642 4116 nubibus
673 4061 902 4116 obviam
934 4060 1180 4116 Domino
1203 4061 1262 4115 in
1291 4077 1445 4129 aera,
1477 4065 1534 4116 et
1560 4061 1637 4116 sic
1659 4079 1805 4117 sem-
1828 4042 1841 4054 ⁸

160 4174 274 4230 per
300 4171 435 4211 cum
460 4154 708 4209 Domino
741 4153 978 4208 erimus.

329 4246 506 4297 Lectio
540 4245 706 4296 sancti
733 4245 1000 4310 Evangelii
1031 4243 1316 4295 secundum
1344 4246 1654 4297 Iohannem.

240 4319 394 4374 Dixit
422 4319 698 4374 Dominus
723 4319 882 4372 Jesus
909 4317 982 4373 ad
1013 4317 1207 4371 turbas
1236 4334 1248 4371 :
1279 4319 1464 4372 Amen
1493 4335 1662 4372 amen
1685 4317 1811 4372 dico

161 4412 352 4478 vobis,
386 4411 521 4482 quia
543 4410 644 4481 qui
667 4411 906 4465 verbum
933 4427 1133 4464 meum
1154 4409 1332 4477 audit,
1358 4413 1416 4463 et
1435 4410 1618 4465 credit
1639 4410 1688 4464 ei
1717 4410 1812 4482 qui

165 4505 334 4563 misit
358 4521 474 4571 me,
508 4503 686 4558 habet
711 4503 887 4557 vitam
913 4507 1212 4569 azternam,
1237 4505 1294 4556 et
1314 4502 1370 4556 in
1386 4502 1669 4573 judicium
1696 4519 1813 4558 non

163 4599 350 4665 venit,
374 4597 476 4652 sed
502 4596 709 4650 transit
729 4614 762 4650 a
782 4600 967 4650 morte
989 4596 1049 4650 in
1068 4595 1265 4650 vitam.
1287 4597 1474 4650 Amen
1496 4612 1665 4650 amen
1688 4595 1812 4650 dico

162 4692 336 4748 vobis
365 4690 504 4762 quia
529 4689 687 4743 venit
711 4689 875 4756 hora,
918 4693 976 4742 et
1009 4705 1161 4742 nunc
1202 4691 1306 4755 est,
1341 4688 1574 4759 quando
1604 4663 1892 4742 mortuiD

165 4785 415 4842 audient
457 4799 658 4836 vocem
701 4781 822 4836 Filii
867 4780 988 4847 Dei,
1029 4785 1087 4834 et
1126 4781 1223 4851 qui
1271 4775 1560 4835 audierint
1604 4781 1813 4836 vivent.

163 4879 333 4934 Sicut
357 4876 516 4930 enim
539 4877 705 4929 Pater
725 4874 902 4928 habet
922 4873 1096 4928 vitam
1119 4873 1177 4927 in
1200 4874 1530 4944 semetipso,
1554 4874 1632 4928 sic
1657 4874 1819 4929 dedit

169 4976 234 5026 et
270 4969 411 5024 Filio
452 4968 668 5022 habere
710 4967 886 5021 vitam
923 4967 982 5020 in
1024 4967 1353 5037 semetipso,
1385 4969 1442 5020 et
1470 4970 1816 5038 potestatem

171 5062 342 5120 dedit
386 5061 438 5115 ei
471 5060 755 5130 judicium
797 5060 1007 5125 facere,
1055 5058 1188 5129 quia
1223 5059 1393 5113 Filius
1425 5059 1675 5114 hominis
1712 5063 1815 5116 est.

171 5156 363 5213 Nolite
385 5153 588 5248 mirw'
613 5153 742 5219 hoc,
769 5151 903 5223 quia
921 5153 1078 5205 venit
1098 5153 1261 5220 hora,
1285 5152 1343 5205 in
1367 5169 1477 5224 qua
1500 5169 1700 5206 omnes
1723 5153 1819 5224 qui

169 5252 235 5306 in
275 5245 674 5302 monumentis
704 5249 856 5312 sunt,
899 5245 1138 5298 audient
1165 5261 1364 5299 vocem
1401 5245 1556 5315 ejus;
1600 5249 1657 5299 et
1685 5263 1816 5316 pro-

172 5342 391 5399 cedent
427 5340 525 5411 qui
565 5341 720 5394 bona
756 5339 1017 5393 fecerunt
1050 5337 1108 5391 in
1151 5337 1633 5392 resurrectionem
1669 5339 1818 5407 vitta,

172 5435 277 5508 qui
306 5449 444 5487 vero
473 5434 628 5486 mala
661 5433 980 5502 gesserunt,
1009 5430 1066 5484 in
1094 5431 1574 5485 resurrectionem
1597 5431 1817 5502 judicii.

601 5535 753 5574 IISSA
785 5533 1093 5572 SACERDOTIS
1125 5534 1398 5572 DEFUNCTI-

247 5605 1108 5675 Praesta,Domine,quaasumus,
1125 5607 1186 5658 ut
1197 5604 1392 5658 anima
1405 5605 1719 5659 sacerdotis
1735 5605 1819 5659 tui

249 5732 274 5760 ‘
296 5733 429 5786 Haec
450 5728 724 5802 Collectio
740 5727 1067 5783 habetur‘in
1085 5730 1345 5784 Romano
1372 5727 1668 5784 Dominica
1695 5732 1825 5802 post

174 5805 566 5862 Pentecosten
604 5800 824 5869 quinta.
1621 5812 1635 5822 ο

252 5876 280 5916 b
310 5871 666 5942 Augustinus
690 5870 746 5942 in
771 5885 1038 5942 sermone
1071 5873 1168 5924 173
1197 5871 1276 5942 ad,
1303 5871 1577 5941 populum
1603 5869 1699 5934 ait,
1721 5888 1823 5942 nos

180 5939 586 6004 debere'hanc
623 5940 927 5996 lectionem
956 5939 1015 5996 in
1042 5944 1236 5996 mente
1266 5939 1497 6012 habere,
1525 5963 1551 5992 «ς
1591 5941 1821 6018 quando

1892 660 2046 717 ribus
2066 660 2372 728 eoronasti,
2387 661 2594 714 caelesti
2613 661 2748 717 sede
2767 661 3014 732 gloriosa
3029 676 3259 732 semper
3280 662 3509 718 exultet.

2573 759 2840 810 Collectio.

1962 841 2108 894 Deus
2135 839 2231 911 qui
2256 839 2654 895 conﬁtentium
2691 842 2748 893 te
2790 838 2976 910 portio
3004 855 3064 894 es
3089 838 3514 907 defunctorum,

1891 949 2089 1004 preces
2113 937 2334 988 nostras
2358 951 2498 1005 quas
2519 933 2578 988 in
2607 931 2916 988 sacerdotis
2942 932 3026 986 tui
3050 932 3127 986 ill.
3160 932 3516 1004 depositione

1894 1026 2508 1099 deferimus,pr0pitius
2535 1025 2737 1082 exaudi
2764 1043 2776 1093 ;
2805 1029 2868 1080 ut
2897 1025 2997 1096 qui
3022 1024 3245 1081 nomini
3276 1028 3372 1081 tuo
3404 1025 3514 1081 mi-

1894 1119 2192 1174 nisterium
2207 1120 2374 1175 ﬁdele
2389 1120 2680 1193 dependit,
2696 1121 2974 1193 perpetua
2986 1118 3329 1176 Sanctorum
3347 1119 3519 1176 socie-

1894 1215 2009 1267 tate
2044 1213 2288 1268 laztetur.

2510 1282 2629 1332 Post
2654 1281 2885 1332 nomina.

1965 1363 2112 1418 Deus
2125 1363 2220 1436 qui
2233 1363 2627 1418 universorum
2644 1367 2866 1418 creator
2879 1363 3433 1430 etconditores,cum
3448 1366 3522 1419 sis

1895 1459 2126 1510 tuorum
2140 1457 2435 1510 beatitudo
2451 1474 2509 1510 sa
2519 1460 3009 1526 nctorum,prsesta
3022 1456 3185 1510 nobis
3199 1458 3524 1526 petentibus

1892 1552 1955 1603 ut
1982 1548 2400 1620 depositionem
2450 1550 2756 1604 sacerdotis
2797 1549 2877 1602 tui
2914 1552 2971 1603 et
3005 1549 3256 1619 corporis
3287 1550 3522 1604 nexibus

1894 1646 2215 1700 absolutum
2234 1646 2292 1700 in
2321 1647 2507 1718 prima
2533 1647 2948 1701 resurrectione
2971 1646 3144 1701 facias
3165 1647 3517 1716 praesentari.

2379 1814 2382 1817 ι
2540 1744 2872 1794 Contestatio.

1965 1825 2103 1877 Vere
2153 1824 2391 1894 dignum
2429 1827 2485 1878 et
2517 1825 2734 1894 justum
2777 1828 2878 1890 est,
2921 1823 3323 1893 mysteriorum
3364 1825 3521 1878 caele-

1897 1916 2067 1970 stium
2102 1919 2465 1970 consecrator
2483 1919 2697 1969 mterne
2725 1917 2889 1981 Deus,
2910 1919 3097 1970 custos
3121 1916 3401 1982 Ecclesiae,
3431 1933 3517 1970 sa-

1899 2009 2194 2063 cerdotum
2234 2009 2424 2077 decus,
2455 2011 2512 2062 et
2552 2010 2670 2062 laus
2700 2008 2956 2062 omnium
2986 2011 3138 2062 certa
3164 2009 3519 2078 pontiﬁcum,

1900 2101 2280 2155 eminentiam
2300 2101 2609 2170 Majestatis
2638 2103 2770 2167 tuae,
2794 2087 3074 2154 excelsum
3103 2117 3315 2154 nomen
3337 2116 3524 2166 orare,

1900 2196 1961 2247 ut
2007 2195 2128 2248 haec
2173 2210 2331 2248 sacra
2371 2193 2663 2264 mysteria,
2694 2209 2821 2264 qua:
2859 2195 2973 2247 tuae
3008 2192 3204 2263 pietati
3235 2190 3526 2247 offerimus

1901 2303 2002 2356 pro
2029 2286 2224 2341 anima
2257 2290 2313 2340 et
2347 2285 2548 2356 spiritu
2578 2285 2889 2339 sacerdotis
2920 2285 2999 2339 tui
3035 2286 3134 2352 ill.,
3168 2286 3325 2355 cujus
3355 2284 3527 2339 hodie

1901 2379 2318 2450 depositionem
2346 2378 2720 2444 celebramus,
2749 2377 2902 2432 inter
2926 2381 3254 2432 sanctorum
3292 2392 3523 2432 consor-

1902 2471 2044 2526 tium
2090 2471 2149 2525 in
2192 2471 2324 2526 libri
2363 2471 2490 2525 vitae
2531 2471 2736 2540 jubeas
2777 2470 3052 2541 paginam
3101 2470 3389 2536 intimare,
3424 2486 3528 2541 per

1901 2565 2187 2620 Christum
2211 2563 2518 2620 Dominum
2549 2566 2830 2618 nostrum.
2860 2562 2983 2618 Cui.

2322 2687 2610 2728 LECTIONES
2648 2687 2753 2726 PRO
2791 2686 3104 2727 DEFUNCTIS.

2188 2759 2418 2824 Epistola
2443 2759 2583 2809 Pauli
2607 2759 2825 2822 apostoli
2853 2759 2920 2808 ad
2952 2761 3226 2808 Romanos.

1972 2842 2214 2909 Fratres,
2235 2858 2406 2896 nemo
2432 2845 2684 2896 vestrum
2707 2839 2813 2894 sibi
2837 2840 2990 2907 vivit,
3007 2843 3064 2894 et
3084 2856 3254 2895 nemo
3283 2839 3388 2894 sibi
3409 2856 3529 2896 mo-

1902 2934 2062 2988 ritur.
2079 2934 2384 2992 Sive.enim
2403 2934 2660 3002 vivimus,
2675 2932 2922 2988 Domino
2948 2933 3208 3002 vivimus;
3223 2933 3336 2987 sive
3358 2934 3528 2988 mori-

1903 3044 2052 3095 mur,
2066 3027 2310 3082 Domino
2327 3027 2628 3082 morimur.
2645 3027 2770 3082 Sive
2788 3026 2944 3080 enim
2956 3025 3214 3092 vivimus,
3231 3025 3343 3080 sive
3359 3027 3530 3081 mori-

1902 3121 2289 3186 mur,Domini
2303 3137 2518 3174 sumus.
2534 3122 2593 3174 In
2614 3121 2721 3174 hoc
2735 3120 2891 3174 enim
2905 3118 3156 3175 Christus
3177 3121 3436 3173 mortuus
3449 3122 3536 3173 est

1904 3217 1961 3267 et
1975 3213 2300 3281 resurrexit,
2319 3218 2378 3267 ut
2390 3217 2820 3268 etmortuorum
2838 3216 2895 3266 et
2909 3212 3165 3266 vivorum
3181 3211 3526 3267 dominetur.

2059 3309 2230 3360 Lectio
2259 3309 2422 3360 sancti
2451 3309 2718 3374 Evangelii
2754 3309 3043 3358 secundum
3067 3309 3375 3358 Johannem.

1974 3393 2034 3444 In
2074 3389 2170 3444 illo
2211 3393 2495 3461 tempore,
2532 3391 2806 3445 Dominus
2847 3393 3042 3443 noster
3077 3391 3236 3443 Jesus
3276 3388 3528 3444 Christus

1905 3483 2248 3554 loquebatur
2283 3482 2569 3554 discipolis
2604 3483 2719 3537 suis
2744 3482 2939 3536 dicens
2967 3498 2979 3536 :
3005 3483 3133 3535 Haec
3162 3485 3245 3534 est
3272 3482 3534 3536 voluntas

1905 3581 2026 3650 ejus
2045 3581 2144 3651 qui
2157 3580 2416 3634 misitme
2431 3580 2700 3646 Patris,ut
2713 3595 2885 3633 omne
2900 3577 3050 3648 quod
3064 3577 3219 3632 dedit
3232 3577 3395 3643 mihi,
3417 3595 3533 3633 non

1908 3673 2152 3744 perdam
2174 3691 2241 3728 ex
2264 3690 2352 3740 eo,
2377 3673 2475 3726 sed
2500 3672 2831 3726 resuscitem
2854 3670 2995 3724 illud
3025 3670 3084 3723 in
3111 3669 3420 3725 novissimo
3443 3669 3537 3725 die

1907 3768 2035 3821 Haec
2075 3770 2160 3821 est
2187 3767 2343 3821 enim
2370 3767 2632 3820 voluntas
2661 3763 2841 3819 Patris
2875 3762 2991 3817 mei
3019 3763 3117 3834 qui
3145 3762 3302 3817 misit
3326 3779 3441 3829 me,
3475 3766 3537 3818 ut

1908 3859 2093 3914 omnis
2118 3860 2213 3932 qui
2240 3859 2392 3914 videt
2414 3859 2634 3925 Filium,
2655 3860 2712 3912 et
2731 3857 2914 3912 credit
2939 3857 2997 3910 in
3025 3872 3180 3923 eum,
3208 3855 3424 3910 habeat
3446 3855 3527 3909 vi-
3597 3873 3602 3877 υ

1909 3956 2028 4009 tam
2053 3957 2348 4009 teternam.
2371 3954 2439 4007 Et
2466 3951 2814 4006 resuscitabo
2837 3967 2969 4004 eum
3000 3950 3058 4004 in
3086 3949 3389 4005 novissimo
3419 3947 3533 4005 die.

2418 4062 2571 4100 MISSA
2603 4061 2701 4101 PRO
2735 4059 3032 4098 DEFUNCTIS.

1980 4131 2450 4202 Omnipotentem
2467 4129 2792 4196 Dominum,
2809 4129 3014 4183 fratres
3027 4126 3536 4198 carissimi,depre-

1911 4241 2128 4292 cemur,
2158 4227 2220 4278 ut
2245 4224 2502 4278 animam
2532 4223 2728 4278 famoli
2755 4222 2840 4276 tui
2868 4222 2946 4275 ill.
2983 4238 3158 4292 quam
3185 4221 3255 4275 de
3285 4218 3539 4290 corporis

1912 4333 2138 4373 carcere
2167 4318 2488 4371 absolutam
2516 4316 2574 4370 in
2605 4315 2743 4370 illud
2765 4313 3200 4385 sempiternum,
3221 4316 3278 4367 et
3302 4312 3537 4366 inviola-

1913 4415 2025 4469 bile
2055 4415 2324 4468 saeculum
2347 4414 2597 4483 migrare
2623 4410 2961 4483 praecepisti,
2991 4411 3050 4464 in
3082 4410 3324 4463 Abrahae
3355 4409 3543 4462 sinum

1914 4524 2046 4561 eum
2080 4505 2333 4577 digneris
2365 4506 2644 4576 excipere,
2671 4507 2728 4557 et
2749 4503 2807 4557 in
2828 4502 3115 4557 consortio
3131 4501 3333 4573 primae
3352 4516 3540 4555 resur-

1916 4599 2184 4654 rectionis
2214 4598 2485 4652 suscitare
2509 4598 2732 4668 jubeas.

2592 4688 2860 4738 Collectio.

1988 4776 2228 4832 nomine
2277 4775 2524 4830 salvator
2567 4777 2781 4844 noster,
2821 4773 2917 4846 qui
2962 4772 3032 4826 de
3073 4770 3336 4826 ﬂuctibus
3377 4771 3546 4842 hujus

1919 4871 2110 4926 saeculi
2132 4870 2418 4924 bonorum
2456 4867 2677 4922 animas
2704 4867 2988 4938 suscipere
3015 4865 3284 4936 dignatus
3311 4881 3390 4931 es,
3419 4863 3545 4918 ani-

1918 4981 2074 5019 mam
2113 4979 2339 5034 quoque
2382 4961 2579 5015 famoli
2618 4961 2699 5015 tui
2733 4960 2810 5015 ill.
2849 4959 3149 5014 adsumere
3187 4957 3459 5027 digneris,
3487 4959 3548 5011 ut

1921 5074 2052 5112 eum
2069 5057 2140 5111 ad
2155 5059 2385 5127 portum
2401 5058 2631 5108 aeternae
2646 5053 2851 5125 quietis
2869 5052 3226 5118 admittas,ut
3237 5049 3552 5104 caelestibus

1920 5151 2143 5205 fruatur
2163 5149 2329 5203 bonis
2351 5150 2408 5203 et
2429 5147 2680 5219 gaudeat
2699 5165 2758 5201 se
2780 5146 2948 5200 malis
2965 5144 3207 5199 evasisse
3223 5142 3546 5198 tormentis.

2550 5247 2674 5294 Post
2703 5243 2932 5294 nomina.

1993 5329 2283 5398 Rogamus
2325 5325 2520 5392 etiam,
2562 5324 2823 5390 Domine,
2855 5340 2959 5394 pro
3000 5321 3197 5377 anima
3237 5321 3434 5378 famoli
3471 5321 3556 5376 tui

1922 5421 2001 5476 ill.
2023 5437 2196 5492 quam
2216 5420 2274 5473 in
2293 5436 2432 5490 pace
2457 5418 2748 5473 dominica
2772 5417 3074 5472 adsumere
3093 5416 3362 5487 dignatus
3383 5431 3471 5481 es;
3493 5417 3557 5468 ut

1923 5515 2113 5568 locum
2157 5511 2442 5582 refrigerii
2490 5514 2700 5578 teneat,
2745 5510 2874 5564 vitae
2917 5509 3125 5564 merita
3171 5509 3557 5580 consequatur

1924 5609 2160 5672 aeterna,
2190 5605 2381 5677 ibique
2421 5620 2554 5659 eum
2588 5607 2836 5659 statuere
2876 5603 3150 5674 digneris,
3179 5600 3274 5656 ubi
3307 5603 3391 5654 est
3431 5613 3551 5651 om-

1923 5729 2282 5785 celebramus
2313 5730 2435 5784 dies
2463 5731 2704 5784 fratrum
2747 5729 3169 5800 defunctorum.
3204 5748 3230 5800 ξ)
3265 5722 3550 5800 Quantum

1923 5817 2056 5854 vero
2077 5801 2360 5854 defunctis
2375 5801 2555 5872 prosit
2567 5799 3091 5868 sacrificium,idem
3114 5797 3351 5851 testatur
3368 5797 3423 5843 in
3441 5803 3552 5839 ser-

1925 5887 2097 5926 mone
2135 5872 2519 5942 praecedente.
