3994 6402
107 451 200 502 569

643 446 1250 502 SACRAMENTARIUM
1286 448 1728 505 GALLICANUM.
1771 478 1836 489 -—-
1878 447 2401 505 BENEDICTIUNES
2439 448 2521 506 ΕΤ
2559 440 2932 503 EXORCISMI.

3353 441 3456 505 570

105 553 262 622 ravit,
280 554 342 610 et
360 549 422 608 in
446 555 701 626 quatuor
717 552 1049 611 ﬂuminibus
1069 554 1320 628 dividere
1341 555 1607 628 dignatus
1627 559 1730 624 est,
1755 568 1813 644 Α
1833 555 2009 612 cretio
2039 572 2292 624 sexuum,
2327 572 2432 611 nec
2462 555 2577 611 ulla
2607 558 2932 610 sanctarum
2959 551 3303 626 disparilitas
3327 551 3452 611 anl-

107 651 163 704 ut
183 647 544 719 ubicumque
564 651 762 719 potata
780 650 866 702 vel
887 665 1118 720 asparsa
1135 649 1328 716 fueris,
1353 650 1654 721 eﬁ'ugetur,
1679 653 1737 705 et

107 743 468 814 expugnetur
491 741 762 796 inimicus
793 746 850 797 et
880 742 1068 796 omnis
1094 743 1414 814 putredinis
1439 744 1538 811 vis,
1573 748 1634 799 ut
1661 743 1736 799 sis

107 838 328 910 proprie
363 839 487 894 Deo
513 839 722 895 dicata.

671 917 969 968 Benedictio
1017 930 1180 982 aqua).

171 991 318 1046 Deus
349 989 450 1061 qui
485 989 562 1044 ad
589 991 833 1044 salutem
862 990 1088 1060 generis
1118 990 1354 1046 humani
1386 991 1632 1046 maxima
1654 1009 1736 1046 sa-

107 1086 398 1139 cramenta
419 1082 482 1137 in
505 1099 792 1154 aquarum
812 1082 1129 1138 substantia
1151 1083 1374 1151 dedisti,
1394 1085 1590 1139 adesto
1611 1103 1736 1156 sup-

107 1176 507 1249 plicationibus
539 1177 769 1245 nostris,
804 1180 861 1232 et
895 1178 1182 1232 elemento
1217 1177 1347 1232 huic
1382 1178 1736 1233 multimodis

108 1270 609 1343 puriﬁcacionibus
641 1273 966 1342 praeparato
998 1270 1216 1324 virtutis
1241 1274 1352 1324 tua;
1381 1271 1736 1327 benedictio-

109 1381 234 1419 nem
272 1363 555 1430 infunde;
597 1366 659 1418 ut
703 1364 825 1418 hinc
861 1368 1124 1418 creatura
1150 1363 1436 1435 mysteriis
1467 1364 1577 1418 tuis
1615 1381 1733 1420 ser-

107 1458 274 1525 viens,
308 1456 383 1512 ad
428 1457 788 1528 ablegandos
825 1457 1118 1512 daemones
1160 1457 1507 1528 morbosque
1544 1459 1733 1529 repel-

110 1551 299 1605 lendos
321 1549 534 1604 divinae
557 1549 759 1620 gratias
780 1553 970 1604 sumat
989 1549 1283 1617 effectum;
1309 1553 1366 1604 et
1387 1549 1656 1622 quicquid
1676 1550 1734 1604 in

109 1642 362 1698 domibus
401 1643 669 1697 ﬁdelium
705 1643 826 1697 haec
863 1643 1020 1696 unda
1058 1643 1384 1714 asparserit,
1423 1647 1616 1698 careat
1645 1643 1732 1698 in-

109 1736 403 1802 munditia,
433 1735 718 1791 liberetur
743 1754 776 1790 a
803 1737 972 1790 noxia
1003 1753 1015 1790 :
1048 1753 1164 1790 non
1195 1736 1308 1790 illic
1342 1737 1592 1791 resideat
1621 1738 1731 1807 spi-

107 1830 237 1882 ritus
282 1829 585 1900 pestilens,
634 1846 749 1883 non
793 1846 932 1884 aura
969 1846 1381 1900 corrumpens;
1424 1830 1738 1884 abscedant

107 1939 296 1977 omnes
318 1924 570 1976 latentes
591 1921 814 1976 insidiae
845 1922 1085 1989 inimici,
1117 1939 1432 1994 omnesque
1455 1922 1811 2010 inquietu—B

108 2015 258 2068 dines
287 2016 488 2085 procul
519 2014 824 2084 aufugiant
856 2031 868 2068 :
901 2019 956 2068 et
987 2014 1030 2068 si
1063 2014 1201 2085 quid
1232 2019 1315 2068 est
1343 2015 1497 2086 quod
1529 2004 1760 2070 incolo-I

109 2107 280 2162 mitati
313 2107 708 2162 habitantium
741 2107 998 2162 invideat
1027 2110 1124 2161 aut
1153 2108 1340 2174 saluti,
1369 2107 1737 2178 adsparsione

107 2217 258 2270 aqua;
276 2200 446 2270 hujus
468 2199 766 2266 abscedat,
792 2203 851 2254 ut
873 2200 1177 2254 salubritas
1195 2217 1299 2271 per
1316 2200 1738 2256 invocationem

109 2293 273 2348 sancti
299 2293 559 2348 nominis
584 2296 927 2362 permaneat
955 2293 1376 2365 inpugnatione
1407 2294 1662 2349 defensa.

562 2371 860 2421 Benedictio
892 2372 1013 2421 salis
1045 2377 1098 2422 et
1123 2386 1284 2436 aqum.

175 2445 414 2501 Domine
442 2446 601 2500 Deus
627 2443 1015 2515 omnipotens,
1034 2443 1324 2498 institutor
1344 2443 1603 2498 omnium
1626 2446 1735 2498 ele-

113 2542 447 2606 mentorum,
461 2542 520 2594 te
533 2555 644 2610 per
653 2538 962 2594 Dominum
974 2539 1268 2592 nostrumJ
1275 2554 1436 2592 esum
1449 2538 1735 2593 Christum

114 2632 300 2688 Filium
325 2635 494 2688 tuum
538 2631 824 2703 supplices
858 2647 1178 2698 exoramus,
1211 2633 1274 2684 ut
1307 2631 1410 2684 has
1448 2634 1737 2685 creaturas

114 2725 232 2780 salis
255 2729 312 2780 et
335 2743 506 2796 aqua),
535 2725 886 2780 benedicere
911 2727 969 2778 et
989 2724 1344 2778 sanctiﬁcare
1369 2723 1650 2794 digneris;
1672 2726 1738 2777 ut

113 2818 444 2890 ubicumque
478 2834 732 2890 asparsse
759 2817 994 2883 fuerint,
1023 2816 1211 2872 omnis
1238 2815 1467 2887 spiritus
1501 2816 1735 2870 inmun-

116 2911 208 2964 dus
230 2911 298 2966 ab
320 2928 388 2966 eo
418 2913 547 2966 loco
576 2911 848 2965 confusus
869 2909 1140 2964 abscedat
1160 2913 1331 2980 atque
1352 2909 1601 2975 recedat,
1631 2925 1735 2963 nec

114 3003 333 3058 ulterius
354 3005 410 3059 in
440 3022 511 3060 eo
541 3005 672 3058 loco
700 3003 1096 3058 commorandi
1119 3003 1330 3056 habeat
1353 3005 1732 3073 potestatem;

114 3113 206 3167 per
226 3098 494 3152 virtutem
526 3095 762 3152 Domini
793 3095 973 3151 nostri
1003 3098 1134 3150 Jesu
1165 3095 1390 3161 Christi,
1420 3095 1513 3166 qui
1547 3099 1734 3150 tecum

116 3191 249 3246 Deus
264 3193 432 3246 Pater
453 3189 846 3260 omnipotens,
873 3193 1078 3243 etcum
1099 3187 1312 3258 Spiritu
1335 3190 1530 3242 sancto
1551 3205 1738 3260 requa-

115 3285 171 3338 lis
197 3301 422 3358 semper
448 3284 590 3338 vivit
616 3287 674 3337 et
699 3285 906 3352 regnat
927 3282 984 3336 in
1012 3283 1218 3336 smcula
1243 3282 1600 3335 saeculorum.

667 3377 863 3417 ORATIO
904 3378 960 3416 IN
998 3377 1170 3416 DOMO.

173 3445 430 3511 Benedic,
453 3441 725 3508 Domine,
755 3441 998 3496 domum
1027 3441 1215 3506 istam,
1251 3444 1307 3495 et
1337 3457 1542 3496 omnes
1570 3439 1734 3495 habi-

112 3541 283 3592 tantes
312 3538 369 3592 in
397 3554 467 3591 ea
496 3552 607 3607 per
635 3533 1109 3588 intercessionem
1141 3537 1472 3589 sanctorum
1505 3538 1735 3588 tuorum

114 3626 437 3686 benedicere
459 3631 517 3685 et
534 3627 894 3682 sanctiﬁcare
920 3626 1194 3697 digneris,
1217 3630 1272 3680 et
1289 3627 1454 3682 bonis
1472 3627 1737 3682 omnibus

115 3725 444 3795 ampliﬁcare
475 3740 488 3778 :
522 3721 746 3776 tribuas
778 3720 861 3774 eis
886 3719 958 3774 de
988 3736 1119 3774 rore
1153 3719 1274 3774 caeli
1309 3723 1365 3774 et
1390 3720 1460 3774 de
1490 3720 1733 3791 pingue-

117 3818 235 3872 dine
263 3821 430 3872 terrse
461 3813 862 3870 abundantem
895 3813 1025 3867 vitae
1057 3812 1454 3880 substantiam,
1482 3813 1540 3867 in
1571 3813 1737 3867 bonis

117 3911 364 3965 omnibus
405 3906 761 3964 desiderium
795 3906 869 3960 ad
909 3906 1176 3961 effectum
1205 3923 1319 3962 suae
1352 3906 1736 3962 miserationis

119 4004 392 4073 perducat.
424 4005 537 4058 Per
564 3999 899 4067 Dominum,
934 4003 1042 4054 etc.

394 4099 540 4136 0RDO
578 4097 647 4134 AD
687 4096 1097 4134 CONSECRANDAS
1137 4095 1439 4135 MONACHAS.

180 4167 558 4238 Omnipotens
576 4165 927 4236 sempiterne
946 4164 1115 4230 Deus,
1130 4166 1295 4233 pater
1309 4161 1534 4216 Domini
1558 4161 1736 4216 nostri

116 4261 234 4314 Iesu
263 4260 504 4315 Christi:
535 4263 619 4325 tu,
653 4257 916 4325 Domine,
947 4257 1153 4326 adjuva
1177 4256 1531 4310 voluntatem
1559 4255 1731 4309 ancil-

119 4353 290 4407 larum
307 4355 562 4418 tuarum,
587 4368 715 4423 quae
739 4351 1038 4405 meliorem
1060 4349 1385 4420 portionem
1408 4349 1733 4418 elegerunt;

120 4449 171 4499 et
197 4450 394 4516 praesta
423 4447 508 4500 eis
545 4445 797 4516 gratiam
825 4443 1164 4514 spiritalem,
1198 4443 1260 4494 ut
1293 4440 1499 4507 sobrie,
1531 4441 1735 4512 pudice

117 4538 372 4604 viventes,
387 4539 511 4594 haec
529 4553 762 4608 semper
779 4537 994 4590 faciant
1005 4551 1130 4606 quae
1143 4533 1244 4588 tibi
1260 4537 1393 4588 sunt
1407 4533 1633 4604 placita.
1650 4533 1738 4587 Di-

121 4646 284 4699 gnare
305 4633 501 4700 etiam,
525 4629 792 4699 Domine,
816 4628 1114 4700 lampadas
1131 4643 1331 4681 eorum
1349 4625 1737 4697 inestinguibi—

123 4724 194 4776 les
214 4742 431 4780 servare
453 4741 637 4796 usque
665 4724 723 4778 in
750 4723 960 4789 ﬁnem;
990 4724 1051 4776 ut
1071 4737 1280 4792 sponso
1302 4720 1567 4775 veniente
1597 4721 1739 4774 laeta

123 4833 400 4873 occurrere
427 4817 670 4890 possint,
699 4820 872 4887 atque
900 4831 1082 4886 regna
1106 4815 1354 4868 caelestia
1383 4813 1597 4868 intrare
1622 4829 1634 4868 :
1659 4813 1740 4866 in-

122 4911 276 4964 clusae
303 4913 514 4983 gratias
553 4910 659 4965 tibi
689 4910 944 4964 referant
974 4908 1031 4962 in
1072 4907 1310 4977 regione
1340 4907 1594 4961 vivorum
1631 4906 1739 4960 hoc

123 5001 334 5073 signum
361 5005 484 5060 Filii
510 5004 596 5059 tui
621 5003 944 5073 bajulantes
963 5001 1001 5064 σι-
1021 5001 1116 5072 qui
1143 5000 1277 5055 vivit
1303 5003 1360 5054 et
1379 5002 1604 5070 regnat,
1629 5001 1734 5053 etc.

565 5101 635 5138 ΔΙ)
674 5099 960 5136 νεωΝῡΑΜ
1000 5097 1146 5135 νῐιιϐι
1155 5096 1282 5136 ΝΕΜ.

185 5163 304 5218 Haec
326 5168 476 5233 sunt,
501 5163 766 5229 Domine,
795 5162 995 5233 capitis
1015 5159 1326 5216 consecrati
1351 5159 1740 5230 splendidiora

125 5255 405 5312 velamina.
448 5259 647 5312 Nullus
689 5255 779 5310 hic
827 5253 1251 5309 candidissima:
1298 5253 1469 5306 vestis
1506 5256 1740 5307 ornatus

124 5362 240 5402 cum
264 5366 375 5421 quo
398 5366 592 5405 errore
617 5349 858 5420 decepta
881 5348 1052 5401 iter...
1083 5350 1355 5418 sequatur
1371 5347 1630 5417 Agnum;
1659 5345 1739 5399 ita

124 5438 303 5496 lumen
324 5442 587 5498 Ecclesiae
609 5445 782 5512 atque
805 5439 1179 5494 immaculata
1200 5439 1359 5510 virgo
1378 5438 1475 5493 uni
1491 5438 1737 5494 Domino

129 5537 289 5604 nupta
316 5535 544 5592 beatam
580 5535 780 5590 sedem
808 5533 1083 5604 requirat.

579 5630 897 5671 BENEDICTIO
935 5627 1260 5669 ABDATISSE.

187 5691 553 5768 Omnipotens
573 5694 820 5750 Domine
839 5695 1006 5761 Deus,
1023 5693 1176 5764 apud
1193 5707 1367 5763 quem
1390 5706 1508 5744 non
1526 5691 1612 5744 est
1632 5689 1740 5746 dis-

187 5821 210 5850 ⁸
240 5817 351 5890 Hoc
396 5823 480 5873 est
509 5819 667 5890 quod
707 5818 786 5872 ait
819 5816 1151 5890 Ambrosius
1190 5816 1249 5890 in
1285 5814 1522 5890 epistola
1561 5814 1737 5890 24_ad

127 5883 566 5961 l'ercellenses,'«
593 5890 780 5961 ipsum
808 5887 1140 5961 coniugium
1164 5883 1444 5942 velamine
1471 5884 1732 5941 sacerdo-

131 5955 214 6010 tali
245 5961 300 6014 et
326 5955 726 6016 benedictione
755 5955 1094 6015 sanctiﬁéari
1121 5961 1404 6031 oportere.
1431 5979 1458 6006 »

1835 666 2064 705 marum
2091 667 2103 704 :
2129 649 2224 720 qui
2251 649 2329 704 ita
2352 649 2501 705 viros
2521 649 2594 705 ad
2618 648 2893 720 spiritalia
2913 647 3228 703 certamina
3251 663 3452 703 conro-

1833 744 2021 809 boras,
2053 747 2114 799 ut
2142 743 2386 798 feminas
2421 759 2537 797 non
2573 741 2956 813 derelinquas,
2987 741 3265 813 pietatem
3299 743 3458 798 tuam

1835 837 2037 892 humili
2072 836 2483 908 supplicatione
2527 835 2907 906 deposcimus,
2948 837 3009 888 ut
3053 833 3184 890 huic
3227 834 3457 891 famolm

1834 933 1946 984 tua:
1970 931 2073 997 ill.,
2108 946 2280 1001 quam
2315 932 2674 984 sacrosancto
2707 927 2868 998 gregi
2893 926 3202 998 virginum,
3230 931 3454 984 nostra-

1834 1040 1963 1078 rum
2003 1023 2366 1094 impositione
2404 1039 2683 1078 manuum
2725 1025 2782 1075 et
2815 1023 2922 1076 hoc
2957 1021 3258 1075 velaminis
3291 1025 3453 1092 tegu-

1835 1119 2030 1172 mento
2060 1117 2120 1171 in
2159 1115 2417 1171 ccenobio
2458 1116 2536 1169 ill.
2573 1119 2819 1168 matrem
2861 1115 2985 1168 ﬁeri
3025 1119 3310 1186 optamus,
3351 1117 3460 1170 cle~

1835 1209 2056 1266 mentia
2085 1211 2181 1264 tua
2209 1208 2527 1264 roboratrix
2553 1211 2830 1280 perpetua
2859 1224 2976 1262 non
3003 1209 3254 1263 recedat.
3278 1210 3360 1263 Da
3378 1207 3456 1274 'ei,

1835 1303 2098 1369 Domine,
2147 1301 2548 1358 fortitudinem
2587 1301 2859 1372 spiritalia
2905 1301 3056 1355 bella
3093 1301 3354 1372 gerendi,
3400 1305 3462 1358 ut

1835 1412 1940 1450 nec
1961 1395 2204 1451 honesta
2220 1395 2528 1461 delaceret,
2546 1411 2651 1448 nec
2671 1393 2976 1449 inhonesta
2992 1394 3263 1460 delectet;
3285 1397 3458 1465 atque

1834 1489 1913 1544 ita
1959 1506 1994 1542 a
2038 1493 2093 1543 te
2138 1489 2508 1555 inluminata,
2553 1487 2658 1542 sibi
2707 1487 2986 1542 creditam
3026 1486 3458 1543 multitudinem

1835 1582 2158 1636 animarum
2193 1586 2293 1638 tuo
2337 1584 2534 1637 sancto
2575 1581 2800 1636 nomini
2832 1580 3052 1652 jugiter
3089 1579 3458 1638 admonendo

1834 1675 2006 1730 faciat
2044 1675 2338 1743 inservire,
2384 1678 2446 1729 ut
2481 1675 2552 1730 de
2599 1673 2806 1730 nullius
2839 1675 3162 1746 perditione
3200 1675 3458 1744 confusa,

1834 1773 1945 1823 tuae
1977 1769 2274 1824 Genitricis
2309 1769 2657 1840 adjungatur
2684 1768 2921 1824 coetibus
2949 1769 3300 1838 laetabunda,
3328 1784 3461 1826 cum

1835 1863 1948 1916 suis
1972 1861 2237 1918 omnibus
2266 1863 2510 1917 feliciter
2532 1862 2884 1918 coronanda.
2911 1864 3038 1930 Per,
3069 1867 3176 1918 etc.

2002 1966 2325 2006 BENEDICTIO
2363 1967 2526 2007 SUPER
2553 1967 2759 2008 VIDUAM
2788 1968 2947 2007 VESTE
2982 1969 3292 2008 IUTANDAM.

1906 2033 2148 2089 Domine
2178 2036 2392 2101 sancte,
2420 2035 2590 2089 Pater
2617 2034 3005 2105 omnipotens,
3043 2038 3258 2090 aeterne
3288 2036 3456 2103 Deus,

1837 2127 1936 2199 qui
1981 2127 2041 2182 in
2087 2130 2314 2183 tantum
2359 2127 2614 2182 humano
2669 2127 2872 2198 generi
2917 2126 3300 2182 miserationis
3348 2131 3462 2183 tuas

1837 2237 2034 2276 curam
2061 2220 2346 2292 inpendis,
2376 2223 2432 2275 et
2459 2221 2541 2274 ita
2564 2219 2906 2290 virginitatis
2937 2220 3303 2275 devotionem
3337 2237 3458 2276 am-

1838 2314 2120 2384 plecteris,
2149 2317 2212 2368 ut
2245 2313 2537 2368 viduitatis
2569 2313 2986 2384 professionem
3024 2314 3337 2368 clementer
3367 2329 3460 2368 ac-

1836 2410 2047 2477 ceptes,
2091 2410 2167 2472 te,
2211 2422 2558 2476 quaesumus,
2599 2405 2870 2472 Domine,
2913 2406 3176 2476 precibus
3215 2405 3462 2477 inplora-

1837 2516 1982 2566 mus,
2009 2503 2066 2553 te
2095 2499 2376 2569 supplices
2397 2499 2795 2570 deprecamur,
2820 2501 2883 2552 ut
2902 2499 3179 2553 famolam
3200 2502 3358 2553 tuam
3379 2499 3458 2553 ill.

1837 2609 1963 2664 quae
1985 2593 2058 2647 ob
2085 2592 2349 2646 timorem
2379 2591 2461 2646 tui
2489 2591 2738 2645 nominis
2765 2594 2920 2646 casto
2942 2591 3148 2646 timore
3175 2591 3280 2646 sibi
3307 2607 3461 2662 pros-

1837 2685 2070 2756 piciens,
2097 2683 2389 2738 viduitatis
2423 2683 2830 2738 indumentum
2865 2699 2966 2754 per
2991 2687 3198 2738 nostrae
3226 2683 3459 2738 humili-

1839 2778 1969 2832 tatis
1996 2795 2200 2832 manus
2227 2777 2519 2848 percipere
2546 2777 2870 2847 postulavit,
2899 2781 2998 2832 tuo
3025 2776 3233 2831 auxilio
3261 2780 3462 2832 contra

1835 2871 2150 2924 inlecebras
2201 2870 2387 2924 carnis
2446 2873 2616 2940 atque
2670 2869 2908 2924 insidias
2959 2868 3178 2925 inimici
3233 2869 3462 2924 munias

1835 2963 2100 3034 praesidio
2137 2980 2202 3018 ac
2233 2963 2529 3029 defendas,
2567 2964 2629 3014 ut
2665 2963 2737 3016 sit
2773 2963 2990 3018 famola
3028 2966 3127 3017 tua
3163 2963 3242 3017 ill.
3281 2965 3464 3018 Anne

1835 3057 1965 3110 ﬁliae
1992 3057 2295 3111 Fanuhelis
2328 3057 2532 3110 similis
2567 3056 2625 3110 in
2657 3056 2882 3126 vigiliis,
2913 3057 2972 3110 in
3007 3055 3371 3122 abstinentia,
3403 3054 3462 3110 in

1837 3149 2188 3204 orationibus
2217 3152 2389 3220 atque
2422 3150 2802 3220 eleemosynis
2827 3152 3114 3220 prompta.

2078 3254 2396 3294 BENEDICTIO
2426 3255 2660 3294 THALAMI
2693 3255 2864 3294 SUPER
2894 3254 3168 3294 NUBENTES
3184 3245 3228 3292 ⁸.

1755 3307 1810 3379 C
1907 3322 2088 3375 Deum
2108 3322 2203 3392 qui
2225 3321 2298 3374 ad
2320 3319 2818 3391 multiplicandam
2837 3321 3073 3374 humani
3092 3319 3318 3391 generis
3339 3335 3464 3391 pro-

1837 3415 1951 3467 lom
1974 3412 2391 3468 benedictionis
2413 3429 2526 3466 suae
2548 3413 2700 3468 dona
2721 3413 2920 3484 largiri
2940 3413 3210 3484 dignatus
3232 3416 3335 3479 est,
3354 3413 3464 3467 fra-

1838 3508 1952 3560 tres
1975 3505 2270 3572 carissimi,
2299 3507 2696 3576 deprecemur,
2729 3509 2788 3558 ut
2815 3505 2918 3558 hos
2943 3505 3189 3558 famulos
3217 3521 3348 3559 suos
3383 3503 3462 3559 ill.

1839 3603 1894 3652 et
1926 3599 2003 3653 ill.
2035 3615 2176 3669 quos
2208 3598 2280 3652 ad
2305 3599 2668 3669 conjugalem
2701 3597 2966 3668 copulam
2997 3597 3116 3667 ipse
3148 3596 3461 3668 praeelegit,

1837 3693 1955 3764 ipse
1991 3691 2289 3746 custodiat.
2329 3693 2434 3746 Det
2469 3691 2550 3745 eis
2584 3708 2782 3746 sensus
2820 3689 3105 3761 paciﬁcos,
3139 3705 3305 3760 pares
3338 3688 3461 3743 ani-

1837 3803 1982 3852 mos,
2006 3802 2198 3840 mores
2223 3788 2424 3839 mutua
2449 3783 2686 3838 caritate
2711 3783 3020 3838 devinctos.
3039 3782 3300 3836 Habeant
3319 3797 3461 3853 quo-

1839 3896 1948 3950 que
1975 3881 2198 3950 optatas
2229 3877 2352 3949 ejus
2383 3894 2624 3932 munere
2659 3877 2903 3942 soboles,
2935 3892 3048 3947 qua
3076 3875 3218 3930 sicut
3247 3875 3465 3930 donum

1838 3971 2012 4042 ipsius
2041 3969 2256 4038 tribuit,
2286 3970 2362 4024 ita
2390 3969 2564 4041 ipsius
2591 3968 2994 4024 benedictione
3021 3969 3466 4038 consequantur,

1839 4067 1899 4119 ut
1923 4064 1981 4119 hi
2007 4063 2205 4120 famoli
2227 4063 2313 4118 sui
2339 4063 2416 4118 ill.
2443 4066 2502 4117 et
2521 4063 2600 4117 ill.
2629 4062 2687 4117 in
2715 4061 2874 4116 omni
2902 4061 3059 4116 idem
3079 4060 3264 4116 cordis
3284 4059 3468 4115 humi-

1839 4158 1996 4212 litate
2029 4157 2371 4212 deserviant.
2405 4157 2529 4211 Per.

2518 4235 2644 4284 ltem
2671 4232 2788 4283 alia.

1907 4309 1982 4364 Te
2021 4307 2417 4378 deprecamur,
2463 4306 2706 4362 Domine
2742 4308 2958 4371 sancte,
2992 4305 3160 4358 Pater
3199 4303 3462 4375 omnipo-

1841 4405 1984 4466 tens,
2027 4403 2240 4454 aeterne
2271 4401 2438 4466 Deus,
2481 4415 2652 4469 super
2684 4399 2790 4453 hos
2832 4397 3076 4452 famolos
3125 4399 3252 4450 tuos
3291 4396 3370 4450 ill.
3411 4398 3470 4450 et

1839 4493 1916 4548 ill.
1947 4510 2091 4564 quos
2113 4493 2184 4547 ad
2219 4493 2465 4564 gratiam
2492 4491 2747 4562 conjugii
2772 4489 2966 4544 venire
2981 4488 3218 4560 jussisti,
3241 4489 3338 4560 qui
3365 4505 3470 4559 per

1841 4589 2096 4640 nostram
2117 4587 2247 4640 licet
2259 4601 2490 4656 precem
2503 4587 2602 4638 aut
2613 4599 2813 4638 vocem
2826 4581 3293 4635 benedictionem
3305 4583 3468 4635 tuam

1757 4669 1816 4740 D
1841 4679 2188 4734 desiderant.
2225 4678 2430 4733 Tribue
2468 4676 2578 4744 eis,
2608 4675 2870 4742 Domine,
2908 4673 3076 4728 ﬁdele
3116 4673 3468 4728 consortium

1840 4772 2108 4827 caritatis.
2134 4771 2380 4826 Induant
2402 4769 2700 4824 caritatem
2723 4768 2929 4834 Sarrae,
2950 4765 3344 4838 paenitentiam
3365 4766 3470 4820 Re-

1837 4865 2044 4932 beccae,
2077 4881 2337 4920 amorem
2372 4863 2604 4929 Rachel,
2643 4861 2889 4933 gratiam
2930 4863 2988 4914 et
3025 4859 3323 4914 caritatem
3360 4859 3465 4913 Su-

1840 4981 2055 5018 sannaz.
2086 4962 2406 5018 Descendat
2439 4978 2611 5032 super
2637 4961 2740 5014 hos
2768 4959 3012 5013 famolos
3037 4960 3166 5011 tuos
3194 4956 3273 5010 ill.
3305 4959 3362 5011 et
3387 4956 3464 5011 ill.

1840 5057 1981 5112 sicut
2010 5056 2308 5110 descendit
2333 5072 2426 5109 ros
2451 5053 2656 5125 pluvia),
2683 5069 2854 5124 super
2878 5051 3085 5106 faciem
3115 5053 3281 5104 terra;
3306 5065 3318 5104 :
3350 5065 3469 5104 ma-

1841 5167 1946 5204 nus
1976 5153 2086 5204 tuae
2112 5149 2366 5203 sentiant
2389 5151 2602 5214 actum,
2633 5149 2691 5200 et
2716 5145 2956 5216 Spiritus
2977 5142 3156 5198 sancti
3185 5142 3266 5197 tui
3293 5141 3470 5214 perci-

1839 5243 2001 5316 piant
2031 5242 2306 5313 gaudium
2335 5240 2772 5311 sempiternum.

2081 5330 2252 5380 Oratio
2275 5342 2432 5393 super
2460 5342 2550 5377 eos
2575 5327 2667 5392 qui
2696 5325 2926 5376 secundo
2954 5324 3158 5375 nubunt
3175 5336 3222 5377 ιι.

1906 5404 2244 5473 Antiphona.
2293 5400 2621 5472 Benedictio
2667 5397 2895 5455 Domini
2933 5413 3106 5470 super
3144 5413 3264 5452 vos.
3308 5396 3466 5452 Beati

1839 5513 2058 5552 omnes.

1909 5591 2077 5658 Deus,
2097 5589 2193 5662 qui
2212 5587 2560 5644 multimoda
2577 5585 2964 5641 subsidiorum
2981 5583 3244 5639 remedia
3257 5578 3468 5652 fragili-

1839 5684 1940 5740 tati
1962 5685 2233 5739 humanas
2257 5680 2538 5737 beneﬁcia
2559 5679 2807 5747 confers,
2834 5681 2892 5734 et
2913 5677 3115 5734 tribuis
3140 5677 3460 5731 incremen-

1907 5807 2374 5883 thntiquissima
2413 5809 2498 5861 est
2537 5805 2597 5883 in
2645 5803 2893 5883 Ecclesia
2929 5797 3252 5883 benedictio
3289 5809 3462 5864 super

1839 5876 2140 5948 nubentes,
2175 5895 2346 5951 super
2371 5877 2622 5934 secundo
2649 5876 2930 5932 nubentes
2955 5876 3153 5928 rarior.
