3994 6412
483 444 578 504 571

1353 447 1683 506 APPENDIX
1721 451 1808 505 AD
1844 435 2064 506 uentu
2099 453 2154 506 δ.
2193 451 2491 508 annum:
2528 451 2953 510 paruswssns.

3791 441 3904 497 572

480 555 637 620 tum;
661 555 724 609 ut
746 553 949 609 natura
975 567 1091 610 non
1117 551 1490 610 defraudatur
1509 571 1543 611 a
1563 555 1802 624 semine,
1825 571 1928 628 per
1947 553 2102 629 quod
2123 576 2176 650 Α
2202 557 2317 614 sive
2341 556 2561 628 vinum,
2595 556 2709 613 sive
2737 556 2948 625 oleum,
2976 554 3133 613 mela
3160 555 3225 611 ut
3249 565 3508 628 aquam;
3541 551 3618 607 ut
3647 545 3904 606 nullam

483 646 777 717 geminata
796 662 1053 718 propago
1075 650 1292 702 crescat
1307 647 1365 702 in
1387 648 1712 720 progenies.
1728 648 1818 704 Sic
1835 649 2103 720 tempori-

479 739 584 793 bus
610 739 807 810 priscis
834 740 984 794 Ruth
1007 740 1310 796 Moabitem
1338 741 1698 809 benedixisti,
1723 741 1800 796 sic
1830 742 1888 796 in
1915 742 2099 798 novis-

481 831 642 887 simis
657 849 762 904 per
776 834 1112 904 Apostolum
1135 836 1298 888 tuum
1319 835 1570 890 secunda
1588 834 1960 890 matrimonia
1974 851 2105 890 con-

481 925 714 981 cessisti.
737 927 820 982 Da
847 927 928 983 eis
951 943 1108 998 ergo,
1127 928 1388 994 Domine,
1413 928 1640 983 famolis
1665 927 1774 982 tuis
1795 945 2102 999 procrean-

483 1018 691 1074 dorum
719 1021 966 1075 ﬁliorum
997 1020 1289 1075 unianime
1319 1021 1689 1089 desiderium,
1713 1025 1775 1076 ut
1799 1021 1970 1076 faciat
1991 1023 2101 1076 Do-

481 1111 672 1166 minus
699 1113 843 1168 hanc
861 1114 1163 1168 mulierem
1183 1113 1263 1169 ill.
1294 1130 1421 1185 quae
1444 1113 1767 1184 ingreditur
1786 1114 1844 1168 in
1867 1115 2104 1169 domum

482 1207 662 1272 tuam,
677 1206 819 1261 sicut
835 1206 1041 1262 Rachel
1059 1209 1115 1261 et
1135 1206 1252 1274 Lia,
1268 1223 1397 1278 quae
1419 1206 1845 1262 aediﬁcaverunt
1865 1207 2104 1262 domum

483 1299 672 1366 lsrael,
699 1301 756 1354 et
783 1299 856 1354 sit
883 1300 1211 1370 exemplum
1236 1299 1456 1355 virtutis
1480 1299 1540 1354 in
1566 1300 1811 1356 Ecclesia
1836 1300 1956 1355 Dei.
1977 1302 2102 1355 Per.

621 1413 936 1453 BENEDICTIO
963 1413 1100 1454 OMNI
1132 1413 1276 1462 QUOD
1305 1415 1357 1454 IN
1387 1413 1638 1455 ECCLESIA
1669 1413 1963 1454 OFFERTUR.

556 1491 723 1558 Deus,
759 1491 920 1562 cujus
957 1491 1130 1547 verbo
1168 1496 1228 1546 et
1254 1492 1513 1564 potentia
1550 1493 1702 1547 facta
1730 1494 1863 1546 sunt
1890 1491 2105 1559 omnia,

485 1583 642 1655 cujus
663 1584 815 1638 dono
836 1584 1186 1656 percipimus
1203 1601 1330 1656 quae
1349 1585 1421 1640 ad
1437 1585 1567 1639 vitae
1587 1584 1913 1639 remedium
1934 1584 2110 1656 possi-

485 1677 715 1746 demus;
744 1677 1022 1748 supplices
1050 1681 1106 1732 te
1135 1677 1278 1732 nixis
1302 1677 1565 1748 precibus
1593 1693 1912 1744 exoramus,
1945 1680 2008 1731 ut
2035 1677 2108 1732 de

485 1770 620 1824 sede
657 1769 972 1841 majestatis
1013 1773 1124 1826 tum
1171 1771 1339 1842 hujus
1383 1770 1688 1826 oblationis
1727 1770 2110 1826 sanctificator

484 1863 738 1918 accedas.
760 1864 989 1935 Suscipe
1013 1865 1084 1918 de
1108 1864 1374 1919 manibus
1400 1865 1750 1919 famulorum
1777 1867 2003 1919 tuorum
2027 1863 2106 1917 ill.

484 1972 692 2012 munus
722 1957 998 2024 oblatum,
1036 1958 1191 2029 quod
1218 1974 1252 2012 a
1281 1960 1377 2012 tua
1404 1957 1712 2012 clementia
1739 1956 2107 2012 benedictum
2131 1941 2186 2014 Β

483 2049 542 2104 in
564 2066 731 2105 usum
761 2050 1071 2105 sanctuarii
1088 2050 1172 2104 tui
1191 2037 1275 2105 ill:
1296 2053 1532 2106 maneat
1551 2053 1966 2106 consecratum.
1985 2049 2114 2104 Sint

485 2143 606 2198 haec
635 2143 692 2198 in
727 2146 1035 2216 conspectu
1064 2147 1163 2198 tuo
1193 2143 1439 2198 libenter
1467 2147 1719 2216 accepta,
1753 2143 1896 2198 sicut
1926 2159 2112 2214 quon-

486 2235 620 2292 dam
645 2236 785 2291 Abel
812 2236 974 2308 pueri
999 2236 1080 2291 tui
1107 2253 1353 2292 munera
1382 2236 1483 2292 tibi
1513 2237 1635 2308 ipsa
1665 2238 2021 2308 placuerunt,
2055 2237 2113 2289 et

485 2329 619 2400 quia
646 2330 718 2386 ob
738 2330 1021 2386 honorem
1049 2330 1264 2386 amoris
1283 2330 1368 2384 tui
1391 2330 1640 2386 Ecclesia
1665 2333 1764 2384 tua
1791 2329 1998 2398 otferit,
2026 2345 2113 2382 re-

485 2438 795 2494 compensa
816 2423 868 2478 ei
887 2441 992 2495 pro
1015 2423 1200 2496 parvis
1227 2440 1478 2495 magna:
1511 2426 1574 2478 ut
1600 2423 1966 2478 devotionem
1990 2421 2113 2494 ejus

484 2515 782 2587 aspiciens,
805 2520 1039 2588 peccata
1059 2516 1336 2585 dimittas,
1355 2508 1726 2588 ﬁderepleas,
1752 2515 2112 2586 indulgentia

486 2609 696 2677 foveas,
731 2609 1123 2664 misericordia
1152 2612 1442 2681 protegas.
1473 2611 1583 2664 Per
1611 2609 1938 2664 Dominum.

712 2701 1008 2752 Benedictio
1038 2701 1235 2764 calicis,
1269 2705 1321 2752 et
1347 2705 1566 2766 patente,
1602 2705 1651 2751 et
1679 2700 1834 2751 turris
1852 2701 1897 2749 ι.

558 2783 702 2836 Deus
732 2781 1119 2852 omnipotens,
1159 2782 1257 2852 qui
1286 2799 1418 2836 cum
1449 2782 1635 2852 Moyse
1675 2783 1890 2836 famolo
1925 2783 2024 2835 tuo
2056 2781 2114 2835 in

488 2873 674 2928 Chore
705 2877 964 2928 montem
995 2873 1275 2929 servando
1311 2875 1520 2946 populo
1552 2877 1650 2929 tuo
1686 2877 1972 2946 praecepta
1997 2873 2113 2927 dis-

489 2981 754 3037 poneres,
768 2967 1047 3036 templum
1066 2971 1327 3020 sanctum
1347 2969 1509 3020 tuum
1532 2966 2113 3037 qualitertedificaret,

490 3057 803 3114 instituisti.
826 3060 1134 3112 Precamur
1159 3063 1232 3125 te,
1258 3059 1522 3127 Domine,
1545 3063 1705 3114 tuam
1729 3060 2113 3130 majestatem,

492 3155 556 3205 ut
573 3151 726 3205 hunc
743 3151 1000 3217 calicem,
1019 3155 1293 3222 patenam
1317 3155 1374 3206 et
1395 3156 1634 3218 turrem,
1659 3153 1716 3207 in
1740 3169 1852 3224 quo
1871 3151 2118 3206 celebra-

493 3243 604 3298 turi
635 3260 830 3298 sumus
872 3247 1232 3298 sacrosancta
1273 3244 1564 3316 mysteria,
1604 3244 1812 3299 caelesti
1844 3243 2115 3298 benedic-

492 3335 648 3391 tione
670 3337 986 3390 sanctifices
1013 3340 1183 3408 atque
1209 3337 1536 3405 benedicas,
1561 3341 1621 3392 ut
1647 3337 1855 3392 sanctis
1880 3337 2117 3392 vasculis

490 3429 600 3484 tuis
629 3429 1039 3501 acceptabilem
1078 3429 1302 3484 deferat
1332 3430 1698 3484 famulatum.
1729 3432 1852 3484 Per.

493 3521 789 3572 Benedictio
815 3535 973 3585 super
1001 3535 1119 3571 eum
1152 3521 1241 3586 qui
1263 3522 1316 3571 in
1350 3522 1572 3572 ecclesia
1599 3521 1835 3586 primitus
1858 3521 2118 3573 tondetur.

561 3605 784 3672 Manda,
815 3605 982 3670 Deus,
1006 3604 1471 3660 benedictionem
1500 3609 1557 3660 et
1581 3605 1758 3660 vitam
1782 3605 1999 3660 famolo
2022 3608 2120 3659 tuo

486 3698 571 3752 ill.
614 3701 676 3751 ut
720 3700 1082 3768 unguentum
1121 3698 1276 3769 quod
1315 3697 1614 3752 descendit
1651 3697 1711 3753 in
1751 3697 1935 3770 capite
1972 3701 2030 3752 et
2061 3697 2119 3753 in

493 3791 729 3845 barbam
760 3791 910 3845 illius
933 3793 1146 3856 Aaron,
1178 3793 1300 3846 toto
1327 3793 1566 3845 maneat
1595 3795 1654 3845 et
1683 3791 1741 3845 in
1767 3807 2027 3862 corpore,
2060 3794 2123 3844 ut

493 3884 566 3938 sit
593 3883 802 3938 eodem
830 3885 1048 3938 famolo
1073 3886 1173 3938 tuo
1208 3883 1288 3938 ill.
1319 3883 1595 3954 perfectio
1626 3884 1699 3938 ad
1725 3884 1873 3938 hanc
1903 3900 2031 3954 quae
2062 3900 2120 3937 se

484 3976 801 4046 juvenilem
825 3975 1040 4046 gaudet
1061 3975 1387 4046 pervenisse
1409 3979 1661 4043 atatem,
1685 3979 1742 4030 et
1761 3976 1917 4046 quod
1939 3976 2000 4030 in‘
2021 3979 2120 4030 tuo

495 4068 732 4124 nomine
791 4085 893 4122 suo
937 4068 1192 4122 celebrat
1230 4071 1383 4135 voto,
1429 4085 1463 4123 a
1501 4071 1603 4122 tua
1651 4069 1955 4124 clementia
2001 4071 2120 4122 toto

495 4160 666 4216 corde
696 4160 1162 4242 benedictionem
1190 4163 1496 4232 exspectet.

916 4274 1235 4314 BENEDICTIO
1267 4274 1438 4314 SUPER
1467 4273 1699 4314 PUTEUM.

567 4349 808 4404 Domine
841 4352 1056 4416 sancte,
1093 4350 1264 4404 Pater
1291 4347 1677 4419 omnipotens,
1709 4349 1923 4402 aeterne
1952 4347 2120 4413 Deus,

496 4442 592 4514 qui
621 4442 932 4510 Abraham,
964 4444 1120 4498 Isaac
1157 4445 1215 4496 et
1241 4441 1414 4497 Jacob
1443 4443 1634 4512 patres
1660 4443 1884 4495 nostros
1921 4443 2124 4512 puteos

494 4535 726 4592 fuaderis
753 4535 972 4604 fodere,
1002 4539 1173 4607 atque
1199 4552 1265 4590 ex
1290 4535 1378 4589 his
1406 4549 1619 4606 aquam
1644 4532 1840 4588 bibere
1869 4533 2125 4605 propicia

497 4629 793 4684 divinitate
853 4629 1129 4696 docuisti,
1183 4632 1238 4683 te
1295 4627 1576 4699 supplices
1638 4627 2018 4698 deprecamur
2062 4629 2127 4680 ut

498 4739 708 4794 aquam
755 4722 912 4793 putei
956 4723 1126 4794 hujus
1169 4721 1241 4777 ad
1282 4720 1606 4777 communis
1651 4719 1778 4774 vitae
1820 4719 2126 4774 utilitatem

499 4815 705 4870 czelesti
743 4814 1142 4870 benedictione
1173 4813 1509 4880 sanctifices,
1542 4815 1605 4866 ut
1640 4812 1838 4882 fugato
1871 4829 1939 4866 ea
1967 4811 2126 4867 omni

499 4907 712 4962 diaboli
737 4907 1094 4962 temtationis
1121 4924 1220 4961 seu
1245 4905 1576 4978 pollutionis
1601 4903 1850 4971 incursu,
1873 4904 2130 4975 quicum-

497 5018 606 5073 que
647 5018 710 5055 ex
743 5018 812 5056 ea
847 5001 1118 5072 deinceps
1151 4999 1380 5066 biberit,
1411 4995 1872 5052 benedictionem
1900 4996 2129 5052 Domini

500 5094 679 5150 nostri
707 5096 838 5149 Jesu
868 5094 1075 5150 Christi
1103 5093 1402 5166 percipiat.
1426 5093 1553 5146 Per.

497 5208 811 5248 BENEDICTIO
848 5207 938 5248 UB!
991 5209 1210 5257 ALIQL'ID
1251 5207 1538 5248 IMMUNDUM
1584 5205 1864 5247 CECIDERIT
1911 5206 1966 5243 IN
2004 5204 2125 5246 VAS.

569 5285 1012 5341 Misericordiam
1039 5290 1218 5354 tuam,
1251 5285 1518 5353 Domine,
1549 5283 1832 5356 supplices
1863 5282 2130 5354 depreca-

503 5395 651 5445 mur,
684 5381 918 5448 eterne,
942 5380 1309 5452 omnipotens
1334 5380 1501 5446 Deus,
1534 5381 1598 5434 ut
1624 5376 1938 5433 descendat
1960 5375 2130 5432 bene-

503 5471 673 5527 dictio
697 5475 794 5526 tua
812 5472 870 5528 in
891 5474 1100 5529 horum
1121 5488 1391 5529 vasorum
1412 5471 1790 5543 pollutionem
1813 5486 1828 5524 :
1853 5469 2131 5525 emundet

569 5598 594 5627 '
627 5597 942 5668 Singularis
969 5602 1056 5653 est
1087 5597 1210 5668 haec
1237 5595 1563 5668 benedictio
1599 5593 1790 5668 turris,
1819 5594 1890 5649 de
1926 5611 2040 5665 qua
2068 5593 2132 5647 fit

500 5669 717 5727 mentio
735 5665 889 5740 apud
901 5667 1242 5740 Gregorium
1254 5667 1647 5740 Turonensem
1660 5667 1717 5717 et
1732 5665 2127 5740 Fortunatum.

501 5742 564 5794 In
596 5735 943 5794 testamento
975 5735 1157 5792 sancti
1188 5735 1430 5806 Remigii
1459 5736 1810 5806 Rhemorum
1837 5735 2085 5806 episcopi
2113 5751 2126 5790 :

505 5832 532 5855 ιι
565 5812 765 5875 Jubeo,
801 5810 1006 5880 inquit,
1037 5803 1381 5880 turriculami
1400 5810 1458 5860 et
1485 5803 2131 5873 imaginatumralicem

505 5881 792 5933 fabricari.
815 5901 842 5927 ιι
874 5876 951 5932 De
982 5880 1090 5932 hac
1113 5878 1254 5932 alias
1274 5876 1468 5930 fusius.

576 5950 604 5989 δ
633 5950 772 6004 Hinc
785 5949 909 6004 colli
917 5949 1088 6020 gitur,
1103 5949 1251 6003 hanc
1263 5945 1722 6003 benedictionem
1736 5947 1946 6003 factam
1961 5947 2134 6004 fuisse

2201 652 2662 724 inquinationem
2701 651 3034 717 sentiamus,
3079 647 3178 722 qui
3219 647 3363 704 dixit
3400 663 3416 702 :
3459 645 3679 702 Omne
3727 641 3907 716 quod

2202 744 2378 800 intrat
2408 745 2467 800 in
2495 762 2558 799 os
2589 761 2706 800 non
2743 743 3098 816 coinquinat.
3128 744 3243 798 Nos
3277 740 3540 796 humiles
3577 737 3754 793 servi
3791 736 3906 802 tui,

2203 841 2391 914 exigui
2421 842 2765 909 sacerdotes,
2799 842 2960 912 jussa
2999 841 3331 912 implentes,
3365 836 3587 892 laudes
3632 834 3908 890 honoris

2205 936 2285 990 tui
2315 934 2373 990 in
2400 935 2572 991 corde
2597 935 2936 1001 retinentes,
2960 949 3124 988 cruce
3150 935 3250 988 tua
3277 929 3648 1003 expellimus
3681 927 3908 983 sordes

2205 1045 2425 1094 omnes,
2447 1027 2655 1083 ﬁducia
2677 1027 2870 1082 divina
2889 1030 3130 1098 protege
3159 1041 3390 1090 omnes,
3413 1021 3753 1076 vincamus
3776 1036 3911 1075 mo-

2203 1121 2394 1176 lestias
2419 1121 2480 1176 in
2511 1120 2746 1176 nomine
2771 1119 2956 1175 Patris
2975 1123 3033 1174 et
3057 1118 3179 1174 Filii
3207 1122 3266 1173 et
3286 1115 3546 1190 Spiritus
3574 1114 3790 1170 sancti
3815 1131 3912 1168 re-

2206 1214 2432 1286 gnantis
2457 1214 2517 1269 in
2549 1214 2754 1269 saecula
2784 1214 3145 1268 saeculorum.

2344 1331 2664 1372 BENEDIC‘I‘IO
2699 1331 2890 1372 PALMJE
2927 1331 2990 1370 ET
3026 1330 3202 1371 OLIVE
3245 1329 3423 1372 SUPER
3452 1329 3744 1372 ALTARIO.

2274 1415 2302 1456 δ
2327 1417 2467 1470 Ecce
2495 1415 2634 1482 dies,
2657 1413 2920 1482 Domine,
2945 1414 3094 1468 festa
3120 1413 3420 1480 recolitur,
3443 1412 3512 1468 in
3535 1428 3670 1484 qua
3697 1410 3905 1466 infan-

2205 1512 2328 1564 tum
2351 1508 2602 1581 prtescire
2629 1507 2808 1563 turbae
2835 1507 3057 1562 frontes
3082 1505 3362 1562 arboreos
3391 1505 3814 1560 adsumentes
3840 1504 3906 1558 in

2205 1605 2318 1658 tua:
2359 1601 2543 1656 laudis
2572 1602 2831 1672 trophaeo
2871 1616 3094 1655 osanna
3131 1599 3192 1654 in
3233 1599 3503 1667 excelsis,
3543 1598 3640 1653 ﬁli
3680 1597 3905 1664 David,

2208 1695 2545 1751 Benedictus
2567 1694 2665 1766 qui
2685 1693 2842 1749 venit
2859 1693 2920 1748 in
2943 1693 3182 1749 nomine
3205 1693 3446 1749 Domini
3470 1693 3909 1748 acclamantes

2209 1792 2531 1855 occurrunt,
2549 1804 2654 1860 pro
2677 1787 2882 1858 quibus
2899 1803 3106 1842 omnes
3129 1791 3335 1858 gentes
3355 1789 3830 1858 cognoscerent
3850 1788 3906 1839 te

2210 1887 2269 1938 et
2293 1882 2590 1938 victoriam
2618 1882 2833 1936 levasse
2865 1880 2936 1935 de
2968 1880 3212 1947 mundo,
3247 1883 3308 1934 et
3338 1880 3413 1934 de
3450 1879 3715 1935 diabolo
3747 1878 3905 1934 obti-

2210 1977 2399 2031 nuisse
2427 1975 2782 2046 triumphum
2807 1991 2820 2029 :
2851 1977 3063 2044 praesta
3088 1977 3151 2028 ut
3175 1973 3340 2045 plebs
3363 1977 3469 2028 tua
3505 1973 3592 2028 ad
3620 1975 3907 2028 sanctam

2208 2068 2688 2124 resurrectionem
2703 2069 2864 2122 tuam
2881 2066 3217 2121 excubanda
3234 2065 3578 2137 perveniat;
3597 2066 3738 2121 haec
3763 2082 3910 2138 quo-

2211 2179 2320 2235 que
2342 2165 2604 2216 creatura
2625 2159 2847 2215 arboris
2867 2159 3150 2214 olivarum
3167 2175 3285 2214 una
3305 2175 3444 2214 cum
3463 2159 3725 2230 palmis,
3751 2175 3904 2231 quas

2211 2255 2454 2327 populus
2491 2271 2594 2325 pro
2635 2253 2747 2308 tuis
2779 2252 3160 2308 laudibus.....
3191 2252 3602 2308 benedicatur
3641 2252 3906 2307 benedi-

2211 2348 2400 2402 ctione
2440 2345 2684 2418 perenni
2727 2363 2740 2400 :
2777 2348 2840 2400 ut
2879 2345 3228 2416 quicumque
3267 2345 3367 2416 pia
3409 2344 3755 2402 devotione
3798 2361 3906 2417 pro

2213 2439 2563 2511 expellendis
2589 2437 2984 2509 languoribus,
3018 2437 3136 2492 sive
3171 2437 3353 2492 etiam
3387 2454 3506 2508 pro
3537 2455 3904 2510 expugnan-

2214 2534 2315 2588 das
2341 2549 2541 2588 omnes
2567 2531 2804 2587 insidias
2825 2531 3045 2586 inimici
3069 2531 3128 2585 in
3156 2531 3381 2586 cunctis
3410 2531 3910 2588 habitationibus

2213 2627 2328 2680 suis
2347 2643 2444 2680 eas
2463 2625 2913 2697 adportaverint,
2934 2627 3034 2679 aut
3052 2624 3327 2692 biberint,
3343 2624 3422 2679 ab
3447 2627 3634 2681 omni
3657 2626 3782 2681 sint
3802 2626 3909 2680 im-

2215 2718 2567 2792 pugnatione
2609 2717 2827 2773 inimici
2871 2717 3093 2783 securi;
3140 2721 3206 2772 ut
3254 2723 3647 2788 cognoscant
3695 2735 3906 2774 omnes

2216 2816 2436 2883 gentes,
2469 2811 2604 2883 quia
2630 2828 2846 2866 nomen
2872 2815 3040 2866 tuum
3069 2811 3398 2882 gloriosum
3430 2815 3529 2867 est
3557 2829 3753 2886 super
3775 2830 3903 2869 om-

2216 2906 2310 2960 nia
2332 2905 2536 2959 sazcula
2557 2905 2914 2959 saeculorum.

2285 3027 2600 3069 BENEDICTIO
2631 3029 2699 3068 AD
2736 3027 2923 3068 AGNUM
2953 3027 3378 3068 BENEDICENDUH
3412 3029 3474 3069 IN
3513 3029 3754 3072 PASCHA
3770 3027 3812 3057 θ’

2283 3109 2524 3164 Domine
2553 3111 2718 3176 Deus,
2749 3108 3118 3181 omnipotens
3147 3112 3342 3178 Pater,
3373 3111 3481 3182 qui
3509 3114 3752 3184 populo
3781 3117 3902 3180 tuo,

2217 3219 2390 3274 quem
2418 3201 2659 3256 eduxisti
2692 3202 2762 3258 de
2792 3205 2947 3257 terra
2971 3202 3201 3275 Egypti
3227 3202 3289 3258 in
3322 3220 3514 3260 manu
3558 3207 3821 3262 robusta
3851 3210 3909 3260 et

2137 3302 2191 3376 ρ
2216 3294 2449 3350 brachio
2481 3295 2634 3360 forti,
2659 3312 2763 3366 per
2791 3295 3188 3350 fidelissimum
3217 3296 3514 3352 famulum
3547 3301 3733 3355 tuum
3757 3301 3907 3371 Moy-

2218 3405 2340 3455 sen,
2371 3388 2679 3459 praecipere
2708 3388 2979 3460 dignatus
3005 3405 3086 3456 es,
3109 3392 3174 3443 ut
3196 3390 3436 3446 Pascha;
3466 3393 3781 3449 solemnia
3815 3411 3906 3449 ce-

2218 3481 2487 3548 lebraret,
2511 3480 2737 3552 tuisque
2757 3481 3061 3552 praeceptis
3087 3481 3516 3554 obtemperans
3537 3502 3784 3558 agnum
3807 3489 3910 3542 im-

2218 3573 2567 3628 macolatum
2589 3572 2916 3644 imaginari,
2932 3590 3107 3644 quem
3120 3574 3180 3628 in
3197 3575 3390 3646 figura
3403 3577 3533 3631 ovis
3546 3579 3644 3633 tui
3661 3579 3906 3635 Domini

2221 3665 2400 3721 nostri
2423 3667 2554 3722 Jesu
2580 3665 2789 3721 Christi
2815 3665 3168 3734 immolaret,
3203 3667 3346 3722 dum
3379 3668 3486 3738 ait,
3523 3671 3687 3728 Ecce
3718 3689 3909 3745 agnus

2219 3759 2340 3826 Dei,
2382 3775 2511 3812 ecce
2552 3757 2650 3829 qui
2686 3757 2836 3813 tollit
2872 3762 3111 3830 peccata
3149 3760 3380 3816 mundi.
3416 3761 3507 3816 Ob
3554 3763 3680 3819 hoc
3729 3765 3910 3837 igitur

2221 3851 2501 3923 supplices
2531 3867 2876 3922 quaesumus,
2911 3854 2972 3906 ut
3008 3851 3412 3910 intercedente
3449 3855 3606 3912 Filio
3651 3861 3766 3915 tuo
3800 3861 3905 3914 Do-

2220 3935 2386 3999 mino.
2403 3947 2598 3999 nostro
2622 3946 2754 3998 Jesu
2775 3944 3020 4010 Christo,
3046 3945 3205 4000 hunc
3231 3962 3458 4016 agnum
3485 3956 3910 4022 prmparatum

2220 4037 2562 4092 benedicere
2590 4039 2648 4092 et
2672 4037 3030 4094 sanctiﬁcare
3059 4037 3341 4110 digneris.

2467 4155 2782 4197 BENEDICTIO
2823 4155 2957 4198 OMNI
2995 4157 3290 4199 CREATURE
3324 4158 3637 4202 Ροιίοιιωι.

2226 4315 2234 4321 ⁸
2294 4236 2559 4304 Benedic,
2600 4236 2862 4304 Domine,
2909 4241 2968 4293 et
3006 4239 3114 4294 hos
3149 4239 3374 4294 fructus
3405 4257 3603 4299 novos
3635 4243 3726 4300 ill.
3762 4263 3907 4318 quos

2222 4347 2325 4402 per
2350 4333 2876 4401 temperamentum
2906 4331 3056 4386 aeris
3095 4334 3155 4386 et
3193 4333 3430 4404 pluviae,
3462 4338 3527 4390 et
3552 4339 3908 4410 temporum

2222 4423 2615 4491 serenitatem,
2645 4423 2720 4477 ad
2745 4424 3143 4480 maturitatem
3174 4426 3504 4496 perducere
3531 4429 3829 4502 dignatus
3850 4449 3910 4486 es

2223 4516 2297 4570 ad
2332 4515 2769 4587 precipiendum
2806 4516 2974 4572 nobis
3012 4534 3145 4572 cum
3193 4519 3529 4590 gratiarum
3564 4524 3812 4580 actione
3848 4526 3906 4580 in

2223 4609 2458 4663 nomine
2483 4609 2666 4664 Patris
2691 4612 2750 4663 et
2774 4609 2897 4664 Filii
2937 4613 2995 4664 et
3021 4611 3271 4681 Spiritus
3300 4613 3495 4668 sancti
3525 4631 3540 4669 :
3576 4633 3696 4688 per
3729 4635 3905 4690 quem

3061 4666 3081 4681 ι
3313 4666 3316 4667 ⁷
3357 4666 3400 4667 ⁷⁷“
3423 4666 3435 4668 ⁷
3461 4666 3494 4668 ⁷-
3528 4666 3539 4669 “
3577 4666 3597 4688 Ι

2143 4666 2202 4738 D
2226 4703 2347 4757 haec
2379 4703 2594 4770 omnia,
2623 4703 2884 4770 Domine,
2912 4719 3146 4775 semper
3170 4703 3329 4760 bona
3360 4723 3534 4761 creas
3565 4710 3597 4751 ἀ

2687 4820 3008 4861 BENEDICTIO
3047 4823 3118 4861 AD
3158 4822 3406 4863 XENSAM.

2299 4896 2716 4952 Benedicantur
2756 4897 2942 4966 nobis,
2981 4899 3249 4967 Domine,
3285 4900 3449 4956 dona
3487 4905 3625 4972 tua,
3668 4923 3804 4978 qua:
3836 4908 3902 4962 de

2227 4994 2325 5046 tua
2354 4989 2620 5061 largitate
2648 4991 2894 5046 sumturi
2924 5008 3141 5059 sumus,
3173 4993 3272 5064 qui
3301 4993 3448 5050 vivis
3476 5000 3544 5052 et
3574 5015 3820 5072 regnas.

2511 5106 2829 5148 BENEDICTIO
2869 5108 3005 5148 POST
3043 5110 3265 5151 MENSAM
3312 5111 3605 5158 ιΕνΑΤΑκ.

2297 5189 2518 5246 Gratias
2540 5189 2640 5244 tibi
2657 5189 2902 5261 agimus,
2921 5191 3319 5264 omnipotens,
3345 5198 3583 5254 aeterne
3607 5201 3790 5270 Deus,
3814 5200 3906 5274 qui

2230 5300 2334 5338 nos
2365 5283 2435 5338 de
2468 5283 2578 5338 tuis
2618 5283 2784 5338 donis
2815 5284 3020 5340 satiare
3063 5285 3340 5358 dignatus
3381 5305 3468 5358 es,
3501 5308 3623 5362 per
3663 5297 3906 5351 famolos

2229 5377 2307 5431 ill.
2334 5376 2528 5431 Redde
2560 5376 2689 5446 illis,
2713 5377 2978 5445 Domine,
3004 5395 3109 5450 pro
3131 5380 3326 5450 parvis
3345 5399 3610 5455 magna,
3635 5405 3748 5461 pro
3769 5393 3907 5443 tem-

2229 5468 2516 5540 poralibus
2551 5469 2790 5541 premia
2821 5471 3195 5543 sempiterna,
3231 5474 3330 5545 qui
3366 5476 3520 5533 vivis
3568 5485 3635 5536 et
3677 5499 3902 5555 regnas.

2232 5594 2530 5650 Dominica
2557 5596 2914 5650 Palmarum.

2286 5679 2312 5737 ς
2330 5665 2507 5736 Hujus
2519 5665 2653 5737 agni
2665 5667 3086 5724 benedictionis
3101 5669 3380 5726 meminit
3390 5672 3563 5731 Ordo
3583 5677 3892 5735 Romanus.

2291 5735 2318 5816 ξὶ
2350 5735 2477 5819 Haec
2509 5735 2972 5819 verba‘ex-treinna
2997 5743 3134 5819 sunt
3150 5741 3408 5819 Canonis
3441 5745 3680 5819 missae,
3712 5751 3771 5805 in
3800 5766 3896 5819 qua

2235 5806 2856 5884 olimhzecbenedictio
2873 5809 3055 5884 fiebat
3065 5826 3180 5884 per
3191 5812 3315 5867 haec
3335 5815 3552 5884 verba,
3571 5806 3730 5878 teste
3754 5806 3896 5877 [ἴδει-

2235 5877 2351 5933 rico
2377 5877 2435 5932 in
2466 5878 2562 5933 lib.
2594 5879 2614 5933 Ι
2645 5879 2993 5935 Consuetud.
3017 5877 3275 5938 Cluniae.
3306 5900 3440 5956 cap.
3480 5877 3580 5949 33.
