3994 6408
155 455 244 504 573
765 454 1370 510 SACRAMEN'I'AHIL'.“
1409 454 1848 509 CALLICANL’M.
1895 483 1958 492 —-
1995 455 2292 511 JL'DICIL'S
2331 455 2885 510 I’OENITENTIALIS.

610 577 916 620 ORATIONES
956 578 1316 620 VESPERTINJE.

3405 457 3505 509 57's

1806 577 1863 650 Α
1883 563 1966 620 tui
1995 570 2078 622 est
2106 566 2257 640 quod
2285 566 2355 622 ad
2385 570 2438 621 te
2487 565 2728 621 diluculo
2754 567 3074 638 vigilamus.
3103 565 3263 622 Dona
3287 563 3503 623 deside.

216 649 591 726 Omnipotens
622 656 970 728 sempiterne
1001 658 1172 726 Deus,
1200 673 1427 728 vespere
1457 661 1512 712 et
1537 674 1701 714 mane
1730 662 1786 714 et
1835 649 1859 650 ί
1883 654 2116 708 rabilem
2144 655 2358 709 fontem
2384 655 2522 709 lucis
2548 661 2672 726 post
2697 656 2954 710 tenebras
2973 655 3186 724 noctis;
3213 660 3276 710 ut
3292 653 3504 727 perfusi

148 746 372 803 meridie
418 748 788 819 majestatem
815 755 970 804 tuam
1001 751 1327 822 suppliciter
1377 752 1781 822 deprecamur;

149 845 205 895 ut
228 840 481 913 expulsis
513 841 586 896 de
616 843 881 899 cordibus
907 844 1109 898 nostris
1135 849 1489 915 peccatorum
1517 845 1782 909 tenebris,

147 936 209 989 ad
233 951 422 990 veram
469 936 691 1006 lucem,
723 954 850 1009 quae
894 938 1146 994 Christus
1185 942 1285 1008 est,
1315 939 1485 993 facias
1522 955 1623 993 nos
1653 955 1782 1010 per-

147 1029 348 1084 venire.

839 1101 966 1149 Item
988 1100 1104 1150 alia.

210 1186 352 1239 Deus
374 1184 476 1256 qui
490 1184 812 1240 inluminas
831 1189 1078 1255 noctem,
1103 1190 1159 1241 et
1175 1185 1366 1240 lumen
1386 1192 1512 1258 post
1529 1186 1785 1241 tenebras

145 1279 288 1346 facis,
334 1278 590 1333 concede
643 1278 808 1334 nobis
848 1284 915 1334 ut
953 1279 1097 1334 hanc
1131 1284 1356 1333 noctem
1397 1279 1515 1333 sine
1562 1279 1780 1350 inpedi-

145 1376 326 1427 mento
346 1371 576 1427 Satanae
610 1377 985 1442 transeamus,
1019 1373 1202 1444 adque
1227 1373 1296 1427 ad
1319 1371 1615 1426 matutinis
1631 1372 1784 1427 horis

145 1466 209 1519 ad
233 1464 402 1521 altare
443 1470 621 1520 tuum
654 1470 1031 1531 revertentes,
1064 1465 1166 1520 tibi
1195 1467 1307 1521 Deo
1340 1465 1546 1538 gratias
1571 1464 1779 1521 refera-

147 1574 281 1614 mus.

846 1630 974 1678 Item
998 1628 1115 1678 alia.

213 1714 511 1782 lnlumina,
545 1730 904 1785 qumsumus,
949 1714 1186 1768 Domine
1207 1755 1220 1779 ,
1259 1714 1516 1767 tenebras
1543 1717 1780 1781 nostras,

145 1812 195 1860 et
229 1808 397 1862 totius
424 1809 618 1862 noctis
648 1807 879 1861 insidias
907 1807 1117 1878 repelle
1143 1806 1448 1878 propicius.
1481 1808 1604 1860 Per.

903 1908 1030 1957 Alia.

209 1995 354 2048 Tuus
382 1998 468 2048 est
507 1994 658 2060 dies,
694 1993 958 2062 Domine,
990 1997 1046 2048 et
1089 1998 1188 2047 tua
1215 1997 1300 2047 est
1341 2010 1451 2047 nox
1482 2009 1494 2046 :
1539 1993 1781 2047 concede

144 2088 308 2140 solem
327 2088 576 2157 justitiaa
611 2091 728 2141 tua:
758 2102 1088 2157 permanere
1115 2086 1176 2139 in
1203 2086 1465 2140 cordibus
1485 2087 1690 2140 nostris
1713 2086 1783 2140 ad

142 2180 485 2251 repellendas
513 2180 937 2251 cogitationum
960 2180 1220 2233 tenebras
1245 2178 1637 2250 iniquitatum.

842 2281 968 2329 Item
984 2280 1099 2329 alia.

206 2367 552 2439 V’espertinae
574 2365 770 2422 laudis
794 2365 980 2420 ofﬁcia
1005 2365 1403 2436 persolventes,
1426 2364 1783 2420 clementiam

147 2467 311 2527 tuam,
339 2460 585 2515 Domine
601 2502 626 2537 ,ι
649 2459 871 2514 humile
898 2475 1062 2530 prece
1087 2458 1370 2530 poscimus
1391 2500 1405 2525 ,
1431 2462 1496 2512 ut
1519 2457 1779 2512 nocturni

152 2554 479 2610 insidiatoris
503 2553 747 2608 frandes
776 2557 830 2608 te
856 2557 1189 2624 protegente
1215 2551 1475 2606 vitemus.

830 2653 961 2701 Item
993 2651 1110 2701 alia.

214 2740 552 2812 Propiciare,
594 2737 866 2807 Domine,
909 2736 1238 2806 vespertinis
1281 2734 1782 2806 supplicationibus

152 2834 361 2902 nostris,
388 2838 445 2888 et
472 2834 561 2887 fac
594 2848 704 2886 nos
735 2831 856 2884 sine
883 2831 999 2884 ullo
1029 2833 1187 2884 reatu
1213 2828 1506 2882 matutinis
1532 2829 1632 2884 tibi
1658 2829 1779 2883 lau-

153 2927 303 2980 dibus
334 2924 766 2997 repraesentari.
797 2926 918 2978 Per.

651 3042 848 3082 ORATIO
890 3042 955 3080 DE
996 3040 1283 3080 MATL'TINIS
1293 3065 1304 3077 .

215 3121 424 3175 Gratias
460 3121 567 3174 tibi
604 3120 858 3190 agimus,
903 3119 1138 3173 Domine
1169 3121 1384 3185 sancte,
1413 3118 1574 3170 Pater
1597 3115 1780 3169 omni-

153 3218 356 3283 potens,
391 3219 614 3268 azterne
644 3214 811 3279 Deus,
843 3212 940 3283 qui
966 3229 1068 3266 nos
1094 3213 1373 3265 transacto
1399 3208 1578 3263 noctis
1604 3208 1784 3279 spatio

1883 764 2007 802 rore
2035 748 2258 817 caelesti,
2302 753 2417 803 tota
2461 748 2549 804 die
2595 749 2902 820 refrigeriis
2949 747 3374 804 medicinalibus
3415 749 3501 804 fo-

1883 857 2136 896 veamur.

2629 911 2758 960 Alia.

1953 1001 2329 1071 Exsurgentes
2363 1000 2429 1054 de
2458 999 2736 1054 cubilibus
2764 1000 2987 1070 nostris,
3007 999 3282 1056 auxilium
3315 1001 3506 1073 gratim

1884 1098 1995 1146 tum
2025 1093 2316 1147 matutinis
2343 1093 2601 1164 precibus
2632 1093 3004 1163 imploramus
3019 1111 3036 1162 ;
3068 1097 3129 1147 ut
3149 1093 3409 1148 discussis
3429 1097 3507 1149 te-

1883 1185 2071 1240 nebris
2083 1185 2348 1240 vitiorum
2357 1185 2656 1257 ,ambolare
2670 1203 2990 1241 mereamur
3002 1186 3060 1241 in
3071 1187 3196 1241 luce
3207 1186 3481 1241 virtutum
3490 1228 3502 1242 .

2625 1286 2752 1339 Alia.

1951 1372 2218 1428 Matutina
2264 1372 2585 1444 supplicum
2628 1376 2773 1439 vota,
2803 1373 3057 1441 Domine,
3095 1373 3376 1446 prepitius
3414 1374 3498 1429 in-

1883 1469 2062 1536 tuere,
2091 1470 2146 1522 et
2174 1465 2392 1520 occulta
2426 1465 2607 1520 cordis
2643 1466 2820 1520 nostri
2848 1466 3097 1522 remedio
3126 1471 3241 1522 tuae
3268 1465 3506 1522 clariﬁca

1880 1559 2142 1630 pietatis;
2175 1563 2240 1614 ut
2279 1559 2550 1615 desideria
2578 1559 2873 1614 tenebrosa
2902 1576 3019 1617 non
3059 1564 3323 1630 teneant,
3361 1575 3504 1635 quos

1881 1650 1977 1704 lux
2007 1649 2241 1704 caelestis
2265 1649 2459 1722 gratiae
2490 1650 2786 1722 reparavit.
2814 1652 2939 1708 Per.

2617 1751 2745 1801 Alia.

1952 1836 2025 1889 Te
2061 1835 2244 1889 lucem
2281 1852 2473 1890 veram
2515 1839 2571 1890 et
2606 1837 2746 1892 lucis
2784 1841 3094 1909 auctorem,
3123 1837 3378 1906 Domine,
3405 1836 3503 1894 de-

1803 1941 1858 2012 B
1881 1944 2178 1998 precamur
2198 1946 2215 1998 ;
2247 1933 2310 1984 ut
2335 1929 2584 2000 digneris
2609 1931 2769 1985 nobis
2796 1931 3058 1987 tenebras
3082 1931 3354 2004 repellere
3380 1947 3504 2003 pec-

1882 2026 2152 2091 catorum,
2178 2025 2232 2075 et
2257 2022 2559 2078 clariticare
2587 2039 2688 2077 nos
2713 2024 2836 2080 luce
2861 2025 3158 2080 virtutum.

2429 2135 2777 2177 EXORCISMCM
2817 2138 2958 2177 OLEI.

1953 2216 2218 2271 Exorcizo
2272 2220 2347 2284 te,
2401 2217 2630 2288 spiritus
2681 2219 3134 2288 inmundissime,
3181 2235 3283 2291 per
3328 2220 3506 2274 Deum

1881 2311 2101 2364 Patrem
2113 2310 2557 2381 omnipotentem
2575 2315 2630 2365 et
2647 2313 2838 2366 Jesum
2853 2312 3138 2366 Christum
3161 2312 3364 2367 Filium
3385 2313 3506 2384 ejus

1882 2403 2183 2456 Dominum
2213 2408 2502 2471 nostrum;
2534 2409 2597 2458 ut
2625 2405 2809 2459 omnis
2831 2405 3003 2460 virtus
3025 2405 3346 2473 adversarii,
3379 2421 3503 2460 om-

1880 2511 1981 2548 nes
2007 2496 2288 2549 exercitus
2315 2495 2540 2563 diaboli,
2571 2513 2737 2551 omne
2763 2497 3098 2567 phantasma
3118 2497 3434 2552 eradicetur
3450 2500 3506 2552 et

1881 2588 2113 2658 etfugiat
2141 2588 2209 2641 ab
2240 2588 2345 2641 hac
2389 2593 2642 2642 creatura
2681 2590 2819 2655 olei;
2862 2594 2918 2644 et
2953 2590 3022 2644 sit
3065 2590 3134 2657 ei,
3180 2590 3276 2660 qui
3305 2605 3373 2644 ex
3399 2590 3505 2644 hac

1881 2684 2138 2733 creatura
2190 2679 2296 2732 olei
2338 2679 2703 2750 contingitur,
2746 2681 3088 2752 ubicumque
3134 2681 3192 2736 in
3236 2681 3504 2736 membris

1882 2773 2029 2826 illius
2053 2771 2411 2842 tetigerit,vel
2434 2774 2693 2843 perfusus
2716 2773 2906 2839 fuerit,
2921 2774 3158 2827 Domino
3177 2774 3502 2842 auxiliante,

1881 2865 2330 2919 benedictionem
2357 2865 2645 2936 percipiat,
2664 2871 2718 2921 et
2731 2867 2902 2920 vitam
2918 2871 3185 2922 aeternam
3219 2866 3506 2938 percipere

1883 2969 2222 3008 mereamur.

2470 3022 2768 3074 Benedictio
2802 3023 2923 3073 olei.

1955 3109 2071 3163 Rex
2098 3107 2291 3179 gloriae
2318 3108 2625 3179 majestatis
2656 3113 2784 3174 tuac,
2816 3108 3046 3164 Domine
3074 3110 3247 3178 Deus,
3275 3107 3508 3164 benedic

1885 3201 2028 3255 hanc
2054 3206 2371 3256 creaturam
2393 3202 2519 3266 olei,
2544 3207 2600 3255 et
2619 3202 2903 3256 sanctiﬁca
2930 3219 3074 3256 eam.
3098 3202 3336 3256 Infunde
3355 3201 3508 3256 illam

154 3307 214 3360 ad
242 3307 548 3360 matutinas
577 3306 750 3358 horas
777 3305 1087 3375 perducere
1114 3303 1378 3374 dignatus
1418 3318 1476 3355 es
1509 3319 1521 3354 :
1553 3316 1778 3372 quassu-
1803 3302 1856 3375 ρ
1881 3311 1913 3347 a
1953 3311 2078 3348 rore
2118 3295 2325 3349 ca=lesti
2367 3295 2567 3364 spiritu
2608 3295 2944 3363 sanctitatis;
2988 3300 3050 3350 ut
3103 3295 3508 3366 cujuscumque

155 3416 290 3466 mus,
326 3404 386 3452 ut
412 3400 595 3453 dones
622 3397 784 3451 nobis
799 3397 947 3451 diem
969 3398 1112 3450 hanc
1133 3396 1250 3448 sine
1278 3398 1506 3465 peccato
1526 3393 1780 3462 transire,

155 3497 426 3563 quatenus
453 3492 526 3546 ad
554 3506 861 3561 vesperum
889 3490 1094 3561 gratias
1122 3488 1456 3543 referamus.

907 3590 1036 3640 Alia.

221 3679 360 3733 Doni
399 3679 486 3732 tui
519 3681 629 3744 est,
662 3675 927 3745 Domine,
955 3675 1106 3746 quod
1137 3673 1456 3744 quievimus
1489 3688 1502 3726 :
1532 3670 1784 3726 muneris

219 3815 243 3841 ⁸
271 3817 400 3870 Post
439 3815 592 3868 hanc
644 3813 960 3866 orationem
1007 3808 1260 3881 sequitur
1316 3807 1424 3862 alia
1470 3805 1784 3881 benedictio

155 3885 254 3939 olei
278 3886 526 3940 secunda
557 3899 756 3938 manu.
801 3877 1246 3952 Frequens-olim
1276 3895 1412 3933 usus
1437 3877 1548 3952 olei
1570 3877 1783 3952 erat_ad

154 3956 370 4011 morbos
398 3955 707 4010 sanandos.
746 3953 902 4008 Unde
922 3948 1171 4022 Episcopi
1187 3965 1482 4021 nunquam
1509 3948 1628 4003 sine
1660 3948 1782 4002 oleo

1883 3404 2084 3457 corpus
2113 3389 2200 3441 vel
2239 3387 2558 3442 membrum
2589 3403 2657 3441 ex
2689 3405 2756 3442 eo
2792 3389 2963 3442 fuerit
2991 3387 3218 3442 linitum
3257 3389 3339 3442 vel
3375 3403 3504 3459 per-

1882 3479 2091 3545 fusum,
2124 3479 2379 3533 salutaris
2421 3480 2678 3550 gratiam,
2708 3485 2763 3533 et
2797 3485 3152 3550 peccatorum
3179 3481 3418 3548 veniam,
3451 3483 3508 3534 et

1883 3573 2176 3627 sanitatem
2207 3573 2481 3627 caelestem
2512 3573 2779 3642 consequi
2821 3577 3124 3627 mereatur.
3165 3573 3271 3628 Per
3312 3573 3502 3627 Domi-

1882 3681 2022 3718 num
2051 3670 2305 3718 nostrum
2335 3667 2525 3719 Jesum
2551 3664 2838 3718 Christum
2863 3664 2911 3718 ⁸.

1883 3813 2116 3869 peregre
2146 3796 2662 3869 proﬁciscebantur,
2691 3801 2755 3850 ut
2779 3796 2929 3851 varia
2960 3797 3217 3869 exempla
3246 3797 3501 3869 probant,

1883 3867 2173 3940 quas—alias
2200 3867 2518 3937 retulimus.

1465 4226 1572 4290 IN
1605 4225 1772 4289 DEI
1807 4224 2192 4292 NOMINE.

824 4363 1238 4448 INCIPIT
1325 4361 1781 4447 JUDICIU:

1921 4361 2838 4447 PIENITENTIALIS.

225 4679 258 4716 ι.
301 4662 359 4717 Si
377 4662 506 4733 quis
521 4659 759 4716 clericus
771 4657 1139 4713 homicidium
1153 4656 1366 4726 fecerit,
1389 4660 1445 4711 et
1460 4655 1783 4726 proximum

153 4771 313 4809 suum
337 4754 631 4819 occiderit,
671 4751 865 4806 decem
894 4767 1070 4805 annos
1108 4750 1261 4805 exsol
1290 4748 1317 4778 ⁸
1343 4748 1626 4820 paeniteat.
1657 4750 1785 4802 Post

153 4845 250 4901 hos
292 4847 606 4918 recipiatur
648 4846 706 4900 in
751 4843 994 4916 patriam
1025 4843 1115 4897 cui
1155 4842 1455 4908 conmisit,
1488 4840 1784 4895 satisfaciat

154 4942 481 5010 parentibus
509 4941 634 5011 ejus
661 4954 833 5009 quem
859 4936 1078 4990 occidit.

216 5050 270 5089 ιι.
305 5034 363 5088 Si
391 5034 522 5106 quis
554 5031 722 5086 ruina
746 5030 994 5084 maxima
1019 5026 1277 5082 ceciderit
1307 5027 1353 5096 ι),
1387 5032 1442 5081 et
1469 5025 1650 5081 illium
1681 5042 1778 5097 ge-

153 5127 352 5195 nuerit,
381 5131 605 5198 septem
631 5141 808 5178 annos
834 5122 1120 5194 pmniteat.

222 5236 299 5275 ιιι.
329 5221 383 5275 Si
411 5221 545 5292 quis
569 5222 762 5272 autem
790 5215 1169 5282 fornicaverit,
1199 5214 1341 5268 sicut
1369 5212 1669 5268 Sodomita!
1697 5211 1780 5266 fe-

153 5319 364 5382 cerunt,
395 5314 597 5368 decem
627 5327 806 5364 annos
835 5309 1120 5380 paeniteat,
1145 5312 1255 5362 tres
1277 5307 1335 5360 in
1363 5322 1508 5377 pane
1529 5310 1583 5359 et
1613 5321 1779 5376 aqua,

153 5410 205 5458 et
231 5423 548 5478 numquam
575 5421 709 5458 cum
735 5403 848 5457 alio
876 5401 1140 5455 dormiat.

223 5509 291 5548 iv.
324 5495 378 5549 Si
408 5495 539 5566 quis
567 5509 700 5547 vero
730 5489 1104 5546 homicidium
1129 5505 1260 5543 casu
1287 5488 1499 5556 fecerit,
1535 5505 1648 5542 non
1678 5505 1778 5542 vo-

153 5586 284 5655 lens,
307 5588 563 5658 quinque
593 5602 770 5640 annos
796 5582 1084 5655 paeniteat,
1117 5585 1231 5636 tres
1258 5582 1319 5636 in
1352 5597 1496 5652 pane
1528 5587 1583 5636 et
1609 5598 1775 5653 aqua.

222 5695 272 5733 ι’.
301 5681 354 5735 Si
383 5681 511 5752 quis
554 5679 626 5734 ad
671 5676 1046 5732 homicidium
1070 5675 1388 5730 faciendum
1414 5675 1776 5743 consenserit,

221 5821 244 5850 '
271 5823 348 5878 Ita
373 5823 647 5893 scriptum
675 5825 758 5875 est
796 5836 899 5893 pro
930 5819 1101 5872 exsul.

231 5894 254 5931 δ
283 5894 339 5948 Id
367 5887 576 5974 estjui
607 5907 776 5962 grave
798 5887 1035 5945 crimen
1079 5889 1299 5943 carnale
1341 5887 1704 5953 commiserit,
1735 5887 1778 5942 si

161 5968 301 6018 recte
333 5964 684 6035 conjicimus.

1885 4658 1939 4708 et
1967 4670 2081 4707 non
2121 4654 2330 4710 factum
2374 4655 2562 4724 fuerit,
2604 4660 2717 4712 tres
2745 4671 2922 4711 annos
2951 4655 3244 4728 paeniteat,
3282 4657 3420 4710 duos
3445 4656 3505 4710 in

1884 4763 2026 4818 pane
2053 4751 2109 4802 et
2133 4764 2300 4819 aqua.

1955 4852 2029 4889 v1.
2062 4836 2116 4892 Si
2157 4837 2282 4908 quis
2324 4838 2715 4910 perjuraverit,
2749 4845 2966 4912 septem
3011 4857 3192 4896 annos
3216 4839 3502 4911 paeniteat,

1883 4933 1995 4982 tres
2024 4929 2082 4982 in
2109 4946 2253 5000 pane
2281 4936 2333 4985 et
2359 4949 2524 5002 aqua,
2555 4936 2612 4986 et
2637 4950 2948 5005 numquam
2967 4934 3125 5005 juret
3150 4937 3360 5004 postea.

1955 5039 2052 5076 vn.
2085 5023 2139 5078 Si
2180 5023 2304 5094 quis
2330 5031 2550 5079 coactus
2575 5031 2674 5081 aut
2698 5027 2950 5082 nesciens
2973 5026 3364 5098 perjuraverit,
3397 5031 3508 5081 tres

1883 5136 2059 5174 annos
2086 5121 2373 5191 paeniteat,
2401 5140 2580 5177 unum
2610 5124 2667 5178 in
2697 5141 2842 5194 pane
2871 5138 2920 5177 ο.

1954 5229 2069 5268 vni.
2103 5214 2159 5269 Si
2190 5215 2318 5284 quis
2359 5216 2572 5270 furtum
2611 5217 2844 5287 capitale
2870 5217 3094 5287 fecerit,
3125 5218 3512 5289 quadrupedia

1882 5306 1968 5359 vel
1992 5323 2146 5360 casas
2193 5307 2453 5377 fregerit,
2495 5309 2746 5381 quinque
2771 5327 2947 5365 annos
2979 5311 3272 5383 pmniteat,
3307 5317 3420 5366 tres
3450 5312 3509 5366 in

1883 5411 2048 5466 pane.

1954 5504 2027 5541 ix.
2060 5487 2117 5542 Si
2141 5489 2266 5559 quis
2290 5489 2565 5546 maleﬁcio
2591 5508 2692 5546 suo
2719 5491 2932 5564 aliquid
2956 5493 3280 5563 perdiderit,
3312 5493 3505 5548 decem

1882 5597 2058 5635 annos
2084 5583 2371 5652 paeniteat,
2404 5588 2515 5638 tres
2543 5584 2601 5638 in
2629 5601 2792 5656 pane.

1955 5691 2005 5729 ιι.
2035 5675 2090 5730 Si
2111 5675 2238 5748 quis
2268 5693 2370 5746 pro
2394 5693 2586 5733 amore
2617 5678 2953 5734 veneﬁcium
2978 5680 3191 5748 fecerit,
3233 5683 3288 5733 et
3313 5676 3497 5732 nemi-

1880 5904 1911 5942 α
1949 5829 1972 5857 ο
2013 5819 2402 5890 Supplendum
2442 5820 2666 5876 videtur
2710 5822 2801 5876 hic
2837 5825 2895 5877 et
2937 5822 2994 5877 in
3041 5815 3419 5891 sequentibus,
3449 5819 3497 5867 εἰ

1917 5905 2045 5942 σιια.

1917 5905 2045 5958 qua.
