3994 6446
467 457 569 521 578

1327 462 1656 520 APPENDIX
1691 467 1779 521 AD
1815 465 2035 521 OPERA
2071 468 2126 521 S.
2165 465 2463 522 GERMANI
2499 463 2927 523 PARISIENSIS.

3750 451 3858 519 376

463 585 598 626 nem
624 567 948 641 perdiderit,
977 573 1088 626 tres
1115 584 1292 624 annos
1319 571 1584 642 paeniteat
1604 614 1618 642 ,
1645 588 1827 626 unum
1853 571 1912 626 in
1939 588 2084 645 pane
2105 585 2163 660 Α
2256 589 2418 628 xxvu.
2451 572 2506 629 Si
2553 573 2680 644 quis
2722 573 2792 628 ad
2831 571 3061 629 arbores
3096 571 3184 630 vel
3221 571 3293 629 ad
3321 565 3520 628 fontes
3553 570 3666 626 aut
3711 585 3858 625 can-

467 667 524 718 et
547 677 712 734 aqua.

535 771 608 811 χι.
649 755 703 812 Si
733 755 860 828 quis
883 757 1111 813 mulieri
1129 762 1354 830 partum
1385 759 1689 830 deceperit,
1717 773 1813 813 sex
1841 759 2084 831 quadra-

466 863 638 920 genas
665 855 798 920 agat
819 850 877 905 in
906 867 1071 922 pane.

537 958 632 998 xu.
675 942 731 998 Si
759 943 884 1016 quis
911 943 1142 999 clericus
1167 943 1250 998 vel
1281 921 1514 1014 superio
1534 943 1746 1015 gradus
1763 984 1777 1011 ,
1817 943 1915 1014 qui
1943 959 2082 999 uxo-

466 1050 589 1090 rem
615 1035 830 1102 habuit,
847 1039 903 1090 et
931 1040 1056 1108 post
1075 1029 1350 1092 honorem
1375 1037 1582 1092 iterum
1599 1053 1724 1090 eam
1742 1035 2086 1107 cognoverit,

465 1128 602 1184 sciat
636 1145 693 1182 se
738 1129 1074 1184 adulterium
1101 1129 1467 1186 commisisse.
1505 1130 1748 1184 Clericus
1773 1128 1800 1158 ⁸
1827 1134 2086 1201 quatuor,

465 1220 732 1276 diaconus
757 1239 872 1290 sex,
903 1223 1158 1278 sacerdos
1185 1228 1424 1294 septem,
1453 1222 1747 1294 episcopus
1770 1223 2086 1292 duodecim,

467 1315 674 1386 singuli
701 1315 762 1369 in
785 1332 929 1387 pane
956 1322 1011 1371 et
1035 1333 1185 1389 aqua
1202 1317 1368 1388 juxta
1395 1317 1652 1371 ordinem
1677 1333 1864 1372 suum.

536 1424 654 1464 xm.
695 1407 748 1463 Si
797 1409 922 1480 quis
963 1426 1094 1464 cum
1145 1410 1596 1466 sanctmmoniale
1623 1411 1708 1464 vel
1753 1411 1864 1464 Deo
1892 1410 2092 1466 devota

465 1500 836 1572 fornicaverit,
864 1503 1252 1575 unusquisque
1297 1503 1584 1575 superiore
1627 1503 1902 1559 sententia
1923 1504 2092 1574 juxta

469 1593 725 1649 ordinem
753 1612 917 1650 suum
941 1595 1222 1667 paeniteat.

539 1704 649 1743 xxv.
677 1688 731 1744 Si
760 1689 886 1761 quis
905 1705 1038 1744 vero
1057 1692 1292 1761 propter
1305 1688 1834 1760 concupiscentiam,
1857 1691 1943 1745 vel
1966 1689 2090 1746 libi-

469 1781 658 1837 dinem
685 1781 934 1853 seipsum
958 1781 1335 1850 fornicaverit,
1359 1797 1540 1837 unum
1565 1799 1778 1837 annum
1803 1784 2089 1854 paeniteat.

469 1859 486 1866 ’
535 1890 622 1930 xv.
652 1874 707 1930 Si
744 1875 870 1948 quis
908 1876 1230 1948 sepulcrum
1266 1874 1578 1944 violaverit,
1623 1875 1874 1948 quinque
1915 1893 2093 1932 annos

468 1969 754 2039 paeniteat.

537 2076 646 2116 XVI.
675 2061 730 2115 Si
777 2061 906 2132 quis
957 2061 1299 2133 concupiscit
1347 2060 1668 2130 mulierem,
1715 2064 1772 2116 et
1814 2077 1928 2116 non
1975 2060 2095 2117 vult

470 2168 596 2208 eam
622 2153 923 2224 suscipere,
950 2170 1131 2209 unum
1157 2169 1372 2209 annum
1395 2155 1680 2225 paeniteat.

539 2261 670 2302 xvu.
702 2245 759 2302 Si
784 2245 911 2318 quis
936 2246 1352 2316 eucharistiam,
1383 2263 1585 2317 corpus
1611 2246 1856 2316 Domini,
1887 2245 2086 2317 negle-

469 2339 613 2394 xerit
635 2344 734 2394 aut
759 2339 1101 2410 perdiderit,
1129 2356 1311 2395 unum
1335 2355 1550 2394 annum
1591 2339 1876 2411 paeniteat.
1909 2339 1964 2394 Si
1991 2355 2094 2409 per

467 2432 796 2487 ebrietatem
821 2437 919 2488 aut
941 2433 1302 2489 voracitatem
1330 2433 1491 2487 illum
1517 2433 1774 2502 vomerit,
1807 2437 1920 2486 tres
1949 2448 2090 2503 qua-

465 2525 810 2598 dragesimas
851 2527 908 2582 in
947 2543 1091 2598 pane
1131 2531 1187 2581 et
1223 2544 1388 2600 aqua.
1418 2526 1470 2582 Si
1502 2543 1634 2581 vero
1661 2542 1764 2598 per
1790 2525 2090 2581 inﬁrmita-

464 2621 602 2685 tem,
631 2635 746 2673 una
771 2619 1126 2674 hebdomade
1153 2619 1212 2674 in
1240 2635 1384 2691 pane
1416 2624 1472 2674 et
1497 2636 1664 2690 aqua.

534 2728 688 2768 xvm.
722 2712 778 2767 Si
805 2713 933 2784 quis
965 2713 1220 2782 clericus,
1249 2716 1348 2767 aut
1375 2729 1516 2766 uxor
1531 2729 1654 2780 sua,
1672 2712 1758 2766 vel
1778 2709 2095 2781 cujuscum-

465 2821 575 2876 que
597 2804 872 2861 infantem
898 2805 1258 2878 oppresserit,
1287 2809 1400 2860 tres
1428 2821 1608 2860 annos
1625 2805 2093 2876 paeniteat,unum

466 2898 528 2952 in
553 2914 720 2968 pane.

538 3006 648 3045 χιχ.
681 2989 737 3045 Si
773 2991 898 3062 quis
931 3007 1061 3044 vero
1104 2989 1390 3046 maleﬁcus
1428 2989 1688 3044 inmissor
1727 2989 2091 3060 tempestatis,

468 3086 684 3155 septem
709 3099 886 3138 annos
915 3083 1196 3154 paeniteat,
1227 3087 1346 3138 tres
1374 3083 1431 3138 in
1458 3099 1605 3154 pane
1634 3086 1690 3137 et
1715 3099 1878 3154 aqua.

542 3191 631 3232 xx.
662 3175 716 3231 Si
743 3175 870 3247 quis
899 3180 1090 3230 autem
1125 3177 1448 3231 membrum
1484 3175 1768 3230 voluntate
1798 3179 2091 3230 truncave-

468 3268 560 3338 rit,
591 3269 843 3340 quinque
868 3285 1045 3323 annos
1068 3268 1351 3340 paeniteat.

537 3377 644 3417 χχι.
679 3361 734 3418 Si
778 3361 903 3432 quis
940 3365 1133 3416 autem
1173 3378 1372 3416 usuras
1397 3360 1424 3399 ι)
1451 3361 1847 3432 undecumque
1888 3376 2091 3432 exege-

467 3453 559 3520 rit,
590 3459 704 3509 tres
731 3471 906 3510 annos
931 3455 1218 3525 paeniteat,
1248 3471 1427 3509 unum
1456 3454 1582 3510 in...

537 3563 668 3603 xxu.
696 3548 748 3604 Si
777 3548 904 3620 quis
947 3565 1049 3620 per
1088 3552 1420 3620 potestatem
1463 3549 1565 3602 aut
1607 3546 1895 3618 quodlibet
1928 3547 2093 3619 inge-

463 3641 626 3695 nium
665 3657 752 3696 res
794 3641 1003 3696 alienas
1045 3642 1202 3696 malo
1249 3640 1446 3696 ordine
1479 3639 1766 3710 invaserit,
1805 3640 2096 3712 superiore

467 3735 741 3789 sententia
770 3735 1054 3806 paeniteat.

537 3843 690 3882 χχιιι.
723 3827 780 3882 Si
804 3827 930 3898 quis
968 3827 1324 3898 sacrilegium
1361 3825 1574 3896 fecerit,
1619 3825 1772 3897 quod
1813 3825 2096 3896 aruspices

466 3925 686 3985 vocant,
717 3919 764 3972 si
789 3936 894 3990 per
921 3935 1050 3974 aves
1077 3926 1176 3974 aut
1199 3919 1398 3990 aguria
1419 3919 1632 3986 colunt,
1659 3918 1748 3973 vel
1777 3919 1848 3974 ad
1875 3918 2092 3973 divina-

469 4012 650 4068 tiones
677 4029 875 4067 eorum
901 4012 1129 4079 vadunt,
1158 4011 1408 4084 quinque
1447 4026 1624 4065 annos
1665 4011 1952 4084 paeniteat,
1982 4016 2096 4066 tres

471 4105 530 4159 in
554 4121 699 4176 pane
724 4108 780 4159 et
805 4121 969 4176 aqua.
1819 4105 1826 4116 “

545 4213 690 4252 χχιν.
719 4198 772 4254 Si
802 4197 928 4269 quis
954 4196 1188 4252 clericus
1207 4195 1532 4266 proximum
1551 4212 1716 4252 suum
1735 4197 2092 4268 percusserit,

471 4295 528 4345 et
553 4291 888 4362 sanguinem
916 4289 1144 4357 fuderit,
1177 4305 1289 4344 uno
1313 4290 1581 4361 paeniteat
1608 4306 1780 4344 anno.

539 4400 666 4438 xxv.
697 4385 750 4440 Si
778 4384 904 4456 quis
932 4384 1080 4438 malo
1106 4383 1303 4438 ordine
1326 4382 1584 4454 cupidus,
1617 4387 1715 4438 aut
1754 4400 1972 4455 avarus,
1999 4389 2098 4440 aut

469 4477 760 4548 superbus,
800 4481 898 4532 aut
930 4477 1259 4532 tenebrosus
1278 4519 1292 4545 ,
1321 4481 1420 4531 aut
1453 4477 1686 4532 fratrem
1713 4493 1879 4532 suum
1925 4476 2088 4550 [odio]

471 4571 748 4641 habuerit,
776 4575 890 4626 tres
915 4587 1090 4625 annos
1118 4569 1398 4640 paeniteat.

2105 3871 2148 3915 ὁ

540 4679 686 4718 xxvr.
727 4663 781 4719 Si
810 4663 935 4735 quis
975 4668 1151 4718 sortes
1180 4673 1205 4704 ο
1239 4667 1559 4718 sanctorum
1589 4666 1782 4718 contra
1816 4663 2094 4718 rationem
2113 4675 2171 4747 D

469 4756 708 4825 invocat,
728 4757 815 4811 vel
833 4757 968 4811 alias
989 4761 1164 4811 sortes
1181 4755 1462 4826 habuerit,
1476 4760 1586 4811 tres
1607 4773 1787 4811 annos
1806 4757 2090 4828 paeniteat,

469 4865 648 4904 unum
673 4849 732 4904 in
759 4866 904 4922 pane
935 4853 992 4906 et
1014 4867 1182 4922 aqua.

538 4995 563 5022 ι
602 4984 774 5038 Locus
814 4983 1196 5037 observatione
1241 4983 1448 5052 dignus
1475 4982 1543 5036 de
1569 4981 1911 5036 continentia
1935 4982 2094 5037 cleri-

467 5070 684 5125 corum,
713 5055 880 5108 etiam
911 5071 1106 5108 eorum
1135 5052 1234 5125 qui
1261 5053 1548 5125 conjugati
1568 5057 1754 5125 erant.
1776 5053 2090 5125 Concilium

467 5123 814 5196 Africanum,
842 5141 873 5176 a
898 5123 1171 5178 Zacharia‘
1200 5123 1466 5196 pontiﬁce
1501 5123 1743 5196 relatum
1770 5123 1831 5178 in
1850 5123 2091 5196 epistola

468 5197 500 5246 9
530 5195 619 5267 ad
644 5194 928 5266 Pipinum,
969 5212 1092 5267 cap.
1135 5193 1221 5263 ll,
1251 5194 1499 5248 minores
1524 5193 1754 5267 clericos
1798 5194 1868 5248 ad
1898 5193 2086 5248 conti-

466 5264 724 5318 nentiam
746 5280 857 5318 non
873 5264 1053 5336 cogit,
1076 5267 1170 5320 sed
1195 5267 1478 5320 secundum
1502 5266 1912 5334 uniuscujusque
1937 5267 2094 5319 cccle-

465 5336 561 5388 siae
597 5335 1022 5390 consuetudinem
1051 5338 1322 5392 observari
1345 5337 1530 5390 debere
1555 5335 1751 5389 sancit.
1779 5335 2091 5390 Concilium

467 5405 866 5476 Matisconense
892 5448 906 5474 ,
945 5423 1066 5462 can.
1102 5411 1186 5476 11,
1216 5409 1580 5461 honoratiores
1605 5411 1826 5460 tantum
1854 5407 2089 5468 clericos,

467 5473 522 5528 id
550 5481 633 5529 est
657 5473 916 5546 majores,
937 5479 1004 5531 ad
1033 5479 1091 5531 id
1119 5473 1434 5546 adstringit.
1465 5478 1714 5531 Fortasse
1739 5476 1832 5530 hic
1857 5476 2089 5531 clerico-

465 5561 610 5618 rum
641 5547 869 5603 nomine
912 5547 1234 5618 subdiaconi
1273 5553 1595 5618 censentur,
1642 5547 1710 5618 de
1757 5547 1962 5618 quibus
2004 5547 2089 5601 vi-

467 5615 671 5690 denda
697 5619 948 5690 Gregorii
1001 5617 1197 5690 magni
1249 5617 1481 5688 epistola
1531 5619 1598 5672 42
1649 5617 1744 5670 lib.
1773 5615 1836 5672 “ι.
1891 5618 2092 5672 Confer

466 5687 615 5812 Peftri
644 5687 896 5744 Damiani
933 5687 1297 5760 Opusc’ulum’
1325 5691 1378 5756 7,
1405 5704 1438 5741 a
1463 5704 1588 5758 cap.
1640 5690 1703 5740 l0
1731 5691 1786 5742 et
1809 5704 1971 5744 num.
1998 5690 2086 5756 28,

466 5774 522 5812 ιιι
553 5775 630 5812 ra.

465 5774 630 5814 lDIl‘a.

537 5829 564 5869 ι)
603 5827 669 5882 Et
695 5827 787 5882 hic
829 5829 984 5883 locus
1024 5827 1407 5882 observandus
1446 5831 1640 5881 contra
1681 5843 1896 5897 usuras,
1938 5829 2089 5883 nulla

470 5899 754 5970 mentione
779 5899 921 5953 facta
939 5899 1195 5970 solorum
1221 5897 1796 5970 clericorum._(_30nfer
1816 5899 2086 5970 paeniten-

472 5968 598 6022 tiale
625 5968 972 6037 Ciunmeani,
1001 5987 1121 6043 cap.
1165 5972 1217 6041 8,
1246 5967 1344 6023 ubi
1379 5967 1648 6024 usurariis
1688 5967 1929 6042 quatuor
1956 5971 2090 6027 anni

2112 1947 2168 2019 Β

2185 665 2369 734 cellos,
2397 666 2482 720 vel
2511 665 2873 738 ubicumque,
2902 665 3011 720 nisi
3042 665 3102 720 in
3129 665 3387 734 ecclesia,
3419 670 3637 720 votum
3679 679 3854 719 vove-

2185 757 2276 826 rit,
2303 762 2400 812 aut
2437 758 2678 827 solverit,
2706 763 2820 813 tres
2845 775 3022 812 annos
3048 759 3350 830 paeniteat,
3381 773 3580 812 unum
3611 755 3677 812 in
3707 771 3858 828 pane

2185 853 2242 904 et
2264 866 2432 922 aqua,
2479 851 2612 922 quia
2657 851 2764 905 hoc
2807 851 3168 922 sacrilegium
3213 855 3319 906 est.
3367 852 3439 905 Et
3479 849 3590 923 qui
3635 849 3863 905 ibidem

2185 943 2494 998 comederit
2520 947 2618 998 aut
2642 943 2872 1013 biberit,
2904 959 3085 998 unum
3113 959 3334 998 annum
3359 943 3680 1015 paeniteat.

2259 1063 2447 1103 xxviii.
2475 1047 2530 1103 Si
2555 1047 2684 1120 quis
2726 1048 2979 1117 clericus,
3008 1053 3310 1120 postquam
3338 1065 3398 1104 se
3439 1050 3566 1103 Deo
3609 1048 3860 1120 voverit,

2187 1139 2395 1194 iterum
2422 1139 2492 1194 ad
2520 1128 2790 1194 saeculum
2815 1156 3073 1195 reversus
3095 1141 3305 1209 fuerit,
3333 1142 3424 1196 vel
3454 1157 3720 1196 uxorem
3748 1141 3858 1196 du-

2189 1233 2334 1287 xerit
2359 1232 2406 1302 d,
2437 1232 2732 1287 duodecim
2777 1249 2954 1288 annos
2998 1233 3290 1304 paeniteat,
3335 1250 3437 1289 sex
3493 1234 3562 1289 in
3601 1250 3758 1305 pane
3803 1238 3862 1292 et

2186 1342 2350 1398 aqua,
2382 1331 2438 1380 et
2472 1342 2788 1398 numquam
2829 1327 2891 1381 in
2917 1327 3185 1399 conjugio
3222 1328 3552 1398 copuletur.
3603 1327 3774 1392 Quod
3811 1327 3860 1382 si

2187 1419 2493 1487 noluerint,
2535 1424 2724 1475 sancta
2761 1420 2922 1475 sedes
2973 1420 3283 1492 apostolica
3328 1421 3631 1493 separavit
3681 1437 3783 1476 eos
3831 1437 3868 1476 a

2189 1517 2593 1571 communione
2638 1519 2985 1572 sanctorum.
3030 1517 3308 1572 Similiter
3335 1524 3394 1573 et
3421 1518 3655 1573 mulier
3701 1522 3868 1590 post-

2189 1626 2359 1680 quam
2385 1626 2444 1664 se
2476 1610 2590 1664 Deo
2616 1611 2792 1682 vovit,
2822 1617 2879 1666 et
2905 1612 3014 1666 tale
3052 1611 3236 1666 scelus
3265 1611 3580 1667 admiserit
3599 1653 3615 1682 ,
3647 1611 3869 1666 simili-

2189 1706 2277 1758 ter
2301 1702 2488 1758 faciat.

2263 1811 2408 1850 χχιχ.
2440 1795 2494 1851 Si
2521 1795 2648 1868 quis
2669 1795 2978 1851 falsitatem
2999 1795 3375 1867 commiserit,
3410 1803 3650 1868 septem
3677 1814 3869 1854 annos

2192 1889 2481 1959 paeniteat,
2515 1892 2629 1943 tres
2651 1889 2714 1943 in
2739 1905 2906 1960 pane.

2262 1997 2384 2036 xxx.
2413 1981 2467 2035 Si
2495 1981 2620 2053 quis
2649 1997 2781 2036 cum
2807 1981 3200 2053 quadrupedia
3226 1981 3630 2053 fornicaverit,
3664 1983 3716 2038 si
3744 1983 3868 2040 cle-

2190 2073 2361 2142 ricus,
2395 2073 2534 2128 duos
2555 2091 2750 2143 annos,
2781 2075 3048 2129 diaconus
3075 2075 3356 2148 quinque,
3389 2076 3714 2148 presbyter
3741 2094 3871 2149 sep-

2190 2170 2327 2235 tem,
2357 2167 2651 2239 episcopus
2669 2167 2883 2222 decem.

2265 2275 2409 2314 χχχι.
2441 2259 2496 2314 Si
2535 2260 2662 2331 quis
2706 2260 2978 2314 Kalendas
3015 2260 3315 2316 Ianuarias
3353 2261 3416 2316 in
3462 2263 3727 2334 cervolo,
3776 2265 3865 2320 vel

2191 2352 2369 2408 vicola
2393 2364 2416 2393 ο
2449 2353 2620 2422 vadit,
2649 2356 2765 2408 tres
2792 2370 2970 2408 annos
2995 2354 3285 2426 paeniteat.

2263 2461 2428 2500 χχχιι.
2459 2445 2513 2500 Si
2554 2446 2681 2517 quis
2707 2446 2915 2501 mulier
2955 2463 3221 2502 avorsum
3259 2447 3469 2504 fecerit
3513 2450 3868 2521 voluntarie,

2192 2543 2304 2594 tres
2327 2555 2504 2593 annos
2533 2539 2822 2610 paeniteat,
2851 2556 3034 2594 unum
3059 2539 3120 2595 in
3148 2557 3297 2612 pane
3325 2547 3387 2596 et
3404 2558 3590 2614 aqua.

2264 2655 2453 2694 xxxm.
2487 2639 2541 2694 Si
2567 2639 2693 2710 quis
2717 2655 2822 2711 per
2844 2639 3259 2696 invocationem
3283 2642 3642 2700 daemonum
3671 2646 3868 2702 homi-

2193 2749 2334 2788 num
2358 2736 2576 2794 mentes
2599 2733 2810 2802 tulerit,
2838 2733 3094 2804 quinque
3118 2751 3302 2790 annos
3329 2736 3643 2806 paeniteat.

2265 2851 2446 2890 xxxxv.
2477 2833 2532 2889 Si
2561 2835 2688 2906 quis
2725 2835 3005 2907 virginem
3043 2838 3131 2892 vel
3158 2837 3396 2893 viduam
3425 2844 3641 2912 raptus
3668 2840 3868 2914 fuerit,

2194 2930 2306 2982 tres
2331 2943 2506 2981 annos
2532 2928 2815 2998 paeniteat,
2843 2945 3027 2984 unum
3051 2930 3112 2984 in
3141 2947 3293 3002 pane
3322 2936 3382 2987 et
3407 2947 3591 3004 aqua.

2263 3045 2424 3084 xxxv.
2469 3029 2524 3084 Si
2564 3029 2690 3101 quis
2719 3030 2989 3086 dilaturas
3031 3031 3260 3104 fecerit,
3311 3035 3476 3105 quod
3510 3035 3865 3094 detestabile

2193 3127 2296 3192 est,
2328 3121 2620 3193 superiore
2649 3124 2930 3178 sententia
2959 3125 3268 3197 subjaceat.

2265 3241 2445 3280 xxxvr.
2475 3223 2530 3281 Si
2555 3224 2680 3297 quis
2727 3242 2952 3280 servum
2995 3227 3084 3282 vel
3113 3229 3622 3304 qualemcumque
3671 3233 3868 3288 homi-

2113 3311 2168 3385 ί]
2191 3329 2324 3368 nem
2376 3313 2436 3367 in
2484 3313 2865 3384 captivitatem
2893 3315 3141 3385 duxerit,
3180 3322 3300 3374 tres
3332 3334 3530 3374 annos
3561 3322 3869 3393 paeniteat,

2194 3423 2374 3462 unum
2402 3405 2462 3460 in
2487 3421 2656 3477 pauc.

2266 3525 2467 3564 xxxvn.
2495 3507 2550 3563 Si
2593 3509 2723 3580 quis
2769 3509 3004 3565 domum
3046 3511 3136 3567 vel
3175 3528 3374 3568 aream
3431 3515 3872 3590 cujuscumque

2196 3602 2326 3674 igne
2353 3601 2700 3672 cremaverit,
2729 3604 3022 3675 superiore
3054 3605 3338 3661 sententia
3365 3609 3680 3678 paeniteat.

2265 3721 2484 3760 XXXVIII.
2515 3705 2569 3760 Si
2609 3705 2736 3776 quis
2778 3705 2992 3778 aliquid
3035 3707 3105 3762 de
3142 3707 3472 3764 ministerio
3517 3718 3746 3770 sanctae
3773 3731 3870 3771 ec-

2195 3799 2379 3852 clesiae
2410 3798 2754 3854 fraudaverit
2775 3799 2862 3854 vel
2888 3800 3229 3872 neglexerit,
3259 3805 3492 3874 septem
3521 3821 3718 3862 annos
3744 3825 3869 3881 pee-

2194 3891 2392 3959 niteat,
2419 3895 2534 3946 tres
2560 3891 2621 3946 in
2647 3908 2813 3963 pane.

2264 4009 2444 4048 xxxxx.
2483 3992 2589 4058 Qui
2616 3993 2846 4064 pruritu
2872 3994 3176 4050 voluntatis
3208 3995 3460 4052 ﬂuvium
3499 4001 3738 4072 patitur
3775 4021 3867 4060 se-

2195 4085 2382 4154 minis,
2411 4090 2468 4141 et
2493 4102 2595 4157 per
2619 4102 2884 4141 somnum
2908 4088 3163 4159 pollutus
3191 4091 3543 4164 peccaverit,
3571 4101 3785 4168 surgat
3813 4101 3872 4152 et

2194 4184 2317 4234 oret
2341 4179 2412 4234 ad
2440 4179 2642 4248 Deum,
2669 4184 2856 4234 cantet
2881 4185 3100 4252 septem
3127 4183 3382 4254 psalmos
3406 4227 3422 4256 ,
3453 4191 3516 4241 et
3543 4187 3645 4244 die
3675 4189 3780 4246 illo
3809 4190 3870 4246 in

2194 4288 2338 4343 pane
2358 4277 2415 4326 et
2439 4287 2584 4342 aqua
2609 4271 2792 4341 vivat;
2825 4277 2882 4327 et
2908 4272 3119 4328 iterum
3150 4281 3319 4332 canat
3337 4276 3591 4350 triginta
3611 4283 3869 4353 psalmos

2193 4364 2253 4419 in
2277 4381 2460 4434 cruce,
2490 4369 2546 4419 et
2567 4364 2638 4420 ad
2663 4365 2840 4420 altare
2865 4382 2984 4421 non
3012 4368 3244 4423 accedat
3271 4385 3461 4442 usque
3492 4389 3698 4431 mane.

2261 4483 2348 4522 χι..
2380 4466 2434 4522 Si
2460 4483 2563 4538 per
2587 4483 2853 4522 somnum
2878 4470 3196 4539 peccaverit
3237 4472 3405 4543 quasi
3431 4491 3574 4529 cum
3604 4477 3862 4549 femina,

2192 4559 2392 4631 viginti
2421 4559 2671 4632 quinque
2697 4561 2944 4632 psalmos
2969 4567 3175 4618 cantet.

2266 4679 2368 4717 xu.
2399 4662 2455 4718 Si
2481 4678 2549 4717 ex
2569 4662 2911 4734 cogitatione
2937 4681 3044 4736 per
3069 4683 3339 4724 somnum
3366 4672 3638 4742 pollutus
3663 4676 3863 4746 fuerit,

2193 4755 2517 4828 quindecim
2542 4757 2788 4828 psalmos
2813 4757 2983 4813 dicat.

2263 4864 2391 4904 XLII.
2429 4849 2484 4904 Si
2525 4865 2594 4904 ex
2632 4846 2869 4920 corpore
2911 4851 3130 4923 repleto
3169 4855 3432 4926 pollutus
3457 4859 3672 4932 fuerit,
3706 4864 3862 4936 psal-

2229 4981 2969 5064 oen‘itentizejmponuntur.
3005 4987 3199 5064 Exstat
3235 5005 3372 5044 cum
3417 4994 3711 5064 operibus
3756 4998 3860 5054 Co-

2216 5053 2445 5108 umbani
2475 5053 2737 5108 editionis
2763 5055 3123 5111 Lovaniensis
3149 5075 3244 5114 an.
3282 5064 3447 5118 1667.

2260 5125 2504 5248 ctuSIplrEe:
2547 5124 2825 5194 ejusmodi
2855 5124 3068 5182 ﬁebant
3102 5145 3208 5200 per
3255 5147 3449 5188 sacros
3488 5137 3729 5195 codices
3757 5183 3771 5212 ,
3801 5143 3864 5194 ut

2260 5216 2266 5244 ι
2435 5212 2478 5248 .s
2510 5235 2523 5248 .

2190 5210 2392 5250 natum
2419 5210 2523 5248 est.

2260 5266 2286 5306 ἀ
2318 5267 2444 5318 Haec
2471 5265 2667 5345 iisdem
2694 5265 2874 5345 ferme
2898 5268 3086 5324 verbis
3104 5271 3360 5344 reperies
3382 5273 3445 5330 in
3460 5277 3861 5337 Pcenitentiali

2191 5337 2540 5400 Cummeani,
2571 5353 2694 5406 cap.
2723 5340 2774 5392 3.

2259 5417 2292 5482 e_
2317 5407 2644 5482 Legendum
2673 5407 2911 5475 videtur,
2947 5411 3120 5465 vitola
3146 5429 3252 5482 pro
3278 5416 3577 5480 vitula,ut
3607 5421 3676 5477 in
3698 5423 3865 5478 variis

2189 5476 2344 5549 locis.
2402 5479 2460 5530 In
2502 5493 2769 5549 sermone
2823 5483 3014 5534 tamen
3063 5476 3242 5537 salicti
3283 5476 3564 5544 Pirmihii
3613 5476 3674 5546 ad,
3697 5476 3862 5549 nobis

2191 5547 2359 5632 edito,
2388 5547 2759 5632 ειυειιίεεξιβη
2789 5550 2996 5632 βοείίοθ
3025 5552 3410 5632 Einsielsnsi,
3444 5559 3682 5632 legitur
3700 5547 3860 5620 Eéhzi

2189 5619 2940 5707 ἳδξέίῖξξᾶίέἷὲἶ9]Ϋ.ΑΗ³¹θ⁰ίο.ν
2982 5638 3127 5707 νεεο.
3158 5627 3284 5707 δξβ·
3324 5619 3701 5707 νὀἠθῖἶιέοά
3729 5619 3862 5707 pw-

2191 5689 2524 5768 biberentur
2548 5690 2890 5768 vectationes
2913 5691 2972 5746 in
2983 5689 3281 5768 Vehiculis
3309 5714 3448 5768 qua!
3485 5689 3569 5758 ah
3597 5689 3858 5762 hornini—

2188 5759 2293 5812 bus
2317 5759 2665 5836 inspeciem
2691 5776 2962 5836 pecorum
2989 5759 3855 5836 compositis.trahebantulrfln

2229 5829 2612 5919 itft‘iﬁwﬁ."
2637 5829 3036 5919 ᾼρἓυῖηέἶίξοὲθ
3067 5829 3553 5919 1dfiil’araesupra,
3584 5829 3736 5919 Ρέἐί
3755 5829 3850 5904 330i

2189 5900 2475 6028 ἓξὲιέᾢγῖαϋ.
2509 5902 2607 5956 σοι.
2639 5903 2740 5956 447
2785 5900 2952 5975 iuit),
2990 5900 3206 5980 legitur
3250 5900 3857 5991 υείοοιὶιηίρέιουίτρλὶὲ
