3994 6404
113 343 208 397 577

111 464 228 502 mos
253 447 568 502 duodecim
594 449 763 518 dicat,
793 452 848 503 et
873 448 962 503 die
989 448 1085 502 illo
1107 449 1348 519 jejunet.

178 557 332 596 xun.
362 541 420 596 Si
450 543 586 613 quis
617 541 960 597 sacriﬁcium
985 557 1088 613 per
1115 539 1522 612 negligentiam
1564 541 1752 612 perdi-

114 633 272 703 derit,
299 649 423 687 uno
451 651 609 689 anno
634 634 920 706 paeniteat.

180 741 320 780 xuv.
357 726 428 781 Et
465 727 570 798 qui
595 727 919 798 neglexerit
943 725 1299 794 sacriﬁcium,
1333 731 1390 781 et
1417 743 1450 781 a
1473 726 1756 782 vermibus

115 823 486 873 consumatur
500 819 550 888 ⁸,
575 820 814 874 dimidio
830 836 980 874 anno
996 819 1262 890 paeniteat
1277 819 1335 873 in
1359 835 1500 890 pane
1520 825 1574 874 et
1589 837 1754 890 aqua.

115 913 178 967 Et
199 912 390 982 ipsum
421 911 484 966 in
520 912 656 984 igne
693 913 1076 982 comburatur,
1120 917 1177 967 et
1210 911 1513 967 abscondat
1543 913 1758 967 cineres

115 1005 213 1060 sub
237 1005 438 1060 altare.

181 1113 301 1154 x1.v.
329 1097 442 1162 Qui
468 1102 668 1153 autem
693 1097 912 1153 miserit
949 1115 1052 1171 per
1080 1099 1400 1170 neglectum
1439 1097 1496 1152 in
1544 1095 1754 1152 sacriﬁ-

115 1191 259 1246 cium
286 1191 335 1257 δ,
367 1191 759 1262 quadraginta
783 1191 980 1246 diebus
1007 1193 1290 1264 paeniteat.

181 1301 324 1340 nvi.
352 1284 639 1340 Sacerdos
675 1285 775 1355 qui
803 1283 985 1354 offert,
1015 1288 1071 1338 et
1098 1285 1360 1339 ceciderit
1389 1284 1457 1339 de
1501 1282 1759 1338 manibus

119 1377 232 1448 ejus
284 1377 653 1432 Eucharistia
697 1377 755 1430 in
800 1382 968 1446 terra,
1018 1382 1074 1432 et
1123 1395 1238 1432 non
1283 1376 1562 1432 invenerit
1610 1391 1754 1444 eam,

119 1486 275 1542 scopa
298 1471 524 1524 munda
557 1475 752 1540 scopet
772 1474 828 1524 et
859 1470 1151 1525 comburat
1188 1471 1340 1541 igne,
1381 1475 1436 1524 et
1459 1468 1760 1523 abscondat

121 1565 324 1618 cineres
354 1563 480 1633 ejus
509 1563 620 1616 sub
644 1562 820 1618 altare
839 1563 899 1617 in
920 1568 1090 1633 terra,
1123 1567 1180 1617 et
1205 1563 1500 1617 dimidium
1543 1577 1756 1616 annum

119 1656 400 1729 painiteat.
429 1656 487 1711 Si
530 1661 729 1710 autem
767 1656 1044 1710 invenerit
1067 1657 1278 1725 locum,
1311 1655 1570 1709 similiter
1597 1654 1760 1708 faciat

121 1753 174 1804 et
196 1749 462 1820 paeniteat
487 1747 870 1820 quadraginta
909 1748 1125 1803 diebus.
1159 1748 1214 1804 Si
1246 1753 1433 1802 autem
1474 1762 1651 1818 usque
1688 1745 1757 1799 ad

500 339 921 398 SACRAMENT.
962 341 1301 396 GALLIC.—-
1325 339 1526 396 RATIO
1563 339 2043 396 INSTITUTIONIS
2079 340 2394 396 CURSUUM
2436 335 3104 396 ECCLESIASTICORUM.

3382 333 3482 396 378

1777 449 1962 532 Afert
2003 450 2256 519 calicem,
2286 454 2340 502 et
2367 435 2628 503 effuderit
2662 449 2722 502 in
2774 453 3003 517 terram,
3058 448 3252 502 decem
3283 441 3480 502 diebus

1855 543 2125 614 paeniteat
2150 542 2208 597 in
2228 559 2376 614 pane
2402 545 2458 597 et
2481 559 2644 612 aqua.

1927 652 2087 690 XLVII.
2111 635 2166 691 Si
2202 635 2539 690 tutoaveritc
2577 635 2831 688 sacerdos
2870 650 3042 704 super
3079 635 3331 688 oratione
3375 637 3480 689 Do-

1857 728 2082 799 minica,
2115 729 2204 783 die
2223 745 2334 783 uno
2361 729 2416 782 in
2445 744 2591 800 pane
2613 733 2669 782 et
2691 743 2854 798 aqua.
2888 726 2994 790 Qui
3017 731 3204 780 autem
3232 744 3484 781 commu-

1855 822 2124 876 nicaverit
2161 821 2448 876 inconsius
2476 823 2522 890 ἀ,
2564 825 2778 892 septem
2811 819 3007 873 diebus
3047 819 3333 890 paeniteat.
3375 820 3483 884 Qui

1857 931 1957 986 per
1985 915 2357 993 ignorantiam
2398 913 2916 981 communicaverit,
2946 927 3040 966 sex
3077 911 3274 966 diebus
3301 911 3481 983 peni-
3571 919 3580 929 ‘

1856 1010 1988 1063 teat.

2330 1086 2502 1136 Oratio
2530 1099 2691 1149 super
2717 1085 3020 1150 paenitente.

1929 1193 2110 1248 Deum
2153 1193 2598 1264 omnipotentem
2646 1210 2709 1246 ac
2744 1191 3184 1260 misericordem,
3223 1190 3323 1262 qui
3363 1207 3481 1248 non
3551 1190 3559 1216 ⁵

1857 1286 1974 1341 vult
1999 1290 2238 1340 mortem
2267 1290 2640 1356 peccatorum,
2671 1286 2765 1340 sed
2821 1290 2882 1340 ut
2905 1289 3303 1338 convertantur
3329 1290 3385 1340 et
3410 1286 3485 1339 vi-

1856 1385 2008 1446 vant,
2047 1379 2248 1432 fratres
2291 1378 2578 1447 carissimi,
2623 1378 3017 1448 deprecemur;
3059 1382 3123 1431 ut
3159 1377 3226 1431 ad
3260 1377 3483 1432 veniam

1859 1477 2066 1526 rectam
2094 1471 2334 1526 famulus
2358 1476 2490 1526 tuus
2515 1470 2596 1525 ill.
2623 1469 3022 1524 misericordiae
3049 1471 3270 1525 veniam
3298 1470 3483 1542 propi-

1858 1564 2033 1618 ciatus
2057 1563 2369 1635 indulgeat,
2400 1564 2444 1616 si
2475 1579 2586 1634 qua
2615 1567 2746 1617 sunt
2774 1564 3069 1634 culparum
3100 1579 3331 1618 suarum
3357 1579 3479 1618 om-

1858 1657 2016 1712 nium
2042 1657 2295 1722 vulnera,
2325 1672 2452 1728 quas
2480 1659 2605 1728 post
2631 1655 2774 1710 sacri
2805 1656 3008 1710 lavacri
3033 1656 3243 1710 undam
3269 1661 3484 1711 contra-

1859 1751 1963 1819 xit,
1999 1751 2076 1805 ita
2107 1751 2167 1804 in
2193 1750 2297 1804 hac
2325 1749 2548 1822 publica
2574 1749 2918 1803 confessione
2955 1749 3155 1804 delicta
3193 1755 3480 1820 sanentur,

121 1841 283 1896 altare
308 1841 606 1910 ceciderit,
633 1857 751 1895 uno
781 1840 870 1895 die
909 1841 1193 1912 paeniteat.
1239 1840 1295 1896 Si
1338 1856 1468 1894 vero
1507 1839 1754 1893 declina-
1778 1821 1834 1891 Β
1857 1843 2101 1896 utnulla
2128 1842 2453 1897 cicatricum
2485 1843 2643 1912 signa
2672 1846 3022 1898 remaneant.
3048 1843 3154 1896 Per
3178 1841 3482 1898 Dominum

122 1934 255 1988 verit
271 1934 331 1988 in
358 1939 540 2002 terra,
571 1932 770 2004 lingua
793 1950 894 1987 sua
918 1933 1118 2003 lingat.
1146 1933 1205 1987 Si
1232 1931 1402 1986 fuerit
1422 1931 1632 1999 tabula,
1662 1947 1751 1984 ra-

124 2027 228 2082 dat.
257 2026 314 2082 Si
338 2042 456 2081 non
481 2026 682 2095 fuerit,
714 2025 900 2081 mittat
923 2026 1196 2095 tabulam,
1223 2029 1289 2080 ut
1311 2041 1424 2080 non
1463 2025 1753 2078 conculce-

125 2123 212 2173 tur
228 2119 457 2190 sanguis
475 2118 710 2186 Christi,
735 2119 1114 2190 quadraginta
1131 2103 1347 2173 diebus.
1377 2118 1431 2173 Si
1459 2121 1648 2172 autem
1669 2133 1757 2170 su-

125 2228 220 2284 per
242 2212 416 2267 altare
443 2211 723 2266 ceciderit
751 2211 920 2278 stilla,
953 2212 1174 2266 sorbeat
1204 2211 1380 2280 illam,
1413 2215 1470 2265 et
1497 2213 1610 2264 tres
1637 2209 1756 2264 dies

125 2305 401 2376 paeniteat.
429 2305 484 2360 Si
514 2304 773 2376 exegerit
797 2320 900 2376 per
923 2305 1162 2360 linteum
1187 2304 1259 2358 ad
1283 2304 1481 2372 alium,
1511 2319 1608 2356 sex
1634 2301 1752 2356 die-

127 2396 222 2454 bus
237 2399 504 2470 paaniteat
529 2398 595 2452 in
608 2413 787 2469 pane;
819 2401 876 2452 et
899 2396 944 2451 si
961 2398 1030 2452 ad
1043 2397 1291 2466 tertium,
1317 2402 1530 2468 septem
1561 2395 1756 2450 diebus

129 2491 420 2562 paeniteat;
453 2491 535 2547 ita
569 2495 634 2544 ut
676 2495 854 2562 ponat
883 2491 1110 2546 calicem
1157 2491 1260 2545 sub
1299 2488 1643 2557 linteamina,
1671 2488 1754 2542 ef‘

128 2583 315 2640 fundat
342 2601 554 2657 aquam
585 2583 769 2638 tribus
798 2583 1032 2653 vicibus,
1067 2587 1121 2638 et
1146 2583 1322 2638 bibat.
1351 2582 1646 2654 Siquando
1665 2581 1754 2636 in-

194 2711 218 2741 ι
243 2708 336 2762 Vel
365 2709 502 2762 hinc
526 2712 691 2780 patet
731 2707 1137 2780 Eucharistiam
1173 2723 1295 2780 per;
1309 2723 1372 2760 ea
1399 2710 1673 2776 tempora,
1700 2705 1756 2760 id

133 2780 208 2832 est
231 2784 356 2834 ante
395 2777 556 2835 mille
599 2795 795 2848 annos,
832 2779 892 2834 in
916 2777 1187 2834 viaticum
1206 2778 1753 2848 inﬁrmorumasser-

135 2855 303 2905 vatam
324 2850 517 2905 fuisse.

199 2921 225 2960 δ
249 2922 420 2976 Locus
469 2921 769 2976 obscurus.
823 2920 1121 2974 Crederem
1164 2919 1468 2990 legendum
1519 2922 1758 2974 amiserit

135 2993 466 3060 sacriﬁcium,
489 2991 606 3046 nisi
635 2991 908 3046 articulus
933 2992 998 3045 43
1029 2991 1192 3044 aliter
1211 2991 1489 3044 suaderet.

197 3075 220 3102 ο
254 3059 307 3116 ld
334 3059 455 3130 est,
481 3063 529 3116 si
573 3061 852 3116 cantando
891 3061 1230 3116 titubaverit.
1274 3061 1669 3126 Cummeanus,
1698 3059 1758 3113 in

137 3147 250 3203 cap.
282 3136 380 3189 l3:
409 3136 471 3191 Si
499 3133 824 3188 titubaverit
853 3132 1100 3187 sacerdos
1132 3147 1292 3202 super
1330 3134 1622 3203 orationem
1657 3134 1758 3203 Do-

137 3185 564 3276 miiticavquuae
582 3185 815 3258 dicitur
843 3185 1167 3274 periculosa,
1193 3185 1347 3256 ‘etc.
1366 3185 1764 3256 Pamitentiale
1785 3185 1839 3258 C

1853 1939 2132 1991 nostrum.

2533 2014 2660 2063 Item
2683 2013 2798 2064 alia.

1925 2116 2178 2171 Salvator
2206 2116 2619 2186 Redemtorque
2655 2121 2870 2185 noster,
2899 2115 2998 2188 qui
3025 2131 3139 2171 non
3167 2115 3351 2173 solum
3378 2135 3486 2191 pae-

1854 2209 2184 2277 nitentibus,
2214 2209 2310 2264 sed
2335 2209 2506 2264 etiam
2533 2225 2728 2264 omnes
2755 2209 2850 2280 qui
2885 2226 2988 2264 nec
3015 2215 3146 2266 ante
3176 2211 3366 2268 venire
3394 2230 3486 2268 cu-

1855 2302 2037 2374 piunt,
2061 2301 2282 2356 veniam
2307 2302 2589 2374 propitius
2618 2307 2674 2356 et
2716 2302 3009 2358 miserator
3049 2303 3329 2377 indulges,
3358 2323 3486 2379 sup-

1854 2395 2028 2466 plices
2053 2411 2375 2466 quazsumus
2417 2410 2430 2447 :
2467 2400 2533 2449 ut
2570 2395 2722 2448 hunc
2761 2395 3041 2450 famulum
3078 2400 3241 2452 tuum
3283 2399 3364 2454 ill.
3413 2399 3483 2454 ad

1855 2487 2107 2560 corporis
2127 2492 2182 2542 et
2197 2485 2489 2558 sanguinis
2515 2487 2598 2541 tui
2621 2487 3053 2559 communionis,
3071 2489 3284 2545 indulta
3301 2491 3479 2562 venia,

1856 2581 2134 2635 caelestem
2156 2578 2606 2634 benedictionem
2632 2580 2920 2651 perducat.
2945 2582 3066 2635 Per.

1856 2721 1986 2759 vero
2009 2703 2340 2760 Columbani
2375 2719 2389 2758 :
2424 2705 2486 2760 Si
2519 2703 2808 2758 decantans
2838 2705 3108 2774 psalmum
3141 2707 3476 2770 titubaverit.

1857 2781 1963 2831 etc.

1927 2847 1954 2887 (ι
1979 2845 2142 2910 Quasi
2187 2843 2702 2919 diceretnconscius,
2731 2845 2820 2900 cui
2849 2846 3115 2917 ignorans
3154 2847 3478 2919 opponitur.

1855 2917 2256 2981 Cummeanus,
2304 2916 2360 2970 in
2395 2916 2506 2970 fine
2545 2932 2667 2985 cap.
2709 2919 2772 2970 t3
2813 2933 2826 2970 :
2883 2916 2986 2983 Qui
3019 2916 3483 2974 communicaverit

1857 2990 2176 3056 sacriﬁcium
2195 2989 2465 3060 inconscii,
2495 2993 2691 3060 septem
2721 2987 2832 3040 dies
2854 2991 3128 3056 paeniteat.
3159 2993 3484 3060 Quicumque

1857 3060 2030 3131 alicui
2053 3059 2284 3131 capitale
2313 3061 2509 3112 crimen
2536 3058 2848 3114 admittenti
2861 3062 3342 3122 communicaverat,
3374 3058 3485 3131 sep-

1865 3135 1968 3184 tem
1995 3129 2107 3184 dies
2130 3129 2403 3198 paeniteat.

629 3450 884 3503 RATIO
941 3446 1577 3502 INSTITUTIONIS
1634 3446 2050 3500 GURSUUH
2109 3447 2948 3502 ECGLESIASTICORUH
2966 3453 3012 3500 ⁸.

205 3667 530 3724 Audivimus
550 3667 774 3723 dicente
791 3667 1069 3741 scriptura
1093 3683 1196 3740 pro
1221 3667 1380 3740 quali
1407 3666 1613 3722 virtute
1637 3679 1765 3720 can-

147 3763 326 3816 tantur
351 3777 550 3817 omnes
578 3777 794 3816 cursus.

210 3855 469 3911 Nocturni
495 3859 799 3910 cantantur
821 3871 926 3926 pro
947 3854 1045 3909 illa
1062 3851 1291 3924 virtute,
1320 3870 1493 3927 quam
1517 3853 1649 3908 fecit
1666 3855 1768 3909 Do-

147 3946 323 4004 minus
367 3949 598 4021 quando
668 3947 912 4004 ostendit
967 3947 1344 4020 primogenita
1405 3947 1654 4019 Egypti,
1713 3951 1772 4001 et

148 4042 358 4112 quando
382 4042 583 4098 eduxit
612 4041 871 4110 Paulum,
901 4045 958 4096 et
983 4041 1188 4096 Sileam
1218 4042 1286 4095 de
1312 4057 1534 4096 carcere
1576 4041 1766 4094 clauso

149 4132 304 4190 foras.
332 4137 397 4192 Et
421 4136 491 4191 de
515 4136 625 4192 hoc
651 4135 794 4191 dixit
820 4135 1172 4206 Evangelista
1201 4150 1215 4189 :
1248 4135 1426 4190 Media
1465 4139 1626 4190 nocte
1653 4133 1764 4188 cla-

147 4242 268 4283 mor
304 4228 478 4285 factus
527 4234 633 4299 est,
679 4245 807 4284 ecce
851 4244 1089 4300 sponsus
1133 4227 1304 4299 venit,
1347 4229 1493 4284 exite
1547 4227 1769 4282 obviam

152 4335 217 4376 ει.

1931 3665 2116 3720 Tertia
2157 3679 2288 3720 vero
2313 3663 2680 3737 cruciﬁgitur.
2713 3665 2779 3721 Et
2803 3667 2942 3722 hora
2962 3667 3127 3722 tertia
3155 3667 3232 3723 sic
3252 3663 3485 3726 descen-

1862 3758 1944 3814 dit
1985 3759 2224 3830 Spiritus
2257 3763 2480 3814 sanctus
2521 3776 2690 3830 super
2731 3761 3029 3832 apostolos,
3078 3762 3304 3833 quando
3345 3763 3486 3820 dixit

1864 3852 2136 3906 Dominus
2168 3869 2182 3906 :
2209 3852 2455 3922 Accipite
2481 3853 2753 3924 Spiritum
2793 3859 3068 3925 sanctum,
3107 3871 3349 3926 quorum
3387 3857 3485 3913 de‘

1863 3945 2130 4000 miseritis
2179 3949 2426 4017 peccata,
2465 3945 2710 4001 demissa
2755 3951 2920 4017 sunt;
2963 3953 3019 4004 et
3061 3963 3307 4021 quorum
3348 3951 3484 4006 reti-

1863 4039 2120 4107 nueritis,
2149 4044 2366 4094 retenta
2395 4044 2544 4095 sunt.

1937 4133 2104 4188 Sexta
2129 4149 2260 4186 vero
2287 4133 2430 4187 hora
2460 4133 2539 4188 sic
2563 4134 2811 4190 ascendit
2836 4135 3108 4190 Dominus
3151 4137 3208 4191 in
3236 4153 3482 4208 crucem,

1866 4225 1944 4280 sic
1965 4226 2210 4281 tenebrae
2234 4225 2394 4280 facta:
2427 4231 2560 4294 sunt
2595 4244 2776 4300 usque
2813 4229 2886 4284 ad
2915 4229 3116 4285 horam
3163 4247 3391 4290 nonam.
3423 4235 3490 4290 Et

1868 4322 2003 4374 tunc
2047 4317 2265 4374 vocavit
2299 4316 2569 4375 Dominus
2609 4319 2838 4377 Saulum
2900 4325 3126 4394 quando
3172 4333 3494 4396 persecutor

222 4455 234 4469 .
278 4457 290 4470 .
333 4457 345 4470 .
391 4459 406 4473 .
451 4458 464 4472 .
512 4458 526 4472 .
573 4458 588 4472 .
633 4456 646 4470 .
692 4457 704 4470 .
747 4421 944 4472 cantus
987 4433 1092 4488 pro
1119 4415 1224 4470 hoc
1253 4418 1511 4470 cantatur
1551 4410 1994 4486 quandoDerat
2013 4413 2479 4483 Christianorum,
2519 4419 2574 4468 et
2603 4415 2786 4474 dixit:
2819 4416 3001 4483 Saule,
3045 4418 3203 4472 Saule
3237 4419 3370 4490 quid
3399 4435 3490 4475 me

155 4509 368 4580 negavit
393 4516 618 4565 sanctus
649 4511 846 4566 Petrus
874 4527 938 4564 ac
971 4509 1290 4582 passionem
1329 4507 1569 4578 Domini,
1597 4512 1654 4562 et
1679 4523 1768 4563 re-

155 4601 388 4658 cordavit
411 4610 605 4674 postea
628 4603 700 4659 ad
742 4645 756 4659 .
801 4645 814 4660 .
861 4645 875 4660 .
919 4645 934 4658 .
981 4645 995 4658 .
1043 4645 1056 4659 .
1097 4619 1329 4675 corpore
1351 4601 1473 4656 sani
1519 4642 1532 4656 .
1579 4642 1592 4656 .
1637 4642 1650 4656 .
1697 4643 1710 4655 .
1755 4643 1768 4656 .

218 4695 584 4770 [Matutinum]
610 4713 715 4770 pro
732 4697 841 4752 hoc
856 4702 1134 4766 cantatur,
1167 4695 1297 4767 quia
1312 4694 1579 4750 Dominus
1605 4710 1772 4749 mane

156 4789 404 4859 surrexit,
439 4795 495 4846 et
520 4791 664 4847 dixit
691 4785 1040 4862 evangelista
1069 4807 1083 4844 :
1110 4789 1298 4844 Prima
1321 4791 1511 4843 autem
1549 4787 1772 4843 Sabbati

156 4879 313 4937 Maria
361 4885 684 4957 Magdelene
739 4884 893 4940 venit
934 4899 1120 4952 mane,
1159 4899 1286 4938 cum
1315 4881 1498 4936 adhuc
1525 4880 1774 4936 tenebrm

157 4980 356 5045 essent;
395 4978 564 5033 tertia
601 4978 694 5034 die
728 4977 1050 5034 resurrexit
1085 4993 1212 5048 quae
1253 4975 1479 5031 lucessit
1522 4991 1556 5029 a
1590 4973 1775 5045 prima

159 5064 384 5126 Sabbati.
419 5071 563 5136 Quia
604 5077 663 5127 et
703 5071 911 5144 angeli,
955 5075 1012 5126 et
1045 5069 1326 5140 homines,
1371 5073 1427 5124 et
1466 5085 1614 5139 aves,
1648 5084 1774 5140 qua:

151 5157 309 5228 jussit
335 5180 504 5236 super
539 5169 774 5236 terram,
805 5181 999 5220 omnes
1025 5163 1086 5219 in
1123 5163 1216 5218 illa
1253 5164 1393 5218 hora
1425 5164 1601 5217 Deum
1639 5179 1769 5217 con-

1870 4507 2260 4578 persequeris?
2281 4507 2350 4560 Et
2368 4511 2501 4561 tunc
2525 4506 2678 4562 venit
2699 4525 2803 4563 vox
2824 4509 2894 4562 ad
2922 4509 3242 4564 Cornelium
3268 4512 3494 4582 quando

1873 4598 2032 4668 dixit,
2081 4599 2298 4653 Corneli
2343 4599 2602 4653 exaudita
2645 4605 2728 4654 est
2765 4601 3080 4671 deprecatio
3114 4607 3228 4670 tua,
3261 4609 3316 4660 et
3353 4605 3493 4660 elee-

1871 4703 2121 4753 mosynae
2148 4697 2260 4746 tuas
2285 4691 2663 4747 ascenderunt
2690 4709 2876 4748 coram
2903 4711 3012 4749 me.

1942 4786 2096 4840 Nona
2120 4801 2254 4840 vero
2293 4785 2430 4839 hora
2456 4785 2533 4840 sic
2561 4785 2746 4841 emisit
2775 4787 3060 4859 spiritum,
3095 4794 3150 4844 et
3191 4789 3268 4845 sic
3301 4797 3489 4848 ostena

1871 4895 1998 4934 sum
2021 4883 2106 4934 est
2129 4895 2222 4934 vas
2249 4883 2437 4934 sancto
2463 4881 2644 4948 Petro,
2670 4881 2769 4935 ubi
2795 4881 3034 4937 habebat
3060 4883 3248 4938 omnia
3281 4887 3495 4942 munda

1871 4977 1928 5028 et
1952 4972 2265 5044 immunda,
2313 4973 2391 5027 sic
2434 4972 2578 5028 dixit
2613 4974 2852 5046 angelus
2901 4992 2914 5030 ε
2959 4976 3134 5047 Surge
3172 4979 3353 5050 Petre,
3399 4996 3492 5035 co-

1874 5066 2057 5122 mede.

1944 5159 2250 5215 Undecima
2275 5177 2406 5215 vero
2431 5161 2508 5215 sic
2535 5162 2770 5217 caenavit
2796 5180 2925 5217 cum
2953 5165 3236 5237 apostolis,
3273 5169 3498 5239 quando

159 5250 390 5325 laudant,
431 5262 488 5314 et
539 5261 676 5314 tunc
721 5257 939 5314 animas
975 5258 1262 5328 justorum
1305 5256 1404 5328 qui
1450 5256 1510 5311 in
1551 5256 1772 5312 inferno
1865 5252 2745 5325 jejunavitquadragintadiebus
2765 5257 3204 5330 etquadraginta
3220 5261 3496 5320 noctibus.

161 5353 327 5418 erant,
348 5349 406 5406 in
430 5351 554 5424 ipsa
579 5351 988 5408 resurrectione
1007 5351 1288 5420 liberavit,
1320 5350 1418 5422 qui
1446 5365 1610 5405 mane
1649 5366 1770 5404 sur-

162 5441 319 5496 rexit.

223 5531 404 5591 Prima
419 5542 611 5594 autem
622 5553 726 5610 pro
737 5538 873 5610 quid
893 5543 1151 5594 cantatur
1162 5538 1190 5592 ?
1204 5534 1344 5602 Quia
1364 5541 1500 5592 tunc
1519 5536 1628 5591 fuit
1647 5553 1775 5592 con-

163 5623 306 5680 silius
330 5628 491 5685 datus
520 5635 714 5686 contra
739 5627 940 5686 Filium
967 5631 1084 5696 Dei,
1113 5629 1394 5702 quomodo
1411 5646 1541 5685 eum
1569 5631 1771 5702 perde-

164 5723 279 5774 rent
301 5721 492 5779 Judaei.

1945 5346 2282 5402 Duodecima
2305 5361 2436 5402 vero
2475 5347 2552 5402 sic
2585 5349 2834 5404 ascendit
2860 5350 3126 5407 Dominus
3163 5353 3223 5408 in
3248 5362 3500 5412 montem

1876 5439 2074 5494 Oliveti
2097 5455 2276 5509 orare,
2307 5445 2364 5495 et
2387 5440 2516 5512 quia
2551 5446 2710 5512 gutta
2737 5444 3028 5515 sanguinis
3051 5445 3106 5500 in
3135 5447 3338 5504 sudore
3362 5449 3498 5504 ceci-

1874 5533 1976 5602 dit,
2005 5537 2238 5605 prOpter
2262 5533 2401 5588 illud
2427 5533 2582 5606 quod
2610 5536 2680 5590 ad
2722 5537 2896 5592 Adam
2939 5539 3150 5594 dictum
3181 5541 3364 5598 fuerat
3393 5555 3407 5596 :
3438 5537 3497 5600 In

1874 5627 2078 5684 sudore
2105 5627 2292 5683 vultus
2316 5627 2398 5682 tui
2428 5628 2664 5685 vesceris
2690 5647 2916 5702 panem.
2949 5632 3213 5691 Exmcrr.

233 5855 255 5885 "
281 5854 431 5912 Hunc
456 5858 709 5930 titulum,
737 5858 833 5932 qui
865 5857 922 5914 in
949 5859 1151 5915 Codice
1181 5859 1296 5932 legi
1324 5875 1438 5916 non
1466 5861 1672 5934 potest,
1701 5857 1770 5915 de
1795 5859 1988 5915 nostro
2017 5856 2400 5930 apposuimus.
