3994 6410
492 364 3852 394 WW

1575 447 2049 516 SYMBOLUM
2112 446 2749 515 APOSTOLOBUM

1113 565 1283 630 Cum
1310 583 1557 646 magna
1587 565 1839 631 cautela
1868 563 2222 640 collectum,
2255 572 2316 626 et
2339 564 2741 626 credentibus
2770 562 3216 643 adsignatum.

1939 699 2350 714 ———-

556 773 751 824 Petrus
780 769 922 825 dixit
949 787 965 822 :
994 771 1171 826 Credo
1203 772 1261 825 in
1290 772 1464 826 Deum
1498 773 1719 826 Patrem
1750 770 2105 842 omnipoten-
2130 785 2189 858 Α
2207 774 2565 841 peccatorum
2593 769 2641 825 δ.
2669 769 2922 827 Matthias
2949 768 3091 844 dixit
3115 767 3345 824 :Carnis
3372 766 3877 821 resurrectionem

487 867 624 919 tem.
652 863 929 918 Iohannes
962 864 1104 919 dixit
1132 883 1144 919 :
1175 865 1351 919 Credo
1397 866 1456 919 in
1488 866 1679 919 Jesum
1720 865 2002 920 Christum
2028 867 2111 920 Fi—
2206 863 2267 918 in
2290 864 2462 918 vitam
2490 869 2781 919 aeternam.
2802 866 3004 918 Amen.

487 955 629 1011 lium
659 957 779 1027 ejus
804 957 1058 1026 unicum,
1091 959 1266 1011 Deum
1296 962 1349 1012 et
1368 957 1670 1011 Dominum
1708 963 1985 1014 nostrum.
2013 960 2106 1014 Ja-
2279 958 2389 1011 Hoc
2416 962 2498 1011 est
2529 956 2680 1028 quod
2703 957 2772 1010 ad
2802 955 3265 1011 duodecinarium
3292 970 3622 1010 numerum
3651 958 3879 1025 aposto-

487 1049 659 1105 cobus
686 1049 829 1104 dixit
859 1066 873 1104 :
901 1051 1103 1104 Natum
1144 1050 1212 1104 de
1250 1050 1420 1104 Maria
1457 1050 1676 1122 virgine
1703 1067 1805 1121 per
1840 1051 2106 1122 Spiritum
2205 1049 2389 1104 lorum
2411 1066 2541 1104 cum
2565 1066 2772 1121 magna
2796 1049 3016 1104 cautela
3048 1050 3353 1104 collectum
3384 1052 3492 1117 est,
3524 1052 3587 1102 et
3632 1046 3878 1102 creden-

489 1147 770 1198 sanctum.
798 1142 1044 1196 Andreas
1069 1142 1211 1197 dixit
1241 1160 1254 1197 :
1285 1144 1513 1197 Passum
1551 1144 1655 1197 sub
1683 1144 1879 1199 Pontio
1906 1145 2105 1215 Pilato,
2205 1143 2356 1197 tibus
2374 1143 2729 1214 adsignatum
2744 1150 2800 1213 +.
2822 1142 2961 1206 Quia
2986 1142 3125 1197 ﬁdes
3155 1146 3489 1197 sanctarum
3517 1143 3643 1196 Deo
3671 1139 3746 1194 ad
3767 1140 3876 1195 ho-

487 1235 817 1293 crucifixum
844 1239 899 1288 et
926 1235 1230 1306 sepultum.
1257 1236 1548 1307 Philippus
1574 1236 1729 1293 dixit.
1755 1253 1769 1291 :
1813 1238 2110 1292 Descendit
2206 1235 2453 1290 minibus
2486 1235 2811 1290 nominibus
2849 1251 3058 1290 nomen
3096 1242 3182 1289 est
3221 1236 3365 1290 fides
3393 1233 3580 1289 divini
3609 1233 3880 1287 muneris

490 1329 562 1383 ad
604 1328 839 1383 inferna.
884 1328 1124 1382 Thomas
1169 1328 1310 1383 dixit
1351 1346 1364 1382 :
1405 1329 1587 1383 Tertia
1639 1329 1730 1384 die
1778 1331 2104 1389 resurrexit.
2206 1328 2362 1399 potio
2391 1329 2672 1384 est:ﬁdes
2698 1330 2811 1384 Deo
2838 1329 3132 1383 hominem
3153 1328 3349 1398 sociat,
3377 1327 3526 1383 ﬁdes
3552 1327 3879 1399 praesentia

482 1421 932 1478 Rartholommus
970 1421 1113 1476 dixit
1156 1438 1170 1476 :
1211 1421 1474 1476 Ascendit
1512 1421 1570 1475 in
1607 1421 1792 1491 caelos,
1842 1422 1997 1477 sedet
2038 1423 2107 1477 ad
2208 1427 2263 1476 et
2284 1422 2477 1476 futura
2503 1422 2822 1494 conjungit,
2846 1422 2986 1477 ﬁdes
3012 1422 3187 1476 etiam
3217 1438 3350 1493 qum
3385 1420 3709 1476 invisibilia
3743 1426 3885 1475 sunt

486 1515 775 1570 dexteram
800 1515 898 1568 Dei
935 1514 1110 1569 Patris
1138 1515 1554 1586 omnipotentis.
1591 1516 1882 1570 Matthaeus
1918 1515 2059 1570 dixit
2090 1535 2103 1571 :
2205 1513 2337 1569 facit
2381 1515 2591 1582 videre,
2641 1515 2778 1570 fides
2816 1521 2943 1587 post
2986 1516 3319 1587 sepulcrum
3372 1514 3614 1586 generis
3663 1514 3883 1568 celum

489 1607 621 1663 Inde
661 1612 928 1662 venturus
966 1607 1221 1678 judicare
1271 1607 1423 1662 vivos
1456 1613 1512 1662 et
1563 1613 1834 1663 mortuos.
1876 1609 2108 1663 Jacobus
2206 1612 2374 1679 atque
2402 1624 2579 1679 regna
2603 1608 2869 1663 caelorum
2895 1609 3202 1681 promittit.
3235 1608 3483 1680 Ideoque
3531 1606 3640 1679 qui
3679 1607 3746 1661 in
3777 1606 3884 1662 tali

488 1700 704 1772 Alphaei
730 1700 906 1756 dixit:
930 1700 1106 1756 Credo
1132 1699 1192 1754 in
1219 1701 1488 1771 Spiritum
1514 1706 1789 1756 sanctum.
1807 1702 1998 1757 Simon
2016 1704 2110 1756 Ze-
2208 1700 2551 1755 confessione
2576 1702 2969 1773 permanserit,
2998 1719 3031 1756 a
3056 1701 3502 1773 superveniente
3527 1701 3617 1755 ira
3664 1700 3884 1754 timere

488 1792 626 1849 lotes
667 1793 806 1848 dixit
857 1811 871 1847 :
916 1794 1091 1848 Credo
1132 1794 1191 1847 in
1237 1793 1538 1848 Ecclesiam
1584 1800 1831 1850 sanctam
1849 1794 1897 1850 ⁸.
1939 1795 2109 1850 Judas
2207 1810 2321 1849 non
2350 1798 2534 1865 potest
2551 1799 2610 1861 1-.

487 1887 672 1942 Jacobi
696 1886 877 1941 dixit:
910 1888 1015 1942 Per
1045 1886 1392 1957 baptismum
1427 1892 1684 1942 sanctum
1718 1886 2109 1943 remissionem

560 2009 586 2038 ⁸
604 2009 894 2088 omittitur
914 2012 1718 2088 _Sanctorum_communione1n_,
1743 2012 1828 2066 uti
1858 2018 1913 2067 et
1951 2014 2107 2088 apud
2279 2014 2307 2055 δ
2336 2014 2498 2086 Apud
2521 2015 2869 2088 Cyprianum
2900 2033 2912 2071 :
2947 2016 3333 2088 Remissionem
3368 2021 3737 2085 peccatorum
3777 2034 3888 2088 per

490 2081 1660 2165 Augustinum,‘Itiaximum‘l‘aurinensem,
1688 2085 1916 2137 Petrum
1941 2081 2110 2165 Chry-
2207 2081 2450 2165 sanctdm
2479 2081 2788 2151 Ecclesium,
2814 2087 2872 2141 in
2897 2086 3147 2158 epistolis
3173 2088 3244 2142 ad
3274 2081 3555 2159 Magnum
3585 2093 3647 2143 et
3671 2089 3750 2144 ad
3777 2081 3883 2143 Li-

491 2151 766 2232 βολίὶειξωι
789 2157 845 2232 et,
866 2151 1001 2232 διίρε
1025 2152 1355 2232 ροιωιιηρῖιε
1385 2151 2108 2232 ﬂabetur.tam§n_u1rl_'a-in
2207 2156 2474 2212 heredem-

488 2221 794 2278 traditione
814 2221 1081 2292 Symboli,
1100 2238 1230 2294 pag.
1259 2226 1360 2278 312
1388 2223 1519 2293 (huj.
1548 2225 1679 2279 edit.
1709 2226 1805 2280 col.
1835 2221 2107 2297 489't'nit.)

1169 2436 1391 2484 INCIPIT
1433 2439 1765 2486 CAPITULUS
1808 2442 1887 2486 DE
1927 2442 2169 2487 VETERE
2211 2425 2665 2506 [TESTAMENTO]
2712 2446 3164 2493 CANONIZATUS.

1144 2608 1217 2665 De
1248 2608 1451 2666 Vetere.
2129 2630 2186 2701 B

2129 2630 2186 2701 B
2883 2618 2959 2670 De
2994 2617 3161 2672 Novo.

560 2698 723 2757 Liber
741 2697 984 2772 Genesis,
1008 2698 1282 2771 Exodum,
1306 2702 1635 2774 Leviticum,
1678 2702 1928 2771 Numeri,
1974 2697 2137 2758 neu?

2308 2727 2673 2798 ipostolorum
2700 2729 2853 2795 libri,
2889 2730 3082 2803 [Pauli]
3115 2734 3565 2805 quatuordecim
3588 2735 3885 2806 Epistolas;

488 2798 886 2900 ῖθξίξξλοξωωξξι
917 2797 1102 2900 ³0⁸υῇ
1125 2796 1404 2900 ίξξάυξξξως
1516 2892 1525 2900 ι
1568 2886 1582 2900 .
2209 2820 2356 2875 Petri
2386 2821 2531 2891 dum,
2562 2823 2832 2878 Johannis
2878 2830 3012 2880 tres.
3055 2827 3250 2881 Jacobi
3290 2832 3351 2883 et
3389 2828 3562 2883 Judaa
3609 2829 3883 2900 singulae,

556 2887 708 2994 {libri
731 2887 1234 2994 mulierum‘Rutb,
1264 2888 1448 2994 Sttlzh,
1479 2886 1774 2994 ξεῑηξιιίξίξῖι-
1935 2981 1945 2992 ,
2025 2983 2035 2993 .
2208 2886 2570 2984 Apocalypsis
2602 2931 2738 2985 uno,
2761 2918 3359 2989 ActusApostolorum
3383 2936 3531 2976 uno.
3564 2886 3885 2994 Evanvgelia

561 2980 977 3077 llagcabeorum
1003 2981 1132 3035 libri
1158 2980 1288 3050 duo:
1316 2981 1416 3077 19b
1446 2984 1503 3035 3t
1527 2980 1788 3077 Τδοξξξδεξν
1994 2983 2107 3077 sin‘
2208 2980 2335 3059 libri
2366 2980 2627 3077 quatuor.
2657 2980 3158 3067 sacramentorum
3192 3029 3311 3068 uno
3359 3027 3402 3069 ο.
3436 3015 3522 3070 De
3549 3015 3715 3071 Novo
3735 2980 3890 3070 Vsunt

492 3072 630 3143 guli.
656 3074 878 3145 Regum
902 3078 1185 3145 quattuor.
1216 3074 1627 3145 Prophetarum
1645 3073 1775 3128 libri
1805 3075 2108 3131 sexdecim.
2209 3098 2340 3154 libri
2358 3072 2558 3171 v—igmti
2587 3106 2731 3156 οπο,

492 3165 802 3220 Daviticum
829 3167 1081 3239 quinque
1105 3167 1151 3222 ⁸.
1194 3167 1453 3222 Salomon
1487 3173 1622 3223 tres.
1652 3168 2106 3237 Proverbiorum,

492 3228 866 3329 Ecclesiastes:
907 3264 965 3315 et
985 3228 1226 3315 .Cantica
1263 3260 1605 3315 canticorum
1632 3260 1679 3331 δ,
1724 3263 1894 3317 Esdra
1944 3228 2105 3318 unus:
2283 3228 2449 3284 Fiunt
2467 3229 2526 3285 in
2554 3247 2775 3286 summa
2804 3232 2931 3286 libri
2954 3235 3318 3305 septuaginta
3344 3236 3486 3291 δυο·

492 3350 657 3407 Fiunt
683 3351 812 3406 libri
832 3354 1040 3409 Veteris
1063 3371 1302 3410 numero
1327 3355 1702 3426 quadraginta
1727 3360 1992 3427 quatuor.
2281 3360 2527 3415 Expucn
2567 3376 2741 3417 consx
2780 3363 3084 3418 BOBIENSIS.

563 3477 589 3557 ξ
624 3477 768 3532 Olim
812 3479 962 3557 apud
1012 3484 1225 3557 veteres
1271 3480 1607 3535 Psalterium
1657 3480 2011 3557 dividebatur
2052 3480 2112 3536 in
2208 3484 2390 3557 veteri
2417 3486 2637 3540 Canone
2664 3486 3053 3542 Hebraeorum.

492 3551 770 3629 quinque“
786 3555 972 3629 partes
1011 3567 1108 3604 seu
1143 3551 1335 3629 libros,
1370 3552 1850 3629 .quoramsinguli
1887 3552 2106 3608 desine-
2277 3565 2299 3594 ο
2333 3555 2573 3629 Observa
2609 3557 2701 3629 hic
2735 3557 2794 3610 in
2830 3573 3070 3612 numero
3099 3558 3388 3614 librorum
3430 3578 3740 3620 sacrorum
3789 3583 3885 3622 re-

492 3618 986 3702 bant‘inPsalniis,
1019 3637 1263 3702 quorum
1284 3618 1413 3675 linis
1436 3627 1537 3702 est.
1570 3625 1692 3702 Fiat
1718 3618 1835 3702 ﬁat:
2003 3694 2039 3702 __
2210 3626 2426 3702 censeri
2449 3626 2659 3702 librum
2682 3628 3177 3702 sacramentorum
3198 3647 3213 3684 :
3232 3647 3364 3702 quo
3388 3618 3899 3693 nomineJVEte‘res

551 3690 589 3771 .b
619 3690 681 3744 Hi
707 3695 819 3744 tres
846 3690 986 3771 libri
1024 3690 1130 3771 alia
1166 3708 1358 3771 manu,
1382 3693 1499 3771 sed
1539 3690 1931 3771 antiquissima
1954 3694 2108 3771 adje-
2210 3710 2341 3771 eum
2365 3696 2991 3771 libmquesignabant,
3026 3702 3125 3771 qui
3149 3690 3537 3760 Colfectiones
3571 3711 3633 3761 et
3658 3690 3885 3763 Prusia;

493 3762 586 3834 cti,
616 3776 821 3833 nempe
846 3762 1162 3829 Proverbia,
1190 3763 1561 3831 Ecclesiastes,
1589 3762 1836 3836 Cantica,
1866 3762 2110 3819 erantin
2209 3765 2390 3821 tiones
2413 3768 2483 3822 ad
2519 3768 2711 3823 missas
2727 3762 3076 3825 continebat.

1149 4034 3175 4330 ANTIPHONARIUM
3272 4104 3281 4115 ‘

896 4434 1941 4564 MONASTERII
2086 4440 3451 4577 BENCHORENSIS.

1230 4667 1648 4808 (Murat.
1704 4674 2058 4774 anecd.
2107 4689 2174 4775 t.
2230 4675 2403 4799 IV,
2434 4707 2552 4808 ρ.
2599 4678 2783 4779 121
2837 4676 3113 4817 sqq.)

494 3928 3882 3979 ὴ

2167 3963 3880 3979 ,,—____—_____

1542 4883 2815 4935 -—-—-—--==oooc=-—————

918 5022 1073 5138 ἔτι
1131 5020 1943 5179 antipttmaxium
1996 5039 2584 5141 monasterii
2638 5028 3437 5151 ﬁwcttotmsis.

569 5241 651 5297 Ex
681 5237 879 5295 Codice
914 5253 1019 5293 ms.
1046 5237 1430 5294 Ambrosianm
1457 5237 1839 5305 Bibliothecae,
1868 5255 2027 5294 num.
2064 5242 2152 5309 l0,
2181 5239 2265 5296 lit.
2286 5242 2325 5297 C
2352 5241 2698 5314 descriptum
2725 5261 2825 5316 per
2850 5262 2944 5300 me
2964 5246 3075 5302 fuit
3099 5248 3207 5303 hoc
3235 5253 3615 5322 opusculum.
3649 5256 3890 5313 Mutuus

499 5333 584 5385 est
611 5330 752 5385 liber
776 5345 892 5383 non
918 5344 1027 5383 uno
1052 5328 1292 5398 inloco;
1324 5332 1660 5383 vetustatem
1683 5334 1873 5383 autem
1902 5329 2049 5384 illius
2072 5331 2143 5385 ad
2186 5348 2363 5385 annos
2405 5348 2552 5403 pene
2586 5334 2740 5390 mille
2777 5337 3083 5392 ascendere
3130 5341 3372 5413 conjeci,
3419 5344 3772 5403 charactere
3815 5348 3888 5402 ad

500 5418 835 5475 Saxonicum
864 5417 1180 5487 accedente,
1218 5418 1534 5490 litterisque
1568 5418 1857 5473 nonnullis
1882 5418 2059 5474 minio
2102 5418 2396 5475 distinctis.
2433 5422 2661 5477 Celebre
2688 5429 2879 5480 autem
2907 5426 3046 5481 olim
3072 5428 3184 5484 fuit
3216 5430 3279 5484 in
3321 5434 3555 5489 Ultonia
3584 5436 3889 5492 Hiberniae

498 5507 786 5564 Provincia
811 5506 1213 5578 Benchorense,
1236 5508 1351 5563 sive
1375 5508 1768 5563 Benchorense
1790 5508 2196 5564 monasterium
2233 5509 2515 5566 diversum
2543 5512 2614 5566 ab
2639 5514 2814 5569 altero
2842 5516 3227 5573 Benchorensi
3268 5522 3536 5578 cmnobio
3582 5525 3648 5579 in
3683 5526 3892 5581 Wallia

497 5598 717 5671 Anglise
739 5597 1026 5670 provincia
1049 5598 1173 5653 sito.
1203 5598 1455 5654 Usserius
1478 5598 1539 5653 in
1564 5597 1937 5654 Britannicar.
1975 5600 2268 5655 Ecclesiar.
2299 5602 2762 5674 Antiquitatibus,
2796 5621 2928 5677 pag.
2960 5608 3063 5662 476
3095 5613 3151 5662 et
3191 5612 3317 5680 531,
3347 5613 3425 5668 ad
3469 5614 3889 5671 Benchorense

499 5689 863 5744 Hibernicmn
906 5686 1223 5743 coznobium
1266 5687 1442 5742 refert
1468 5688 1656 5741 locum
1689 5686 2049 5759 desumptum
2099 5705 2129 5745 e
2170 5689 2271 5745 lib.
2304 5706 2363 5758 ΙΙ,
2394 5708 2517 5764 cap.
2548 5695 2600 5760 2,
2628 5693 2768 5749 Hist.
2801 5695 3007 5751 Eccles.
3039 5698 3226 5766 Bedes,
3260 5701 3432 5772 cujus
3477 5704 3665 5759 verba
3704 5712 3886 5762 sunt:

504 5797 535 5831 α
555 5779 726 5833 Erant
749 5782 940 5833 autem
967 5774 1206 5847 plurimi
1233 5789 1433 5830 eorum
1462 5775 1531 5830 de
1556 5776 1897 5831 monasterio
1920 5778 2180 5849 Bancor.,
2207 5778 2267 5834 in
2293 5796 2404 5851 quo
2428 5785 2618 5837 tantus
2651 5781 2834 5839 fertur
2879 5783 3053 5840 fuisse
3093 5803 3380 5846 numerus
3424 5795 3885 5853 monachorum.

503 5872 566 5925 ut
586 5882 711 5921 cum
734 5867 793 5921 in
821 5868 1037 5936 septem
1066 5863 1351 5933 portiones
1377 5868 1521 5919 esset
1541 5879 1672 5918 cum
1699 5866 2011 5937 praepositis
2039 5868 2143 5924 sibi
2186 5869 2495 5926 rectoribus
2520 5873 2923 5930 monasterium
2949 5875 3214 5949 divisum,
3250 5879 3416 5937 nulla
3450 5882 3667 5941 harum
3697 5856 3887 5959 portio

3048 6040 3079 6055 θ’
