3994 6396
136 337 222 390 581
988 336 1052 391 ΙΝ
1092 335 1639 391 ANTIPHONABIUM
1680 334 2078 390 MONASTEBII
2120 334 2636 390 BENCl-lORENSlS.
3391 335 3489 390 38‘2

135 445 326 498 minus
351 459 527 514 quam
556 447 838 498 trecentos
865 429 1121 498 homines
1150 443 1400 507 haberet,
1429 443 1527 514 qui
1555 458 1748 496 omnes
1773 443 1841 498 de
1867 442 2058 496 labore
2086 459 2358 497 manuum
2394 459 2622 496 suarum
2658 441 2840 495 vivere
2884 439 3152 496 solebant.
3201 461 3228 493 »
3277 435 3494 496 Similia

133 532 304 586 habet
327 533 655 587 Gotselinus
680 534 994 588 monachus
1021 532 1370 587 Bertinianus
1397 533 1456 586 in
1483 532 1604 586 Vita
1629 532 1802 586 sancti
1828 531 2131 602 Augustini
2163 535 2426 587 Cantuar.
2457 531 2624 602 episc.
2647 533 2716 585 At
2758 531 2880 585 haec
2910 531 3098 601 potius
3136 538 3383 601 spectare
3421 533 3490 585 ad

133 623 380 676 alterum
420 622 749 676 caanobium
773 624 1162 677 Benchorense
1187 623 1245 676 in
1271 621 1485 692 Anglite
1515 622 1804 692 provincia
1834 622 2026 674 Wallia
2050 623 2312 691 positum,
2345 626 2550 692 printer
2587 621 2724 674 alios
2753 620 3087 674 clarissimos
3123 620 3269 674 viros
3311 620 3496 674 Mabil-

131 710 322 765 lonius
347 711 658 766 arbitratur
685 711 743 765 in
770 713 917 766 notis
946 712 1016 766 ad
1042 711 1324 766 laudatam
1351 711 1532 764 Vitam
1575 711 1749 765 sancti
1783 711 2082 780 Augustini
2116 712 2380 782 scriptam
2423 728 2456 764 a
2493 710 2775 764 Gotsclino
2816 710 3097 764 monacho
3145 709 3490 778 Bertiniano,

127 806 270 854 tom.
308 801 475 854 lAct.
512 805 692 854 sanet.
733 801 854 854 ord.
901 800 1078 854 sancti
1125 799 1426 854 Benedicti.
1478 801 1544 854 Et
1588 816 1778 854 revera
1817 800 2257 854 animadvertere
2298 800 2388 854 hic
2432 816 2746 870 possumus,
2788 798 3264 853 Benchorensium
3301 815 3491 852 mona-

131 888 377 942 chorum
405 888 628 942 cladem
659 889 816 942 Bedae
842 893 1213 943 memoratam
1243 888 1298 941 in
1327 905 1391 942 eo
1421 889 1751 942 Monasterio
1780 888 2098 958 contigisse,
2133 889 2222 942 cui
2249 889 2550 958 praefuerat
2577 889 2814 942 Dinooth
2844 887 3033 956 abbas,
3067 888 3134 942 de
3164 904 3275 958 quo
3302 892 3490 941 tamen

133 977 356 1031 nullam
385 977 739 1032 mentionem
762 979 930 1032 habet
941 978 1234 1048 Catalogus
1255 977 1507 1047 priorum
1531 977 2003 1031 Benchorensium
2019 977 2078 1030 in
2101 977 2361 1030 Hibernia
2383 978 2670 1044 abbatum,
2692 977 2858 1048 quiin
2876 977 3280 1048 Antiphonario
3300 981 3489 1030 nostro

132 1067 402 1121 occurrit.
434 1072 502 1122 At
527 1067 732 1122 Usserii
760 1067 1096 1121 sententiam
1125 1067 1352 1121 roborat
1376 1068 1528 1120 locus
1548 1083 1577 1120 e
1607 1067 1732 1120 Vita
1768 1066 1944 1120 sancti
1977 1066 2246 1136 Comgalli
2285 1067 2612 1137 descriptus,
2652 1083 2823 1137 quem
2859 1067 2978 1138 ipse
3011 1065 3173 1120 affert
3207 1082 3339 1135 pag.
3365 1065 3493 1120 472.

135 1157 214 1209 ita
243 1172 378 1209 vero
403 1156 596 1209 scribit
624 1157 746 1225 ejus
776 1157 912 1210 Vita:
939 1162 1132 1210 auctor
1161 1175 1174 1210 :
1210 1177 1236 1204 ‹‹
1268 1157 1326 1208 In
1357 1155 1587 1209 diversis
1619 1156 1970 1210 monasteriis
1996 1161 2051 1209 et
2081 1155 2234 1209 ccllis
2261 1156 2368 1208 tria
2398 1156 2571 1208 millia
2593 1156 3000 1210 monachorum
3022 1155 3126 1210 sub
3151 1172 3285 1209 cura
3313 1155 3488 1208 sancti

131 1245 313 1299 Patris
339 1245 616 1316 Comgalli
643 1246 904 1313 fuerunt;
939 1246 1030 1299 sed
1062 1245 1243 1314 major
1285 1250 1339 1299 et
1380 1245 1721 1299 nominatior
1755 1245 1974 1298 castoris
2008 1245 2344 1315 praedictum
2390 1246 2795 1299 monasterium
2839 1247 3124 1300 Beanchor
3165 1251 3266 1314 est,
3311 1269 3338 1294 ››
3383 1249 3488 1299 etc.

133 1334 372 1389 Sanctus
403 1333 597 1388 itidem
623 1334 934 1388 Bernardus
959 1333 1371 1388 Clarcvallensis
1399 1334 1566 1388 abbas
1588 1335 1644 1387 in
1676 1334 1795 1387 Vita
1824 1334 1998 1387 sancti
2019 1334 2319 1402 Malachiae,
2341 1351 2463 1404 cap.
2495 1336 2546 1402 6,
2573 1335 2766 1388 laudes
2781 1335 3060 1389 llibernici
3089 1333 3492 1389 Benchorensis

130 1423 466 1477 monasterii
495 1423 873 1494 persequitur,
902 1423 1067 1495 eique
1099 1423 1321 1478 ascribit
1349 1440 1474 1494 quae
1497 1423 1811 1477 Britannico
1838 1423 2087 1478 tribuere
2113 1423 2333 1478 videtur
2360 1424 2505 1478 Beda
2528 1424 2646 1478 loco
2674 1424 2858 1479 citato.

204 1567 287 1620 Ad
323 1583 494 1621 usum
527 1567 716 1638 itaque
746 1567 983 1637 insignis
1005 1568 1154 1620 illius
1184 1567 1511 1622 monasterii
1539 1567 1597 1622 in
1627 1567 1893 1621 Hibernia
1918 1567 2007 1621 siti
2046 1568 2152 1621 fuit
2179 1567 2651 1638 Antiphonarium
2678 1585 2827 1622 nunc
2874 1585 2906 1622 a
2945 1568 3104 1623 nobis
3146 1569 3486 1640 evulgatum.

131 1654 172 1708 Ε
197 1656 491 1710 Bobiensis
516 1659 707 1709 autem
729 1657 966 1710 coenobii
993 1657 1336 1710 Bibliotheca
1363 1657 1420 1709 in
1449 1656 1873 1710 Ambrosianam
1901 1656 2121 1709 transiit
2153 1656 2338 1710 Codex
2364 1673 2500 1710 cura
2522 1657 2849 1727 amplissimi
2891 1657 3188 1711 cardinalis
3227 1656 3490 1711 Friderici

133 1745 469 1812 Borromaei,
499 1745 592 1798 cui
624 1745 968 1799 Bibliotheca
994 1745 1087 1798 illa
1117 1762 1278 1799 suum
1308 1750 1496 1799 ortum
1525 1745 1710 1812 debet,
1747 1745 1898 1810 urbs,
1939 1750 1996 1798 et
2020 1745 2527 1816 archiepiscopatus
2562 1747 2997 1816 Mediolanensis,
3045 1763 3350 1818 omnesque
3395 1747 3488 1800 lit—

131 1834 301 1887 terati
326 1833 580 1904 plurima
606 1840 883 1888 aeternum
907 1834 1208 1888 debebunt.
1242 1835 1432 1904 Neque
1457 1834 1687 1901 mirum,
1713 1835 1861 1904 quod
1889 1834 1946 1886 in
1970 1834 2224 1888 Bobiensi
2254 1835 2503 1889 cmnobio
2517 1838 2948 1889 monumentum
2964 1836 3070 1889 hoc
3091 1841 3490 1892 asservaretur.

131 1922 508 1976 Celeberrimi
534 1924 705 1994 hujus
732 1924 1057 1977 monasterii
1084 1924 1368 1977 institutor
1391 1923 1499 1977 fuit
1526 1927 1747 1977 sanctus
1787 1923 2162 1977 Columbanus
2187 1924 2376 1993 abbas,
2422 1925 2516 1995 qui
2549 1929 2614 1978 ut
2653 1926 2820 1979 Jonas
2859 1925 3143 1979 Bobiensis
3181 1926 3493 1980 monachus

131 2011 188 2064 in
217 2013 344 2081 ejus
371 2012 499 2066 Vita
525 2017 738 2080 narrat,
761 2030 875 2066 non
897 2012 1028 2066 alibi
1062 2013 1471 2067 monachorum
1499 2013 1624 2066 albo
1653 2028 1863 2065 nomen
1893 2011 2151 2082 primum
2181 2012 2434 2080 dederat,
2464 2029 2632 2083 quam
2662 2013 2720 2066 in
2752 2014 3107 2081 monasterio,
3156 2036 3184 2063 ‹‹
3222 2014 3380 2083 cujus
3414 2017 3497 2067 est

131 2100 478 2154 vocabulum
510 2102 780 2170 Banchor,
811 2124 838 2150 ››
871 2102 964 2154 illo
991 2117 1214 2172 nempe,
1248 2102 1395 2173 quod
1421 2102 1480 2155 in
1508 2101 1775 2155 Hibernia
1804 2100 1976 2154 situm
2001 2100 2172 2154 fuisse
2199 2101 2462 2155 diximus.
2498 2101 2734 2156 Proinde
2765 2102 2912 2155 inter
2942 2102 3236 2156 Bobienses
3262 2107 3317 2156 et
3345 2103 3492 2156 Ben-

129 2189 440 2244 chorenses
470 2191 776 2245 monachos
803 2207 1009 2262 magna
1037 2191 1092 2244 in
1121 2195 1408 2261 posterum
1444 2206 1668 2261 quoque
1696 2189 2042 2243 necessitudo
2071 2189 2398 2257 intercessit,
2427 2206 2489 2243 ac
2524 2191 2732 2244 amoris
2759 2191 3180 2245 commercium.
3214 2191 3281 2244 Et
3307 2207 3490 2262 quan-

129 2295 312 2349 quam
353 2281 676 2350 excogitare
704 2296 818 2334 non
845 2281 1145 2351 possimus,
1177 2297 1238 2334 ac
1265 2280 1384 2350 ipso
1410 2286 1600 2334 sancto
1626 2279 1968 2333 Columbano
1995 2279 2244 2332 delatum
2266 2279 2322 2333 in
2354 2279 2568 2334 Italiam
2594 2279 3067 2350 Antiphonarium
3110 2282 3258 2336 istud
3298 2281 3493 2352 fuisse,

130 2383 264 2420 cum
289 2367 368 2420 ibi
401 2369 668 2439 quaedam
712 2369 1026 2423 habeantur
1049 2385 1175 2440 quas
1211 2369 1426 2440 aliquot
1467 2369 1738 2423 duntaxat
1766 2372 1894 2438 post
1943 2368 2063 2438 ejus
2114 2371 2355 2422 mortem
2407 2369 2568 2422 annis
2607 2368 2924 2440 contigere;
2969 2375 3217 2424 attamen
3250 2370 3320 2424 ab
3371 2371 3493 2441 ejus

132 2463 447 2536 discipulis,
479 2467 821 2538 proximisve
852 2468 1266 2522 successoribus
1292 2468 1347 2522 id
1374 2469 1583 2522 factum
1609 2483 1723 2522 non
1751 2467 2035 2521 immerito
2059 2467 2278 2537 opinor.

204 2612 448 2675 Quando
467 2616 662 2667 autem
689 2612 746 2667 in
770 2629 877 2666 usu
895 2613 1375 2667 Benchorensium
1400 2613 1572 2667 fuerit
1590 2613 1759 2666 hocce
1785 2612 2275 2682 Antiphonarium,
2295 2612 2569 2683 conjicere
2588 2629 2884 2683 possumus
2910 2630 2978 2668 ex
2999 2613 3174 2685 ipsius
3195 2612 3492 2686 postremis

131 2701 319 2769 lineis,
351 2701 455 2755 ubi
481 2701 751 2756 Memoria
779 2702 1045 2756 abbatum
1071 2707 1392 2756 nostrorum
1428 2702 1744 2756 exhibetur.
1793 2701 2010 2755 Primus
2057 2702 2456 2755 Benchorensis
2485 2701 2808 2756 monasterii
2850 2703 3018 2757 abbas
3055 2704 3135 2758 ibi
3160 2707 3494 2759 numeratur

129 2795 363 2844 sanctus
393 2791 722 2861 Comgillus,
756 2791 854 2862 qui
878 2792 1054 2846 sancti
1083 2791 1415 2846 Columbani
1443 2791 1714 2862 magister
1739 2807 1801 2844 ac
1831 2791 1889 2844 in
1916 2791 2228 2846 eruditione
2253 2791 2471 2861 pietatis
2487 2798 2643 2861 pater
2657 2792 2781 2845 fuit.
2815 2793 2889 2845 Ita
2915 2793 2983 2846 de
3012 2794 3357 2848 Columbano
3376 2795 3494 2848 laus

130 2880 299 2934 datus
329 2881 499 2934 Jonas
529 2899 542 2934 :
577 2901 603 2930 (ι
634 2881 796 2935 Dedit
821 2881 1022 2935 deinde
1055 2898 1285 2952 operam
1307 2887 1372 2935 ut
1394 2882 1801 2935 monachorum
1831 2885 2149 2935 necteretur
2174 2879 2440 2948 societati,
2471 2887 2525 2935 et
2553 2881 2975 2950 monasterium,
3019 2883 3176 2952 cujus
3204 2887 3288 2938 est
3331 2899 3493 2938 voca-

130 2967 334 3022 bulum
369 2970 649 3037 Banchor,
678 2971 856 3040 petiit,
887 2971 945 3025 in
967 2989 1081 3042 quo
1108 2972 1379 3025 virtutum
1405 2972 1611 3042 prazsul
1637 2971 1891 3026 ubertate
1934 2970 2154 3024 cluebat
2190 2970 2383 3024 beatus
2417 2970 2851 3038 Commogellus,
2885 2972 3147 3042 egregius
3187 2972 3333 3026 inter
3369 2988 3505 3028 suos

130 3059 555 3112 monachorum
582 3064 759 3130 pater.
792 3079 819 3111 »
836 3061 1215 3125 Quamobrem
1243 3066 1462 3115 sanctus
1501 3060 1808 3130 Comgillus
1838 3059 2026 3113 floruit
2057 3059 2278 3112 circiter
2303 3075 2516 3112 annum
2543 3059 2748 3114 Christi
2777 3063 2898 3129 £580,
2929 3067 2984 3114 et
3011 3061 3194 3115 adhuc
3241 3062 3496 3116 Bencho-

131 3145 286 3200 rensi
315 3146 661 3202 monasterio
689 3154 946 3218 praeerat,
979 3167 1108 3204 cum
1136 3155 1361 3204 sanctus
1387 3149 1761 3203 Columbanus
1791 3166 1857 3203 ex
1882 3147 2142 3202 Hibernia
2165 3147 2224 3200 in
2252 3147 2455 3201 Gallias
2489 3149 2770 3218 processit,
2799 3166 2941 3204 nova
2977 3140 3315 3205 monasteria
3333 3153 3493 3206 insti-

129 3241 365 3290 tuturus
397 3253 412 3290 :
443 3238 599 3309 quod
625 3239 792 3308 paulo
819 3245 949 3294 ante
982 3256 1197 3294 annum
1216 3239 1418 3293 Christi
1456 3242 1557 3294 590
1582 3239 1842 3293 accidisse
1881 3237 2230 3292 Mabillonius
2271 3238 2556 3292 contendit
2598 3238 2656 3292 in
2703 3239 2850 3293 notis
2901 3239 2970 3293 ad
3022 3241 3279 3296 eamdem
3321 3242 3494 3296 sancti

128 3325 474 3380 Columbani
503 3326 683 3380 Vitam
714 3345 840 3382 saec.
873 3345 912 3383 Il
943 3330 1065 3384 Act.
1091 3334 1266 3384 sanet.
1314 3329 1436 3383 ord.
1475 3328 1652 3382 sancti
1693 3326 1996 3382 Benedicti.
2045 3327 2260 3393 Baleus,
2298 3326 2526 3382 Centur.
2583 3344 2620 3395 ι,
2667 3344 2788 3397 cap.
2840 3329 2926 3395 54,
2973 3329 3175 3399 Script.
3223 3329 3493 3397 Britann.,

129 3414 313 3468 sancti
341 3415 600 3486 Comgilli
621 3420 846 3471 aetatem
874 3417 1115 3473 nimium
1143 3418 1434 3488 anticipat,
1472 3433 1602 3471 cum
1634 3417 1794 3470 illum
1838 3415 2092 3470 coenobio
2135 3414 2503 3469 Benchorensi
2546 3416 2915 3486 praepositum
2951 3433 3100 3471 anno
3139 3417 3345 3473 Christi
3393 3423 3494 3474 530

128 3503 349 3572 scribit,
382 3504 551 3576 eique
580 3506 899 3576 regendum
936 3507 1340 3576 Britannicum,
1369 3523 1484 3561 non
1519 3522 1648 3560 vero
1686 3505 2069 3572 Hibernicum,
2121 3504 2504 3558 Benchorense
2547 3505 2952 3559 monasterium
2987 3505 3204 3562 tribuit.
3246 3506 3496 3564 Usserius

130 3593 256 3663 ejus
280 3598 532 3648 mortem
559 3594 686 3664 ﬁgit
715 3595 772 3648 in
802 3613 950 3650 anno
976 3597 1183 3651 Christi
1211 3599 1302 3651 60l
1321 3639 1334 3666 ,
1368 3613 1500 3667 pag.
1534 3595 1636 3649 494
1665 3595 1852 3666 Antiq.
1882 3594 2346 3648 Britannicarum.

207 3739 535 3794 Succedunt
558 3740 618 3794 in
644 3740 1049 3812 Antiphonario
1079 3742 1306 3797 abbates
1334 3742 1644 3812 Beognous,
1679 3741 1898 3807 Edeus,
1928 3738 2228 3807 Simlanus,
2261 3737 2622 3807 Fintenanus,
2651 3737 3044 3808 Michlaisreus,
3077 3737 3347 3811 Seganus,
3395 3741 3497 3796 Be-

131 3845 363 3897 racnus,
393 3829 742 3901 Cumnenus,
771 3831 1062 3901 Columba,
1084 3833 1350 3902 Aldanus,
1385 3832 1737 3899 Bautherius,
1771 3831 2078 3899 Cronanus,
2111 3830 2386 3884 Camanus
2418 3833 2473 3884 et
2503 3830 2811 3885 Cronanus.
2843 3830 2918 3884 De
2945 3833 3226 3901 postremo
3260 3829 3383 3886 haec
3421 3829 3498 3885 ibi

131 3919 415 3990 leguntur
445 3938 462 3974 :

583 4019 786 4070 Christo
810 4034 950 4071 nunc
969 4020 1113 4085 sedet
1129 4035 1402 4085 supremus
2335 4018 2621 4085 Conservet
2645 4017 3054 4085 eum-09mins.

523 4079 754 4146 Hymnos
782 4097 976 4133 canens
1000 4079 1362 4146 quindecimus
2332 4082 2470 4146 Quos
2495 4081 2801 4146 convocavit
2830 4082 3075 4146 Dominus

522 4142 661 4194 loen
685 4149 742 4194 ut
765 4151 944 4210 carpat
964 4142 1250 4208 Cfonanus,
2330 4145 2589 4193 leorum
2617 4145 2764 4207 regni
2797 4145 3021 4194 sedibus.

131 4283 276 4348 Quae
317 4300 453 4339 sane
494 4283 742 4342 indicare
790 4285 1072 4358 videntur,
1123 4291 1448 4344 Cronanum
1496 4293 1626 4343 tunc
1675 4288 1845 4343 etiam
1886 4286 2154 4358 temporis
2201 4286 2258 4340 in
2305 4285 2443 4340 vivis
2474 4287 2663 4356 fuisse,
2705 4305 2834 4342 cum
2883 4287 2932 4343 ei
2975 4284 3100 4359 Zoe,
3144 4285 3201 4346 id
3234 4292 3336 4361 est,
3373 4293 3505 4356 vita.

129 4375 386 4443 optetur,
417 4377 473 4427 et
499 4373 717 4430 dicatur
741 4379 1109 4432 concocandus
1129 4379 1197 4432 ad
1225 4379 1505 4433 Coelorum
1546 4379 1708 4450 regni
1737 4377 1912 4431 sedes.
1944 4379 2202 4430 Attamen
2223 4392 2353 4430 cum
2383 4376 2657 4447 scriptum
2683 4377 2760 4431 ibi
2785 4377 2854 4431 sit
2876 4393 3007 4447 quos
3035 4381 3364 4444 convocabit,
3392 4399 3501 4437 non

131 4477 271 4515 vero
299 4477 460 4530 quem
483 4467 816 4529 convocabit,
847 4468 1148 4522 vehemens
1175 4467 1370 4521 oborta
1393 4468 1534 4522 mihi
1557 4466 1828 4521 dubitatio
1859 4470 1960 4531 est,
1989 4481 2062 4518 ne
2095 4465 2408 4519 convocabit
2434 4465 2584 4520 idem
2611 4466 2682 4520 sit
2711 4472 2878 4537 atque
2900 4472 3224 4532 convocavit,
3253 4471 3401 4541 quod
3448 4471 3507 4525 in

131 4551 534 4621 superioribus
560 4555 866 4625 repetitum
897 4557 1118 4624 videas;
1148 4562 1202 4611 et
1229 4558 1512 4629 praecipue
1536 4573 1664 4611 cum
1690 4561 2006 4627 postremus
2032 4554 2199 4608 etiam
2229 4571 2292 4610 ex
2322 4554 2410 4608 his
2436 4554 2732 4610 abbatibus
2759 4555 2906 4610 inter
2934 4562 3148 4612 sanctos
3174 4558 3507 4614 invocandos

134 4645 537 4697 enumeretur.

212 4784 377 4849 Quod
406 4786 451 4840 si
479 4802 674 4844 revera
695 4790 986 4847 Cronanus
1015 4792 1189 4848 abbas
1214 4798 1349 4849 tunc
1380 4791 1622 4860 vivebat,
1655 4798 1884 4865 tempus
1913 4808 2025 4863 quo
2049 4785 2519 4861 Antiphonarium
2543 4790 2686 4849 illud
2725 4794 3120 4850 concinnatum
3161 4795 3268 4850 fuit
3315 4799 3412 4852 aut
3451 4794 3508 4852 in

134 4890 252 4929 usu
280 4879 423 4945 erat,
454 4877 708 4935 divinare
739 4881 975 4938 fortasse
1004 4883 1216 4939 liceret.
1263 4885 1322 4938 ln
1350 4885 1580 4956 antiquo
1611 4885 1863 4955 catalogo
1895 4888 2218 4937 sanctorum
2266 4883 2567 4953 Hiberniae,
2616 4901 2785 4954 quem
2824 4884 3076 4939 Usserius
3120 4885 3330 4956 publici
3363 4885 3511 4956 juris

127 4963 290 5032 fecit,
321 4981 456 5038 pag.
487 4969 588 5023 473
638 4971 845 5026 laudati
881 4973 1095 5043 Operis,
1143 4974 1432 5028 Cronanus
1474 4974 1660 5029 nescio
1695 4974 1822 5044 quis
1863 4973 2156 5044 presbyter
2202 4977 2425 5028 sanctus
2465 4979 2850 5030 enumeratur.
2891 4975 3022 5028 Tres
3057 4988 3186 5030 vero
3227 4976 3510 5031 Cronanos

143 5052 358 5108 deinde
385 5059 644 5126 agnoscit
669 5059 920 5116 Usserius
945 5063 1063 5134 ipse
1095 5081 1224 5135 pag.
1253 5067 1376 5119 502.
1409 5063 1629 5120 Primus
1660 5081 1808 5118 anno
1835 5063 2038 5118 Christi
2063 5065 2164 5117 640
2191 5063 2389 5117 vixisse
2427 5064 2484 5118 in
2514 5064 2771 5118 Hibernia
2800 5065 2996 5118 fertur.
3039 5065 3326 5120 Secundus
3362 5083 3511 5120 anno

141 5141 362 5197 Christi
389 5147 490 5200 665
520 5154 761 5203 mortem
789 5151 992 5207 obiisse
1021 5153 1227 5207 dicitur
1252 5154 1309 5208 in
1342 5155 1651 5209 Hibernicis
1679 5153 2006 5208 Annalibus.
2039 5153 2258 5206 Tertius
2286 5153 2454 5206 abbas
2475 5153 2581 5206 fuit
2609 5154 3007 5224 magniﬁcique
3033 5157 3358 5210 monasterii
3379 5158 3508 5211 fun-

142 5231 315 5285 dator
341 5232 400 5288 in
420 5235 836 5308 Tipperariensi
869 5241 1160 5297 comitatu.
1193 5243 1476 5298 Videndus
1516 5245 1682 5299 etiam
1725 5243 2024 5297 Bollandus
2065 5242 2130 5295 ad
2174 5242 2323 5296 diem
2361 5243 2604 5312 primam
2649 5243 2921 5310 Januarii,
2971 5243 3067 5297 ubi
3116 5245 3287 5300 refert
3324 5247 3506 5301 Vitam

142 5322 331 5374 sancti
361 5324 635 5396 Mochuae,
654 5328 767 5383 sive
799 5331 1062 5398 Cronani,
1096 5350 1267 5404 quem
1297 5334 1425 5387 facit
1455 5333 1791 5403 discipulum
1819 5332 1992 5386 sancti
2032 5330 2311 5399 Comgilli,
2343 5335 2399 5384 et
2422 5330 2698 5385 abbatem.
2728 5333 2832 5386 Nos
2856 5332 2912 5386 in
2961 5333 3214 5405 catalogo
3256 5336 3510 5391 Bencho-

144 5412 411 5466 rensium
432 5413 701 5472 abbatum
722 5419 862 5474 duos
887 5422 1175 5477 Cronanos
1207 5423 1538 5493 reperimus.
1570 5426 1607 5476 A
1646 5439 1776 5477 vero
1801 5438 1915 5476 non
1955 5421 2220 5475 abhorret
2266 5421 2632 5474 recentiorem
2674 5421 2823 5476 inter
2866 5438 2957 5476 eos
2990 5421 3244 5479 ﬂoruisse
3296 5424 3515 5481 circiter

145 5515 373 5554 annum
400 5503 613 5558 Christi
644 5509 766 5574 660,
796 5527 1121 5582 quanquam
1152 5512 1197 5565 si
1225 5517 1371 5566 recte
1401 5513 1655 5581 memini,
1685 5511 1900 5567 Gabriel
1934 5509 2234 5564 Bucelinus
2260 5511 2318 5564 in
2345 5509 2488 5564 libro
2513 5510 2580 5563 de
2603 5511 2806 5565 sanctis
2836 5512 2977 5566 Viris
3002 5513 3124 5568 ord.
3153 5515 3326 5569 sancti
3345 5517 3515 5569 Bene-

146 5588 309 5657 dicti,
340 5606 515 5660 quem
540 5593 676 5647 olim
705 5597 834 5664 vidi,
864 5600 1074 5668 scribit,
1109 5602 1430 5655 Crononum
1460 5601 1904 5655 Benchorensem
1934 5599 2196 5653 abbatem
2223 5599 2426 5654 vixisse
2453 5599 2672 5654 circiter
2718 5617 2932 5656 annum
2976 5602 3182 5657 Christi
3219 5605 3340 5658 636.
3381 5604 3512 5666 Quae

148 5681 348 5732 tamen
370 5679 450 5733 ita
476 5681 624 5736 dicta
651 5685 839 5755 velim,
863 5693 926 5743 ut
945 5705 1057 5742 non
1091 5695 1280 5759 putem
1302 5694 1603 5760 prOpterea
1633 5690 1893 5745 Codicem
1919 5689 2104 5760 ipsum
2151 5705 2264 5761 quo
2314 5706 2438 5743 sum
2481 5705 2618 5743 usus
2656 5690 2725 5745 ad
2764 5707 2889 5746 eam
2929 5691 3109 5762 ipsam
3133 5696 3352 5747 aetatem
3394 5705 3511 5745 esse

148 5767 551 5839 referendum,
581 5788 712 5828 cum
731 5777 1018 5849 exemplar
1041 5779 1097 5833 in
1129 5779 1492 5836 Ambrosiana
1520 5786 1883 5849 asservatum,
1916 5784 1972 5836 et
1998 5784 2148 5836 certe
2179 5778 2639 5853 vetustissimum,
2671 5797 2737 5836 ex
2763 5781 3076 5854 antiquiore
3101 5786 3285 5836 tamen
3315 5777 3511 5838 Codice

150 5855 394 5913 describi
427 5859 669 5916 subinde
700 5880 800 5935 per
824 5868 1124 5923 monachos
1153 5870 1447 5926 Bobienses
1473 5870 1586 5926 sive
1618 5869 2058 5926 Benchorienses
2088 5869 2353 5944 potuerit.
