3994 6404
503 326 603 380 583
1366 315 1692 373 APPENDIX
1732 317 1818 374 AD
1853 315 2072 375 orem
2111 319 2164 373 s.
2205 313 2501 375 GERMANI
2540 294 2962 376 PARISIENSIS.
3774 308 3872 367 sat

567 430 725 496 Quod
750 434 833 484 est
849 429 918 484 ad
945 423 1188 498 reliquos
1215 425 1462 494 abbates,
1494 428 1726 483 eruditis
1751 429 1903 482 locus
1929 429 2037 482 erit
2062 428 2384 500 inquirendi
2412 445 2607 483 eorum
2634 435 2857 499 tempus
2881 444 2944 481 ac
2970 425 3309 482 memoriam
3335 424 3398 478 iu
3443 422 3712 494 antiquis
3757 425 3871 476 An-

499 521 740 588 nalibus,
771 524 938 590 atque
967 515 1286 590 Agiologiis,
1317 533 1381 571 ac
1407 517 1765 588 potissimum
1790 517 1846 572 in
1873 519 2040 572 vastis
2062 518 2525 573 Bollandistarum
2548 519 2722 586 libris,
2757 533 2995 588 eamque
3022 517 3080 570 in
3101 532 3222 571 rem
3243 514 3573 586 plurimum
3599 511 3729 582 opis
3748 527 3874 566 con-

499 610 682 664 ferent
711 589 935 678 quzede
967 605 1167 659 sanctis
1188 589 1464 660 Hiberniae
1489 607 1620 660 viris
1645 608 1888 678 vaganti,
1929 607 2026 661 sed
2063 607 2257 677 magni
2293 612 2484 661 tamen
2516 607 2788 674 facienda,
2836 605 3153 661 eruditione
3187 603 3476 676 congessit
3515 605 3874 656 memoratus

500 697 752 751 Usserius
778 695 835 749 in
861 695 1004 750 libro
1030 693 1440 766 Antiquitatum
1465 696 1928 751 Britannicarum.
1963 697 2059 750 Hic
2081 696 2306 751 interim
2337 697 2628 751 adnotasse
2647 695 2866 765 juvabit
2890 695 3138 766 priorem
3173 696 3482 764 hymnum,
3510 691 3618 762 qui
3663 690 3725 743 in
3769 689 3873 743 hoc

497 785 903 856 Antiphonario
929 784 1188 853 occurrit,
1215 785 1387 838 tribui
1415 792 1603 839 sancto
1652 787 1858 840 Hilario
1900 786 2226 840 Pictaviensi
2273 786 2554 858 episcopo,
2591 786 2702 839 illis
2743 785 2933 839 verbis
2963 801 2975 838 :
3019 787 3298 852 Hymnum
3333 783 3518 838 sancti
3557 781 3776 834 Hilarii
3811 779 3876 832 de

499 873 726 929 Christo.
760 875 826 927 Et
851 875 1098 944 profecto
1123 877 1477 944 compertum
1503 879 1586 928 est
1622 875 1772 930 inter
1803 876 2068 942 eruditos,
2111 878 2251 929 teste
2291 881 2480 929 sancto
2529 877 2891 945 Hieronymo,
2941 875 3294 944 Hymnorum
3330 871 3554 926 librum
3577 885 3637 921 ‘a
3682 872 3876 921 sancto

499 961 708 1017 Hilario
726 963 894 1017 fuisse
913 963 1304 1033 compositum.
1334 965 1412 1018 Ex
1439 963 1506 1018 iis
1531 965 1698 1018 etiam
1729 966 2029 1020 nonnullos
2059 965 2117 1020 in
2145 964 2373 1019 ecclesia
2403 965 2684 1020 decantari
2719 964 2904 1018 solitos
2943 963 3116 1018 fuisse
3157 961 3330 1017 tradit
3366 958 3688 1035 concilium
3721 957 3877 1011 Tole-

496 1056 700 1106 tanum
727 1067 800 1118 iv,
829 1052 964 1106 anni
987 1055 1108 1107 633.
1133 1055 1201 1106 At
1227 1052 1283 1106 in
1312 1053 1524 1124 hymno
1540 1070 1690 1108 nunc
1716 1072 1748 1108 a
1763 1055 1924 1110 nobis
1948 1054 2220 1126 producto
2240 1054 2517 1126 majorem
2542 1054 2773 1109 fortasse
2793 1052 3132 1123 elegantiam
3152 1049 3569 1106 desiderabunt
3584 1045 3875 1114 nonnulli,

501 1144 566 1195 ut
591 1155 722 1195 eum
750 1146 938 1196 sancto
966 1141 1171 1195 Hilario
1196 1142 1492 1198 ascribant.

573 1258 656 1313 Ad
683 1258 801 1312 haec
830 1259 1069 1329 legimus
1095 1259 1152 1313 in
1178 1260 1582 1331 Antiphonario
1610 1266 1800 1316 nostro
1823 1264 2096 1332 Hymnum
2118 1265 2294 1318 sancti
2319 1263 2548 1317 Patricii
2571 1265 2823 1331 magistri
2843 1261 3140 1316 Scotorum.
3161 1257 3389 1314 Memini
3415 1260 3644 1322 autem,
3679 1253 3874 1308 claris-

502 1346 711 1403 simum
736 1347 917 1402 virum
953 1349 1009 1402 P.
1042 1349 1101 1402 D.
1133 1349 1483 1404 Bernardum
1516 1351 1584 1404 de
1611 1351 2014 1419 Montefaucon,
2043 1352 2179 1406 dum
2209 1352 2343 1406 olim
2370 1351 2658 1406 Mediolani
2695 1356 2908 1422 ageret,
2947 1353 3244 1420 conspecta
3291 1345 3518 1403 Codicis
3568 1344 3771 1414 hujus,
3817 1360 3878 1396 ac

501 1437 856 1492 monumenti
881 1443 1170 1506 vetustate,
1199 1439 1340 1492 mihi
1371 1440 1685 1495 ostendenti
1710 1441 1878 1496 fuisse
1911 1442 2276 1511 gratulatum.
2304 1441 2572 1495 Narrabat
2597 1440 2828 1512 quippe,
2859 1439 2919 1494 in
2943 1438 3134 1494 Galliis
3160 1455 3280 1492 esse
3317 1435 3622 1491 eruditum
3671 1447 3876 1502 quem-

502 1526 657 1595 dam,
685 1525 773 1580 cui
800 1529 932 1580 nata
954 1526 1191 1597 suspicio
1220 1528 1401 1582 fuerat
1426 1545 1537 1582 non
1567 1529 1712 1600 ipsas
1733 1530 1911 1584 solum
1939 1531 2117 1585 sancti
2143 1529 2365 1584 Patricii
2391 1547 2478 1583 res
2525 1535 2723 1600 gestas,
2772 1529 2867 1582 sed
2921 1527 3188 1582 eumdem
3235 1529 3502 1580 sanctum
3559 1521 3880 1576 Patricium

501 1613 651 1670 inter
675 1615 904 1670 Fabulas
940 1617 1322 1671 Homanenses
1347 1635 1464 1672 esse
1491 1619 1929 1690 amandandum,
1965 1621 2129 1674 tantis
2157 1636 2361 1691 nempe
2380 1618 2624 1672 anilibus
2637 1617 2972 1672 commentis
2985 1617 3280 1687 deturpata
3295 1616 3488 1670 fuerat
3512 1611 3704 1666 sancti
3731 1610 3884 1664 illius

502 1703 747 1775 episcopi
774 1705 1025 1759 Historia.
1053 1708 1122 1760 At
1143 1707 1393 1777 profecto
1413 1723 1560 1762 unus
1587 1708 1677 1762 hic
1704 1709 1948 1780 hymnus
1975 1709 2105 1764 satis
2131 1726 2250 1764 esse
2277 1712 2460 1780 potest
2488 1708 2558 1762 ad
2585 1706 3030 1762 confirmandam
3059 1705 3358 1760 veritatem
3382 1719 3522 1758 cum
3547 1700 3882 1771 insignium

501 1793 723 1848 Patricii
752 1810 1009 1866 operum,
1034 1799 1156 1850 tum
1184 1797 1564 1852 celeberrimae
1591 1799 1776 1868 famas,
1806 1815 1936 1870 quae
1963 1799 2030 1854 de
2051 1802 2240 1853 sancto
2269 1798 2388 1852 viro
2409 1799 2478 1852 ad
2505 1802 2696 1852 nostra
2724 1813 2904 1868 usque
2933 1799 3194 1867 tempora
3209 1791 3598 1866 permanavit.
3620 1793 3709 1846 Tu
3739 1789 3881 1844 ube-

499 1880 669 1952 riora,
701 1883 803 1937 etsi
829 1900 942 1938 non
971 1885 1131 1956 paria
1157 1887 1510 1958 antiquitate,
1537 1887 1607 1942 ab
1636 1889 1852 1944 Usserio
1880 1894 2029 1961 pete,
2052 1906 2174 1960 cap.
2210 1893 2294 1958 l7,
2320 1904 2451 1959 pag.
2487 1888 2588 1942 425
2617 1892 2673 1942 et
2693 1903 2835 1958 seq.,
2869 1885 3172 1939 Britannic.
3203 1882 3659 1955 Antiquitatum.

1087 2256 1293 2380 IN
1387 2258 2124 2384 NOMINE
2223 2260 2532 2382 DEI
2635 2256 3283 2382 SUMMI.

809 2586 1085 2642 Canticum
1113 2588 1310 2656 Moysi,
1671 2589 1839 2644 Multa
1868 2605 2090 2659 parvus,
2114 2591 2292 2644 multa
2316 2576 2538 2644 adultus
2791 2587 3026 2642 Mortem
3051 2584 3184 2639 vicit
3210 2583 3500 2637 omnium.

577 2701 797 2769 Audite,
826 2701 966 2772 coeli,
994 2719 1121 2772 quae
1149 2702 1371 2774 loquor,
1401 2706 1505 2756 etc.
1671 2677 1840 2748 δίεηει
1867 2677 2000 2733 feeit
2027 2678 2259 2732 οωῙίῐιιεο
2798 2773 2809 2774 7
2858 2685 3001 2738 Tum
3028 2684 3205 2774 Deum
3232 2682 3492 2774 clamore
3518 2695 3748 2750 magno

785 2743 809 2847 ἰ
1045 2743 1244 2847 mh:
1275 2828 1325 2847 ,Α
1738 2775 1872 2838 Quae
1897 2775 2090 2843 latent,
2113 2781 2168 2830 et
2195 2792 2321 2847 quae
2345 2777 2615 2846 leguntur
2793 2773 3012 2826 Patrem
3042 2770 3299 2842 pendens
3328 2771 3570 2824 invocat

546 2831 815 2896 Hymnum
840 2830 1015 2882 sane“
1041 2827 1244 2881 Hilarii
1263 2828 1328 2882 de
1356 2829 1581 2886 Christ“
1670 2827 1868 2917 Coram
2113 2827 2603 2934 testibus,omv__
2795 2896 2810 2912 .
2855 2899 2868 2912 .
2915 2899 2928 2913 .
2974 2899 2988 2913 .
3034 2827 3062 2913 ,⁸
3093 2899 3106 2914 .
3148 2858 3410 2912 membra
3434 2858 3664 2912 Christi

583 2942 864 3012 Hymnum
890 2941 1035 2995 dicat
1072 2942 1237 2996 turba
1263 2941 1532 2997 fidelium.
1673 2951 1983 3004 Prmdicans
2008 2952 2222 3006 cmleste
2248 2969 2511 3023 regnum,
2797 2986 2809 2998 .
2855 2985 2868 3000 .
2911 2984 2927 2999 .
2974 2987 2987 3000 .
3033 2988 3046 3000 .
3091 2987 3103 2999 .
3151 2988 3164 3000 .
3211 2987 3224 2999 .
3272 2987 3285 3001 .
3331 2987 3344 3000 .
3392 2987 3407 3001 .
3453 2987 3468 3000 .
3527 2988 3543 3002 .
3595 2991 3603 2999 .
3668 2987 3684 3001 .
3737 2983 3754 3001 .
3812 2988 3824 3002 .
3875 2984 3888 3000 .

501 3031 793 3102 Hymnum
821 3034 1016 3084 cantus
1041 3046 1311 3101 person...
1675 3038 1832 3092 Dicta
1857 3039 2019 3094 factis
2049 3041 2342 3110 adprobat.
2865 3044 2994 3097 Vela
3021 3044 3220 3114 templi
3240 3044 3412 3098 scissa
3442 3045 3746 3114 pendent;

507 3118 731 3174 Christo
759 3117 899 3188 Hegi
917 3118 1328 3174 concinnentur
1743 3137 1959 3192 Debiles
1986 3138 2084 3191 feci

1954 3155 1959 3188 ι
1986 3138 2116 3192 fecit
2141 3138 2352 3209 vigere,
2791 3135 2909 3188 Nox
2930 3135 3192 3189 obscurat
3211 3135 3498 3190 saeculum
3518 3153 3531 3190 :

509 3205 2086 3295 L811d83...............Cmcoslucein

2000 3246 2006 3278 ι
2031 3205 2353 3295 inluminat,
2793 3224 3125 3278 Excitantur
3148 3224 3218 3278 de
3248 3224 3577 3294 sepulchris

580 3296 663 3352 Tu
690 3294 787 3350 Dei
813 3295 901 3350 de.
946 3336 961 3352 .
1005 3337 1020 3350 .
1065 3337 1076 3350 .
1119 3335 1133 3350 .
1179 3313 1191 3326 ·
1239 3339 1252 3352 .
1299 3338 1311 3353 .
1356 3338 1369 3352 .
1417 3339 1430 3352 .
1475 3339 1488 3353 .
1533 3339 1546 3353 .
1588 3337 1602 3353 .
1672 3315 1866 3368 verbis
1891 3319 2098 3385 purgat
2123 3314 2157 3368 1¢

1952 3319 2098 3385 irgat
2123 3314 2296 3385 leprze
2321 3294 2606 3384 morbum,
2798 3312 3019 3367 Dudum
3047 3313 3235 3366 clausa
3261 3329 3529 3384 corpora.

517 3423 1604 3444 ...................
1673 3403 2094 3456 Mortuosresus

1994 3403 2254 3457 :suscitat.
2843 3410 3058 3464 'Adfuit
3080 3411 3289 3480 Joseph
3317 3410 3528 3466 beatus
3554 3430 3571 3482 ;

516 3517 531 3533 ο
587 3512 603 3529 ο
649 3515 662 3529 ο
708 3515 721 3528 ο
767 3513 780 3526 ο
825 3513 838 3528 ·
884 3514 897 3528 ο
943 3515 956 3528 ο
1002 3515 1015 3528 ο
1062 3515 1076 3527 ο
1123 3515 1136 3528 ·
1181 3515 1194 3528 ο
1239 3515 1252 3529 ·
1295 3513 1310 3529 ο
1357 3515 1370 3529 ο
1415 3515 1428 3529 ·
1473 3516 1486 3530 ·
1532 3516 1544 3529 ·
1589 3515 1602 3529 ’
1739 3499 1964 3568 Vinum,
1987 3500 2138 3571 quod
2165 3500 2358 3555 deerat
2383 3501 2616 3572 hydriis,
2790 3501 3006 3570 Corpus
3029 3515 3224 3572 myrra
3253 3501 3539 3571 perlitum

516 3599 530 3616 ⁸
581 3598 620 3660 ,1
649 3599 662 3614 '
703 3597 718 3660 ζ
765 3599 778 3613 ³
812 3599 850 3660 ,1
883 3599 901 3660 ³,
941 3601 955 3656 ζ
999 3597 1014 3612 ⁸
1060 3600 1074 3614 ’
1119 3601 1132 3614 ⁸
1175 3598 1190 3613 ⁶
1237 3600 1250 3614 ⁶
1414 3602 1426 3614 ’
1472 3601 1486 3616 ’
1530 3600 1543 3614 ⁶
1589 3602 1603 3616 ⁸
1670 3589 1870 3642 Mutari
1896 3589 2304 3660 aquamjubet.
2790 3587 2984 3642 Linteo
3013 3589 3142 3642 rudi
3172 3589 3428 3660 ligatum

581 3649 787 3749 Dex‘tl‘t}
812 3648 1216 3749 Ῑῗίιῐξίεηωοηε),
1239 3650 1298 3702 εί
1319 3650 1532 3718 Agnus:
1671 3677 1888 3749 Nuptiis
1910 3648 2067 3732 mero
2092 3648 2325 3733 retentis
2791 3677 2931 3731 Cum
2960 3676 3154 3731 dolore
3181 3648 3460 3734 condidit.

509 3734 1352 3849 ῥξβῇίξξιξλῖξρδῗξινΑΛΒ-Μι-
1677 3804 1690 3818 .
1733 3805 1746 3818 .
1793 3807 1806 3820 .
1851 3807 1862 3819 .
1909 3807 1922 3821 .
1969 3807 1981 3822 .
2027 3807 2038 3820 .
2083 3804 2098 3822 .
2145 3807 2157 3821 .
2197 3766 2430 3838 populo.
2864 3774 3062 3829 Milites
3089 3791 3318 3830 servare
3347 3792 3569 3849 corpus

509 3827 545 3882 S
590 3839 758 3878 onsus
785 3823 934 3876 idem
985 3824 1072 3877 vel
1099 3823 1377 3882 columba.
2197 3823 2220 3838 ⁵
2273 3823 2295 3838 ⁸
2864 3823 3062 3873 mm".
3090 3823 3318 3830 ”“’““’
3352 3823 3568 3877 ⁷⁷ῖ¹’ῖ”“’

511 3842 753 3936 “Pun”
801 3865 991 3936 ηυιζ-
1043 3913 1206 3936 ,μη-η
1682 3905 1695 3919 .
1740 3905 1753 3918 .
1800 3905 1812 3918 .
1859 3905 1872 3920 .
1918 3905 1930 3919 .
1977 3905 1990 3920 .
2035 3905 2048 3918 .
2091 3903 2106 3918 .
2154 3905 2168 3920 .
2212 3906 2226 3919 .
2271 3906 2284 3920 .
2329 3906 2341 3918 .
2388 3906 2400 3920 .
2447 3906 2460 3920 .
2505 3903 2518 3919 .
2570 3907 2582 3920 .
2627 3906 2640 3920 .
2685 3906 2699 3920 .
2792 3866 2953 3918 Anna
2977 3881 3244 3934 princeps
3270 3869 3568 3936 erL‘Clplt,

1682 3913 1694 3919 -
1740 3913 1753 3918 -
1800 3913 1812 3918 -
1859 3913 1871 3920 .
1918 3913 1930 3919 -
1977 3913 1990 3920 -
2036 3913 2048 3918 -
2092 3913 2105 3918 -
2154 3913 2167 3920 -
2212 3913 2226 3919 -
2271 3913 2284 3920 -
2329 3913 2341 3918 -
2388 3913 2400 3920 .
2447 3913 2460 3920 -
2505 3913 2518 3919 -
2570 3913 2582 3920 .
2627 3913 2640 3920 -
2685 3913 2699 3920 -
2792 3913 3239 3934 -____--,_--_--,--
3270 3913 3511 3936 πημτ-

510 3913 1244 4024 Ριῗξῃῗῗζῗῗῗξῗξζίῗῗξιξξ
1677 3991 1690 4005 .
1737 3993 1749 4006 .
1795 3991 1807 4004 .
1853 3992 1866 4007 .
1911 3992 1924 4006 .
1969 3989 1985 4006 .
2032 3993 2044 4007 .
2089 3992 2102 4005 .
2149 3993 2162 4006 .
2208 3993 2221 4007 .
2267 3993 2280 4007 .
2325 3993 2338 4007 .
2385 3993 2398 4008 .
2444 3994 2457 4008 .
2497 3953 2632 4008 bino
2799 3953 2869 4006 Ut
2895 3952 3132 4022 videret,
3161 3953 3206 4006 si
3233 3954 3511 4024 probaret

583 3999 643 4053 In
703 4014 765 4051 ro
806 3997 950 4050 hetis
979 3997 1247 4052 inveniris
1678 3997 1690 4005 '
1737 3997 1749 4006 '
1795 3997 1807 4004 '
1853 3997 1866 4007 '
1911 3997 1924 4006 '
1969 3997 1985 4006 '
2032 3997 2044 4007 '
2089 3997 2102 4005 '
2149 3997 2162 4006 '
2208 3997 2221 4007 '
2267 3997 2280 4007 '
2325 3997 2338 4007 '
2385 3997 2398 4008 '
2444 3997 2457 4008 '
2499 3997 2630 4008 ”“’“’
2802 3997 2869 4006 “”’
2906 3997 3132 4050 ’.““”“”’⁷
3161 3997 3511 4024 ”’³’“””“”’“

511 4085 554 4142 Ν
663 4015 700 4069 Ρ
769 4014 802 4068 p
1677 4079 1748 4094 ..
1795 4080 1808 4094 .
1853 4081 1866 4093 .
1911 4078 1925 4093 .
1969 4077 1982 4091 .
2030 4079 2042 4093 .
2088 4080 2101 4094 .
2147 4081 2160 4094 .
2205 4081 2219 4096 .
2264 4081 2278 4095 .
2324 4081 2336 4095 .
2381 4081 2392 4094 .
2439 4081 2452 4094 .
2499 4083 2511 4095 .
2557 4083 2570 4096 .
2615 4080 2630 4096 .
2675 4081 2689 4097 .
2793 4039 3068 4108 Christus,
3097 4042 3252 4112 quod
3279 4046 3699 4116 spoponderat.

561 4091 709 4140 ostro
735 4090 901 4138 natus
927 4084 1130 4139 saaculo
3021 4140 3032 4142 _
3168 4140 3196 4142 _
3259 4141 3265 4142 ,

561 4091 709 4140 ostro
735 4090 901 4138 natus
927 4084 1130 4139 saaculo
1677 4084 1688 4093 ’
1735 4084 1748 4094 ’
1795 4084 1808 4094 ’
1853 4084 1866 4093 ’
1911 4084 1925 4093 ⁷
1969 4084 1982 4091 ⁷
2030 4084 2042 4093 ’
2088 4084 2101 4094 ’
2147 4084 2160 4094 ’
2205 4084 2219 4096 ’
2264 4084 2278 4095 ’
2324 4084 2336 4095 ’
2381 4084 2392 4094 ’
2439 4084 2452 4094 ’
2499 4084 2511 4095 ’
2557 4084 2570 4096 ’
2615 4084 2630 4096 ’
2675 4084 2689 4097 ’
2798 4084 3068 4152 “Tum.”
3098 4084 3267 4152 ν’.Ϊῖ

600 4179 653 4228 te
683 4173 846 4226 εωριει
874 4176 932 4226 tu
961 4171 1114 4226 fuisti
1675 4168 1689 4184 '
1737 4169 1808 4228 χο
1855 4169 1871 4228 ς
1913 4169 1927 4183 ·
1973 4171 1986 4182 ·
2032 4169 2044 4182 ο
2091 4169 2102 4182 -
2149 4170 2162 4183 ο

2091 4169 2102 4182 .
2149 4170 2162 4183 .
2207 4169 2220 4184 .
2267 4170 2279 4184 .
2325 4170 2336 4182 .
2380 4167 2395 4182 .
2441 4171 2454 4184 .
2501 4172 2514 4184 .
2556 4169 2570 4185 .
2617 4173 2630 4185 .
2676 4173 2689 4187 .
2857 4140 3140 4210 Angelum
3167 4140 3271 4195 Dei
3300 4145 3629 4199 trementes

511 4181 653 4230 Ante
683 4181 846 4226 saecla
874 4181 932 4226 tu
961 4181 1114 4226 fuisti
1677 4181 1687 4184 '
1739 4181 1747 4183 τ
1798 4181 1805 4183 ν
1858 4181 1866 4182 ί
1915 4181 1925 4183 ἡ
1976 4181 1983 4182 ί
2035 4181 2040 4182 ί
2093 4181 2099 4182 ν
2267 4181 2278 4236 ς
2327 4181 2334 4182 ί
2383 4181 2391 4182 ί
2442 4181 2453 4184 -
2502 4181 2512 4184 -
2558 4181 2569 4185 ν
2618 4181 2629 4185 ~
2676 4181 2689 4187 -
2826 4181 3140 4244 fuam-fu
3167 4181 3271 4195 νυ.
3306 4181 3551 4240 "cura...

514 4261 710 4316 ἠρίον
733 4260 1131 4316 Drimismculi.
1680 4314 1693 4316 ξ
1743 4225 1926 4316 Turba
1950 4227 2612 4316 exomnidiscumbente
2797 4229 2956 4316 Veste
2975 4229 3551 4316 amictumcandida,

557 4277 710 4315 actor
733 4277 901 4332 primi
923 4277 1131 4315 saeculi.
1754 4277 1774 4280 -
1812 4277 1921 4278 πη
2489 4277 2610 4283 --η-
2817 4277 2952 4281 Ἴτη-
2980 4277 3249 4282 "mna---
3280 4277 3504 4327 -_.__-._.

585 4350 781 4404 Factor
806 4349 952 4404 coeli.
980 4354 1146 4404 terrae
1177 4349 1374 4404 factor.
1672 4314 1873 4404 iuge?“
1904 4313 2124 4404 laudm
2153 4315 2406 4385 penum,
2795 4315 2914 4404 9“?
2941 4314 3182 4404 οθοᾷίπθ
3222 4315 3504 4371 οῘᾶΓιῐδῐιε

586 4365 781 4404 r'actor
806 4365 952 4419 casu,
980 4365 1146 4404 terrae
1177 4365 1374 4421 Iactor,
1674 4365 1871 4384 “"0"”
1903 4365 2123 4412 ivi“
2153 4365 2181 4385 ι’
2201 4365 2406 4414 ““”“’ῖ
2803 4365 2905 4378 ν’
2951 4365 3140 4413 "’"f'j
3160 4365 3178 4368 '
3229 4365 3450 4414 "im"

509 4440 890 4495 congregat“
907 4443 968 4493 tu
995 4439 1186 4495 maris.
1675 4402 1979 4495 Duodecim
2005 4420 2158 4495 viros
2178 4404 2454 4495 probavu,
2797 4402 2984 4456 Vellus
3014 4409 3150 4457 vicit
3175 4420 3450 4460 sericum.

512 4456 890 4510 congregalor
907 4456 968 4493 tu
995 4456 1186 4509 maris,
1989 4490 2019 4516 υ

512 4527 893 4584 Omniumque
918 4531 979 4581 tu
1007 4533 1222 4582 creator
1675 4490 1780 4544 Per
1804 4506 1944 4560 quos
1971 4495 2081 4543 Vlia

2128 4490 2357 4546 liscitur.
2870 4501 3124 4556 Demovit
3149 4519 3352 4556 saxum
3383 4504 3705 4574 sepulchro

512 4545 893 4599 ummumque
918 4545 979 4581 tu
1007 4545 1222 4582 creator
1820 4545 1840 4560 ι
1929 4588 1938 4597 _
2247 4589 2258 4599 θ
2348 4545 2353 4546 ί
2418 4587 2428 4601 ο
2871 4545 3124 4556 "mw"
3149 4545 3633 4601 "ﬁn-“fvru-w-

511 4619 645 4683 om,3
671 4618 832 4672 pater
858 4616 1009 4671 nasci
1034 4617 1219 4683 jubet.
1579 4621 1585 4628 -
1683 4586 1824 4683 “Ex
1845 4586 2050 4683 quibus
2071 4605 2220 4683 unus
2232 4594 2529 4683 invenitur
2793 4591 3046 4683 gurgens
3063 4590 3338 4683 Christus
3357 4598 3633 4683 integer;

584 4635 645 4672 ire
671 4635 832 4672 pater
858 4635 1009 4671 nasc1
1034 4635 1219 4688 μυεῖ.
1746 4635 1824 4684 -ῖ-
1849 4635 1977 4684 “⁴ξ““’⁷
1989 4635 2049 4642 -τ
2073 4635 2520 4686 “··“·ν-,·’-’·’···“·-
2793 4635 3046 4688 ν-ὀνςσῖ
3082 4635 3337 4645 ν··-·ν“-ν
3357 4635 3585 4664 “Wo”

584 4704 822 4774 Virginis
855 4709 1109 4776 receptus
1135 4705 1449 4776 membris"
1675 4675 1881 4776 Christi
1905 4675 2074 4776 Judas
2103 4676 2364 4776 traditur,
2797 4677 2921 4776 Haec
2941 4677 3078 4732 Vidit
3098 4679 3296 4776 ludaea
3323 4682 3608 4776 mendax,

1023 4747 1109 4758 mu
1135 4747 1450 4780 "unum"
1675 4765 2035 4818 Instruuntur
2059 4765 2214 4818 missi
2242 4766 2312 4819 ab
2339 4769 2498 4821 Anna
2799 4765 2922 4819 Haec
2949 4770 3141 4836 negat,
3175 4783 3310 4821 cum
3339 4767 3590 4825 videret,

509 4880 716 4938 Crescit
738 4883 892 4936 alvus
916 4882 1072 4953 prole
1102 4887 1290 4936 sancta
1673 4851 1978 4953 ΡΓῩάίῖοΓίε
2005 4869 2086 4904 05(

517 5009 532 5030 ο
576 5011 588 5028 ο
635 5011 648 5028 ο
693 5014 706 5028 ο
751 5013 764 5028 ,
809 5014 822 5028 ο
863 4950 1013 5028 θνῖηε
1037 4973 1286 5027 credere.
1748 4950 2015 5004 lnnocens
2039 4955 2234 5021 captus
2258 4955 2500 5022 tenetur,
2803 4992 2815 5008 .
2869 4993 2881 5006 .
2939 4995 2952 5008 .
3010 4993 3022 5008 .
3074 4995 3086 5008 .
3146 4995 3158 5009 .
3206 4996 3220 5009 .
3267 4995 3280 5010 .
3330 4998 3343 5011 .
3391 4997 3404 5010 .
3453 4997 3466 5011 .
3517 5000 3532 5014 .
3582 5001 3597 5013 .
3647 5001 3660 5014 .
3712 5001 3726 5015 .
3774 5002 3788 5015 .
3834 5001 3845 5014 .
3889 5000 3901 5013 .

518 5059 1394 5118 ..Μηηηοηιίεδω
1673 5038 2416 5107 Necrepugnansducitur,

519 5124 2093 5206 cocococo-cooouooo.oSiStiturfalsis’

2323 5133 2444 5182 itur

517 5213 2092 5297 ...................orerentespo

2087 5213 2231 5268 mtio.
2867 5227 3047 5300 Seque
3072 5246 3106 5284 a
3131 5233 3378 5286 mortuis
3406 5238 3664 5304 paterna

1743 5311 2098 5366 DicerentCI

1827 5315 2004 5366 :erent
2043 5311 2331 5366 Christum
2379 5315 2736 5384 negandum:
2797 5315 3140 5372 Suscitatum
3166 5319 3404 5376 dextera

587 5414 728 5469 Cum
747 5411 910 5482 jubet
933 5426 1132 5482 parvos
1149 5411 1356 5484 necari,
1672 5400 1872 5456 Turbis
1896 5404 2120 5454 sanctus
2147 5401 2424 5470 traditur;
2795 5405 2978 5459 Tertia
2998 5406 3088 5460 die
3111 5409 3348 5465 rediisse

513 5501 757 5559 Turbam
781 5499 912 5553 fecit
933 5499 1266 5570 Martyrum;
1678 5488 1873 5560 lmpiis
1898 5489 2080 5543 verbis
2101 5495 2460 5560 grassantur;
2797 5492 3030 5547 Nuntiat
3055 5496 3344 5565 apostolis.

515 5592 718 5648 Fertur
743 5589 924 5644 infans
947 5589 1304 5657 occulendus,
1676 5575 1866 5645 sputa,
1895 5576 2074 5647 ﬂagra
2102 5577 2360 5646 Sustinet;
2865 5591 2988 5644 Mox
3007 5591 3235 5648 videtur
3257 5611 3290 5648 a
3316 5595 3527 5665 beatis,

645 5678 858 5735 ﬂumen
883 5696 994 5750 quo
1023 5677 1168 5733 αυίι,
1749 5671 2023 5730 Scandere
2053 5675 2526 5747 crucemjubetur
2793 5679 2953 5743 Quod
2977 5681 3258 5752 probavit,
3285 5683 3598 5759 fratribus,

498 5801 504 5807 .
585 5768 690 5834 Qui
715 5767 956 5824 refertur
983 5762 1413 5851 postHerodem
1680 5761 1950 5851 innocens
1975 5782 2080 5838 pro
2106 5765 2320 5836 noxiis;
2795 5766 2954 5832 Quod
2980 5769 3218 5826 redisset
3247 5772 3652 5851 ambigentes,

518 5853 857 5922 Nutriendus
885 5849 1156 5906 Nazareth
1679 5848 1846 5907 Morte
1873 5854 2072 5926 carnis,
2106 5871 2278 5930 quam
2314 5855 2562 5928 gerebat,
2797 5855 2970 5912 Intrat
2988 5858 3180 5934 januis
3206 5860 3435 5922 clausis.
