3994 6404
139 381 233 435 583

201 487 307 542 Dat
332 487 544 544 docens
574 498 862 566 praecepta
885 495 1045 569 legis,

133 573 235 628 Dat
263 575 530 633 divinum
557 580 852 652 Spiritum,

131 661 413 734 Spiritum
432 669 533 724 Dei
557 671 896 745 perfectum,

128 751 422 810 Trinitatis
449 757 768 817 vinculum.

197 851 468 924 Praecipit
485 859 672 912 totum
697 875 800 931 per
824 861 1016 919 orbem

95 951 102 959 '
128 938 408 1010 Baptizari
436 945 715 1017 credulos,

127 1027 347 1084 Nomen
378 1031 560 1089 Patris
587 1035 930 1113 invocantes,

125 1115 472 1176 Conﬁtentes
499 1123 725 1182 Filium.

194 1216 431 1288 Mystica
454 1219 566 1277 ﬁde
593 1225 804 1281 revelat

124 1305 350 1362 Tinctos
377 1315 573 1367 sancto
601 1312 813 1386 Spiritu
834 1358 848 1384 ,

123 1395 302 1452 Fonte
326 1397 535 1456 tinctos
557 1402 874 1473 innovatos,

123 1483 292 1540 Filios
315 1485 501 1544 factos
528 1491 652 1546 Dei.

193 1585 342 1640 Ante
362 1585 553 1644 lucem
574 1591 762 1647 turba.
844 1635 856 1647 .
937 1636 949 1648 .
1030 1637 1044 1652 .
1126 1638 1139 1652 .

124 1673 1142 1742 Concinit........

192 1941 342 1997 Galli
367 1949 589 2014 cantus,
622 1947 752 2019 galli
775 1950 1001 2021 plausus

121 2031 459 2088 Proximum
486 2035 658 2090 sentit
683 2037 856 2108 diem,

119 2119 230 2174 Nos
260 2126 552 2190 canentes,
581 2129 640 2180 et
663 2133 957 2198 precantes

119 2209 258 2273 Quae
287 2209 483 2267 futura
501 2213 806 2271 credimus.

189 2307 655 2382 Majestatemque
681 2313 1001 2370 inmensam

116 2396 540 2454 Concinnemus
564 2401 786 2473 imiter;

118 2489 262 2542 Ante
291 2488 483 2544 lucem
511 2491 842 2548 nuntiemus

117 2575 410 2632 Christum
439 2580 657 2652 Regem
685 2582 908 2637 saeculo.

187 2677 335 2732 Ante
364 2676 555 2731 lucem
581 2677 930 2748 nuntiemus,

115 2764 413 2820 Christum
438 2767 659 2838 Regem
684 2769 910 2822 sasculo.

113 2854 224 2918 Qui
251 2854 314 2908 in
338 2855 505 2910 illum
532 2858 686 2912 recte
713 2857 950 2912 credunt

114 2942 440 3014 Regnaturi
467 2961 599 2999 cum
625 2962 712 3001 eo.

187 3042 379 3097 Gloria
405 3043 558 3097 Patri
581 3043 856 3116 ingenito,

111 3129 307 3185 Gloria
334 3131 638 3203 unigenito

111 3219 298 3276 Simul
327 3237 461 3276 cum
491 3221 698 3278 Sancto
726 3222 936 3294 Spiritu

111 3310 175 3364 In
202 3309 554 3382 sempiterna
583 3310 807 3366 saecula.

331 3463 608 3530 Hymnum
631 3465 1016 3535 apostolorum.

184 3580 499 3635 Precamur
521 3579 744 3634 Patrem

105 3668 333 3740 Regem
352 3665 829 3740 omnipotentem,

105 3757 178 3813 Et
202 3758 401 3812 Jesum
429 3755 738 3825 Christum,
996 3827 1002 3832 ι

107 3847 385 3904 Sanctum
412 3862 641 3918 quoque
671 3847 964 3920 Spiritum.

477 3936 736 3994 Alleluia.

182 4022 372 4081 Deum
397 4024 458 4081 in
485 4043 602 4082 una

101 4116 436 4175 Perfectum
463 4117 774 4174 substantia

102 4203 1129 4265 Trinum.........

179 4382 590 4440 Universorum

100 4472 304 4530 Fontis
323 4471 499 4542 jubar
524 4471 810 4528 luminum

99 4561 531 4632 Ethereorum,

100 4650 174 4708 Et
203 4648 333 4704 orbi
360 4648 695 4706 lucentium.

177 4746 282 4803 Hic
309 4747 465 4803 enim
493 4747 614 4804 dies

99 4824 279 4882 Velut
301 4827 723 4901 primogenitus

99 4913 248 4974 Caeli
279 4915 354 4971 ab
379 4929 507 4972 arce

98 5001 305 5060 Mundi
332 5002 469 5058 olim
493 5003 713 5061 micuit.

179 5101 272 5158 Sic
296 5100 538 5157 verbum
557 5118 687 5158 caro

101 5185 348 5243 Factum
373 5205 408 5242 a
431 5189 713 5262 principio

99 5278 332 5334 Lumen
360 5283 641 5334 aeternum

100 5368 346 5424 Missum
373 5368 538 5424 Patre
566 5370 794 5426 saeculo.

177 5466 397 5536 llleque
425 5469 590 5537 proto

100 5555 269 5610 Vires
295 5554 556 5610 adimens
577 5554 751 5626 Caho,

99 5645 254 5700 Tum
280 5643 592 5715 improviso
799 5709 808 5716 _

101 5731 348 5790 Noctem
376 5731 603 5803 pepulit
630 5733 866 5790 mundo.

179 5829 264 5886 Ita
283 5831 504 5884 eterna

106 5921 218 5980 Iste
244 5915 415 5974 hoste
441 5915 673 5971 subacto

441 6015 717 6086 ΡΑτιιοι..
765 6017 1002 6089 LXXII.

1311 503 1505 557 Polum
1534 504 1743 559 nodoso
1815 580 1825 587 .

1307 593 1476 648 Solvit
1502 595 1697 649 mortis
1716 595 1934 653 vinculo

1377 703 1645 760 Tenebrae
1677 723 1846 778 super

1299 793 1440 846 Ante
1468 800 1628 849 erant
1651 795 1935 866 abyssum,

1303 882 1485 946 Quam
1512 883 1757 940 radiaret

1305 971 1530 1028 Primus
1555 974 1670 1030 dies
1697 975 1939 1032 dierum.

1376 1090 1503 1144 Haec
1523 1107 1696 1162 quam
1719 1093 1970 1163 prodiret

1307 1179 1380 1232 Ve
1389 1195 1446 1232 ra
1470 1179 1570 1234 lux
1595 1183 1854 1238 mortalia

1303 1267 1564 1324 Contexit
1581 1271 1695 1324 alta

1303 1357 1478 1413 Corda
1505 1359 1847 1430 ignorantia.

1374 1467 1582 1523 Eodem
1605 1469 1696 1526 die

1300 1557 1577 1627 Rubrum,
1605 1564 1671 1614 ut
1697 1559 1746 1630 aj
1756 1564 1874 1629 unt,
1901 1577 2056 1616 mare

1299 1647 1432 1700 Post
1455 1651 1680 1718 tergum
1702 1647 1870 1721 liquit

1303 1733 1590 1792 Liberatus
1619 1738 1850 1796 Israhel.

1372 1843 1476 1897 Per
1494 1843 1600 1898 hoc
1619 1845 1886 1902 docemur

1221 1908 1235 1922 ’
1301 1931 1492 1986 Mundi
1515 1937 1636 1988 acta
1660 1951 1944 2006 spernere,

1301 2021 1369 2074 Et
1392 2020 1451 2075 in
1477 2021 1696 2078 deserto

1299 2109 1582 2166 Virtutum
1611 2115 1932 2173 consistere.

1370 2209 1690 2266 Summerso
1719 2229 1866 2268 saevo

1297 2298 1451 2354 Cicni
1475 2307 1685 2358 canunt
1712 2305 1935 2360 aemulo.

1297 2389 1564 2445 Certatim
1592 2393 1703 2448 Deo

1297 2477 1510 2536 Laudes
1543 2483 1678 2538 Duci
1709 2485 1896 2556 igneo.

1367 2570 1568 2641 Sicque
1592 2575 1772 2644 erepti

1295 2658 1546 2730 Nequam
1566 2661 1839 2733 jubemur
1863 2665 2022 2722 fretis

1295 2749 1545 2807 Laudare
1573 2753 1746 2810 Deum

1297 2840 1552 2912 Explosis
1575 2843 1834 2901 inimicis.

1367 2959 1434 3014 Et
1451 2959 1595 3016 sicut
1620 2963 1710 3018 ille

1295 3049 1458 3104 Lucis
1475 3051 1585 3107 fuit
1609 3053 1856 3127 initium,

1296 3139 1375 3193 Ita
1398 3144 1454 3195 et
1477 3141 1568 3197 isti

1295 3228 1500 3285 Salutis
1529 3234 1845 3291 exordium.

1362 3348 1646 3421 Loquatur
1671 3352 1894 3424 primus

1295 3439 1356 3492 In
1385 3443 1579 3496 tenore
1609 3442 1721 3498 diei

1294 3527 1580 3586 Secundus
1603 3548 1734 3588 vero

1295 3619 1356 3674 In
1385 3621 1566 3678 calore
1595 3622 1746 3680 ﬁdei.

1364 3739 1424 3794 ln
1448 3739 1560 3796 ﬁne
1586 3745 1785 3799 mundi

1291 3827 1419 3882 Post
1441 3832 1597 3884 tanta
1622 3833 1888 3904 mysteria

1291 3916 1459 3972 Adest
1480 3917 1727 3978 Salvator

1289 4007 1431 4062 Cum
1463 4012 1662 4082 grandi
1689 4013 2002 4075 clementia.

1361 4117 1609 4190 Tamque
1637 4126 1831 4194 aperte

1289 4205 1576 4264 Elementa
1599 4210 1983 4289 praetendunt,

1207 4337 1222 4353 .
1287 4298 1466 4362 Quam
1489 4306 1682 4358 vatum
1707 4305 1868 4361 hora.

1287 4387 1492 4444 Lucide
1517 4395 1930 4454 concelebrant.

1359 4496 1528 4553 Natus
1559 4504 1622 4554 ut
1640 4500 1810 4558 homo

1285 4585 1504 4641 Mortali
1532 4588 1594 4643 in
1618 4592 1866 4663 tegmine

1289 4674 1410 4730 Non
1438 4677 1591 4734 deest
1615 4681 1751 4736 coelo

1288 4764 1514 4822 Manens
1537 4768 1598 4824 in
1625 4771 1914 4832 Trinitate.

1359 4874 1521 4946 Vagit
1547 4875 1607 4932 in
1631 4881 1852 4953 pannis,

1285 4964 1596 5024 Veneratur
1611 4985 1644 5023 a
1663 4973 1868 5046 magis,

1289 5055 1490 5130 Fulget
1513 5059 1573 5115 in
1599 5063 1789 5136 stellis,

1289 5147 1568 5205 Adoratur
1590 5150 1650 5207 in
1677 5154 1847 5210 caelis.

1359 5265 1587 5324 Statura
1611 5269 1706 5326 vili

1287 5354 1618 5415 Continetur
1641 5362 1901 5435 praesepi,

1291 5443 1463 5516 Cujus
1485 5448 1702 5520 pugillo

1291 5533 1478 5592 Potest
1504 5541 1655 5596 orbis
1685 5542 1964 5602 concludi.

1361 5653 1728 5729 Primumque
1754 5659 1984 5732 signum

1292 5741 1580 5800 Portendit
1612 5747 1897 5822 discipulis

1291 5833 1470 5906 Aquae
1495 5851 1780 5894 conversae

1296 5923 1358 5978 In
1385 5941 1583 5999 sapore
1603 5930 1859 5988 nectaris.

1051 393 1596 451 ANTIPHONABIUM
1637 397 2036 455 MONASTERII
2075 401 2593 458 BENCHORENSIS.

2503 511 2645 565 Tum
2671 527 2772 582 per
2794 512 3127 584 prophetam

2434 601 2758 673 Completur
2781 607 2844 658 ut
2866 603 3078 660 dictum
3108 622 3122 660 :

2435 690 2602 747 Saliet
2629 693 2858 748 claudus

2431 783 2502 836 Ut
2524 799 2718 838 cervus
2742 784 3064 854 perniciter.

2503 882 2782 954 Planaque
2808 883 2962 940 fatur

2429 971 2694 1027 Absoluto
2718 973 2942 1030 vinculo

2429 1061 2647 1134 Lingua
2668 1068 2976 1134 mutorum,

2431 1151 2745 1223 lmperante
2773 1155 3037 1212 Domino.

2501 1252 2664 1308 Surdi
2695 1261 2984 1327 sanantur,

2429 1342 2594 1412 Caeci,
2625 1349 2793 1416 atque
2816 1347 3044 1418 leprosi,

2428 1431 2582 1488 Fune
2607 1440 2820 1492 retroso

2429 1521 2778 1581 Suscitantur
2801 1528 3030 1584 mortui.

2498 1621 2750 1678 Totidem
2777 1641 2950 1695 panes

2365 1728 2371 1733 ν
2427 1709 2686 1782 Quinque
2711 1712 2909 1769 dividit
2933 1715 3116 1772 virum

2427 1797 2768 1856 Saturaturis

2425 1888 2624 1967 Procul
2643 1889 2815 1946 dubio
2840 1895 3109 1952 millibus.

2493 1987 2624 2040 Post
2651 1992 2835 2045 tantas
2862 1993 3038 2049 moles

2427 2074 2637 2130 Divinas
2661 2079 2975 2136 clementiae

2426 2163 2641 2220 Exosus
2668 2167 2760 2222 ille

2426 2252 2662 2310 Stimulo
2685 2256 2931 2316 invidiae.

2493 2353 2600 2417 Qui
2624 2355 2878 2414 invidere

2425 2442 2492 2496 Et
2515 2443 2671 2499 odire
2703 2446 2952 2503 animam

2422 2531 2529 2586 Pro
2553 2531 2796 2590 inimicis

2421 2621 2734 2694 Prorogans
2813 2667 2826 2681 .
2905 2669 2920 2683 .
3000 2670 3014 2685 .
3095 2671 3109 2686 .
3187 2639 3204 2688 '.
3283 2640 3298 2688 ι
3375 2641 3493 2697 3:

2489 2712 2766 2768 Adversus
2791 2730 2924 2770 eum

2423 2798 2602 2855 [nitur
2625 2801 2945 2876 consilium,

2421 2889 2528 2953 Qui
2553 2893 2750 2963 magni
2774 2894 2954 2950 dictus

2420 2979 2650 3036 Consilii
2679 2988 2762 3040 est
2787 2988 3040 3044 nuntius.

2491 3081 2779 3138 Accedunt
2805 3083 2859 3140 ei

2422 3170 2492 3226 Ut
2515 3171 2720 3229 latroni
2747 3192 2878 3233 cum
2905 3179 3106 3252 gladiis

2421 3261 2628 3318 Furem
2659 3269 2885 3324 aeternis

2417 3351 2700 3408 Tradituri
2723 3357 2976 3413 aestibus.

2489 3452 2738 3509 Tandem
2761 3455 3012 3512 humano

2416 3539 2678 3596 Traditur
2695 3543 2907 3615 judicio

2415 3629 2631 3685 Mortali
2659 3647 2794 3704 rege

2418 3717 2728 3776 Damnatur
2749 3727 3078 3796 perpetuus.

2489 3815 2649 3874 Cruci
2675 3821 2926 3878 conﬁxus

2417 3907 2617 3962 Polum
2643 3909 2786 3966 mire
2813 3913 3079 3984 concutit,

2417 3996 2746 4074 Lumenque
2771 4004 2900 4059 solis

2417 4088 2614 4145 Tribus
2639 4091 2896 4150 obtondit
2914 4093 3088 4154 horis.

2490 4188 2631 4243 Saxa
2657 4199 3024 4264 rumpuntur,

2419 4277 2619 4334 Velum
2645 4279 2920 4340 scinditur
2941 4285 3160 4360 templi,

2419 4367 2538 4423 Vivi
2563 4379 2910 4443 consurgant

2419 4455 2496 4513 De
2521 4459 2834 4530 sepulchris
2862 4463 3093 4522 mortui.

2487 4557 2799 4614 Conrosum
2825 4560 2988 4618 nodis

2417 4646 2606 4701 Annos
2629 4647 2747 4704 fere
2771 4649 3020 4708 millibus

2416 4733 2658 4792 Extricat
2683 4739 2830 4794 senis

2417 4823 2624 4882 Inferni
2651 4826 2918 4886 feralibus

2491 4966 2504 4980 .
2583 4965 2598 4982 .
2679 4969 2692 4984 .
2719 4930 3113 5002 .to-plaustum

2423 5054 2437 5068 .
2519 5056 2532 5070 .
2613 5059 2626 5072 .
2667 5033 2763 5073 osa
2793 5018 3028 5093 soboles,

2417 5103 2646 5175 Abjecta
2671 5109 2804 5165 mali
2832 5116 3014 5168 morte

2419 5195 2572 5252 Saeva
2589 5197 2810 5256 ultrice.

2487 5295 2780 5368 Quemque
2809 5298 3109 5374 antiquum

2417 5383 2684 5441 Paradiso
2713 5387 2959 5445 incolam

2418 5473 2672 5531 Recursu
2699 5493 2800 5533 suo

2417 5561 2738 5621 Clementer
2759 5569 3026 5629 restituit.

2493 5664 2754 5722 Exaltans
2779 5677 2947 5744 caput

2423 5753 2676 5811 Universi
2703 5762 2972 5833 corporis,

2428 5844 2489 5898 ln
2513 5845 2783 5906 Trinitate

2429 5935 2652 5992 Locavit
2671 5939 2946 5996 Ecclesiae.

3095 6043 3168 6102 19

3390 415 3491 466 586
