3994 6406
502 359 602 412 587

573 464 636 516 In
662 460 768 515 hoc
794 457 1008 513 caelitus

498 552 663 607 Jubet
689 553 876 620 portas
903 545 1187 619 principes

501 639 642 710 Regi
671 653 802 692 cum
831 635 990 690 sociis

498 727 779 783 Eternales
809 726 1080 798 pandere.

567 827 860 879 Errantem
896 823 1140 894 propriis

495 915 750 970 Evehens
776 913 1144 968 certissimam

497 1003 765 1075 Supernis
793 1019 954 1058 ovem

497 1094 759 1149 Humeris
787 1094 1044 1149 ovilibus.

567 1193 747 1256 Quem
774 1195 1133 1263 expectamus

496 1282 838 1337 Adfuturum
863 1282 1114 1338 Judicem

497 1373 524 1426 J
531 1376 722 1426 ustum
747 1371 948 1442 cuique

499 1461 650 1534 Opus
674 1477 841 1516 suum
873 1461 1131 1516 reddere.

569 1561 730 1630 Rogo
755 1575 932 1630 quam
957 1558 1126 1612 tantis

499 1649 839 1719 Talibusque
871 1647 1113 1702 donariis

501 1737 688 1793 Vicem
709 1736 984 1807 condigne

499 1829 799 1882 Possumus
823 1825 1135 1896 rependere
1151 1825 1178 1878 ‘I

569 1924 713 1990 Quid
739 1927 856 1978 tam
886 1922 1150 1978 mortales

497 2015 860 2086 Temptamus
888 2011 1180 2084 micrologi

501 2106 758 2171 Narrare,
789 2103 970 2176 quivit

503 2197 638 2261 Quae
665 2196 853 2250 nullus
880 2193 1134 2249 edicere?

576 2294 766 2349 Solum
793 2308 1018 2347 oramus

505 2383 638 2454 Hoc,
666 2383 930 2453 idemque
949 2379 1264 2436 maximum
1301 2395 1313 2434 :

503 2474 686 2530 Nostri
716 2478 924 2528 aeterne

503 2567 782 2636 Miserere,
811 2561 1066 2619 Domine.
1095 2561 1351 2632 Alleluja.

647 2699 930 2756 Canticum
960 2697 1136 2753 sancti
1171 2695 1462 2752 Zachariw.

577 2808 906 2865 Benedictus
968 2804 1240 2860 Dominus
1305 2804 1451 2859 Deus
1527 2803 1604 2858 [s-

505 2899 686 2969 rahel,
709 2901 816 2953 etc.

910 2983 1209 3039 Canticum.

578 3095 880 3150 Cantemus
906 3089 1168 3161 Domino,
1199 3089 1436 3161 gloriose
1456 3089 1607 3146 enim

507 3183 928 3250 honorificatus,
961 3185 1065 3236 etc.

651 3317 955 3374 Benedictio
982 3318 1145 3370 trium
1163 3330 1472 3385 puerorum.

580 3433 900 3490 Benedicite
943 3431 1133 3488 omnia
1175 3446 1346 3502 Opera
1383 3429 1605 3484 Domini

508 3521 831 3594 Dominum,
869 3523 1148 3593 hymnum
1185 3519 1386 3590 dicite,
1417 3523 1473 3574 et
1509 3536 1603 3574 su-

507 3616 853 3688 perexaltate
879 3629 1012 3669 eum
1034 3613 1094 3666 in
1119 3611 1338 3678 smcula,
1369 3614 1475 3666 etc.

667 3749 938 3820 Hymnu-m
964 3749 1024 3801 in
1047 3747 1133 3802 die
1156 3748 1450 3801 Do-minico.

578 3862 843 3931 Laudate,
887 3859 1071 3932 pueri,
1118 3858 1442 3927 Dominum,
1482 3857 1604 3913 lau-

509 3953 634 4008 date
661 3966 873 4005 nomen
900 3947 1146 4002 Domini.
1182 3948 1256 4000 Te
1283 3948 1458 4002 Deum
1483 3948 1605 4002 lau—

509 4041 728 4108 damus,
755 4044 810 4094 te
830 4037 1134 4092 Dominum
1166 4037 1517 4093 conﬁtemur.

579 4139 654 4192 Te
680 4139 959 4190 internum
997 4135 1220 4188 Patrem
1253 4135 1434 4189 omnis
1460 4140 1607 4190 terra

507 4228 828 4282 veneratur.
864 4223 987 4277 Tibi
1021 4240 1218 4278 omnes
1255 4225 1462 4296 angeli,
1505 4226 1607 4281 tibi

511 4315 654 4386 coeli,
684 4318 740 4369 et
761 4313 1036 4369 universas
1063 4318 1380 4385 potestates.

578 4412 700 4468 Tibi
723 4411 996 4467 cherubin
1013 4453 1027 4482 ,
1055 4417 1111 4467 et
1133 4414 1398 4485 seraphin
1419 4415 1604 4472 inces-

507 4503 668 4558 sabili
719 4518 854 4557 voce
905 4501 1254 4572 proclamant
1291 4521 1305 4558 :
1350 4505 1602 4578 Sanctus,

505 4597 770 4664 Sanctus,
836 4593 1066 4648 Sanctus
1125 4595 1394 4650 Dominus
1457 4598 1606 4654 Deus

505 4683 768 4741 Sabaoth.

575 4781 734 4837 Pleni
771 4783 905 4836 sunt
939 4780 1066 4835 coeli
1091 4785 1148 4838 et
1169 4783 1429 4840 universa
1456 4789 1607 4842 terra

505 4873 722 4930 honore
749 4871 945 4942 gloriae
969 4875 1105 4927 tuae.

575 4973 650 5026 Te
701 4969 976 5041 gloriosus
1029 4971 1412 5042 apostolorum
1468 4973 1604 5030 cho-

505 5076 625 5126 rus,
653 5063 709 5115 te
733 5059 1144 5131 prophetarum
1169 5060 1469 5118 laudabilis
1493 5081 1604 5120 nu-

507 5165 699 5206 merus
707 5190 720 5203 .

575 5249 650 5302 Te
696 5249 1010 5316 martme
1049 5249 1374 5307 candidatus
1415 5253 1608 5310 laudet

507 5335 805 5392 exercitus.
850 5337 923 5392 Te
961 5355 1063 5409 per
1099 5340 1295 5398 orbem
1323 5347 1605 5400 terrarum

509 5429 698 5480 sancta
723 5425 1021 5482 confitetur
1047 5431 1304 5488 Ecclesia.

577 5526 798 5579 Patrem
823 5525 1113 5582 immensas
1143 5529 1466 5599 majestatis.
1499 5535 1602 5588 Ve-

504 5615 820 5669 nerandum
859 5619 1022 5670 tuum
1071 5633 1290 5688 verum,
1337 5621 1602 5693 unigeni-

507 5707 628 5758 tum
659 5704 882 5758 Filium.

573 5804 840 5859 Sanctum
865 5818 1089 5873 quoque
1117 5803 1451 5862 Paraclitum
1478 5809 1603 5881 Spi-

507 5894 698 5962 ritum,
727 5895 808 5948 Tu
835 5893 948 5946 Rex
981 5893 1192 5964 glorias,
1224 5895 1458 5952 Christe.

1370 349 1700 406 APPENDIX
1736 349 1824 404 AD
1860 347 2080 404 OPERA
2117 348 2174 402 S.
2212 345 2510 402 GERMANI
2549 344 2975 400 PARISIENSIS.

1732 458 1813 511 Tu
1835 455 2012 511 Patris
2037 453 2422 526 sempiternus
2443 471 2502 509 es
2531 454 2723 508 Filius.

1661 548 1743 602 Tu
1767 547 1837 600 ad
1861 545 2218 600 liberandum
2243 545 2524 600 mundum
2548 559 2728 599 susce-

1661 635 1792 707 pisti
1819 636 2134 690 hominem.

1733 735 1854 788 Non
1882 733 2151 788 horruisti
2181 733 2422 804 Virginis
2475 737 2723 788 uterum.

1662 824 1743 877 Tu
1775 823 1988 878 devicto
2017 822 2214 878 mortis
2239 824 2432 878 aculeo
2459 821 2728 894 aperuisti

1663 912 2019 968 credentibus
2047 928 2222 984 regna
2248 912 2538 967 coelorum.

1731 1012 1814 1065 Tu
1857 1011 1928 1065 ad
1971 1011 2263 1065 dexteram
2301 1011 2397 1064 Dei
2443 1010 2636 1064 sedens
2667 1008 2728 1062 in

1667 1101 1845 1173 gloria
1887 1101 2063 1155 Patris
2101 1100 2279 1170 judex
2330 1099 2571 1154 crederis
2609 1115 2727 1154 esse

1664 1196 1952 1247 venturus.

1735 1292 1808 1344 Te
1863 1306 1997 1362 ergo
2048 1280 2376 1361 quaesumus
2417 1287 2580 1344 nobis
2618 1287 2730 1344 tuis

1665 1381 1891 1435 famulis
1951 1379 2222 1447 subveni,
2285 1395 2426 1452 quos
2487 1377 2730 1448 pretioso

1668 1469 1940 1540 sanguine
1963 1469 2272 1525 redemisti.

1735 1569 1964 1621 1Eterna
2005 1567 2090 1620 fac
2133 1582 2264 1621 cum
2299 1563 2502 1619 sanctis
2553 1561 2732 1634 gloria

1667 1658 1974 1713 munerari.

1738 1757 1961 1811 Salvum
1985 1754 2072 1808 fac
2096 1753 2372 1825 populum
2403 1755 2588 1818 tuum,
2619 1751 2728 1804 Do-

1666 1847 1840 1914 mine,
1868 1849 1924 1900 et
1940 1843 2174 1900 benedic
2199 1841 2500 1897 hereditati
2525 1845 2658 1908 tuae,
2677 1842 2734 1892 et

1667 1953 1799 2008 rege
1825 1952 1939 2005 eos,
1982 1937 2038 1989 et
2076 1933 2276 1988 extolle
2302 1931 2426 1986 illos
2451 1945 2630 2001 usque
2673 1927 2732 1982 in

1665 2027 1952 2082 saeculum.

1736 2128 1841 2180 Per
1883 2122 2134 2195 singulos
2184 2121 2301 2177 dies
2351 2117 2733 2174 benedicimus

1667 2221 1742 2284 te,
1786 2217 1842 2270 et
1893 2214 2188 2268 laudamus
2237 2225 2445 2266 nomen
2485 2213 2646 2263 tuum
2674 2208 2734 2260 in

1669 2311 1963 2374 aeternum,
2021 2305 2077 2358 et
2112 2303 2172 2358 in
2211 2301 2482 2356 saeculum
2519 2297 2730 2353 saeculi.

1667 2397 1863 2452 Amen.
2691 2449 2696 2452 .

1741 2494 1878 2561 Fiat,
1918 2492 2173 2560 Domine,
2217 2488 2598 2545 misericordia
2637 2491 2734 2542 tua

1670 2602 1839 2658 super
1878 2603 2000 2656 nos,
2029 2583 2516 2658 quemadmodum
2542 2597 2732 2652 spera-

1671 2677 1854 2730 vimus
1879 2675 1936 2729 in
1961 2679 2037 2729 te.

1689 2847 1958 2913 Hymn-um
1985 2843 2200 2913 quando
2229 2842 2680 2896 communicarent

2023 2915 2341 2969 sacerdotes.

1744 3053 1927 3109 Sancti
1954 3051 2159 3120 venite,

1670 3143 1874 3201 Christi
1899 3159 2099 3213 corpus
2125 3139 2349 3204 sumite,

1670 3236 1936 3290 Sanctum
1958 3232 2234 3297 bibentes,

1667 3325 1788 3388 Quo
1813 3321 2114 3391 redempti,
2143 3317 2498 3390 sanguinem.

1741 3420 1940 3476 Salvati
1960 3417 2166 3473 Christi

1669 3510 1910 3580 Corpore
1937 3511 1993 3564 et
2021 3505 2312 3577 sanguine,

1669 3601 1714 3654 A
1743 3616 1854 3670 quo
1879 3598 2072 3652 refecti

1670 3689 1887 3744 Laudes
1913 3689 2166 3743 dicamus
2193 3689 2326 3742 Deo.

1743 3790 1852 3842 Hoc
1879 3789 2227 3840 sacramento

1671 3877 1929 3948 Corporis
1959 3881 2015 3931 et
2039 3874 2349 3946 sanguinis,

1672 3966 1878 4021 Omnes
1907 3965 2064 4020 exuti

1670 4057 1752 4112 Ab
1779 4055 1987 4110 infami
2013 4055 2286 4110 faucibus.

1743 4155 1908 4208 Dator
1936 4153 2129 4208 salutis

1669 4241 1920 4297 Christus
1949 4243 2117 4297 Filius
2147 4242 2243 4298 Dei

1669 4332 1940 4387 Mundum
1965 4333 2199 4388 salvavit

1669 4422 1776 4476 Per
1800 4439 2043 4494 crucem,
2073 4425 2128 4478 et
2154 4421 2506 4493 sanguinem.

1739 4523 1843 4576 Pro
1863 4522 2140 4577 universis
2175 4508 2202 4526 ’

1673 4611 1994 4666 lmmolatus
2022 4611 2291 4667 Dominus

1668 4703 1788 4772 Ipse
1815 4703 2071 4757 sacerdos

1670 4792 1868 4847 Existit
1889 4799 1945 4847 et
1971 4794 2172 4848 hostia.

1631 4921 1636 4928 -
1739 4891 1887 4961 Lege
1914 4895 2261 4962 praeceptum
2291 4899 2296 4906 '

1671 4982 1954 5037 Immolari
1981 4983 2214 5051 hostias,

1667 5075 1787 5138 Qua
1813 5074 2222 5130 adumbrantur

1669 5163 1864 5218 Divina
1881 5165 2165 5236 mysteria.

1739 5263 1900 5318 Lucis
1923 5263 2176 5318 indultor

1670 5353 1736 5408 Et
1759 5353 2004 5408 Salvator
2031 5351 2288 5408 omnium

1669 5443 2000 5499 Praeclaram
2025 5442 2229 5496 sanctis

1668 5533 1924 5604 Largitus
1955 5537 2037 5587 est
2064 5532 2322 5603 gratiam.

1737 5633 2016 5687 Accedant
2039 5647 2235 5686 omnes

1669 5721 1814 5775 Pura
1839 5726 2030 5777 mente
2057 5721 2290 5790 creduli,

1669 5809 1904 5866 Sumant
1929 5815 2198 5869 aeternam

1670 5901 1870 5958 Salutis
1898 5904 2226 5960 custodiam.
2247 5935 2250 5938 -

3802 335 3902 385 588

2864 452 3200 506 Sanctorum
3223 448 3413 501 custos

2792 543 2994 597 Hector
3021 555 3250 612 quoque
3277 535 3568 592 Dominus

2793 633 2930 686 Vitae
2950 629 3219 702 perennis

2789 722 3052 792 Largitur
3079 718 3464 798 credentibus.

2862 825 3157 878 Coslestem
3183 837 3396 892 panem

2791 923 2892 974 Dat
2917 915 3296 972 esurientibus

2793 1011 2870 1065 De
2897 1008 3051 1062 fonte
3077 1005 3200 1060 vivo

2791 1099 3007 1156 Praebet
3030 1093 3370 1150 sitientibus.

2865 1197 3045 1267 Alpha
3069 1199 3125 1250 et
3154 1209 3358 1264 omega

2791 1289 2912 1358 Ipse
2939 1285 3192 1340 Christus
3220 1282 3504 1338 Dominus

2791 1378 2956 1433 Venit
2977 1381 3249 1432 venturus

2794 1468 3052 1524 iudicare
3078 1466 3368 1522 homines.

2795 1633 3068 1702 Hymnum
3085 1629 3307 1699 quando
3327 1628 3497 1681 aeria
3533 1626 3912 1681 benedicitur.

2869 1748 3018 1819 Ignis
3047 1749 3280 1801 Creator
3307 1745 3522 1814 igneus

2795 1841 3012 1894 Lumen
3036 1837 3279 1890 donator
3305 1832 3574 1900 luminis,

2797 1929 3033 1999 Vitaque
3054 1926 3184 1980 vitae
3209 1922 3496 1992 conditor,

2795 2021 2964 2074 Dator
2992 2015 3210 2083 salutis,
3243 2017 3299 2067 et
3325 2011 3500 2066 salus.

2867 2119 2977 2170 Nec
3005 2113 3187 2168 noctis
3217 2111 3393 2182 hujus
3422 2111 3652 2182 gaudia

2796 2207 2940 2278 Vigil
2969 2205 3202 2259 lucerna
3231 2202 3478 2266 deserat,

2797 2297 2902 2362 Qui
2931 2295 3226 2350 hominem
3255 2308 3372 2346 non
3395 2292 3482 2346 vis
3511 2291 3704 2361 mori,

2797 2391 2876 2443 Da
2913 2391 3104 2466 nostro
3129 2385 3330 2438 lumen
3355 2383 3612 2454 pectori.

2873 2487 2950 2540 Ex
2981 2487 3224 2554 {Egypto
3246 2480 3656 2550 migrantibus

2799 2577 3060 2646 Indulges
3094 2573 3388 2644 geminam
3419 2571 3711 2643 gratiam,

2801 2667 2974 2723 Nubis
2997 2665 3256 2718 velamen
3285 2661 3555 2730 exhibes,

2799 2760 3150 2813 Nocturnum
3171 2754 3373 2808 lumen
3399 2751 3696 2823 porrigis.

2870 2858 3046 2914 Nubis
3073 2855 3380 2926 columpna
3404 2870 3518 2926 per
3545 2853 3716 2908 diem

2798 2950 3128 3006 Venientem
3157 2946 3386 3016 plebem
3423 2944 3732 3015 protegis,

2803 3041 2952 3113 Ignis
2979 3037 3283 3106 columpna
3303 3035 3376 3089 ad
3403 3050 3740 3104 vesperum

2799 3135 3030 3188 Noctem
3055 3125 3294 3197 depellis
3317 3124 3574 3180 lumine.

2870 3232 2911 3284 E
2937 3229 3168 3282 ﬂamma
3202 3223 3492 3278 famulum
3523 3227 3844 3294 provocas,

2801 3321 3028 3378 Rubum
3056 3331 3174 3370 non
3199 3313 3422 3385 spernis
3451 3313 3734 3384 spineam

2799 3415 2866 3468 Et
2890 3425 3021 3465 cum
3047 3406 3120 3460 sis
3153 3403 3305 3476 ignis
3333 3419 3734 3458 concremans

2797 3505 2920 3560 Non
2945 3496 3064 3553 uris
3087 3493 3244 3567 quod
3275 3493 3626 3549 inluminas.

2869 3601 3043 3655 Fusco
3073 3596 3309 3665 depasto
3329 3593 3538 3647 nubilo

2799 3693 3042 3760 Tempus
3068 3683 3314 3739 decoctis
3339 3681 3629 3738 sordibus

2801 3779 3072 3836 Fervente
3097 3779 3291 3828 sancto
3319 3772 3546 3844 Spiritu

2800 3874 3039 3928 Carnem
3067 3866 3258 3920 lucere
3289 3879 3543 3918 ceream.

2872 3965 3109 4025 Secretis
3129 3965 3254 4035 jam
3283 3961 3489 4016 condis
3516 3961 3642 4016 favi

2801 4058 2982 4116 Divini
3007 4053 3192 4110 mellis
3224 4053 3420 4122 alitus,

2799 4149 2991 4205 Cordis
3017 4159 3338 4217 repurgans
3365 4141 3614 4198 intimas

2799 4241 2979 4296 Verbo
3005 4234 3235 4308 replesti
3259 4231 3521 4286 cellulas.

2871 4343 3122 4396 Examen
3147 4337 3214 4388 ut
3231 4333 3404 4387 foetus
3423 4331 3566 4386 novi

2799 4435 2906 4489 Ore
2931 4429 3286 4502 prazlectum,
3316 4421 3536 4493 spiritu

2801 4521 3092 4578 Relectum
3117 4514 3328 4569 coelum
3357 4511 3614 4565 sarcinis

2799 4613 3027 4678 Quaerat
3056 4604 3268 4662 securis
3293 4600 3586 4674 pinnulis.

2869 4709 3056 4766 Gloria
3083 4703 3236 4760 Patri
3261 4699 3533 4774 ingenito
3555 4743 3572 4770 ,

2801 4801 2992 4859 Gloria
3015 4794 3341 4868 Unigenito,

2800 4891 2980 4949 Simul
3004 4905 3136 4944 cum
3158 4888 3355 4941 sancto
3382 4881 3618 4953 Spiritu

2803 4983 2866 5040 In
2892 4979 3236 5053 sempiterna
3259 4973 3512 5030 saecula-

2981 5133 3231 5200 Hymnus
3260 5127 3456 5184 medix
3475 5127 3692 5182 noctis.

2869 5249 3061 5310 Mediae
3087 5248 3270 5306 noctis
3305 5251 3546 5316 tempus
3578 5247 3694 5314 est,

2797 5341 3130 5415 Prophetica
3159 5353 3269 5393 vox
3293 5336 3602 5404 admonet,

2798 5435 3059 5489 Dicamus
3087 5428 3286 5485 laudes
3313 5425 3432 5480 Deo

2799 5525 2950 5580 Patri
2977 5537 3226 5593 semper,
3259 5535 3324 5572 ac
3357 5515 3529 5582 Filio,

2869 5626 3068 5679 Sancto
3093 5634 3322 5691 quoque
3349 5615 3604 5686 Spiritui
3625 5633 3644 5686 ;

2797 5715 3046 5772 Perfecta
3075 5709 3231 5766 enim
3251 5703 3530 5773 Trinitas,

2799 5805 3085 5876 Uniusque
3113 5795 3450 5854 substantia:

2801 5893 3101 5954 Laudande
3123 5889 3288 5946 nobis
3310 5901 3550 5958 semper
3581 5892 3696 5944 est.
