3994 6394
103 375 191 425 589
995 374 1544 432 ANTIPHONARIUM
1584 378 1983 435 MONASTERII
2023 381 2544 440 BENCHORENSIS.

154 479 440 531 Terrorem
467 482 694 549 tempus
723 480 831 535 hoc
856 481 1044 550 habet,

93 569 329 630 Quocum
356 572 611 622 vastator
632 571 868 640 angelus

92 657 311 726 zI-Igypto
339 659 595 712 mortem
616 657 826 725 intulit,

92 744 287 800 Delevit
309 745 715 817 primogenita.

151 837 269 890 Haec
289 836 459 906 justis
484 837 630 892 hora
654 839 800 894 salus
825 844 927 911 est,

90 927 148 979 Et
170 941 302 996 quos
327 926 485 981 idem
515 932 651 984 tunc
677 932 911 1002 angelus

87 1018 250 1069 Ausus
277 1015 482 1086 punire
507 1034 626 1073 non
655 1023 777 1076 erat

88 1103 302 1175 Signum
326 1105 642 1162 formidans
668 1111 978 1181 sanguinis.

144 1194 406 1265 {Egyptus
436 1196 612 1252 ﬂebat
633 1199 854 1255 fortiter

83 1283 368 1338 Tantorum
397 1285 523 1340 diro
554 1287 784 1358 funere;

83 1373 228 1428 Solus
257 1375 538 1445 gaudebat
566 1379 773 1434 Israhel

82 1463 212 1535 Agni
232 1471 515 1536 protectus
542 1469 838 1539 sanguine.

143 1558 241 1612 Nos
268 1575 397 1614 vero
428 1561 643 1617 Israhel
670 1579 884 1632 sumus,

83 1646 341 1704 Laetamur
365 1650 425 1704 in
455 1656 535 1718 te,
565 1653 824 1724 Domine,

81 1737 284 1792 Hostem
312 1747 645 1810 spernentes
674 1747 731 1799 et
755 1746 990 1816 malum,

79 1825 262 1882 Christi
287 1829 502 1885 defensi
536 1834 834 1905 sanguine.

137 1916 312 1985 Ipsum
335 1921 591 1990 profecto
618 1927 844 1996 tempus
870 1931 954 1982 est

77 2005 180 2068 Quo
198 2023 324 2064 voce
350 2011 696 2084 Euangelica

77 2095 332 2153 Venturus
359 2100 615 2171 Sponsus
640 2106 909 2176 creditur,

77 2185 238 2257 Regni
266 2189 503 2246 coelestis
533 2196 812 2252 conditor.

138 2275 440 2336 Occurrunt
465 2288 677 2340 sancta:
701 2285 948 2359 virgines

74 2363 284 2422 Obviam
311 2374 446 2426 tunc
474 2373 766 2447 adventui,

75 2454 337 2513 Gestantes
361 2461 546 2516 claras
573 2465 863 2538 lampades

73 2543 249 2615 Magno
271 2548 529 2607 laetantes
559 2556 784 2624 gaudio.

134 2634 312 2692 Stulta;
337 2656 470 2695 vero
499 2651 827 2717 remanent,

71 2723 187 2788 Quae
215 2728 478 2785 extinctas
504 2732 719 2789 habent
735 2736 1042 2810 lampades,

71 2816 273 2874 Frustra
296 2823 588 2892 pulsantes
603 2826 808 2898 januas

1253 484 1594 554 Angelorum
1619 486 1697 540 ibi
1727 492 1782 542 et
1804 491 2118 560 martyrum

1252 573 1494 644 Fulgens
1523 576 1747 646 chorus,

1249 661 1369 716 Tibi
1394 664 1568 718 sancti
1593 667 1960 737 proclamant.

1315 761 1601 832 Magniﬁce
1628 768 1690 818 tu
1715 766 1871 835 prior

1246 847 1512 905 Omnium
1531 869 1724 923 passus
1749 871 1973 910 crucem

1243 939 1347 1002 Qui
1373 940 1588 996 devicta
1614 947 1797 998 morte
1825 945 2086 1000 refulsisti

1240 1030 1468 1102 Mundo,
1497 1035 1792 1090 ascendisti
1817 1037 1887 1092 ad
1914 1036 2100 1106 caelos,

1239 1120 1322 1173 Ad
1351 1121 1640 1178 dexteram
1663 1125 1763 1179 Dei
1977 1189 1986 1200 κ

1236 1206 1357 1262 Tibi
1387 1211 1560 1266 sancti
1584 1215 1948 1283 proclamant.

1305 1307 1489 1363 Armis
1515 1311 1856 1380 spiritalibus

1235 1397 1444 1453 Munita
1467 1404 1655 1456 mente
1679 1403 1912 1474 apostoli

1236 1485 1420 1542 Sancti
1450 1493 1503 1543 te
1530 1495 1663 1546 sunt
1688 1493 1882 1561 secuti,

1232 1575 1338 1638 Qui
1367 1593 1495 1631 cum
1525 1578 1644 1650 ipsa
1669 1582 1848 1636 crucis

1233 1666 1567 1724 Paterentur
1591 1674 1771 1724 morte

1229 1755 1348 1809 Tibi
1375 1758 1550 1813 sancti
1577 1760 1871 1816 canebant.

1298 1855 1514 1912 Christe
1539 1862 1855 1929 martyrum
1892 1864 1955 1915 tu
1981 1878 2040 1916 es

1227 1944 1463 2014 Adjutor
1487 1952 1686 2018 potens
1714 1951 2112 2020 pracliantium,

1227 2033 1424 2088 Sancta
1447 2053 1549 2106 pro
1575 2041 1672 2091 tua
1698 2040 1897 2109 gloria,

1226 2123 1332 2187 Qui
1358 2141 1487 2179 cum
1507 2125 1744 2182 victores

1226 2213 1454 2269 Exirent
1482 2215 1550 2270 de
1577 2216 1687 2271 hoc
1713 2219 1934 2289 saeculo,

1224 2301 1346 2356 Tibi
1369 2304 1544 2358 sancti
1571 2307 1864 2362 canebant.

1297 2401 1524 2456 lllustris
1550 2408 1664 2474 tua,
1689 2405 1942 2475 Domine,

2378 492 2753 564 Sanctumque
2779 495 3048 566 Spiritum

2381 582 2439 636 In
2464 599 2580 638 una
2607 585 2934 655 substantia,

2553 674 2803 744 Respice.

2446 762 2796 834 Unigenitus,
2820 770 2876 821 et
2900 767 3328 841 primogenitus,

2371 853 2415 905 A
2445 856 2500 907 te
2527 853 2849 910 obtinemus

2373 942 2841 1015 Redemptionem
2867 955 3135 1007 nostram.

2549 1036 2800 1108 Respice.

2441 1124 2612 1180 Natus
2640 1142 2698 1181 es
2724 1128 2936 1199 Spiritu
2963 1131 3185 1202 Sancto,

2369 1213 2450 1267 Ex
2475 1215 2645 1270 Maria
2671 1218 2921 1290 virgine;

2366 1301 2427 1355 In
2453 1302 2697 1374 idipsum
2722 1307 2781 1362 in
2807 1310 3164 1382 adoptionem

2367 1391 2656 1465 Filiorum,
2687 1398 2784 1468 qui
2809 1399 2912 1454 tibi

2365 1481 2645 1540 Procreati
2674 1502 2743 1541 ex
2769 1487 2926 1544 fonte
2953 1492 3162 1548 vivunt.

2542 1575 2796 1645 Respice.

2434 1669 2691 1725 Haeredes
2713 1676 2768 1727 et
2793 1675 3158 1745 quohaeredes

2359 1757 2566 1813 Christi
2593 1761 2694 1828 tui,
2721 1763 2781 1817 in
2801 1781 2995 1834 quem,

2361 1847 2426 1901 Et
2452 1864 2555 1918 per
2579 1866 2750 1921 quem
2780 1860 2981 1910 cuncta
3006 1860 3227 1929 creasti,

2355 1936 2492 1999 Quia
2520 1938 2580 1993 in
2608 1942 3101 2010 praedestinatione

2354 2027 2399 2080 Α
2425 2029 2643 2085 saeculis
2667 2031 2826 2086 nobis
2854 2039 2938 2088 est

2355 2115 2500 2171 Deus
2524 2117 2698 2189 Jesus,
2728 2121 2826 2192 qui
2852 2139 3003 2178 nunc
3033 2127 3218 2198 coepit.

2534 2207 2787 2279 Respice.

2424 2303 2722 2375 Unigenito
2748 2324 2816 2362 ex
2844 2313 3084 2367 mortuis

2352 2392 2460 2446 Deo
2484 2394 2741 2451 obtinens
2767 2414 2988 2471 corpus,

1223 2489 1520 2546 Laudando
1557 2493 1754 2564 virtus,
1801 2513 1928 2567 quae
1965 2514 2068 2569 per
2109 2499 2283 2572 Spiri-
2350 2480 2670 2572 Fluit-atem
2702 2487 2816 2556 Dei,
2845 2505 3080 2547 manens

1289 2586 1413 2636 tum

1219 2672 1482 2726 Sanctum
1508 2673 1750 2732 ﬁrmavit
1775 2683 2068 2750 martyres,

1216 2761 1318 2826 Qui
1340 2767 1759 2821 consternerent
1775 2769 2065 2842 Zabulum,

1217 2853 1283 2907 Et
1311 2858 1551 2909 mortem
1579 2856 1885 2916 vincerent.

2350 2571 2411 2622 In
2437 2573 2644 2627 saecula
2670 2577 3002 2634 saeculorum

2347 2659 2464 2714 Rex
2485 2665 2844 2721 aeternorum.

2520 2753 2771 2824 Respice.

2414 2849 2554 2912 Quia
2581 2868 2732 2908 nunc
2761 2857 2927 2928 cepit,
2956 2861 3054 2931 qui
3079 2878 3306 2935 semper

3343 400 3444 452 590

67 2905 258 2964 Clausae
277 2911 397 2982 jam
427 2916 597 2986 regni
625 2919 817 2989 regiae.

124 2998 296 3062 Quare
321 3003 634 3076 vigilemus
661 3008 830 3063 sobrii

66 3086 328 3148 Gestantes
354 3100 577 3151 mentes
603 3097 938 3168 splendidas,

65 3178 315 3238 Adventui
343 3188 408 3239 ut
430 3188 565 3241 Jesu

65 3266 222 3339 Digne
248 3289 546 3330 curramus
581 3276 824 3333 obviam.

125 3360 406 3436 Noctisque
431 3367 625 3422 medio
644 3371 898 3440 tempore

62 3448 242 3508 Paulus
265 3470 492 3526 quoque
523 3462 580 3511 et
605 3457 779 3512 Sileas

59 3539 322 3600 Christum
344 3547 523 3602 vincti
548 3547 610 3603 in
637 3565 857 3605 carcere

58 3630 448 3692 Conlaudantes
476 3639 645 3694 soluti
670 3645 820 3695 sunt.

116 3722 272 3779 Nobis
298 3729 550 3784 mundus
580 3730 672 3784 hic
698 3748 887 3788 carcer
915 3737 1018 3790 est.

56 3809 118 3865 Te
145 3812 453 3889 laudamus,
476 3819 696 3876 Christe
725 3823 890 3894 Deus,

54 3901 194 3958 Solve
219 3906 398 3962 vincla
423 3915 786 3981 peccatorum

50 3991 103 4046 In
135 3999 184 4050 te
205 4002 389 4053 sancte
417 4001 794 4060 credentium.

113 4083 310 4156 Dignos
336 4105 443 4145 nos
468 4091 577 4162 fac,
610 4094 728 4149 Rex
755 4095 902 4166 agie,

50 4171 228 4231 Futuri
251 4181 415 4252 regni
439 4182 638 4254 gloriae

50 4265 270 4325 alternis
293 4276 359 4328 ut
381 4291 708 4333 mereamur

45 4363 109 4418 Te
134 4366 386 4424 laudibus
411 4371 728 4427 concinere.

112 4454 287 4512 Gloria
317 4461 469 4515 Patri
498 4461 774 4533 ingenito,

47 4541 214 4600 Gloria
239 4549 566 4621 Unigenito,

44 4632 206 4690 Simul
230 4653 360 4694 cum
385 4639 587 4696 Sancto
613 4641 826 4714 Spiritu

44 4722 96 4777 In
120 4728 455 4799 sempiterna
481 4733 699 4788 secula.

2345 2937 2470 2994 Fuit
2492 2945 2710 2998 naturae
2735 2950 2849 3001 tuae
2878 2949 3067 3021 Filius,

2344 3027 2553 3085 Divina:
2579 3031 2716 3088 lucis
2744 3036 2934 3107 gloriae
2965 3044 3098 3112 tuae,

2341 3117 2447 3181 Qui
2475 3125 2559 3175 est
2579 3122 2762 3179 forma
2787 3132 2842 3181 et
2865 3130 3159 3199 plenitudo

2344 3206 2655 3266 Divinitatis
2684 3218 2798 3270 tua;
2821 3218 3109 3291 frequens.

2521 3299 2772 3373 Respice.

2408 3401 2651 3458 Persona
2672 3406 2978 3477 Unigeniti,

2338 3490 2404 3544 Et
2440 3491 2826 3567 primogeniti,

2335 3579 2443 3642 Qui
2470 3587 2552 3636 est
2574 3586 2724 3639 totus
2751 3602 2784 3640 a
2814 3591 2931 3643 toto

2335 3668 2587 3726 Diximus
2612 3674 2712 3730 lux
2737 3676 2806 3732 de
2833 3678 3068 3736 lumine.

2510 3774 2762 3845 ReSpice.

2405 3863 2471 3917 Et
2494 3864 2672 3919 Deum
2701 3882 2899 3923 verum
2923 3886 2957 3923 a
2981 3869 3096 3926 Deo
3123 3888 3254 3928 vero

2333 3952 2564 4025 Semper
2598 3973 2820 4030 semper
2855 3961 3214 4031 confitemur,

2329 4043 2526 4100 Tribus
2555 4051 2807 4119 personis

2331 4133 2392 4188 In
2420 4152 2534 4193 una
2559 4140 2888 4198 substantia.

2505 4231 2761 4304 Respice.

1217 2942 1337 2997 Tibi
1360 2946 1534 2999 sancti
1559 2948 1850 3005 canebant.

1285 3046 1450 3101 Manu
1475 3047 1574 3102 Dei
1605 3052 1819 3107 excelsa

1212 3135 1452 3190 Protecti
1476 3143 1670 3194 contra
1689 3142 1976 3200 diabolum

1213 3225 1500 3282 Steterunt
1522 3227 1750 3300 ﬁrmati,

1211 3315 1445 3387 Semper
1470 3317 1724 3374 Trinitati
1754 3323 1925 3379 fidem

1209 3405 1343 3460 Toto
1369 3407 1534 3462 corde
1563 3415 1864 3468 servantes.

1208 3496 1328 3550 Tibi
1354 3499 1528 3554 sancti
1554 3501 1848 3558 canebant.

1279 3597 1417 3652 Vere
1441 3603 1742 3668 regnantes
1771 3605 1936 3656 erant

1206 3686 1432 3753 Tecum,
1461 3686 1680 3742 Christe
1703 3690 1869 3761 Deus,

1204 3775 1308 3840 Qui
1333 3776 1612 3847 passionis
1639 3779 1841 3834 merito
1871 3797 2103 3837 coronas

1206 3865 1443 3936 Habent,
1475 3871 1532 3921 et
1559 3869 1877 3924 centenario

1203 3957 1410 4011 Fructu
1437 3957 1635 4029 repleti
1665 3961 1931 4030 gaudent.

1201 4046 1322 4102 Tibi
1347 4047 1524 4102 sancti
1542 4049 1909 4118 proclamant.

1271 4145 1478 4201 Christi
1503 4147 1600 4202 Dei
1627 4148 1865 4218 gratiam

1201 4235 1484 4309 Supplices
1509 4239 1884 4304 Obsecremus,

1197 4329 1266 4383 Ut
1288 4329 1349 4383 in
1373 4329 1546 4402 ipsius
1573 4329 1812 4401 gloriam

1197 4425 1685 4490 Consummemur,
1711 4426 1768 4476 et
1791 4421 1852 4476 in
1878 4424 2130 4478 sanctam

1197 4512 1541 4570 Hierusalam
1570 4509 1855 4566 civitatem
1874 4511 1972 4566 Dei

1193 4602 1449 4660 Trinitati
1475 4618 1606 4657 cum
1631 4601 1833 4656 sanctis

1397 4693 1655 4748 Dicamus
1682 4691 1922 4762 alleluja.

2348 4377 2619 4444 Hymnum
2643 4381 2819 4454 sancti
2841 4381 3064 4437 Patritz'z’
3083 4387 3334 4454 magistri

2687 4451 2982 4507 Scotorum.

2391 4559 2616 4630 Audite,
2643 4578 2839 4618 omnes
2865 4570 3116 4623 amantes

2319 4645 2518 4718 Deum,
2543 4657 2732 4708 sancta
2759 4656 2959 4710 merita

2318 4737 2432 4792 Viri
2458 4738 2518 4793 in
2545 4740 2763 4798 Christo
2783 4745 2932 4802 beati

2316 4829 2521 4884 Patrici
2545 4831 2790 4906 episcopi

1295 4870 1565 4938 Hymnum
1592 4865 1667 4919 ad
1691 4864 2018 4921 Matutinam
2052 4866 2112 4920 in
2316 4864 2338 4882 ⁸
2359 4864 2521 4884 “"‘M
2545 4864 2790 4906 ⁹ι¹¹³υυνι

1554 4938 1847 4988 Domina-cm
2314 4919 2602 4984 Quomodo
2626 4923 2842 4982 bonum
2870 4924 2941 4984 ob
2968 4933 3157 4988 actum

70 4897 417 4992 Hymngnlz‘in‘
439 4907 639 4992 παίειζεί
649 4911 952 4992 mattme
965 4953 980 4979 ’
1007 4909 1092 4966 vel
1295 4897 1847 4992 nymuunmu:

217 4973 452 5032 Sabbato
483 4980 556 5033 ad
579 4973 928 5037 Matutiﬁam.
965 4973 975 4979 ’
1552 4973 1847 4992 mmmwm

124 5117 486 5178 Sacratissim‘i
559 5129 836 5198 martyres
911 5128 1123 5183 summi
1186 5189 1208 5198 _
1259 5091 1726 5198 SPirifus.djVinm
2314 5103 2737 5198 Pfrfecmmque
2764 5114 2998 5181 Propter
3029 5111 3199 5168 Vitam

1087 5225 1119 5269 ig
1186 5188 1346 5243 Lucis
1372 5185 1588 5258 gloriae,
2314 5195 2587 5267 Equatur
2608 5200 2892 5269 apostolis.

986 5222 1099 5295 [Dei
1187 5222 1346 5243 uuua
1372 5222 1488 5258 διυι
1499 5222 1588 5253 ιυυ,
2314 5222 2587 5267 mquutur
2608 5222 2892 5300 apustiuus.
3003 5295 3014 5305 ι

43 5275 315 5340 Bellatores
339 5285 648 5361 fortissimi,
1107 5265 1122 5296 ’
1187 5279 1419 5351 Respice
1444 5276 1505 5331 in
1528 5289 1641 5342 me,
2387 5287 2551 5342 Beata
2572 5287 2775 5344 Christi
2802 5293 3044 5349 custodit

43 5369 220 5428 Christi
245 5377 414 5448 Regis
436 5381 808 5450 potentissimi
1255 5367 1511 5436 Domine,
1835 5386 1840 5390 ‘
2309 5376 2562 5433 Mandata
2585 5379 2645 5433 in
2669 5381 2930 5439 omnibus

1252 5461 1398 5516 Deus
1418 5453 1686 5523 veritatis,

1179 5548 1452 5605 Dominus
1479 5547 1626 5601 Deus
1651 5540 1912 5612 Sabaoth,

1177 5640 1324 5695 Deus
1349 5635 1577 5705 Israhel,

1247 5727 1498 5799 Respice.

1244 5836 1461 5892 Lumen
1490 5835 1560 5892 de
1587 5831 1802 5890 lumine

1175 5926 1502 5983 Referemus
1528 5924 1728 5983 Filium
1756 5924 1951 5994 Patris,

2307 5470 2480 5542 Cujus
2503 5487 2673 5542 opera
2695 5473 2980 5547 refulgent

2303 5559 2460 5614 Clara
2483 5561 2631 5616 inter
2655 5561 2914 5620 homines

2304 5650 2681 5722 Sanctumque
2709 5654 2868 5724 cujus
2893 5661 3209 5728 sequuntur

2303 5739 2640 5812 Exemplum
2666 5741 2995 5814 miriﬁcum,

2304 5831 2460 5887 Unde
2488 5835 2544 5886 et
2566 5831 2626 5887 in
2652 5832 2804 5889 oculis
2827 5835 3050 5890 Patrem

2303 5921 2658 5992 Magnificam
2682 5923 3004 5980 Dominum.

43 5457 194 5516 Duces
217 5467 494 5524 exercitus
519 5471 637 5541 Dei,

43 5545 259 5608 Victores
283 5553 343 5610 in
367 5559 518 5614 caelis

43 5634 134 5691 Deo
159 5649 436 5702 canentes.
463 5648 718 5720 Alleluja.

95 5727 465 5792 Excelsissime
491 5738 728 5811 Christe,

43 5812 294 5877 Icelorum
319 5824 465 5880 Deus
486 5828 781 5902 cherubin,

43 5902 118 5961 Sui
143 5910 294 5968 sedes
319 5929 451 5970 cum
475 5917 640 5974 Patre
669 5936 842 5982 sacra.
