3994 6414
529 400 622 473 ssi
1316 392 1647 461 APPENDIX
1682 397 1769 455 AD
1805 391 2025 450 OPERA
2062 374 2293 444 SANCTI
2331 370 2628 441 canum
2666 366 3093 435 PARISIENSIS.

604 526 868 579 Constans
898 516 957 574 in
986 518 1083 574 Dei
1106 517 1308 573 timore

527 615 596 670 Et
619 612 728 666 fide
754 608 1039 664 inmobilis

530 702 708 771 Super
733 714 858 769 quae
889 696 1214 766 aadiﬁcatur,

528 790 598 843 Ut
622 790 852 843 Petrum
879 786 1121 841 Ecclesia

528 877 810 948 Cujusque
830 875 1205 946 apostolatum

528 970 569 1024 Α
600 969 713 1022 Deo
737 967 968 1021 sortitus
994 971 1096 1035 est,

529 1058 593 1112 ln
619 1057 777 1127 cujus
802 1061 977 1126 portae
1004 1055 1300 1110 adversum

532 1145 741 1200 Inferni
768 1160 881 1199 non
906 1145 1233 1215 praevalent.

599 1261 872 1317 Dominus
896 1260 1058 1315 illum
1084 1259 1253 1330 elegit

530 1354 601 1408 Ut
624 1353 848 1407 doceret
863 1350 1133 1405 barbaras

527 1443 810 1510 Nationes,
843 1445 900 1496 et
920 1440 1163 1511 piscaret

528 1536 635 1590 Per
664 1530 931 1587 doctrina:
961 1530 1121 1599 retia,

531 1626 601 1680 Et
625 1623 694 1678 de
720 1622 922 1677 saeculo
951 1620 1244 1675 credentes

530 1714 799 1770 Traheret
820 1712 892 1767 ad
917 1711 1156 1784 gratiam

529 1803 836 1859 Dominum
863 1801 961 1872 qui
989 1801 1359 1871 sequerentur

531 1893 733 1949 Sedem
758 1892 831 1946 ad
854 1891 1182 1945 aatheream.

601 2008 790 2063 Electa
810 2005 1014 2062 Christi
1034 2004 1245 2060 talenta

531 2096 733 2153 Vendit
756 2094 1103 2165 euangelica,

533 2188 669 2250 Quae
698 2183 965 2239 Hibernas
1000 2182 1150 2237 inter
1178 2183 1371 2253 gentes
1445 2183 1452 2189 ’

533 2276 676 2329 Cum
703 2273 891 2327 usuris
914 2271 1110 2343 exigit,

533 2361 778 2433 Navigiis
802 2358 971 2432 hujus
996 2361 1201 2416 laboris

532 2454 676 2509 Tum
701 2469 887 2524 opera:
915 2451 1161 2523 pretium

532 2547 676 2600 Cum
701 2543 924 2599 Christo
951 2543 1117 2614 regni
1143 2540 1377 2597 caelestis

531 2636 890 2689 Possessurus
912 2631 1227 2704 gaudium.-

605 2749 808 2805 Fidelis
836 2748 935 2805 Dei
958 2747 1238 2815 minister,

533 2838 891 2909 lnsignisque
915 2837 1149 2909 nuntius

537 2927 927 2997 Apostolicum
952 2925 1304 2996 exemplum,

538 3016 915 3086 Formamque
938 3014 1156 3085 praebet
1181 3012 1365 3080 bonis,

540 3104 647 3168 Qui
677 3110 795 3159 tam
821 3103 1004 3158 verbis
1033 3120 1205 3175 quam
1230 3107 1287 3158 et
1309 3101 1468 3157 factis

540 3194 698 3249 Plebi
726 3194 998 3265 praedicat
1024 3194 1145 3261 Dei,

542 3285 613 3339 Ut
637 3299 809 3355 quem
839 3283 1134 3338 dictisnon
1162 3282 1434 3338 convertit

544 3372 751 3428 Fructu
774 3377 1042 3444 provocet
1062 3374 1230 3429 bono.

615 3488 860 3544 Gloriam
888 3488 1215 3545 habetcum
1239 3487 1479 3555 Christo,

548 3579 833 3637 Honorem
860 3581 919 3635 in
944 3581 1145 3636 saeculo

547 3669 653 3733 Qui
678 3670 748 3725 ab
774 3670 1057 3737 omnibus,
1087 3674 1152 3726 ut
1178 3669 1277 3724 Dei

548 3761 865 3815 Veneratur
891 3760 1127 3830 angelus

550 3851 732 3914 Quem
755 3851 899 3904 Deus
924 3849 1080 3903 misit
1100 3852 1167 3903 ut
1191 3847 1428 3903 Paulum

551 3940 638 3996 Ad
666 3944 859 4011 gentes
884 3939 1220 4010 apostolum,

553 4029 626 4084 Ut
652 4028 981 4082 hominibus
1008 4027 1275 4081 ducatum

558 4117 843 4173 Praeberet
869 4132 1046 4186 regno
1075 4116 1195 4170 Dei.

632 4236 869 4291 Humilis
897 4237 996 4292 Dei
1021 4238 1091 4292 ob
1126 4242 1343 4293 metum

564 4322 775 4399 Spiritu
801 4331 857 4382 et
874 4342 1129 4399 corpore,

564 4418 745 4489 Super
770 4434 940 4490 quem
968 4419 1183 4474 bonum
1209 4418 1280 4473 ob
1300 4421 1489 4473 actum

563 4508 884 4579 Requiescit
912 4510 1202 4578 Dominus,

568 4598 668 4669 Cuj
679 4613 852 4669 usque
873 4599 1027 4669 justa
1055 4598 1117 4653 in
1146 4613 1312 4654 carne

569 4685 775 4743 Christi
802 4692 988 4758 portat
1009 4690 1292 4759 stigmata,

615 4792 641 4841 t
664 4781 823 4852 cujus
851 4779 966 4833 sola
991 4782 1311 4834 sustentans

574 4874 854 4933 Gloriatur
878 4870 938 4923 in
964 4884 1150 4924 cruce.

647 4990 894 5063 Impiger
918 4986 1208 5042 credentes
1233 4983 1410 5056 pascit

574 5081 823 5155 Dapibus
844 5076 1157 5133 coelestibus

575 5174 655 5229 Ne
683 5162 781 5241 qui
808 5167 1071 5223 videntur
1094 5181 1225 5220 cum
1248 5164 1465 5220 Christo

579 5265 644 5320 In
666 5261 757 5314 via
782 5257 1060 5327 deficiant,

581 5350 795 5416 Quibus
822 5350 1016 5417 erogat
1043 5349 1105 5401 ut
1132 5361 1303 5417 panes

582 5439 765 5498 Verba
789 5434 1129 5506 euangelica,

582 5533 652 5589 Et
677 5530 835 5600 cujus
859 5519 1306 5598 multiplicantur

588 5623 658 5677 Ut
682 5635 888 5676 manna
914 5618 968 5671 in
1002 5615 1281 5670 manibus.

662 5746 883 5799 Kastam
910 5740 1007 5811 qui
1032 5735 1275 5791 custodit
1300 5750 1525 5789 carnem

590 5836 673 5894 Ob
698 5848 949 5890 amorem
978 5827 1222 5895 Domini,

593 5930 770 5999 Quam
796 5936 1022 5977 carnem
1048 5917 1325 5988 templum
1352 5915 1563 5987 paravit

1692 511 2003 577 Sanctoque
2028 500 2281 574 Spiritui,

1690 604 1732 655 A
1759 613 1871 669 quo
1901 596 2220 649 constanter
2247 604 2379 643 cum
2403 584 2632 640 mundis

1690 686 2011 743 Possidetur
2029 680 2262 746 actibus,

1689 778 1868 841 Quam
1887 777 1944 829 et
1962 770 2204 827 hostiam
2227 768 2543 839 placentem

1690 866 1882 921 Vivam
1909 861 2073 917 oil‘ert
2097 858 2355 913 Domino.

1761 985 2088 1052 Lumenque
2115 978 2312 1033 mundi
2338 989 2635 1031 accensum

1694 1076 1895 1145 Ingens
1921 1070 2333 1140 euangelicum,

1695 1164 1759 1217 In
1785 1160 2115 1216 candelabro
2137 1161 2385 1213 levatum

1694 1253 1832 1306 Toto
1858 1250 2080 1320 fulgens
2104 1249 2330 1317 saeculo,

1694 1341 1838 1395 Civis
1862 1340 2011 1410 regis
2035 1339 2254 1394 munita

1696 1430 1875 1501 Supra
1899 1432 2153 1483 montem
2179 1426 2379 1499 posita,

1696 1518 1864 1588 Copia
1887 1517 1947 1571 in
1974 1533 2086 1588 qua
2112 1522 2197 1571 est
2222 1516 2420 1585 multa,

1695 1608 1875 1669 Quam
1899 1606 2170 1661 Dominus
2194 1605 2458 1676 possidet.

1766 1726 2037 1781 Maximus
2062 1742 2308 1798 namque
2333 1727 2395 1781 in
2420 1742 2597 1797 regno

1697 1814 1978 1870 Caelorum
2000 1816 2307 1884 vocabitur,

1699 1906 1802 1969 Qui
1827 1905 1975 1976 quod
2000 1904 2184 1959 verbis
2210 1905 2371 1960 docet
2396 1903 2583 1973 sacris,

1700 1994 1880 2050 Factis
1904 1995 2178 2065 adimplet
2200 1994 2385 2063 bonis,

1700 2087 1854 2140 Bono
1879 2083 2149 2157 praecedit
2174 2086 2456 2157 exemplo,

1700 2176 2070 2247 Formamque
2095 2175 2350 2230 ﬁdelium

1700 2265 2015 2336 Mundoque
2034 2263 2094 2318 in
2120 2265 2285 2320 corde
2314 2264 2485 2319 habet
2600 2258 2603 2261 ’

1700 2354 1782 2409 Ad
1806 2355 1984 2408 Deum
2002 2352 2287 2431 ﬁduciam.

1772 2474 1988 2528 Nomen
2011 2472 2107 2526 Dei
2134 2473 2407 2530 audenter

1699 2562 2009 2617 Adnuntiat
2039 2563 2319 2633 gentibus,

1699 2651 1911 2716 Quibus
1935 2652 2167 2706 lavacris
2190 2653 2381 2707 salutis

1704 2743 1987 2797 IEternam
2023 2742 2119 2795 dat
2149 2743 2410 2812 gratiam,

1702 2833 1809 2886 Pro
1833 2848 2076 2903 quorum
2105 2837 2230 2887 orat
2254 2832 2473 2887 delictis

1702 2920 1787 2976 Ad
1814 2921 1991 2976 Deum
2019 2921 2244 2989 cotidie,

1703 3012 1810 3066 Pro
1836 3011 2039 3081 quibus
2061 3015 2126 3065 ut
2154 3013 2265 3066 Deo
2291 3011 2488 3081 dignas

1709 3100 2080 3172 Immolatque
2103 3100 2335 3154 hostias.

1777 3222 2018 3276 Omnem
2039 3237 2143 3291 pro
2170 3221 2359 3277 divina
2387 3222 2512 3294 lege

1708 3310 1897 3366 Mundi
1923 3311 2138 3381 spernit
2164 3311 2424 3382 gloriam,

1708 3399 1814 3463 Qui
1839 3404 2039 3454 cuncta
2065 3400 2137 3455 ad
2165 3401 2326 3471 cujus
2363 3416 2620 3455 mensam

1711 3490 1966 3545 Estimat
1984 3489 2302 3561 quisquilia,

1713 3579 1821 3633 Nec
1845 3579 2136 3650 ingruenti
2162 3583 2421 3634 movetur

1713 3667 1902 3724 Mundi
1924 3669 2092 3740 hujus
2116 3669 2375 3738 fulmine,

1716 3758 1821 3814 Sed
1852 3759 1911 3812 in
1936 3758 2182 3812 adversis
2205 3758 2447 3827 laetatur,

1717 3847 1858 3903 Cum
1881 3864 1985 3919 pro
2013 3846 2230 3903 Christo
2256 3847 2488 3919 patitur.

1790 3971 1982 4024 Pastor
2004 3968 2188 4023 bonus
2219 3972 2274 4023 et
2297 3967 2476 4023 ﬁdelis

1720 4059 1914 4129 Gregis
1940 4059 2273 4129 euangelici,

1721 4151 1901 4214 Quem
1926 4149 2071 4203 Deus
2106 4147 2203 4203 Dei
2232 4146 2403 4219 elegit

1722 4238 2014 4295 Custodire
2043 4238 2340 4309 populum,

1726 4329 2006 4400 Suamque
2032 4343 2256 4398 pascere
2289 4325 2514 4398 plebem

1727 4419 1935 4475 Divinis
1958 4417 2332 4490 dogmatibus.

1728 4510 1834 4564 Pro
1863 4525 1974 4581 qua
1997 4509 2068 4563 ad
2096 4507 2304 4563 Christi
2328 4504 2651 4575 exemplum

1731 4600 1900 4656 Suam
1924 4598 2095 4655 tradit
2118 4597 2390 4652 animam.

1803 4721 1981 4785 Quem
2006 4734 2109 4791 pro
2137 4718 2354 4775 meritis
2381 4715 2633 4774 Salvator

1734 4810 1992 4867 Provexit
2014 4810 2360 4880 pontiﬁcem,

1739 4901 1808 4955 Ut
1830 4899 1890 4953 in
1918 4898 2131 4953 caelesti
2155 4904 2413 4955 moneret

1738 4990 1978 5044 Clericos
2005 4989 2228 5059 militia,

1741 5079 2034 5146 Caelestem
2061 5079 2268 5150 quibus
2293 5091 2576 5134 annonam

1743 5170 1949 5241 Erogat
1972 5185 2102 5224 cum
2124 5169 2384 5236 vestibus,

1654 5256 1657 5257 ⁷
1743 5260 1903 5324 Quod
1926 5259 1986 5314 in
2013 5259 2216 5313 divinis
2239 5258 2533 5330 impletur,

1746 5349 2039 5421 Sacrisque
2066 5347 2347 5404 affatibus.

1817 5473 1984 5543 Regis
2008 5471 2239 5527 nuntius
2267 5469 2512 5524 invitans

1748 5563 2044 5618 Credentes
2069 5561 2138 5616 ad
2163 5560 2386 5631 nuptias

1749 5652 1853 5716 Qui
1875 5657 2108 5707 ornatur
2133 5651 2468 5706 vestimento

1751 5742 1990 5813 Nuptiali
2015 5742 2247 5797 indutus
2268 5783 2282 5810 ,

1751 5830 1855 5894 Qui
1881 5832 2103 5886 cceleste
2127 5830 2318 5886 haurit
2343 5829 2539 5885 vinum

1754 5920 1814 5974 In
1845 5921 1989 5976 vasis
2017 5920 2348 5993 coelestibus,

2816 484 3246 555 Pr0pinansque
3272 474 3377 532 Dei
3403 471 3657 546 plebem

2817 570 3079 646 Spiritale
3109 566 3403 640 poculum.

2890 698 3119 753 Sacrum
3148 691 3371 747 invenit
3397 689 3774 744 thesaurum

2821 789 2998 843 Sacro
3024 786 3085 840 in
3108 781 3420 845 volumine,

2821 873 3233 944 Salvatorisque
3261 871 3323 925 in
3350 881 3530 923 carne

2820 965 3096 1020 Deitatem
3121 959 3401 1033 pervidet,

2821 1058 2997 1122 Quem
3024 1055 3364 1108 thesaurum
3397 1044 3548 1102 emit
3577 1039 3817 1098 sanctis

2772 1164 2784 1179 '
2821 1145 3199 1215 Perfectisque
3220 1138 3464 1208 meritis,

2826 1235 3034 1292 Israhel
3060 1235 3297 1288 vocatur
3320 1228 3503 1298 hujus

2824 1327 3025 1384 Anima
3050 1325 3245 1380 videns
3271 1322 3477 1375 Deum.

2895 1464 3072 1519 Testis
3092 1457 3317 1517 Domini
3342 1453 3535 1510 ﬁdelis

2826 1558 2889 1610 In
2915 1555 3042 1624 lege
3069 1548 3368 1611 catholica,

2827 1646 3000 1716 Cujus
3031 1641 3204 1698 verba
3229 1640 3362 1693 sunt
3390 1631 3614 1690 divinis

2798 1721 2806 1729 ’
2829 1733 3079 1791 Candida
3104 1726 3367 1796 oraculis,

2831 1828 2908 1882 Ne
2934 1825 3203 1879 humanae
3231 1817 3439 1890 putent
3463 1825 3687 1883 carnes

2828 1918 3092 1986 Esseque
3112 1929 3145 1966 a
3164 1907 3484 1971 vermibus,

2832 2007 2941 2064 Sed
2968 2002 3179 2059 caelesti
3206 2000 3492 2054 alleantur

2832 2099 3042 2169 Sapore
3070 2094 3141 2148 ad
3169 2089 3485 2146 victimam.

2902 2224 3080 2278 Verus
3104 2217 3290 2272 cultor
3314 2216 3371 2268 et
3398 2208 3666 2280 insignis

2830 2310 2969 2383 Agri
2995 2303 3338 2377 euangelici,

2834 2403 3007 2473 Cujus
3030 2397 3245 2454 semina
3270 2393 3553 2449 videntur

2835 2490 3046 2549 Christi
3073 2485 3396 2558 euangelia,

2836 2585 2971 2648 Qua:
2997 2578 3190 2635 divino
3216 2575 3355 2631 serit
3382 2587 3485 2626 ore

2836 2677 2899 2730 ln
2924 2688 3089 2728 aures
3115 2663 3500 2740 prudentium
3518 2701 3533 2727 ,

2836 2766 3091 2830 Quorum
3118 2770 3348 2829 quoque
3376 2751 3556 2808 corda
3588 2766 3667 2804 ac
3700 2750 3934 2804 mentes

2837 2856 3038 2912 Sancto
3059 2854 3185 2906 arat
3213 2846 3456 2919 Spiritu.

2910 2989 3165 3047 Christus
3192 2984 3355 3040 illum
3383 2980 3493 3036 sibi
3510 2978 3726 3050 elegit

2838 3084 2903 3137 In
2937 3077 3102 3135 terris
3125 3073 3427 3141 vicarium,

2839 3171 2947 3235 Qui
2977 3169 3045 3223 de
3073 3164 3303 3238 gemino
3334 3159 3600 3232 captivos

2840 3259 3070 3315 Liberat
3101 3252 3352 3321 servitio,

2842 3348 3147 3418 Plerosque
3174 3345 3243 3399 de
3274 3340 3559 3397 servitute

2842 3444 2991 3506 Quos
3027 3437 3272 3503 redemit
3296 3434 3644 3503 hominum,

2843 3534 3181 3587 Innumeros
3206 3526 3275 3581 de
3302 3523 3509 3579 Zabuli

2847 3618 3096 3676 Absolvit
3115 3614 3390 3672 dominio.

2916 3756 3173 3825 Hymnos
3198 3765 3333 3805 cum
3363 3746 3738 3820 Apocalypsi

2848 3845 3211 3914 Psalmosque
3239 3843 3432 3896 cantat
3460 3839 3593 3908 Dei,

2849 3937 3110 4005 Quosque
3137 3931 3211 3986 ad
3236 3929 3667 3985 aediﬁcandum

2850 4025 2951 4080 Dei
2970 4026 3177 4077 tractat
3202 4020 3515 4092 populum,

2850 4115 3033 4179 Quam
3058 4111 3250 4182 legem
3278 4109 3341 4163 in
3368 4108 3667 4164 Trinitate

2854 4202 3005 4258 Sacri
3031 4200 3211 4256 credit
3227 4198 3513 4268 nominis,

2855 4291 3169 4361 Tribusque
3195 4287 3461 4359 personis
3482 4303 3684 4345 unam

2857 4382 3138 4451 Docetque
3166 4377 3579 4433 substantiam.

2930 4518 3079 4571 Zona
3103 4513 3334 4569 Domini
3359 4513 3735 4585 praecinctus

2860 4606 3069 4663 Diebus
3093 4621 3158 4659 ac
3186 4603 3474 4674 noctibus,

2863 4695 2995 4753 Sine
3020 4693 3449 4751 intermissione

2864 4788 3044 4843 Deum
3068 4788 3193 4840 orat
3220 4783 3568 4853 Dominum,

2867 4877 3041 4948 Cujus
3064 4874 3318 4947 ingentis
3347 4873 3570 4928 laboris

2868 4969 3243 5038 Percepturus
3269 4965 3599 5035 premium

2870 5058 3015 5114 Cum
3039 5054 3305 5127 apostolis
3332 5054 3620 5124 regnabit

2872 5146 3112 5203 Sanctus
3137 5159 3311 5216 super
3340 5142 3591 5201 Israhel.

2943 5286 3213 5343 Patricius
3240 5284 3551 5356 episcopus

2876 5379 3011 5435 Oret
3034 5393 3139 5448 pro
3164 5373 3328 5429 nobis
3357 5374 3672 5446 omnibus,

2876 5469 2946 5523 Ut
2970 5466 3264 5521 deleantur
3289 5463 3564 5535 protinus

2876 5559 3107 5612 Peccata
3132 5571 3261 5627 quae
3286 5554 3732 5614 commisimus.

2876 5645 3102 5702 Patricii
3120 5644 3317 5699 laudes

2878 5738 3113 5808 Semper
3138 5734 3416 5805 dicamus,

2878 5828 2948 5883 Ut
2971 5842 3075 5881 nos
3093 5840 3227 5879 cum
3252 5824 3354 5879 illo

2877 5917 3110 5989 Semper
3132 5913 3415 5977 vivamus.
