3994 6400
61 415 156 467 5'93

112 519 394 589 Hymnum
426 521 615 576 sancti
645 521 894 592 Comgz'lli
932 521 1145 579 abbatis

532 596 724 648 nostri.

128 699 539 756 Recordemur
559 701 800 771 justitiae

59 789 254 844 Nostri
284 790 532 860 patroni
556 791 773 862 fulgida

55 880 199 934 Com
208 879 335 950 gilli
367 881 552 934 sancti
578 882 811 936 nomine

59 969 436 1039 Refulgentis
463 971 522 1025 in
549 989 742 1044 opere.

64 1059 265 1128 Adjuti
303 1061 401 1115 Dei
428 1062 686 1119 Flamine

67 1149 278 1202 Sancto
308 1150 578 1223 claroque
600 1154 838 1225 lumine,

60 1238 364 1294 Trinitatis
393 1243 725 1299 celsissimae

59 1328 290 1383 Cuncta
318 1332 584 1388 tenentes
608 1337 890 1407 regmine,

58 1418 251 1480 Quem
286 1419 440 1474 Deus
457 1423 528 1477 ad
558 1425 805 1482 zetherea

62 1506 364 1563 Conduxit
393 1510 741 1582 habitacula,

60 1599 148 1652 Ab
179 1601 408 1670 angelis
429 1605 734 1674 custodita,

61 1689 451 1745 Permansura
480 1692 541 1747 in
565 1696 792 1752 saecula.

134 1805 352 1861 Audite
377 1812 579 1879 pantes
598 1813 656 1866 ta
675 1828 807 1885 erga

57 1895 234 1949 Allati
261 1896 334 1950 ad
361 1899 622 1968 angelica

58 1985 308 2039 Athletae
347 1986 446 2041 Dei
472 1987 666 2043 abdita

55 2076 426 2145 Ajuventute
453 2077 656 2132 ﬂorida

57 2169 242 2220 Aucta
269 2167 333 2220 in
361 2168 504 2238 legis
530 2169 756 2240 pagina,

59 2257 188 2310 Alta
216 2257 400 2311 sancti
425 2273 530 2328 per
554 2259 767 2315 viscera

57 2350 210 2416 Apta
231 2346 350 2401 ﬁde
366 2348 612 2417 justitia,

60 2437 146 2490 Ad
175 2435 278 2491 Dei
310 2437 482 2491 ducta
509 2438 731 2508 gaudia,

61 2527 175 2579 Alti
201 2526 391 2580 adlata
418 2526 623 2581 merita

67 2615 302 2671 Aﬂ‘atim
328 2615 752 2685 concordantia,

279 2703 365 2758 Ab
387 2703 627 2775 angelis.

139 2814 357 2866 Bonam
378 2812 574 2881 vitam,
603 2812 902 2884 justitiam,

65 2903 495 2974 Benignitatem
516 2902 797 2971 ﬂoridam,

61 2992 377 3047 Caritatem
407 2992 813 3065 ﬁrmissimam,

61 3084 179 3136 Deo
207 3081 398 3152 primo
421 3082 753 3151 adhibitam,

59 3174 234 3226 Juxta
260 3172 598 3226 mandatum
625 3174 865 3230 solidam

63 3264 126 3315 In
151 3277 336 3332 regno
367 3263 912 3334 priestantissimam,

61 3350 348 3405 Proximis
379 3367 530 3421 sazpe
558 3347 806 3406 debitam

62 3440 245 3494 Corde
277 3455 484 3494 sereno
510 3439 773 3510 placitam

62 3529 360 3584 Efﬁciebat
388 3529 677 3598 cognitam

64 3621 124 3672 ln
155 3619 353 3673 futuro
379 3617 752 3688 fructiferam,

282 3708 468 3770 Quem
495 3706 662 3760 Deus.

132 3817 544 3884 Contemptum
569 3816 945 3872 mundialium

60 3906 455 3974 Voluptatum,
493 3906 861 3976 praesentium

61 3994 346 4059 Vitiorum
377 3993 771 4051 ﬁrmissimum

66 4085 329 4138 lnfirmos
361 4083 624 4140 devastan
633 4087 778 4142 tium

60 4174 383 4227 Verborum
403 4173 813 4243 cogitaminum

59 4265 227 4316 Parte
260 4263 403 4315 lazva
436 4264 783 4319 versantinm

59 4351 407 4408 Continebat
428 4369 534 4423 per
555 4354 837 4412 viscerum

62 4446 292 4500 Secreta
315 4443 680 4514 vigilantium

280 4531 365 4585 Ab
391 4532 627 4602 angelis.

135 4650 346 4702 Doctus
373 4647 433 4702 in
461 4649 563 4702 Dei
589 4647 813 4718 legibus

62 4736 283 4793 Divinis
310 4736 650 4790 dictionibus

64 4829 288 4882 Ditatus
315 4825 520 4880 sanctis
550 4824 771 4896 opibus,

64 4921 182 4973 Deo
203 4932 436 4987 semper
459 4915 831 4986 placentibus,

61 5007 369 5063 Dedicatus
394 5005 454 5059 in
477 5003 750 5069 moribus,

65 5099 164 5153 Dei
195 5096 519 5167 Stephanus
545 5093 707 5165 agius

67 5189 311 5244 Docebat
337 5186 417 5241 sic
442 5190 500 5241 et
524 5188 760 5240 caeteras

66 5283 223 5337 Dicta
251 5279 417 5334 docta
438 5275 705 5348 operibus

284 5370 466 5433 Quem
490 5369 654 5422 Deus.

139 5489 328 5562 Elegit
352 5505 386 5542 a
412 5486 742 5559 primordio,

69 5582 228 5649 Quod
258 5583 382 5635 erat
407 5579 467 5632 in
492 5576 793 5649 principio,

75 5677 368 5728 Eternum
391 5667 642 5722 Verbum
666 5669 900 5735 paterno

75 5761 406 5816 Eructatum
435 5752 790 5809 sanctissimo

72 5849 247 5902 Corde
275 5861 476 5899 verum
509 5842 780 5896 altissimo

75 5944 245 5998 Carus
275 5935 463 5995 eidem
486 5931 681 5993 lucido

1223 523 1432 594 Pignus
1457 524 1729 595 praeclaro
1757 523 1945 578 animo

1223 613 1493 670 Constans
1518 631 1686 686 opere
1709 615 1951 686 placido.

1436 705 1518 760 Ab
1549 705 1781 775 angelis.

1295 812 1566 883 Fulgebat
1593 811 1686 866 alti
1710 811 1928 883 fulgore

1225 904 1364 960 Solis
1388 904 1507 958 vice
1532 904 1592 957 in
1616 903 1821 957 vertice

1226 995 1529 1050 Rutilantis
1539 993 1680 1049 meri
1694 994 1782 1049 die

1225 1085 1376 1140 Fidei
1403 1083 1757 1150 claritudine,

1225 1174 1596 1230 Conﬁrmatus
1625 1189 1691 1226 ex
1718 1173 1928 1226 viscere

1225 1265 1283 1319 ln
1304 1264 1401 1318 Dei
1427 1278 1648 1333 semper
1667 1261 1847 1315 sidere

1222 1353 1516 1408 Conﬁdens
1546 1349 1928 1405 sanctimonia

1221 1442 1512 1514 Praecipuo
1538 1438 1874 1494 munimine.

1432 1531 1610 1594 Quem
1636 1529 1800 1584 Deus.

1290 1639 1570 1694 Gaudium
1596 1637 1771 1692 sancti
1800 1634 2038 1706 Spiritus

1219 1728 1461 1783 Habebat
1489 1727 1548 1781 in
1576 1725 1896 1792 visceribus,

1218 1820 1478 1889 Regnum
1505 1817 1658 1889 quod
1685 1820 1768 1870 est
1793 1814 2124 1870 sublimibus

1216 1909 1326 1962 Deo
1355 1907 1594 1977 dignum
1626 1909 1682 1960 et
1709 1904 1928 1959 fortius.

1214 1996 1470 2052 Gladium
1497 2011 1721 2066 quoque
1751 1994 1988 2064 Spiritus

1213 2087 1480 2140 Levatum
1506 2085 1577 2138 ad
1603 2082 1982 2157 nequissimus

1213 2176 1332 2238 Qiio
1360 2178 1742 2246 prosterneret
1765 2172 2039 2243 superbus

1213 2265 1429 2320 Tenens
1454 2263 1653 2318 sanctis
1675 2264 1734 2316 in
1761 2261 2041 2318 manibus.

1423 2353 1505 2407 Ab
1531 2351 1762 2422 angelis.

1286 2460 1539 2530 Humilis,
1571 2463 1814 2527 sanctus,
1842 2456 2121 2529 benignus

1212 2550 1423 2605 Probus
1451 2551 1511 2605 in
1540 2550 1638 2604 Dei
1663 2549 1904 2620 legibus,

1211 2641 1519 2705 Humanus,
1544 2639 1747 2709 justus,
1778 2636 2126 2705 commodus,

1211 2728 1526 2783 Laudabilis
1550 2727 1610 2782 in
1638 2728 1912 2794 moribus,

1212 2818 1411 2873 Hilaris
1437 2818 1616 2885 vultu,
1647 2817 1885 2883 sobrius,

1212 2907 1469 2965 Caritatis
1495 2908 1556 2962 in
1581 2907 1835 2976 ﬂoribus,

1213 2999 1510 3054 Decoratus
1538 2997 1848 3065 ordinibus,

1213 3089 1412 3143 Factus
1439 3087 1622 3159 palam
1650 3087 1981 3141 mortalibus
2065 3150 2074 3157 O

1213 3179 1273 3232 ln
1302 3179 1599 3250 Scripturis
1626 3177 1898 3245 eruditus,

1213 3268 1518 3339 lnspiratus
1549 3267 1836 3334 divinitus,

1211 3360 1272 3412 ln
1298 3357 1656 3411 sacramentis
1680 3355 1964 3426 providus,

1211 3447 1499 3504 Canonicis
1525 3447 1782 3502 affatibus

1210 3538 1549 3593 Testamenti
1574 3535 1964 3608 praefulgidus,

1212 3629 1451 3682 Fervens
1478 3627 1698 3699 spiritu,
1727 3624 1980 3696 placidus

1211 3719 1322 3773 Deo
1350 3733 1530 3782 cams,
1561 3719 1616 3770 et
1638 3714 1939 3784 piissimus.

1419 3807 1501 3861 Ab
1525 3803 1759 3876 angelis.

1280 3913 1523 3969 Kalcavit
1547 3911 1825 3967 mundum
1851 3907 2149 3964 subdolum

1212 4003 1471 4058 Karitatis
1498 4017 1600 4072 per
1628 4000 1880 4054 studium

1211 4091 1489 4147 Kastitatis
1508 4089 1914 4158 firmissimum,

1209 4183 1625 4252 Contempnens
1652 4195 1818 4233 omne
1846 4177 2067 4247 vitium,

1213 4275 1465 4327 lnserens
1495 4285 1698 4340 agrum
1722 4267 2008 4334 ﬂoridum,

1209 4365 1404 4418 Pectus
1432 4361 1712 4416 adornans
1738 4359 2010 4425 lucidum,

1211 4451 1472 4506 Divinum
1497 4448 1879 4504 habitaculum

1207 4541 1376 4596 Trino
1403 4539 1634 4594 nomine
1663 4537 1961 4591 sancitum.

1418 4631 1598 4693 Quem
1625 4630 1787 4682 Deus.

1278 4737 1617 4808 Lampadem
1645 4735 1933 4807 sapientiae

1207 4826 1506 4884 Constituit
1530 4825 1586 4881 in
1616 4829 1861 4896 pectore,

1209 4920 1272 4973 In
1295 4917 1561 4973 thesauro
1588 4915 1876 4986 sapientiae

1208 5007 1438 5062 Condito
1464 5005 1565 5059 Dei
1588 5020 1844 5071 munere,

1208 5098 1593 5153 lnﬂammatus
1617 5109 1960 5166 magnopere

1209 5188 1352 5242 Luce
1379 5202 1525 5241 verae
1549 5184 1802 5256 justitiae,

1209 5276 1492 5331 Exaltatus
1520 5272 1837 5328 munimine

1207 5365 1391 5438 Legis,
1423 5363 1671 5436 spiritus,
1699 5363 1899 5418 literae.

1420 5471 1500 5526 Ab
1519 5470 1753 5541 angelis.

1280 5565 1547 5634 Magnum
1572 5559 1947 5630 adprehendit
1969 5557 2227 5614 bradium

1209 5655 1415 5708 Eterna
1439 5650 1552 5704 vita
1575 5649 1925 5720 condignum

1209 5743 1456 5814 Adeptus
1485 5742 1742 5793 sanctum
1771 5739 2076 5810 praemium

1210 5837 1342 5890 Post
1365 5835 1617 5888 laborem
1643 5831 2048 5896 ﬁrmissimum,

1221 5927 1389 6002 Cujus
1413 5924 1724 6004 perfectum
1747 5922 2014 5982 meritum

988 412 1535 470 ANTIPHONARIUM
1575 414 1973 472 MONASTEBII
2011 413 2529 472 BENCHORENSIS.

2352 522 2622 576 Vocamus
2646 520 2706 575 in
2735 512 3034 588 auxilium,

2353 612 2422 665 Ut
2439 626 2760 666 mereamur
2788 611 3044 666 omnium

2352 700 2629 755 Vitiorum
2655 699 2967 755 excidium.

2561 790 2740 853 Quem
2768 791 2932 844 Deus.

2421 893 2594 946 Notus
2623 896 2949 946 sanctorum
2977 893 3212 948 ccetibus

2351 980 2624 1035 Abbatem
2653 980 2712 1034 in
2739 981 3028 1037 ordinibus

2352 1070 2752 1126 Monachorum
2776 1071 3052 1128 militibus

2259 1216 2264 1220 ,
2351 1161 2826 1217 Anachoretarum
2853 1164 3105 1218 sensibus

2351 1250 2638 1319 Synodum
2668 1250 2871 1305 sanctis
2901 1252 3158 1321 plebibus

2353 1339 2532 1393 Immo
2558 1339 2644 1394 vir
2668 1342 3000 1411 apostolicus

2350 1429 2544 1484 Clarus
2568 1431 2783 1485 cunctis
2808 1431 2868 1486 in
2887 1433 3145 1503 sortibus,

2347 1517 2630 1574 Adauctus
2668 1521 2726 1574 in
2759 1522 3092 1581 sublimibus

2559 1610 2640 1664 Ab
2662 1612 2894 1682 angelis.

2418 1708 2462 1762 0
2491 1714 2710 1780 petram
2736 1714 3126 1772 solidissimam

2349 1798 2408 1851 ln
2435 1797 2802 1856 fundamento
2826 1805 3087 1874 positam,

2346 1885 2390 1940 0
2417 1891 2858 1959 contemptorem
2887 1895 3140 1951 omnium

2344 1975 2556 2031 Rerum
2583 1994 2829 2050 nequam
2854 1988 3241 2059 praesentium,

2343 2063 2385 2118 0
2415 2065 2615 2121 ducem
2638 2073 2893 2126 sanctum
2917 2073 3162 2129 militum

2345 2152 2582 2208 Domino
2609 2156 2932 2215 milantium

2344 2242 2386 2298 Ο
2414 2247 2672 2314 tyronem
2698 2247 3065 2307 fortissimum

2341 2333 2573 2390 Domino
2602 2341 2787 2393 totum
2815 2341 3088 2399 deditum.

2550 2425 2728 2489 Quem
2753 2428 2917 2485 Deus.

2408 2533 2622 2588 Positus
2648 2537 2800 2591 muri
2827 2537 2995 2593 ferrei

2338 2621 2466 2676 Vice
2485 2622 2546 2676 in
2571 2623 2694 2677 luce
2719 2627 2913 2696 populi

2336 2711 2629 2783 Dissipare,
2654 2713 2994 2785 disperdere,

2339 2802 2551 2856 Cuncta
2575 2803 2724 2858 mala
2750 2805 3057 2874 destruere,

2339 2891 2649 2963 Ediﬁcare,
2679 2895 2931 2966 plantare

2341 2984 2491 3037 Bona
2520 2987 2634 3038 tota
2665 2985 2723 3039 in
2749 3002 3048 3042 commune

2339 3073 2487 3127 More
2512 3074 2690 3128 sancti
2716 3075 3010 3130 Hieremiae

2342 3161 2640 3217 Constituti
2665 3163 2724 3216 in
2747 3164 3011 3220 culmine.

2552 3251 2634 3305 Ab
2662 3253 2898 3323 angelis.

2409 3350 2544 3414 Quis
2571 3353 2905 3423 contempsit
2932 3357 3228 3425 praesentia

2339 3439 2513 3510 Hujus
2539 3439 2641 3492 invi
2668 3440 2946 3495 decidua?

2337 3528 2469 3591 Quis
2495 3529 2742 3583 ascendit
2766 3531 2836 3584 ad
2865 3547 3110 3602 superna

2337 3620 2471 3672 Toto
2495 3619 2682 3673 animo
2709 3621 2914 3690 gaudia
2933 3623 2961 3675 Ἰ

2337 3709 2470 3774 Quis
2495 3709 2713 3763 volebat
2739 3709 2800 3764 in
2827 3711 3040 3766 aethera

2337 3800 2514 3856 Carne
2539 3800 2730 3856 volare
2755 3802 2976 3873 posita?

2337 3889 2584 3953 Qualiter
2612 3889 2711 3944 iste
2736 3890 2869 3944 talia

2338 3979 2586 4051 Adeptus
2615 3983 2808 4034 sancta
2833 3979 3054 4037 merita.

2549 4073 2728 4136 Quem
2759 4073 2903 4128 Deus

2407 4182 2570 4239 Rexit
2598 4186 2844 4238 sanctam
2868 4184 3168 4240 Ecclesiam

2334 4273 2677 4329 Catholicam
2700 4289 2804 4344 per
2832 4275 3108 4345 regulam,

2335 4364 2600 4420 Retinens
2624 4362 2794 4419 fidem
2823 4364 3060 4419 solidam

2333 4455 2528 4510 Malam
2554 4458 2747 4509 contra
2772 4454 3104 4525 nequitiam,

2335 4543 2505 4598 Suam
2531 4558 2796 4598 exercens
2821 4541 3070 4596 animam

2333 4632 2549 4688 Sanctae
2573 4630 2715 4701 legis
2739 4645 2843 4702 per
2866 4630 3159 4701 paginam,

2336 4723 2507 4794 Cujus
2535 4725 2736 4792 exopto
2763 4720 3003 4791 gratiam

2335 4812 2466 4870 Mihi
2492 4813 2728 4868 edomat
2754 4811 3023 4865 animam.

2551 4902 2635 4955 Ab
2663 4899 2897 4970 angelis.

2410 5011 2642 5083 Sapiens
2669 5026 2797 5064 suos
2823 5009 3072 5064 internos

2340 5103 2568 5160 Sanctos
2597 5101 2817 5157 elevans
2844 5099 3033 5154 oculos

2338 5190 2657 5247 Deducebat
2683 5189 2754 5244 ad
2780 5204 3012 5260 superos

2341 5281 2532 5353 Capite
2559 5285 2747 5336 sancto
2776 5279 3044 5346 intentos,

2339 5372 2502 5425 Parte
2528 5374 2718 5424 sancta
2743 5369 2803 5422 in
2831 5368 3059 5424 dextera

2339 5461 2627 5516 Collocans
2651 5476 2753 5514 sua
2778 5459 2988 5514 viscera

2339 5550 2698 5608 Centurionis
2726 5566 2897 5621 opera

2338 5640 2555 5695 Habens
2592 5643 2780 5693 sancta
2805 5654 2908 5710 per
2939 5636 3162 5694 studia!

2553 5728 2732 5792 Quem
2758 5727 2924 5781 Deus.

2413 5829 2561 5885 Tulit
2584 5844 2744 5884 suam
2772 5825 3110 5882 memoriam

2349 5921 2434 5981 Ad
2462 5919 2812 5981 mansionem
2839 5927 3144 5989 supernam

3339 409 3437 468 594
