  <div class='ocr_page' id='page_1' title='image "/cluster/home/n/w/nwhite01/storage/ocr_20150623/72/umn.31951002477365o/305.png"; bbox 0 0 3994 6410; ppageno 0'>
   <div class='ocr_carea' id='block_1_1' title="bbox 509 403 609 456">
    <p class='ocr_par' dir='ltr' id='par_1_1' title="bbox 509 403 609 456">
     <span class='ocr_line' id='line_1_1' title="bbox 509 403 609 456; baseline -0.02 0"><span class='ocrx_word' id='word_1_1' title='bbox 509 403 609 456; x_wconf 82' lang='lat'>595</span> 
     </span>
    </p>
   </div>
   <div class='ocr_carea' id='block_1_2' title="bbox 498 505 1228 578">
    <p class='ocr_par' dir='ltr' id='par_1_2' title="bbox 498 505 1228 578">
     <span class='ocr_line' id='line_1_2' title="bbox 498 505 1228 578; baseline -0.005 -12"><span class='ocrx_word' id='word_1_2' title='bbox 498 510 698 566; x_wconf 89' lang='lat' dir='ltr'>Caram</span> <span class='ocrx_word' id='word_1_3' title='bbox 723 509 860 578; x_wconf 92' lang='lat' dir='ltr'>Deo,</span> <span class='ocrx_word' id='word_1_4' title='bbox 889 511 946 564; x_wconf 92' lang='lat' dir='ltr'>et</span> <span class='ocrx_word' id='word_1_5' title='bbox 969 505 1228 563; x_wconf 86' lang='lat' dir='ltr'>ﬂoridam</span> 
     </span>
    </p>
   </div>
   <div class='ocr_carea' id='block_1_3' title="bbox 501 597 1252 668">
    <p class='ocr_par' dir='ltr' id='par_1_3' title="bbox 501 597 1252 668">
     <span class='ocr_line' id='line_1_3' title="bbox 501 597 1252 668; baseline -0.001 -13"><span class='ocrx_word' id='word_1_6' title='bbox 501 600 674 656; x_wconf 89' lang='lat' dir='ltr'>Suam</span> <span class='ocrx_word' id='word_1_7' title='bbox 699 613 959 653; x_wconf 86' lang='lat' dir='ltr'>exercens</span> <span class='ocrx_word' id='word_1_8' title='bbox 983 597 1252 668; x_wconf 81' lang='lat' dir='ltr'>animam,</span> 
     </span>
    </p>
   </div>
   <div class='ocr_carea' id='block_1_4' title="bbox 503 680 2229 760">
    <p class='ocr_par' dir='ltr' id='par_1_4' title="bbox 503 680 2229 760">
     <span class='ocr_line' id='line_1_4' title="bbox 503 680 2229 760; baseline -0.008 -13"><span class='ocrx_word' id='word_1_9' title='bbox 503 692 920 760; x_wconf 89' lang='lat' dir='ltr'>Contempnens</span> <span class='ocrx_word' id='word_1_10' title='bbox 934 693 1144 745; x_wconf 89' lang='lat' dir='ltr'>terram</span> <span class='ocrx_word' id='word_1_11' title='bbox 1175 689 1486 758; x_wconf 82' lang='lat' dir='ltr'>subdolam,</span> <span class='ocrx_word' id='word_1_12' title='bbox 1659 682 1940 740; x_wconf 80' lang='lat' dir='ltr'>Benedicti</span> <span class='ocrx_word' id='word_1_13' title='bbox 1964 680 2229 753; x_wconf 86' lang='lat' dir='ltr'>pauperis</span> 
     </span>
    </p>
   </div>
   <div class='ocr_carea' id='block_1_5' title="bbox 496 779 1260 840">
    <p class='ocr_par' dir='ltr' id='par_1_5' title="bbox 496 779 1260 840">
     <span class='ocr_line' id='line_1_5' title="bbox 496 779 1260 840; baseline -0.003 -2"><span class='ocrx_word' id='word_1_14' title='bbox 496 787 704 840; x_wconf 88' lang='lat' dir='ltr'>Vanam</span> <span class='ocrx_word' id='word_1_15' title='bbox 733 796 962 838; x_wconf 92' lang='lat' dir='ltr'>omnem</span> <span class='ocrx_word' id='word_1_16' title='bbox 986 779 1260 836; x_wconf 85' lang='lat' dir='ltr'>insaniam</span> 
     </span>
    </p>
   </div>
   <div class='ocr_carea' id='block_1_6' title="bbox 495 873 1212 930">
    <p class='ocr_par' dir='ltr' id='par_1_6' title="bbox 495 873 1212 930">
     <span class='ocr_line' id='line_1_6' title="bbox 495 873 1212 930; baseline -0.006 0"><span class='ocrx_word' id='word_1_17' title='bbox 495 877 740 930; x_wconf 90' lang='lat' dir='ltr'>Domans</span> <span class='ocrx_word' id='word_1_18' title='bbox 767 889 898 929; x_wconf 90' lang='lat' dir='ltr'>cum</span> <span class='ocrx_word' id='word_1_19' title='bbox 922 873 1212 928; x_wconf 78' lang='lat' dir='ltr'>Abraham</span> 
     </span>
    </p>
   </div>
   <div class='ocr_carea' id='block_1_7' title="bbox 496 963 1316 1036">
    <p class='ocr_par' dir='ltr' id='par_1_7' title="bbox 496 963 1316 1036">
     <span class='ocr_line' id='line_1_7' title="bbox 496 963 1316 1036; baseline -0.007 -12"><span class='ocrx_word' id='word_1_20' title='bbox 496 966 584 1024; x_wconf 86' lang='lat' dir='ltr'>Ad</span> <span class='ocrx_word' id='word_1_21' title='bbox 608 969 820 1022; x_wconf 88' lang='lat' dir='ltr'>terram</span> <span class='ocrx_word' id='word_1_22' title='bbox 847 963 1003 1018; x_wconf 86' lang='lat' dir='ltr'><strong>illam</strong></span> <span class='ocrx_word' id='word_1_23' title='bbox 1027 963 1316 1036; x_wconf 85' lang='lat' dir='ltr'>Optimam.</span> 
     </span>
    </p>
   </div>
   <div class='ocr_carea' id='block_1_8' title="bbox 705 1055 1054 1125">
    <p class='ocr_par' dir='ltr' id='par_1_8' title="bbox 705 1055 1054 1125">
     <span class='ocr_line' id='line_1_8' title="bbox 705 1055 1054 1125; baseline -0.009 -13"><span class='ocrx_word' id='word_1_24' title='bbox 705 1057 790 1112; x_wconf 89' lang='lat' dir='ltr'>Ab</span> <span class='ocrx_word' id='word_1_25' title='bbox 821 1055 1054 1125; x_wconf 84' lang='lat' dir='ltr'>angelis.</span> 
     </span>
    </p>
   </div>
   <div class='ocr_carea' id='block_1_9' title="bbox 565 1143 1278 1216">
    <p class='ocr_par' dir='ltr' id='par_1_9' title="bbox 565 1143 1278 1216">
     <span class='ocr_line' id='line_1_9' title="bbox 565 1143 1278 1216; baseline -0.008 -12"><span class='ocrx_word' id='word_1_26' title='bbox 565 1149 748 1204; x_wconf 80' lang='lat' dir='ltr'>Vitam</span> <span class='ocrx_word' id='word_1_27' title='bbox 769 1149 1040 1201; x_wconf 69' lang='lat' dir='ltr'>aeternam</span> <span class='ocrx_word' id='word_1_28' title='bbox 1061 1143 1278 1216; x_wconf 82' lang='lat' dir='ltr'>fulgida</span> 
     </span>
    </p>
   </div>
   <div class='ocr_carea' id='block_1_10' title="bbox 497 1236 1235 1311">
    <p class='ocr_par' dir='ltr' id='par_1_10' title="bbox 497 1236 1235 1311">
     <span class='ocr_line' id='line_1_10' title="bbox 497 1236 1235 1311; baseline -0.008 -15"><span class='ocrx_word' id='word_1_29' title='bbox 497 1241 750 1311; x_wconf 88' lang='lat' dir='ltr'>Adeptus</span> <span class='ocrx_word' id='word_1_30' title='bbox 779 1241 860 1292; x_wconf 91' lang='lat' dir='ltr'>est</span> <span class='ocrx_word' id='word_1_31' title='bbox 881 1236 985 1291; x_wconf 86' lang='lat' dir='ltr'>sub</span> <span class='ocrx_word' id='word_1_32' title='bbox 1010 1252 1235 1307; x_wconf 85' lang='lat' dir='ltr'>corona,</span> 
     </span>
    </p>
   </div>
   <div class='ocr_carea' id='block_1_11' title="bbox 494 1325 1140 1398">
    <p class='ocr_par' dir='ltr' id='par_1_11' title="bbox 494 1325 1140 1398">
     <span class='ocr_line' id='line_1_11' title="bbox 494 1325 1140 1398; baseline -0.011 -10"><span class='ocrx_word' id='word_1_33' title='bbox 494 1331 599 1388; x_wconf 90' lang='lat' dir='ltr'>Ubi</span> <span class='ocrx_word' id='word_1_34' title='bbox 625 1331 880 1385; x_wconf 85' lang='lat' dir='ltr'>adsumet</span> <span class='ocrx_word' id='word_1_35' title='bbox 902 1325 1140 1398; x_wconf 71' lang='lat' dir='ltr'>praamia</span> 
     </span>
    </p>
   </div>
   <div class='ocr_carea' id='block_1_12' title="bbox 495 1416 1174 1477">
    <p class='ocr_par' dir='ltr' id='par_1_12' title="bbox 495 1416 1174 1477">
     <span class='ocr_line' id='line_1_12' title="bbox 495 1416 1174 1477; baseline -0.009 0"><span class='ocrx_word' id='word_1_36' title='bbox 495 1424 866 1477; x_wconf 88' lang='lat' dir='ltr'>Permansura</span> <span class='ocrx_word' id='word_1_37' title='bbox 889 1417 950 1472; x_wconf 89' lang='lat' dir='ltr'>in</span> <span class='ocrx_word' id='word_1_38' title='bbox 969 1416 1174 1472; x_wconf 78' lang='lat' dir='ltr'>saecula</span> 
     </span>
    </p>
   </div>
   <div class='ocr_carea' id='block_1_13' title="bbox 498 1509 1136 1580">
    <p class='ocr_par' dir='ltr' id='par_1_13' title="bbox 498 1509 1136 1580">
     <span class='ocr_line' id='line_1_13' title="bbox 498 1509 1136 1580; baseline -0.013 -11"><span class='ocrx_word' id='word_1_39' title='bbox 498 1511 874 1570; x_wconf 88' lang='lat' dir='ltr'>Comitaturus</span> <span class='ocrx_word' id='word_1_40' title='bbox 903 1509 1136 1580; x_wconf 81' lang='lat' dir='ltr'>agmina</span> 
     </span>
    </p>
   </div>
   <div class='ocr_carea' id='block_1_14' title="bbox 1659 861 2155 934">
    <p class='ocr_par' dir='ltr' id='par_1_14' title="bbox 1659 861 2155 934">
     <span class='ocr_line' id='line_1_14' title="bbox 1659 861 2155 934; baseline -0.006 -16"><span class='ocrx_word' id='word_1_41' title='bbox 1659 863 1758 918; x_wconf 92' lang='lat' dir='ltr'>Dei</span> <span class='ocrx_word' id='word_1_42' title='bbox 1775 863 1914 934; x_wconf 88' lang='lat' dir='ltr'>justi</span> <span class='ocrx_word' id='word_1_43' title='bbox 1940 861 2155 916; x_wconf 87' lang='lat' dir='ltr'>famuli.</span> 
     </span>
    </p>
   </div>
   <div class='ocr_carea' id='block_1_15' title="bbox 1662 1040 2176 1112">
    <p class='ocr_par' dir='ltr' id='par_1_15' title="bbox 1662 1040 2176 1112">
     <span class='ocr_line' id='line_1_15' title="bbox 1662 1040 2176 1112; baseline 0.004 -18"><span class='ocrx_word' id='word_1_44' title='bbox 1662 1040 1866 1096; x_wconf 88' lang='lat' dir='ltr'>Fidelis</span> <span class='ocrx_word' id='word_1_45' title='bbox 1891 1040 1954 1094; x_wconf 89' lang='lat' dir='ltr'>in</span> <span class='ocrx_word' id='word_1_46' title='bbox 1985 1057 2176 1112; x_wconf 89' lang='lat' dir='ltr'>opere,</span> 
     </span>
    </p>
   </div>
   <div class='ocr_carea' id='block_1_16' title="bbox 1660 1129 2232 1201">
    <p class='ocr_par' dir='ltr' id='par_1_16' title="bbox 1660 1129 2232 1201">
     <span class='ocr_line' id='line_1_16' title="bbox 1660 1129 2232 1201; baseline 0.002 -18"><span class='ocrx_word' id='word_1_47' title='bbox 1660 1129 1874 1184; x_wconf 83' lang='lat' dir='ltr'>Gratias</span> <span class='ocrx_word' id='word_1_48' title='bbox 1900 1131 2012 1184; x_wconf 91' lang='lat' dir='ltr'>Deo</span> <span class='ocrx_word' id='word_1_49' title='bbox 2039 1146 2232 1201; x_wconf 84' lang='lat' dir='ltr'>agens,</span> 
     </span>
    </p>
   </div>
   <div class='ocr_carea' id='block_1_17' title="bbox 494 1598 1156 1674">
    <p class='ocr_par' dir='ltr' id='par_1_17' title="bbox 494 1598 1156 1674">
     <span class='ocr_line' id='line_1_17' title="bbox 494 1598 1156 1674; baseline -0.009 -16"><span class='ocrx_word' id='word_1_50' title='bbox 494 1603 847 1674; x_wconf 81' lang='lat' dir='ltr'>Angelorum</span> <span class='ocrx_word' id='word_1_51' title='bbox 869 1598 1156 1670; x_wconf 73' lang='lat' dir='ltr'>praecipua</span> 
     </span>
    </p>
   </div>
   <div class='ocr_carea' id='block_1_18' title="bbox 491 1665 2375 1766">
    <p class='ocr_par' dir='ltr' id='par_1_18' title="bbox 491 1665 2375 1766">
     <span class='ocr_line' id='line_1_18' title="bbox 491 1665 2375 1766; baseline -0.013 -16"><span class='ocrx_word' id='word_1_52' title='bbox 491 1665 787 1766; x_wconf 67' lang='lat' dir='ltr'>Inquirens</span> <span class='ocrx_word' id='word_1_53' title='bbox 810 1665 1184 1760; x_wconf 43' lang='lat' dir='ltr'>semper—talia</span> <span class='ocrx_word' id='word_1_54' title='bbox 1659 1665 1942 1766; x_wconf 45' lang='lat' dir='ltr'>Ijocfigus,</span> <span class='ocrx_word' id='word_1_55' title='bbox 1971 1671 2150 1766; x_wconf 53' lang='lat' dir='ltr'>atque</span> <span class='ocrx_word' id='word_1_56' title='bbox 2179 1667 2375 1724; x_wconf 89' lang='lat' dir='ltr'>diebus</span> 
     </span>
    </p>
   </div>
   <div class='ocr_carea' id='block_1_19' title="bbox 492 1756 2335 1857">
    <p class='ocr_par' dir='ltr' id='par_1_19' title="bbox 492 1756 2335 1857">
     <span class='ocr_line' id='line_1_19' title="bbox 492 1756 2335 1857; baseline -0.014 -17"><span class='ocrx_word' id='word_1_57' title='bbox 492 1756 742 1857; x_wconf 76' lang='lat' dir='ltr'>Vigilans</span> <span class='ocrx_word' id='word_1_58' title='bbox 768 1783 828 1837; x_wconf 92' lang='lat' dir='ltr'>in</span> <span class='ocrx_word' id='word_1_59' title='bbox 856 1756 1117 1836; x_wconf 77' lang='lat' dir='ltr'>Ecclesia.</span> <span class='ocrx_word' id='word_1_60' title='bbox 1659 1756 1804 1857; x_wconf 48' lang='grc' dir='ltr'>(ἐπεὶῒῖ</span> <span class='ocrx_word' id='word_1_61' title='bbox 1821 1756 2129 1857; x_wconf 41' lang='lat' dir='ltr'>Dominum</span> <span class='ocrx_word' id='word_1_62' title='bbox 2149 1775 2335 1857; x_wconf 71' lang='lat' dir='ltr'>suum,</span> 
     </span>
    </p>
   </div>
   <div class='ocr_carea' id='block_1_20' title="bbox 706 1845 2485 1938">
    <p class='ocr_par' dir='ltr' id='par_1_20' title="bbox 706 1845 2485 1938">
     <span class='ocr_line' id='line_1_20' title="bbox 706 1845 2485 1938; baseline -0.012 -9"><span class='ocrx_word' id='word_1_63' title='bbox 706 1875 886 1938; x_wconf 89' lang='lat' dir='ltr'>Quem</span> <span class='ocrx_word' id='word_1_64' title='bbox 907 1873 1072 1927; x_wconf 89' lang='lat' dir='ltr'>Deus.</span> <span class='ocrx_word' id='word_1_65' title='bbox 1661 1845 1932 1938; x_wconf 54' lang='lat' dir='ltr'>Pmdensy</span> <span class='ocrx_word' id='word_1_66' title='bbox 1954 1846 2257 1938; x_wconf 44' lang='lat' dir='ltr'>jusiuégflc</span> <span class='ocrx_word' id='word_1_67' title='bbox 2283 1848 2485 1920; x_wconf 77' lang='lat' dir='ltr'>ﬁdelis,</span> 
     </span>
    </p>
   </div>
   <div class='ocr_carea' id='block_1_21' title="bbox 567 1957 1450 2030">
    <p class='ocr_par' dir='ltr' id='par_1_21' title="bbox 567 1957 1450 2030">
     <span class='ocr_line' id='line_1_21' title="bbox 567 1957 1450 2030; baseline -0.009 -10"><span class='ocrx_word' id='word_1_68' title='bbox 567 1962 852 2020; x_wconf 85' lang='lat' dir='ltr'>thistum</span> <span class='ocrx_word' id='word_1_69' title='bbox 879 1961 1076 2016; x_wconf 88' lang='lat' dir='ltr'>orabat</span> <span class='ocrx_word' id='word_1_70' title='bbox 1097 1957 1450 2030; x_wconf 79' lang='lat' dir='ltr'>Magistrum.</span> 
     </span>
    </p>
   </div>
   <div class='ocr_carea' id='block_1_22' title="bbox 498 2050 1416 2122">
    <p class='ocr_par' dir='ltr' id='par_1_22' title="bbox 498 2050 1416 2122">
     <span class='ocr_line' id='line_1_22' title="bbox 498 2050 1416 2122; baseline -0.009 -11"><span class='ocrx_word' id='word_1_71' title='bbox 498 2057 804 2112; x_wconf 90' lang='lat' dir='ltr'>Summum</span> <span class='ocrx_word' id='word_1_72' title='bbox 829 2067 1035 2108; x_wconf 88' lang='lat' dir='ltr'>ornans</span> <span class='ocrx_word' id='word_1_73' title='bbox 1059 2050 1416 2122; x_wconf 84' lang='lat' dir='ltr'>obsequium,</span> 
     </span>
    </p>
   </div>
   <div class='ocr_carea' id='block_1_23' title="bbox 495 2139 1206 2213">
    <p class='ocr_par' dir='ltr' id='par_1_23' title="bbox 495 2139 1206 2213">
     <span class='ocr_line' id='line_1_23' title="bbox 495 2139 1206 2213; baseline -0.01 -13"><span class='ocrx_word' id='word_1_74' title='bbox 495 2142 704 2200; x_wconf 87' lang='lat' dir='ltr'>Christi</span> <span class='ocrx_word' id='word_1_75' title='bbox 731 2157 931 2213; x_wconf 89' lang='lat' dir='ltr'>gerens</span> <span class='ocrx_word' id='word_1_76' title='bbox 957 2139 1206 2194; x_wconf 85' lang='lat' dir='ltr'>ofﬁcium</span> 
     </span>
    </p>
   </div>
   <div class='ocr_carea' id='block_1_24' title="bbox 493 2229 1242 2302">
    <p class='ocr_par' dir='ltr' id='par_1_24' title="bbox 493 2229 1242 2302">
     <span class='ocr_line' id='line_1_24' title="bbox 493 2229 1242 2302; baseline -0.008 -14"><span class='ocrx_word' id='word_1_77' title='bbox 493 2235 699 2288; x_wconf 81' lang='lat' dir='ltr'>Actum</span> <span class='ocrx_word' id='word_1_78' title='bbox 724 2247 830 2302; x_wconf 91' lang='lat' dir='ltr'>per</span> <span class='ocrx_word' id='word_1_79' title='bbox 855 2229 1242 2301; x_wconf 89' lang='lat' dir='ltr'>apostolicum.</span> 
     </span>
    </p>
   </div>
   <div class='ocr_carea' id='block_1_25' title="bbox 497 2318 1263 2392">
    <p class='ocr_par' dir='ltr' id='par_1_25' title="bbox 497 2318 1263 2392">
     <span class='ocr_line' id='line_1_25' title="bbox 497 2318 1263 2392; baseline -0.007 -15"><span class='ocrx_word' id='word_1_80' title='bbox 497 2322 676 2392; x_wconf 82' lang='lat' dir='ltr'>Hujus</span> <span class='ocrx_word' id='word_1_81' title='bbox 701 2335 940 2391; x_wconf 91' lang='lat' dir='ltr'>sequens</span> <span class='ocrx_word' id='word_1_82' title='bbox 961 2318 1263 2389; x_wconf 80' lang='lat' dir='ltr'>vestigium</span> 
     </span>
    </p>
   </div>
   <div class='ocr_carea' id='block_1_26' title="bbox 494 2408 1187 2467">
    <p class='ocr_par' dir='ltr' id='par_1_26' title="bbox 494 2408 1187 2467">
     <span class='ocr_line' id='line_1_26' title="bbox 494 2408 1187 2467; baseline -0.006 -1"><span class='ocrx_word' id='word_1_83' title='bbox 494 2413 712 2467; x_wconf 90' lang='lat' dir='ltr'>Ducens</span> <span class='ocrx_word' id='word_1_84' title='bbox 741 2411 854 2466; x_wconf 91' lang='lat' dir='ltr'>Deo</span> <span class='ocrx_word' id='word_1_85' title='bbox 880 2408 1187 2464; x_wconf 84' lang='lat' dir='ltr'>exercitum</span> 
     </span>
    </p>
   </div>
   <div class='ocr_carea' id='block_1_27' title="bbox 499 2499 1248 2558">
    <p class='ocr_par' dir='ltr' id='par_1_27' title="bbox 499 2499 1248 2558">
     <span class='ocr_line' id='line_1_27' title="bbox 499 2499 1248 2558; baseline -0.007 0"><span class='ocrx_word' id='word_1_86' title='bbox 499 2505 564 2558; x_wconf 87' lang='lat' dir='ltr'>In</span> <span class='ocrx_word' id='word_1_87' title='bbox 589 2506 843 2558; x_wconf 90' lang='lat' dir='ltr'>sanctum</span> <span class='ocrx_word' id='word_1_88' title='bbox 867 2499 1248 2556; x_wconf 83' lang='lat' dir='ltr'>habitaculum</span> 
     </span>
    </p>
   </div>
   <div class='ocr_carea' id='block_1_28' title="bbox 495 2590 1191 2648">
    <p class='ocr_par' dir='ltr' id='par_1_28' title="bbox 495 2590 1191 2648">
     <span class='ocr_line' id='line_1_28' title="bbox 495 2590 1191 2648; baseline -0.006 0"><span class='ocrx_word' id='word_1_89' title='bbox 495 2591 782 2648; x_wconf 83' lang='lat' dir='ltr'>Trinitatis</span> <span class='ocrx_word' id='word_1_90' title='bbox 805 2590 1191 2646; x_wconf 89' lang='lat' dir='ltr'>lectissimum.</span> 
     </span>
    </p>
   </div>
   <div class='ocr_carea' id='block_1_29' title="bbox 707 2681 1056 2752">
    <p class='ocr_par' dir='ltr' id='par_1_29' title="bbox 707 2681 1056 2752">
     <span class='ocr_line' id='line_1_29' title="bbox 707 2681 1056 2752; baseline 0 -16"><span class='ocrx_word' id='word_1_91' title='bbox 707 2681 791 2736; x_wconf 94' lang='lat' dir='ltr'>Ab</span> <span class='ocrx_word' id='word_1_92' title='bbox 819 2681 1056 2752; x_wconf 85' lang='lat' dir='ltr'>angelis.</span> 
     </span>
    </p>
   </div>
   <div class='ocr_carea' id='block_1_30' title="bbox 567 2769 1400 2842">
    <p class='ocr_par' dir='ltr' id='par_1_30' title="bbox 567 2769 1400 2842">
     <span class='ocr_line' id='line_1_30' title="bbox 567 2769 1400 2842; baseline -0.002 -17"><span class='ocrx_word' id='word_1_93' title='bbox 567 2772 854 2842; x_wconf 72' lang='lat' dir='ltr'>Dymnum</span> <span class='ocrx_word' id='word_1_94' title='bbox 884 2771 999 2824; x_wconf 89' lang='lat' dir='ltr'>Deo</span> <span class='ocrx_word' id='word_1_95' title='bbox 1027 2785 1158 2826; x_wconf 89' lang='lat' dir='ltr'>cum</span> <span class='ocrx_word' id='word_1_96' title='bbox 1185 2769 1400 2824; x_wconf 88' lang='lat' dir='ltr'>cantico</span> 
     </span>
    </p>
   </div>
   <div class='ocr_carea' id='block_1_31' title="bbox 500 2859 1152 2929">
    <p class='ocr_par' dir='ltr' id='par_1_31' title="bbox 500 2859 1152 2929">
     <span class='ocr_line' id='line_1_31' title="bbox 500 2859 1152 2929; baseline -0.002 -14"><span class='ocrx_word' id='word_1_97' title='bbox 500 2859 827 2915; x_wconf 89' lang='lat' dir='ltr'>lmmolabat</span> <span class='ocrx_word' id='word_1_98' title='bbox 851 2859 1152 2929; x_wconf 90' lang='lat' dir='ltr'>Altissimo,</span> 
     </span>
    </p>
   </div>
   <div class='ocr_carea' id='block_1_32' title="bbox 497 2949 1053 3005">
    <p class='ocr_par' dir='ltr' id='par_1_32' title="bbox 497 2949 1053 3005">
     <span class='ocr_line' id='line_1_32' title="bbox 497 2949 1053 3005; baseline -0.004 -1"><span class='ocrx_word' id='word_1_99' title='bbox 497 2949 616 3005; x_wconf 87' lang='lat' dir='ltr'>Diei</span> <span class='ocrx_word' id='word_1_100' title='bbox 641 2949 821 3004; x_wconf 90' lang='lat' dir='ltr'>noctis</span> <span class='ocrx_word' id='word_1_101' title='bbox 847 2949 1053 3003; x_wconf 88' lang='lat' dir='ltr'>circulo</span> 
     </span>
    </p>
   </div>
   <div class='ocr_carea' id='block_1_33' title="bbox 497 3036 1351 3110">
    <p class='ocr_par' dir='ltr' id='par_1_33' title="bbox 497 3036 1351 3110">
     <span class='ocr_line' id='line_1_33' title="bbox 497 3036 1351 3110; baseline -0.006 -13"><span class='ocrx_word' id='word_1_102' title='bbox 497 3042 674 3097; x_wconf 88' lang='lat' dir='ltr'>Orans</span> <span class='ocrx_word' id='word_1_103' title='bbox 703 3054 854 3110; x_wconf 82' lang='lat' dir='ltr'>saepe</span> <span class='ocrx_word' id='word_1_104' title='bbox 885 3054 1014 3092; x_wconf 90' lang='lat' dir='ltr'>cum</span> <span class='ocrx_word' id='word_1_105' title='bbox 1041 3036 1351 3108; x_wconf 90' lang='lat' dir='ltr'>triumpho,</span> 
     </span>
    </p>
   </div>
   <div class='ocr_carea' id='block_1_34' title="bbox 497 3127 1320 3185">
    <p class='ocr_par' dir='ltr' id='par_1_34' title="bbox 497 3127 1320 3185">
     <span class='ocr_line' id='line_1_34' title="bbox 497 3127 1320 3185; baseline -0.004 0"><span class='ocrx_word' id='word_1_106' title='bbox 497 3132 658 3185; x_wconf 88' lang='lat' dir='ltr'>Nunc</span> <span class='ocrx_word' id='word_1_107' title='bbox 681 3127 925 3183; x_wconf 83' lang='lat' dir='ltr'>cantavit</span> <span class='ocrx_word' id='word_1_108' title='bbox 949 3127 1320 3182; x_wconf 88' lang='lat' dir='ltr'>sub-numero</span> 
     </span>
    </p>
   </div>
   <div class='ocr_carea' id='block_1_35' title="bbox 500 3217 1292 3274">
    <p class='ocr_par' dir='ltr' id='par_1_35' title="bbox 500 3217 1292 3274">
     <span class='ocr_line' id='line_1_35' title="bbox 500 3217 1292 3274; baseline -0.001 -1"><span class='ocrx_word' id='word_1_109' title='bbox 500 3217 792 3274; x_wconf 90' lang='lat' dir='ltr'>Canticum</span> <span class='ocrx_word' id='word_1_110' title='bbox 816 3232 1028 3272; x_wconf 91' lang='lat' dir='ltr'>novum</span> <span class='ocrx_word' id='word_1_111' title='bbox 1053 3217 1292 3272; x_wconf 92' lang='lat' dir='ltr'>Domino</span> 
     </span>
    </p>
   </div>
   <div class='ocr_carea' id='block_1_36' title="bbox 500 3305 1214 3376">
    <p class='ocr_par' dir='ltr' id='par_1_36' title="bbox 500 3305 1214 3376">
     <span class='ocr_line' id='line_1_36' title="bbox 500 3305 1214 3376; baseline -0.004 -14"><span class='ocrx_word' id='word_1_112' title='bbox 500 3309 732 3362; x_wconf 72' lang='lat' dir='ltr'>Iunctus</span> <span class='ocrx_word' id='word_1_113' title='bbox 761 3305 931 3362; x_wconf 92' lang='lat' dir='ltr'>choro</span> <span class='ocrx_word' id='word_1_114' title='bbox 959 3305 1214 3376; x_wconf 88' lang='lat' dir='ltr'>angelico</span> 
     </span>
    </p>
   </div>
   <div class='ocr_carea' id='block_1_37' title="bbox 501 3394 1256 3466">
    <p class='ocr_par' dir='ltr' id='par_1_37' title="bbox 501 3394 1256 3466">
     <span class='ocr_line' id='line_1_37' title="bbox 501 3394 1256 3466; baseline -0.001 -16"><span class='ocrx_word' id='word_1_115' title='bbox 501 3396 733 3452; x_wconf 92' lang='lat' dir='ltr'>Summo</span> <span class='ocrx_word' id='word_1_116' title='bbox 755 3395 958 3450; x_wconf 88' lang='lat' dir='ltr'>sanctis</span> <span class='ocrx_word' id='word_1_117' title='bbox 981 3395 1040 3449; x_wconf 93' lang='lat' dir='ltr'>in</span> <span class='ocrx_word' id='word_1_118' title='bbox 1053 3394 1256 3466; x_wconf 85' lang='lat' dir='ltr'>jubilo.</span> 
     </span>
    </p>
   </div>
   <div class='ocr_carea' id='block_1_38' title="bbox 712 3485 1078 3549">
    <p class='ocr_par' dir='ltr' id='par_1_38' title="bbox 712 3485 1078 3549">
     <span class='ocr_line' id='line_1_38' title="bbox 712 3485 1078 3549; baseline 0 -9"><span class='ocrx_word' id='word_1_119' title='bbox 712 3485 890 3549; x_wconf 87' lang='lat' dir='ltr'>Quem</span> <span class='ocrx_word' id='word_1_120' title='bbox 914 3485 1078 3540; x_wconf 90' lang='lat' dir='ltr'>Deus.</span> 
     </span>
    </p>
   </div>
   <div class='ocr_carea' id='block_1_39' title="bbox 571 3582 1230 3654">
    <p class='ocr_par' dir='ltr' id='par_1_39' title="bbox 571 3582 1230 3654">
     <span class='ocr_line' id='line_1_39' title="bbox 571 3582 1230 3654; baseline -0.002 -15"><span class='ocrx_word' id='word_1_121' title='bbox 571 3585 718 3639; x_wconf 90' lang='lat' dir='ltr'>Zona</span> <span class='ocrx_word' id='word_1_122' title='bbox 741 3583 952 3638; x_wconf 88' lang='lat' dir='ltr'>cinctus</span> <span class='ocrx_word' id='word_1_123' title='bbox 975 3582 1230 3654; x_wconf 81' lang='lat' dir='ltr'>justitiee,</span> 
     </span>
    </p>
   </div>
   <div class='ocr_carea' id='block_1_40' title="bbox 500 3672 1041 3742">
    <p class='ocr_par' dir='ltr' id='par_1_40' title="bbox 500 3672 1041 3742">
     <span class='ocr_line' id='line_1_40' title="bbox 500 3672 1041 3742; baseline -0.007 -11"><span class='ocrx_word' id='word_1_124' title='bbox 500 3673 778 3732; x_wconf 88' lang='lat' dir='ltr'>Castitatis</span> <span class='ocrx_word' id='word_1_125' title='bbox 799 3672 1041 3742; x_wconf 77' lang='lat' dir='ltr'>eximiae,</span> 
     </span>
    </p>
   </div>
   <div class='ocr_carea' id='block_1_41' title="bbox 501 3764 1238 3836">
    <p class='ocr_par' dir='ltr' id='par_1_41' title="bbox 501 3764 1238 3836">
     <span class='ocr_line' id='line_1_41' title="bbox 501 3764 1238 3836; baseline -0.001 -15"><span class='ocrx_word' id='word_1_126' title='bbox 501 3766 704 3822; x_wconf 85' lang='lat' dir='ltr'>Mundo</span> <span class='ocrx_word' id='word_1_127' title='bbox 729 3767 958 3836; x_wconf 90' lang='lat' dir='ltr'>opertus</span> <span class='ocrx_word' id='word_1_128' title='bbox 984 3764 1238 3834; x_wconf 87' lang='lat' dir='ltr'>sindone,</span> 
     </span>
    </p>
   </div>
   <div class='ocr_carea' id='block_1_42' title="bbox 505 3852 1142 3926">
    <p class='ocr_par' dir='ltr' id='par_1_42' title="bbox 505 3852 1142 3926">
     <span class='ocr_line' id='line_1_42' title="bbox 505 3852 1142 3926; baseline -0.003 -16"><span class='ocrx_word' id='word_1_129' title='bbox 505 3857 568 3910; x_wconf 90' lang='lat' dir='ltr'>In</span> <span class='ocrx_word' id='word_1_130' title='bbox 592 3855 754 3926; x_wconf 90' lang='lat' dir='ltr'>signo</span> <span class='ocrx_word' id='word_1_131' title='bbox 778 3852 1142 3924; x_wconf 85' lang='lat' dir='ltr'>castimoniae,</span> 
     </span>
    </p>
   </div>
   <div class='ocr_carea' id='block_1_43' title="bbox 503 3942 1068 4000">
    <p class='ocr_par' dir='ltr' id='par_1_43' title="bbox 503 3942 1068 4000">
     <span class='ocr_line' id='line_1_43' title="bbox 503 3942 1068 4000; baseline -0.009 0"><span class='ocrx_word' id='word_1_132' title='bbox 503 3943 836 4000; x_wconf 78' lang='lat' dir='ltr'>Fceminalia</span> <span class='ocrx_word' id='word_1_133' title='bbox 863 3942 1068 3996; x_wconf 75' lang='lat' dir='ltr'>lucidze</span> 
     </span>
    </p>
   </div>
   <div class='ocr_carea' id='block_1_44' title="bbox 503 4031 1206 4100">
    <p class='ocr_par' dir='ltr' id='par_1_44' title="bbox 503 4031 1206 4100">
     <span class='ocr_line' id='line_1_44' title="bbox 503 4031 1206 4100; baseline -0.006 -10"><span class='ocrx_word' id='word_1_134' title='bbox 503 4034 726 4090; x_wconf 85' lang='lat' dir='ltr'>Habens</span> <span class='ocrx_word' id='word_1_135' title='bbox 747 4035 865 4087; x_wconf 90' lang='lat' dir='ltr'>toto</span> <span class='ocrx_word' id='word_1_136' title='bbox 887 4047 956 4086; x_wconf 84' lang='lat' dir='ltr'>ex</span> <span class='ocrx_word' id='word_1_137' title='bbox 979 4031 1206 4100; x_wconf 85' lang='lat' dir='ltr'>viscere,</span> 
     </span>
    </p>
   </div>
   <div class='ocr_carea' id='block_1_45' title="bbox 1737 2837 2230 2909">
    <p class='ocr_par' dir='ltr' id='par_1_45' title="bbox 1737 2837 2230 2909">
     <span class='ocr_line' id='line_1_45' title="bbox 1737 2837 2230 2909; baseline 0.006 -17"><span class='ocrx_word' id='word_1_138' title='bbox 1737 2839 1865 2892; x_wconf 87' lang='lat' dir='ltr'>Esto</span> <span class='ocrx_word' id='word_1_139' title='bbox 1889 2837 2053 2892; x_wconf 90' lang='lat' dir='ltr'>nobis</span> <span class='ocrx_word' id='word_1_140' title='bbox 2073 2843 2230 2909; x_wconf 90' lang='lat' dir='ltr'>prote</span> 
     </span>
    </p>
   </div>
   <div class='ocr_carea' id='block_1_46' title="bbox 1666 3107 2234 3175">
    <p class='ocr_par' dir='ltr' id='par_1_46' title="bbox 1666 3107 2234 3175">
     <span class='ocr_line' id='line_1_46' title="bbox 1666 3107 2234 3175; baseline 0.005 -15"><span class='ocrx_word' id='word_1_141' title='bbox 1666 3107 1917 3175; x_wconf 88' lang='lat' dir='ltr'>sericors,</span> <span class='ocrx_word' id='word_1_142' title='bbox 1947 3113 2002 3162; x_wconf 89' lang='lat' dir='ltr'>et</span> <span class='ocrx_word' id='word_1_143' title='bbox 2027 3109 2234 3163; x_wconf 76' lang='lat' dir='ltr'>auxilia</span> 
     </span>
    </p>
   </div>
   <div class='ocr_carea' id='block_1_47' title="bbox 1669 3737 2236 3809">
    <p class='ocr_par' dir='ltr' id='par_1_47' title="bbox 1669 3737 2236 3809">
     <span class='ocr_line' id='line_1_47' title="bbox 1669 3737 2236 3809; baseline 0.005 -19"><span class='ocrx_word' id='word_1_144' title='bbox 1669 3741 1800 3792; x_wconf 63' lang='lat' dir='ltr'>strue</span> <span class='ocrx_word' id='word_1_145' title='bbox 1824 3737 1953 3792; x_wconf 66' lang='lat' dir='ltr'>vitae</span> <span class='ocrx_word' id='word_1_146' title='bbox 1980 3743 2236 3809; x_wconf 88' lang='lat' dir='ltr'>tempore</span> 
     </span>
    </p>
   </div>
   <div class='ocr_carea' id='block_1_48' title="bbox 508 4123 1231 4192">
    <p class='ocr_par' dir='ltr' id='par_1_48' title="bbox 508 4123 1231 4192">
     <span class='ocr_line' id='line_1_48' title="bbox 508 4123 1231 4192; baseline -0.006 -14"><span class='ocrx_word' id='word_1_147' title='bbox 508 4123 680 4192; x_wconf 76' lang='lat' dir='ltr'>Cuius</span> <span class='ocrx_word' id='word_1_148' title='bbox 706 4124 898 4175; x_wconf 90' lang='lat' dir='ltr'>sancto</span> <span class='ocrx_word' id='word_1_149' title='bbox 925 4135 1029 4192; x_wconf 88' lang='lat' dir='ltr'>pro</span> <span class='ocrx_word' id='word_1_150' title='bbox 1059 4135 1231 4191; x_wconf 89' lang='lat' dir='ltr'>opere</span> 
     </span>
    </p>
   </div>
   <div class='ocr_carea' id='block_1_49' title="bbox 505 4210 1345 4283">
    <p class='ocr_par' dir='ltr' id='par_1_49' title="bbox 505 4210 1345 4283">
     <span class='ocr_line' id='line_1_49' title="bbox 505 4210 1345 4283; baseline 0 -15"><span class='ocrx_word' id='word_1_151' title='bbox 505 4211 793 4268; x_wconf 83' lang='lat' dir='ltr'>Reddetur</span> <span class='ocrx_word' id='word_1_152' title='bbox 816 4210 1017 4265; x_wconf 89' lang='lat' dir='ltr'>mercis</span> <span class='ocrx_word' id='word_1_153' title='bbox 1043 4211 1345 4283; x_wconf 88' lang='lat' dir='ltr'>condigne.</span> 
     </span>
    </p>
   </div>
   <div class='ocr_carea' id='block_1_50' title="bbox 719 4301 1434 4365">
    <p class='ocr_par' dir='ltr' id='par_1_50' title="bbox 719 4301 1434 4365">
     <span class='ocr_line' id='line_1_50' title="bbox 719 4301 1434 4365; baseline 0.004 -10"><span class='ocrx_word' id='word_1_154' title='bbox 719 4301 900 4365; x_wconf 88' lang='lat' dir='ltr'>Quem</span> <span class='ocrx_word' id='word_1_155' title='bbox 926 4302 1070 4356; x_wconf 91' lang='lat' dir='ltr'>Deus</span> <span class='ocrx_word' id='word_1_156' title='bbox 1095 4301 1166 4356; x_wconf 88' lang='lat' dir='ltr'>ad</span> <span class='ocrx_word' id='word_1_157' title='bbox 1195 4303 1434 4360; x_wconf 67' lang='lat' dir='ltr'>aetherea</span> 
     </span>
    </p>
   </div>
   <div class='ocr_carea' id='block_1_51' title="bbox 652 4389 1299 4462">
    <p class='ocr_par' dir='ltr' id='par_1_51' title="bbox 652 4389 1299 4462">
     <span class='ocr_line' id='line_1_51' title="bbox 652 4389 1299 4462; baseline 0.003 -18"><span class='ocrx_word' id='word_1_158' title='bbox 652 4389 931 4445; x_wconf 78' lang='lat' dir='ltr'>Conduxit</span> <span class='ocrx_word' id='word_1_159' title='bbox 957 4389 1299 4462; x_wconf 87' lang='lat' dir='ltr'>habitacula,</span> 
     </span>
    </p>
   </div>
   <div class='ocr_carea' id='block_1_52' title="bbox 718 4479 1362 4552">
    <p class='ocr_par' dir='ltr' id='par_1_52' title="bbox 718 4479 1362 4552">
     <span class='ocr_line' id='line_1_52' title="bbox 718 4479 1362 4552; baseline 0.006 -19"><span class='ocrx_word' id='word_1_160' title='bbox 718 4479 802 4534; x_wconf 87' lang='lat' dir='ltr'>Ab</span> <span class='ocrx_word' id='word_1_161' title='bbox 826 4479 1041 4552; x_wconf 84' lang='lat' dir='ltr'>angelis</span> <span class='ocrx_word' id='word_1_162' title='bbox 1065 4481 1362 4550; x_wconf 90' lang='lat' dir='ltr'>custodita,</span> 
     </span>
    </p>
   </div>
   <div class='ocr_carea' id='block_1_53' title="bbox 650 4569 1361 4626">
    <p class='ocr_par' dir='ltr' id='par_1_53' title="bbox 650 4569 1361 4626">
     <span class='ocr_line' id='line_1_53' title="bbox 650 4569 1361 4626; baseline 0.001 -2"><span class='ocrx_word' id='word_1_163' title='bbox 650 4571 1022 4624; x_wconf 88' lang='lat' dir='ltr'>Permansura</span> <span class='ocrx_word' id='word_1_164' title='bbox 1051 4569 1113 4624; x_wconf 91' lang='lat' dir='ltr'>in</span> <span class='ocrx_word' id='word_1_165' title='bbox 1139 4571 1361 4626; x_wconf 66' lang='lat' dir='ltr'>saecula.</span> 
     </span>
    </p>
   </div>
   <div class='ocr_carea' id='block_1_54' title="bbox 579 4657 1578 4716">
    <p class='ocr_par' dir='ltr' id='par_1_54' title="bbox 579 4657 1578 4716">
     <span class='ocr_line' id='line_1_54' title="bbox 579 4657 1578 4716; baseline 0.003 -2"><span class='ocrx_word' id='word_1_166' title='bbox 579 4661 684 4714; x_wconf 89' lang='lat' dir='ltr'>Per</span> <span class='ocrx_word' id='word_1_167' title='bbox 733 4657 940 4713; x_wconf 88' lang='lat' dir='ltr'>merita</span> <span class='ocrx_word' id='word_1_168' title='bbox 973 4661 1030 4713; x_wconf 89' lang='lat' dir='ltr'>et</span> <span class='ocrx_word' id='word_1_169' title='bbox 1078 4659 1356 4716; x_wconf 89' lang='lat' dir='ltr'>orationes</span> <span class='ocrx_word' id='word_1_170' title='bbox 1403 4663 1578 4716; x_wconf 87' lang='lat' dir='ltr'>sancti</span> 
     </span>
    </p>
   </div>
   <div class='ocr_carea' id='block_1_55' title="bbox 510 4747 1576 4820">
    <p class='ocr_par' dir='ltr' id='par_1_55' title="bbox 510 4747 1576 4820">
     <span class='ocr_line' id='line_1_55' title="bbox 510 4747 1576 4820; baseline 0.001 -16"><span class='ocrx_word' id='word_1_171' title='bbox 510 4747 772 4820; x_wconf 85' lang='lat' dir='ltr'>Comgilli</span> <span class='ocrx_word' id='word_1_172' title='bbox 799 4747 1010 4803; x_wconf 88' lang='lat' dir='ltr'>abbatis</span> <span class='ocrx_word' id='word_1_173' title='bbox 1022 4749 1228 4805; x_wconf 86' lang='lat' dir='ltr'>nostris</span> <span class='ocrx_word' id='word_1_174' title='bbox 1247 4766 1444 4806; x_wconf 89' lang='lat' dir='ltr'>omnes</span> <span class='ocrx_word' id='word_1_175' title='bbox 1455 4767 1576 4819; x_wconf 89' lang='lat' dir='ltr'>nos,</span> 
     </span>
    </p>
   </div>
   <div class='ocr_carea' id='block_1_56' title="bbox 508 4835 1408 4910">
    <p class='ocr_par' dir='ltr' id='par_1_56' title="bbox 508 4835 1408 4910">
     <span class='ocr_line' id='line_1_56' title="bbox 508 4835 1408 4910; baseline 0.003 -19"><span class='ocrx_word' id='word_1_176' title='bbox 508 4836 766 4908; x_wconf 90' lang='lat' dir='ltr'>Domine,</span> <span class='ocrx_word' id='word_1_177' title='bbox 797 4835 858 4892; x_wconf 91' lang='lat' dir='ltr'>in</span> <span class='ocrx_word' id='word_1_178' title='bbox 885 4841 986 4892; x_wconf 86' lang='lat' dir='ltr'>tua</span> <span class='ocrx_word' id='word_1_179' title='bbox 1009 4853 1144 4910; x_wconf 88' lang='lat' dir='ltr'>pace</span> <span class='ocrx_word' id='word_1_180' title='bbox 1169 4837 1408 4894; x_wconf 85' lang='lat' dir='ltr'>custodi.</span> 
     </span>
    </p>
   </div>
   <div class='ocr_carea' id='block_1_57' title="bbox 1677 4839 2036 4913">
    <p class='ocr_par' dir='ltr' id='par_1_57' title="bbox 1677 4839 2036 4913">
     <span class='ocr_line' id='line_1_57' title="bbox 1677 4839 2036 4913; baseline 0.008 -19"><span class='ocrx_word' id='word_1_181' title='bbox 1677 4839 1782 4905; x_wconf 92' lang='lat' dir='ltr'>Qui</span> <span class='ocrx_word' id='word_1_182' title='bbox 1811 4856 2036 4913; x_wconf 89' lang='lat' dir='ltr'>regnas.</span> 
     </span>
    </p>
   </div>
   <div class='ocr_carea' id='block_1_58' title="bbox 1041 5037 1616 5095">
    <p class='ocr_par' dir='ltr' id='par_1_58' title="bbox 1041 5037 1616 5095">
     <span class='ocr_line' id='line_1_58' title="bbox 1041 5037 1616 5095; baseline 0.003 -3"><span class='ocrx_word' id='word_1_183' title='bbox 1041 5039 1174 5092; x_wconf 86' lang='lat' dir='ltr'>Item</span> <span class='ocrx_word' id='word_1_184' title='bbox 1201 5037 1278 5092; x_wconf 88' lang='lat' dir='ltr'>ad</span> <span class='ocrx_word' id='word_1_185' title='bbox 1299 5038 1616 5095; x_wconf 83' lang='lat' dir='ltr'>Secundam.</span> 
     </span>
    </p>
   </div>
   <div class='ocr_carea' id='block_1_59' title="bbox 582 5132 2140 5210">
    <p class='ocr_par' dir='ltr' id='par_1_59' title="bbox 582 5132 2140 5210">
     <span class='ocr_line' id='line_1_59' title="bbox 582 5132 2140 5210; baseline 0.007 -24"><span class='ocrx_word' id='word_1_186' title='bbox 582 5132 796 5188; x_wconf 85' lang='lat' dir='ltr'>Exaudi</span> <span class='ocrx_word' id='word_1_187' title='bbox 827 5149 952 5200; x_wconf 90' lang='lat' dir='ltr'>nos,</span> <span class='ocrx_word' id='word_1_188' title='bbox 977 5135 1230 5205; x_wconf 88' lang='lat' dir='ltr'>Domine,</span> <span class='ocrx_word' id='word_1_189' title='bbox 1277 5136 1558 5207; x_wconf 86' lang='lat' dir='ltr'>supplices</span> <span class='ocrx_word' id='word_1_190' title='bbox 1599 5139 1746 5208; x_wconf 88' lang='lat' dir='ltr'>tuos,</span> <span class='ocrx_word' id='word_1_191' title='bbox 1794 5138 1892 5210; x_wconf 87' lang='lat' dir='ltr'>qui</span> <span class='ocrx_word' id='word_1_192' title='bbox 1927 5138 1987 5195; x_wconf 90' lang='lat' dir='ltr'>in</span> <span class='ocrx_word' id='word_1_193' title='bbox 2035 5141 2140 5198; x_wconf 89' lang='lat' dir='ltr'>hac</span> 
     </span>
    </p>
   </div>
   <div class='ocr_carea' id='block_1_60' title="bbox 513 5225 2139 5314">
    <p class='ocr_par' dir='ltr' id='par_1_60' title="bbox 513 5225 2139 5314">
     <span class='ocr_line' id='line_1_60' title="bbox 513 5225 2139 5314; baseline 0.007 -35"><span class='ocrx_word' id='word_1_194' title='bbox 513 5225 654 5280; x_wconf 87' lang='lat' dir='ltr'>hora</span> <span class='ocrx_word' id='word_1_195' title='bbox 675 5225 864 5296; x_wconf 89' lang='lat' dir='ltr'>prima</span> <span class='ocrx_word' id='word_1_196' title='bbox 890 5227 999 5282; x_wconf 89' lang='lat' dir='ltr'>diei</span> <span class='ocrx_word' id='word_1_197' title='bbox 1037 5228 1334 5284; x_wconf 87' lang='lat' dir='ltr'>referimus</span> <span class='ocrx_word' id='word_1_198' title='bbox 1364 5229 1467 5285; x_wconf 86' lang='lat' dir='ltr'>tibi</span> <span class='ocrx_word' id='word_1_199' title='bbox 1509 5230 1716 5302; x_wconf 87' lang='lat' dir='ltr'>gratias</span> <span class='ocrx_word' id='word_1_200' title='bbox 1749 5233 1985 5314; x_wconf 84' lang='lat' dir='ltr'>Domino</span> <span class='ocrx_word' id='word_1_201' title='bbox 2027 5235 2139 5290; x_wconf 93' lang='lat' dir='ltr'>Deo</span> 
     </span>
    </p>
   </div>
   <div class='ocr_carea' id='block_1_61' title="bbox 511 5319 2142 5398">
    <p class='ocr_par' dir='ltr' id='par_1_61' title="bbox 511 5319 2142 5398">
     <span class='ocr_line' id='line_1_61' title="bbox 511 5319 2142 5398; baseline 0.007 -26"><span class='ocrx_word' id='word_1_202' title='bbox 511 5321 718 5385; x_wconf 86' lang='lat' dir='ltr'>nostro,</span> <span class='ocrx_word' id='word_1_203' title='bbox 774 5319 874 5390; x_wconf 90' lang='lat' dir='ltr'>qui</span> <span class='ocrx_word' id='word_1_204' title='bbox 917 5336 1016 5374; x_wconf 90' lang='lat' dir='ltr'>nos</span> <span class='ocrx_word' id='word_1_205' title='bbox 1049 5323 1338 5379; x_wconf 85' lang='lat' dir='ltr'>redemisti</span> <span class='ocrx_word' id='word_1_206' title='bbox 1376 5328 1474 5379; x_wconf 92' lang='lat' dir='ltr'>tuo</span> <span class='ocrx_word' id='word_1_207' title='bbox 1515 5328 1704 5380; x_wconf 87' lang='lat' dir='ltr'>sancto</span> <span class='ocrx_word' id='word_1_208' title='bbox 1751 5327 2046 5398; x_wconf 88' lang='lat' dir='ltr'>sanguine,</span> <span class='ocrx_word' id='word_1_209' title='bbox 2077 5333 2142 5384; x_wconf 90' lang='lat' dir='ltr'>ut</span> 
     </span>
    </p>
   </div>
   <div class='ocr_carea' id='block_1_62' title="bbox 513 5413 2140 5490">
    <p class='ocr_par' dir='ltr' id='par_1_62' title="bbox 513 5413 2140 5490">
     <span class='ocr_line' id='line_1_62' title="bbox 513 5413 2140 5490; baseline 0.007 -25"><span class='ocrx_word' id='word_1_210' title='bbox 513 5427 706 5480; x_wconf 87' lang='lat' dir='ltr'>preces</span> <span class='ocrx_word' id='word_1_211' title='bbox 743 5428 810 5469; x_wconf 87' lang='lat' dir='ltr'>ac</span> <span class='ocrx_word' id='word_1_212' title='bbox 853 5413 1150 5484; x_wconf 86' lang='lat' dir='ltr'>petitiones</span> <span class='ocrx_word' id='word_1_213' title='bbox 1199 5422 1417 5472; x_wconf 90' lang='lat' dir='ltr'>nostras</span> <span class='ocrx_word' id='word_1_214' title='bbox 1463 5417 1581 5474; x_wconf 88' lang='lat' dir='ltr'>vice</span> <span class='ocrx_word' id='word_1_215' title='bbox 1620 5418 2000 5490; x_wconf 89' lang='lat' dir='ltr'>primitiarum</span> <span class='ocrx_word' id='word_1_216' title='bbox 2037 5421 2140 5477; x_wconf 88' lang='lat' dir='ltr'>tibi</span> 
     </span>
    </p>
   </div>
   <div class='ocr_carea' id='block_1_63' title="bbox 521 5503 1987 5585">
    <p class='ocr_par' dir='ltr' id='par_1_63' title="bbox 521 5503 1987 5585">
     <span class='ocr_line' id='line_1_63' title="bbox 521 5503 1987 5585; baseline 0.007 -26"><span class='ocrx_word' id='word_1_217' title='bbox 521 5503 728 5560; x_wconf 89' lang='lat' dir='ltr'>oblatas</span> <span class='ocrx_word' id='word_1_218' title='bbox 751 5505 844 5578; x_wconf 87' lang='lat' dir='ltr'>pie</span> <span class='ocrx_word' id='word_1_219' title='bbox 873 5507 1290 5580; x_wconf 86' lang='lat' dir='ltr'>clementerque</span> <span class='ocrx_word' id='word_1_220' title='bbox 1317 5510 1605 5584; x_wconf 87' lang='lat' dir='ltr'>suscipias.</span> <span class='ocrx_word' id='word_1_221' title='bbox 1635 5511 1738 5577; x_wconf 87' lang='lat' dir='ltr'>Qui</span> <span class='ocrx_word' id='word_1_222' title='bbox 1766 5529 1987 5585; x_wconf 87' lang='lat' dir='ltr'>regnas.</span> 
     </span>
    </p>
   </div>
   <div class='ocr_carea' id='block_1_64' title="bbox 1037 5621 1626 5678">
    <p class='ocr_par' dir='ltr' id='par_1_64' title="bbox 1037 5621 1626 5678">
     <span class='ocr_line' id='line_1_64' title="bbox 1037 5621 1626 5678; baseline 0.003 -2"><span class='ocrx_word' id='word_1_223' title='bbox 1037 5621 1128 5676; x_wconf 82' lang='lat' dir='ltr'>Ad</span> <span class='ocrx_word' id='word_1_224' title='bbox 1153 5621 1342 5674; x_wconf 82' lang='lat' dir='ltr'>horam</span> <span class='ocrx_word' id='word_1_225' title='bbox 1371 5625 1626 5678; x_wconf 79' lang='lat' dir='ltr'>Tertiam.</span> 
     </span>
    </p>
   </div>
   <div class='ocr_carea' id='block_1_65' title="bbox 584 5715 2140 5795">
    <p class='ocr_par' dir='ltr' id='par_1_65' title="bbox 584 5715 2140 5795">
     <span class='ocr_line' id='line_1_65' title="bbox 584 5715 2140 5795; baseline 0.004 -23"><span class='ocrx_word' id='word_1_226' title='bbox 584 5715 702 5772; x_wconf 88' lang='lat' dir='ltr'>Tibi</span> <span class='ocrx_word' id='word_1_227' title='bbox 729 5716 995 5774; x_wconf 81' lang='lat' dir='ltr'>subnexis</span> <span class='ocrx_word' id='word_1_228' title='bbox 1023 5715 1284 5788; x_wconf 89' lang='lat' dir='ltr'>precibus</span> <span class='ocrx_word' id='word_1_229' title='bbox 1311 5719 1531 5774; x_wconf 87' lang='lat' dir='ltr'>Christo</span> <span class='ocrx_word' id='word_1_230' title='bbox 1571 5719 1811 5776; x_wconf 88' lang='lat' dir='ltr'>Domino</span> <span class='ocrx_word' id='word_1_231' title='bbox 1861 5723 2140 5795; x_wconf 88' lang='lat' dir='ltr'>supplica-</span> 
     </span>
    </p>
   </div>
   <div class='ocr_carea' id='block_1_66' title="bbox 514 5809 2140 5889">
    <p class='ocr_par' dir='ltr' id='par_1_66' title="bbox 514 5809 2140 5889">
     <span class='ocr_line' id='line_1_66' title="bbox 514 5809 2140 5889; baseline 0.006 -25"><span class='ocrx_word' id='word_1_232' title='bbox 514 5827 660 5880; x_wconf 90' lang='lat' dir='ltr'>mus,</span> <span class='ocrx_word' id='word_1_233' title='bbox 688 5810 788 5883; x_wconf 86' lang='lat' dir='ltr'>qui</span> <span class='ocrx_word' id='word_1_234' title='bbox 813 5811 872 5865; x_wconf 91' lang='lat' dir='ltr'>in</span> <span class='ocrx_word' id='word_1_235' title='bbox 895 5811 1038 5864; x_wconf 87' lang='lat' dir='ltr'>hora</span> <span class='ocrx_word' id='word_1_236' title='bbox 1053 5809 1222 5865; x_wconf 89' lang='lat' dir='ltr'>tertia</span> <span class='ocrx_word' id='word_1_237' title='bbox 1249 5810 1360 5866; x_wconf 88' lang='lat' dir='ltr'>diei</span> <span class='ocrx_word' id='word_1_238' title='bbox 1409 5812 1680 5882; x_wconf 87' lang='lat' dir='ltr'>Spiritum</span> <span class='ocrx_word' id='word_1_239' title='bbox 1714 5819 1966 5871; x_wconf 88' lang='lat' dir='ltr'>sanctum</span> <span class='ocrx_word' id='word_1_240' title='bbox 1999 5835 2140 5889; x_wconf 89' lang='lat' dir='ltr'>apo-</span> 
     </span>
    </p>
   </div>
   <div class='ocr_carea' id='block_1_67' title="bbox 517 5903 2137 5986">
    <p class='ocr_par' dir='ltr' id='par_1_67' title="bbox 517 5903 2137 5986">
     <span class='ocr_line' id='line_1_67' title="bbox 517 5903 2137 5986; baseline 0.007 -28"><span class='ocrx_word' id='word_1_241' title='bbox 517 5903 671 5960; x_wconf 87' lang='lat' dir='ltr'>stolis</span> <span class='ocrx_word' id='word_1_242' title='bbox 694 5903 984 5960; x_wconf 79' lang='lat' dir='ltr'>orantibus</span> <span class='ocrx_word' id='word_1_243' title='bbox 1001 5903 1255 5977; x_wconf 87' lang='lat' dir='ltr'>emisisti,</span> <span class='ocrx_word' id='word_1_244' title='bbox 1278 5903 1532 5978; x_wconf 84' lang='lat' dir='ltr'>ejusdem</span> <span class='ocrx_word' id='word_1_245' title='bbox 1551 5905 1746 5979; x_wconf 77' lang='lat' dir='ltr'>gratise</span> <span class='ocrx_word' id='word_1_246' title='bbox 1765 5909 2137 5986; x_wconf 84' lang='lat' dir='ltr'>participatio-</span> 
     </span>
    </p>
   </div>
   <div class='ocr_carea' id='block_1_68' title="bbox 1291 382 3072 453">
    <p class='ocr_par' dir='ltr' id='par_1_68' title="bbox 1291 382 3072 453">
     <span class='ocr_line' id='line_1_68' title="bbox 1291 382 3072 453; baseline -0.01 1"><span class='ocrx_word' id='word_1_247' title='bbox 1291 395 1624 453; x_wconf 84' lang='lat' dir='ltr'>APPENDIX</span> <span class='ocrx_word' id='word_1_248' title='bbox 1658 395 1746 452; x_wconf 89' lang='lat' dir='ltr'>AD</span> <span class='ocrx_word' id='word_1_249' title='bbox 1783 392 2006 450; x_wconf 79' lang='lat' dir='ltr'>OPERA</span> <span class='ocrx_word' id='word_1_250' title='bbox 2041 389 2274 446; x_wconf 85' lang='lat' dir='ltr'>SANCTI</span> <span class='ocrx_word' id='word_1_251' title='bbox 2307 387 2606 446; x_wconf 81' lang='lat' dir='ltr'>GERMANI</span> <span class='ocrx_word' id='word_1_252' title='bbox 2643 382 3072 444; x_wconf 77' lang='lat' dir='ltr'>PARISIENSIS.</span> 
     </span>
    </p>
   </div>
   <div class='ocr_carea' id='block_1_69' title="bbox 1773 499 2554 574">
    <p class='ocr_par' dir='ltr' id='par_1_69' title="bbox 1773 499 2554 574">
     <span class='ocr_line' id='line_1_69' title="bbox 1773 499 2554 574; baseline -0.01 -14"><span class='ocrx_word' id='word_1_253' title='bbox 1773 507 2047 574; x_wconf 82' lang='lat' dir='ltr'>Hymnum</span> <span class='ocrx_word' id='word_1_254' title='bbox 2070 502 2244 558; x_wconf 78' lang='lat' dir='ltr'>sancti</span> <span class='ocrx_word' id='word_1_255' title='bbox 2273 499 2554 559; x_wconf 81' lang='lat' dir='ltr'>Camelaci.</span> 
     </span>
    </p>
   </div>
   <div class='ocr_carea' id='block_1_70' title="bbox 1729 589 2532 662">
    <p class='ocr_par' dir='ltr' id='par_1_70' title="bbox 1729 589 2532 662">
     <span class='ocr_line' id='line_1_70' title="bbox 1729 589 2532 662; baseline -0.005 -14"><span class='ocrx_word' id='word_1_256' title='bbox 1729 592 1933 648; x_wconf 86' lang='lat' dir='ltr'>Audite</span> <span class='ocrx_word' id='word_1_257' title='bbox 1959 591 2180 648; x_wconf 89' lang='lat' dir='ltr'>bonum</span> <span class='ocrx_word' id='word_1_258' title='bbox 2206 589 2532 662; x_wconf 84' lang='lat' dir='ltr'>exemplum</span> 
     </span>
    </p>
   </div>
   <div class='ocr_carea' id='block_1_71' title="bbox 1659 770 2273 830">
    <p class='ocr_par' dir='ltr' id='par_1_71' title="bbox 1659 770 2273 830">
     <span class='ocr_line' id='line_1_71' title="bbox 1659 770 2273 830; baseline -0.01 0"><span class='ocrx_word' id='word_1_259' title='bbox 1659 773 1932 830; x_wconf 89' lang='lat' dir='ltr'>Camelaci</span> <span class='ocrx_word' id='word_1_260' title='bbox 1961 770 2273 828; x_wconf 88' lang='lat' dir='ltr'>Cumiensis</span> 
     </span>
    </p>
   </div>
   <div class='ocr_carea' id='block_1_72' title="bbox 1661 951 2482 1023">
    <p class='ocr_par' dir='ltr' id='par_1_72' title="bbox 1661 951 2482 1023">
     <span class='ocr_line' id='line_1_72' title="bbox 1661 951 2482 1023; baseline -0.004 -16"><span class='ocrx_word' id='word_1_261' title='bbox 1661 951 1996 1023; x_wconf 83' lang='lat' dir='ltr'>Exemplum</span> <span class='ocrx_word' id='word_1_262' title='bbox 2023 951 2240 1022; x_wconf 76' lang='lat' dir='ltr'>praebet</span> <span class='ocrx_word' id='word_1_263' title='bbox 2263 951 2322 1006; x_wconf 92' lang='lat' dir='ltr'>in</span> <span class='ocrx_word' id='word_1_264' title='bbox 2347 953 2482 1016; x_wconf 88' lang='lat' dir='ltr'>toto,</span> 
     </span>
    </p>
   </div>
   <div class='ocr_carea' id='block_1_73' title="bbox 1661 1219 2276 1290">
    <p class='ocr_par' dir='ltr' id='par_1_73' title="bbox 1661 1219 2276 1290">
     <span class='ocr_line' id='line_1_73' title="bbox 1661 1219 2276 1290; baseline 0.005 -18"><span class='ocrx_word' id='word_1_265' title='bbox 1661 1219 1875 1290; x_wconf 86' lang='lat' dir='ltr'>Hylaris</span> <span class='ocrx_word' id='word_1_266' title='bbox 1903 1219 1964 1274; x_wconf 92' lang='lat' dir='ltr'>in</span> <span class='ocrx_word' id='word_1_267' title='bbox 1995 1219 2276 1289; x_wconf 90' lang='lat' dir='ltr'>omnibus,</span> 
     </span>
    </p>
   </div>
   <div class='ocr_carea' id='block_1_74' title="bbox 1659 1307 2380 1378">
    <p class='ocr_par' dir='ltr' id='par_1_74' title="bbox 1659 1307 2380 1378">
     <span class='ocr_line' id='line_1_74' title="bbox 1659 1307 2380 1378; baseline 0.004 -16"><span class='ocrx_word' id='word_1_268' title='bbox 1659 1307 1912 1378; x_wconf 86' lang='lat' dir='ltr'>Jejunus,</span> <span class='ocrx_word' id='word_1_269' title='bbox 1941 1313 1997 1363; x_wconf 92' lang='lat' dir='ltr'>et</span> <span class='ocrx_word' id='word_1_270' title='bbox 2021 1313 2380 1378; x_wconf 87' lang='lat' dir='ltr'>mansuetus;</span> 
     </span>
    </p>
   </div>
   <div class='ocr_carea' id='block_1_75' title="bbox 1660 1397 2327 1454">
    <p class='ocr_par' dir='ltr' id='par_1_75' title="bbox 1660 1397 2327 1454">
     <span class='ocr_line' id='line_1_75' title="bbox 1660 1397 2327 1454; baseline 0.004 -3"><span class='ocrx_word' id='word_1_271' title='bbox 1660 1398 1857 1452; x_wconf 87' lang='lat' dir='ltr'>Kastus</span> <span class='ocrx_word' id='word_1_272' title='bbox 1881 1397 1973 1451; x_wconf 91' lang='lat' dir='ltr'>hic</span> <span class='ocrx_word' id='word_1_273' title='bbox 1998 1398 2167 1453; x_wconf 88' lang='lat' dir='ltr'>servit</span> <span class='ocrx_word' id='word_1_274' title='bbox 2195 1400 2327 1454; x_wconf 91' lang='lat' dir='ltr'>Deo.</span> 
     </span>
    </p>
   </div>
   <div class='ocr_carea' id='block_1_76' title="bbox 1661 1486 2378 1558">
    <p class='ocr_par' dir='ltr' id='par_1_76' title="bbox 1661 1486 2378 1558">
     <span class='ocr_line' id='line_1_76' title="bbox 1661 1486 2378 1558; baseline 0.006 -18"><span class='ocrx_word' id='word_1_275' title='bbox 1661 1487 1908 1540; x_wconf 83' lang='lat' dir='ltr'>Laetatur</span> <span class='ocrx_word' id='word_1_276' title='bbox 1933 1486 1994 1540; x_wconf 94' lang='lat' dir='ltr'>in</span> <span class='ocrx_word' id='word_1_277' title='bbox 2023 1492 2378 1558; x_wconf 88' lang='lat' dir='ltr'>paupertate,</span> 
     </span>
    </p>
   </div>
   <div class='ocr_carea' id='block_1_77' title="bbox 1660 1575 2307 1646">
    <p class='ocr_par' dir='ltr' id='par_1_77' title="bbox 1660 1575 2307 1646">
     <span class='ocr_line' id='line_1_77' title="bbox 1660 1575 2307 1646; baseline -0.002 -14"><span class='ocrx_word' id='word_1_278' title='bbox 1660 1575 1803 1632; x_wconf 86' lang='lat' dir='ltr'>Mitis</span> <span class='ocrx_word' id='word_1_279' title='bbox 1830 1579 1912 1630; x_wconf 90' lang='lat' dir='ltr'>est</span> <span class='ocrx_word' id='word_1_280' title='bbox 1937 1576 1997 1629; x_wconf 93' lang='lat' dir='ltr'>in</span> <span class='ocrx_word' id='word_1_281' title='bbox 2024 1577 2307 1646; x_wconf 89' lang='lat' dir='ltr'>omnibus,</span> 
     </span>
    </p>
   </div>
   <div class='ocr_carea' id='block_1_78' title="bbox 1657 1934 2370 2008">
    <p class='ocr_par' dir='ltr' id='par_1_78' title="bbox 1657 1934 2370 2008">
     <span class='ocr_line' id='line_1_78' title="bbox 1657 1934 2370 2008; baseline 0.01 -21"><span class='ocrx_word' id='word_1_282' title='bbox 1657 1935 1834 1998; x_wconf 90' lang='lat' dir='ltr'>Quem</span> <span class='ocrx_word' id='word_1_283' title='bbox 1860 1934 2084 2005; x_wconf 85' lang='lat' dir='ltr'>cognati</span> <span class='ocrx_word' id='word_1_284' title='bbox 2109 1936 2370 2008; x_wconf 88' lang='lat' dir='ltr'>diligunt.</span> 
     </span>
    </p>
   </div>
   <div class='ocr_carea' id='block_1_79' title="bbox 1659 2025 2344 2098">
    <p class='ocr_par' dir='ltr' id='par_1_79' title="bbox 1659 2025 2344 2098">
     <span class='ocr_line' id='line_1_79' title="bbox 1659 2025 2344 2098; baseline 0.004 -19"><span class='ocrx_word' id='word_1_285' title='bbox 1659 2026 1876 2096; x_wconf 83' lang='lat' dir='ltr'>Regem</span> <span class='ocrx_word' id='word_1_286' title='bbox 1907 2025 2084 2079; x_wconf 91' lang='lat' dir='ltr'>Deum</span> <span class='ocrx_word' id='word_1_287' title='bbox 2109 2027 2344 2098; x_wconf 80' lang='lat' dir='ltr'>aspexit,</span> 
     </span>
    </p>
   </div>
   <div class='ocr_carea' id='block_1_80' title="bbox 1662 2113 2304 2185">
    <p class='ocr_par' dir='ltr' id='par_1_80' title="bbox 1662 2113 2304 2185">
     <span class='ocr_line' id='line_1_80' title="bbox 1662 2113 2304 2185; baseline 0.003 -16"><span class='ocrx_word' id='word_1_288' title='bbox 1662 2113 2112 2185; x_wconf 88' lang='lat' dir='ltr'>Salvatoremque</span> <span class='ocrx_word' id='word_1_289' title='bbox 2136 2131 2304 2171; x_wconf 91' lang='lat' dir='ltr'>suum</span> 
     </span>
    </p>
   </div>
   <div class='ocr_carea' id='block_1_81' title="bbox 1660 2201 2331 2260">
    <p class='ocr_par' dir='ltr' id='par_1_81' title="bbox 1660 2201 2331 2260">
     <span class='ocr_line' id='line_1_81' title="bbox 1660 2201 2331 2260; baseline 0.006 -4"><span class='ocrx_word' id='word_1_290' title='bbox 1660 2201 1874 2257; x_wconf 90' lang='lat' dir='ltr'>Tribuit</span> <span class='ocrx_word' id='word_1_291' title='bbox 1901 2202 2032 2257; x_wconf 90' lang='lat' dir='ltr'>huic</span> <span class='ocrx_word' id='word_1_292' title='bbox 2062 2206 2331 2260; x_wconf 63' lang='lat' dir='ltr'>aeternam</span> 
     </span>
    </p>
   </div>
   <div class='ocr_carea' id='block_1_82' title="bbox 1664 2290 2302 2350">
    <p class='ocr_par' dir='ltr' id='par_1_82' title="bbox 1664 2290 2302 2350">
     <span class='ocr_line' id='line_1_82' title="bbox 1664 2290 2302 2350; baseline 0.005 -5"><span class='ocrx_word' id='word_1_293' title='bbox 1664 2290 1843 2346; x_wconf 90' lang='lat' dir='ltr'>Vitam</span> <span class='ocrx_word' id='word_1_294' title='bbox 1869 2307 2000 2346; x_wconf 91' lang='lat' dir='ltr'>cum</span> <span class='ocrx_word' id='word_1_295' title='bbox 2023 2291 2302 2350; x_wconf 82' lang='lat' dir='ltr'>ﬁdelibus.</span> 
     </span>
    </p>
   </div>
   <div class='ocr_carea' id='block_1_83' title="bbox 1662 2379 2434 2442">
    <p class='ocr_par' dir='ltr' id='par_1_83' title="bbox 1662 2379 2434 2442">
     <span class='ocr_line' id='line_1_83' title="bbox 1662 2379 2434 2442; baseline 0.008 -6"><span class='ocrx_word' id='word_1_296' title='bbox 1662 2379 1913 2436; x_wconf 87' lang='lat' dir='ltr'>Christus</span> <span class='ocrx_word' id='word_1_297' title='bbox 1939 2381 2102 2436; x_wconf 91' lang='lat' dir='ltr'>illum</span> <span class='ocrx_word' id='word_1_298' title='bbox 2127 2383 2434 2442; x_wconf 88' lang='lat' dir='ltr'>insinuavit</span> 
     </span>
    </p>
   </div>
   <div class='ocr_carea' id='block_1_84' title="bbox 1663 2469 2283 2529">
    <p class='ocr_par' dir='ltr' id='par_1_84' title="bbox 1663 2469 2283 2529">
     <span class='ocr_line' id='line_1_84' title="bbox 1663 2469 2283 2529; baseline 0.006 -4"><span class='ocrx_word' id='word_1_299' title='bbox 1663 2469 1998 2526; x_wconf 72' lang='lat' dir='ltr'>Patriarchaa</span> <span class='ocrx_word' id='word_1_300' title='bbox 2022 2471 2283 2529; x_wconf 72' lang='lat' dir='ltr'>Abrahae.</span> 
     </span>
    </p>
   </div>
   <div class='ocr_carea' id='block_1_85' title="bbox 1663 2561 2294 2633">
    <p class='ocr_par' dir='ltr' id='par_1_85' title="bbox 1663 2561 2294 2633">
     <span class='ocr_line' id='line_1_85' title="bbox 1663 2561 2294 2633; baseline 0.006 -19"><span class='ocrx_word' id='word_1_301' title='bbox 1663 2561 1724 2614; x_wconf 92' lang='lat' dir='ltr'>In</span> <span class='ocrx_word' id='word_1_302' title='bbox 1750 2561 2008 2630; x_wconf 88' lang='lat' dir='ltr'>paradiso</span> <span class='ocrx_word' id='word_1_303' title='bbox 2036 2564 2294 2633; x_wconf 88' lang='lat' dir='ltr'>regnabit</span> 
     </span>
    </p>
   </div>
   <div class='ocr_carea' id='block_1_86' title="bbox 1666 2651 2336 2710">
    <p class='ocr_par' dir='ltr' id='par_1_86' title="bbox 1666 2651 2336 2710">
     <span class='ocr_line' id='line_1_86' title="bbox 1666 2651 2336 2710; baseline 0.007 -5"><span class='ocrx_word' id='word_1_304' title='bbox 1666 2651 1808 2706; x_wconf 90' lang='lat' dir='ltr'>Cum</span> <span class='ocrx_word' id='word_1_305' title='bbox 1837 2655 2030 2706; x_wconf 90' lang='lat' dir='ltr'>sancto</span> <span class='ocrx_word' id='word_1_306' title='bbox 2059 2653 2336 2710; x_wconf 88' lang='lat' dir='ltr'>Eleazaro.</span> 
     </span>
    </p>
   </div>
   <div class='ocr_carea' id='block_1_87' title="bbox 1833 2749 2524 2809">
    <p class='ocr_par' dir='ltr' id='par_1_87' title="bbox 1833 2749 2524 2809">
     <span class='ocr_line' id='line_1_87' title="bbox 1833 2749 2524 2809; baseline 0.009 -5"><span class='ocrx_word' id='word_1_307' title='bbox 1833 2749 2078 2804; x_wconf 77' lang='lat' dir='ltr'>Collectio</span> <span class='ocrx_word' id='word_1_308' title='bbox 2105 2750 2182 2803; x_wconf 87' lang='lat' dir='ltr'>ad</span> <span class='ocrx_word' id='word_1_309' title='bbox 2208 2753 2524 2809; x_wconf 78' lang='lat' dir='ltr'>Secundam.</span> 
     </span>
    </p>
   </div>
   <div class='ocr_carea' id='block_1_88' title="bbox 1667 2928 2698 3005">
    <p class='ocr_par' dir='ltr' id='par_1_88' title="bbox 1667 2928 2698 3005">
     <span class='ocr_line' id='line_1_88' title="bbox 1667 2928 2698 3005; baseline 0.008 -23"><span class='ocrx_word' id='word_1_310' title='bbox 1667 2928 1902 2983; x_wconf 90' lang='lat' dir='ltr'>Domine</span> <span class='ocrx_word' id='word_1_311' title='bbox 1935 2933 2124 2984; x_wconf 88' lang='lat' dir='ltr'>sancte</span> <span class='ocrx_word' id='word_1_312' title='bbox 2151 2931 2314 2986; x_wconf 90' lang='lat' dir='ltr'>Pater</span> <span class='ocrx_word' id='word_1_313' title='bbox 2343 2933 2698 3005; x_wconf 90' lang='lat' dir='ltr'>omnipotens</span> 
     </span>
    </p>
   </div>
   <div class='ocr_carea' id='block_1_89' title="bbox 1666 3018 2697 3093">
    <p class='ocr_par' dir='ltr' id='par_1_89' title="bbox 1666 3018 2697 3093">
     <span class='ocr_line' id='line_1_89' title="bbox 1666 3018 2697 3093; baseline 0.009 -22"><span class='ocrx_word' id='word_1_314' title='bbox 1666 3022 1875 3072; x_wconf 65' lang='lat' dir='ltr'>aiterne</span> <span class='ocrx_word' id='word_1_315' title='bbox 1902 3018 2067 3086; x_wconf 89' lang='lat' dir='ltr'>Deus,</span> <span class='ocrx_word' id='word_1_316' title='bbox 2097 3022 2153 3073; x_wconf 89' lang='lat' dir='ltr'>et</span> <span class='ocrx_word' id='word_1_317' title='bbox 2179 3021 2494 3093; x_wconf 89' lang='lat' dir='ltr'>miserator,</span> <span class='ocrx_word' id='word_1_318' title='bbox 2527 3023 2697 3079; x_wconf 85' lang='lat' dir='ltr'>etmi-</span> 
     </span>
    </p>
   </div>
   <div class='ocr_carea' id='block_1_90' title="bbox 1665 3196 2698 3266">
    <p class='ocr_par' dir='ltr' id='par_1_90' title="bbox 1665 3196 2698 3266">
     <span class='ocr_line' id='line_1_90' title="bbox 1665 3196 2698 3266; baseline 0.007 -16"><span class='ocrx_word' id='word_1_319' title='bbox 1665 3196 1830 3266; x_wconf 90' lang='lat' dir='ltr'>bis,et</span> <span class='ocrx_word' id='word_1_320' title='bbox 1842 3196 2207 3252; x_wconf 88' lang='lat' dir='ltr'>inluminator</span> <span class='ocrx_word' id='word_1_321' title='bbox 2217 3201 2473 3256; x_wconf 88' lang='lat' dir='ltr'>cordium</span> <span class='ocrx_word' id='word_1_322' title='bbox 2485 3207 2698 3257; x_wconf 89' lang='lat' dir='ltr'>nostro-</span> 
     </span>
    </p>
   </div>
   <div class='ocr_carea' id='block_1_91' title="bbox 1665 3287 2696 3363">
    <p class='ocr_par' dir='ltr' id='par_1_91' title="bbox 1665 3287 2696 3363">
     <span class='ocr_line' id='line_1_91' title="bbox 1665 3287 2696 3363; baseline 0.006 -23"><span class='ocrx_word' id='word_1_323' title='bbox 1665 3303 1814 3340; x_wconf 88' lang='lat' dir='ltr'>rum.</span> <span class='ocrx_word' id='word_1_324' title='bbox 1845 3287 2094 3356; x_wconf 85' lang='lat' dir='ltr'>Custodi,</span> <span class='ocrx_word' id='word_1_325' title='bbox 2123 3289 2377 3359; x_wconf 90' lang='lat' dir='ltr'>Domine,</span> <span class='ocrx_word' id='word_1_326' title='bbox 2405 3291 2696 3363; x_wconf 88' lang='lat' dir='ltr'>cogitatio-</span> 
     </span>
    </p>
   </div>
   <div class='ocr_carea' id='block_1_92' title="bbox 1661 3382 2697 3452">
    <p class='ocr_par' dir='ltr' id='par_1_92' title="bbox 1661 3382 2697 3452">
     <span class='ocr_line' id='line_1_92' title="bbox 1661 3382 2697 3452; baseline 0.004 -20"><span class='ocrx_word' id='word_1_327' title='bbox 1661 3393 1782 3447; x_wconf 92' lang='lat' dir='ltr'>nes,</span> <span class='ocrx_word' id='word_1_328' title='bbox 1807 3393 2112 3448; x_wconf 88' lang='lat' dir='ltr'>sermones,</span> <span class='ocrx_word' id='word_1_329' title='bbox 2136 3397 2326 3450; x_wconf 88' lang='lat' dir='ltr'>opera,</span> <span class='ocrx_word' id='word_1_330' title='bbox 2343 3385 2407 3435; x_wconf 90' lang='lat' dir='ltr'>ut</span> <span class='ocrx_word' id='word_1_331' title='bbox 2417 3382 2697 3452; x_wconf 88' lang='lat' dir='ltr'>possimus</span> 
     </span>
    </p>
   </div>
   <div class='ocr_carea' id='block_1_93' title="bbox 1665 3468 2694 3540">
    <p class='ocr_par' dir='ltr' id='par_1_93' title="bbox 1665 3468 2694 3540">
     <span class='ocr_line' id='line_1_93' title="bbox 1665 3468 2694 3540; baseline 0.005 -19"><span class='ocrx_word' id='word_1_332' title='bbox 1665 3468 1886 3538; x_wconf 89' lang='lat' dir='ltr'>placere</span> <span class='ocrx_word' id='word_1_333' title='bbox 1912 3468 1972 3522; x_wconf 91' lang='lat' dir='ltr'>in</span> <span class='ocrx_word' id='word_1_334' title='bbox 2010 3474 2313 3540; x_wconf 89' lang='lat' dir='ltr'>conspectu</span> <span class='ocrx_word' id='word_1_335' title='bbox 2347 3473 2467 3540; x_wconf 90' lang='lat' dir='ltr'>tuo,</span> <span class='ocrx_word' id='word_1_336' title='bbox 2505 3471 2694 3526; x_wconf 91' lang='lat' dir='ltr'>Domi-</span> 
     </span>
    </p>
   </div>
   <div class='ocr_carea' id='block_1_94' title="bbox 1667 3558 2694 3630">
    <p class='ocr_par' dir='ltr' id='par_1_94' title="bbox 1667 3558 2694 3630">
     <span class='ocr_line' id='line_1_94' title="bbox 1667 3558 2694 3630; baseline 0.003 -18"><span class='ocrx_word' id='word_1_337' title='bbox 1667 3574 1761 3627; x_wconf 89' lang='lat' dir='ltr'>ne,</span> <span class='ocrx_word' id='word_1_338' title='bbox 1785 3563 1840 3612; x_wconf 91' lang='lat' dir='ltr'>et</span> <span class='ocrx_word' id='word_1_339' title='bbox 1867 3558 2138 3628; x_wconf 88' lang='lat' dir='ltr'>perﬁcere</span> <span class='ocrx_word' id='word_1_340' title='bbox 2157 3559 2504 3614; x_wconf 88' lang='lat' dir='ltr'>voluntatem</span> <span class='ocrx_word' id='word_1_341' title='bbox 2514 3565 2694 3630; x_wconf 91' lang='lat' dir='ltr'>tuam,</span> 
     </span>
    </p>
   </div>
   <div class='ocr_carea' id='block_1_95' title="bbox 1667 3647 2695 3704">
    <p class='ocr_par' dir='ltr' id='par_1_95' title="bbox 1667 3647 2695 3704">
     <span class='ocr_line' id='line_1_95' title="bbox 1667 3647 2695 3704; baseline 0.002 -2"><span class='ocrx_word' id='word_1_342' title='bbox 1667 3651 1724 3702; x_wconf 89' lang='lat' dir='ltr'>et</span> <span class='ocrx_word' id='word_1_343' title='bbox 1751 3647 2039 3703; x_wconf 87' lang='lat' dir='ltr'>ambulare</span> <span class='ocrx_word' id='word_1_344' title='bbox 2066 3647 2128 3703; x_wconf 90' lang='lat' dir='ltr'>in</span> <span class='ocrx_word' id='word_1_345' title='bbox 2154 3647 2242 3702; x_wconf 87' lang='lat' dir='ltr'>via</span> <span class='ocrx_word' id='word_1_346' title='bbox 2259 3653 2408 3704; x_wconf 85' lang='lat' dir='ltr'>recta</span> <span class='ocrx_word' id='word_1_347' title='bbox 2441 3653 2558 3703; x_wconf 88' lang='lat' dir='ltr'>toto</span> <span class='ocrx_word' id='word_1_348' title='bbox 2589 3666 2695 3704; x_wconf 91' lang='lat' dir='ltr'>no-</span> 
     </span>
    </p>
   </div>
   <div class='ocr_carea' id='block_1_96' title="bbox 1748 4477 2565 4551">
    <p class='ocr_par' dir='ltr' id='par_1_96' title="bbox 1748 4477 2565 4551">
     <span class='ocr_line' id='line_1_96' title="bbox 1748 4477 2565 4551; baseline 0.002 -16"><span class='ocrx_word' id='word_1_349' title='bbox 1748 4477 1952 4535; x_wconf 89' lang='lat' dir='ltr'>Christi</span> <span class='ocrx_word' id='word_1_350' title='bbox 1981 4495 2084 4551; x_wconf 90' lang='lat' dir='ltr'>per</span> <span class='ocrx_word' id='word_1_351' title='bbox 2109 4479 2315 4534; x_wconf 89' lang='lat' dir='ltr'>horam</span> <span class='ocrx_word' id='word_1_352' title='bbox 2341 4481 2565 4538; x_wconf 88' lang='lat' dir='ltr'>tertiam</span> 
     </span>
    </p>
   </div>
   <div class='ocr_carea' id='block_1_97' title="bbox 1677 4569 2456 4640">
    <p class='ocr_par' dir='ltr' id='par_1_97' title="bbox 1677 4569 2456 4640">
     <span class='ocr_line' id='line_1_97' title="bbox 1677 4569 2456 4640; baseline 0.004 -16"><span class='ocrx_word' id='word_1_353' title='bbox 1677 4571 2055 4640; x_wconf 91' lang='lat' dir='ltr'>Deprecamur</span> <span class='ocrx_word' id='word_1_354' title='bbox 2079 4569 2456 4640; x_wconf 89' lang='lat' dir='ltr'>clementiam,</span> 
     </span>
    </p>
   </div>
   <div class='ocr_carea' id='block_1_98' title="bbox 1677 4659 2313 4732">
    <p class='ocr_par' dir='ltr' id='par_1_98' title="bbox 1677 4659 2313 4732">
     <span class='ocr_line' id='line_1_98' title="bbox 1677 4659 2313 4732; baseline 0.002 -17"><span class='ocrx_word' id='word_1_355' title='bbox 1677 4660 1764 4715; x_wconf 89' lang='lat' dir='ltr'>Uti</span> <span class='ocrx_word' id='word_1_356' title='bbox 1790 4659 1952 4715; x_wconf 91' lang='lat' dir='ltr'>nobis</span> <span class='ocrx_word' id='word_1_357' title='bbox 1979 4665 2313 4732; x_wconf 87' lang='lat' dir='ltr'>perpetuam</span> 
     </span>
    </p>
   </div>
   <div class='ocr_carea' id='block_1_99' title="bbox 1679 4751 2374 4824">
    <p class='ocr_par' dir='ltr' id='par_1_99' title="bbox 1679 4751 2374 4824">
     <span class='ocr_line' id='line_1_99' title="bbox 1679 4751 2374 4824; baseline 0.003 -18"><span class='ocrx_word' id='word_1_358' title='bbox 1679 4751 1852 4806; x_wconf 90' lang='lat' dir='ltr'>Suam</span> <span class='ocrx_word' id='word_1_359' title='bbox 1879 4751 2090 4808; x_wconf 87' lang='lat' dir='ltr'>tribuat</span> <span class='ocrx_word' id='word_1_360' title='bbox 2114 4753 2374 4824; x_wconf 85' lang='lat' dir='ltr'>gratiam,</span> 
     </span>
    </p>
   </div>
   <div class='ocr_carea' id='block_1_100' title="bbox 3821 375 3930 425">
    <p class='ocr_par' dir='ltr' id='par_1_100' title="bbox 3821 375 3930 425">
     <span class='ocr_line' id='line_1_100' title="bbox 3821 375 3930 425; baseline -0.009 0"><span class='ocrx_word' id='word_1_361' title='bbox 3821 375 3930 425; x_wconf 76' lang='lat'>596</span> 
     </span>
    </p>
   </div>
   <div class='ocr_carea' id='block_1_101' title="bbox 3127 489 3496 548">
    <p class='ocr_par' dir='ltr' id='par_1_101' title="bbox 3127 489 3496 548">
     <span class='ocr_line' id='line_1_101' title="bbox 3127 489 3496 548; baseline -0.016 0"><span class='ocrx_word' id='word_1_362' title='bbox 3127 489 3221 548; x_wconf 79' lang='lat' dir='ltr'>Ad</span> <span class='ocrx_word' id='word_1_363' title='bbox 3242 491 3496 548; x_wconf 75' lang='lat' dir='ltr'>Semtam.</span> 
     </span>
    </p>
   </div>
   <div class='ocr_carea' id='block_1_102' title="bbox 2859 586 3584 662">
    <p class='ocr_par' dir='ltr' id='par_1_102' title="bbox 2859 586 3584 662">
     <span class='ocr_line' id='line_1_102' title="bbox 2859 586 3584 662; baseline -0.011 -15"><span class='ocrx_word' id='word_1_364' title='bbox 2859 590 2990 647; x_wconf 91' lang='lat' dir='ltr'>Tuis</span> <span class='ocrx_word' id='word_1_365' title='bbox 3019 605 3188 662; x_wconf 88' lang='lat' dir='ltr'>parce</span> <span class='ocrx_word' id='word_1_366' title='bbox 3213 586 3584 660; x_wconf 88' lang='lat' dir='ltr'>supplicibus</span> 
     </span>
    </p>
   </div>
   <div class='ocr_carea' id='block_1_103' title="bbox 2788 677 3474 746">
    <p class='ocr_par' dir='ltr' id='par_1_103' title="bbox 2788 677 3474 746">
     <span class='ocr_line' id='line_1_103' title="bbox 2788 677 3474 746; baseline -0.009 -9"><span class='ocrx_word' id='word_1_367' title='bbox 2788 683 2956 738; x_wconf 86' lang='lat' dir='ltr'>Sexta</span> <span class='ocrx_word' id='word_1_368' title='bbox 2979 681 3120 736; x_wconf 90' lang='lat' dir='ltr'>hora</span> <span class='ocrx_word' id='word_1_369' title='bbox 3154 677 3474 746; x_wconf 88' lang='lat' dir='ltr'>orantibus,</span> 
     </span>
    </p>
   </div>
   <div class='ocr_carea' id='block_1_104' title="bbox 2788 768 3548 841">
    <p class='ocr_par' dir='ltr' id='par_1_104' title="bbox 2788 768 3548 841">
     <span class='ocr_line' id='line_1_104' title="bbox 2788 768 3548 841; baseline -0.007 -14"><span class='ocrx_word' id='word_1_370' title='bbox 2788 775 2906 837; x_wconf 89' lang='lat' dir='ltr'>Qua</span> <span class='ocrx_word' id='word_1_371' title='bbox 2929 770 3084 826; x_wconf 84' lang='lat' dir='ltr'>fuisti</span> <span class='ocrx_word' id='word_1_372' title='bbox 3109 786 3214 841; x_wconf 93' lang='lat' dir='ltr'>pro</span> <span class='ocrx_word' id='word_1_373' title='bbox 3245 768 3548 836; x_wconf 86' lang='lat' dir='ltr'>omnibus,</span> 
     </span>
    </p>
   </div>
   <div class='ocr_carea' id='block_1_105' title="bbox 2787 857 3598 930">
    <p class='ocr_par' dir='ltr' id='par_1_105' title="bbox 2787 857 3598 930">
     <span class='ocr_line' id='line_1_105' title="bbox 2787 857 3598 930; baseline -0.009 -13"><span class='ocrx_word' id='word_1_374' title='bbox 2787 860 3025 928; x_wconf 90' lang='lat' dir='ltr'>Christe,</span> <span class='ocrx_word' id='word_1_375' title='bbox 3055 859 3114 914; x_wconf 91' lang='lat' dir='ltr'>in</span> <span class='ocrx_word' id='word_1_376' title='bbox 3141 874 3308 914; x_wconf 89' lang='lat' dir='ltr'>cruce</span> <span class='ocrx_word' id='word_1_377' title='bbox 3337 857 3598 930; x_wconf 89' lang='lat' dir='ltr'>positus.</span> 
     </span>
    </p>
   </div>
   <div class='ocr_carea' id='block_1_106' title="bbox 2788 950 3140 1021">
    <p class='ocr_par' dir='ltr' id='par_1_106' title="bbox 2788 950 3140 1021">
     <span class='ocr_line' id='line_1_106' title="bbox 2788 950 3140 1021; baseline -0.006 -15"><span class='ocrx_word' id='word_1_378' title='bbox 2788 950 2894 1017; x_wconf 91' lang='lat' dir='ltr'>Qui</span> <span class='ocrx_word' id='word_1_379' title='bbox 2916 965 3140 1021; x_wconf 86' lang='lat' dir='ltr'>regnas.</span> 
     </span>
    </p>
   </div>
   <div class='ocr_carea' id='block_1_107' title="bbox 3147 1058 3480 1114">
    <p class='ocr_par' dir='ltr' id='par_1_107' title="bbox 3147 1058 3480 1114">
     <span class='ocr_line' id='line_1_107' title="bbox 3147 1058 3480 1114; baseline -0.012 0"><span class='ocrx_word' id='word_1_380' title='bbox 3147 1058 3238 1114; x_wconf 85' lang='lat' dir='ltr'>Ad</span> <span class='ocrx_word' id='word_1_381' title='bbox 3255 1072 3480 1112; x_wconf 84' lang='lat' dir='ltr'>nonam.</span> 
     </span>
    </p>
   </div>
   <div class='ocr_carea' id='block_1_108' title="bbox 2863 1153 3598 1228">
    <p class='ocr_par' dir='ltr' id='par_1_108' title="bbox 2863 1153 3598 1228">
     <span class='ocr_line' id='line_1_108' title="bbox 2863 1153 3598 1228; baseline -0.007 -15"><span class='ocrx_word' id='word_1_382' title='bbox 2863 1156 3076 1213; x_wconf 86' lang='lat' dir='ltr'>Exaudi</span> <span class='ocrx_word' id='word_1_383' title='bbox 3101 1171 3295 1228; x_wconf 90' lang='lat' dir='ltr'>preces</span> <span class='ocrx_word' id='word_1_384' title='bbox 3319 1153 3598 1209; x_wconf 90' lang='lat' dir='ltr'>omnium</span> 
     </span>
    </p>
   </div>
   <div class='ocr_carea' id='block_1_109' title="bbox 2793 1246 3444 1314">
    <p class='ocr_par' dir='ltr' id='par_1_109' title="bbox 2793 1246 3444 1314">
     <span class='ocr_line' id='line_1_109' title="bbox 2793 1246 3444 1314; baseline -0.006 -11"><span class='ocrx_word' id='word_1_385' title='bbox 2793 1249 2948 1303; x_wconf 89' lang='lat' dir='ltr'>Nona</span> <span class='ocrx_word' id='word_1_386' title='bbox 2965 1248 3105 1302; x_wconf 89' lang='lat' dir='ltr'>hora</span> <span class='ocrx_word' id='word_1_387' title='bbox 3133 1246 3444 1314; x_wconf 90' lang='lat' dir='ltr'>orantium,</span> 
     </span>
    </p>
   </div>
   <div class='ocr_carea' id='block_1_110' title="bbox 2791 1333 3656 1410">
    <p class='ocr_par' dir='ltr' id='par_1_110' title="bbox 2791 1333 3656 1410">
     <span class='ocr_line' id='line_1_110' title="bbox 2791 1333 3656 1410; baseline -0.005 -18"><span class='ocrx_word' id='word_1_388' title='bbox 2791 1341 2852 1392; x_wconf 90' lang='lat' dir='ltr'>In</span> <span class='ocrx_word' id='word_1_389' title='bbox 2881 1353 3014 1410; x_wconf 89' lang='lat' dir='ltr'>qua,</span> <span class='ocrx_word' id='word_1_390' title='bbox 3037 1335 3276 1404; x_wconf 89' lang='lat' dir='ltr'>Christe,</span> <span class='ocrx_word' id='word_1_391' title='bbox 3302 1333 3656 1390; x_wconf 88' lang='lat' dir='ltr'>Cornelium</span> 
     </span>
    </p>
   </div>
   <div class='ocr_carea' id='block_1_111' title="bbox 2791 1425 3478 1498">
    <p class='ocr_par' dir='ltr' id='par_1_111' title="bbox 2791 1425 3478 1498">
     <span class='ocr_line' id='line_1_111' title="bbox 2791 1425 3478 1498; baseline -0.004 -16"><span class='ocrx_word' id='word_1_392' title='bbox 2791 1427 3035 1482; x_wconf 83' lang='lat' dir='ltr'>Visitasti</span> <span class='ocrx_word' id='word_1_393' title='bbox 3053 1443 3156 1498; x_wconf 90' lang='lat' dir='ltr'>per</span> <span class='ocrx_word' id='word_1_394' title='bbox 3181 1425 3478 1498; x_wconf 85' lang='lat' dir='ltr'>angelum.</span> 
     </span>
    </p>
   </div>
   <div class='ocr_carea' id='block_1_112' title="bbox 2791 1517 3152 1589">
    <p class='ocr_par' dir='ltr' id='par_1_112' title="bbox 2791 1517 3152 1589">
     <span class='ocr_line' id='line_1_112' title="bbox 2791 1517 3152 1589; baseline -0.003 -16"><span class='ocrx_word' id='word_1_395' title='bbox 2791 1517 2896 1583; x_wconf 91' lang='lat' dir='ltr'>Qui</span> <span class='ocrx_word' id='word_1_396' title='bbox 2925 1533 3152 1589; x_wconf 87' lang='lat' dir='ltr'>regnas.</span> 
     </span>
    </p>
   </div>
   <div class='ocr_carea' id='block_1_113' title="bbox 3101 1637 3520 1705">
    <p class='ocr_par' dir='ltr' id='par_1_113' title="bbox 3101 1637 3520 1705">
     <span class='ocr_line' id='line_1_113' title="bbox 3101 1637 3520 1705; baseline -0.005 -13"><span class='ocrx_word' id='word_1_397' title='bbox 3101 1637 3193 1692; x_wconf 84' lang='lat' dir='ltr'>Ad</span> <span class='ocrx_word' id='word_1_398' title='bbox 3227 1638 3520 1705; x_wconf 80' lang='lat' dir='ltr'>Vesperas.</span> 
     </span>
    </p>
   </div>
   <div class='ocr_carea' id='block_1_114' title="bbox 2863 1745 3624 1819">
    <p class='ocr_par' dir='ltr' id='par_1_114' title="bbox 2863 1745 3624 1819">
     <span class='ocr_line' id='line_1_114' title="bbox 2863 1745 3624 1819; baseline 0.003 -21"><span class='ocrx_word' id='word_1_399' title='bbox 2863 1745 3193 1819; x_wconf 89' lang='lat' dir='ltr'>Vespertino</span> <span class='ocrx_word' id='word_1_400' title='bbox 3219 1747 3324 1800; x_wconf 90' lang='lat' dir='ltr'>sub</span> <span class='ocrx_word' id='word_1_401' title='bbox 3345 1750 3624 1816; x_wconf 88' lang='lat' dir='ltr'>tempore</span> 
     </span>
    </p>
   </div>
   <div class='ocr_carea' id='block_1_115' title="bbox 2791 1835 3540 1906">
    <p class='ocr_par' dir='ltr' id='par_1_115' title="bbox 2791 1835 3540 1906">
     <span class='ocr_line' id='line_1_115' title="bbox 2791 1835 3540 1906; baseline -0.005 -13"><span class='ocrx_word' id='word_1_402' title='bbox 2791 1840 2864 1893; x_wconf 91' lang='lat' dir='ltr'>Te</span> <span class='ocrx_word' id='word_1_403' title='bbox 2891 1838 3239 1905; x_wconf 89' lang='lat' dir='ltr'>invocamus,</span> <span class='ocrx_word' id='word_1_404' title='bbox 3269 1835 3540 1906; x_wconf 88' lang='lat' dir='ltr'>Domine,</span> 
     </span>
    </p>
   </div>
   <div class='ocr_carea' id='block_1_116' title="bbox 2791 1927 3542 1999">
    <p class='ocr_par' dir='ltr' id='par_1_116' title="bbox 2791 1927 3542 1999">
     <span class='ocr_line' id='line_1_116' title="bbox 2791 1927 3542 1999; baseline -0.004 -16"><span class='ocrx_word' id='word_1_405' title='bbox 2791 1928 3004 1983; x_wconf 87' lang='lat' dir='ltr'>Nostris</span> <span class='ocrx_word' id='word_1_406' title='bbox 3028 1927 3292 1999; x_wconf 89' lang='lat' dir='ltr'>precibus</span> <span class='ocrx_word' id='word_1_407' title='bbox 3321 1943 3542 1995; x_wconf 88' lang='lat' dir='ltr'>annue,</span> 
     </span>
    </p>
   </div>
   <div class='ocr_carea' id='block_1_117' title="bbox 2794 2017 3558 2090">
    <p class='ocr_par' dir='ltr' id='par_1_117' title="bbox 2794 2017 3558 2090">
     <span class='ocr_line' id='line_1_117' title="bbox 2794 2017 3558 2090; baseline -0.007 -16"><span class='ocrx_word' id='word_1_408' title='bbox 2794 2019 3005 2074; x_wconf 87' lang='lat' dir='ltr'>Nostris</span> <span class='ocrx_word' id='word_1_409' title='bbox 3029 2017 3272 2090; x_wconf 90' lang='lat' dir='ltr'>peccatis</span> <span class='ocrx_word' id='word_1_410' title='bbox 3299 2017 3558 2088; x_wconf 89' lang='lat' dir='ltr'>ignosce.</span> 
     </span>
    </p>
   </div>
   <div class='ocr_carea' id='block_1_118' title="bbox 2970 2137 3686 2194">
    <p class='ocr_par' dir='ltr' id='par_1_118' title="bbox 2970 2137 3686 2194">
     <span class='ocr_line' id='line_1_118' title="bbox 2970 2137 3686 2194; baseline -0.003 -1"><span class='ocrx_word' id='word_1_411' title='bbox 2970 2141 3034 2194; x_wconf 85' lang='lat' dir='ltr'>In</span> <span class='ocrx_word' id='word_1_412' title='bbox 3059 2139 3194 2192; x_wconf 74' lang='lat' dir='ltr'>hora</span> <span class='ocrx_word' id='word_1_413' title='bbox 3223 2137 3452 2192; x_wconf 74' lang='lat' dir='ltr'>dimidii</span> <span class='ocrx_word' id='word_1_414' title='bbox 3473 2139 3686 2192; x_wconf 81' lang='lat' dir='ltr'>noctis.</span> 
     </span>
    </p>
   </div>
   <div class='ocr_carea' id='block_1_119' title="bbox 2865 2245 3670 2318">
    <p class='ocr_par' dir='ltr' id='par_1_119' title="bbox 2865 2245 3670 2318">
     <span class='ocr_line' id='line_1_119' title="bbox 2865 2245 3670 2318; baseline 0.001 -17"><span class='ocrx_word' id='word_1_415' title='bbox 2865 2247 3052 2302; x_wconf 85' lang='lat' dir='ltr'>Noctis</span> <span class='ocrx_word' id='word_1_416' title='bbox 3081 2250 3304 2318; x_wconf 89' lang='lat' dir='ltr'>tempus</span> <span class='ocrx_word' id='word_1_417' title='bbox 3331 2245 3670 2318; x_wconf 82' lang='lat' dir='ltr'>exegimus,</span> 
     </span>
    </p>
   </div>
   <div class='ocr_carea' id='block_1_120' title="bbox 2793 2336 3586 2406">
    <p class='ocr_par' dir='ltr' id='par_1_120' title="bbox 2793 2336 3586 2406">
     <span class='ocr_line' id='line_1_120' title="bbox 2793 2336 3586 2406; baseline 0 -16"><span class='ocrx_word' id='word_1_418' title='bbox 2793 2337 3032 2406; x_wconf 89' lang='lat' dir='ltr'>Christe,</span> <span class='ocrx_word' id='word_1_419' title='bbox 3059 2336 3120 2391; x_wconf 91' lang='lat' dir='ltr'>in</span> <span class='ocrx_word' id='word_1_420' title='bbox 3145 2337 3258 2392; x_wconf 90' lang='lat' dir='ltr'>tuis</span> <span class='ocrx_word' id='word_1_421' title='bbox 3283 2336 3586 2404; x_wconf 88' lang='lat' dir='ltr'>laudibus,</span> 
     </span>
    </p>
   </div>
   <div class='ocr_carea' id='block_1_121' title="bbox 2794 2426 3394 2482">
    <p class='ocr_par' dir='ltr' id='par_1_121' title="bbox 2794 2426 3394 2482">
     <span class='ocr_line' id='line_1_121' title="bbox 2794 2426 3394 2482; baseline -0.002 -2"><span class='ocrx_word' id='word_1_422' title='bbox 2794 2426 3101 2482; x_wconf 81' lang='lat' dir='ltr'>Miserearis</span> <span class='ocrx_word' id='word_1_423' title='bbox 3126 2427 3394 2482; x_wconf 89' lang='lat' dir='ltr'>omnibus</span> 
     </span>
    </p>
   </div>
   <div class='ocr_carea' id='block_1_122' title="bbox 2794 2517 3582 2590">
    <p class='ocr_par' dir='ltr' id='par_1_122' title="bbox 2794 2517 3582 2590">
     <span class='ocr_line' id='line_1_122' title="bbox 2794 2517 3582 2590; baseline 0.003 -18"><span class='ocrx_word' id='word_1_424' title='bbox 2794 2519 2867 2572; x_wconf 91' lang='lat' dir='ltr'>Te</span> <span class='ocrx_word' id='word_1_425' title='bbox 2896 2534 2966 2572; x_wconf 85' lang='lat' dir='ltr'>ex</span> <span class='ocrx_word' id='word_1_426' title='bbox 2989 2517 3155 2573; x_wconf 91' lang='lat' dir='ltr'>corde</span> <span class='ocrx_word' id='word_1_427' title='bbox 3179 2517 3582 2590; x_wconf 87' lang='lat' dir='ltr'>precantibus.</span> 
     </span>
    </p>
   </div>
   <div class='ocr_carea' id='block_1_123' title="bbox 2794 2609 3154 2683">
    <p class='ocr_par' dir='ltr' id='par_1_123' title="bbox 2794 2609 3154 2683">
     <span class='ocr_line' id='line_1_123' title="bbox 2794 2609 3154 2683; baseline -0.006 -17"><span class='ocrx_word' id='word_1_428' title='bbox 2794 2609 2899 2676; x_wconf 91' lang='lat' dir='ltr'>Qui</span> <span class='ocrx_word' id='word_1_429' title='bbox 2927 2625 3154 2683; x_wconf 88' lang='lat' dir='ltr'>regnas.</span> 
     </span>
    </p>
   </div>
   <div class='ocr_carea' id='block_1_124' title="bbox 3069 2717 3556 2776">
    <p class='ocr_par' dir='ltr' id='par_1_124' title="bbox 3069 2717 3556 2776">
     <span class='ocr_line' id='line_1_124' title="bbox 3069 2717 3556 2776; baseline -0.004 -2"><span class='ocrx_word' id='word_1_430' title='bbox 3069 2717 3160 2774; x_wconf 86' lang='lat' dir='ltr'>Ad</span> <span class='ocrx_word' id='word_1_431' title='bbox 3185 2720 3556 2776; x_wconf 82' lang='lat' dir='ltr'>Nocturnum.</span> 
     </span>
    </p>
   </div>
   <div class='ocr_carea' id='block_1_125' title="bbox 2862 2824 3547 2883">
    <p class='ocr_par' dir='ltr' id='par_1_125' title="bbox 2862 2824 3547 2883">
     <span class='ocr_line' id='line_1_125' title="bbox 2862 2824 3547 2883; baseline -0.004 0"><span class='ocrx_word' id='word_1_432' title='bbox 2862 2827 2888 2883; x_wconf 73' lang='grc' dir='ltr'>,Ι</span> <span class='ocrx_word' id='word_1_433' title='bbox 2893 2843 2993 2883; x_wconf 89' lang='lat' dir='ltr'>esu</span> <span class='ocrx_word' id='word_1_434' title='bbox 3025 2825 3342 2882; x_wconf 90' lang='lat' dir='ltr'>clementer</span> <span class='ocrx_word' id='word_1_435' title='bbox 3371 2824 3547 2880; x_wconf 88' lang='lat' dir='ltr'>visita</span> 
     </span>
    </p>
   </div>
   <div class='ocr_carea' id='block_1_126' title="bbox 2793 2914 3460 2984">
    <p class='ocr_par' dir='ltr' id='par_1_126' title="bbox 2793 2914 3460 2984">
     <span class='ocr_line' id='line_1_126' title="bbox 2793 2914 3460 2984; baseline -0.006 -11"><span class='ocrx_word' id='word_1_436' title='bbox 2793 2919 2962 2973; x_wconf 90' lang='lat' dir='ltr'>Nocte</span> <span class='ocrx_word' id='word_1_437' title='bbox 2992 2919 3217 2971; x_wconf 86' lang='lat' dir='ltr'>orantes</span> <span class='ocrx_word' id='word_1_438' title='bbox 3245 2914 3460 2984; x_wconf 88' lang='lat' dir='ltr'>media,</span> 
     </span>
    </p>
   </div>
   <div class='ocr_carea' id='block_1_127' title="bbox 2791 3005 3401 3076">
    <p class='ocr_par' dir='ltr' id='par_1_127' title="bbox 2791 3005 3401 3076">
     <span class='ocr_line' id='line_1_127' title="bbox 2791 3005 3401 3076; baseline -0.007 -14"><span class='ocrx_word' id='word_1_439' title='bbox 2791 3010 2913 3073; x_wconf 91' lang='lat' dir='ltr'>Qua</span> <span class='ocrx_word' id='word_1_440' title='bbox 2935 3006 3126 3062; x_wconf 90' lang='lat' dir='ltr'>divina</span> <span class='ocrx_word' id='word_1_441' title='bbox 3142 3005 3401 3076; x_wconf 86' lang='lat' dir='ltr'>potentia</span> 
     </span>
    </p>
   </div>
   <div class='ocr_carea' id='block_1_128' title="bbox 2793 3095 3459 3154">
    <p class='ocr_par' dir='ltr' id='par_1_128' title="bbox 2793 3095 3459 3154">
     <span class='ocr_line' id='line_1_128' title="bbox 2793 3095 3459 3154; baseline -0.008 0"><span class='ocrx_word' id='word_1_442' title='bbox 2793 3098 2944 3154; x_wconf 90' lang='lat' dir='ltr'>Petri</span> <span class='ocrx_word' id='word_1_443' title='bbox 2970 3096 3180 3152; x_wconf 87' lang='lat' dir='ltr'>solvisti</span> <span class='ocrx_word' id='word_1_444' title='bbox 3207 3095 3459 3150; x_wconf 87' lang='lat' dir='ltr'>vincula.</span> 
     </span>
    </p>
   </div>
   <div class='ocr_carea' id='block_1_129' title="bbox 2794 3189 3150 3260">
    <p class='ocr_par' dir='ltr' id='par_1_129' title="bbox 2794 3189 3150 3260">
     <span class='ocr_line' id='line_1_129' title="bbox 2794 3189 3150 3260; baseline -0.006 -16"><span class='ocrx_word' id='word_1_445' title='bbox 2794 3189 2899 3255; x_wconf 90' lang='lat' dir='ltr'>Qui</span> <span class='ocrx_word' id='word_1_446' title='bbox 2927 3205 3150 3260; x_wconf 88' lang='lat' dir='ltr'>regnas.</span> 
     </span>
    </p>
   </div>
   <div class='ocr_carea' id='block_1_130' title="bbox 3079 3299 3568 3356">
    <p class='ocr_par' dir='ltr' id='par_1_130' title="bbox 3079 3299 3568 3356">
     <span class='ocr_line' id='line_1_130' title="bbox 3079 3299 3568 3356; baseline 0 -2"><span class='ocrx_word' id='word_1_447' title='bbox 3079 3299 3172 3354; x_wconf 84' lang='lat' dir='ltr'>Ad</span> <span class='ocrx_word' id='word_1_448' title='bbox 3195 3300 3568 3356; x_wconf 76' lang='lat' dir='ltr'>Matutinum.</span> 
     </span>
    </p>
   </div>
   <div class='ocr_carea' id='block_1_131' title="bbox 2865 3396 3614 3467">
    <p class='ocr_par' dir='ltr' id='par_1_131' title="bbox 2865 3396 3614 3467">
     <span class='ocr_line' id='line_1_131' title="bbox 2865 3396 3614 3467; baseline 0 -15"><span class='ocrx_word' id='word_1_449' title='bbox 2865 3399 3037 3467; x_wconf 91' lang='lat' dir='ltr'>Deus,</span> <span class='ocrx_word' id='word_1_450' title='bbox 3064 3396 3304 3452; x_wconf 91' lang='lat' dir='ltr'>subveni</span> <span class='ocrx_word' id='word_1_451' title='bbox 3327 3397 3614 3452; x_wconf 83' lang='lat' dir='ltr'>omnibus</span> 
     </span>
    </p>
   </div>
   <div class='ocr_carea' id='block_1_132' title="bbox 2793 3488 3692 3544">
    <p class='ocr_par' dir='ltr' id='par_1_132' title="bbox 2793 3488 3692 3544">
     <span class='ocr_line' id='line_1_132' title="bbox 2793 3488 3692 3544; baseline 0.001 0"><span class='ocrx_word' id='word_1_452' title='bbox 2793 3491 2868 3544; x_wconf 92' lang='lat' dir='ltr'>Te</span> <span class='ocrx_word' id='word_1_453' title='bbox 2892 3493 2980 3544; x_wconf 89' lang='lat' dir='ltr'>ter</span> <span class='ocrx_word' id='word_1_454' title='bbox 3007 3492 3268 3542; x_wconf 87' lang='lat' dir='ltr'>sanctum</span> <span class='ocrx_word' id='word_1_455' title='bbox 3295 3488 3692 3544; x_wconf 88' lang='lat' dir='ltr'>laudantibus</span> 
     </span>
    </p>
   </div>
   <div class='ocr_carea' id='block_1_133' title="bbox 2794 3577 3534 3650">
    <p class='ocr_par' dir='ltr' id='par_1_133' title="bbox 2794 3577 3534 3650">
     <span class='ocr_line' id='line_1_133' title="bbox 2794 3577 3534 3650; baseline -0.004 -15"><span class='ocrx_word' id='word_1_456' title='bbox 2794 3581 3095 3650; x_wconf 90' lang='lat' dir='ltr'>Unumque</span> <span class='ocrx_word' id='word_1_457' title='bbox 3120 3577 3534 3633; x_wconf 84' lang='lat' dir='ltr'>conﬁtentibus</span> 
     </span>
    </p>
   </div>
   <div class='ocr_carea' id='block_1_134' title="bbox 2235 2841 2693 2916">
    <p class='ocr_par' dir='ltr' id='par_1_134' title="bbox 2235 2841 2693 2916">
     <span class='ocr_line' id='line_1_134' title="bbox 2235 2841 2693 2916; baseline 0.017 -22"><span class='ocrx_word' id='word_1_458' title='bbox 2235 2845 2355 2896; x_wconf 90' lang='lat' dir='ltr'>ctor</span> <span class='ocrx_word' id='word_1_459' title='bbox 2373 2841 2432 2897; x_wconf 91' lang='lat' dir='ltr'>in</span> <span class='ocrx_word' id='word_1_460' title='bbox 2451 2843 2558 2898; x_wconf 80' lang='lat' dir='ltr'>ista</span> <span class='ocrx_word' id='word_1_461' title='bbox 2581 2845 2693 2916; x_wconf 90' lang='lat' dir='ltr'>die,</span> 
     </span>
    </p>
   </div>
   <div class='ocr_carea' id='block_1_135' title="bbox 2239 3112 2694 3178">
    <p class='ocr_par' dir='ltr' id='par_1_135' title="bbox 2239 3112 2694 3178">
     <span class='ocr_line' id='line_1_135' title="bbox 2239 3112 2694 3178; baseline 0.013 -15"><span class='ocrx_word' id='word_1_462' title='bbox 2239 3115 2343 3178; x_wconf 90' lang='lat' dir='ltr'>tor,</span> <span class='ocrx_word' id='word_1_463' title='bbox 2373 3115 2429 3166; x_wconf 89' lang='lat' dir='ltr'>et</span> <span class='ocrx_word' id='word_1_464' title='bbox 2451 3112 2566 3167; x_wconf 78' lang='lat' dir='ltr'>dux</span> <span class='ocrx_word' id='word_1_465' title='bbox 2593 3130 2694 3168; x_wconf 92' lang='lat' dir='ltr'>no-</span> 
     </span>
    </p>
   </div>
   <div class='ocr_carea' id='block_1_136' title="bbox 2796 3667 3691 3739">
    <p class='ocr_par' dir='ltr' id='par_1_136' title="bbox 2796 3667 3691 3739">
     <span class='ocr_line' id='line_1_136' title="bbox 2796 3667 3691 3739; baseline -0.001 -14"><span class='ocrx_word' id='word_1_466' title='bbox 2796 3667 2974 3725; x_wconf 88' lang='lat' dir='ltr'>Sacris</span> <span class='ocrx_word' id='word_1_467' title='bbox 3000 3669 3355 3739; x_wconf 87' lang='lat' dir='ltr'>hymnorum</span> <span class='ocrx_word' id='word_1_468' title='bbox 3380 3668 3691 3725; x_wconf 88' lang='lat' dir='ltr'>cantibus.</span> 
     </span>
    </p>
   </div>
   <div class='ocr_carea' id='block_1_137' title="bbox 2795 3759 3150 3831">
    <p class='ocr_par' dir='ltr' id='par_1_137' title="bbox 2795 3759 3150 3831">
     <span class='ocr_line' id='line_1_137' title="bbox 2795 3759 3150 3831; baseline -0.006 -17"><span class='ocrx_word' id='word_1_469' title='bbox 2795 3759 2899 3825; x_wconf 90' lang='lat' dir='ltr'>Qui</span> <span class='ocrx_word' id='word_1_470' title='bbox 2925 3775 3150 3831; x_wconf 89' lang='lat' dir='ltr'>regnas.</span> 
     </span>
    </p>
   </div>
   <div class='ocr_carea' id='block_1_138' title="bbox 3010 3879 3651 3937">
    <p class='ocr_par' dir='ltr' id='par_1_138' title="bbox 3010 3879 3651 3937">
     <span class='ocr_line' id='line_1_138' title="bbox 3010 3879 3651 3937; baseline 0.005 -3"><span class='ocrx_word' id='word_1_471' title='bbox 3010 3881 3146 3935; x_wconf 87' lang='lat' dir='ltr'>Item</span> <span class='ocrx_word' id='word_1_472' title='bbox 3171 3879 3248 3934; x_wconf 85' lang='lat' dir='ltr'>ad</span> <span class='ocrx_word' id='word_1_473' title='bbox 3268 3880 3651 3937; x_wconf 77' lang='lat' dir='ltr'>Matutinum.</span> 
     </span>
    </p>
   </div>
   <div class='ocr_carea' id='block_1_139' title="bbox 2871 3985 3738 4047">
    <p class='ocr_par' dir='ltr' id='par_1_139' title="bbox 2871 3985 3738 4047">
     <span class='ocr_line' id='line_1_139' title="bbox 2871 3985 3738 4047; baseline 0.005 -4"><span class='ocrx_word' id='word_1_474' title='bbox 2871 3987 3161 4044; x_wconf 88' lang='lat' dir='ltr'>Gallorum</span> <span class='ocrx_word' id='word_1_475' title='bbox 3189 3985 3414 4043; x_wconf 86' lang='lat' dir='ltr'>Christe</span> <span class='ocrx_word' id='word_1_476' title='bbox 3447 3989 3738 4047; x_wconf 86' lang='lat' dir='ltr'>cantibus</span> 
     </span>
    </p>
   </div>
   <div class='ocr_carea' id='block_1_140' title="bbox 2798 4077 3548 4150">
    <p class='ocr_par' dir='ltr' id='par_1_140' title="bbox 2798 4077 3548 4150">
     <span class='ocr_line' id='line_1_140' title="bbox 2798 4077 3548 4150; baseline -0.003 -16"><span class='ocrx_word' id='word_1_477' title='bbox 2798 4080 2874 4134; x_wconf 92' lang='lat' dir='ltr'>Te</span> <span class='ocrx_word' id='word_1_478' title='bbox 2898 4079 3170 4150; x_wconf 89' lang='lat' dir='ltr'>deprecor</span> <span class='ocrx_word' id='word_1_479' title='bbox 3199 4077 3548 4133; x_wconf 85' lang='lat' dir='ltr'>sonantibus</span> 
     </span>
    </p>
   </div>
   <div class='ocr_carea' id='block_1_141' title="bbox 2799 4168 3645 4240">
    <p class='ocr_par' dir='ltr' id='par_1_141' title="bbox 2799 4168 3645 4240">
     <span class='ocr_line' id='line_1_141' title="bbox 2799 4168 3645 4240; baseline 0.001 -15"><span class='ocrx_word' id='word_1_480' title='bbox 2799 4168 2948 4226; x_wconf 91' lang='lat' dir='ltr'>Petri</span> <span class='ocrx_word' id='word_1_481' title='bbox 2976 4169 3046 4224; x_wconf 92' lang='lat' dir='ltr'>ob</span> <span class='ocrx_word' id='word_1_482' title='bbox 3073 4169 3368 4240; x_wconf 88' lang='lat' dir='ltr'>quondam</span> <span class='ocrx_word' id='word_1_483' title='bbox 3397 4169 3645 4226; x_wconf 90' lang='lat' dir='ltr'>ﬂetibus</span> 
     </span>
    </p>
   </div>
   <div class='ocr_carea' id='block_1_142' title="bbox 2801 4259 3600 4332">
    <p class='ocr_par' dir='ltr' id='par_1_142' title="bbox 2801 4259 3600 4332">
     <span class='ocr_line' id='line_1_142' title="bbox 2801 4259 3600 4332; baseline 0.001 -16"><span class='ocrx_word' id='word_1_484' title='bbox 2801 4259 3012 4316; x_wconf 88' lang='lat' dir='ltr'>Nostris</span> <span class='ocrx_word' id='word_1_485' title='bbox 3034 4260 3268 4316; x_wconf 91' lang='lat' dir='ltr'>intende</span> <span class='ocrx_word' id='word_1_486' title='bbox 3297 4260 3600 4332; x_wconf 86' lang='lat' dir='ltr'>precibus.</span> 
     </span>
    </p>
   </div>
   <div class='ocr_carea' id='block_1_143' title="bbox 2802 4351 3160 4422">
    <p class='ocr_par' dir='ltr' id='par_1_143' title="bbox 2802 4351 3160 4422">
     <span class='ocr_line' id='line_1_143' title="bbox 2802 4351 3160 4422; baseline 0 -16"><span class='ocrx_word' id='word_1_487' title='bbox 2802 4351 2909 4416; x_wconf 88' lang='lat' dir='ltr'>Qui</span> <span class='ocrx_word' id='word_1_488' title='bbox 2933 4367 3160 4422; x_wconf 87' lang='lat' dir='ltr'>regnas.</span> 
     </span>
    </p>
   </div>
   <div class='ocr_carea' id='block_1_144' title="bbox 1833 3836 2544 3894">
    <p class='ocr_par' dir='ltr' id='par_1_144' title="bbox 1833 3836 2544 3894">
     <span class='ocr_line' id='line_1_144' title="bbox 1833 3836 2544 3894; baseline 0.006 -4"><span class='ocrx_word' id='word_1_489' title='bbox 1833 3838 1962 3890; x_wconf 83' lang='lat' dir='ltr'>Item</span> <span class='ocrx_word' id='word_1_490' title='bbox 1989 3836 2104 3890; x_wconf 84' lang='lat' dir='ltr'>alia</span> <span class='ocrx_word' id='word_1_491' title='bbox 2128 3837 2204 3890; x_wconf 87' lang='lat' dir='ltr'>ad</span> <span class='ocrx_word' id='word_1_492' title='bbox 2225 3837 2544 3894; x_wconf 82' lang='lat' dir='ltr'>Secundam.</span> 
     </span>
    </p>
   </div>
   <div class='ocr_carea' id='block_1_145' title="bbox 1743 3924 2414 3994">
    <p class='ocr_par' dir='ltr' id='par_1_145' title="bbox 1743 3924 2414 3994">
     <span class='ocr_line' id='line_1_145' title="bbox 1743 3924 2414 3994; baseline 0.006 -16"><span class='ocrx_word' id='word_1_493' title='bbox 1743 3925 1816 3978; x_wconf 92' lang='lat' dir='ltr'>Te</span> <span class='ocrx_word' id='word_1_494' title='bbox 1837 3939 2085 3994; x_wconf 88' lang='lat' dir='ltr'>oramus,</span> <span class='ocrx_word' id='word_1_495' title='bbox 2115 3924 2414 3994; x_wconf 88' lang='lat' dir='ltr'>Altissime,</span> 
     </span>
    </p>
   </div>
   <div class='ocr_carea' id='block_1_146' title="bbox 1673 4015 2293 4086">
    <p class='ocr_par' dir='ltr' id='par_1_146' title="bbox 1673 4015 2293 4086">
     <span class='ocr_line' id='line_1_146' title="bbox 1673 4015 2293 4086; baseline 0.003 -16"><span class='ocrx_word' id='word_1_496' title='bbox 1673 4017 1876 4070; x_wconf 85' lang='lat' dir='ltr'>Exorto</span> <span class='ocrx_word' id='word_1_497' title='bbox 1905 4015 2032 4070; x_wconf 93' lang='lat' dir='ltr'>solis</span> <span class='ocrx_word' id='word_1_498' title='bbox 2058 4015 2293 4086; x_wconf 91' lang='lat' dir='ltr'>lumine,</span> 
     </span>
    </p>
   </div>
   <div class='ocr_carea' id='block_1_147' title="bbox 1674 4106 2381 4178">
    <p class='ocr_par' dir='ltr' id='par_1_147' title="bbox 1674 4106 2381 4178">
     <span class='ocr_line' id='line_1_147' title="bbox 1674 4106 2381 4178; baseline 0.001 -16"><span class='ocrx_word' id='word_1_499' title='bbox 1674 4106 1892 4162; x_wconf 92' lang='lat' dir='ltr'>Christo</span> <span class='ocrx_word' id='word_1_500' title='bbox 1921 4107 2105 4162; x_wconf 89' lang='lat' dir='ltr'>oriens</span> <span class='ocrx_word' id='word_1_501' title='bbox 2129 4107 2381 4178; x_wconf 91' lang='lat' dir='ltr'>nomine,</span> 
     </span>
    </p>
   </div>
   <div class='ocr_carea' id='block_1_148' title="bbox 1674 4197 2358 4270">
    <p class='ocr_par' dir='ltr' id='par_1_148' title="bbox 1674 4197 2358 4270">
     <span class='ocr_line' id='line_1_148' title="bbox 1674 4197 2358 4270; baseline 0.003 -18"><span class='ocrx_word' id='word_1_502' title='bbox 1674 4199 1874 4254; x_wconf 89' lang='lat' dir='ltr'>Adesto</span> <span class='ocrx_word' id='word_1_503' title='bbox 1892 4197 2074 4266; x_wconf 88' lang='lat' dir='ltr'>nobis,</span> <span class='ocrx_word' id='word_1_504' title='bbox 2104 4197 2358 4270; x_wconf 90' lang='lat' dir='ltr'>Domine,</span> 
     </span>
    </p>
   </div>
   <div class='ocr_carea' id='block_1_149' title="bbox 1673 4287 2340 4359">
    <p class='ocr_par' dir='ltr' id='par_1_149' title="bbox 1673 4287 2340 4359">
     <span class='ocr_line' id='line_1_149' title="bbox 1673 4287 2340 4359; baseline -0.001 -15"><span class='ocrx_word' id='word_1_505' title='bbox 1673 4288 1780 4353; x_wconf 90' lang='lat' dir='ltr'>Qui</span> <span class='ocrx_word' id='word_1_506' title='bbox 1803 4304 2010 4359; x_wconf 88' lang='lat' dir='ltr'>regnas</span> <span class='ocrx_word' id='word_1_507' title='bbox 2035 4287 2094 4342; x_wconf 92' lang='lat' dir='ltr'>in</span> <span class='ocrx_word' id='word_1_508' title='bbox 2123 4289 2340 4343; x_wconf 79' lang='lat' dir='ltr'>saecula.</span> 
     </span>
    </p>
   </div>
   <div class='ocr_carea' id='block_1_150' title="bbox 2000 4390 2373 4445">
    <p class='ocr_par' dir='ltr' id='par_1_150' title="bbox 2000 4390 2373 4445">
     <span class='ocr_line' id='line_1_150' title="bbox 2000 4390 2373 4445; baseline 0 -1"><span class='ocrx_word' id='word_1_509' title='bbox 2000 4390 2092 4445; x_wconf 87' lang='lat' dir='ltr'>Ad</span> <span class='ocrx_word' id='word_1_510' title='bbox 2120 4392 2373 4445; x_wconf 77' lang='lat' dir='ltr'>Tertiam.</span> 
     </span>
    </p>
   </div>
   <div class='ocr_carea' id='block_1_151' title="bbox 2935 4469 3750 4534">
    <p class='ocr_par' dir='ltr' id='par_1_151' title="bbox 2935 4469 3750 4534">
     <span class='ocr_line' id='line_1_151' title="bbox 2935 4469 3750 4534; baseline 0.011 -8"><span class='ocrx_word' id='word_1_511' title='bbox 2935 4473 3070 4526; x_wconf 84' lang='lat' dir='ltr'>Item</span> <span class='ocrx_word' id='word_1_512' title='bbox 3097 4469 3216 4526; x_wconf 79' lang='lat' dir='ltr'>alia.</span> <span class='ocrx_word' id='word_1_513' title='bbox 3247 4471 3326 4527; x_wconf 91' lang='lat' dir='ltr'>ad</span> <span class='ocrx_word' id='word_1_514' title='bbox 3361 4473 3750 4534; x_wconf 76' lang='lat' dir='ltr'>Matutinum.</span> 
     </span>
    </p>
   </div>
   <div class='ocr_carea' id='block_1_152' title="bbox 2873 4578 3680 4652">
    <p class='ocr_par' dir='ltr' id='par_1_152' title="bbox 2873 4578 3680 4652">
     <span class='ocr_line' id='line_1_152' title="bbox 2873 4578 3680 4652; baseline 0.009 -18"><span class='ocrx_word' id='word_1_515' title='bbox 2873 4580 3042 4649; x_wconf 89' lang='lat' dir='ltr'>Deus,</span> <span class='ocrx_word' id='word_1_516' title='bbox 3073 4578 3171 4650; x_wconf 91' lang='lat' dir='ltr'>qui</span> <span class='ocrx_word' id='word_1_517' title='bbox 3195 4580 3376 4652; x_wconf 89' lang='lat' dir='ltr'>pulsis</span> <span class='ocrx_word' id='word_1_518' title='bbox 3403 4583 3680 4640; x_wconf 88' lang='lat' dir='ltr'>tenebris</span> 
     </span>
    </p>
   </div>
   <div class='ocr_carea' id='block_1_153' title="bbox 2805 4667 3382 4738">
    <p class='ocr_par' dir='ltr' id='par_1_153' title="bbox 2805 4667 3382 4738">
     <span class='ocr_line' id='line_1_153' title="bbox 2805 4667 3382 4738; baseline 0.005 -15"><span class='ocrx_word' id='word_1_519' title='bbox 2805 4667 2928 4724; x_wconf 90' lang='lat' dir='ltr'>Diei</span> <span class='ocrx_word' id='word_1_520' title='bbox 2949 4668 3137 4724; x_wconf 89' lang='lat' dir='ltr'>lucem</span> <span class='ocrx_word' id='word_1_521' title='bbox 3155 4669 3382 4738; x_wconf 81' lang='lat' dir='ltr'>tribuis,</span> 
     </span>
    </p>
   </div>
   <div class='ocr_carea' id='block_1_154' title="bbox 2803 4759 3549 4820">
    <p class='ocr_par' dir='ltr' id='par_1_154' title="bbox 2803 4759 3549 4820">
     <span class='ocr_line' id='line_1_154' title="bbox 2803 4759 3549 4820; baseline 0.008 -6"><span class='ocrx_word' id='word_1_522' title='bbox 2803 4759 3126 4815; x_wconf 84' lang='lat' dir='ltr'>Adventum</span> <span class='ocrx_word' id='word_1_523' title='bbox 3151 4761 3272 4816; x_wconf 89' lang='lat' dir='ltr'>veri</span> <span class='ocrx_word' id='word_1_524' title='bbox 3299 4761 3549 4820; x_wconf 90' lang='lat' dir='ltr'>luminis</span> 
     </span>
    </p>
   </div>
   <div class='ocr_carea' id='block_1_155' title="bbox 2803 4849 3458 4909">
    <p class='ocr_par' dir='ltr' id='par_1_155' title="bbox 2803 4849 3458 4909">
     <span class='ocr_line' id='line_1_155' title="bbox 2803 4849 3458 4909; baseline 0.008 -5"><span class='ocrx_word' id='word_1_525' title='bbox 2803 4849 2934 4906; x_wconf 90' lang='lat' dir='ltr'>Tuis</span> <span class='ocrx_word' id='word_1_526' title='bbox 2959 4849 3188 4908; x_wconf 83' lang='lat' dir='ltr'>effunde</span> <span class='ocrx_word' id='word_1_527' title='bbox 3205 4851 3458 4909; x_wconf 87' lang='lat' dir='ltr'>famulis.</span> 
     </span>
    </p>
   </div>
   <div class='ocr_carea' id='block_1_156' title="bbox 2239 5044 3922 5131">
    <p class='ocr_par' dir='ltr' id='par_1_156' title="bbox 2239 5044 3922 5131">
     <span class='ocr_line' id='line_1_156' title="bbox 2239 5044 3922 5131; baseline 0.009 -31"><span class='ocrx_word' id='word_1_528' title='bbox 2239 5059 2372 5102; x_wconf 89' lang='lat' dir='ltr'>nem</span> <span class='ocrx_word' id='word_1_529' title='bbox 2409 5044 2574 5102; x_wconf 86' lang='lat' dir='ltr'>nobis</span> <span class='ocrx_word' id='word_1_530' title='bbox 2619 5048 2987 5120; x_wconf 88' lang='lat' dir='ltr'>poscentibus</span> <span class='ocrx_word' id='word_1_531' title='bbox 3009 5049 3216 5122; x_wconf 87' lang='lat' dir='ltr'>jubeas</span> <span class='ocrx_word' id='word_1_532' title='bbox 3239 5051 3500 5108; x_wconf 92' lang='lat' dir='ltr'>concedi.</span> <span class='ocrx_word' id='word_1_533' title='bbox 3531 5055 3652 5120; x_wconf 88' lang='lat' dir='ltr'>Qui</span> <span class='ocrx_word' id='word_1_534' title='bbox 3685 5073 3922 5131; x_wconf 85' lang='lat' dir='ltr'>regnas.</span> 
     </span>
    </p>
   </div>
   <div class='ocr_carea' id='block_1_157' title="bbox 2768 5187 3340 5247">
    <p class='ocr_par' dir='ltr' id='par_1_157' title="bbox 2768 5187 3340 5247">
     <span class='ocr_line' id='line_1_157' title="bbox 2768 5187 3340 5247; baseline 0.003 -3"><span class='ocrx_word' id='word_1_535' title='bbox 2768 5187 2859 5244; x_wconf 85' lang='lat' dir='ltr'>Ad</span> <span class='ocrx_word' id='word_1_536' title='bbox 2880 5189 3068 5244; x_wconf 78' lang='lat' dir='ltr'>horam</span> <span class='ocrx_word' id='word_1_537' title='bbox 3093 5191 3340 5247; x_wconf 70' lang='lat' dir='ltr'>Semtam.</span> 
     </span>
    </p>
   </div>
   <div class='ocr_carea' id='block_1_158' title="bbox 2311 5291 3918 5374">
    <p class='ocr_par' dir='ltr' id='par_1_158' title="bbox 2311 5291 3918 5374">
     <span class='ocr_line' id='line_1_158' title="bbox 2311 5291 3918 5374; baseline 0.01 -28"><span class='ocrx_word' id='word_1_538' title='bbox 2311 5291 2679 5362; x_wconf 88' lang='lat' dir='ltr'>Omnipotens</span> <span class='ocrx_word' id='word_1_539' title='bbox 2713 5297 2922 5350; x_wconf 66' lang='lat' dir='ltr'>mterne</span> <span class='ocrx_word' id='word_1_540' title='bbox 2947 5295 3114 5365; x_wconf 92' lang='lat' dir='ltr'>Deus,</span> <span class='ocrx_word' id='word_1_541' title='bbox 3145 5295 3244 5367; x_wconf 87' lang='lat' dir='ltr'>qui</span> <span class='ocrx_word' id='word_1_542' title='bbox 3275 5297 3445 5352; x_wconf 91' lang='lat' dir='ltr'>nobis</span> <span class='ocrx_word' id='word_1_543' title='bbox 3487 5305 3806 5374; x_wconf 88' lang='lat' dir='ltr'>magnalia</span> <span class='ocrx_word' id='word_1_544' title='bbox 3837 5307 3918 5361; x_wconf 84' lang='lat' dir='ltr'>fe-</span> 
     </span>
    </p>
   </div>
   <div class='ocr_carea' id='block_1_159' title="bbox 2241 5383 3924 5466">
    <p class='ocr_par' dir='ltr' id='par_1_159' title="bbox 2241 5383 3924 5466">
     <span class='ocr_line' id='line_1_159' title="bbox 2241 5383 3924 5466; baseline 0.011 -28"><span class='ocrx_word' id='word_1_545' title='bbox 2241 5383 2381 5454; x_wconf 89' lang='lat' dir='ltr'>cisti,</span> <span class='ocrx_word' id='word_1_546' title='bbox 2417 5391 2576 5442; x_wconf 77' lang='lat' dir='ltr'>sexta</span> <span class='ocrx_word' id='word_1_547' title='bbox 2599 5387 2742 5442; x_wconf 87' lang='lat' dir='ltr'>hora</span> <span class='ocrx_word' id='word_1_548' title='bbox 2768 5391 3018 5443; x_wconf 89' lang='lat' dir='ltr'>sanctam</span> <span class='ocrx_word' id='word_1_549' title='bbox 3031 5389 3270 5444; x_wconf 90' lang='lat' dir='ltr'>Crucem</span> <span class='ocrx_word' id='word_1_550' title='bbox 3295 5393 3646 5466; x_wconf 89' lang='lat' dir='ltr'>ascendisti,</span> <span class='ocrx_word' id='word_1_551' title='bbox 3681 5403 3744 5453; x_wconf 92' lang='lat' dir='ltr'>et</span> <span class='ocrx_word' id='word_1_552' title='bbox 3769 5404 3924 5455; x_wconf 90' lang='lat' dir='ltr'>tene-</span> 
     </span>
    </p>
   </div>
   <div class='ocr_carea' id='block_1_160' title="bbox 2240 5477 3920 5551">
    <p class='ocr_par' dir='ltr' id='par_1_160' title="bbox 2240 5477 3920 5551">
     <span class='ocr_line' id='line_1_160' title="bbox 2240 5477 3920 5551; baseline 0.011 -20"><span class='ocrx_word' id='word_1_553' title='bbox 2240 5477 2368 5532; x_wconf 88' lang='lat' dir='ltr'>bras</span> <span class='ocrx_word' id='word_1_554' title='bbox 2396 5480 2594 5534; x_wconf 89' lang='lat' dir='ltr'>mundi</span> <span class='ocrx_word' id='word_1_555' title='bbox 2623 5480 2998 5551; x_wconf 89' lang='lat' dir='ltr'>inluminasti,</span> <span class='ocrx_word' id='word_1_556' title='bbox 3031 5481 3110 5537; x_wconf 90' lang='lat' dir='ltr'>sic</span> <span class='ocrx_word' id='word_1_557' title='bbox 3137 5485 3192 5538; x_wconf 91' lang='lat' dir='ltr'>et</span> <span class='ocrx_word' id='word_1_558' title='bbox 3221 5484 3394 5539; x_wconf 87' lang='lat' dir='ltr'>corda</span> <span class='ocrx_word' id='word_1_559' title='bbox 3419 5492 3634 5545; x_wconf 84' lang='lat' dir='ltr'>nostra</span> <span class='ocrx_word' id='word_1_560' title='bbox 3677 5491 3920 5548; x_wconf 85' lang='lat' dir='ltr'>inlumi-</span> 
     </span>
    </p>
   </div>
   <div class='ocr_carea' id='block_1_161' title="bbox 2247 5573 3064 5647">
    <p class='ocr_par' dir='ltr' id='par_1_161' title="bbox 2247 5573 3064 5647">
     <span class='ocr_line' id='line_1_161' title="bbox 2247 5573 3064 5647; baseline 0.005 -21"><span class='ocrx_word' id='word_1_561' title='bbox 2247 5587 2382 5628; x_wconf 90' lang='lat' dir='ltr'>nare</span> <span class='ocrx_word' id='word_1_562' title='bbox 2406 5573 2674 5645; x_wconf 86' lang='lat' dir='ltr'>digneris.</span> <span class='ocrx_word' id='word_1_563' title='bbox 2706 5574 2810 5640; x_wconf 92' lang='lat' dir='ltr'>Qui</span> <span class='ocrx_word' id='word_1_564' title='bbox 2839 5591 3064 5647; x_wconf 89' lang='lat' dir='ltr'>regnas.</span> 
     </span>
    </p>
   </div>
   <div class='ocr_carea' id='block_1_162' title="bbox 2777 5719 3346 5780">
    <p class='ocr_par' dir='ltr' id='par_1_162' title="bbox 2777 5719 3346 5780">
     <span class='ocr_line' id='line_1_162' title="bbox 2777 5719 3346 5780; baseline 0.002 -6"><span class='ocrx_word' id='word_1_565' title='bbox 2777 5719 2868 5774; x_wconf 83' lang='lat' dir='ltr'>Ad</span> <span class='ocrx_word' id='word_1_566' title='bbox 2897 5719 3086 5775; x_wconf 86' lang='lat' dir='ltr'>horam</span> <span class='ocrx_word' id='word_1_567' title='bbox 3111 5723 3346 5780; x_wconf 78' lang='lat' dir='ltr'>Nonum.</span> 
     </span>
    </p>
   </div>
   <div class='ocr_carea' id='block_1_163' title="bbox 2313 5822 3918 5910">
    <p class='ocr_par' dir='ltr' id='par_1_163' title="bbox 2313 5822 3918 5910">
     <span class='ocr_line' id='line_1_163' title="bbox 2313 5822 3918 5910; baseline 0.011 -35"><span class='ocrx_word' id='word_1_568' title='bbox 2313 5822 2472 5876; x_wconf 88' lang='lat' dir='ltr'>Nona</span> <span class='ocrx_word' id='word_1_569' title='bbox 2499 5823 2688 5894; x_wconf 88' lang='lat' dir='ltr'>agitur</span> <span class='ocrx_word' id='word_1_570' title='bbox 2705 5823 2814 5879; x_wconf 91' lang='lat' dir='ltr'>diei</span> <span class='ocrx_word' id='word_1_571' title='bbox 2841 5824 3000 5880; x_wconf 91' lang='lat' dir='ltr'>hora.</span> <span class='ocrx_word' id='word_1_572' title='bbox 3029 5826 3115 5881; x_wconf 88' lang='lat' dir='ltr'>Ad</span> <span class='ocrx_word' id='word_1_573' title='bbox 3139 5830 3216 5898; x_wconf 90' lang='lat' dir='ltr'>te,</span> <span class='ocrx_word' id='word_1_574' title='bbox 3236 5827 3507 5899; x_wconf 91' lang='lat' dir='ltr'>Domine,</span> <span class='ocrx_word' id='word_1_575' title='bbox 3533 5833 3776 5894; x_wconf 85' lang='lat' dir='ltr'>directa</span> <span class='ocrx_word' id='word_1_576' title='bbox 3793 5855 3918 5910; x_wconf 84' lang='lat' dir='ltr'>sup-</span> 
     </span>
    </p>
   </div>
   <div class='ocr_carea' id='block_1_164' title="bbox 2239 5914 3918 5992">
    <p class='ocr_par' dir='ltr' id='par_1_164' title="bbox 2239 5914 3918 5992">
     <span class='ocr_line' id='line_1_164' title="bbox 2239 5914 3918 5992; baseline 0.014 -22"><span class='ocrx_word' id='word_1_577' title='bbox 2239 5914 2558 5990; x_wconf 87' lang='lat' dir='ltr'>plicatione,</span> <span class='ocrx_word' id='word_1_578' title='bbox 2591 5933 2704 5992; x_wconf 86' lang='lat' dir='ltr'>qua</span> <span class='ocrx_word' id='word_1_579' title='bbox 2739 5917 3048 5978; x_wconf 86' lang='lat' dir='ltr'>cultoribus</span> <span class='ocrx_word' id='word_1_580' title='bbox 3087 5920 3198 5978; x_wconf 86' lang='lat' dir='ltr'>tuis</span> <span class='ocrx_word' id='word_1_581' title='bbox 3247 5921 3446 5982; x_wconf 82' lang='lat' dir='ltr'>divina</span> <span class='ocrx_word' id='word_1_582' title='bbox 3495 5935 3918 5991; x_wconf 81' lang='lat' dir='ltr'>monstrantur</span> 
     </span>
    </p>
   </div>
  </div>
