3994 6432
474 393 573 445 599
1251 385 1585 442 APPENDIX
1621 386 1708 442 AD
1743 383 1964 440 OPERA
1999 380 2232 438 SANCTI
2267 378 2565 436 GERMANI
2603 375 3031 434 PARJSIENSIS.
3745 375 3859 430 600

1002 499 1106 552 Pro
1125 495 1574 567 eleemosynariz's.
2111 502 2172 576 Α
2789 485 2879 542 Ad
2921 486 3206 554 martyres.

547 588 837 663 Dispersit,
866 588 1018 645 dedit
1043 590 1405 662 pauperibus.
1430 587 1656 645 Justitia
1680 588 1802 660 ejus
1818 590 2008 644 manet
2032 585 2092 643 in
2161 575 2166 576 ί
2261 583 2425 649 Deus,
2457 580 2554 652 qui
2571 583 2786 635 sanctos
2813 583 2938 634 tuos
2968 595 3101 634 cum
3130 593 3404 634 mensura
3450 575 3777 650 approbas,
3813 579 3874 634 et

477 685 744 740 saeculum
769 683 980 755 saeculi,
1007 699 1183 738 cornu
1199 684 1319 755 ejus
1345 683 1681 740 exaltabitur
1704 682 1765 738 in
1795 681 1995 754 gloria.
2192 675 2311 731 sine
2356 691 2620 730 mensura
2649 672 2950 745 gloriﬁcas,
2980 671 3142 743 cujus
3183 674 3476 744 praecepta
3512 671 3704 727 ﬁnem
3740 671 3857 726 ha—

545 778 934 850 Eleemosynas
961 777 1300 834 facientibus
1334 778 1396 832 in
1439 778 1545 834 hoc
1581 776 1796 834 mundo
1821 774 2089 845 retribue,
2191 771 2345 840 bent,
2375 772 2431 824 et
2466 767 2711 840 praemia
2739 765 3049 822 terminum
3076 781 3193 821 non
3229 766 3468 829 habent,
3500 764 3718 820 exaudi
3763 781 3874 836 per

474 871 729 940 Domine,
759 871 820 929 in
848 888 1026 944 regno
1053 875 1150 928 tuo
1177 875 1384 927 sancto.
2193 863 2420 918 illorum
2452 861 2655 916 merita
2708 876 2902 931 preces
2953 863 3194 928 nostras,
3224 863 3281 914 et
3319 859 3515 914 tribue
3559 861 3628 912 ut
3656 873 3875 914 eorum

1089 982 1193 1035 Pro
1226 979 1475 1048 inﬁrmis.
2192 955 2506 1028 patrocinia
2538 953 2806 1048 adjuvent
2843 969 2945 1006 nos
2972 953 3046 1007 ad
3081 951 3213 1048 fidei
3251 952 3621 1048 profectum,
3643 952 3720 1007 ad
3758 951 3873 1007 bo-

543 1075 1010 1132 Exclamaverunt
1033 1073 1104 1128 ad
1151 1044 1474 1140 Dominum,
1503 1086 1633 1126 cum
1667 1070 2092 1136 tribularentur,

2274 1066 2401 1103 rum
2453 1063 2690 1118 operum
2740 1046 3012 1115 fructum,
3066 1046 3137 1100 ad
3168 1045 3573 1118 prosperitatis
3605 1044 3872 1114 bonum,

472 1173 531 1227 et
548 1169 618 1224 de
645 1167 1066 1224 necessitatibus
1091 1183 1292 1222 eorum
1317 1139 1582 1220 liberabit
1608 1180 1723 1220 eos.
2194 1144 2264 1197 ad
2291 1139 2626 1196 salubritatis
2656 1140 3046 1209 commodum,
3075 1139 3145 1194 ad
3175 1139 3477 1211 religionis
3509 1139 3773 1209 cultum,
3795 1140 3872 1195 ad

542 1261 764 1331 Tribue,
797 1261 1046 1331 Domine,
1068 1261 1180 1316 tuis
1217 1258 1445 1315 famulis
1465 1257 1762 1313 sanitatem
1787 1257 2010 1324 mentis,
2041 1260 2096 1310 et
2197 1235 2369 1290 (“Vini
2395 1233 2610 1331 tifflof'is
2657 1237 3034 1331 augféenmm
3073 1248 3177 1304 Per
3219 1231 3536 1331 pomiffum
3589 1237 3877 1331 nostrum

474 1325 761 1418 corporis;
1033 1325 1041 1331 ’
2195 1330 2384 1382 Jesum
2413 1325 2701 1382 Christum
2724 1325 2927 1380 Filium
2953 1329 3140 1396 tuum,
3164 1325 3362 1397 quiest
3388 1327 3514 1382 Rex
3532 1341 3781 1398 regum,
3815 1329 3877 1380 et

544 1440 792 1508 Exurge,
821 1438 1079 1504 Domine,
1111 1437 1315 1508 adjuva
1347 1451 1469 1505 nos,
1498 1438 1553 1490 et
1598 1432 1812 1488 redime
1837 1448 1938 1486 nos
1961 1447 2092 1503 pro-
2197 1421 2466 1475 Dominus
2510 1418 2948 1490 dominantium:
3009 1423 3064 1474 et
3111 1419 3291 1490 81οΓίᾶ
3345 1419 3717 1487 futurorum,
3783 1435 3876 1475 1⁵8-

475 1537 604 1605 pter
625 1547 836 1588 nomen
861 1534 1045 1586 ιηωη,
2199 1529 2396 1583 gnans,
2436 1518 2491 1568 et
2513 1529 2858 1584 permanens
2885 1529 2997 1567 una
3031 1528 3165 1568 cum
3205 1516 3421 1568 aeterno
3449 1511 3684 1585 Spiritu
3727 1528 3878 1568 san-

546 1625 902 1696 Adjutorium
924 1629 1182 1678 nostrum
1208 1622 1268 1676 in
1294 1621 1521 1676 nomine
1547 1619 1792 1674 Domini.
2197 1611 2284 1660 «τὶο
2311 1607 2369 1661 in
2390 1607 2592 1661 Stccula
2617 1605 2974 1660 saeculorum.

546 1719 768 1774 Salvare
791 1734 894 1772 nos
931 1716 1184 1787 digneris
1227 1730 1332 1786 per
1363 1713 1771 1769 invocationem
1805 1711 1980 1766 sancti
2013 1711 2096 1765 tui
2655 1707 2900 1763 Collectio
2922 1709 3047 1778 post
3071 1709 3364 1762 canticum.

472 1811 740 1869 nominis.
768 1810 874 1875 Qui
900 1825 1122 1880 regnas,
1154 1813 1260 1864 etc.
2117 1870 2165 1880 ﬁ
2267 1801 2433 1870 Deus,
2467 1800 2566 1872 qui
2603 1799 2831 1855 exeunti
2869 1817 2937 1854 ex
2977 1801 3221 1872 Egypto
3251 1799 3478 1871 populo
3524 1805 3636 1856 tuo
3682 1802 3884 1857 maria

543 1906 710 1973 Deus,
741 1903 840 1975 qui
867 1902 1071 1957 sanctis
1090 1901 1434 1972 martyribus
1458 1905 1514 1956 et
1554 1899 1745 1956 electis
1787 1898 1899 1953 tuis
1937 1913 2094 1952 coro-
2117 1870 2174 1942 B
2198 1893 2454 1962 divisisti,
2485 1898 2540 1948 et
2565 1893 2848 1964 suspensis
2875 1892 3140 1964 utrinque
3176 1893 3546 1965 marginibus
3573 1893 3644 1948 in
3670 1895 3880 1966 specie

471 2014 605 2054 nam
650 1996 908 2068 martyrii
954 1995 1286 2068 prtestitisti,
1339 1999 1396 2049 te
1431 2009 1678 2062 oramus,
1727 1990 1988 2060 Domine,
2038 1995 2099 2046 ut
2197 1985 2348 2040 muri
2373 1986 2517 2058 erigi
2544 1986 3010 2057 ﬂuentajussisti,
3040 1985 3259 2040 animas
3289 2003 3524 2059 quoque
3561 1992 3814 2042 nostras
3848 2005 3884 2044 a

473 2105 675 2146 eorum
699 2089 914 2145 meritis
943 2088 1296 2143 obtineamus
1319 2087 1563 2157 veniam,
1593 2086 1692 2158 qui
1731 2089 1946 2140 tantam
1975 2083 2096 2156 glo-
2197 2080 2404 2134 diluvio
2433 2085 2792 2151 peccatorum
2823 2079 3065 2134 liberare
3095 2079 3370 2151 digneris,
3403 2085 3472 2136 ut
3501 2081 3772 2136 transire
3801 2082 3885 2135 vi-

473 2183 618 2238 riam
641 2199 760 2240 non
782 2197 1094 2237 meremur.
1124 2180 1230 2245 Qui
1257 2196 1481 2252 regnas,
1509 2183 1617 2236 etc.
2197 2173 2405 2227 tiorum
2431 2173 2718 2245 gurgitem
2743 2173 3028 2228 valeamus
3057 2173 3219 2228 hoste
3262 2179 3630 2246 contempto,
3679 2174 3886 2230 Salva-

546 2275 628 2331 Ad
655 2280 730 2343 te,
775 2275 1035 2344 Domine,
1076 2273 1350 2330 clamabo.
1397 2275 1545 2328 Deus
1583 2289 1745 2328 meus
1773 2287 1844 2326 ne
1878 2270 2038 2325 sileas
2066 2287 2099 2324 a
2198 2270 2286 2320 tor
2320 2266 2540 2335 mundi,
2571 2265 2670 2336 qui
2705 2282 2836 2320 cum
2875 2271 3088 2321 aeterno
3118 2267 3283 2321 Patre
3329 2267 3497 2336 vivis,
3531 2267 3885 2322 dominaris

475 2385 588 2425 me,
2198 2375 2260 2412 ac
2281 2375 2482 2430 regnas
2519 2375 2650 2413 cum
2689 2359 2905 2430 Spiritu
2930 2363 3122 2414 sancto
3148 2359 3210 2414 in
3236 2361 3445 2415 saecula
3477 2361 3883 2418 saeculorum.

545 2461 816 2517 Dominus
869 2461 1144 2516 virtutum
1213 2459 1527 2530 nobiscum,
1578 2462 1866 2531 susceptor
1912 2461 2102 2513 noster
2431 2471 2674 2528 σοιιροιίο
2694 2474 2820 2541 post
2849 2470 3264 2525 benedictionem
3287 2487 3621 2542 puerorum.

475 2558 623 2613 Deus
641 2555 826 2610 Iacob.
2269 2563 2482 2618 Exaudi
2518 2579 2714 2636 preces
2737 2566 2977 2633 nostras,
3003 2563 3372 2635 omnipotens
3400 2565 3575 2636 Deus,
3617 2570 3682 2622 et
3712 2583 3883 2639 prae-

545 2649 780 2720 Adjutor
804 2650 1147 2704 nosterDeus
1161 2647 1327 2704 Jacob
1347 2647 1617 2704 miserere
1635 2645 1817 2714 nobis,
1843 2642 2097 2732 Domine.
2200 2661 2283 2711 sm
2306 2657 2529 2712 utsicut
2553 2657 2615 2711 in
2643 2657 2934 2712 decantata
2964 2656 3181 2728 hymno
3225 2657 3392 2712 beata
3419 2675 3768 2730 puerorum
3787 2661 3886 2717 in-

475 2743 580 2808 Qui
611 2757 836 2815 regnas,
868 2743 972 2796 etc.
1114 2814 1128 2828 Α
1165 2813 1181 2828 ἱ
1381 2815 1394 2828 ι
2200 2751 2392 2827 stituta
2417 2753 2716 2817 sectamur,
2747 2750 2824 2804 ita
2844 2754 2942 2806 tuo
2968 2766 3208 2806 munere
3236 2756 3615 2822 peccatorum
3646 2754 3890 2828 laqueis

1092 2813 1181 2868 Ad
1213 2813 1478 2867 collectas.

2273 2843 2437 2898 soluti
2463 2843 2662 2899 aeterni
2685 2843 2833 2916 ignis
2870 2859 2986 2898 non
3031 2844 3360 2899 ambiamur
3402 2845 3706 2903 incendiis
3769 2848 3890 2904 Sal-

547 2907 780 2961 Sanctus
805 2905 864 2960 in
891 2904 1114 2972 sanctis,
1160 2907 1356 2976 Agnus
1381 2903 1794 2972 immaculatus,
1829 2901 2102 2974 gloriosus
2201 2941 2356 2992 mtor
2374 2937 2594 3008 mundi,
2624 2901 2878 3009 quivcum
2904 2939 3066 2992 patre
3094 2937 3258 3007 vivis,
3286 2943 3397 2994 etc.

477 3001 536 3054 in
557 2997 728 3065 caelis,
762 2997 1037 3052 mirabilis
1061 2998 1118 3052 in
1148 2998 1332 3066 terris,
1378 3001 1584 3068 praesta
1619 2995 1804 3065 nobis,
1847 2995 2100 3067 Domine,

475 3091 788 3148 secundum
813 3107 1086 3162 magnam
1114 3089 1559 3144 misericordiam
1587 3093 1766 3159 tuam,
1787 3091 1953 3157 Deus,
1977 3106 2103 3163 quas

479 3188 534 3239 te
558 3183 804 3256 petimus
833 3187 888 3238 et
911 3199 1155 3238 oramus.
1195 3182 1301 3247 Qui
1331 3198 1552 3253 regnas.

1081 3289 1171 3345 Ad
1215 3278 1498 3357 martyres.

552 3386 842 3439 .Eternum
881 3382 1099 3437 virtutis
1136 3385 1250 3436 tute
1295 3397 1508 3436 nomen
1563 3380 1920 3452 omnipotens
1961 3383 2104 3437 Deus

479 3493 726 3546 oramus,
771 3476 855 3530 uti
899 3491 1000 3530 nos
1038 3479 1354 3546 martyrum
1393 3478 1450 3529 et
1487 3474 1745 3528 omnium
1782 3478 2104 3530 sanctorum

2615 3049 2861 3106 Collectio
2875 3051 2998 3118 post
3026 3052 3132 3104 tres
3151 3049 3417 3120 psalmos.

2272 3143 2364 3211 Te,
2395 3143 2651 3212 Domine,
2691 3142 2761 3197 de
2799 3141 2948 3196 caelis
2985 3141 3304 3211 laudamus,
3333 3142 3440 3198 tibi
3465 3147 3535 3198 ut
3563 3147 3892 3203 canticum

2122 3235 2176 3309 ρ
2201 3251 2410 3290 novum
2444 3240 2670 3290 cantare
2695 3250 3040 3290 mereamur.
3068 3236 3144 3292 Te
3191 3235 3514 3292 Dominum
3554 3237 3624 3293 in
3657 3241 3891 3296 sanctis

2203 3329 2314 3383 tuis
2339 3328 2734 3383 venerabiliter
2753 3329 3146 3400 deprecamur,
3174 3333 3239 3383 ut
3271 3329 3468 3384 omnia
3504 3337 3726 3390 nostra
3749 3339 3896 3391 vota

2202 3421 2487 3492 suscipias,
2521 3424 2745 3492 peccata
2771 3419 3042 3490 dimittas,
3077 3421 3334 3476 Salvator
3359 3423 3594 3480 mundi.
3641 3427 3771 3491 Qui
3805 3444 3898 3484 re-

479 3518 726 3546 νιυηηω,
774 3518 855 3530 ..η
899 3518 1000 3530 ..νυ
1038 3518 1210 3546 -..νη-,ι
1227 3518 1354 3530 η...
1395 3518 1450 3529 ν-
1488 3518 1745 3528 ν...........
1782 3518 1996 3530 "an...
2009 3518 2102 3529 ν..-

478 3575 707 3627 tuorum
728 3569 944 3624 meritis
968 3568 1146 3624 socios
1172 3569 1280 3622 ﬁde
1301 3585 1488 3639 pares,
1512 3567 1804 3623 devotione
1822 3571 2102 3635 strenuos,

2272 3531 2364 3582 las,
2391 3518 2496 3568 etc.

2622 3584 2867 3641 Collectio
2886 3588 3011 3654 post
3035 3586 3422 3655 Euangeltum.

478 3663 733 3736 passione
759 3662 1078 3718 consimiles
1107 3662 1166 3716 in
1203 3661 1615 3718 resurrectione
1640 3661 1891 3717 felicium
1934 3661 2105 3716 facias
2276 3677 2597 3732 Exultantes
2638 3677 2842 3748 gaudio
2887 3693 2992 3748 pro
3036 3677 3262 3733 reddita
3293 3679 3468 3735 nobis
3517 3681 3717 3754 hujus
3769 3686 3892 3743 diei

483 3755 780 3830 coaequari.
807 3755 914 3821 Qui
932 3772 1154 3828 regnas,
1188 3758 1294 3810 etc.

2272 3787 2329 3826 ce
2355 3770 2731 3842 omnipotenti
2757 3771 2872 3825 Deo
2900 3769 3096 3826 laudes
3134 3771 3466 3845 gratiasque
3515 3775 3894 3849 referamus,

552 3851 810 3906 Miserere
837 3849 972 3916 mei,
999 3850 1162 3918 Deus,
1197 3847 1508 3902 secundum
1534 3863 1824 3919 magnam,
1855 3853 1961 3904 etc.

2272 3864 2378 3918 sius
2399 3863 2839 3919 misericordiam
2868 3864 3250 3934 obsecrantes,
3274 3870 3336 3920 ut
3362 3866 3520 3922 diem
3555 3847 3898 3930 dominicas

553 3943 778 4012 Tribue:
806 3940 1410 4040 Dominevfetemibus
1441 3945 1502 4040 ξε
1544 3956 1613 3996 ex
1647 3940 1757 4040 ﬁdf’
1796 3941 2108 4040 secunde
2209 3956 2650 4013 Resurrectisnis
2685 3957 2849 4012 nobis
2890 3957 3227 4014 solemniter
3271 3959 3747 4038 celebrantibus,
3783 3985 3896 4040 pa-

489 4051 757 4108 magnam
772 4033 1216 4090 misericordiam
1237 4037 1416 4102 tuam,
1440 4034 1607 4103 Deus,
1639 4033 1736 4106 qui
1753 4050 1974 4105 regnas,
1999 4037 2105 4089 etc.
2207 4067 2330 4106 cem
2354 4055 2410 4106 et
2433 4050 2920 4122 tranquillitatem,
2956 4050 3214 4106 lmtitiam
3251 4058 3533 4124 praestare
3566 4033 3896 4131 dignetur,

1068 4137 1158 4192 Ad
1186 4140 1532 4194 Nocturnum.
2207 4150 2316 4200 uta
2337 4144 2528 4216 vigilia
2541 4143 2818 4199 matutina
2832 4160 3015 4216 usque
3043 4145 3113 4198 ad
3131 4150 3366 4204 noctem
3393 4147 3748 4208 clementiae
3771 4172 3900 4210 suae

557 4229 736 4287 Media
757 4233 920 4284 nocte
950 4229 1193 4285 clamore
1222 4230 1386 4300 facto,
1409 4234 1474 4285 ut
1492 4245 1594 4285 nos
1623 4228 1978 4284 inveniamur
2007 4244 2106 4300 pa-
2208 4240 2394 4293 favore
2420 4237 2678 4308 protecti,
2715 4237 3034 4293 exultantes
3061 4238 3258 4294 laetitia
3303 4244 3595 4312 perpetua
3633 4249 3903 4317 gaudea-

488 4322 596 4378 rati
619 4337 840 4394 sponso,
862 4323 958 4394 qui
989 4339 1212 4394 regnas,
1242 4329 1348 4378 etc.
2207 4348 2336 4387 mus
2362 4347 2464 4402 per
2487 4330 2792 4386 Dominum
2818 4335 3078 4386 nostrum
3105 4333 3304 4389 Iesum
3322 4334 3660 4396 Christum.
3697 4345 3822 4398 etc.

1053 4433 1145 4488 Ad
1189 4433 1542 4488 Matutinum.
2773 4433 2946 4502 Super
2986 4433 3266 4502 hymnum.

559 4525 706 4579 Deus
731 4525 877 4580 Deus
899 4528 1110 4594 noster,
1138 4526 1208 4580 ad
1237 4529 1292 4580 te
1321 4525 1390 4580 de
1418 4525 1542 4580 luce
1560 4523 1792 4595 vigilare
1818 4525 2106 4594 debemus,
2279 4525 2476 4580 Sancte
2503 4523 2758 4594 Domine,
2786 4524 3170 4596 inluminatio,
3194 4529 3252 4582 et
3271 4527 3423 4583 salus
3446 4545 3595 4586 vera
3629 4536 3898 4593 creden-

488 4621 543 4674 et
567 4620 629 4672 tu
654 4618 831 4674 excita
859 4618 927 4672 de
955 4619 1108 4689 gravi
1136 4635 1352 4687 somno,
1382 4620 1438 4672 et
1462 4617 1640 4672 libera
1670 4617 1740 4673 de
1771 4633 1966 4690 sopore
1992 4619 2115 4674 ani-
2136 4605 2195 4678 D
2217 4617 2385 4687 tibus,
2415 4617 2768 4673 Resurrectio
2799 4617 3108 4674 Dominicee
3135 4620 3428 4692 claritatis,
3454 4622 3778 4684 inlumina
3804 4648 3906 4686 cor

489 4727 612 4767 mas
635 4715 874 4780 nostras,
906 4715 962 4766 et
990 4711 1048 4765 in
1077 4711 1358 4766 cubilibus
1398 4710 1604 4765 nostris
1642 4727 2112 4782 compungamur,
2213 4715 2573 4780 nostrum,ut
2596 4710 2861 4766 trinitatis
2889 4711 3140 4780 scientia,
3170 4717 3229 4768 et
3248 4715 3486 4770 unitatis
3507 4722 3904 4795 cognitione,

493 4808 551 4858 ut
569 4804 653 4859 tui
677 4819 794 4858 esse
820 4819 1102 4858 memores
1123 4819 1466 4859 mereamur.
1483 4803 1590 4868 Qui
1611 4819 1834 4874 regnas,
1866 4809 1972 4860 etc.
2214 4804 2315 4859 ﬁlii
2335 4804 2492 4873 lucis,
2520 4806 2576 4859 et
2603 4803 3112 4881 membraﬁhristi,
3132 4821 3196 4860 ac
3213 4808 3505 4878 templum
3535 4816 3746 4870 sancti
3779 4817 3908 4890 Spi.

557 4897 639 4952 Tu
664 4913 722 4952 es
746 4913 872 4969 spes
892 4901 948 4952 et
973 4897 1142 4952 salus.
1170 4897 1254 4952 Tu
1280 4912 1338 4952 es
1367 4897 1478 4951 vita
1517 4900 1573 4952 et
1596 4897 1795 4955 virtus.
1825 4898 1908 4952 Tu
1931 4913 1990 4954 es
2014 4899 2113 4953 ad-
2214 4897 2357 4952 ritus
2382 4913 2500 4953 esse
2537 4912 2882 4969 mereamur,
2914 4896 3013 4970 qui
3037 4913 3250 4971 regnas
3288 4899 3351 4956 in
3398 4904 3623 4962 sarcula
3653 4911 3909 4966 saeculo-

476 4991 642 5061 jutor
663 4990 725 5046 in
747 4990 1226 5046 tribulationibus.
1255 4991 1338 5045 Tu
1387 5006 1446 5045 es
1486 4989 1747 5046 defensor
1786 4990 2117 5048 animarum
2216 5006 2367 5046 rum.

487 5087 832 5153 nostrarum,
896 5085 1043 5140 Deus
1117 5083 1346 5152 Israhel,
1415 5084 1475 5138 in
1537 5084 1818 5140 omnibus.
1872 5083 1978 5149 Qui
2023 5101 2113 5140 re-
2502 5156 2512 5164 λ
2584 5154 2622 5164 __
2730 5153 2742 5164 .
2803 5063 2879 5116 De
2904 5064 3260 5164 νηξινξυ-ΐξίξῑιε·

491 5191 649 5246 snas,
680 5181 790 5232 etc.
1937 5177 1941 5181 ·
2287 5154 2349 5208 Hi
2388 5156 2540 5223 sunt,
2581 5154 2842 5222 Domine,
2869 5154 2991 5226 qui,
3023 5155 3179 5212 felici
3208 5173 3413 5214 cruore
3451 5162 3724 5236 perfusi,
3757 5169 3903 5225 dum

1065 5249 1156 5304 Ad
1182 5251 1534 5305 Matutinum.
2213 5247 2593 5303 blandientem
2630 5247 2828 5304 mundi
2875 5247 3048 5319 hujus
3073 5248 3420 5306 inlecebram
3448 5254 3734 5324 gloriosa
3765 5280 3902 5336 pas-

564 5338 608 5391 Ο
639 5338 738 5408 qui
763 5338 822 5394 in
845 5339 970 5396 altis
999 5341 1239 5409 habitas,
1271 5345 1328 5396 et
1351 5340 1590 5396 humilia
1614 5339 1844 5412 respicis
1879 5340 1939 5396 in
1973 5341 2113 5397 caelo
2215 5341 2368 5395 sione
2409 5339 2748 5410 despiciunt,
2779 5345 3022 5397 mortem
3053 5347 3243 5398 morte
3283 5344 3574 5418 vicerunt,
3624 5358 3908 5413 conside-

491 5437 548 5487 et
573 5430 632 5485 in
660 5435 828 5502 terra,
859 5434 918 5488 in
942 5435 1086 5489 mari
1124 5439 1182 5488 et
1214 5434 1273 5486 in
1305 5434 1567 5489 omnibus
1605 5434 1837 5506 abyssis,
1875 5435 1944 5490 de
1980 5451 2112 5506 pro-
2215 5438 2512 5504 rantesque
2539 5433 2798 5488 tenebras
2827 5433 2998 5505 hujus
3025 5435 3340 5503 luciscerto
3360 5441 3650 5511 termino,
3679 5464 3758 5502 ac
3788 5450 3908 5506 ﬁne

488 5522 666 5579 fundo
693 5526 873 5582 cordis
917 5533 972 5581 te
1009 5527 1400 5596 deprecamur,
1427 5531 1493 5580 ut
1524 5528 1715 5582 ﬁrmes
1753 5543 1955 5582 manus
1981 5543 2111 5582 nos-
2212 5526 2473 5592 ruituras,
2520 5530 2882 5598 sumpserunt
2923 5527 2993 5582 de
3029 5544 3195 5600 poena
3233 5527 3434 5601 vitam,
3474 5537 3535 5590 et
3577 5537 3663 5593 de
3703 5551 3909 5599 morte

489 5621 603 5673 tras
631 5617 703 5672 ad
721 5621 1003 5690 praalium,
1027 5621 1084 5673 et
1103 5617 1307 5688 digitos
1341 5623 1557 5674 nostros
1604 5619 1677 5674 ad
1723 5619 1956 5692 bellum,
1997 5636 2111 5694 quo
2212 5618 2519 5674 victoriam.
2549 5619 2837 5690 Rogamus
2873 5624 2950 5691 te,
2977 5621 3220 5692 Christe,
3248 5627 3315 5678 ut
3342 5641 3550 5682 eorum
3602 5637 3908 5704 precibus

489 5727 795 5782 possumus
823 5712 882 5768 in
913 5710 1198 5766 matutino
1228 5712 1544 5768 interficere
1574 5727 1770 5768 omnes
1794 5719 2112 5786 peccatores
2211 5712 2462 5784 adjuvari
2488 5728 2832 5784 mereamur,
2856 5730 3104 5786 quorum
3131 5722 3428 5775 consortes
3445 5736 3576 5780 esse
3601 5741 3745 5785 non
3773 5749 3906 5804 pos-

491 5808 655 5860 terrae
681 5809 890 5862 nostra:
914 5821 978 5859 ac
1004 5821 1108 5860 nos
1133 5804 1367 5861 indeﬁce
1394 5821 1716 5860 mereamur
1739 5812 1795 5862 et
1835 5809 2113 5882 templum
2212 5823 2406 5860 sumus
2433 5821 2537 5876 per
2563 5811 2639 5875 te,
2666 5806 3023 5881 Christe,qu
3041 5825 3176 5866 cum
3201 5812 3366 5868 Patre
3395 5812 3566 5889 vivis,
3599 5819 3900 5881 domina-

490 5902 744 5956 sanctum
763 5902 926 5956 tuum
955 5897 1192 5956 Christe.
1225 5898 1331 5965 Qui
1355 5914 1577 5970 regnas,
1607 5902 1711 5955 etc.
2213 5899 2307 5974 ris,
2341 5904 2396 5955 et
2419 5915 2638 5973 regnas.
