3994 6414
448 403 545 464 603

435 515 849 580 universorum,
902 516 1189 588 miserere,
1237 517 1484 586 obsecro,
1533 514 1789 572 omnium
1834 515 2052 570 uostro-
2077 520 2136 594 Α

436 623 587 681 rum,
609 610 708 684 qui
733 627 957 684 regnas,
978 617 1083 668 etc.

990 695 1162 765 Super
1189 695 1508 750 Cantemus.

507 773 812 829 Cantemus
837 773 958 842 tibi,
989 773 1222 829 Domine
1248 774 1598 829 exercituum
1622 770 1858 841 Christe,
1890 785 2056 824 oran-

437 868 539 932 tes,
581 869 647 921 ut
686 866 1171 938 quemadmodum
1207 867 1462 922 exemisti
1493 866 1759 920 dilectum
1785 865 2060 935 populum

437 963 604 1015 tuum
642 959 974 1031 captivitatis
1016 961 1303 1016 acerrimae
1317 961 1478 1031 jugo,
1507 960 1614 1014 iter
1643 959 2062 1014 demonstrante

439 1053 518 1108 eis
553 1052 720 1107 nubis
763 1055 1062 1124 columpna
1095 1070 1200 1126 per
1241 1054 1414 1124 diem,
1443 1054 1640 1110 eadem
1665 1052 1813 1124 ignis
1837 1067 2062 1123 quoque

437 1162 540 1218 per
557 1149 806 1202 noctem.
836 1146 1088 1202 Finditur
1106 1163 1242 1218 ergo
1271 1163 1426 1202 mare
1453 1147 1698 1216 dextera,
1729 1147 1978 1216 laevaque
2001 1145 2062 1198 in

437 1238 775 1310 abruptum;
825 1240 1052 1312 digestis
1091 1240 1392 1312 aggeribus
1438 1245 1666 1311 stupens
1681 1240 1835 1294 unda
1860 1238 2060 1293 solida-

439 1337 563 1400 tur;
593 1336 724 1388 tuus
753 1334 994 1404 pOpulus
1019 1334 1246 1404 navigat
1269 1334 1494 1405 plantis.
1516 1333 1650 1390 Mira
1669 1323 1757 1388 res
1779 1333 1793 1386 l
1817 1332 1924 1387 iter
1941 1331 2063 1400 ejus

437 1441 542 1480 nec
560 1441 730 1498 eques
761 1431 944 1497 potest
971 1427 1147 1498 sequi,
1187 1443 1288 1481 nec
1329 1427 1482 1482 ratis.
1522 1427 1690 1482 Maria
1731 1430 2064 1496 tympanum

439 1519 640 1590 quatit,
683 1519 928 1590 hymnus
971 1519 1074 1576 iste
1117 1521 1354 1589 canitur,
1403 1536 1540 1590 grex
1573 1517 1824 1590 peculius
1851 1521 2060 1572 tuetur.

441 1611 524 1666 Ita
553 1616 609 1668 et
627 1627 730 1667 nos
751 1613 820 1668 ab
851 1613 1210 1670 insectatione
1235 1613 1436 1667 veteris
1463 1612 1696 1680 inimici,
1724 1615 1780 1666 et
1805 1611 1876 1664 ab
1907 1609 2066 1665 omni

438 1705 688 1776 periculo
726 1706 923 1760 mundi
947 1706 1187 1763 liberare
1237 1704 1504 1775 digneris,
1549 1705 1803 1759 Salvator
1844 1702 2062 1772 mundi,

439 1797 538 1869 qui
567 1813 695 1853 cum
715 1803 928 1854 aeterno
949 1801 1107 1854 Patre
1134 1799 1290 1869 vivis,
1313 1798 1616 1854 dominaris
1641 1815 1704 1853 ac
1730 1813 1931 1868 regnas
1953 1812 2070 1852 una

441 1906 572 1948 cum
597 1895 808 1948 aeterno
835 1892 1045 1963 Spiritu
1066 1897 1256 1948 sancto
1285 1893 1342 1946 in
1372 1893 1572 1947 saecula
1592 1892 1948 1946 saeculorum.

685 1977 858 2045 Super
881 1977 1288 2030 benedictionem
1314 1978 1478 2030 trium
1505 1991 1816 2046 puerorum.

511 2057 645 2110 Tres
669 2055 872 2109 Hebrei
899 2056 1244 2110 venerabiles
1275 2072 1535 2125 numero,
1570 2059 1914 2110 sacramento
1943 2072 2067 2109 mu-

442 2147 568 2217 niti,
599 2151 760 2202 aatate
787 2147 987 2214 teneri,
1016 2148 1112 2203 sed
1139 2148 1269 2202 ﬁdei
1299 2148 1582 2204 soliditate
1607 2148 1846 2216 robusti,
1880 2163 2072 2203 amore

443 2240 647 2296 divinas
662 2240 950 2311 religionis
973 2240 1140 2311 Regis
1153 2241 1385 2296 adorare
1403 2241 1711 2313 imaginem
1728 2244 2074 2312 contempse-

444 2337 599 2400 runt,
613 2336 808 2404 utpote
829 2333 926 2405 qui
944 2334 1130 2405 ipsum
1144 2337 1598 2406 contempserant
1615 2336 1852 2404 Regem,
1875 2334 1974 2405 qui
1991 2333 2072 2388 ira

445 2427 696 2482 sufﬂatus
709 2427 869 2482 solito
886 2427 1088 2498 septies
1100 2428 1344 2499 amplius
1357 2428 1642 2482 caminum
1651 2427 1818 2498 jussit
1829 2427 2048 2482 incendi
2057 2469 2072 2495 ,

447 2536 509 2574 ac
522 2520 647 2591 pice
662 2524 718 2574 et
733 2524 898 2591 stupa
910 2523 1194 2575 armatum
1207 2521 1363 2575 citari
1375 2522 1696 2576 incendium
1710 2520 2075 2575 aestuantibus

449 2613 647 2683 globis.
665 2613 953 2668 Erubescit
964 2630 1186 2685 quoque
1201 2614 1388 2686 ipsum
1401 2615 1598 2670 alienis
1609 2615 1834 2686 ignibus
1847 2615 2073 2668 coelum.

445 2706 544 2760 Illo
589 2706 1013 2777 praecipitantur
1047 2706 1314 2776 insontes,
1357 2707 1679 2778 ibidemque
1728 2711 1806 2774 te,
1845 2710 2077 2777 propter

451 2814 621 2872 quem
663 2799 1109 2870 praecipitantur,
1153 2799 1468 2866 inveniunt,
1512 2800 1749 2855 Christe.
1793 2799 1996 2853 Taliter
2021 2801 2078 2853 et

449 2908 554 2946 nos
596 2907 664 2946 ex
709 2893 935 2962 tyranni
971 2892 1366 2948 intellectualis
1397 2893 1608 2959 furore,
1638 2897 1694 2948 et
1720 2893 1790 2946 ab
1819 2892 2075 2963 ingenito

449 2984 574 3054 igni
625 2984 873 3054 digneris
919 2984 1177 3054 liberare,
1237 2986 1482 3042 Salvator
1531 2985 1750 3055 mundi,
1805 2985 1900 3058 qui
1946 3000 2077 3040 cum

453 3081 663 3133 aeterno
687 3077 849 3131 Patre
873 3076 1031 3147 vivis,
1060 3083 1164 3132 etc.

591 3201 860 3257 Versiculi
883 3201 1113 3268 familia
1136 3202 1416 3257 Benchuir.

526 3291 805 3346 Benchuir
827 3291 973 3346 bona
991 3292 1207 3362 regula,

455 3383 646 3448 Recta,
678 3386 848 3454 atque
869 3382 1086 3452 divina;

457 3471 677 3541 Stricta,
701 3476 908 3542 sancta,
937 3473 1148 3541 sedula,

459 3561 686 3616 Summa
703 3562 878 3632 justa,
910 3578 973 3616 ac
998 3562 1163 3616 mira.

527 3651 789 3707 Munther
818 3651 1097 3707 Benchuir
1119 3651 1282 3709 beata

459 3741 588 3796 Fide
612 3741 844 3796 fundata
868 3744 1037 3809 certa,

460 3831 569 3902 Spe
589 3831 786 3886 salutis
810 3835 1030 3900 ornata,

457 3921 696 3975 Caritate
719 3921 986 3991 perfecta.

525 4011 689 4065 Navis
707 4026 1024 4081 numquam
1049 4009 1289 4076 turbata,

457 4099 718 4164 Quamvis
741 4099 1005 4154 ﬂuctibus
1031 4103 1210 4166 tonsa,

457 4188 674 4258 Nuptiis
699 4203 918 4259 quaque
937 4191 1131 4258 parata

461 4278 602 4348 Regi
627 4277 865 4332 Domino
891 4293 1116 4348 sponsa.

529 4369 732 4424 Domus
759 4368 966 4424 deliciis
991 4369 1177 4440 plena.

1575 3293 1682 3346 Nec
1709 3308 1825 3346 non
1849 3291 2010 3345 vinea
2035 3306 2168 3346 vera

1643 3471 1801 3524 Certe
1827 3469 2016 3524 civitas
2042 3469 2170 3523 ﬁrm

1579 3560 1780 3628 Fortis,
1810 3563 1978 3630 atque
2007 3559 2168 3614 muni

1576 3649 1839 3717 Gloriosa,
1871 3666 1934 3704 ac
1962 3649 2153 3720 digna,

1647 3833 1789 3884 Area
1813 3829 2086 3884 cherubin
2112 3832 2167 3884 te

1579 3920 1745 3973 Omni
1766 3923 1922 3991 parte
1948 3922 2162 3988 aurata,

1575 4098 1716 4153 Viris
1742 4101 1983 4170 quatuor
2007 4101 2170 4169 porta

1576 4277 1714 4333 Solis
1750 4277 1874 4332 luce
1902 4276 2106 4331 amicta

601 4521 844 4578 Collectio
867 4535 1028 4591 super
1051 4521 1311 4576 hominem
1336 4522 1432 4590 qui
1455 4519 1612 4574 habet
1640 4519 1932 4574 diabolum.

527 4623 763 4680 Domine
808 4627 994 4679 sancte
1041 4625 1204 4680 Pater
1245 4623 1602 4695 omnipotens
1655 4625 1862 4676 aeterne
1912 4623 2078 4688 Deus,

459 4717 674 4788 expelle
704 4717 1011 4788 diabolum,
1040 4721 1094 4772 et
1121 4716 1496 4788 gentilitatem
1523 4715 1594 4770 ab
1621 4715 1852 4770 homine
1876 4713 1981 4768 isto
2012 4713 2082 4770 de

457 4810 658 4882 capite,
689 4811 756 4866 de
775 4811 1004 4883 capillis,
1036 4811 1104 4866 de
1130 4809 1381 4880 cerebro,
1407 4812 1514 4864 etc.

942 4916 1127 4972 Oratio
1153 4917 1219 4971 de
1245 4915 1598 4984 Martyribus.

529 5007 695 5077 Deus,
727 5006 824 5078 qui
850 5006 1190 5078 martyribus
1209 5005 1320 5060 tuis
1348 5005 1584 5076 largitus
1606 5019 1663 5058 es
1691 5017 1958 5074 regnum,
1987 5017 2084 5058 no-

457 5099 542 5154 bis
574 5103 764 5153 autem
806 5099 1186 5169 peccatoribus
1239 5097 1462 5154 veniam
1504 5101 1772 5170 praestare
1815 5093 2081 5168 digneris.

461 5193 524 5246 Hi
569 5207 836 5246 coronam
873 5208 1032 5247 suam
1066 5193 1326 5264 passione
1367 5209 1470 5264 per
1503 5191 1678 5246 ﬁdem
1705 5195 2081 5260 meruerunt;

461 5301 564 5339 nos
602 5299 734 5338 vero
776 5301 880 5355 pro
921 5285 1312 5356 iniquitatibus
1337 5290 1392 5340 et
1419 5283 1965 5358 praevaricationibus
1988 5299 2086 5338 no-

461 5375 588 5430 stris
615 5375 1002 5432 remissionem
1026 5393 1059 5431 a
1077 5381 1134 5433 te
1161 5381 1218 5433 et
1245 5377 1684 5434 misericordiam
1711 5375 2080 5448 postulamus,

461 5485 564 5540 per
589 5471 664 5538 te,
691 5471 716 5524 J
722 5483 820 5523 esu
849 5469 1086 5525 Christe.

531 5576 727 5646 Incipit
749 5576 1044 5645 antiphona
1066 5579 1124 5630 in
1151 5579 1347 5634 Natale
1372 5577 1584 5631 Domini
1607 5589 1768 5645 super
1785 5573 2020 5630 Domine

897 5647 1202 5718 refugium,
1229 5649 1303 5704 ad
1328 5647 1646 5703 Secundam.

531 5738 614 5792 Ab
636 5734 910 5790 hodierno
933 5736 1022 5792 die
1039 5751 1152 5790 nox
1173 5733 1470 5802 minuitur,
1497 5733 1616 5788 dies
1642 5732 1861 5799 crescit,
1888 5749 2087 5788 concu-

465 5831 685 5886 tiuntur
712 5829 976 5900 tenebrae,
1016 5831 1212 5884 lumen
1252 5831 1510 5895 augetur,
1552 5827 1608 5878 et
1652 5823 1710 5878 in
1755 5825 1910 5882 lucro
1951 5826 2088 5882 lucis

467 5928 758 5980 nocturnae
786 5921 1078 5994 dispendia
1103 5917 1532 5974 transferentur.

2097 4531 2152 4604 C

2107 5555 2166 5627 D

1227 407 1558 464 APPENDlX
1593 407 1680 462 AD
1716 403 1936 459 OPERA
1972 397 2203 455 SANCTI
2241 395 2536 456 GERMANI
2575 391 2998 450 PARISIENSIS.

1577 3203 1758 3272 Super
1781 3205 2004 3272 petram
2030 3203 2363 3270 constructa,

1575 3383 1656 3436 Ex
1681 3383 1920 3451 [Egypto
1945 3380 2282 3450 transducta,

1577 3742 1757 3812 Supra
1783 3745 2034 3795 montem
2055 3739 2259 3811 posita.

1575 4009 1948 4064 Sacrosanctis
1971 4008 2197 4077 referta,

1644 4187 1862 4244 Christo
1888 4187 2085 4258 regina
2109 4191 2238 4258 apta

1574 4366 1843 4438 Simplex,
1865 4366 2144 4438 simulque
2171 4365 2352 4435 docta,

3721 381 3839 442 604

2462 509 2588 562 Post
2601 503 2843 560 Laudate
2871 501 3178 559 Dominum
3207 499 3278 558 de
3305 497 3486 556 coelis.

2223 599 2477 657 Laudent
2497 603 2572 670 te,
2605 598 2865 666 Domine,
2896 597 3109 669 angeli,
3137 595 3397 662 virtutes,
3427 591 3676 665 sydera,
3713 605 3840 662 po-

2157 699 2396 764 testates,
2442 697 2497 750 et
2536 710 2664 765 quae
2705 696 2894 748 ortum
2919 707 3088 747 suum
3109 690 3212 744 tibi
3234 689 3448 744 debent
3477 685 3680 742 ofﬁcio
3711 689 3846 740 tuas

2157 787 2486 844 laudationis
2519 787 2790 855 exultent,
2822 789 2888 840 ut
2913 801 3015 855 per
3057 781 3442 839 universitatis
3479 778 3848 836 armenium

2157 881 2379 937 tibimet
2405 879 2834 935 concinnentem
2859 877 2975 948 ﬂat,
3003 881 3070 932 ut
3097 875 3158 931 in
3181 875 3343 944 coelo,
3374 875 3457 928 ita
3479 877 3540 928 et
3565 873 3634 926 in
3667 876 3850 927 terra

2157 975 2412 1030 voluntas
2433 979 2548 1028 tua.
2577 972 2658 1028 Sit
2683 971 2802 1042 tibi,
2823 987 3145 1043 precamur,
3179 967 3447 1037 Domine,
3477 964 3846 1036 beneplaci-

2159 1073 2280 1124 tum
2305 1067 2364 1122 in
2391 1065 2604 1138 populo
2634 1069 2752 1135 tuo,
2788 1069 2854 1120 ut
2876 1081 2980 1136 per
3005 1061 3368 1119 exultationes
3413 1064 3548 1116 tuas
3593 1059 3664 1112 in
3705 1059 3850 1129 ejus

2159 1160 2412 1216 faucibus
2459 1159 2766 1227 collocatas,
2815 1161 3043 1212 maneat
3071 1156 3132 1210 in
3169 1154 3410 1226 singulis
3441 1157 3502 1208 et
3529 1152 3707 1208 verbi
3753 1151 3852 1206 tui

2161 1257 2464 1322 armatura,
2519 1267 2630 1322 qua
2675 1251 2895 1317 doceas,
2939 1253 2995 1305 et
3019 1249 3149 1304 vita:
3173 1252 3387 1303 nostrae
3421 1246 3672 1314 veritas,
3715 1261 3851 1316 qua

2162 1362 2384 1417 semper
2427 1344 2680 1416 aspicias,
2722 1348 2778 1398 et
2825 1343 2992 1410 salus,
3042 1359 3154 1414 qua
3197 1345 3535 1396 mansuetos
3583 1339 3852 1404 exaltes,

2162 1439 2296 1512 quia
2333 1439 2644 1493 secundum
2680 1437 3109 1492 multitudinem
3153 1433 3579 1508 magnitudinis
3631 1437 3762 1488 tua:
3793 1438 3856 1487 te

2162 1533 2478 1601 laudamus,
2515 1530 2768 1600 Domine,
2815 1529 2995 1602 gratia
3017 1529 3361 1585 laudationis
3389 1531 3671 1598 ostensaa,
3719 1527 3854 1581 im-

2163 1624 2466 1681 molatione
2485 1640 2588 1696 per
2611 1623 2964 1695 psalterium,
2994 1622 3436 1678 mortificatione
3457 1637 3572 1692 per
3596 1623 3858 1692 tympa-

2165 1735 2330 1786 num,
2371 1715 2807 1789 congregatione
2857 1732 2960 1788 per
3009 1715 3272 1784 chorum,
3319 1714 3693 1770 exultatione
3743 1730 3864 1785 per

2168 1829 2466 1883 organum,
2488 1810 2822 1882 jubilatione
2848 1825 2952 1880 per
2979 1809 3329 1879 cymbalum,
3357 1812 3427 1863 ut
3447 1805 3700 1880 semper
3733 1807 3860 1862 mi-

2085 1884 2141 1956 Β
2166 1905 2522 1962 sericordiam
2565 1907 2726 1958 tuam
2761 1903 2971 1957 habere
2991 1918 3343 1971 mereamur,
3373 1902 3612 1958 Christe
3641 1901 3862 1959 Salva-

2167 2005 2256 2056 tor
2273 1998 2491 2068 mundi,
2521 1997 2617 2070 qui
2640 2013 2770 2051 cum
2800 1999 3009 2051 aeterno
3035 1998 3198 2051 Patre
3225 1995 3384 2066 vivis,
3409 1999 3517 2051 ctc.

2595 2134 2766 2203 Super
2789 2132 3094 2187 Cantemus
3117 2131 3384 2186 Domino.

2241 2239 2496 2309 Domine,
2535 2239 2632 2310 qui
2671 2237 2958 2293 Cinchrim
3001 2237 3288 2309 fugientes
3327 2236 3512 2293 tueris
3549 2237 3648 2292 his
3681 2254 3869 2294 senas

2170 2349 2276 2405 per
2315 2333 2492 2387 invisa
2519 2332 2699 2387 tribus
2724 2331 2998 2386 aemulum
3024 2331 3250 2401 itinera,
3279 2331 3442 2402 prius
3471 2331 3775 2388 ﬂuctibus
3801 2335 3870 2388 in

2170 2426 2318 2481 binis
2342 2425 2626 2480 montium
2636 2424 2928 2496 utrimque
2947 2424 3193 2479 redactis
3219 2425 3527 2494 celsorum,
3553 2441 3674 2480 ceu
3689 2426 3872 2497 jugis

2174 2520 2410 2590 abrupte
2436 2519 2725 2575 arentibus
2749 2518 2872 2572 talis
2895 2533 3123 2589 aequore
3165 2533 3404 2572 murum
3452 2519 3628 2588 quasi
3673 2525 3745 2575 et
3793 2520 3870 2574 de

2172 2617 2332 2683 petra
2367 2612 2633 2683 lymphas
2669 2611 3020 2682 producens;
3065 2615 3361 2682 mergatur
3405 2626 3550 2680 ergo
3603 2615 3676 2666 ut.
3718 2612 3872 2667 olim

2171 2705 2396 2778 piorum
2421 2704 2766 2775 supplicium
2790 2705 2967 2758 hostis
3002 2704 3226 2772 aeterni,
3258 2720 3633 2775 quaesumus,
3669 2709 3870 2760 stato-

2173 2813 2262 2854 res
2302 2814 2552 2864 currum,
2599 2797 2750 2868 quod
2795 2801 2878 2851 est
2923 2797 3084 2867 cujus
3132 2797 3356 2866 aﬂ‘atus,
3397 2801 3692 2868 actusque
3723 2816 3870 2854 cum

2175 2891 2430 2960 cogitatu
2455 2889 2622 2946 celeri
2649 2905 2898 2961 nequam
2932 2889 3004 2944 sit
3036 2889 3324 2944 Pharaoni
3359 2891 3486 2945 Rex
3527 2891 3872 2948 Israhelem

2173 3000 2390 3053 verum,
2423 3001 2550 3056 quae
2575 2983 2728 3037 unda
2753 2983 2944 3052 salvat,
2967 2986 3032 3037 ut
3075 2981 3299 3038 Christo
3341 2983 3614 3039 carmina
3663 2989 3868 3054 canat,

2175 3093 2278 3148 per
2303 3076 2488 3148 saecla,
2517 3075 2614 3148 qui
2641 3093 2768 3132 cum
2790 3077 2951 3131 Patre
2976 3074 3131 3130 vivit.

2705 3199 3111 3271 Undecumque
3135 3198 3368 3268 invicta,

2775 3292 2916 3345 Vere
2943 3289 3150 3361 regalis
3181 3289 3334 3359 aula,

2703 3379 2882 3434 Variis
2910 3379 3154 3450 gemmis
3179 3383 3406 3447 ornata,

2704 3469 3012 3541 Gregisque
3043 3467 3255 3524 Christi
3274 3469 3464 3538 caula,

2705 3561 2866 3614 Patre
2889 3575 3114 3613 summo
3143 3563 3385 3630 servata,

2777 3649 2948 3720 Virgo
2975 3649 3139 3702 valde
3167 3649 3461 3720 fcecunda,

2709 3741 2836 3793 Haec
2861 3743 2918 3792 et
2945 3741 3127 3792 mater
3159 3737 3395 3808 intacta,

2709 3829 2877 3896 Laeta,
2906 3843 2969 3880 ac
2995 3827 3402 3900 tremebunda,

2709 3917 2888 3971 Verbo
2909 3916 3007 3971 Dei
3034 3917 3288 3972 subacta.

2777 4005 2878 4060 Cui
2907 4005 3022 4060 vita
3045 4005 3214 4060 beata

2704 4096 2844 4150 Cum
2869 4094 3133 4166 perfectis
3163 4095 3384 4166 futura,

2703 4185 2814 4240 Deo
2839 4185 3000 4238 Patre
3027 4187 3243 4254 parata,

2702 4273 2830 4329 Sine
2855 4272 2967 4329 ﬁde
2991 4289 3283 4329 mansurae

2774 4362 3057 4418 Benchuir
3080 4363 3232 4419 bona
3259 4367 3494 4438 regula.

2173 3487 2226 3537 θ’»

2171 3563 2246 3630 ta,

2171 3833 2276 3898 cta,

2173 4101 2245 4151 ta.

2210 4518 2478 4587 Incipiunt
2507 4515 2815 4585 antiphona:
2841 4529 3004 4584 super
3031 4513 3342 4572 Cantemus
3369 4523 3422 4572 et
3457 4520 3834 4580 Benedicite.

2251 4609 2447 4665 Educti
2475 4625 2546 4664 ex
2573 4610 2810 4679 Egypto
2841 4609 3033 4663 Patres
3057 4608 3239 4663 nostri
3267 4613 3326 4664 et
3377 4617 3874 4682 pertransierunt

2179 4703 2416 4775 pedibus
2442 4701 2698 4758 Rubrum
2725 4716 2902 4768 mare,
2929 4700 3315 4774 dixeruntque
3337 4703 3586 4763 laudem
3615 4710 3876 4769 Domino

2181 4799 2392 4852 nostro.

2251 4891 2382 4946 Tres
2416 4889 2579 4960 pueri
2620 4887 2680 4943 in
2725 4886 2945 4942 camino
2973 4887 3134 4942 missi
3163 4893 3318 4960 sunt,
3367 4895 3428 4947 et
3477 4909 3608 4951 non
3655 4897 3876 4955 timue-

2181 4989 2317 5040 runt
2357 4982 2648 5038 ﬂammam
2687 4980 2858 5053 ignis,
2905 4981 3290 5055 dixeruntque
3333 4984 3586 5044 laudem
3613 4991 3876 5048 Domino

2181 5081 2393 5134 nostro.

2253 5170 2378 5225 Filii
2405 5169 2770 5224 Hebraeorum
2803 5171 3269 5240 penetraverunt,
3305 5172 3639 5232 Israhelitae.
3667 5180 3875 5252 plebes

2182 5263 2528 5320 transierunt
2551 5279 2655 5334 per
2679 5261 2890 5316 siccum
2911 5278 3090 5333 mare,
3121 5263 3476 5338 laudemque
3507 5271 3825 5330 dixerunt.

2251 5359 2384 5412 Tres
2409 5355 2574 5428 pueri
2593 5359 2648 5412 te
2675 5355 2912 5412 orabant
2939 5355 3007 5409 de
3033 5356 3226 5412 medio
3251 5358 3430 5430 ignis,
3453 5362 3536 5418 ad
3565 5368 3630 5421 te
3657 5369 3876 5423 clama-

2181 5451 2318 5506 bant
2337 5465 2406 5504 ex
2436 5465 2550 5504 una
2573 5465 2727 5518 voce,
2759 5449 3160 5520 hymnumque
3187 5451 3482 5509 dicebant.

2257 5543 2538 5598 Gloriosus
2565 5542 2624 5597 in
2653 5541 2888 5611 Sanctis,
2918 5542 3197 5600 mirabilis
3219 5543 3280 5599 in
3305 5547 3758 5622 majestatibus,
3791 5556 3872 5610 fa-

2184 5636 2335 5692 ciens
2349 5635 2636 5708 prodigia.

2257 5729 2658 5785 Benedicamus
2683 5729 2868 5783 Deum
2893 5729 3123 5784 Patrem
3142 5733 3199 5786 et
3225 5730 3459 5804 Filium,
3485 5739 3546 5791 et
3571 5735 3874 5811 Spiritum

2187 5828 2444 5878 sanctum
2467 5822 2790 5877 Dominum.

2259 5917 2542 5988 Dextram,
2571 5915 2884 5990 laevamque
2911 5915 3122 5992 Moyses
3145 5917 3372 5992 aspexit
3391 5919 3552 5980 viam
3573 5928 3876 6002 regalem.
