3994 6400
191 409 302 460 6οὸ
1102 417 1648 472 ANTIPHONARIUM
1686 419 2085 478 MONASTERII
2125 423 2640 481 BENCHORENSIS.
3439 433 3540 486 606

184 515 397 617 polum
429 515 593 617 [forte
609 520 904 596 populum]
940 523 1150 596 eduxit,
1179 526 1249 581 ad
1269 525 1424 582 littus
1448 526 1622 584 maris
1646 543 1826 601 usque
1846 543 1905 617 Α
2473 537 2565 592 Ad
2590 537 2993 592 communicare.

188 611 489 684 perduxit.
1846 611 1905 617 w
1989 628 2204 699 Corpus
2229 627 2452 684 Domini
2474 628 2810 701 accepimus,
2833 633 2890 685 et
2913 629 3188 702 sanguine
3217 630 3337 703 ejus
3363 633 3538 703 potati

265 705 534 762 Fornacis
572 706 832 764 ﬂammas
875 711 1038 782 pueri
1081 715 1558 785 contempserunt,
1601 714 1822 772 Christo
1921 738 2134 791 sumus,
2164 722 2234 778 ab
2261 723 2417 778 omni
2443 723 2592 779 malo
2611 739 2729 780 non
2747 723 3093 792 timebimus,
3116 724 3248 798 quia
3266 726 3536 782 Dominus

177 798 409 870 jugiter
428 801 898 872 immolaverunt,
927 805 1074 860 viam
1094 806 1348 879 iniquam
1376 809 1820 881 dereliquerunt.
1920 814 2214 870 nobiscum
2239 819 2342 872 est.

472 897 649 966 Super
671 897 918 954 Laudate
946 900 1246 955 Dominum
1272 901 1340 956 de
1366 903 1538 958 coelis.
2582 891 2715 944 Item
2735 889 2870 944 alia.

259 978 340 1032 De
370 978 526 1034 ccelis
546 980 857 1036 Dominum
883 982 1126 1053 laudate,
1160 985 1490 1055 psalterium
1507 986 1822 1057 jocundum
1992 981 2052 1032 In
2078 979 2236 1034 labiis
2261 981 2403 1036 meis
2427 981 2744 1036 meditabor
2769 982 3068 1053 hymnum,
3099 983 3357 1054 alleluja;
3403 1000 3537 1038 cum

181 1069 506 1141 immolata,
533 1074 759 1130 laudate
784 1091 917 1130 eum
947 1077 1006 1132 in
1032 1093 1168 1132 sono
1194 1078 1365 1134 tubas,
1921 1070 2176 1127 docueris
2198 1089 2310 1144 me,
2334 1089 2440 1145 ego
2457 1074 2702 1145 justitias
2727 1075 3077 1146 respondebo
3103 1091 3117 1129 :
3146 1075 3400 1148 Alleluja.

257 1165 484 1221 Pharao
528 1167 818 1224 demersus
854 1172 938 1224 est
975 1170 1037 1225 in
1077 1170 1333 1226 Rubrum
1375 1188 1551 1227 mare.
1607 1174 1822 1244 Moyses
2583 1171 2712 1223 Item
2737 1169 2872 1223 alia.

183 1259 504 1330 pertransit
532 1260 592 1317 in
622 1261 765 1317 sicco
790 1263 934 1334 pede
962 1263 1161 1333 maria,
1185 1264 1326 1320 dixit
1351 1266 1461 1321 Deo
1486 1269 1722 1322 cantate,
1989 1258 2216 1314 Gustate
2250 1263 2306 1315 et
2329 1259 2531 1331 videte,
2558 1261 2802 1334 alleluja,
2834 1278 3006 1335 quam
3033 1262 3218 1318 suavis
3237 1265 3320 1318 est
3347 1262 3535 1318 Domi-

781 1359 858 1412 De
879 1358 1230 1426 martyribus.
1918 1367 2044 1420 nus,
2071 1352 2312 1424 alleluja.

259 1439 396 1492 Post
425 1437 589 1509 ignes
617 1443 673 1496 et
697 1439 956 1512 laminas,
979 1457 1191 1512 cruces,
1219 1444 1388 1512 atque
1415 1441 1622 1498 bestias
1646 1443 1820 1498 sancti
2651 1427 2802 1481 Αῖία-

183 1546 321 1585 cum
348 1547 566 1604 magno
591 1533 884 1606 triumpho
922 1534 1207 1591 vehuntur
1238 1534 1299 1590 in
1340 1551 1517 1607 regno
1553 1540 1610 1592 et
1647 1535 1706 1592 in
1736 1552 1820 1592 re-
1989 1520 2102 1574 Ηοο
2127 1535 2349 1574 sacrum
2394 1534 2599 1592 corpus
2635 1518 2857 1575 Domini
2900 1523 2955 1576 et
2981 1520 3267 1577 salvatoris
3306 1521 3534 1594 δεηειιί-

182 1623 446 1696 frigerio.
1919 1628 2053 1668 nem
2079 1612 2284 1668 sumite
2310 1611 2468 1667 vobis
2491 1612 2551 1667 in
2577 1611 2751 1668 vitam
2777 1629 3105 1684 perennem.
3136 1614 3391 1687 Alleluja.

255 1719 319 1772 In
373 1717 728 1775 invocatione
790 1725 1112 1777 sanctorum
1171 1723 1477 1793 Martyrum
1531 1722 1816 1794 miserere,
2574 1709 2707 1762 Ῑεθπδ
2733 1708 2868 1762 alia.

177 1811 334 1865 Deus
366 1812 693 1884 supplicum
719 1817 973 1870 tuorum.
1987 1801 2166 1866 Quam
2193 1798 2379 1856 dulcia
2405 1798 2659 1856 faucibus
2698 1799 2840 1855 meis
2868 1801 3091 1874 eloquia
3123 1806 3239 1870 tua,
3279 1802 3530 1859 Domine.

285 1907 469 1976 Super
497 1906 738 1962 Domine
768 1908 1076 1979 refugium,
1104 1910 1162 1963 in
1190 1910 1582 1964 Dom-inicorum
1600 1910 1705 1964 die.
1835 1911 1891 1983 B
2577 1900 2706 1952 Item
2732 1899 2867 1955 alia.

251 1997 622 2070 Convertere,
653 2001 907 2073 Domine,
938 2017 1247 2074 usquequo,
1280 2006 1336 2058 et
1354 2002 1717 2074 deprecabilis
1740 2018 1821 2059 es-
1990 1987 2088 2043 Hic
2113 1991 2197 2042 θδί
2227 1987 2389 2059 Panis
2429 1986 2604 2056 Vivus:
2642 1986 2743 2058 qui
2788 1985 2856 2041 de
2883 1987 3018 2042 00310
3051 1987 3355 2044 descendit
3384 1991 3533 2045 ΑῙῙθ·

174 2096 235 2145 ιο
265 2108 446 2165 super
465 2109 652 2149 servos
680 2099 825 2150 ωοε,
1917 2081 2052 2151 luja.
2082 2080 2189 2146 Qui
2216 2079 2516 2136 manducat
2551 2095 2620 2135 ex
2660 2095 2746 2150 eo,
2786 2079 2933 2135 vivet
2960 2080 3022 2135 in
3057 2086 3354 2138 aeternum.
3384 2083 3532 2139 Alle-

853 2187 986 2240 Ite-m
1020 2185 1153 2240 alia.
1916 2174 2049 2246 luja.

1916 2174 2049 2246 luja.
2582 2247 2623 2258 ῃ
2785 2245 2822 2258 Ἠ

248 2266 499 2338 Respice
526 2265 585 2321 in
615 2283 806 2322 servos
835 2271 960 2322 tuos
981 2271 1036 2323 et
1055 2269 1115 2322 in
1141 2285 1312 2341 opera
1338 2273 1452 2340 tua,
1485 2267 1743 2324 Domine.
2080 2338 2093 2341 _
2185 2337 2195 2341 Α
2237 2338 2280 2341 __
2341 2336 2352 2341 _
2415 2337 2424 2341 Α
2575 2247 2708 2300 Item
2741 2245 2876 2299 αίία·

857 2363 992 2417 Item
1018 2363 1150 2416 αιία,
1176 2336 1196 2341 ’
1439 2336 1447 2340 ⁷
1987 2337 2200 2394 Refecti
2223 2336 2429 2394 Christi
2457 2353 2694 2409 corpore
2736 2342 2792 2392 et
2831 2336 3125 2410 sanguine,
3151 2338 3256 2394 tibi
3293 2354 3534 2415 semper,

248 2443 481 2518 Repleti
507 2459 704 2499 sumus
729 2460 897 2500 mane
920 2444 1308 2500 misericordia
1330 2449 1444 2500 tua.
1915 2431 2170 2502 Domine:
2194 2430 2451 2486 dicamus
2483 2447 2497 2486 ³
2529 2430 2784 2501 Alleluia-

779 2539 909 2593 Ah‘a
929 2540 1225 2594 cotidiana.
2248 2525 2339 2580 Ad
2368 2527 2657 2594 Vesperum
2683 2527 2734 2579 et
2759 2524 2834 2578 ad
2853 2525 3202 2580 Matutinam.

246 2619 336 2675 Sit
367 2618 640 2690 splendor
664 2619 891 2674 Domini
921 2619 1019 2676 Dei
1047 2621 1224 2676 nostri
1248 2637 1421 2694 super
1444 2637 1566 2677 nos.
1986 2617 2168 2674 Gloria
2191 2617 2252 2673 in
2270 2616 2511 2673 Excelsis
2536 2618 2670 2685 Deo,
2698 2620 2754 2673 et
2777 2617 2839 2672 in
2863 2620 3016 2672 terra
3038 2634 3169 2690 pax,
3199 2621 3306 2675 etc.

274 2774 543 2828 Memoria
579 2772 837 2828 abbatum
868 2778 1189 2831 nostrorum.
1355 2777 1651 2830 Famosum
1677 2772 1879 2829 mundi
1897 2771 2252 2843 magistrum,
2539 2770 2727 2825 Tantis
2751 2769 3016 2825 successit
3040 2771 3316 2826 Camanus

244 2862 459 2917 Sancta
477 2865 803 2916 sanctorum
829 2879 1000 2933 opera
1355 2866 1524 2929 Quos.
2471 2858 2566 2913 Vir
2584 2858 2928 2914 admirabilis
2956 2859 3237 2915 omnibus.

171 2953 438 3016 Patrum,
465 2949 688 3020 fratres,
718 2950 1022 3007 fortissima
1428 2954 1658 3007 Gratum
1684 2951 1818 3007 fecit
1844 2949 2239 3016 Fintenanum,
2472 2946 2691 3002 Christo
2710 2964 2862 3002 nunc
2888 2948 3042 3004 sedet
3068 2965 3386 3020 supremus,

173 3039 567 3095 Benchorensi
587 3039 648 3093 in
675 3039 888 3110 optima
1356 3041 1647 3110 Heredem,
1680 3041 1916 3108 almum,
1955 3040 2250 3111 inclytum,
2371 3067 2373 3070 -
2473 3038 2720 3107 Hymnos
2745 3053 2950 3092 canens
2974 3037 3383 3109 quindecimus,

173 3129 578 3186 Fundatorum
604 3128 864 3195 Ecclesia,
1358 3129 1655 3184 lllustravit
1675 3128 2116 3198 Machlaisreum,
2472 3127 2621 3182 Zoen
2649 3130 2712 3181 ut
2736 3130 2925 3197 carpat
2943 3127 3257 3198 Cronanus,

173 3218 473 3274 Abbatum
499 3216 809 3272 eminentia
1358 3220 1540 3288 Kaput
1562 3217 1836 3272 abbatum
1865 3217 2141 3288 omnium,
2471 3216 2771 3271 Conservet
2794 3231 2927 3272 eum
2946 3215 3232 3271 Dominus.

172 3307 215 3361 N
223 3322 527 3375 umerum,
557 3311 836 3378 tempora,
863 3306 1112 3362 nomina.
1356 3305 1633 3377 Lampade
1661 3322 1816 3361 sacra
1839 3307 2122 3378 Seganum
2471 3305 2637 3370 Quos.

171 3396 313 3451 Sine
340 3394 456 3449 ﬁne
482 3394 776 3466 fulgentia,
1358 3397 1622 3466 Magnum
1646 3395 1948 3467 Scripturae
1971 3396 2276 3452 medicum.

169 3483 387 3540 Audite
413 3499 624 3554 magna
647 3484 869 3553 merita,
1357 3485 1524 3549 Quos.
2546 3488 2760 3542 Horum
2786 3490 3108 3543 sanctorum
3134 3489 3337 3544 merita

169 3574 333 3636 Quos
362 3572 686 3627 convocavit
705 3573 976 3629 Dominus
1359 3575 1531 3629 Notus
1557 3572 1643 3626 vir
1671 3576 1789 3628 erat
1815 3573 2112 3640 Beracnus,
2474 3574 2755 3630 Abbatum
2777 3574 3096 3630 ﬁdelissima

173 3661 467 3717 Caelorum
492 3661 655 3732 regni
684 3662 926 3717 sedibus.
1360 3664 1602 3719 Ornatus
1625 3664 1681 3716 et
1701 3663 2042 3728 Cumnenus,
2475 3664 2622 3734 Erga
2643 3663 2982 3735 Comgillum
3011 3681 3259 3738 congrua

244 3748 479 3805 Amavit
500 3750 754 3805 Christus
779 3752 1116 3823 Comgillum
1357 3754 1548 3806 Pastor
1573 3751 1842 3806 Columba
1868 3767 2170 3822 congruus,
2475 3753 2800 3807 lnvocamus
2822 3751 3109 3822 altissima,

175 3842 334 3896 Bene
361 3843 418 3894 et
442 3839 562 3910 ipse
590 3839 919 3911 Dominum,
1359 3841 1596 3904 Querela
1621 3839 1830 3911 absque
1850 3839 2116 3908 Aidanus,
2473 3840 2561 3895 Uti
2587 3841 2863 3912 possimus
2887 3841 3079 3897 omnia

168 3931 390 3984 Carum
418 3927 621 3983 habuit
652 3928 1003 3999 Beognoum,
1358 3929 1557 3982 Hector
1580 3928 1761 3983 bonus
1784 3929 2140 3998 Bautherius,
2474 3931 2671 3984 Nostra
2695 3929 2880 3986 delere
2903 3930 3140 3986 crimina

172 4021 470 4074 Domuum
495 4017 716 4071 ornavit
738 4017 994 4073 Edeum.
1359 4016 1624 4073 Summus
1649 4018 1878 4075 antistes
1905 4018 2210 4074 Cronanus.
2475 4020 2580 4074 Per
2602 4021 2792 4075 Jesum
2811 4019 3096 4075 Christum
3121 4024 3330 4077 aeterna

172 4108 367 4180 Elegit
397 4111 659 4162 sanctum
684 4105 1002 4162 Simlanum
1359 4107 1527 4171 Quos.
2475 4109 2830 4181 Regnantem
2853 4108 2913 4164 in
2939 4109 3159 4166 saecula.

1600 4457 2151 4587 ORIGO

635 4658 1146 4733 CANTUUM
1229 4658 1367 4731 ET
1450 4658 1949 4733 CURSUUM
2029 4657 3074 4735 ECCLESIASTICORUM
3095 4711 3119 4754 ,

1341 4797 1445 4863 EX
1487 4799 1760 4865 CODICE
1801 4798 2396 4867 VETUSTISSIMO.

1220 4927 1582 5008 (Spelman.
1635 4927 1880 4994 Concil.
1927 4928 2182 5012 Anglic.
2230 4937 2384 4993 tam.
2431 4929 2516 5011 Ι.)

246 5165 304 5220 Si
347 5162 546 5218 sedulo
590 5161 954 5233 inspiciamus
998 5177 1197 5216 cursus
1234 5165 1509 5231 auctores,
1553 5161 1613 5215 in
1650 5177 1813 5216 exor-
1839 5175 1895 5249 ρ
1990 5164 2123 5220 Inde
2143 5168 2340 5238 postea
2365 5164 2636 5220 relatione
2662 5164 2812 5220 beati
2835 5163 3060 5220 Photini
3096 5164 3381 5236 martyris,
3409 5181 3541 5221 cum

174 5259 342 5314 dium
371 5255 693 5327 reperimus
719 5255 1080 5310 decantatum
1109 5254 1300 5323 fuisse,
1329 5271 1446 5309 non
1473 5254 1616 5309 sicut
1643 5254 1818 5326 aliqui
1919 5257 2292 5330 quadraginta
2315 5262 2372 5314 et
2396 5262 2519 5313 octo
2556 5257 2918 5329 martyribus,
2941 5259 3147 5314 retrusi
3170 5259 3540 5331 ergastulum,

172 5349 434 5422 imperiti
480 5347 675 5419 fuisse,
713 5347 800 5402 vel
844 5347 994 5403 varie
1039 5347 1378 5419 objectiones
1435 5347 1815 5419 pertulerunt,
1919 5351 2185 5408 relatione
2213 5351 2283 5406 ad
2308 5351 2538 5406 beatum
2573 5352 2923 5408 Clementem
2965 5353 3028 5406 lV
3065 5353 3175 5408 loci
3211 5354 3543 5409 successoris

174 5445 366 5500 adhuc
391 5442 559 5497 multi
582 5445 858 5497 conantur
877 5441 1020 5496 fore.
1918 5445 2068 5501 Petri
2093 5444 2330 5516 apostoli
2356 5445 2819 5517 deportaverunt,
2852 5449 2908 5501 et
2945 5446 3174 5501 beatum
3217 5447 3539 5503 lnerenium

248 5539 458 5592 Beatus
482 5535 772 5590 Trosimus
799 5535 1096 5606 episcopus
1120 5532 1480 5602 Arelatensis,
1513 5536 1571 5588 et
1596 5536 1820 5589 sanctus
1918 5539 2246 5612 episcopum
2284 5538 2480 5595 beatus
2517 5539 2776 5595 Clemens
2812 5539 3108 5595 ordinavit.
3152 5541 3263 5596 Hoc
3302 5541 3363 5595 in
3400 5539 3544 5594 libro

170 5639 453 5696 Photinus
481 5643 700 5709 martyr
724 5642 781 5693 et
806 5636 1102 5710 episc0pus
1128 5635 1521 5707 Lugdunensis
1567 5634 1816 5707 discipu-
1921 5633 2096 5687 sancti
2124 5633 2302 5705 ipsius
2332 5632 2572 5688 lnerenii
2598 5633 2848 5706 episcopi
2873 5637 2930 5689 et
2955 5633 3220 5707 martyris
3267 5631 3535 5703 reperies.

170 5735 262 5790 lus
287 5732 470 5788 sancti
496 5731 649 5787 Petri
676 5731 936 5802 apostoli,
966 5731 1111 5786 sicut
1135 5734 1190 5785 et
1216 5729 1389 5784 refert
1436 5729 1712 5800 losephus
1762 5732 1818 5784 et
1918 5725 2158 5780 Edoctus
2181 5743 2215 5782 a
2240 5727 2403 5782 beato
2422 5727 2726 5798 Polycarpo
2744 5726 3189 5782 Hismerniorum
3214 5725 3536 5796 episcopum

173 5825 454 5883 Eusebius
480 5823 837 5881 Caesariensis
879 5825 1194 5897 episcopus,
1225 5838 1458 5879 cursum
1498 5823 1817 5879 Romanum
1919 5823 1975 5874 et
2001 5823 2329 5892 martyrem,
2360 5819 2458 5893 qui
2486 5820 2593 5876 fuit
2618 5820 2926 5893 discipulus
2966 5817 3236 5876 Johannis
3276 5812 3531 5887 apostoli,

175 5925 235 5984 in
266 5923 471 5982 Galleis
496 5921 872 5996 tradiderunt.
