3994 6412
421 403 522 467 801

1203 413 1535 470 APPENDIX
1570 413 1658 469 AD
1693 412 1913 468 OPERA
1951 407 2182 467 SANCTI
2217 407 2516 465 GERMANI
2555 403 2980 464 PARISIENSIS.

3693 397 3819 458 608

419 518 564 575 sicut
598 518 772 576 refert
814 519 1264 595 historiograifus
1313 523 1584 595 Iosephus
1631 527 1686 580 et
1736 523 2038 580 Hiereneus
2060 530 2119 604 Α
2138 517 2238 573 dra
2267 517 2476 572 summi
2495 515 2741 588 honoris,
2771 530 2878 588 pro
2907 510 3225 570 reverentia
3249 507 3577 570 sanctitatis
3591 523 3820 566 eorum

422 611 668 686 episcopi
691 614 753 670 in
779 631 878 670 suo
895 615 1061 672 libro.

487 707 768 763 Johannes
808 709 1151 782 evangelista
1195 709 1448 782 primum
1493 725 1720 765 cursum
1750 709 2038 765 Gallorum

418 797 760 872 decantavit;
789 801 921 858 inde
947 807 1140 874 postea
1161 805 1500 876 Polycarpus
1529 803 1837 874 discipulus
1863 802 2038 858 sancti

417 891 719 963 Johannis;
750 894 883 950 inde
908 901 1100 968 postea
1137 897 1440 952 Hiereneus
1465 896 1564 968 qui
1604 896 1712 951 fuit
1745 896 2040 966 episcopus

422 985 809 1058 Lugdunensis
833 989 1027 1046 Gallei.
1067 989 1286 1047 Tertius
1327 990 1446 1064 ipse
1471 990 1660 1062 ipsum
1685 1005 1915 1045 cursum
1941 989 2038 1044 de—

424 1079 668 1135 cantavit
689 1080 750 1135 in
777 1081 994 1138 Galleis.

493 1173 626 1228 Inde
655 1173 1156 1245 modulationibus,
1185 1176 1356 1232 series
1376 1175 1792 1248 Scripturarum
1818 1177 1955 1232 Novi
1979 1193 2042 1230 ac

422 1265 636 1320 Veteris
652 1267 1010 1338 Testamenti,
1031 1269 1378 1324 diversorum
1388 1269 1756 1342 prudentium
1789 1270 2042 1324 virorum

425 1358 668 1430 paginis,
697 1376 814 1415 non
838 1377 911 1416 ne
935 1361 1196 1432 propriis,
1221 1362 1317 1418 sed
1345 1363 1414 1416 de
1431 1362 1603 1416 sacris
1631 1361 1933 1433 Scripturis
1959 1376 2042 1416 re-

423 1451 678 1522 ciperent
709 1451 1078 1528 [receperunt]
1110 1453 1464 1526 antiphonias
1485 1458 1541 1510 et
1555 1455 1927 1527 responsoria,
1943 1471 2040 1511 seu

424 1560 613 1612 sonus,
647 1549 703 1601 et
725 1547 990 1603 Alleluias
1012 1551 1470 1618 composuerunt,
1500 1551 1556 1604 et
1580 1564 1681 1618 per
1715 1548 2044 1603 universum

425 1637 620 1693 orbem
657 1641 958 1708 terrarum,
987 1639 1122 1694 ordo
1152 1656 1347 1694 cursus
1385 1643 1486 1694 est.
1533 1641 1654 1694 Non
1699 1639 1844 1694 sicut
1879 1639 2044 1694 multi

424 1729 747 1801 opinantur,
779 1735 840 1786 ut
863 1731 1172 1788 Gallicanus
1199 1731 1429 1804 quidam
1453 1731 1688 1788 clericus
1717 1731 1890 1788 Britto
1919 1749 2040 1786 mo-

423 1822 707 1878 dulatione
745 1823 966 1879 deditus
1004 1825 1154 1896 quod
1187 1825 1374 1896 ipsum
1420 1824 1702 1896 edidisset,
1734 1826 1883 1897 quod
1925 1841 2044 1881 non

2137 615 2267 666 sunt
2295 611 2505 682 adepti.

2207 706 2274 760 Et
2297 707 2489 775 postea
2511 703 2572 758 in
2597 701 2898 758 Britanniis
2927 701 3014 756 vel
3041 699 3266 756 Scottiis
3296 698 3817 771 praedicaverunt,

2137 813 2264 869 quae
2289 797 2412 852 Vita
2442 796 2704 852 Germani
2745 794 2993 867 episcopi
3028 792 3540 862 Antisiodorensis,
3581 797 3644 848 et
3679 791 3823 846 Vita

2137 889 2286 945 beati
2313 889 2456 961 Lupi
2485 889 2764 957 adﬁrmat,
2796 887 2896 959 qui
2919 887 3151 941 beatum
3178 885 3502 942 Patricium
3529 883 3820 956 spiritali-

2138 984 2227 1038 ter
2261 982 2474 1037 litteras
2515 998 2698 1036 sacras
2737 981 3055 1036 docuerunt
3089 982 3260 1052 atque
3291 978 3701 1046 enutrierunt,
3756 979 3823 1032 et

2140 1075 2324 1147 ipsum
2351 1075 2683 1146 episcopum
2712 1091 2816 1145 pro
2865 1089 3066 1129 eorum
3108 1071 3528 1144 praedicatione
3571 1069 3819 1124 archie-

2139 1167 2432 1240 piscopum
2485 1167 2545 1221 in
2576 1166 2796 1223 Scottiis
2845 1170 2903 1222 et
2933 1165 3240 1221 Britanniis
3293 1167 3650 1238 posuerunt,
3705 1162 3818 1234 qui

2140 1261 2276 1316 vixit
2293 1277 2467 1316 annos
2497 1263 2725 1315 centum
2745 1258 3161 1332 quinquaginta
3184 1262 3319 1330 tres,
3342 1263 3401 1313 et
3431 1258 3640 1330 ipsum
3676 1272 3818 1312 cur-

2141 1370 2265 1408 sum
2287 1353 2496 1409 ibidem
2524 1353 2854 1408 decantavit.

2211 1449 2277 1501 Et
2299 1451 2426 1518 post
2453 1446 2642 1518 ipsum
2665 1446 2864 1501 beatus
2891 1443 3298 1503 Wandilochus
3325 1459 3530 1512 senex,
3561 1447 3626 1499 et
3665 1443 3818 1498 bea—

2139 1544 2230 1594 tus
2255 1539 2622 1611 Gomogillus,
2645 1539 2744 1612 qui
2769 1539 3092 1594 habuerunt
3113 1539 3174 1593 in
3203 1552 3407 1594 eorum
3433 1537 3823 1592 monasterio

2141 1633 2444 1688 monachos
2472 1633 2694 1689 circiter
2719 1632 2828 1687 tria
2859 1632 3038 1688 milia.

2213 1727 2345 1782 lnde
2372 1726 2570 1782 beatus
2600 1725 3001 1780 Wandilochus
3041 1725 3096 1780 in
3139 1723 3578 1797 praedicationis
3619 1723 3822 1779 mini-

2143 1819 2379 1874 sterium
2403 1819 2604 1875 abbato
2623 1819 2938 1890 Gomogillo
2967 1819 3172 1874 missus
3198 1822 3282 1874 est
3298 1835 3315 1888 ;
3358 1822 3417 1873 et
3454 1817 3671 1874 beatus
3699 1818 3819 1872 Co-

423 1913 556 1970 facit
579 1915 731 1987 quod
769 1916 968 1972 beatus
1003 1917 1374 1989 Hieronymus
1397 1917 1710 1989 presbyter,
1741 1919 2050 1974 Germanus
2067 1901 2124 1973 B
2145 1912 2451 1968 lumbanus
2474 1913 2727 1984 partibus
2751 1911 3058 1966 Galliarum
3078 1911 3344 1967 destinati
3368 1913 3509 1966 sunt
3535 1911 3824 1982 Luxogi-

427 2009 483 2062 et
507 2009 693 2080 Lupus
719 2008 983 2080 episcopi,
1010 2010 1367 2081 Pelagianam
1392 2010 1679 2080 haeresim,
1725 2011 1814 2065 vel
1848 2011 2045 2066 Gallia-

425 2115 560 2155 nam
587 2100 734 2172 (quae
758 2117 969 2157 nomen
996 2102 1173 2174 ipsius
1215 2103 1494 2173 titulatur)
1542 2119 1610 2158 ex
1651 2103 1954 2158 Britanniis
1993 2109 2050 2160 et

427 2191 648 2248 Scottiis
681 2194 980 2266 provinciis
1013 2196 1373 2268 expulerunt,
1408 2195 1555 2251 unde
1597 2195 1770 2250 alium
1820 2213 2046 2252 cursum

427 2285 528 2357 qui
553 2285 758 2343 dicitur
783 2292 1060 2358 praesente
1092 2293 1345 2361 tempore
1373 2289 1714 2357 Scottorum,
1743 2305 1854 2362 que
1987 2307 2050 2345 sa

429 2378 690 2452 opinione
703 2380 968 2450 jactatur,

499 2471 605 2527 Sed
628 2473 826 2528 beatus
851 2475 1062 2530 Marcus
1089 2474 1448 2545 evangelista,
1489 2475 1634 2530 sicut
1667 2474 1841 2530 refert
1886 2477 2040 2532 Jose-

427 2563 574 2635 phus
595 2569 650 2620 et
674 2565 945 2622 Eusebius
967 2567 1027 2622 in
1049 2567 1192 2622 libro
1211 2583 1284 2638 1v,
1310 2570 1486 2622 totam
1503 2570 1807 2639 Egyptum
1832 2568 1920 2622 vel
1949 2569 2049 2622 [ta-

427 2657 560 2712 liam
588 2658 777 2714 taliter
813 2660 1282 2730 praedicaverunt,
1313 2661 1458 2715 sicut
1503 2677 1680 2715 unum
1724 2641 2044 2729 Ecclesiam,

427 2755 494 2804 ut
526 2751 712 2806 omnis
738 2756 978 2818 sanctus,
1007 2753 1092 2808 vel
1119 2755 1304 2810 Gloria
1329 2755 1389 2808 in
1415 2755 1633 2809 excelsis
1657 2757 1782 2817 Deo,
1809 2753 1897 2808 vel
1919 2770 2044 2809 ora-

428 2844 580 2900 tione
609 2846 920 2916 Dominica,
945 2852 1002 2902 et
1023 2849 1194 2904 Amen
1216 2839 1466 2903 universi
1493 2853 1610 2904 tam
1633 2847 1738 2902 viri
1764 2865 1933 2919 quam
1962 2849 2046 2904 fe-

428 2937 600 2993 minea
627 2939 1007 2995 decantarent.
1033 2941 1204 2995 Tanta
1231 2940 1340 2996 fuit
1365 2957 1465 2994 sua
1492 2940 1822 3012 praedicatio
1866 2941 2044 3011 unita,

429 3034 487 3088 et
513 3033 707 3102 postea
743 3032 1109 3102 Evangelium
1161 3049 1230 3088 ex
1274 3049 1371 3088 ore
1417 3033 1566 3088 Petri
1592 3033 1828 3105 apostoli
1854 3034 2046 3090 edidit.

503 3123 705 3178 Beatus
719 3123 1091 3196 Hieronymus
1115 3125 1375 3181 adﬁrmat
1399 3125 1586 3197 ipsum
1602 3143 1828 3181 cursum
1849 3127 1948 3198 qui
1970 3126 2050 3182 di-

2147 2006 2266 2060 lum
2298 2005 2727 2075 monasterium,
2771 2009 2827 2062 et
2841 2005 3050 2062 ibidem
3079 2005 3274 2077 ipsum
3299 2020 3542 2061 cursum
3584 2004 3822 2060 decan-

2147 2102 2426 2155 taverunt.

2217 2195 2286 2247 Et
2309 2193 2439 2248 inde
2463 2198 2654 2264 postea
2695 2191 3020 2264 percrebuit
3063 2191 3312 2246 formam
3353 2191 3692 2248 sanctitatis
3716 2208 3824 2248 eo-

2147 2301 2276 2340 rum
2305 2302 2407 2356 per
2430 2286 2756 2341 universum
2776 2286 2971 2342 orbem
2992 2289 3305 2354 terrarum,
3321 2289 3378 2340 et
3403 2285 3597 2342 multa
3619 2302 3830 2341 cceno-

2146 2379 2238 2434 bia
2279 2395 2346 2434 ex
2381 2395 2579 2434 eorum
2621 2379 2874 2434 doctrina
2910 2384 3028 2434 tam
3055 2378 3316 2434 virorum
3354 2395 3540 2452 quam
3567 2378 3826 2450 puella-

2147 2489 2276 2528 rum
2299 2476 2430 2527 sunt
2453 2476 2811 2544 congregata.
2944 2539 2948 2544 λ

2217 2567 2283 2620 Et
2307 2570 2500 2636 postea
2539 2564 2669 2620 inde
2708 2563 2953 2636 sumpsit
2988 2564 3288 2619 exordium
3336 2565 3443 2619 sub
3488 2564 3678 2621 beato
3709 2567 3829 2622 Co-

2145 2658 2434 2726 lumbano,
2456 2657 2608 2730 quod
2635 2661 2765 2712 ante
2810 2657 3008 2712 beatus
3044 2659 3260 2712 Marcus
3298 2658 3674 2730 evangelista
3717 2659 3831 2716 de-

2145 2751 2408 2820 cantavit,
2449 2755 2505 2806 et
2547 2751 2590 2805 si
2637 2767 2740 2806 nos
2786 2767 2906 2805 non
2963 2750 3210 2817 creditis,
3257 2751 3539 2822 inquirite
3575 2752 3648 2807 in
3693 2753 3835 2808 Vita

2145 2845 2292 2899 beati
2317 2843 2648 2899 Columbani
2678 2847 2734 2898 et
2761 2843 2912 2898 beati
2934 2844 3145 2905 Eastasi
3169 2843 3414 2912 abbatis,
3445 2845 3702 2916 plenius
3729 2847 3830 2902 in—

2144 2937 2396 3005 venietis,
2427 2941 2482 2992 et
2503 2936 2649 2991 dicta
2671 2935 2821 2992 beati
2846 2935 3118 2992 Attheleti
3135 2935 3354 2992 abbatis
3379 2937 3748 2995 Ebovensis.

2215 3032 2310 3085 Est
2341 3029 2486 3084 alius
2527 3046 2724 3085 cursus
2771 3027 3056 3084 orientalis
3091 3045 3126 3083 a
3165 3032 3360 3085 sancto
3397 3030 3726 3088 Cromatio
3772 3038 3836 3090 et

2146 3122 2400 3178 Eliodoro
2429 3126 2486 3178 et
2502 3123 2666 3178 beato
2691 3121 2940 3191 Paulino,
2969 3137 3070 3176 seu
3095 3125 3152 3178 et
3179 3122 3496 3178 Athanasio
3525 3125 3833 3200 episcopo

429 3215 578 3270 citur
619 3221 896 3288 praesente
937 3221 1192 3290 tempore
1231 3219 1565 3286 Scottorum,
1603 3219 1798 3274 beatus
1836 3221 2050 3276 Marcus
2069 3262 2124 3338 Ο
2147 3215 2348 3284 editus,
2375 3231 2486 3288 que
2511 3215 2572 3270 in
2596 3215 2881 3270 Gallorum
2897 3215 3372 3270 consuetudinem
3387 3217 3831 3289 nonhabetur,

432 3309 742 3338 Ᾱηηηκιηπζι
802 3315 853 3338 At
902 3315 1027 3338 ..ιν-ι
1072 3311 1255 3338 εει-...νε
1308 3313 1605 3338 fnum—Ant..-
1634 3313 2024 3338 R‘-__......-...--
2151 3325 2276 3338 num
2299 3311 2521 3338 αηηηιευι
2549 3307 2859 3338 Παηῑιηεηῖ--ιο
2894 3307 3208 3338 ᾹΛηηπιρ-ετῖι
3244 3308 3350 3338 Ἰιηη
3384 3313 3469 3338 ,ιρι
3527 3327 3650 3338 ...Α-.-
3686 3313 3808 3338 .1---

431 3309 766 3380 decantavit,
799 3315 856 3366 et
902 3315 1027 3383 post
1072 3311 1258 3384 ipsum
1308 3313 1607 3384 Gregorius
1634 3313 2046 3383 Nanzenzenus,
2070 3307 2124 3338 υ
2151 3325 2276 3380 quae
2299 3311 2524 3364 sanctus
2549 3307 2862 3363 Macharius
2893 3307 3228 3378 decantavit,
3244 3308 3352 3364 hoc
3383 3313 3494 3378 est,
3527 3327 3650 3382 per
3681 3313 3836 3370 duo-

431 3417 602 3472 quem
631 3403 1002 3476 Hieronymus
1043 3422 1210 3460 suum
1251 3405 1587 3477 magistrum
1616 3421 1736 3460 esse
1774 3405 2050 3462 adﬁrmat.

436 3495 504 3549 Et
527 3495 721 3551 beatus
755 3497 984 3553 Basilius
1016 3499 1190 3554 frater
1224 3499 1401 3571 ipsius
1439 3499 1616 3553 sancti
1641 3499 1915 3570 Gregorii,
1937 3501 2049 3554 An-

431 3587 636 3656 tonius,
684 3590 906 3662 Paulus,
938 3592 1268 3662 Macharius,
1297 3592 1384 3648 vel
1415 3591 1694 3646 Johannes
1733 3596 1788 3648 et
1810 3592 2053 3647 Malchus

431 3681 740 3738 secundum
758 3684 1014 3740 ordinem
1040 3687 1270 3740 Patrum
1297 3686 1750 3740 decantaverunt.

504 3775 634 3830 Inde
665 3781 858 3848 postea
884 3778 1240 3833 beatissimus
1273 3777 1584 3846 Cassianus,
1615 3778 1713 3848 qui
1761 3777 2054 3835 Livorense

434 3869 773 3924 monasterio
796 3870 1027 3926 beatum
1051 3869 1360 3926 Honorium
1387 3869 1586 3926 habuit
1619 3887 1962 3942 comparem.
1989 3873 2056 3926 Et

431 3965 558 4030 post
577 3961 763 4032 ipsum
806 3962 1002 4018 beatus
1052 3963 1363 4018 Honoratus
1385 3964 1606 4036 primus
1651 3963 1821 4019 abbas
1847 3970 1902 4018 et
1921 3981 2051 4018 san-

434 4059 555 4108 ctus
580 4054 850 4109 Caesarius
875 4056 1170 4126 episcopus
1194 4057 1291 4128 qui
1311 4056 1418 4111 fuit
1443 4057 1504 4111 in
1535 4056 1754 4111 Arelata
1781 4061 1837 4111 et
1860 4057 2054 4112 beatus

433 4145 724 4200 Porcarius
760 4147 930 4202 abbas
969 4148 1150 4219 quiin
1175 4149 1299 4220 ipso
1329 4149 1670 4205 monasterio
1701 4149 1828 4218 fuit,
1860 4149 2052 4220 ipsum

436 4253 666 4292 cursum
688 4239 1142 4311 decantaverunt,
1165 4242 1263 4314 qui
1277 4242 1510 4298 beatum
1527 4243 1741 4314 Lopum
1757 4242 2053 4298 etheatum

435 4330 778 4386 Germanum
821 4335 1130 4389 monachus
1155 4335 1216 4389 in
1251 4350 1450 4390 eorum
1484 4333 1822 4390 monasterio
1843 4334 2054 4390 habue-

319 4441 329 4448 ·
435 4427 588 4478 runt.
620 4425 686 4478 Et
712 4425 819 4496 ipsi
837 4427 940 4482 sub
967 4443 1227 4482 normam
1251 4429 1434 4500 reguli
1464 4429 1652 4500 ipsum
1680 4443 1909 4482 cursum
1942 4427 2050 4482 ibi-

434 4515 564 4572 dem
592 4517 1130 4591 decantaverunt,'et
1157 4525 1351 4591 postea
1374 4522 1433 4576 in
1461 4522 1814 4594 episcOpatus
1858 4520 2050 4576 cathe-

2152 3401 2342 3472 denas,
2365 3401 2474 3456 hoc
2499 3404 2604 3470 est,
2629 3416 2987 3472 unaquaeque
3014 3400 3176 3456 hora.

2222 3496 2318 3550 Est
2339 3497 2397 3550 et
2419 3494 2560 3549 alius
2587 3510 2781 3549 cursus
2800 3510 2974 3566 quem
3001 3493 3176 3550 refert
3199 3493 3404 3550 beatus
3428 3498 3832 3570 Augustinus

2153 3591 2463 3664 episcopus,
2491 3591 2641 3662 quod
2655 3591 2850 3646 beatus
2873 3591 3208 3647 Ambrosius
3229 3599 3472 3665 prapter
3501 3595 3839 3655 haeretico-

2153 3701 2282 3739 rum
2305 3684 2564 3740 ordinem
2595 3684 2924 3741 dissimilem
2962 3685 3300 3758 composuit,
3331 3703 3514 3760 quem
3561 3689 3632 3746 in
3661 3693 3843 3748 Italia

2153 3781 2316 3832 antea
2341 3777 2761 3832 decantabatur.

2225 3871 2317 3925 Est
2341 3873 2396 3925 et
2415 3869 2559 3925 alius
2585 3886 2782 3926 cursus
2806 3870 2954 3926 beati
2981 3871 3290 3942 Benedicti,
3318 3872 3426 3944 qui
3449 3873 3668 3946 ipsum
3701 3879 3838 3936 sin-

2155 3963 2423 4035 gulariter
2449 3979 2624 4034 pauco
2661 3963 3010 4020 discordante
3034 3981 3069 4018 a
3097 3981 3269 4020 cursu
3313 3966 3586 4024 Romano
3636 3988 3840 4044 quem

2153 4055 2215 4110 in
2233 4071 2334 4111 sua
2360 4054 2556 4126 regula
2585 4055 2838 4126 repperis
2858 4056 3130 4127 scriptum
3158 4075 3172 4113 :
3208 4058 3303 4114 sed
3351 4063 3556 4116 tamen
3605 4062 3843 4120 beatus

2153 4147 2452 4220 Gregorius
2473 4147 2630 4203 urbis
2663 4149 2859 4203 Romae
2898 4149 3176 4220 pontifex,
3222 4151 3387 4222 quasi
3425 4154 3843 4229 privilegium

2151 4240 2444 4296 monachis
2492 4240 2678 4312 ipsum
2706 4257 2807 4294 sua
2830 4242 3130 4297 autoritate
3153 4243 3215 4297 in
3254 4245 3386 4300 Vita
3411 4248 3606 4302 sancti
3642 4251 3843 4308 Bene-

2151 4333 2284 4388 dicti
2307 4333 2369 4388 in
2397 4333 2542 4388 libro
2589 4333 2946 4405 Dialogorum
2981 4335 3322 4407 adﬁrmavit,
3349 4338 3459 4394 ubi
3496 4339 3662 4398 dixit
3710 4361 3841 4401 non

2152 4427 2315 4481 aliter
2340 4431 2563 4482 sanctus
2587 4427 2673 4482 vir
2697 4427 2916 4498 docere,
2938 4427 3048 4483 nisi
3075 4429 3219 4484 sicut
3246 4429 3371 4503 ipse
3401 4431 3621 4490 beatus
3641 4437 3843 4495 Bene-

2151 4519 2334 4574 dictus
2361 4518 2517 4574 vixit.

739 4781 1382 4975 AN’I‘IQUUM
1470 4781 2572 4972 MARTYROLOGIUM
2665 4781 3486 4942 GALLICANUM

474 4984 576 5050 EX
615 4985 746 5050 MS.
795 4967 1368 5054 [LLUSTHISSIMI
1425 4987 1701 5054 DOMINI
1749 4967 2297 5066 CHAUVELIN,
2342 4985 2753 5052 REGIORUM
2810 4986 3290 5054 SIGILLORUM
3338 4989 3789 5063 CUSTODIS.

1610 5107 1863 5176 (Marten.
1893 5105 2141 5178 ampliss.
2173 5106 2299 5161 coll.
2331 5107 2476 5160 tom.
2499 5105 2606 5176 Vl.)

1541 5291 1867 5345 INCIPIT
1923 5291 2685 5345 HARTYROLOGIUH.

1046 5388 1434 5444 JANUARIUS.

687 5466 979 5521 Ianuarius
1007 5467 1164 5522 habet
1191 5467 1303 5522 dies
1329 5483 1473 5529 χχχι,
1503 5466 1634 5520 luna
1665 5480 1787 5520 xxx.

435 5543 706 5599 Kalendas
748 5545 1013 5616 Januarii,
1064 5547 1429 5602 Circumcisio
1457 5543 1678 5600 Domini
1721 5544 1898 5600 nostri
1923 5545 2053 5599 Jesu

503 5637 706 5693 Christi
733 5639 1043 5694 secundum
1068 5652 1318 5693 carnem.

432 5733 514 5802 In,
540 5730 786 5800 Oriente,
839 5731 1128 5801 Stephani.
1185 5729 1523 5800 Nicomedia,
1565 5727 1902 5799 Euphrosini
1941 5730 2053 5800 epi-

504 5824 676 5894 scopi,
703 5823 994 5878 Primiani.

436 5917 497 5972 ιγ
527 5915 708 5973 Nonas
733 5917 878 5986 Jan.,
905 5914 1226 5988 Antiochia,
1258 5912 1522 5988 Syridoni
1549 5912 1812 5989 episcopi,
1859 5913 2051 5990 Firmi,

2069 5402 2129 5474 D
2221 5383 2485 5440 Macharii
2519 5383 2753 5440 abbatis.
2786 5384 2912 5439 Haec
2941 5383 3002 5438 in
3029 5382 3336 5454 Ethiopia,
3369 5385 3612 5462 Rutuli,
3662 5393 3846 5451 Clau-

2223 5477 2350 5548 diae,
2378 5477 2610 5549 Aurigo,
2641 5477 2840 5548 Vetali,
2872 5475 3098 5547 Vertite,
3130 5477 3435 5550 Stephani.

2155 5635 2222 5689 Ill
2248 5635 2434 5690 Nonas
2455 5635 2599 5704 Jan.,
2618 5633 2820 5705 Cyrici,
3068 5633 3266 5689 Parisii
3285 5635 3554 5707 civitate,
3591 5641 3850 5715 Deposi-

2222 5727 2304 5782 tio
2327 5732 2533 5783 sanctae
2560 5727 2856 5783 Genovefa:
2884 5725 3141 5798 virginis.

2224 5821 2436 5876 Vienna
2458 5820 2702 5888 civitate,
2721 5820 2872 5876 beati
2903 5819 3148 5877 Florenti
3175 5819 3454 5892 episcopi.

2152 5915 2337 5978 Pridie
2391 5914 2572 5976 Nonas
2639 5915 2787 5990 Jan.,
2841 5913 2906 5975 in
2961 5911 3166 5988 Africa,
3223 5914 3513 5995 Aquilini,
3587 5922 3848 5988 Gemini
