3994 6412
461 365 563 427 6I5
1321 363 1651 421 APPENDIX
1690 364 1779 420 AD
1817 363 2037 419 OPERA
2074 361 2126 416 S.
2167 359 2466 418 GERMANI
2503 359 2930 418 PARISIENSIS.
3763 355 3884 408 6I6

531 477 778 532 tentiati.
809 476 910 530 Via
947 475 1330 541 Nomentana,
1354 473 1534 527 sancti
1567 471 1775 527 Urbani
1804 469 2075 542 episcopi,
2101 471 2286 554 AXVI
2311 469 2431 524 Kal.
2458 470 2590 537 Jul.,
2628 469 2964 534 Caulaurea,
3008 466 3346 538 sanctorum
3375 461 3491 518 Viti
3538 460 3882 532 martyris.

535 569 826 626 Poletrati.
2104 553 2139 554 ii
2247 563 2484 619 Modesti
2518 565 2576 616 et
2609 561 2908 626 Criscenti,
2950 558 3154 632 Cyrici,
3185 557 3403 613 Julittae
3435 555 3662 612 matris
3711 553 3882 624 ejus.

462 665 552 718 VII
574 663 696 717 Kal.
723 660 897 728 Junii,
925 660 1121 715 Natale
1149 657 1392 726 Hereali,
1412 657 1593 726 Pauli,
1614 655 1802 711 Ruﬁni
1830 658 1888 710 et
1915 655 2080 710 Vale-
2178 658 2264 712 XV
2292 657 2414 710 Kal.
2441 655 2572 721 Jul.,
2596 655 2794 710 Natale
2820 656 3154 708 sanctorum
3191 649 3542 717 Alexandri,
3583 645 3886 704 Dioscori

533 755 623 823 rii,
661 753 870 820 Saturi,
905 753 1104 820 Vituri,
1138 755 1196 808 et
1220 751 1410 807 Passio
1440 750 1635 822 sancti
1661 748 1833 805 Prisci
1864 751 2077 819 marty-
2253 753 2308 804 et
2343 747 2543 804 Marini
2572 751 2930 819 martyrum;
2961 746 3233 814 Quiriaci,
3270 745 3480 816 Cyriae.
3507 740 3889 798 Aurelianis

533 849 630 904 ris.
2252 842 2497 910 civitate,
2518 841 2667 896 Aviti
2687 840 3024 912 presbyteri.

462 943 529 996 VI
558 942 680 996 Kal.
717 942 870 1008 Jun.,
915 940 1110 994 Natale
1151 937 1360 1010 Aquilii
1403 935 1742 1008 presbyteri,
1788 933 2081 1006 Evangeli,
2181 937 2290 993 XIV
2315 937 2440 992 Kal.
2473 937 2606 1002 Jul.,
2642 936 2860 1002 Romae,
2901 934 3103 989 Natale
3132 933 3306 989 Marci
3355 935 3419 988 et
3453 930 3884 987 Marcelliani.

537 1035 731 1102 Helize,
759 1031 1010 1100 Luciani,
1040 1031 1255 1098 Quinti,
1291 1030 1564 1086 Estiabili.
2255 1033 2543 1097 Ravenna,
2564 1029 2814 1096 Martori,
2844 1027 3061 1098 Felicis,
3083 1028 3291 1096 Emeli,
3321 1025 3612 1098 Crispini.

464 1129 529 1184 V.
572 1127 694 1183 Kal.
738 1127 908 1193 Junii,
955 1125 1288 1196 Pamphilia,
1325 1123 1522 1191 Zetoli,
1563 1122 1816 1178 PrimOIi.
1861 1121 2086 1183 Parisiis
2184 1127 2312 1181 XIII.
2343 1125 2465 1179 Kal.
2493 1123 2645 1191 Julii,
2687 1123 2746 1177 in
2797 1123 3141 1191 Mediolano,
3187 1124 3539 1177 sanctorum
3593 1118 3889 1175 Gervasii

469 1226 474 1232 '
539 1222 782 1287 civitate,
806 1218 1095 1291 Depositio
1123 1217 1300 1272 sancti
1329 1215 1623 1272 Germani.
2258 1221 2316 1272 et
2342 1216 2601 1284 Protasii,
2634 1219 2692 1271 et
2718 1215 2863 1272 Celsi
2889 1215 3078 1288 pueri.
3108 1217 3332 1283 Romae,
3370 1213 3702 1288 Hippoliti,
3761 1213 3888 1267 Ho-

468 1317 535 1372 IV
565 1316 686 1370 Kal.
714 1317 868 1383 Jun.,
895 1313 1092 1368 Natale
1133 1311 1402 1380 Polionis,
1435 1309 1696 1382 Crispoli,
1724 1307 1924 1364 Primi.
1952 1309 2086 1363 Tre—
2259 1312 2456 1379 noriae,
2489 1309 2636 1378 Voti,
2663 1310 2836 1364 Petri.

539 1409 671 1463 viris
702 1407 949 1475 civitate,
977 1404 1266 1462 Maximini
1286 1403 1558 1476 episcopi,
1587 1402 1686 1458 ubi
1710 1403 1891 1457 multa
1920 1401 2090 1456 mira-
2186 1407 2292 1461 XII.
2323 1405 2445 1459 Kal.
2471 1403 2622 1470 Julii,
2650 1405 2848 1458 Natale
2890 1404 3071 1472 Pauli,
3119 1402 3368 1475 Cyriaci,
3418 1400 3754 1470 Feliciani,
3789 1399 3891 1454 Vi-

538 1502 674 1557 bilia
700 1502 865 1557 ﬁunt.
2259 1497 2407 1566 talis,
2443 1497 2705 1568 Crispini.
2754 1496 3043 1568 Depositio
3091 1495 3546 1553 Childemarchi
3612 1494 3894 1566 virginis

468 1597 540 1652 lll
574 1597 697 1651 Kal.
731 1595 904 1663 Junii,
936 1593 1260 1661 Antiochia,
1294 1595 1624 1647 sanctorum
1661 1589 1795 1656 Sici,
1824 1587 2086 1655 Palatini,
2261 1609 2455 1647 sacrae.

542 1689 764 1756 Gabini,
791 1687 1048 1759 Crispoli.
2189 1687 2274 1742 XI.
2305 1686 2429 1740 Kal.
2455 1684 2606 1753 Julii,
2640 1685 2700 1739 in
2725 1685 3002 1754 Caesarea,
3035 1684 3333 1757 Depositio
3373 1683 3580 1740 sancti
3618 1681 3895 1753 Eusebii

469 1783 656 1839 Pridie
691 1780 812 1836 Kal.
862 1783 1015 1848 Jun.,
1055 1779 1272 1847 Romae,
1306 1782 1515 1833 sanctae
1552 1776 1874 1832 Petronillae
1918 1775 2090 1846 virgi-
2263 1778 2535 1851 episc0pi,
2565 1781 2622 1832 et
2649 1777 2784 1833 alibi
2814 1777 3084 1850 Quiriaci,
3115 1779 3542 1852 Appolonaris,
3575 1777 3804 1833 Ruﬁni
3837 1781 3900 1832 et

543 1876 650 1945 nis,
699 1875 878 1930 sancti
923 1874 1076 1929 Petri
1121 1873 1274 1942 ﬁliaz,
1341 1871 1530 1939 Ganti,
1577 1869 1862 1938 Gantiani,
1913 1859 2166 1938 Proti,B
2257 1871 2460 1929 Martii.

542 1969 858 2036 Praevilani,
891 1966 1214 2039 Grisogoni,
1247 1964 1624 2022 Cantianillw.
2193 1968 2233 2024 X
2257 1968 2389 2022 Kal.
2431 1965 2581 2035 Julii,
2616 1965 2675 2021 in
2705 1965 3054 2039 |Britanniis,
3109 1967 3306 2022 Albini
3363 1967 3692 2040 martyris,
3751 1983 3900 2021 cum

1152 2114 1405 2171 JUNIUS'
2265 2061 2784 2171 ἓϋδέοίεξιχῖἷῖηο
2831 2061 2991 2128 N013,
3031 2061 3192 2116 Pauli
3232 2060 3522 2134 episcopi,
3577 2065 3647 2116 et
3690 2062 3901 2116 sancti

1393 2155 1405 2168 '
2266 2153 2445 2209 Niceti
2471 2155 2742 2226 episcopi.

779 2231 970 2285 Junius
1003 2227 1161 2282 habet
1183 2227 1298 2282 dies
1327 2242 1454 2294 xxx,
1488 2227 1620 2280 luna
1645 2239 1792 2278 xm“
2197 2249 2259 2303 IX
2284 2248 2406 2302 Kal.
2434 2246 2583 2315 Julii,
2619 2249 2817 2304 Natale
2843 2248 3012 2317 Aviti,
3035 2247 3333 2316 Aritionis,
3375 2247 3670 2316 Emeriti,
3711 2248 3902 2320 Capi-

478 2341 718 2400 Kalend.
747 2344 918 2412 Junii,
946 2343 1006 2397 in
1033 2337 1973 2410 Thessalonica,'0ctavi,Crispini,
1999 2340 2095 2394 Ju-
2267 2341 2458 2396 tionis.

547 2437 726 2505 benti,
770 2435 1000 2504 Castuli,
1030 2436 1223 2508 Arapi,
1257 2435 1440 2490 Publii
1477 2450 1610 2489 cum
1643 2433 1768 2488 aliis
1801 2448 1976 2488 CXXVI.
2004 2431 2093 2485 Vi-
2195 2435 2310 2490 VIII
2357 2436 2480 2490 Kal.
2531 2435 2682 2503 Julii,
2726 2435 2785 2489 in
2830 2435 3126 2508 provincia
3167 2437 3524 2505 Palaestinas,
3585 2436 3905 2492 Nativitas

545 2532 702 2601 bina,
735 2529 895 2586 Gladi
925 2529 1196 2602 episcopi.
2268 2528 2450 2583 sancti
2473 2528 2750 2584 Johannis
2781 2529 3086 2598 Baptistae;
3117 2533 3176 2585 et
3201 2530 3258 2585 in
3288 2531 3554 2602 Epheso,
3581 2531 3905 2588 assumtio

475 2627 541 2682 IV
583 2627 774 2681 Nonas
813 2627 967 2692 Jun.,
1021 2624 1233 2692 Romae,
1277 2621 1587 2678 Marcellini
1627 2624 1684 2676 et
1737 2620 1909 2676 Petri.
1955 2621 2098 2673 Item
2269 2623 2447 2677 sancti
2471 2622 2749 2678 Johannis
2775 2624 3040 2696 apostoli.

543 2718 852 2776 Marcellini
889 2717 1160 2789 episcopi,
1197 2715 1486 2772 Zachariae
1523 2715 1862 2787 presbyteri,
1909 2714 2096 2783 Boga-
2197 2721 2288 2774 VII
2323 2721 2445 2775 Kal.
2473 2720 2624 2788 Julii,
2655 2721 2852 2776 Natale
2894 2725 3230 2777 sanctorum
3259 2722 3593 2791 Lantalibi,
3639 2725 3901 2781 Caritas.

547 2813 692 2868 tiani
718 2811 970 2884 episcopi
992 2826 1120 2865 cum
1149 2809 1274 2864 aliis
1297 2825 1484 2864 XLVIII.
2270 2814 2552 2882 Salonica,
2585 2814 2746 2870 Lucae
2776 2813 3033 2886 virginis,
3063 2819 3123 2870 et
3140 2816 3410 2870 Aceiahaa
3439 2817 3640 2890 regis.

414 2926 423 2930 ‘
478 2909 547 2962 III
571 2907 762 2961 Nonas
791 2903 962 2971 Junii,
991 2903 1050 2956 in
1076 2903 1284 2972 Africa,
1309 2901 1549 2970 Qnirini,
1579 2899 1863 2968 Abidiani,
1890 2901 2095 2970 Νθρῑο-
2199 2907 2264 2962 Vl
2292 2907 2412 2962 Kal.
2444 2905 2595 2977 Julii,
2620 2907 2837 2975 Romae,
2859 2909 3142 2964 Johannis
3169 2913 3228 2965 et
3270 2911 3437 2965 Pauli
3465 2911 3800 2982 :fratrum,
3851 2919 3906 2968 et

549 2999 620 3068 ri,
645 2999 884 3055 Julianae
913 2996 1170 3067 virginis.
1211 2995 1532 3051 Aurelianis
1569 2994 1818 3062 civitate,
1851 2991 2098 3048 Leifardi
2272 3006 2404 3061 alibi
2431 3005 2722 3074 Gauderti,
2751 3006 2968 3062 Felicis.

549 3091 888 3166 presbyteri.
2199 3106 2243 3159 V
2296 3105 2418 3159 Kal.
2466 3103 2616 3174 Julii,
2675 3103 2894 3173 Romae,
2940 3105 3146 3178 Crispi,
3197 3106 3592 3178 Crispiniani,
3655 3111 3904 3177 Felicis,

478 3186 667 3242 Pridie
687 3185 874 3240 Nonas
890 3183 1062 3252 Junii,
1083 3185 1280 3238 Natale
1300 3181 1762 3256 Camasiaa,[Julii,
1785 3181 2055 3238 Saturnin

553 3279 706 3302 11-11-
759 3277 966 3302 Π---ι2-2
1001 3277 1244 3302 --ε--,...ε
1297 3276 1524 3302 Πηλζηκε

1499 3181 1762 3287 ιξεθνίιιιιίίν
1785 3181 2098 3238 Saturnini
2121 3228 2176 3302 Ο
2269 3199 2498 3266 Juliani,
2524 3197 2824 3266 Primitivi,
2850 3199 3076 3254 Justini.

553 3279 732 3347 Italia,
759 3277 968 3334 Rustici
997 3277 1268 3349 episcopi,
1297 3276 1547 3332 Daciani-
1959 3368 1990 3369 Π
2122 3276 2176 3302 υ
2201 3294 2266 3348 IV
2295 3293 2418 3346 Kal.
2448 3291 2598 3360 Julii,
2632 3291 2690 3345 in
2731 3291 2942 3359 Africa,
2983 3292 3244 3363 Fabiani,
3288 3295 3562 3366 Venusti,
3610 3301 3908 3369 Curucci,

479 3372 882 3442 NonasJunii,
935 3372 996 3427 in
1063 3373 1326 3444 Egypto,
1389 3369 1668 3438 Martiani,
1725 3368 1998 3440 Nigrandi
2047 3371 2104 3422 et
2271 3385 2558 3458 Apolloni,
2588 3385 2863 3455 Dionysii,
2887 3387 3120 3458 Hynosi.

547 3467 886 3540 Apolloniae,
909 3465 1188 3537 Gregorii.
2201 3481 2292 3535 III.
2325 3479 2450 3534 Kal.
2479 3479 2629 3548 Julii,
2665 3479 2887 3549 Romae,
2916 3481 3119 3536 Natale
3158 3485 3580 3554 apostolorum
3618 3489 3806 3544 Petri
3855 3493 3910 3543 et

483 3562 595 3616 VIII
618 3562 746 3617 Idus
785 3562 936 3629 Jun.,
983 3559 1366 3628 Nevidunum,
1404 3558 1658 3625 Amanti,
1683 3557 1836 3628 Luci,
1868 3558 2104 3612 Alexan-
2273 3573 2432 3628 pauli
2462 3575 2520 3626 et
2543 3574 2790 3629 aliorum
2815 3592 3162 3632 Βεερεωεχνι,

552 3655 661 3727 dri,
691 3654 912 3711 Claudii
939 3653 1212 3726 episc0pi,
1241 3650 1443 3707 Caerati
1473 3650 1742 3723 episc0pi.

2331 3666 2388 3722 .ie
2420 3666 2706 3723 Kalendas
2735 3668 2888 3736 Julii,
2927 3669 3282 3740 Lemovicas,
3319 3672 3647 3746 Depositio
3711 3678 3908 3734 sancti

481 3751 570 3804 VII
596 3749 724 3805 ldus
746 3751 900 3844 Jun.,,
935 3747 1126 3844 Natale
1161 3745 1348 3814 Pauli,
1377 3745 1690 3800 Fortunati.
1737 3745 1934 3818 Magri,
1981 3745 2100 3799 Pri-
2273 3760 2540 3816 Martialis
2575 3761 2845 3834 episcopi,
2886 3763 3216 3834 Andegavis
3261 3765 3525 3837 civitate,
3581 3769 3909 3844 depositio

556 3843 722 3912 mosi,
753 3841 1003 3898 Luciani.
1025 3883 1042 3895 .

2331 3853 2456 3908 .ncti
2501 3855 2706 3909 Albani
2755 3855 3010 3929 episcopi
3055 3860 3114 3912 et
3157 3859 3555 3931 confessoris;
3610 3841 3700 3920 et—
3763 3867 3908 3922 alibi

482 3938 548 3994 VI
573 3937 704 3992 Idus
721 3937 875 4002 Jun.,
895 3935 1113 4000 Romae,
1135 3931 1312 3986 Primi
1333 3933 1391 4026 et
1413 3930 1630 4026 FeliCiS,
1652 3931 1860 4026 NabOI‘,
1883 3931 2099 4026 Νέιῑᾶΐί·
2275 3947 2516 4002 aliorum
2569 3951 2899 4004 sanctorum
2963 3949 3178 4007 Cursici
3235 3953 3610 4026 presbyteri,
3677 3960 3912 4017 Leonis

552 4028 871 4087 Suessionis
895 4026 1142 4095 civitate,
1174 4023 1463 4096 Depositio
1489 4025 1668 4081 sancti
1693 4025 1944 4082 Medardi
1973 4042 2105 4081 eon-
2277 4039 2612 4096 subdiaconi

557 4123 788 4179 fessoris
819 4124 878 4176 et
898 4119 1203 4192 pontiﬁcis.
2887 4115 3141 4172 JULIUS.

484 4218 529 4272 V
566 4217 696 4273 Idus
736 4218 890 4284 Jun.,
925 4215 1124 4270 Natale
1166 4212 1455 4268 Maximini
1493 4213 1794 4285 presyteri,
1820 4213 2102 4281 Vincenti,
2209 4237 2217 4244 υ
2676 4209 2852 4265 Julius
2883 4209 3042 4266 habet
3071 4211 3188 4266 dies
3213 4229 3367 4268 xxxx.

557 4309 860 4366 Bassilidis.
889 4307 1186 4374 Jachariae,
1219 4307 1457 4362 Censuri
1481 4307 1752 4379 episcopi,
1783 4310 1842 4362 et
1873 4307 2102 4379 Deposi-
2206 4307 2328 4363 Kal.
2369 4307 2520 4376 Julii,
2561 4308 2780 4377 Romae,
2822 4311 2968 4382 Gagi
3002 4313 3350 4386 presbyteri.
3411 4318 3479 4373 In
3525 4327 3766 4380 monte
3811 4327 3910 4394 Or,

554 4407 636 4462 tio
663 4403 952 4477 Sagittarii
971 4400 1326 4458 confessoris.
2277 4400 2566 4474 Depositio
2595 4403 2787 4458 Aaron
2831 4405 3166 4462 sacerdotis.
3197 4409 3499 4482 Agustini,
3542 4415 3756 4474 Leoni
3785 4421 3910 4493 epi-

484 4503 552 4558 IV
580 4501 708 4556 Idus
729 4501 883 4565 Jun.,
911 4501 1238 4552 sanctorum
1266 4494 1504 4564 Basillae,
1531 4493 1858 4566 Crispoli....
1900 4494 2106 4564 Aurisi,
2279 4495 2451 4568 scopi.
2481 4497 2544 4550 In
2563 4496 2760 4566 Gallia,
2790 4499 3044 4554 Karilefﬁ
3065 4502 3442 4561 confessoris.

559 4593 782 4666 Rogati.
2127 4590 2276 4674 DVI
2301 4590 2492 4645 Nonas
2533 4591 2684 4661 Julii,
2721 4591 2942 4664 Romae,
2979 4595 3240 4652 Processi
3294 4601 3356 4652 et
3401 4601 3809 4676 Martiniani,
3860 4615 3914 4664 et

486 4690 557 4748 III
585 4689 713 4744 ldus
735 4689 889 4754 Jun.,
922 4685 1120 4740 Natale
1141 4681 1402 4751 Emeriti,
1430 4681 1762 4751 Victuriani,
1784 4682 2022 4738 Victoris
2053 4685 2113 4737 et
2281 4685 2605 4743 Melchiadza
2646 4702 2830 4758 papaa.
2869 4687 3132 4758 Turonis,
3183 4691 3607 4765 Munugundae
3664 4704 3911 4758 ancillae

561 4781 874 4840 Fortunati.
2282 4781 2402 4836 Dei.

483 4878 672 4938 Pridie
691 4875 822 4932 Idus
843 4875 996 4940 Jun.,
1023 4871 1220 4927 Natale
1245 4875 1575 4927 sanctorum
1596 4869 1892 4940 Balsilidis,
1919 4870 2111 4941 ;Naho-
2209 4875 2254 4929 V
2279 4876 2466 4931 Nonas
2509 4871 2658 4942 Julii,
2696 4873 2754 4929 in
2794 4876 3164 4948 Alexandria,
3213 4879 3568 4955 Triphonis,
3623 4889 3905 4962 Syronis,

560 4972 639 5028 ris
669 4974 727 5026 et
750 4967 967 5037 Felicis,
997 4964 1237 5021 'l‘ribolis
1259 4964 1586 5020 Madaledis.
2281 4967 2490 5042 Aprici,
2511 4967 2740 5023 hmani,
3522 5007 3527 5011 .
3668 4957 3685 4962 “
3895 4957 3900 4961 ’

488 5066 618 5124 ldus
654 5067 807 5132 Jun.,
866 5062 925 5116 in
971 5059 1178 5126 Africa,
1230 5058 1483 5126 Luciani,
1529 5057 1842 5114 Fortunati.
1889 5059 2105 5126 Romae,
2213 5063 2278 5116 IV
2312 5063 2501 5116 Nonas
2537 5060 2688 5130 Julii,
2737 5059 2796 5116 in
2843 5063 3042 5135 Gallia,
3077 5065 3342 5136 Turonis,
3385 5069 3735 5135 Ordinatio
3788 5081 3912 5154 epi-

564 5161 775 5215 εδηοιω
804 5155 1082 5210 Feliculae.
2284 5158 2568 5227 scopatus,
2603 5159 2661 5210 et
2686 5157 3005 5214 Translatio
3031 5161 3314 5233 corporis,
3347 5168 3408 5219 et
3434 5166 3782 5230 Dedicatio
3821 5176 3916 5230 ba-

491 5253 647 5311 XVIII
694 5251 818 5305 Kal.
865 5247 1013 5317 Julii,
1059 5249 1258 5306 Natale
1285 5247 1540 5316 Antonii,
1599 5246 1870 5313 Quitiani,
1934 5248 2108 5304 Proti.
2285 5246 2454 5304 silicae
2505 5248 2684 5304 sancti
2717 5250 2943 5306 Martini
2985 5253 3262 5328 episcopi.
3320 5257 3658 5334 Bituricas,
3711 5271 3913 5325 natale

565 5343 882 5402 Suessionis
922 5343 1165 5412 civitate,
1206 5343 1416 5400 Valerii
1445 5345 1504 5396 et
1533 5341 1724 5396 Ruﬁni
1770 5343 2106 5412 martyrum.
2285 5343 2461 5398 sancti
2486 5343 2758 5399 Lauriani
2783 5347 3074 5418 martyris.

564 5437 883 5494 Aurelianis
929 5437 1173 5506 civitate,
1231 5436 1547 5493 Translatio
1607 5435 1862 5530 corporis
1933 5435 2111 5530 sancti
2215 5437 2284 5492 III
2331 5438 2520 5492 Nonas
2551 5437 2703 5506 Julii,
2747 5439 2946 5495 Natale
3002 5443 3317 5514 Agathoni,
3356 5448 3742 5530 Triphonis,
3801 5461 3914 5515 Ma.

563 5533 772 5589 Aniani
795 5532 1132 5588 confessoris
1158 5535 1217 5587 et
1241 5530 1514 5604 episcopi,
1548 5533 1606 5584 et
1630 5528 1896 5585 liberatio
1919 5528 2109 5585 civita-
2285 5529 2456 5602 grini,
2486 5529 2785 5600 Theodoti,
2812 5533 3050 5604 Meroni,
3082 5537 3378 5598 Rodosiae.

564 5628 636 5682 tis
655 5627 829 5700 ipsius
855 5644 888 5682 a
915 5627 1146 5683 Chunis.
1674 5713 1679 5716 Δ
1720 5715 1726 5716 7
1802 5715 1805 5716 ν
2213 5623 2402 5679 Pridie
2427 5625 2617 5680 Nonas
2654 5625 2807 5695 Julii,
2847 5628 3046 5685 Natale
3072 5631 3297 5688 Palladi
3340 5636 3648 5716 Philippi,
3685 5648 3916 5715 severi,

491 5723 647 5782 XVIII
678 5723 800 5777 Kal.
827 5721 958 5787 Jul.,
987 5720 1181 5774 Natale
1204 5721 1532 5772 sanctorum
1555 5713 1754 5785 Hysiti,
1782 5715 2112 5785 Clementis,
2286 5735 2349 5773 ac
2371 5719 2564 5789 Zotici,
2595 5719 2864 5777 Ariethis.

563 5814 847 5882 Cantiam,
900 5811 1222 5881 Jovoniani,
1285 5809 1508 5881 Filippi,
1559 5807 1798 5879 Joviani,
1848 5809 2112 5875 Candidi,
2213 5811 2404 5868 Nonas
2455 5812 2606 5884 Julii,
2649 5814 2849 5871 Natale
2883 5817 3088 5889 Eracli,
3132 5821 3458 5899 Apollonii,
3509 5831 3732 5895 Publii
3791 5858 3916 5897 cum

556 5904 1213 5998 Cantiani,'Crissogoni,
1243 5901 1557 5968 Quintiani.
2289 5907 2412 5962 aliis
2435 5923 2589 5965 xvm.
2616 5909 2840 5982 Parma,
2873 5913 3010 5970 Novi
3037 5917 3094 5971 et
3124 5917 3410 5981 Parmini.
