3994 6426
483 410 586 464 623
1272 389 1604 451 APPENDIX
1639 388 1728 444 AD
1762 381 1984 442 OPERA
2019 359 2252 437 SANCTI
2287 377 2584 434 GERMANI
2619 369 3046 432 PARISIENSIS.
3800 354 3908 410 62!.

484 515 645 570 XVIII
679 509 950 568 Kalendas
999 503 1268 575 Octobris,
1323 501 1598 559 Exaltatio
1647 498 1854 554 sancta
1903 491 2106 549 crucis.
2127 509 2188 583 Α
2833 501 3230 560 NOVEMBER,

555 607 886 663 sanctorum
909 599 1156 656 comem
1181 601 1239 652 et
1263 595 1550 668 Cypriani
2205 613 2470 670 Hebraice
2529 614 2720 672 Imare,
2785 605 3113 678 Egyptiace
3177 600 3388 660 Athin",
3453 595 3669 650 Graece
3745 592 3906 650 Dios,

485 701 618 756 XV"
647 698 790 767 Κδλσν
815 693 993 750 sum
1015 690 1328 747 Nicomedis
1357 686 1642 780 ωθῖδῖτίῗ·
1709 775 1719 780 _
1860 777 1868 780 _
1924 773 1953 780 Α
2059 769 2070 780 _
2163 743 2178 748 -
2416 704 2611 759 Latine
2641 702 2949 762 November,
2977 695 3249 753 Saxonico
3279 687 3646 749 Blotmonad.

484 793 594 848 XVI
641 791 785 860 Kal”
820 791 1142 844 sanctorum
1179 782 1526 855 Euphemia”
1591 775 1776 832 Luem
1821 777 1878 829 et
1916 773 2104 828 Gemi'
2277 803 2428 856 Luna
2451 796 2758 855 Novembris
2781 795 2841 847 in
2861 791 3163 863 vespertino
3189 792 3430 858 tempore
3452 779 3834 837 accenditur.

553 884 731 940 Πίειῐιίο
2207 892 2326 948 Kal.
2383 885 2727 957 Novembris,
2776 883 3048 940 Omnium
3099 881 3466 938 Sanctorum.
3501 870 3714 928 Sancti
3775 869 3910 922 Ca-

484 980 616 1048 XV.,
645 975 819 1033 sancti
845 970 1184 1030 Landberthi
1209 968 1473 1042 episcopi.
2279 983 2431 1039 sam.

485 1077 578 1132 x11
603 1074 748 1141 Kal.,
775 1072 1000 1144 Vigilia.

2211 1079 2274 1132 ιν
2301 1077 2505 1144 Nonas,
2535 1071 2711 1128 sancti
2746 1067 3032 1126 Eustachii
3061 1065 3351 1138 martyris.

487 1170 552 1224 XI
578 1169 722 1237 Kal.,
749 1164 924 1220 sancti
947 1161 1171 1218 Mathai
1195 1159 1430 1232 apostoli
1454 1163 1510 1213 et
1529 1153 1905 1226 evangelista.
2209 1170 2274 1224 γι
2301 1169 2449 1234 Idus,
2477 1169 2798 1222 sanctorum
2827 1167 3073 1235 quatuor
3095 1162 3546 1217 Coronatorum.

485 1261 530 1317 X
557 1260 697 1330 Kal.,
727 1257 901 1313 sancti
928 1253 1176 1312 Mauricii
1201 1269 1333 1308 cum
1361 1251 1524 1306 sociis
1548 1249 1684 1305 suis.
2207 1263 2252 1315 ν
2279 1261 2426 1326 ldus,
2458 1258 2636 1314 sancti
2657 1255 2934 1314 Theodori
2956 1253 3244 1324 martyris.

489 1355 554 1408 IX
581 1351 724 1420 Kal.,
755 1353 958 1404 sanctae
984 1347 1160 1402 Teclae
1185 1344 1441 1416 virgini-s-
2207 1355 2276 1409 ιιι
2303 1354 2452 1424 Idus,
2481 1351 2654 1408 sancti
2679 1349 2898 1406 Martini
2923 1347 3192 1420 episcopi.
3223 1343 3424 1400 Sancti
3457 1343 3702 1398 Menna
3729 1351 3902 1393 mar-

487 1444 766 1514 VlIIKa1.,
787 1441 1089 1514 Conceptio
1115 1437 1293 1494 sancti
1317 1431 1899 1503 Johannis-Baptista.
1928 1425 2112 1499 Equi—
2279 1445 2440 1518 tyris.

557 1535 831 1594 noctium.
2211 1541 2360 1608 ldus,
2393 1536 2569 1592 sancti
2590 1535 2754 1591 Bricii
2779 1534 3050 1607 episcopi.

489 1633 582 1687 V"
605 1631 750 1698 Kal"!
778 1625 952 1683 sane“
978 1623 1214 1680 Firmini
1239 1621 1522 1694 martyris-
2209 1634 2294 1688 XV
2319 1631 2438 1686 Kal.
2465 1629 2805 1698 Decembris,
2837 1627 3014 1682 sancti
3037 1623 3244 1681 Aniani
3271 1621 3566 1696 episcOpi.

490 1725 536 1779 V
570 1723 714 1792 Kal.,
747 1725 1071 1777 sanctorum
1094 1719 1306 1772 Cosma
1327 1720 1383 1770 et
1413 1710 1664 1768 Damiani
1695 1711 2031 1778 martyrum.
2209 1726 2250 1780 Χ
2278 1724 2419 1791 Kal.,
2445 1727 2650 1778 sanam
2675 1721 2896 1777 Cecilim
2919 1719 3180 1790 virginis.

489 1818 560 1872 lll
589 1816 734 1886 Kal.,
765 1813 938 1870 sancti
959 1810 1239 1868 Michaelis
1260 1805 1604 1877 archangeli.
2135 1870 2188 1886 ἢ
2212 1818 2274 1871 1x
2301 1817 2447 1884 Kal.,
2477 1816 2655 1871 sancti
2677 1813 2980 1870 Clementis
3005 1809 3298 1883 martyris.

487 1909 534 1964 ΙΙ
563 1908 706 1980 Kal.,
731 1905 906 1962 sancti
929 1901 1256 1975 Hieronymi
1284 1896 1620 1973 presbyteri.
2135 1870 2192 1940 Β
2217 1915 2328 1971 vm
2355 1870 2495 1982 κάλ’,
2525 1913 2703 1968 sancti
2725 1909 3059 1981 Chrisogoni
3084 1870 3376 1979 ωέηγτίε.
3415 1963 3418 1966 Δ

1136 2047 1470 2104 οαΤοΒΕΒ,
2217 2009 2285 2062 ΙΙΙ
2311 2007 2454 2076 Kal.,
2485 2005 2661 2060 sancti
2688 2005 2713 2060 ε

2217 2009 2285 2062 ΙΙΙ
2311 2007 2454 2076 Kal.,
2485 2005 2661 2060 sancti
2688 2003 2978 2060 Saturnini
3005 2001 3293 2073 martyris.
3322 1997 3573 2071 Vigilia.

495 2163 763 2224 Hebraice
801 2163 1038 2224 Theseﬁ,
1084 2158 1411 2230 Epyptiace
1449 2155 1623 2217 Fam;
1665 2151 1852 2206 Grece
1895 2147 2115 2220 yperbe_
2219 2101 2260 2154 Il
2289 2100 2432 2170 Kal.,
2462 2099 2640 2154 sancti
2663 2098 2902 2154 Andreae
2931 2095 3192 2168 apostoli.

600 2261 788 2322 rete'os,
819 2255 1014 2310 Latine
1041 2252 1280 2313 October,
1317 2247 1588 2304 Saxonice
1615 2242 2010 2312 Pinterpillith.
2845 2233 3225 2290 DECEMBER.

537 2357 691 2410 Luna.
710 2350 946 2408 Octobris
973 2349 1114 2401 inter
1139 2357 1336 2399 nonam
1361 2347 1412 2396 et
1437 2354 1713 2411 vesperam
1739 2335 2070 2391 accenditur.
2219 2353 2483 2410 nebmice
2523 2353 2731 2414 οαειευ,
2770 2350 3092 2422 Αζεγριίεοθ
3140 2349 3362 2410 Choeac,
3401 2345 3618 2401 Graece
3655 2344 3926 2416 Apileos,

495 2446 618 2502 Kal.
657 2441 932 2511 Octobris,
969 2442 1291 2494 sanctorum
1317 2432 1580 2490 Germani
1607 2435 1663 2488 et
1687 2428 1936 2499 Remigii
1970 2425 2116 2498 epis-
2529 2445 2720 2500 Latine
2747 2444 3044 2506 December,
3073 2441 3353 2498 Saxonice
3382 2440 3570 2496 Giuu.

565 2551 863 2610 οοΡοΠΠΠ·
2220 2539 2371 2594 Luna
2401 2535 2693 2591 Decembris
2729 2536 2873 2588 inter
2908 2547 3187 2610 vesperam
3217 2535 3268 2584 et
3311 2529 3572 2585 medium
3615 2527 3790 2583 diem
3835 2541 3926 2581 ac-

491 2632 561 2686 VI
586 2603 788 2696 Nonas,
817 2625 994 2681 sancti
1019 2619 1364 2692 Lcodegarii.
2903 2603 3169 2657 cenditur.

495 2724 566 2778 III
591 2693 797 2789 Nonas,
825 2721 1031 2774 sancta
1057 2715 1312 2771 Cristinae
1337 2707 1593 2781 virginis.
2219 2708 2286 2762 IlI
2327 2706 2514 2760 Nonas
2569 2699 2909 2771 Decembris,
2951 2698 3234 2772 Depositio
3269 2697 3458 2753 sancti
3519 2695 3758 2768 Byrini
3813 2693 3932 2765 epi-

492 2815 686 2884 Nonis,
713 2812 890 2868 sancti
916 2809 1084 2864 Marci
1107 2823 1291 2880 papa,
1322 2801 1562 2861 Marcelli
1591 2804 1647 2854 et
1673 2797 1892 2871 Apulei.
2291 2797 2466 2870 scopi.

495 2909 590 2963 VII
617 2907 768 2975 Idus,
799 2905 1123 2958 sanctorum
1152 2896 1422 2969 Dionysii,
1453 2891 1669 2949 Rustici
1697 2895 1753 2948 et
1789 2887 2118 2945 Eleutherii.
2223 2893 2267 2946 II
2293 2893 2498 2958 Nonas,
2527 2888 2703 2944 sancti
2729 2885 3016 2943 Benedicti
3041 2885 3283 2941 abbatis.

497 3001 544 3054 II
571 3000 719 3067 Idus,
747 2993 924 3051 sancti
952 2991 1154 3047 Calesti
1179 3005 1364 3062 papa.
2221 2985 2288 3039 IV
2316 2983 2464 3050 Idus,
2491 2985 2694 3036 sancta
2719 2980 2950 3035 Eulalia
2975 2977 3234 3050 virginis.

498 3096 612 3151 XVI
674 3093 800 3149 Kal.
846 3089 1196 3158 Novembris,
1246 3089 1448 3141 sancta
1495 3079 1897 3152 Etheldrytha
1947 3077 2121 3149 virgi-
2222 3079 2292 3132 III
2325 3077 2472 3146 Idus,
2498 3075 2676 3130 sancti
2701 3073 2925 3128 Damasi
2955 3087 3144 3144 papa.

571 3185 682 3244 nis.
2150 3227 2197 3244 η
2229 3169 2374 3239 ldus,
2405 3168 2582 3224 sancti
2606 3165 2798 3222 Judoci
2831 3162 3185 3234 confessoris,
3214 3165 3272 3219 et
3295 3163 3516 3219 sancta
3545 3161 3778 3221 Lucia
3807 3165 3928 3220 vir-

501 3282 589 3339 XV
609 3227 752 3349 Kal.,
775 3277 952 3334 sancti
975 3278 1136 3332 Luca
1160 3270 1534 3342 evangelista.
2146 3227 2202 3301 Ο
2296 3227 2464 3333 ginis.

503 3376 620 3432 VIII
647 3347 790 3444 Kal.,
821 3375 1145 3428 sanctorum
1178 3363 1419 3437 Crispini
1447 3365 1504 3418 et
1537 3357 1876 3432 Crispiniani
1909 3360 2123 3428 marty-
2223 3356 2312 3410 XII
2337 3354 2456 3409 Kal.
2481 3352 2750 3420 Januarii,
2777 3351 2956 3406 sancti
2980 3351 3215 3406 Thoma
3242 3347 3520 3422 apostoli.

575 3485 728 3524 mm.
777 3442 782 3444 ν
2225 3449 2338 3502 VIII
2363 3445 2505 3514 Kal.,
2535 3445 2801 3499 Nativitas
2823 3443 3048 3498 Domini
3071 3443 3253 3498 nostri
3277 3443 3412 3497 Jesu
3441 3442 3716 3500 Christi.

505 3563 598 3618 VII
615 3561 757 3631 Kal.,
785 3557 959 3614 sancti
980 3553 1222 3612 Amandi
1253 3548 1519 3623 episcopi.
1947 3551 1956 3560 '
2225 3542 2318 3596 VII
2340 3540 2482 3609 Kal.,
2510 3537 2688 3593 sancti
2712 3537 2986 3609 Stephani
3013 3535 3486 3608 Protomartyris.

506 3655 574 3711 VI
601 3629 751 3724 Kal.,
773 3651 994 3724 Vigilia.
2225 3635 2292 3690 VI
2315 3634 2456 3700 Kal.,
2485 3631 2660 3686 sancti
2682 3629 2950 3685 Johannis
2977 3630 3358 3702 evangelista.
3445 3675 3452 3680 .

505 3750 550 3802 V
579 3723 1070 3816 Kal.,isanctorum
1093 3735 1476 3811 apostolorum
1495 3731 1737 3789 Simonis
1766 3733 1822 3786 et
1846 3730 1872 3785 J
1877 3728 2018 3784 uda.
2227 3728 2268 3780 V
2293 3725 2547 3794 Kalend.,
2579 3723 2803 3778 Necatio
2827 3723 3138 3778 Infantium
3163 3741 3322 3782 cxuv
3353 3725 3574 3784 millia.

512 3843 582 3897 ΠΙ
605 3815 748 3910 Kal.,
776 3834 1066 3894 Ordinatio
1086 3830 1264 3886 sancti
1289 3827 1558 3885 Swithuni
1581 3823 1846 3896 episcopi.
2231 3820 2296 3873 IV
2321 3819 2461 3888 Kal.,
2484 3821 2688 3872 sancta
2711 3816 2903 3871 Tibba
2929 3815 3190 3888 virginis.

511 3941 558 3994 ΙΙ
584 3939 729 4011 Kal.,
756 3933 936 3992 sancti
951 3927 1206 3998 Quintini
1233 3925 1496 3998 martyris
1519 3923 1742 3996 Vigilia.
2227 3917 2274 3971 II
2299 3915 2484 3971 Sancti
2505 3914 2752 3970 Silvestri
2775 3929 2956 3986 papa.

517 4089 3930 4124 Μ

1612 4107 1627 4108 κ
2088 4109 2137 4123 ,,
2185 4111 2193 4122 ,
2381 4110 2387 4120 ,
2815 4107 2844 4118 ,,
2873 4107 2967 4118 .__
3718 4107 3895 4108 ,_

852 4279 1483 4362 MABILLONII
1559 4275 2056 4352 MONITUM
2130 4271 2244 4349 IN
2319 4269 2933 4365 SEQUENTES
3011 4270 3582 4346 LITANIAS.

593 4470 816 4523 Veteres
839 4463 1005 4518 hasce
1029 4458 1294 4528 Litanias,
1323 4471 1451 4530 quae
1479 4471 1596 4509 una
1621 4469 1752 4510 cum
1774 4452 1919 4508 libro
1943 4450 2300 4506 Psalmorum
2329 4447 2388 4502 in
2415 4445 2782 4503 membranae
2811 4444 3013 4500 Codice
3045 4444 3418 4516 Remigiana
3457 4449 3638 4519 apud
3671 4451 3942 4506 Rhemos

524 4557 882 4614 Bibliotheca
915 4551 1296 4616 continentur,
1333 4544 1672 4616 Anglicanas
1711 4543 1896 4598 dicere
1940 4557 2056 4596 non
2093 4555 2310 4606 vereor,
2345 4554 2460 4592 non
2502 4536 2684 4591 solum
2729 4535 2800 4590 ob
2827 4533 3032 4590 veteris
3060 4533 3278 4588 Codicis
3325 4536 3734 4595 characteres
3765 4542 3940 4596 semi-

526 4646 837 4710 saxonicos,
869 4644 926 4696 et
949 4639 1180 4695 nomina
1221 4639 1542 4692 sanctorum
1580 4633 1894 4704 plurimum
1943 4627 2262 4685 Britannica
2309 4643 2408 4682 seu
2451 4626 2806 4698 Anglicana:
2851 4625 2946 4680 sed
2975 4622 3226 4679 maxime
3253 4629 3502 4696 propter
3555 4627 3762 4686 aliam
3793 4631 3946 4686 obse—

528 4737 857 4804 crationem,
887 4747 1016 4804 qua
1039 4727 1342 4783 adhibetur
1376 4723 1480 4780 sub
1517 4721 1691 4778 ﬁnem
1728 4721 2056 4777 litaniarum
2089 4737 2102 4774 :
2136 4721 2204 4775 Ut
2240 4718 2387 4773 Deus
2413 4717 2614 4774 clerum
2652 4720 2702 4770 et
2735 4715 2944 4786 plebem
2985 4714 3296 4784 Anglorum
3342 4731 3704 4775 conservare
3749 4721 3950 4791 digne-

529 4837 640 4886 tur.

599 4919 810 4973 Earum
837 4906 1237 4980 antiquitatem
1256 4901 1462 4974 probat
1475 4901 1534 4955 in
1554 4899 1752 4972 primis
1777 4903 2021 4955 vetustas
2045 4895 2364 4968 Remigiani
2388 4893 2604 4950 Codicis
2624 4893 2694 4948 ab
2716 4892 2880 4948 annis
2897 4907 3076 4965 prope
3105 4891 3421 4962 nongentis
3435 4896 3722 4952 exarati.
3743 4895 3957 4953 Deinde

465 5059 470 5070 ε
529 5011 850 5064 sanctorum
877 5003 1032 5068 atas,
1063 5007 1311 5068 quorum
1339 4989 1607 5062 suffragia
1643 4989 2031 5061 postulantur;
2079 5003 2148 5043 ex
2191 4985 2396 5058 quibus
2435 4984 2626 5039 nullus
2671 4986 2756 5037 est
2794 4983 2984 5038 medio
3009 4981 3217 5036 saeculo
3245 4997 3326 5036 vn
3349 4980 3640 5040 inferior.
3683 4987 3786 5042 Ad
3811 4987 3950 5048 hac,

528 5095 680 5168 quod
704 5090 871 5147 multi
895 5085 1072 5142 sancti
1095 5083 1245 5156 apud
1271 5081 1500 5153 Anglos,
1525 5079 1628 5135 sub
1657 5079 1830 5134 ﬁnem
1857 5077 2050 5133 saeculi
2077 5093 2154 5132 vn
2173 5080 2229 5132 et
2253 5075 2480 5130 initium
2507 5072 2700 5128 saeculi
2725 5089 2822 5128 vui
2845 5071 3098 5127 maxime
3125 5071 3397 5137 celebres,
3415 5071 3482 5125 in
3513 5071 3682 5144 ipsis
3714 5076 3952 5132 Litanjjs

532 5160 893 5245 omittuntur,
917 5177 1128 5231 scilicet
1147 5171 1507 5240 Cuthbertus,
1531 5169 1846 5238 Wilfridus,
1868 5169 2137 5232 Aidanus,
2163 5165 2517 5232 Aldhelmus,
2543 5162 2861 5230 Ethildrita,
2879 5165 2944 5216 ut
2956 5166 3174 5216 taceam
3185 5160 3498 5228 Mellitum,
3513 5161 3948 5224 Laurentium,

529 5273 851 5336 Paulinum,
880 5265 1310 5332 Columbanum,
1335 5261 1656 5332 Biscopum,
1684 5257 2050 5323 Geolfridum,
2079 5253 2456 5321 Theodorum,
2484 5249 2848 5318 Hadrianum,
2871 5250 3085 5305 Bedam
3106 5253 3162 5303 et
3189 5249 3353 5303 alios.
3373 5250 3460 5302 Ex
3489 5252 3744 5320 quibus
3773 5255 3952 5309 infero

531 5362 754 5420 litanias
777 5359 909 5413 istas
935 5357 1154 5411 labente
1195 5351 1399 5406 saculo
1433 5367 1506 5403 vn
1548 5349 1608 5403 in
1639 5348 1949 5420 Anglicana
1985 5343 2232 5401 Ecclesia
2273 5341 2513 5396 usitatas
2538 5341 2727 5396 fuisse.
2757 5342 2951 5395 Unum
2991 5339 3126 5393 huic
3154 5337 3462 5392 sententiae
3503 5341 3712 5412 objici
3741 5349 3950 5415 potest.

533 5453 810 5510 nimirum
850 5445 1228 5518 Augustinum
1265 5440 1522 5512 proximo
1562 5441 1688 5510 post
1721 5436 2054 5509 Gregorium
2075 5435 2196 5488 loco
2227 5431 2531 5487 nominari.
2560 5431 2718 5495 Quod
2743 5429 2970 5484 videtur
2995 5443 3292 5483 emanasse
3319 5443 3392 5481 ex
3419 5427 3688 5485 decreto
3727 5433 3952 5488 concilii

533 5537 1026 5604 Cloveshoviensis,
1055 5547 1204 5587 anno
1226 5531 1326 5583 747
1355 5525 1638 5597 celebrati,
1657 5528 1716 5581 in
1736 5528 1896 5597 cujus
1909 5523 2152 5598 capitulo
2178 5526 2240 5577 l7
2268 5522 2640 5575 constitutum
2666 5524 2769 5586 est,
2799 5523 2861 5573 ut
2887 5519 3002 5572 dies
3027 5518 3380 5588 depositionis
3402 5521 3603 5572 sancti
3635 5523 3958 5592 Augustini

533 5628 933 5700 archiepiscopi,
965 5623 1066 5694 qui
1093 5619 1164 5674 ad
1194 5621 1422 5689 gentem
1445 5618 1756 5688 Anglorum
1781 5633 1814 5669 a
1842 5613 2109 5687 Gregorio
2135 5610 2551 5684 pradicationis
2573 5610 2754 5680 gratia
2779 5608 2982 5662 missus
3001 5611 3104 5674 est,
3129 5607 3200 5660 ab
3223 5607 3622 5663 ecclesiasticis
3653 5616 3720 5666 et
3765 5627 3950 5666 mona-

534 5697 840 5777 sterialibus
865 5715 1096 5780 feriatus
1135 5707 1435 5772 haberetur;
1467 5707 1588 5776 ejus
1611 5721 1818 5760 nomen
1835 5708 1894 5760 in
1916 5707 2122 5760 litanias
2147 5702 2516 5757 decantatione
2535 5703 2657 5770 post
2681 5701 2862 5754 sancti
2883 5697 3132 5765 Gregorii
3149 5697 3492 5750 vocationem
3513 5711 3772 5771 semper
3823 5703 3952 5755 dier-

534 5817 702 5867 retur.
725 5808 843 5874 Ego
868 5816 1000 5854 vero
1027 5795 1270 5852 concedo
1297 5800 1550 5849 sanctum
1577 5795 1976 5863 Augustinum,
1999 5793 2176 5865 quiin
2200 5790 2481 5862 praedictis
2508 5789 2718 5844 litaniis
2740 5789 3116 5854 memoratur,
3137 5801 3256 5839 non
3285 5800 3410 5839 esse
3431 5801 3770 5858 magnum
3791 5792 3946 5845 illum

537 5897 795 5954 Ecclesia
835 5891 1138 5954 doctorem,
1171 5885 1266 5940 sed
1310 5884 1482 5938 alium
1525 5883 1938 5953 cognominem,
1967 5881 2218 5952 Gregorii
2259 5879 2446 5950 Magni
2485 5878 2848 5949 discipulum,
2879 5881 2938 5931 et
2981 5874 3304 5944 Anglorum
3347 5877 3748 5954 apostolum,
3779 5895 3944 5955 quem
