3994 6402
120 413 223 466 625
997 433 999 436 ·
1281 409 1580 465 VETERES
1617 410 1903 466 LITANL'E
1941 411 2354 466 ANGLICANIE.
3293 403 3298 410 ’
3387 415 3489 468 626

117 518 176 572 in
210 515 433 572 litaniis
460 515 788 588 Anglicanis
813 514 1083 572 omissum
1110 515 1280 572 fuisse
1303 531 1663 588 nequaquam
1686 516 1988 572 verisimile
2017 521 2119 572 est.
2146 519 2219 572 At
2242 514 2388 571 nihil
2411 518 2558 571 vetat
2587 516 2965 588 Augustinum
3005 517 3158 573 hunc
3181 518 3386 574 saculo
3413 536 3489 576 vn

119 607 180 661 in
216 605 471 678 publicis
498 606 711 661 litaniis
735 606 885 678 apud
910 607 1206 678 plerasque
1233 605 1550 676 Anglorum
1581 605 1848 661 Ecclesias
1873 607 2193 661 invocatum
2220 605 2411 675 fuisse,
2435 605 2657 660 tametsi
2683 605 2908 660 nullum
2937 606 3058 677 ejus
3082 606 3166 661 rei
3199 607 3491 666 decretum

116 695 532 768 praecessisset.
564 695 652 749 Sic
680 695 832 751 enim
859 694 917 751 in
957 695 1215 751 Ecclesiae
1251 694 1452 750 ritibus
1489 711 1597 750 usu
1623 695 1812 750 venire
1853 695 2010 764 solet,
2039 700 2103 750 ut
2131 695 2284 768 quod
2312 693 2470 767 prius
2495 694 2556 749 in
2586 693 2924 764 quibusdam
2949 696 3208 752 Ecclesiis
3246 714 3486 769 usurpa-

117 790 249 842 tum
287 789 396 853 est,
431 783 723 840 communi
751 784 883 839 dein
924 784 1316 855 episcoporum
1355 784 1578 840 decreto
1623 783 2008 854 conﬁrmetur,
2036 785 2252 856 totique
2279 784 2380 840 uni
2414 782 2720 855 provinciae
2757 784 2870 840 sive
2907 800 3085 856 regno
3119 786 3487 857 approbatur.

117 875 389 946 Denique
417 875 592 929 etiam
622 873 896 946 permisso
923 873 1076 928 hunc
1120 873 1436 944 Augustino
1484 875 1674 929 locum
1700 874 1761 928 in
1788 873 2092 944 prtemissis
2119 873 2326 928 litaniis
2351 873 2630 928 tributum
2655 872 2826 929 fuisse
2854 873 2924 928 ob
2952 874 3243 930 decretum
3267 874 3490 930 concilii

116 963 635 1033 Cloveshoviensis,
664 978 877 1033 repono
902 962 959 1016 id
983 962 1125 1017 nihil
1155 962 1452 1018 detrahere
1481 964 1812 1019 earumdem
1852 962 2177 1020 litaniarum
2215 961 2553 1034 antiquitati,
2592 966 2761 1034 prout
2798 979 2832 1016 a
2868 978 2962 1018 me
2986 963 3245 1034 superius
3273 967 3486 1024 asserta

113 1060 223 1109 est.
259 1055 409 1109 Cum
438 1053 594 1109 enim
618 1051 858 1122 scriptor
882 1050 1481 1107 amanuensisveteres
1505 1052 1728 1108 litanias
1753 1053 1956 1108 saeculo
1981 1069 2055 1106 vn
2085 1051 2316 1107 usitatas
2350 1052 2519 1123 paulo
2542 1056 2670 1123 post
2697 1051 3000 1107 concilium
3023 1051 3486 1108 Cloveshoviense

116 1143 500 1211 describeret,
531 1141 612 1196 nil
638 1140 850 1196 mirum
868 1140 916 1195 si
941 1139 1324 1212 Augustinum
1351 1146 1474 1212 post
1498 1141 1832 1213 Gregorium
1856 1141 2177 1210 inseruerit,
2201 1141 2422 1196 concilii
2444 1144 2651 1196 statuto
2675 1141 2780 1197 hac
2798 1141 2858 1196 in
2876 1157 2939 1198 re
2956 1141 3272 1198 obsecutus.
3295 1143 3489 1213 Neque

113 1249 222 1302 par
249 1236 338 1287 est
363 1231 509 1286 ratio
537 1231 606 1285 de
635 1230 966 1297 Cuthberto,
1008 1229 1257 1301 aliisque
1282 1231 1679 1286 celebrioribus
1705 1232 1908 1286 sanctis
1933 1230 2190 1302 superius
2218 1229 2453 1286 laudatis
2479 1247 2493 1284 :
2525 1228 2623 1302 qui
2648 1231 2751 1287 etsi
2773 1230 3000 1303 publico
3025 1234 3149 1286 tum
3182 1230 3340 1286 cultu
3377 1231 3484 1286 ho-

117 1325 492 1387 norarentur,
520 1320 679 1374 nulla
702 1323 893 1374 tamen
917 1319 1242 1392 Anglicanas
1268 1311 1522 1375 Ecclesia:
1549 1321 1638 1376 lex
1664 1321 2039 1393 excriptorem
2065 1319 2255 1392 adegit
2289 1323 2352 1376 ut
2378 1319 2609 1378 vetustis
2648 1336 2712 1376 ac
2746 1320 2968 1393 pridem
3001 1319 3238 1393 receptis
3273 1319 3484 1378 litaniis

111 1409 471 1466 recentiores
497 1411 716 1464 sanctos
742 1425 846 1479 pro
866 1408 1098 1463 arbitrio
1123 1425 1224 1463 suo
1250 1408 1575 1464 ascriberet.

187 1509 276 1562 Ex
302 1506 396 1562 his
432 1523 603 1577 porro
629 1504 1041 1560 validissimum
1079 1509 1486 1578 argumentum
1527 1523 1630 1578 pro
1676 1506 2052 1562 Benedictinae
2082 1507 2293 1579 regula
2318 1507 2378 1562 in
2409 1507 2612 1580 Anglia
2649 1507 3074 1580 propagatione,
3100 1523 3230 1581 quae
3259 1505 3484 1564 invictis

110 1596 353 1651 aliunde
383 1594 720 1650 testimoniis
749 1595 1130 1650 demonstrata
1160 1599 1262 1663 est,
1298 1595 1531 1650 deduco.
1553 1594 1842 1666 Siquidem
1871 1596 1929 1650 in
1957 1596 2194 1668 publicis
2223 1596 2546 1668 Anglicanas
2570 1597 2832 1652 Ecclesiae
2860 1595 3068 1652 litaniis
3091 1613 3239 1652 unus
3264 1613 3333 1652 ex
3359 1612 3483 1652 om-

109 1685 286 1739 nibus
314 1684 646 1739 monasticae
674 1683 802 1738 vitaa
828 1683 1240 1739 institutoribus
1265 1684 1468 1739 sanctis
1497 1684 1764 1739 laudatur
1795 1685 2146 1755 Benedictus,
2175 1702 2294 1740 non
2320 1685 2615 1755 Antonius,
2645 1703 2762 1741 non
2792 1686 3144 1756 Pachomius,
3177 1702 3294 1741 non
3322 1686 3477 1742 Basi-

104 1774 244 1840 lius,
274 1789 395 1828 non
421 1773 787 1843 Augustinus,
818 1788 934 1827 non
961 1772 1257 1843 Caesarius,
1284 1789 1399 1828 non
1427 1773 1721 1844 lEquitius,
1754 1790 1872 1828 non
1889 1774 2247 1843 Aurelianus,
2277 1791 2393 1830 non
2418 1775 2662 1846 denique
2682 1775 3082 1831 Columbanus.
3109 1775 3264 1831 Unde
3288 1791 3480 1832 conse-

110 1879 304 1934 quens
332 1867 439 1929 est,
469 1861 674 1917 saeculo
702 1878 776 1916 vu
803 1861 1094 1917 desinente
1121 1862 1249 1917 vita:
1276 1863 1601 1917 monasticae
1629 1863 1988 1917 fundatorem
2003 1860 2158 1934 apud
2183 1863 2393 1934 Anglos
2418 1880 2601 1919 unum
2625 1864 2870 1920 audiisse
2907 1864 3290 1933 Benedictum,
3319 1865 3481 1935 cuius

115 1968 332 2022 nempe
359 1952 620 2022 regulam
642 1951 991 2022 Augustinus
1013 1951 1071 2005 in
1092 1967 1216 2006 eam
1246 1952 1484 2006 insulam
1514 1952 1822 2007 invexerat.
1853 1952 2076 2007 Accedit
2095 1953 2246 2024 quod
2270 1953 2326 2007 in
2350 1953 2511 2007 dictis
2531 1953 2736 2008 litaniis
2755 1953 2932 2008 sancti
2958 1952 3241 2008 Benedicti
3270 1969 3480 2009 nomen

109 2042 198 2096 bis
226 2041 414 2112 repeti
441 2040 847 2110 praescribitur,
890 2057 1099 2112 magna
1145 2057 1279 2096 sane
1309 2041 1611 2113 singularis
1640 2042 1874 2097 honoris
1913 2058 1977 2096 ac
2017 2042 2392 2097 venerationis
2417 2042 2790 2114 prerogativa,
2823 2059 2951 2114 quae
2979 2041 3120 2098 nulli
3143 2041 3237 2096 alii
3261 2044 3476 2109 sancto,

109 2135 506 2201 praeterquam
531 2133 722 2183 sancto
752 2130 1040 2200 Stephano
1067 2134 1123 2185 et
1145 2131 1321 2185 beatae
1350 2131 1533 2186 Maria:
1559 2131 1764 2203 virgini
1791 2147 1971 2202 usque
1995 2131 2164 2186 tertio
2188 2131 2427 2186 laudatae
2455 2147 2712 2186 concessa
2744 2135 2854 2187 est.
2879 2131 2977 2185 Hic
2994 2147 3126 2186 vero
3151 2135 3268 2186 tam
3288 2130 3485 2201 singu-

105 2219 245 2275 laris
274 2218 454 2272 sancti
483 2217 769 2274 Benedicti
795 2218 947 2289 apud
981 2219 1192 2289 Anglos
1229 2219 1414 2273 cultus
1442 2219 1560 2274 sine
1583 2219 1753 2275 dubio
1782 2219 2055 2292 processit
2077 2235 2146 2274 ex
2171 2219 2657 2276 commendatione
2693 2222 2812 2275 tam
2837 2219 3111 2292 Gregorii,
3155 2235 3328 2292 quam
3355 2222 3471 2274 Au-

110 2308 359 2381 gustini,
388 2307 489 2380 qui
517 2307 688 2362 ambo
717 2312 974 2362 sanctum
1005 2309 1369 2365 Benedictum
1397 2314 1806 2381 praeceptorem
1836 2325 1899 2364 ac
1925 2309 2307 2366 institutorem
2333 2325 2501 2366 suum
2524 2312 2875 2380 venerantes,
2907 2309 3174 2366 eumdem
3202 2308 3307 2365 sibi
3334 2308 3469 2365 sub-

111 2399 248 2453 ditis
278 2396 544 2452 affectum
573 2395 942 2467 inspirarunt.

181 2498 387 2566 Neque
413 2494 525 2549 dici
550 2497 734 2565 potest
765 2494 1148 2566 Augustinum
1183 2495 1292 2550 alia
1317 2511 1490 2567 quam
1514 2496 1688 2550 sancti
1718 2495 2000 2552 Benedicti
2027 2495 2223 2568 regula
2254 2495 2314 2551 in
2339 2495 2637 2552 Andreano
2664 2495 2917 2569 Gregorii
2939 2495 3193 2552 coenobio
3208 2495 3477 2552 informa-

109 2593 240 2642 tum
270 2585 470 2651 fuisse,
511 2584 609 2637 sed
644 2587 836 2640 tamen
874 2584 925 2639 ei
968 2585 1038 2639 ad
1074 2587 1286 2655 Anglos
1336 2585 1395 2640 in
1436 2585 1781 2640 Britanniam
1805 2585 2035 2640 abeunti
2079 2584 2415 2656 Gregorium
2451 2585 2856 2656 praescripsisse
2890 2589 2955 2640 ut
2979 2584 3156 2640 sancti
3188 2585 3474 2642 Benedicti

107 2675 379 2748 regulam
406 2675 469 2728 in
501 2673 854 2728 monasteriis
892 2673 1232 2729 institueret.
1271 2676 1411 2730 Nam
1447 2681 1827 2747 praeterquam
1854 2675 2007 2746 quod
2034 2675 2140 2730 hoc
2161 2674 2334 2746 gratis
2356 2679 2412 2730 et
2437 2674 2556 2730 sine
2578 2674 2949 2730 fundamento
2977 2673 3369 2744 adduceretur,
3407 2691 3474 2729 ac

107 2763 368 2820 naturali
408 2763 804 2818 consecutione
846 2763 1103 2834 legitime
1135 2764 1333 2819 inferri
1377 2765 1577 2820 debeat
1617 2764 1996 2836 Augustinum
2039 2781 2155 2819 non
2195 2764 2509 2820 secundum
2550 2763 2721 2819 aliam
2768 2780 2940 2836 quam
2981 2779 3109 2834 quae
3146 2762 3217 2818 ab
3249 2762 3371 2834 ipso
3409 2763 3472 2818 in

105 2853 319 2924 Anglia
337 2857 657 2923 propagata
675 2857 759 2906 est
783 2853 1042 2922 regulam
1067 2852 1126 2907 in
1139 2853 1395 2908 coenobio
1417 2853 1763 2925 Gregoriano
1781 2853 2002 2922 vixisse,
2020 2853 2161 2908 illud
2176 2858 2444 2924 praeterea
2463 2853 2570 2908 hoc
2585 2856 2922 2924 argumento
2935 2850 3272 2906 validissime
3292 2851 3474 2907 revin-

105 2944 283 3009 citur,
315 2941 472 3013 quod
501 2942 548 2995 si
571 2941 748 2996 alium
769 2958 803 2995 a
837 2948 1025 2996 sancto
1055 2943 1354 2997 Benedicto
1389 2943 1517 2998 vitae
1555 2943 1826 3016 religione
1864 2943 2252 2998 institutorem
2277 2945 2471 2999 Romae
2497 2943 2787 2997 habuisset
2813 2941 3184 3013 Augustinus.
3213 2940 3467 3011 ejusdem

106 3033 191 3100 (ut
222 3031 310 3100 ﬁt)
343 3031 562 3085 cultum
586 3047 649 3084 ac
669 3031 1089 3085 venerationem
1109 3031 1280 3086 etiam
1305 3034 1457 3104 apud
1473 3033 1680 3104 Anglos
1705 3049 1819 3088 non
1836 3033 2193 3104 neglexisset.
2221 3033 2380 3096 Quod
2398 3036 2555 3103 puto,
2578 3031 2739 3086 facile
2767 3031 3076 3085 concedent
3101 3029 3248 3099 sequi
3274 3044 3465 3082 rerum

102 3120 508 3174 aestimatores.
539 3119 682 3174 Cum
710 3135 846 3190 ergo
859 3119 1008 3174 inter
1025 3121 1153 3175 vitae
1171 3123 1499 3177 monasticae
1520 3127 1774 3177 auctores
1791 3121 1959 3176 unius
1977 3121 2154 3176 sancti
2175 3121 2456 3177 Benedicti
2483 3122 2698 3176 cultum
2715 3119 3038 3192 Anglicanis
3057 3118 3311 3174 Ecclesiis
3328 3133 3470 3189 pras-

106 3207 424 3280 scripserit,
466 3208 552 3262 uti
607 3220 664 3264 et
706 3209 964 3279 regulam
997 3209 1368 3276 monasteriis,
1399 3211 1586 3265 nullus
1616 3211 1740 3281 jam
1765 3210 2099 3266 dubitationi
2122 3211 2274 3264 locus
2299 3209 2640 3281 relinquitur
2665 3224 2797 3264 eum
2822 3208 2926 3262 sub
2953 3207 3150 3262 eadem
3186 3205 3468 3262 Benedicti

105 3299 314 3369 regula
342 3298 541 3352 Romae
565 3297 705 3352 duce
734 3298 1005 3368 Gregorio
1022 3299 1309 3354 militasse.
1331 3301 1458 3354 Haec
1487 3299 1744 3370 dixerim,
1772 3316 1892 3355 non
1919 3299 2108 3354 animo
2133 3299 2429 3354 revocandi
2453 3297 2886 3353 controversiam
2899 3297 3022 3368 jam
3048 3295 3179 3352 satis
3196 3296 3319 3351 fuse
3343 3295 3466 3366 agi-

101 3392 305 3455 tatam,
339 3386 441 3440 sed
468 3385 786 3442 illustrandi
814 3392 1220 3458 argumentum
1239 3388 1390 3460 quod
1420 3405 1485 3444 ex
1511 3389 1603 3444 his
1628 3388 1839 3444 litaniis
1868 3388 2113 3444 strictius
2138 3405 2202 3442 ac
2227 3387 2453 3442 brevius
2482 3387 2542 3441 in
2569 3385 2953 3442 dissertatione
2973 3401 3101 3440 mea
3125 3385 3379 3456 exposui.

175 3486 256 3538 De
297 3483 429 3537 aliis
463 3484 688 3554 sanctis,
731 3485 829 3556 qui
865 3485 925 3540 in
960 3485 1050 3539 his
1083 3485 1290 3541 litaniis
1322 3490 1732 3553 memorantur,
1771 3485 2055 3558 plerisque
2094 3485 2212 3540 fere
2253 3484 2478 3556 ignotis,
2509 3485 2674 3556 plura
2697 3483 2791 3538 hic
2832 3482 3126 3537 observare
3149 3498 3265 3536 non
3284 3485 3464 3537 vacat.

104 3574 252 3628 lllud
279 3577 511 3628 tantum
530 3573 779 3640 adverto,
807 3574 1198 3630 Columcillum
1223 3591 1355 3631 eum
1381 3591 1520 3646 esse,
1552 3576 1650 3648 qui
1675 3575 1943 3631 Columba
1967 3575 2277 3632 Hiiensium
2302 3575 2475 3628 abbas
2515 3573 2642 3640 fuit,
2674 3576 2728 3627 et
2770 3575 3020 3626 sanctam
3055 3571 3421 3641 Margaretam
3446 3610 3461 3638 ,

99 3663 265 3734 cujus
291 3662 358 3716 in
385 3661 476 3716 his
494 3662 748 3734 partibus
775 3679 892 3718 non
915 3664 1054 3719 adeo
1082 3665 1314 3736 antiqua
1337 3664 1615 3722 memoria
1641 3664 1955 3732 videbatur,
1982 3665 2043 3720 in
2069 3663 2372 3736 praemissis
2394 3663 2601 3718 litaniis
2629 3661 2817 3717 locum
2842 3659 3070 3715 habere.

313 3965 1134 4097 VETERES
1267 3968 2053 4099 LITANIZE
2179 3963 3258 4100 ANGLICANfE

1299 4161 1355 4224 A
1414 4159 1654 4224 MILLE
1714 4159 1954 4224 ANNIS
2014 4157 2292 4226 EDITE.

1461 4278 1684 4349 (Mabill.
1710 4279 1831 4336 Vet.
1862 4277 2121 4351 analect.)

97 4498 294 4570 Kyrie,
324 4497 558 4554 eleison.
1061 4540 1072 4552 -.
1277 4501 1333 4558 8.
1372 4500 1616 4570 Andrea,
2203 4504 2333 4559 Ora.
2403 4502 2458 4557 S.
2497 4498 2638 4570 Tite,
3332 4503 3462 4558 Ora.

100 4569 353 4636 Christe,
383 4570 615 4624 eleison.
1277 4572 1333 4628 8.
1372 4569 1609 4640 Χειροὺθ.
2204 4573 2334 4627 Ora.
2400 4571 2456 4626 S.
2496 4569 2801 4637 Philimon,
3333 4572 3462 4630 Ora.

99 4640 348 4708 Christe,
379 4640 513 4694 audi
538 4656 663 4695 nos.
1277 4643 1332 4699 8.
1372 4643 1632 4712 Joannes,
2204 4642 2333 4697 Ora.
2401 4642 2455 4697 S.
2496 4641 2770 4712 Clemens,
3329 4642 3461 4699 Ora.

101 4719 356 4788 Christe,
388 4719 522 4791 audi
546 4735 672 4774 nos.
1374 4711 1624 4791 'l‘homa,
2202 4713 2334 4791 Ora.
2497 4711 2686 4791 gutta,
3329 4712 3463 4791 Ora.

101 4782 352 4856 Christe,
383 4790 518 4844 audi
542 4807 666 4844 nos.
1277 4784 1333 4861 §.
1370 4783 1590 4861 iaculis,
2204 4784 2333 4861 Ora.
2405 4783 2464 4861 §.
2497 4782 2678 4861 _Felix,
2723 4851 2755 4861 η
3329 4782 3459 4861 Ora.

101 4864 312 4916 Sancta
337 4853 527 4933 Maria,
559 4877 656 4916 ora
674 4877 778 4932 pro
806 4861 989 4918 nobis.
1091 4931 1102 4933 ᾼ
1368 4855 1644 4933 ἓὴὶιξρρθ,
2207 4853 2336 4933 9m.
2497 4853 2781 4933 Ιέευτεῃὶὶ,
3249 4927 3254 4930 _
3327 4853 3462 4933 Ora.

102 4935 314 4987 Sancta
340 4921 530 5000 Maria,
674 4921 695 4932 ⁸
1075 4931 1207 4987 Ora.
1278 4925 1334 5000 ξ.
1368 4921 1808 5000 Bartliolommu,
2207 4925 2336 5000 Ora.
2403 4924 2459 5000 §.
2498 4922 2740 5000 Corneli,
3249 4927 3254 4930 ’
3327 4921 3459 5000 Ora.

101 5004 313 5058 Sancta
336 4993 530 5065 Maria;
1079 5002 1210 5057 Ora.
1279 4996 1333 5051 S.
1373 4996 1660 5064 Matthmu,
1794 4993 1800 4995 ⁷
2205 4995 2336 5050 Ora.
2405 4995 2459 5050 S.
2499 4993 2798 5118 Cypriane,
3326 4993 3461 5051 Ora.

494 5095 563 5118 η,
603 5091 806 5118 -..--η-
1278 5067 1333 5118 8.
1374 5066 1534 5118 Juda.
2205 5066 2335 5118 Ora.
2403 5065 2459 5118 S.
2500 5065 2566 5118 Se
2608 5068 2842 5118 astiane.
3327 5063 3460 5118 Ora.

490 5063 563 5146 De
598 5091 826 5161 angelis.
866 5143 872 5150 _
1374 5066 1587 5161 indm“
1647 5063 1653 5064 ⁷
2205 5066 2335 5161 Ora.
2498 5063 2842 5161 geba’stiane,
3327 5063 3460 5161 2m,

340 5133 1121 5272 τλμίειιέἑιν”οέιῖὲοήοι›ίε.η
1277 5137 1333 5262 ἓξ
1373 5135 1645 5272 mit

2207 5135 2336 5191 Ora.
2403 5135 2458 5190 S.
2498 5133 2742 5189 Gervasi.
3328 5133 3459 5191 Ora.

2201 5205 2330 5261 Ora.
2399 5205 2455 5260 S.
2494 5203 2734 5272 Protasi,

102 5254 310 5370 ἓίωθίθ
339 5252 585 5319 Gabriel,
745 5249 763 5251 _
1077 5249 1208 5305 Om'
1277 5249 1697 5332 611132;";thti
1733 5275 1889 5332 chori
1927 5249 2332 5347 apostolorum,
2495 5249 2774 5355 viﬁEéifti,
3331 5275 3460 5332 Ora.

102 5327 310 5376 nancte
338 5322 610 5376 Bauhael.
1077 5321 1209 5376 Ora.
1352 5354 1502 5376 η-.-
1528 5365 1630 5376 _....
1653 5348 1812 5376 Mm-
2401 5346 2434 5376 ο
2496 5347 2694 5376 nam...
3328 5346 3433 5376 η..-

102 5339 310 5379 banc“:
338 5339 610 5402 “8pm?”
784 5390 795 5402 .
1077 5339 1209 5376 υΓδο
1349 5354 1504 5405 orate
1528 5365 1632 5421 pro
1653 5348 1835 5404 nobis.
1963 5339 1980 5347 ’
2317 5339 2330 5346 ’
2399 5346 2455 5401 8.
2496 5344 2719 5415 Georgi,
2759 5339 2768 5343 ⁷
3328 5346 3460 5416 Ora,

101 5395 345 5497 omnis“
385 5398 561 5446 sancti
611 5391 821 5464 angeli,
893 5393 1046 5447 orate
1105 5407 1212 5464 pro
1567 5469 1634 5497 nn
1665 5464 1999 5497 ΜΗΜΜΆΜ
2275 5463 2288 5468 _
2402 5416 2460 5472 S.
2501 5415 2750 5497 Dionysi,
3329 5416 3460 5475 om.

177 5463 366 5518 nobis.
486 5534 518 5544 η
643 5457 720 5544 ’⁷
1029 5533 1061 5544 Α
1107 5457 1148 5544 '_
1561 5469 1634 5521 De
1665 5464 2020 5534 martyribus.
2275 5463 2288 5468 ’

99 5537 317 5590 Omnes
344 5534 522 5588 sancti
539 5534 894 5615 archangeli,
1023 5533 1210 5612 Orate.
1275 5564 1471 5620 Sancte
1517 5563 1676 5635 Steph

101 5609 318 5661 Omnes
373 5611 554 5660 sancti
603 5607 761 5660 ChOI'l
813 5621 1017 5661 novem
1068 5603 1214 5658 ordi-
1348 5635 1510 5661 ..ηιηιη

1881 5563 1960 5632 is),
1982 5577 2078 5616 ora
2109 5577 2214 5632 pro
2241 5577 2338 5616 no-
2499 5527 2742 5661 Ῥοιοῖ-ζ’

543 5627 554 5686 ε
603 5627 761 5660 unum
813 5627 1214 5689 novemnurtu-
1348 5635 1532 5689 nobi5_
1610 5627 1630 5635 '
1831 5627 1839 5632 “
1924 5627 1956 5632 ’⁷
2111 5627 2130 5632 “
2402 5629 2457 5684 S.
2498 5630 2761 5689 Joannes.
3327 5627 3457 5682 Ora.

175 5693 323 5732 num
349 5677 681 5771 caalestium,
775 5767 813 5771 μ
1024 5674 1210 5730 Orate.
1277 5670 1540 5771 S.
2208 5704 2334 5758 οη.
2498 5670 2761 5768 iam“

472 5770 545 5822 De
579 5767 856 5839 apostolis.
1280 5779 1335 5834 S.
1375 5764 1578 5842 Marce,

2207 5773 2336 5829 Ora.
2404 5771 2460 5826 S.
2503 5764 2826 5842 Donatiane,
3323 5764 3453 5842 Ora.

104 5859 523 5932 SanctePetre,
551 5832 650 5914 ora
674 5874 779 5932 pro
805 5855 985 5914 nobis.
1089 5922 1120 5932 Α
1373 5832 1646 5932 ἓέωὲβᾶν

2207 5844 2336 5932 Qra-
2404 5842 2461 5932 ἓ·
2502 5832 2828 5932 ιὲοετξὲξιξθι
3320 5832 3452 5932 2:2-

105 5899 523 6000 ‘s’f‘iiafiléfw’
551 5899 778 5932 ”“’²’“’
807 5899 985 5914 “””’”’
1082 5922 1211 5981 Ora.
1279 5899 1335 5978 ἐξ
1373 5899 1713 5989 Τίιὴοὼεὲα,
2207 5914 2335 5972 Ora.
2404 5912 2464 5970 s.
2503 5899 2827 5987 Ag‘ustinef
3320 5899 3455 5958 Ora.
