  <div class='ocr_page' id='page_1' title='image "/cluster/home/n/w/nwhite01/storage/ocr_20150623/72/umn.31951002477365o/321.png"; bbox 0 0 3994 6414; ppageno 0'>
   <div class='ocr_carea' id='block_1_1' title="bbox 525 392 625 446">
    <p class='ocr_par' dir='ltr' id='par_1_1' title="bbox 525 392 625 446">
     <span class='ocr_line' id='line_1_1' title="bbox 525 392 625 446; baseline 0.01 -1"><span class='ocrx_word' id='word_1_1' title='bbox 525 392 625 446; x_wconf 78' lang='lat'><strong>6&#39;27</strong></span> 
     </span>
    </p>
   </div>
   <div class='ocr_carea' id='block_1_2' title="bbox 529 498 846 564">
    <p class='ocr_par' dir='ltr' id='par_1_2' title="bbox 529 498 846 564">
     <span class='ocr_line' id='line_1_2' title="bbox 529 498 846 564; baseline 0 -10"><span class='ocrx_word' id='word_1_2' title='bbox 529 503 588 562; x_wconf 91' lang='lat' dir='ltr'><strong>s.</strong></span> <span class='ocrx_word' id='word_1_3' title='bbox 625 498 846 564; x_wconf 73' lang='lat' dir='ltr'><strong>Cosme,</strong></span> 
     </span>
    </p>
   </div>
   <div class='ocr_carea' id='block_1_3' title="bbox 527 569 918 636">
    <p class='ocr_par' dir='ltr' id='par_1_3' title="bbox 527 569 918 636">
     <span class='ocr_line' id='line_1_3' title="bbox 527 569 918 636; baseline -0.013 -9"><span class='ocrx_word' id='word_1_4' title='bbox 527 575 584 630; x_wconf 99' lang='grc'><strong>8.</strong></span> <span class='ocrx_word' id='word_1_5' title='bbox 623 569 918 636; x_wconf 81' lang='lat' dir='ltr'><strong>Damiane,</strong></span> 
     </span>
    </p>
   </div>
   <div class='ocr_carea' id='block_1_4' title="bbox 527 641 893 706">
    <p class='ocr_par' dir='ltr' id='par_1_4' title="bbox 527 641 893 706">
     <span class='ocr_line' id='line_1_4' title="bbox 527 641 893 706; baseline -0.016 -9"><span class='ocrx_word' id='word_1_6' title='bbox 527 645 584 700; x_wconf 93' lang='lat' dir='ltr'><strong>S.</strong></span> <span class='ocrx_word' id='word_1_7' title='bbox 621 641 893 706; x_wconf 83' lang='lat' dir='ltr'><strong>Romane,</strong></span> 
     </span>
    </p>
   </div>
   <div class='ocr_carea' id='block_1_5' title="bbox 526 709 844 776">
    <p class='ocr_par' dir='ltr' id='par_1_5' title="bbox 526 709 844 776">
     <span class='ocr_line' id='line_1_5' title="bbox 526 709 844 776; baseline -0.016 -8"><span class='ocrx_word' id='word_1_8' title='bbox 526 714 581 769; x_wconf 94' lang='grc'><strong>8.</strong></span> <span class='ocrx_word' id='word_1_9' title='bbox 619 709 844 776; x_wconf 68' lang='lat' dir='ltr'><strong>Caesari,</strong></span> 
     </span>
    </p>
   </div>
   <div class='ocr_carea' id='block_1_6' title="bbox 527 779 954 846">
    <p class='ocr_par' dir='ltr' id='par_1_6' title="bbox 527 779 954 846">
     <span class='ocr_line' id='line_1_6' title="bbox 527 779 954 846; baseline -0.014 -8"><span class='ocrx_word' id='word_1_10' title='bbox 527 785 582 839; x_wconf 96' lang='grc'><strong>8.</strong></span> <span class='ocrx_word' id='word_1_11' title='bbox 622 779 954 846; x_wconf 84' lang='lat' dir='ltr'><strong>Marcelline,</strong></span> 
     </span>
    </p>
   </div>
   <div class='ocr_carea' id='block_1_7' title="bbox 523 853 914 915">
    <p class='ocr_par' dir='ltr' id='par_1_7' title="bbox 523 853 914 915">
     <span class='ocr_line' id='line_1_7' title="bbox 523 853 914 915; baseline -0.008 -8"><span class='ocrx_word' id='word_1_12' title='bbox 523 855 581 910; x_wconf 92' lang='lat' dir='ltr'><strong>S.</strong></span> <span class='ocrx_word' id='word_1_13' title='bbox 622 853 914 915; x_wconf 87' lang='lat' dir='ltr'><strong>Pancrate,</strong></span> 
     </span>
    </p>
   </div>
   <div class='ocr_carea' id='block_1_8' title="bbox 529 921 844 988">
    <p class='ocr_par' dir='ltr' id='par_1_8' title="bbox 529 921 844 988">
     <span class='ocr_line' id='line_1_8' title="bbox 529 921 844 988; baseline -0.013 -9"><span class='ocrx_word' id='word_1_14' title='bbox 529 925 586 980; x_wconf 95' lang='grc'><strong>8.</strong></span> <span class='ocrx_word' id='word_1_15' title='bbox 624 921 844 988; x_wconf 89' lang='lat' dir='ltr'><strong>Nazari,</strong></span> 
     </span>
    </p>
   </div>
   <div class='ocr_carea' id='block_1_9' title="bbox 527 991 898 1064">
    <p class='ocr_par' dir='ltr' id='par_1_9' title="bbox 527 991 898 1064">
     <span class='ocr_line' id='line_1_9' title="bbox 527 991 898 1064; baseline 0.003 -20"><span class='ocrx_word' id='word_1_16' title='bbox 527 995 584 1052; x_wconf 81' lang='lat' dir='ltr'><strong>S.</strong></span> <span class='ocrx_word' id='word_1_17' title='bbox 624 991 898 1064; x_wconf 75' lang='lat' dir='ltr'><strong>Benigne,</strong></span> 
     </span>
    </p>
   </div>
   <div class='ocr_carea' id='block_1_10' title="bbox 528 1061 1052 1132">
    <p class='ocr_par' dir='ltr' id='par_1_10' title="bbox 528 1061 1052 1132">
     <span class='ocr_line' id='line_1_10' title="bbox 528 1061 1052 1132; baseline 0 -17"><span class='ocrx_word' id='word_1_18' title='bbox 528 1065 582 1120; x_wconf 95' lang='lat' dir='ltr'><strong>S.</strong></span> <span class='ocrx_word' id='word_1_19' title='bbox 625 1061 1052 1132; x_wconf 75' lang='lat' dir='ltr'><strong>Symphoriane,</strong></span> 
     </span>
    </p>
   </div>
   <div class='ocr_carea' id='block_1_11' title="bbox 529 1135 876 1198">
    <p class='ocr_par' dir='ltr' id='par_1_11' title="bbox 529 1135 876 1198">
     <span class='ocr_line' id='line_1_11' title="bbox 529 1135 876 1198; baseline -0.012 -8"><span class='ocrx_word' id='word_1_20' title='bbox 529 1135 588 1190; x_wconf 91' lang='grc'><strong>8.</strong></span> <span class='ocrx_word' id='word_1_21' title='bbox 626 1135 876 1198; x_wconf 85' lang='lat' dir='ltr'><strong>Hermes,</strong></span> 
     </span>
    </p>
   </div>
   <div class='ocr_carea' id='block_1_12' title="bbox 527 1202 984 1272">
    <p class='ocr_par' dir='ltr' id='par_1_12' title="bbox 527 1202 984 1272">
     <span class='ocr_line' id='line_1_12' title="bbox 527 1202 984 1272; baseline -0.007 -12"><span class='ocrx_word' id='word_1_22' title='bbox 527 1205 586 1260; x_wconf 93' lang='grc'><strong>8.</strong></span> <span class='ocrx_word' id='word_1_23' title='bbox 625 1202 984 1272; x_wconf 87' lang='lat' dir='ltr'><strong>Felicissime,</strong></span> 
     </span>
    </p>
   </div>
   <div class='ocr_carea' id='block_1_13' title="bbox 526 1273 801 1341">
    <p class='ocr_par' dir='ltr' id='par_1_13' title="bbox 526 1273 801 1341">
     <span class='ocr_line' id='line_1_13' title="bbox 526 1273 801 1341; baseline -0.007 -11"><span class='ocrx_word' id='word_1_24' title='bbox 526 1275 582 1330; x_wconf 92' lang='lat' dir='ltr'><strong>S.</strong></span> <span class='ocrx_word' id='word_1_25' title='bbox 622 1273 801 1341; x_wconf 86' lang='lat' dir='ltr'><strong>Abdo,</strong></span> 
     </span>
    </p>
   </div>
   <div class='ocr_carea' id='block_1_14' title="bbox 531 1343 815 1410">
    <p class='ocr_par' dir='ltr' id='par_1_14' title="bbox 531 1343 815 1410">
     <span class='ocr_line' id='line_1_14' title="bbox 531 1343 815 1410; baseline -0.011 -11"><span class='ocrx_word' id='word_1_26' title='bbox 531 1345 584 1400; x_wconf 94' lang='lat' dir='ltr'><strong>S.</strong></span> <span class='ocrx_word' id='word_1_27' title='bbox 627 1343 815 1410; x_wconf 90' lang='lat' dir='ltr'><strong>Senes,</strong></span> 
     </span>
    </p>
   </div>
   <div class='ocr_carea' id='block_1_15' title="bbox 529 1413 859 1469">
    <p class='ocr_par' dir='ltr' id='par_1_15' title="bbox 529 1413 859 1469">
     <span class='ocr_line' id='line_1_15' title="bbox 529 1413 859 1469; baseline -0.003 0"><span class='ocrx_word' id='word_1_28' title='bbox 529 1415 584 1469; x_wconf 93' lang='lat' dir='ltr'><strong>S.</strong></span> <span class='ocrx_word' id='word_1_29' title='bbox 625 1413 859 1468; x_wconf 87' lang='lat' dir='ltr'><strong>Tiburti.</strong></span> 
     </span>
    </p>
   </div>
   <div class='ocr_carea' id='block_1_16' title="bbox 529 1485 814 1549">
    <p class='ocr_par' dir='ltr' id='par_1_16' title="bbox 529 1485 814 1549">
     <span class='ocr_line' id='line_1_16' title="bbox 529 1485 814 1549; baseline 0 -10"><span class='ocrx_word' id='word_1_30' title='bbox 529 1485 584 1540; x_wconf 92' lang='lat' dir='ltr'><strong>S.</strong></span> <span class='ocrx_word' id='word_1_31' title='bbox 625 1485 814 1549; x_wconf 89' lang='lat' dir='ltr'><strong>Beate,</strong></span> 
     </span>
    </p>
   </div>
   <div class='ocr_carea' id='block_1_17' title="bbox 529 1554 892 1622">
    <p class='ocr_par' dir='ltr' id='par_1_17' title="bbox 529 1554 892 1622">
     <span class='ocr_line' id='line_1_17' title="bbox 529 1554 892 1622; baseline -0.006 -12"><span class='ocrx_word' id='word_1_32' title='bbox 529 1555 585 1610; x_wconf 94' lang='grc'><strong>8.</strong></span> <span class='ocrx_word' id='word_1_33' title='bbox 624 1554 892 1622; x_wconf 82' lang='lat' dir='ltr'><strong>Candide,</strong></span> 
     </span>
    </p>
   </div>
   <div class='ocr_carea' id='block_1_18' title="bbox 527 1623 892 1690">
    <p class='ocr_par' dir='ltr' id='par_1_18' title="bbox 527 1623 892 1690">
     <span class='ocr_line' id='line_1_18' title="bbox 527 1623 892 1690; baseline -0.005 -10"><span class='ocrx_word' id='word_1_34' title='bbox 527 1625 585 1680; x_wconf 91' lang='grc'><strong>8.</strong></span> <span class='ocrx_word' id='word_1_35' title='bbox 627 1623 892 1690; x_wconf 79' lang='lat' dir='ltr'><strong>Bonifaci,</strong></span> 
     </span>
    </p>
   </div>
   <div class='ocr_carea' id='block_1_19' title="bbox 526 1693 953 1762">
    <p class='ocr_par' dir='ltr' id='par_1_19' title="bbox 526 1693 953 1762">
     <span class='ocr_line' id='line_1_19' title="bbox 526 1693 953 1762; baseline -0.002 -13"><span class='ocrx_word' id='word_1_36' title='bbox 526 1695 582 1750; x_wconf 90' lang='lat' dir='ltr'><strong>S.</strong></span> <span class='ocrx_word' id='word_1_37' title='bbox 621 1693 953 1762; x_wconf 86' lang='lat' dir='ltr'><strong>Nicomedis,</strong></span> 
     </span>
    </p>
   </div>
   <div class='ocr_carea' id='block_1_20' title="bbox 525 1765 835 1834">
    <p class='ocr_par' dir='ltr' id='par_1_20' title="bbox 525 1765 835 1834">
     <span class='ocr_line' id='line_1_20' title="bbox 525 1765 835 1834; baseline -0.003 -14"><span class='ocrx_word' id='word_1_38' title='bbox 525 1765 581 1820; x_wconf 92' lang='grc'><strong>8.</strong></span> <span class='ocrx_word' id='word_1_39' title='bbox 620 1766 835 1834; x_wconf 87' lang='lat' dir='ltr'><strong>Menna,</strong></span> 
     </span>
    </p>
   </div>
   <div class='ocr_carea' id='block_1_21' title="bbox 525 1837 837 1906">
    <p class='ocr_par' dir='ltr' id='par_1_21' title="bbox 525 1837 837 1906">
     <span class='ocr_line' id='line_1_21' title="bbox 525 1837 837 1906; baseline 0.006 -18"><span class='ocrx_word' id='word_1_40' title='bbox 525 1837 579 1906; x_wconf 87' lang='grc'><strong>8.</strong></span> <span class='ocrx_word' id='word_1_41' title='bbox 619 1837 837 1906; x_wconf 84' lang='lat' dir='ltr'><strong>Magne.</strong></span> 
     </span>
    </p>
   </div>
   <div class='ocr_carea' id='block_1_22' title="bbox 525 1905 908 1975">
    <p class='ocr_par' dir='ltr' id='par_1_22' title="bbox 525 1905 908 1975">
     <span class='ocr_line' id='line_1_22' title="bbox 525 1905 908 1975; baseline -0.005 -13"><span class='ocrx_word' id='word_1_42' title='bbox 525 1905 584 1962; x_wconf 94' lang='lat' dir='ltr'><strong>S.</strong></span> <span class='ocrx_word' id='word_1_43' title='bbox 625 1905 908 1975; x_wconf 81' lang='lat' dir='ltr'><strong>Ruphine,</strong></span> 
     </span>
    </p>
   </div>
   <div class='ocr_carea' id='block_1_23' title="bbox 527 1975 824 2031">
    <p class='ocr_par' dir='ltr' id='par_1_23' title="bbox 527 1975 824 2031">
     <span class='ocr_line' id='line_1_23' title="bbox 527 1975 824 2031; baseline -0.003 0"><span class='ocrx_word' id='word_1_44' title='bbox 527 1976 580 2031; x_wconf 93' lang='grc'><strong>8.</strong></span> <span class='ocrx_word' id='word_1_45' title='bbox 622 1975 824 2030; x_wconf 88' lang='lat' dir='ltr'><strong>Nabori</strong></span> 
     </span>
    </p>
   </div>
   <div class='ocr_carea' id='block_1_24' title="bbox 524 2018 923 2114">
    <p class='ocr_par' dir='ltr' id='par_1_24' title="bbox 524 2018 923 2114">
     <span class='ocr_line' id='line_1_24' title="bbox 524 2018 923 2114; baseline 0 -14"><span class='ocrx_word' id='word_1_46' title='bbox 524 2018 584 2100; x_wconf 80' lang='grc'><strong>8.</strong></span> <span class='ocrx_word' id='word_1_47' title='bbox 622 2018 923 2114; x_wconf 74' lang='lat' dir='ltr'><strong>Iuvenalis,</strong></span> 
     </span>
    </p>
   </div>
   <div class='ocr_carea' id='block_1_25' title="bbox 527 2115 872 2184">
    <p class='ocr_par' dir='ltr' id='par_1_25' title="bbox 527 2115 872 2184">
     <span class='ocr_line' id='line_1_25' title="bbox 527 2115 872 2184; baseline 0 -14"><span class='ocrx_word' id='word_1_48' title='bbox 527 2117 582 2170; x_wconf 92' lang='grc'><strong>8.</strong></span> <span class='ocrx_word' id='word_1_49' title='bbox 623 2115 872 2184; x_wconf 82' lang='lat' dir='ltr'><strong>Beatrix,</strong></span> 
     </span>
    </p>
   </div>
   <div class='ocr_carea' id='block_1_26' title="bbox 526 2185 882 2254">
    <p class='ocr_par' dir='ltr' id='par_1_26' title="bbox 526 2185 882 2254">
     <span class='ocr_line' id='line_1_26' title="bbox 526 2185 882 2254; baseline 0 -13"><span class='ocrx_word' id='word_1_50' title='bbox 526 2186 586 2241; x_wconf 92' lang='lat' dir='ltr'><strong>S.</strong></span> <span class='ocrx_word' id='word_1_51' title='bbox 628 2185 882 2254; x_wconf 87' lang='lat' dir='ltr'><strong>lacincte,</strong></span> 
     </span>
    </p>
   </div>
   <div class='ocr_carea' id='block_1_27' title="bbox 527 2255 970 2318">
    <p class='ocr_par' dir='ltr' id='par_1_27' title="bbox 527 2255 970 2318">
     <span class='ocr_line' id='line_1_27' title="bbox 527 2255 970 2318; baseline -0.002 -7"><span class='ocrx_word' id='word_1_52' title='bbox 527 2256 581 2311; x_wconf 94' lang='lat' dir='ltr'><strong>S.</strong></span> <span class='ocrx_word' id='word_1_53' title='bbox 623 2255 970 2318; x_wconf 82' lang='lat' dir='ltr'><strong>Martiniane,</strong></span> 
     </span>
    </p>
   </div>
   <div class='ocr_carea' id='block_1_28' title="bbox 528 2325 909 2392">
    <p class='ocr_par' dir='ltr' id='par_1_28' title="bbox 528 2325 909 2392">
     <span class='ocr_line' id='line_1_28' title="bbox 528 2325 909 2392; baseline 0 -12"><span class='ocrx_word' id='word_1_54' title='bbox 528 2325 583 2380; x_wconf 92' lang='grc'><strong>8.</strong></span> <span class='ocrx_word' id='word_1_55' title='bbox 625 2327 909 2392; x_wconf 90' lang='lat' dir='ltr'><strong>Dremore,</strong></span> 
     </span>
    </p>
   </div>
   <div class='ocr_carea' id='block_1_29' title="bbox 525 2395 1617 2468">
    <p class='ocr_par' dir='ltr' id='par_1_29' title="bbox 525 2395 1617 2468">
     <span class='ocr_line' id='line_1_29' title="bbox 525 2395 1617 2468; baseline -0.001 -16"><span class='ocrx_word' id='word_1_56' title='bbox 525 2396 730 2452; x_wconf 89' lang='lat' dir='ltr'><strong>Omnes</strong></span> <span class='ocrx_word' id='word_1_57' title='bbox 795 2396 999 2468; x_wconf 17' lang='lat' dir='ltr'><strong>sancti,</strong></span> <span class='ocrx_word' id='word_1_58' title='bbox 1032 2395 1206 2468; x_wconf 80' lang='lat' dir='ltr'><strong>_Chori</strong></span> <span class='ocrx_word' id='word_1_59' title='bbox 1279 2399 1617 2468; x_wconf 81' lang='lat' dir='ltr'><strong>martyrum,</strong></span> 
     </span>
    </p>
   </div>
   <div class='ocr_carea' id='block_1_30' title="bbox 599 2466 1093 2538">
    <p class='ocr_par' dir='ltr' id='par_1_30' title="bbox 599 2466 1093 2538">
     <span class='ocr_line' id='line_1_30' title="bbox 599 2466 1093 2538; baseline -0.002 -16"><span class='ocrx_word' id='word_1_60' title='bbox 599 2471 754 2522; x_wconf 86' lang='lat' dir='ltr'><strong>orate</strong></span> <span class='ocrx_word' id='word_1_61' title='bbox 777 2483 882 2538; x_wconf 91' lang='lat' dir='ltr'><strong>pro</strong></span> <span class='ocrx_word' id='word_1_62' title='bbox 907 2466 1093 2522; x_wconf 89' lang='lat' dir='ltr'><strong>nobis.</strong></span> 
     </span>
    </p>
   </div>
   <div class='ocr_carea' id='block_1_31' title="bbox 823 2557 1323 2625">
    <p class='ocr_par' dir='ltr' id='par_1_31' title="bbox 823 2557 1323 2625">
     <span class='ocr_line' id='line_1_31' title="bbox 823 2557 1323 2625; baseline -0.004 -11"><span class='ocrx_word' id='word_1_63' title='bbox 823 2561 898 2614; x_wconf 87' lang='lat' dir='ltr'><strong>De</strong></span> <span class='ocrx_word' id='word_1_64' title='bbox 917 2557 1323 2625; x_wconf 72' lang='lat' dir='ltr'><strong>confessoribus.</strong></span> 
     </span>
    </p>
   </div>
   <div class='ocr_carea' id='block_1_32' title="bbox 521 2647 1344 2720">
    <p class='ocr_par' dir='ltr' id='par_1_32' title="bbox 521 2647 1344 2720">
     <span class='ocr_line' id='line_1_32' title="bbox 521 2647 1344 2720; baseline -0.001 -15"><span class='ocrx_word' id='word_1_65' title='bbox 521 2651 718 2720; x_wconf 80' lang='lat' dir='ltr'><strong>Sancte</strong></span> <span class='ocrx_word' id='word_1_66' title='bbox 743 2649 874 2717; x_wconf 89' lang='lat' dir='ltr'><strong>Leo,</strong></span> <span class='ocrx_word' id='word_1_67' title='bbox 905 2664 1008 2704; x_wconf 89' lang='lat' dir='ltr'><strong>ora</strong></span> <span class='ocrx_word' id='word_1_68' title='bbox 1033 2664 1138 2720; x_wconf 91' lang='lat' dir='ltr'><strong>pro</strong></span> <span class='ocrx_word' id='word_1_69' title='bbox 1163 2647 1344 2704; x_wconf 87' lang='lat' dir='ltr'><strong>nobis.</strong></span> 
     </span>
    </p>
   </div>
   <div class='ocr_carea' id='block_1_33' title="bbox 523 2719 908 2789">
    <p class='ocr_par' dir='ltr' id='par_1_33' title="bbox 523 2719 908 2789">
     <span class='ocr_line' id='line_1_33' title="bbox 523 2719 908 2789; baseline -0.005 -13"><span class='ocrx_word' id='word_1_70' title='bbox 523 2722 579 2776; x_wconf 94' lang='lat' dir='ltr'><strong>S.</strong></span> <span class='ocrx_word' id='word_1_71' title='bbox 622 2719 908 2789; x_wconf 86' lang='lat' dir='ltr'><strong>Silvester,</strong></span> 
     </span>
    </p>
   </div>
   <div class='ocr_carea' id='block_1_34' title="bbox 521 2791 848 2856">
    <p class='ocr_par' dir='ltr' id='par_1_34' title="bbox 521 2791 848 2856">
     <span class='ocr_line' id='line_1_34' title="bbox 521 2791 848 2856; baseline -0.009 -11"><span class='ocrx_word' id='word_1_72' title='bbox 521 2791 576 2845; x_wconf 91' lang='grc'><strong>8.</strong></span> <span class='ocrx_word' id='word_1_73' title='bbox 619 2791 848 2856; x_wconf 81' lang='lat' dir='ltr'><strong>Donate,</strong></span> 
     </span>
    </p>
   </div>
   <div class='ocr_carea' id='block_1_35' title="bbox 523 2859 870 2929">
    <p class='ocr_par' dir='ltr' id='par_1_35' title="bbox 523 2859 870 2929">
     <span class='ocr_line' id='line_1_35' title="bbox 523 2859 870 2929; baseline -0.012 -13"><span class='ocrx_word' id='word_1_74' title='bbox 523 2861 579 2916; x_wconf 90' lang='lat' dir='ltr'><strong>S.</strong></span> <span class='ocrx_word' id='word_1_75' title='bbox 617 2859 870 2929; x_wconf 85' lang='lat' dir='ltr'><strong>Gregori,</strong></span> 
     </span>
    </p>
   </div>
   <div class='ocr_carea' id='block_1_36' title="bbox 570 3139 819 3207">
    <p class='ocr_par' dir='ltr' id='par_1_36' title="bbox 570 3139 819 3207">
     <span class='ocr_line' id='line_1_36' title="bbox 570 3139 819 3207; baseline -0.004 -13"><span class='ocrx_word' id='word_1_76' title='bbox 570 3181 583 3194; x_wconf 95' lang='lat'><strong>.</strong></span> <span class='ocrx_word' id='word_1_77' title='bbox 625 3139 819 3207; x_wconf 86' lang='lat' dir='ltr'><strong>Hilari,</strong></span> 
     </span>
    </p>
   </div>
   <div class='ocr_carea' id='block_1_37' title="bbox 573 3209 882 3277">
    <p class='ocr_par' dir='ltr' id='par_1_37' title="bbox 573 3209 882 3277">
     <span class='ocr_line' id='line_1_37' title="bbox 573 3209 882 3277; baseline -0.003 -13"><span class='ocrx_word' id='word_1_78' title='bbox 573 3250 585 3264; x_wconf 93' lang='lat'><strong>.</strong></span> <span class='ocrx_word' id='word_1_79' title='bbox 626 3209 882 3277; x_wconf 86' lang='lat' dir='ltr'><strong>Martine,</strong></span> 
     </span>
    </p>
   </div>
   <div class='ocr_carea' id='block_1_38' title="bbox 571 3281 883 3348">
    <p class='ocr_par' dir='ltr' id='par_1_38' title="bbox 571 3281 883 3348">
     <span class='ocr_line' id='line_1_38' title="bbox 571 3281 883 3348; baseline -0.006 -14"><span class='ocrx_word' id='word_1_80' title='bbox 571 3321 584 3334; x_wconf 96' lang='lat'><strong>.</strong></span> <span class='ocrx_word' id='word_1_81' title='bbox 625 3281 883 3348; x_wconf 86' lang='lat' dir='ltr'><strong>Samson,</strong></span> 
     </span>
    </p>
   </div>
   <div class='ocr_carea' id='block_1_39' title="bbox 574 3351 847 3416">
    <p class='ocr_par' dir='ltr' id='par_1_39' title="bbox 574 3351 847 3416">
     <span class='ocr_line' id='line_1_39' title="bbox 574 3351 847 3416; baseline 0 -12"><span class='ocrx_word' id='word_1_82' title='bbox 574 3391 588 3404; x_wconf 95' lang='lat'><strong>.</strong></span> <span class='ocrx_word' id='word_1_83' title='bbox 629 3351 847 3416; x_wconf 84' lang='lat' dir='ltr'><strong>Brioce,</strong></span> 
     </span>
    </p>
   </div>
   <div class='ocr_carea' id='block_1_40' title="bbox 575 3421 854 3486">
    <p class='ocr_par' dir='ltr' id='par_1_40' title="bbox 575 3421 854 3486">
     <span class='ocr_line' id='line_1_40' title="bbox 575 3421 854 3486; baseline -0.004 -12"><span class='ocrx_word' id='word_1_84' title='bbox 575 3461 589 3474; x_wconf 94' lang='lat'><strong>.</strong></span> <span class='ocrx_word' id='word_1_85' title='bbox 631 3421 854 3486; x_wconf 89' lang='lat' dir='ltr'><strong>Melore,</strong></span> 
     </span>
    </p>
   </div>
   <div class='ocr_carea' id='block_1_41' title="bbox 569 3561 843 3626">
    <p class='ocr_par' dir='ltr' id='par_1_41' title="bbox 569 3561 843 3626">
     <span class='ocr_line' id='line_1_41' title="bbox 569 3561 843 3626; baseline 0.004 -12"><span class='ocrx_word' id='word_1_86' title='bbox 569 3601 581 3614; x_wconf 93' lang='lat'><strong>.</strong></span> <span class='ocrx_word' id='word_1_87' title='bbox 622 3561 843 3626; x_wconf 90' lang='lat' dir='ltr'><strong>Patrici,</strong></span> 
     </span>
    </p>
   </div>
   <div class='ocr_carea' id='block_1_42' title="bbox 570 3772 798 3839">
    <p class='ocr_par' dir='ltr' id='par_1_42' title="bbox 570 3772 798 3839">
     <span class='ocr_line' id='line_1_42' title="bbox 570 3772 798 3839; baseline 0 -15"><span class='ocrx_word' id='word_1_88' title='bbox 570 3811 581 3824; x_wconf 95' lang='lat'><strong>.</strong></span> <span class='ocrx_word' id='word_1_89' title='bbox 621 3772 798 3839; x_wconf 90' lang='lat' dir='ltr'><strong>Gilda,</strong></span> 
     </span>
    </p>
   </div>
   <div class='ocr_carea' id='block_1_43' title="bbox 568 3844 881 3908">
    <p class='ocr_par' dir='ltr' id='par_1_43' title="bbox 568 3844 881 3908">
     <span class='ocr_line' id='line_1_43' title="bbox 568 3844 881 3908; baseline 0.006 -13"><span class='ocrx_word' id='word_1_90' title='bbox 568 3882 581 3894; x_wconf 96' lang='lat'><strong>.</strong></span> <span class='ocrx_word' id='word_1_91' title='bbox 623 3844 881 3908; x_wconf 88' lang='lat' dir='ltr'><strong>Paterne,</strong></span> 
     </span>
    </p>
   </div>
   <div class='ocr_carea' id='block_1_44' title="bbox 569 3914 878 3976">
    <p class='ocr_par' dir='ltr' id='par_1_44' title="bbox 569 3914 878 3976">
     <span class='ocr_line' id='line_1_44' title="bbox 569 3914 878 3976; baseline 0.006 -12"><span class='ocrx_word' id='word_1_92' title='bbox 569 3952 583 3964; x_wconf 93' lang='lat'><strong>.</strong></span> <span class='ocrx_word' id='word_1_93' title='bbox 621 3914 878 3976; x_wconf 86' lang='lat' dir='ltr'><strong>Petrane,</strong></span> 
     </span>
    </p>
   </div>
   <div class='ocr_carea' id='block_1_45' title="bbox 573 4121 854 4188">
    <p class='ocr_par' dir='ltr' id='par_1_45' title="bbox 573 4121 854 4188">
     <span class='ocr_line' id='line_1_45' title="bbox 573 4121 854 4188; baseline 0.007 -16"><span class='ocrx_word' id='word_1_94' title='bbox 573 4138 587 4172; x_wconf 87' lang='lat'><strong>.&#39;</strong></span> <span class='ocrx_word' id='word_1_95' title='bbox 631 4121 854 4188; x_wconf 85' lang='lat' dir='ltr'><strong>Citawe,</strong></span> 
     </span>
    </p>
   </div>
   <div class='ocr_carea' id='block_1_46' title="bbox 575 4262 852 4328">
    <p class='ocr_par' dir='ltr' id='par_1_46' title="bbox 575 4262 852 4328">
     <span class='ocr_line' id='line_1_46' title="bbox 575 4262 852 4328; baseline 0.007 -16"><span class='ocrx_word' id='word_1_96' title='bbox 575 4299 587 4312; x_wconf 95' lang='lat'><strong>.</strong></span> <span class='ocrx_word' id='word_1_97' title='bbox 627 4262 852 4328; x_wconf 86' lang='lat' dir='ltr'><strong>Munna,</strong></span> 
     </span>
    </p>
   </div>
   <div class='ocr_carea' id='block_1_47' title="bbox 573 4543 891 4612">
    <p class='ocr_par' dir='ltr' id='par_1_47' title="bbox 573 4543 891 4612">
     <span class='ocr_line' id='line_1_47' title="bbox 573 4543 891 4612; baseline 0.006 -16"><span class='ocrx_word' id='word_1_98' title='bbox 573 4583 586 4596; x_wconf 95' lang='lat'><strong>.</strong></span> <span class='ocrx_word' id='word_1_99' title='bbox 626 4543 891 4612; x_wconf 85' lang='lat' dir='ltr'><strong>Tutwale,</strong></span> 
     </span>
    </p>
   </div>
   <div class='ocr_carea' id='block_1_48' title="bbox 575 4755 818 4820">
    <p class='ocr_par' dir='ltr' id='par_1_48' title="bbox 575 4755 818 4820">
     <span class='ocr_line' id='line_1_48' title="bbox 575 4755 818 4820; baseline 0.004 -13"><span class='ocrx_word' id='word_1_100' title='bbox 575 4794 588 4807; x_wconf 94' lang='lat'><strong>.</strong></span> <span class='ocrx_word' id='word_1_101' title='bbox 629 4755 818 4820; x_wconf 83' lang='lat' dir='ltr'><strong>Paule,</strong></span> 
     </span>
    </p>
   </div>
   <div class='ocr_carea' id='block_1_49' title="bbox 571 5036 866 5105">
    <p class='ocr_par' dir='ltr' id='par_1_49' title="bbox 571 5036 866 5105">
     <span class='ocr_line' id='line_1_49' title="bbox 571 5036 866 5105; baseline 0.007 -17"><span class='ocrx_word' id='word_1_102' title='bbox 571 5075 586 5088; x_wconf 97' lang='lat'><strong>.</strong></span> <span class='ocrx_word' id='word_1_103' title='bbox 627 5036 866 5105; x_wconf 89' lang='lat' dir='ltr'><strong>Dircille,</strong></span> 
     </span>
    </p>
   </div>
   <div class='ocr_carea' id='block_1_50' title="bbox 572 5107 854 5174">
    <p class='ocr_par' dir='ltr' id='par_1_50' title="bbox 572 5107 854 5174">
     <span class='ocr_line' id='line_1_50' title="bbox 572 5107 854 5174; baseline 0.004 -16"><span class='ocrx_word' id='word_1_104' title='bbox 572 5146 586 5158; x_wconf 93' lang='lat'><strong>.</strong></span> <span class='ocrx_word' id='word_1_105' title='bbox 629 5107 854 5174; x_wconf 89' lang='lat' dir='ltr'><strong>Bachla,</strong></span> 
     </span>
    </p>
   </div>
   <div class='ocr_carea' id='block_1_51' title="bbox 573 5177 866 5244">
    <p class='ocr_par' dir='ltr' id='par_1_51' title="bbox 573 5177 866 5244">
     <span class='ocr_line' id='line_1_51' title="bbox 573 5177 866 5244; baseline 0.007 -16"><span class='ocrx_word' id='word_1_106' title='bbox 573 5215 586 5228; x_wconf 96' lang='lat'><strong>.</strong></span> <span class='ocrx_word' id='word_1_107' title='bbox 627 5177 866 5244; x_wconf 83' lang='lat' dir='ltr'><strong>Rawele,</strong></span> 
     </span>
    </p>
   </div>
   <div class='ocr_carea' id='block_1_52' title="bbox 571 5247 846 5310">
    <p class='ocr_par' dir='ltr' id='par_1_52' title="bbox 571 5247 846 5310">
     <span class='ocr_line' id='line_1_52' title="bbox 571 5247 846 5310; baseline 0 -12"><span class='ocrx_word' id='word_1_108' title='bbox 571 5285 586 5298; x_wconf 97' lang='lat'><strong>.</strong></span> <span class='ocrx_word' id='word_1_109' title='bbox 623 5247 846 5310; x_wconf 84' lang='lat' dir='ltr'><strong>Racate,</strong></span> 
     </span>
    </p>
   </div>
   <div class='ocr_carea' id='block_1_53' title="bbox 573 5385 872 5454">
    <p class='ocr_par' dir='ltr' id='par_1_53' title="bbox 573 5385 872 5454">
     <span class='ocr_line' id='line_1_53' title="bbox 573 5385 872 5454; baseline 0.013 -17"><span class='ocrx_word' id='word_1_110' title='bbox 573 5423 588 5437; x_wconf 94' lang='lat'><strong>.</strong></span> <span class='ocrx_word' id='word_1_111' title='bbox 629 5385 872 5454; x_wconf 84' lang='lat' dir='ltr'><strong>Riacate,</strong></span> 
     </span>
    </p>
   </div>
   <div class='ocr_carea' id='block_1_54' title="bbox 525 2931 567 5510">
    <p class='ocr_par' dir='ltr' id='par_1_54' title="bbox 525 2931 567 5510">
     <span class='ocr_line' id='line_1_54' title="bbox 527 2931 562 2986; baseline 0 0"><span class='ocrx_word' id='word_1_112' title='bbox 527 2931 562 2986; x_wconf 93' lang='lat' dir='ltr'><strong>S</strong></span> 
     </span>
     <span class='ocr_line' id='line_1_55' title="bbox 527 2999 564 3056; baseline 0 0"><span class='ocrx_word' id='word_1_113' title='bbox 527 2999 564 3056; x_wconf 91' lang='lat' dir='ltr'>S</span> 
     </span>
     <span class='ocr_line' id='line_1_56' title="bbox 525 3069 560 3125; baseline 0 0"><span class='ocrx_word' id='word_1_114' title='bbox 525 3069 560 3125; x_wconf 95' lang='lat' dir='ltr'><strong>S</strong></span> 
     </span>
     <span class='ocr_line' id='line_1_57' title="bbox 526 3139 562 3195; baseline 0 0"><span class='ocrx_word' id='word_1_115' title='bbox 526 3139 562 3195; x_wconf 92' lang='lat' dir='ltr'>S</span> 
     </span>
     <span class='ocr_line' id='line_1_58' title="bbox 529 3211 566 3265; baseline 0 0"><span class='ocrx_word' id='word_1_116' title='bbox 529 3211 566 3265; x_wconf 92' lang='lat' dir='ltr'><strong>S</strong></span> 
     </span>
     <span class='ocr_line' id='line_1_59' title="bbox 527 3281 564 3335; baseline 0 0"><span class='ocrx_word' id='word_1_117' title='bbox 527 3281 564 3335; x_wconf 94' lang='lat' dir='ltr'><strong>S</strong></span> 
     </span>
     <span class='ocr_line' id='line_1_60' title="bbox 531 3351 567 3405; baseline 0 0"><span class='ocrx_word' id='word_1_118' title='bbox 531 3351 567 3405; x_wconf 95' lang='lat' dir='ltr'><strong>S</strong></span> 
     </span>
     <span class='ocr_line' id='line_1_61' title="bbox 529 3420 566 3475; baseline 0 0"><span class='ocrx_word' id='word_1_119' title='bbox 529 3420 566 3475; x_wconf 94' lang='grc'><strong>8</strong></span> 
     </span>
     <span class='ocr_line' id='line_1_62' title="bbox 527 3491 562 3544; baseline 0 0"><span class='ocrx_word' id='word_1_120' title='bbox 527 3491 562 3544; x_wconf 92' lang='grc'><strong>8</strong></span> 
     </span>
     <span class='ocr_line' id='line_1_63' title="bbox 525 3561 562 3615; baseline 0 0"><span class='ocrx_word' id='word_1_121' title='bbox 525 3561 562 3615; x_wconf 92' lang='grc'><strong>8</strong></span> 
     </span>
     <span class='ocr_line' id='line_1_64' title="bbox 527 3631 567 3684; baseline -0.1 0"><span class='ocrx_word' id='word_1_122' title='bbox 527 3631 567 3684; x_wconf 49' lang='grc' dir='ltr'>8η</span> 
     </span>
     <span class='ocr_line' id='line_1_65' title="bbox 526 3701 562 3756; baseline 0 0"><span class='ocrx_word' id='word_1_123' title='bbox 526 3701 562 3756; x_wconf 90' lang='grc'><strong>8</strong></span> 
     </span>
     <span class='ocr_line' id='line_1_66' title="bbox 527 3772 562 3824; baseline 0 -2"><span class='ocrx_word' id='word_1_124' title='bbox 527 3772 562 3824; x_wconf 89' lang='grc'><strong>8</strong></span> 
     </span>
     <span class='ocr_line' id='line_1_67' title="bbox 526 3841 561 3894; baseline 0 0"><span class='ocrx_word' id='word_1_125' title='bbox 526 3841 561 3894; x_wconf 92' lang='grc'><strong>8</strong></span> 
     </span>
     <span class='ocr_line' id='line_1_68' title="bbox 527 3911 563 3964; baseline 0 0"><span class='ocrx_word' id='word_1_126' title='bbox 527 3911 563 3964; x_wconf 91' lang='grc'><strong>8</strong></span> 
     </span>
     <span class='ocr_line' id='line_1_69' title="bbox 526 3981 562 4034; baseline 0 0"><span class='ocrx_word' id='word_1_127' title='bbox 526 3981 562 4034; x_wconf 90' lang='grc'><strong>8</strong></span> 
     </span>
     <span class='ocr_line' id='line_1_70' title="bbox 528 4049 564 4103; baseline 0 0"><span class='ocrx_word' id='word_1_128' title='bbox 528 4049 564 4103; x_wconf 91' lang='grc'><strong>8</strong></span> 
     </span>
     <span class='ocr_line' id='line_1_71' title="bbox 530 4119 566 4173; baseline 0 0"><span class='ocrx_word' id='word_1_129' title='bbox 530 4119 566 4173; x_wconf 93' lang='grc'><strong>8</strong></span> 
     </span>
     <span class='ocr_line' id='line_1_72' title="bbox 531 4189 567 4242; baseline 0 0"><span class='ocrx_word' id='word_1_130' title='bbox 531 4189 567 4242; x_wconf 91' lang='grc'><strong>8</strong></span> 
     </span>
     <span class='ocr_line' id='line_1_73' title="bbox 531 4259 566 4312; baseline 0 0"><span class='ocrx_word' id='word_1_131' title='bbox 531 4259 566 4312; x_wconf 92' lang='grc'><strong>8</strong></span> 
     </span>
     <span class='ocr_line' id='line_1_74' title="bbox 529 4329 564 4382; baseline 0 0"><span class='ocrx_word' id='word_1_132' title='bbox 529 4329 564 4382; x_wconf 92' lang='grc'><strong>8</strong></span> 
     </span>
     <span class='ocr_line' id='line_1_75' title="bbox 531 4398 566 4452; baseline 0 0"><span class='ocrx_word' id='word_1_133' title='bbox 531 4398 566 4452; x_wconf 91' lang='grc'><strong>8</strong></span> 
     </span>
     <span class='ocr_line' id='line_1_76' title="bbox 531 4469 566 4524; baseline 0 0"><span class='ocrx_word' id='word_1_134' title='bbox 531 4469 566 4524; x_wconf 89' lang='grc'><strong>8</strong></span> 
     </span>
     <span class='ocr_line' id='line_1_77' title="bbox 528 4539 564 4594; baseline 0 0"><span class='ocrx_word' id='word_1_135' title='bbox 528 4539 564 4594; x_wconf 91' lang='grc'><strong>8</strong></span> 
     </span>
     <span class='ocr_line' id='line_1_78' title="bbox 528 4611 563 4665; baseline 0 0"><span class='ocrx_word' id='word_1_136' title='bbox 528 4611 563 4665; x_wconf 97' lang='grc'><strong>8</strong></span> 
     </span>
     <span class='ocr_line' id='line_1_79' title="bbox 529 4681 564 4734; baseline 0 0"><span class='ocrx_word' id='word_1_137' title='bbox 529 4681 564 4734; x_wconf 91' lang='grc'><strong>8</strong></span> 
     </span>
     <span class='ocr_line' id='line_1_80' title="bbox 529 4752 564 4806; baseline 0 0"><span class='ocrx_word' id='word_1_138' title='bbox 529 4752 564 4806; x_wconf 92' lang='grc'><strong>8</strong></span> 
     </span>
     <span class='ocr_line' id='line_1_81' title="bbox 527 4823 562 4876; baseline 0 0"><span class='ocrx_word' id='word_1_139' title='bbox 527 4823 562 4876; x_wconf 93' lang='grc'><strong>8</strong></span> 
     </span>
     <span class='ocr_line' id='line_1_82' title="bbox 527 4893 562 4947; baseline 0 0"><span class='ocrx_word' id='word_1_140' title='bbox 527 4893 562 4947; x_wconf 92' lang='grc'><strong>8</strong></span> 
     </span>
     <span class='ocr_line' id='line_1_83' title="bbox 526 4965 561 5018; baseline 0 -2"><span class='ocrx_word' id='word_1_141' title='bbox 526 4965 561 5018; x_wconf 89' lang='grc'><strong>8</strong></span> 
     </span>
     <span class='ocr_line' id='line_1_84' title="bbox 527 5035 562 5088; baseline 0 0"><span class='ocrx_word' id='word_1_142' title='bbox 527 5035 562 5088; x_wconf 92' lang='grc'><strong>8</strong></span> 
     </span>
     <span class='ocr_line' id='line_1_85' title="bbox 526 5103 562 5158; baseline 0 0"><span class='ocrx_word' id='word_1_143' title='bbox 526 5103 562 5158; x_wconf 93' lang='grc'><strong>8</strong></span> 
     </span>
     <span class='ocr_line' id='line_1_86' title="bbox 527 5175 562 5228; baseline 0 0"><span class='ocrx_word' id='word_1_144' title='bbox 527 5175 562 5228; x_wconf 92' lang='grc'><strong>8</strong></span> 
     </span>
     <span class='ocr_line' id='line_1_87' title="bbox 527 5245 562 5298; baseline 0 0"><span class='ocrx_word' id='word_1_145' title='bbox 527 5245 562 5298; x_wconf 93' lang='grc'><strong>8</strong></span> 
     </span>
     <span class='ocr_line' id='line_1_88' title="bbox 527 5315 562 5367; baseline 0 -3"><span class='ocrx_word' id='word_1_146' title='bbox 527 5315 562 5367; x_wconf 86' lang='grc'><strong>8</strong></span> 
     </span>
     <span class='ocr_line' id='line_1_89' title="bbox 529 5385 564 5438; baseline 0 0"><span class='ocrx_word' id='word_1_147' title='bbox 529 5385 564 5438; x_wconf 94' lang='grc'><strong>8</strong></span> 
     </span>
     <span class='ocr_line' id='line_1_90' title="bbox 528 5455 563 5510; baseline 0 0"><span class='ocrx_word' id='word_1_148' title='bbox 528 5455 563 5510; x_wconf 90' lang='grc'><strong>8</strong></span> 
     </span>
    </p>
   </div>
   <div class='ocr_carea' id='block_1_55' title="bbox 569 2930 957 2999">
    <p class='ocr_par' dir='ltr' id='par_1_55' title="bbox 569 2930 957 2999">
     <span class='ocr_line' id='line_1_91' title="bbox 569 2930 957 2999; baseline 0 -15"><span class='ocrx_word' id='word_1_149' title='bbox 569 2971 583 2984; x_wconf 93' lang='grc'><strong>.</strong></span> <span class='ocrx_word' id='word_1_150' title='bbox 621 2930 957 2999; x_wconf 80' lang='lat' dir='ltr'><strong>Augustine,</strong></span> 
     </span>
    </p>
   </div>
   <div class='ocr_carea' id='block_1_56' title="bbox 570 3000 984 3070">
    <p class='ocr_par' dir='ltr' id='par_1_56' title="bbox 570 3000 984 3070">
     <span class='ocr_line' id='line_1_92' title="bbox 570 3000 984 3070; baseline 0 -16"><span class='ocrx_word' id='word_1_151' title='bbox 570 3039 584 3054; x_wconf 94' lang='lat'><strong>.</strong></span> <span class='ocrx_word' id='word_1_152' title='bbox 625 3000 984 3070; x_wconf 84' lang='lat' dir='ltr'><strong>Hieronyme,</strong></span> 
     </span>
    </p>
   </div>
   <div class='ocr_carea' id='block_1_57' title="bbox 568 3069 1088 3140">
    <p class='ocr_par' dir='ltr' id='par_1_57' title="bbox 568 3069 1088 3140">
     <span class='ocr_line' id='line_1_93' title="bbox 568 3069 1088 3140; baseline -0.002 -16"><span class='ocrx_word' id='word_1_153' title='bbox 568 3111 581 3124; x_wconf 96' lang='lat'><strong>.</strong></span> <span class='ocrx_word' id='word_1_154' title='bbox 623 3069 920 3140; x_wconf 72' lang='lat' dir='ltr'><strong>BenediCte</strong></span> <span class='ocrx_word' id='word_1_155' title='bbox 947 3069 1088 3140; x_wconf 78' lang='lat' dir='ltr'><strong>(bis),</strong></span> 
     </span>
    </p>
   </div>
   <div class='ocr_carea' id='block_1_58' title="bbox 570 3489 1015 3559">
    <p class='ocr_par' dir='ltr' id='par_1_58' title="bbox 570 3489 1015 3559">
     <span class='ocr_line' id='line_1_94' title="bbox 570 3489 1015 3559; baseline 0 -15"><span class='ocrx_word' id='word_1_156' title='bbox 570 3531 582 3544; x_wconf 95' lang='lat'><strong>.</strong></span> <span class='ocrx_word' id='word_1_157' title='bbox 621 3489 1015 3559; x_wconf 85' lang='lat' dir='ltr'><strong>Branwalatre,</strong></span> 
     </span>
    </p>
   </div>
   <div class='ocr_carea' id='block_1_59' title="bbox 566 3631 922 3700">
    <p class='ocr_par' dir='ltr' id='par_1_59' title="bbox 566 3631 922 3700">
     <span class='ocr_line' id='line_1_95' title="bbox 566 3631 922 3700; baseline 0.006 -16"><span class='ocrx_word' id='word_1_158' title='bbox 566 3669 581 3684; x_wconf 97' lang='lat'><strong>.</strong></span> <span class='ocrx_word' id='word_1_159' title='bbox 622 3631 922 3700; x_wconf 90' lang='lat' dir='ltr'><strong>Brindane,</strong></span> 
     </span>
    </p>
   </div>
   <div class='ocr_carea' id='block_1_60' title="bbox 569 3701 917 3772">
    <p class='ocr_par' dir='ltr' id='par_1_60' title="bbox 569 3701 917 3772">
     <span class='ocr_line' id='line_1_96' title="bbox 569 3701 917 3772; baseline 0.006 -18"><span class='ocrx_word' id='word_1_160' title='bbox 569 3742 582 3754; x_wconf 94' lang='lat'><strong>.</strong></span> <span class='ocrx_word' id='word_1_161' title='bbox 612 3701 917 3772; x_wconf 89' lang='lat' dir='ltr'><strong>Carnache,</strong></span> 
     </span>
    </p>
   </div>
   <div class='ocr_carea' id='block_1_61' title="bbox 569 3982 994 4049">
    <p class='ocr_par' dir='ltr' id='par_1_61' title="bbox 569 3982 994 4049">
     <span class='ocr_line' id='line_1_97' title="bbox 569 3982 994 4049; baseline 0.005 -15"><span class='ocrx_word' id='word_1_162' title='bbox 569 4021 582 4034; x_wconf 93' lang='lat'><strong>.</strong></span> <span class='ocrx_word' id='word_1_163' title='bbox 623 3982 994 4049; x_wconf 84' lang='lat' dir='ltr'><strong>Guinwaloee,</strong></span> 
     </span>
    </p>
   </div>
   <div class='ocr_carea' id='block_1_62' title="bbox 569 4051 988 4120">
    <p class='ocr_par' dir='ltr' id='par_1_62' title="bbox 569 4051 988 4120">
     <span class='ocr_line' id='line_1_98' title="bbox 569 4051 988 4120; baseline 0.005 -17"><span class='ocrx_word' id='word_1_164' title='bbox 569 4088 584 4103; x_wconf 94' lang='lat'><strong>.</strong></span> <span class='ocrx_word' id='word_1_165' title='bbox 628 4051 988 4120; x_wconf 87' lang='lat' dir='ltr'><strong>Courentine,</strong></span> 
     </span>
    </p>
   </div>
   <div class='ocr_carea' id='block_1_63' title="bbox 577 4191 957 4260">
    <p class='ocr_par' dir='ltr' id='par_1_63' title="bbox 577 4191 957 4260">
     <span class='ocr_line' id='line_1_99' title="bbox 577 4191 957 4260; baseline 0.013 -18"><span class='ocrx_word' id='word_1_166' title='bbox 577 4229 590 4242; x_wconf 96' lang='lat'><strong>.</strong></span> <span class='ocrx_word' id='word_1_167' title='bbox 631 4191 957 4260; x_wconf 88' lang='lat' dir='ltr'><strong>Guoidiane,</strong></span> 
     </span>
    </p>
   </div>
   <div class='ocr_carea' id='block_1_64' title="bbox 571 4332 900 4400">
    <p class='ocr_par' dir='ltr' id='par_1_64' title="bbox 571 4332 900 4400">
     <span class='ocr_line' id='line_1_100' title="bbox 571 4332 900 4400; baseline 0.012 -18"><span class='ocrx_word' id='word_1_168' title='bbox 571 4370 584 4382; x_wconf 94' lang='lat'><strong>.</strong></span> <span class='ocrx_word' id='word_1_169' title='bbox 627 4332 900 4400; x_wconf 81' lang='lat' dir='ltr'><strong>Serwane,</strong></span> 
     </span>
    </p>
   </div>
   <div class='ocr_carea' id='block_1_65' title="bbox 577 4402 911 4471">
    <p class='ocr_par' dir='ltr' id='par_1_65' title="bbox 577 4402 911 4471">
     <span class='ocr_line' id='line_1_101' title="bbox 577 4402 911 4471; baseline 0.009 -17"><span class='ocrx_word' id='word_1_170' title='bbox 577 4441 589 4454; x_wconf 95' lang='lat'><strong>.</strong></span> <span class='ocrx_word' id='word_1_171' title='bbox 633 4402 911 4471; x_wconf 90' lang='lat' dir='ltr'><strong>Serecine,</strong></span> 
     </span>
    </p>
   </div>
   <div class='ocr_carea' id='block_1_66' title="bbox 576 4473 923 4542">
    <p class='ocr_par' dir='ltr' id='par_1_66' title="bbox 576 4473 923 4542">
     <span class='ocr_line' id='line_1_102' title="bbox 576 4473 923 4542; baseline -0.003 -16"><span class='ocrx_word' id='word_1_172' title='bbox 576 4511 590 4526; x_wconf 95' lang='lat'><strong>.</strong></span> <span class='ocrx_word' id='word_1_173' title='bbox 632 4473 923 4542; x_wconf 85' lang='lat' dir='ltr'><strong>Guiniave,</strong></span> 
     </span>
    </p>
   </div>
   <div class='ocr_carea' id='block_1_67' title="bbox 574 4614 920 4680">
    <p class='ocr_par' dir='ltr' id='par_1_67' title="bbox 574 4614 920 4680">
     <span class='ocr_line' id='line_1_103' title="bbox 574 4614 920 4680; baseline 0.003 -13"><span class='ocrx_word' id='word_1_174' title='bbox 574 4653 587 4667; x_wconf 93' lang='lat'><strong>.</strong></span> <span class='ocrx_word' id='word_1_175' title='bbox 627 4614 920 4680; x_wconf 86' lang='lat' dir='ltr'><strong>Germane,</strong></span> 
     </span>
    </p>
   </div>
   <div class='ocr_carea' id='block_1_68' title="bbox 573 4684 972 4752">
    <p class='ocr_par' dir='ltr' id='par_1_68' title="bbox 573 4684 972 4752">
     <span class='ocr_line' id='line_1_104' title="bbox 573 4684 972 4752; baseline 0.005 -15"><span class='ocrx_word' id='word_1_176' title='bbox 573 4724 586 4737; x_wconf 93' lang='lat'><strong>.</strong></span> <span class='ocrx_word' id='word_1_177' title='bbox 627 4684 972 4752; x_wconf 89' lang='lat' dir='ltr'><strong>Columcille,</strong></span> 
     </span>
    </p>
   </div>
   <div class='ocr_carea' id='block_1_69' title="bbox 573 4825 916 4893">
    <p class='ocr_par' dir='ltr' id='par_1_69' title="bbox 573 4825 916 4893">
     <span class='ocr_line' id='line_1_105' title="bbox 573 4825 916 4893; baseline -0.003 -15"><span class='ocrx_word' id='word_1_178' title='bbox 573 4865 586 4878; x_wconf 94' lang='lat'><strong>.</strong></span> <span class='ocrx_word' id='word_1_179' title='bbox 625 4825 916 4893; x_wconf 83' lang='lat' dir='ltr'><strong>Judicaile,</strong></span> 
     </span>
    </p>
   </div>
   <div class='ocr_carea' id='block_1_70' title="bbox 572 4896 900 4962">
    <p class='ocr_par' dir='ltr' id='par_1_70' title="bbox 572 4896 900 4962">
     <span class='ocr_line' id='line_1_106' title="bbox 572 4896 900 4962; baseline 0.003 -14"><span class='ocrx_word' id='word_1_180' title='bbox 572 4935 586 4948; x_wconf 96' lang='lat'><strong>.</strong></span> <span class='ocrx_word' id='word_1_181' title='bbox 626 4896 900 4962; x_wconf 87' lang='lat' dir='ltr'><strong>Mevinne,</strong></span> 
     </span>
    </p>
   </div>
   <div class='ocr_carea' id='block_1_71' title="bbox 571 4966 964 5034">
    <p class='ocr_par' dir='ltr' id='par_1_71' title="bbox 571 4966 964 5034">
     <span class='ocr_line' id='line_1_107' title="bbox 571 4966 964 5034; baseline 0.003 -16"><span class='ocrx_word' id='word_1_182' title='bbox 571 5006 586 5018; x_wconf 95' lang='lat'><strong>.</strong></span> <span class='ocrx_word' id='word_1_183' title='bbox 625 4966 964 5034; x_wconf 86' lang='lat' dir='ltr'><strong>Guoidwale,</strong></span> 
     </span>
    </p>
   </div>
   <div class='ocr_carea' id='block_1_72' title="bbox 573 5315 946 5384">
    <p class='ocr_par' dir='ltr' id='par_1_72' title="bbox 573 5315 946 5384">
     <span class='ocr_line' id='line_1_108' title="bbox 573 5315 946 5384; baseline 0.008 -16"><span class='ocrx_word' id='word_1_184' title='bbox 573 5355 586 5368; x_wconf 94' lang='lat'><strong>.</strong></span> <span class='ocrx_word' id='word_1_185' title='bbox 627 5315 946 5384; x_wconf 88' lang='lat' dir='ltr'><strong>Loutierne,</strong></span> 
     </span>
    </p>
   </div>
   <div class='ocr_carea' id='block_1_73' title="bbox 575 5455 972 5525">
    <p class='ocr_par' dir='ltr' id='par_1_73' title="bbox 575 5455 972 5525">
     <span class='ocr_line' id='line_1_109' title="bbox 575 5455 972 5525; baseline 0.01 -17"><span class='ocrx_word' id='word_1_186' title='bbox 575 5495 588 5508; x_wconf 96' lang='lat'><strong>.</strong></span> <span class='ocrx_word' id='word_1_187' title='bbox 625 5455 972 5525; x_wconf 89' lang='lat' dir='ltr'><strong>Toninnane,</strong></span> 
     </span>
    </p>
   </div>
   <div class='ocr_carea' id='block_1_74' title="bbox 1489 2717 1616 2772">
    <p class='ocr_par' dir='ltr' id='par_1_74' title="bbox 1489 2717 1616 2772">
     <span class='ocr_line' id='line_1_110' title="bbox 1489 2717 1616 2772; baseline -0.016 0"><span class='ocrx_word' id='word_1_188' title='bbox 1489 2717 1616 2772; x_wconf 88' lang='lat' dir='ltr'><strong>Ora.</strong></span> 
     </span>
    </p>
   </div>
   <div class='ocr_carea' id='block_1_75' title="bbox 1491 2788 1618 2841">
    <p class='ocr_par' dir='ltr' id='par_1_75' title="bbox 1491 2788 1618 2841">
     <span class='ocr_line' id='line_1_111' title="bbox 1491 2788 1618 2841; baseline -0.016 0"><span class='ocrx_word' id='word_1_189' title='bbox 1491 2788 1618 2841; x_wconf 89' lang='lat' dir='ltr'><strong>Ora.</strong></span> 
     </span>
    </p>
   </div>
   <div class='ocr_carea' id='block_1_76' title="bbox 1487 2857 1618 2911">
    <p class='ocr_par' dir='ltr' id='par_1_76' title="bbox 1487 2857 1618 2911">
     <span class='ocr_line' id='line_1_112' title="bbox 1487 2857 1618 2911; baseline -0.008 0"><span class='ocrx_word' id='word_1_190' title='bbox 1487 2857 1618 2911; x_wconf 89' lang='lat' dir='ltr'><strong>Ora.</strong></span> 
     </span>
    </p>
   </div>
   <div class='ocr_carea' id='block_1_77' title="bbox 1485 2926 1612 2981">
    <p class='ocr_par' dir='ltr' id='par_1_77' title="bbox 1485 2926 1612 2981">
     <span class='ocr_line' id='line_1_113' title="bbox 1485 2926 1612 2981; baseline 0 0"><span class='ocrx_word' id='word_1_191' title='bbox 1485 2926 1612 2981; x_wconf 89' lang='lat' dir='ltr'><strong>Ora.</strong></span> 
     </span>
    </p>
   </div>
   <div class='ocr_carea' id='block_1_78' title="bbox 1491 2997 1619 3052">
    <p class='ocr_par' dir='ltr' id='par_1_78' title="bbox 1491 2997 1619 3052">
     <span class='ocr_line' id='line_1_114' title="bbox 1491 2997 1619 3052; baseline -0.016 0"><span class='ocrx_word' id='word_1_192' title='bbox 1491 2997 1619 3052; x_wconf 90' lang='lat' dir='ltr'><strong>Ora.</strong></span> 
     </span>
    </p>
   </div>
   <div class='ocr_carea' id='block_1_79' title="bbox 1491 3067 1619 3122">
    <p class='ocr_par' dir='ltr' id='par_1_79' title="bbox 1491 3067 1619 3122">
     <span class='ocr_line' id='line_1_115' title="bbox 1491 3067 1619 3122; baseline -0.008 0"><span class='ocrx_word' id='word_1_193' title='bbox 1491 3067 1619 3122; x_wconf 87' lang='lat' dir='ltr'><strong>Ora.</strong></span> 
     </span>
    </p>
   </div>
   <div class='ocr_carea' id='block_1_80' title="bbox 1491 3137 1619 3192">
    <p class='ocr_par' dir='ltr' id='par_1_80' title="bbox 1491 3137 1619 3192">
     <span class='ocr_line' id='line_1_116' title="bbox 1491 3137 1619 3192; baseline -0.016 0"><span class='ocrx_word' id='word_1_194' title='bbox 1491 3137 1619 3192; x_wconf 89' lang='lat' dir='ltr'><strong>Ora.</strong></span> 
     </span>
    </p>
   </div>
   <div class='ocr_carea' id='block_1_81' title="bbox 1492 3209 1618 3263">
    <p class='ocr_par' dir='ltr' id='par_1_81' title="bbox 1492 3209 1618 3263">
     <span class='ocr_line' id='line_1_117' title="bbox 1492 3209 1618 3263; baseline 0 -1"><span class='ocrx_word' id='word_1_195' title='bbox 1492 3209 1618 3263; x_wconf 90' lang='lat' dir='ltr'><strong>Ora.</strong></span> 
     </span>
    </p>
   </div>
   <div class='ocr_carea' id='block_1_82' title="bbox 1491 3278 1618 3333">
    <p class='ocr_par' dir='ltr' id='par_1_82' title="bbox 1491 3278 1618 3333">
     <span class='ocr_line' id='line_1_118' title="bbox 1491 3278 1618 3333; baseline 0.008 -1"><span class='ocrx_word' id='word_1_196' title='bbox 1491 3278 1618 3333; x_wconf 89' lang='lat' dir='ltr'><strong>Ora.</strong></span> 
     </span>
    </p>
   </div>
   <div class='ocr_carea' id='block_1_83' title="bbox 1488 3350 1620 3404">
    <p class='ocr_par' dir='ltr' id='par_1_83' title="bbox 1488 3350 1620 3404">
     <span class='ocr_line' id='line_1_119' title="bbox 1488 3350 1620 3404; baseline -0.008 0"><span class='ocrx_word' id='word_1_197' title='bbox 1488 3350 1620 3404; x_wconf 85' lang='lat' dir='ltr'><strong>Ora.</strong></span> 
     </span>
    </p>
   </div>
   <div class='ocr_carea' id='block_1_84' title="bbox 1492 3420 1618 3472">
    <p class='ocr_par' dir='ltr' id='par_1_84' title="bbox 1492 3420 1618 3472">
     <span class='ocr_line' id='line_1_120' title="bbox 1492 3420 1618 3472; baseline 0 0"><span class='ocrx_word' id='word_1_198' title='bbox 1492 3420 1618 3472; x_wconf 91' lang='lat' dir='ltr'><strong>Ora.</strong></span> 
     </span>
    </p>
   </div>
   <div class='ocr_carea' id='block_1_85' title="bbox 1487 3489 1618 3543">
    <p class='ocr_par' dir='ltr' id='par_1_85' title="bbox 1487 3489 1618 3543">
     <span class='ocr_line' id='line_1_121' title="bbox 1487 3489 1618 3543; baseline -0.008 0"><span class='ocrx_word' id='word_1_199' title='bbox 1487 3489 1618 3543; x_wconf 87' lang='lat' dir='ltr'><strong>Ora.</strong></span> 
     </span>
    </p>
   </div>
   <div class='ocr_carea' id='block_1_86' title="bbox 1487 3559 1616 3614">
    <p class='ocr_par' dir='ltr' id='par_1_86' title="bbox 1487 3559 1616 3614">
     <span class='ocr_line' id='line_1_122' title="bbox 1487 3559 1616 3614; baseline -0.008 0"><span class='ocrx_word' id='word_1_200' title='bbox 1487 3559 1616 3614; x_wconf 89' lang='lat' dir='ltr'><strong>Ora.</strong></span> 
     </span>
    </p>
   </div>
   <div class='ocr_carea' id='block_1_87' title="bbox 1490 3630 1618 3686">
    <p class='ocr_par' dir='ltr' id='par_1_87' title="bbox 1490 3630 1618 3686">
     <span class='ocr_line' id='line_1_123' title="bbox 1490 3630 1618 3686; baseline 0.008 -1"><span class='ocrx_word' id='word_1_201' title='bbox 1490 3630 1618 3686; x_wconf 89' lang='lat' dir='ltr'><strong>Ora.</strong></span> 
     </span>
    </p>
   </div>
   <div class='ocr_carea' id='block_1_88' title="bbox 1489 3701 1617 3755">
    <p class='ocr_par' dir='ltr' id='par_1_88' title="bbox 1489 3701 1617 3755">
     <span class='ocr_line' id='line_1_124' title="bbox 1489 3701 1617 3755; baseline -0.008 0"><span class='ocrx_word' id='word_1_202' title='bbox 1489 3701 1617 3755; x_wconf 90' lang='lat' dir='ltr'><strong>Ora.</strong></span> 
     </span>
    </p>
   </div>
   <div class='ocr_carea' id='block_1_89' title="bbox 1490 3771 1617 3825">
    <p class='ocr_par' dir='ltr' id='par_1_89' title="bbox 1490 3771 1617 3825">
     <span class='ocr_line' id='line_1_125' title="bbox 1490 3771 1617 3825; baseline -0.008 0"><span class='ocrx_word' id='word_1_203' title='bbox 1490 3771 1617 3825; x_wconf 88' lang='lat' dir='ltr'><strong>Ora.</strong></span> 
     </span>
    </p>
   </div>
   <div class='ocr_carea' id='block_1_90' title="bbox 1489 3842 1618 3895">
    <p class='ocr_par' dir='ltr' id='par_1_90' title="bbox 1489 3842 1618 3895">
     <span class='ocr_line' id='line_1_126' title="bbox 1489 3842 1618 3895; baseline 0 0"><span class='ocrx_word' id='word_1_204' title='bbox 1489 3842 1618 3895; x_wconf 90' lang='lat' dir='ltr'><strong>Ora.</strong></span> 
     </span>
    </p>
   </div>
   <div class='ocr_carea' id='block_1_91' title="bbox 1491 3911 1620 3968">
    <p class='ocr_par' dir='ltr' id='par_1_91' title="bbox 1491 3911 1620 3968">
     <span class='ocr_line' id='line_1_127' title="bbox 1491 3911 1620 3968; baseline 0.016 -2"><span class='ocrx_word' id='word_1_205' title='bbox 1491 3911 1620 3968; x_wconf 87' lang='lat' dir='ltr'><strong>Ora.</strong></span> 
     </span>
    </p>
   </div>
   <div class='ocr_carea' id='block_1_92' title="bbox 1489 3981 1599 4035">
    <p class='ocr_par' dir='ltr' id='par_1_92' title="bbox 1489 3981 1599 4035">
     <span class='ocr_line' id='line_1_128' title="bbox 1489 3981 1599 4035; baseline 0.018 -1"><span class='ocrx_word' id='word_1_206' title='bbox 1489 3981 1599 4035; x_wconf 89' lang='lat' dir='ltr'><strong>Ora</strong></span> 
     </span>
    </p>
   </div>
   <div class='ocr_carea' id='block_1_93' title="bbox 1683 493 1723 1538">
    <p class='ocr_par' dir='ltr' id='par_1_93' title="bbox 1683 493 1723 1538">
     <span class='ocr_line' id='line_1_129' title="bbox 1687 493 1722 549; baseline 0 0"><span class='ocrx_word' id='word_1_207' title='bbox 1687 493 1722 549; x_wconf 92' lang='lat' dir='ltr'><strong>S</strong></span> 
     </span>
     <span class='ocr_line' id='line_1_130' title="bbox 1688 565 1723 620; baseline 0 0"><span class='ocrx_word' id='word_1_208' title='bbox 1688 565 1723 620; x_wconf 92' lang='lat' dir='ltr'><strong>S</strong></span> 
     </span>
     <span class='ocr_line' id='line_1_131' title="bbox 1687 635 1721 690; baseline 0 0"><span class='ocrx_word' id='word_1_209' title='bbox 1687 635 1721 690; x_wconf 93' lang='lat' dir='ltr'><strong>S</strong></span> 
     </span>
     <span class='ocr_line' id='line_1_132' title="bbox 1687 706 1722 760; baseline 0 0"><span class='ocrx_word' id='word_1_210' title='bbox 1687 706 1722 760; x_wconf 92' lang='lat' dir='ltr'><strong>S</strong></span> 
     </span>
     <span class='ocr_line' id='line_1_133' title="bbox 1688 779 1723 834; baseline 0 0"><span class='ocrx_word' id='word_1_211' title='bbox 1688 779 1723 834; x_wconf 92' lang='grc'><strong>8</strong></span> 
     </span>
     <span class='ocr_line' id='line_1_134' title="bbox 1687 850 1721 904; baseline 0 0"><span class='ocrx_word' id='word_1_212' title='bbox 1687 850 1721 904; x_wconf 92' lang='grc'><strong>8</strong></span> 
     </span>
     <span class='ocr_line' id='line_1_135' title="bbox 1687 921 1722 974; baseline 0 0"><span class='ocrx_word' id='word_1_213' title='bbox 1687 921 1722 974; x_wconf 94' lang='grc'><strong>8</strong></span> 
     </span>
     <span class='ocr_line' id='line_1_136' title="bbox 1687 991 1722 1046; baseline 0 0"><span class='ocrx_word' id='word_1_214' title='bbox 1687 991 1722 1046; x_wconf 90' lang='grc'><strong>8</strong></span> 
     </span>
     <span class='ocr_line' id='line_1_137' title="bbox 1686 1061 1720 1116; baseline 0 0"><span class='ocrx_word' id='word_1_215' title='bbox 1686 1061 1720 1116; x_wconf 92' lang='grc'><strong>8</strong></span> 
     </span>
     <span class='ocr_line' id='line_1_138' title="bbox 1685 1133 1720 1186; baseline 0 0"><span class='ocrx_word' id='word_1_216' title='bbox 1685 1133 1720 1186; x_wconf 90' lang='grc'><strong>8</strong></span> 
     </span>
     <span class='ocr_line' id='line_1_139' title="bbox 1685 1203 1720 1258; baseline 0 0"><span class='ocrx_word' id='word_1_217' title='bbox 1685 1203 1720 1258; x_wconf 93' lang='grc'><strong>8</strong></span> 
     </span>
     <span class='ocr_line' id='line_1_140' title="bbox 1687 1274 1722 1328; baseline 0 -2"><span class='ocrx_word' id='word_1_218' title='bbox 1687 1274 1722 1328; x_wconf 89' lang='grc'><strong>8</strong></span> 
     </span>
     <span class='ocr_line' id='line_1_141' title="bbox 1687 1344 1721 1398; baseline 0 0"><span class='ocrx_word' id='word_1_219' title='bbox 1687 1344 1721 1398; x_wconf 92' lang='grc'><strong>8</strong></span> 
     </span>
     <span class='ocr_line' id='line_1_142' title="bbox 1685 1415 1720 1468; baseline 0 0"><span class='ocrx_word' id='word_1_220' title='bbox 1685 1415 1720 1468; x_wconf 93' lang='grc'><strong>8</strong></span> 
     </span>
     <span class='ocr_line' id='line_1_143' title="bbox 1683 1485 1718 1538; baseline 0 0"><span class='ocrx_word' id='word_1_221' title='bbox 1683 1485 1718 1538; x_wconf 93' lang='grc'><strong>8</strong></span> 
     </span>
    </p>
   </div>
   <div class='ocr_carea' id='block_1_94' title="bbox 1727 2655 1741 2681">
    <p class='ocr_par' dir='ltr' id='par_1_94' title="bbox 1727 2655 1741 2681">
     <span class='ocr_line' id='line_1_144' title="bbox 1727 2655 1741 2681; baseline 0 0"><span class='ocrx_word' id='word_1_222' title='bbox 1727 2655 1741 2681; x_wconf 66' lang='grc' dir='ltr'><em>ἳ</em></span> 
     </span>
    </p>
   </div>
   <div class='ocr_carea' id='block_1_95' title="bbox 1785 497 2078 566">
    <p class='ocr_par' dir='ltr' id='par_1_95' title="bbox 1785 497 2078 566">
     <span class='ocr_line' id='line_1_145' title="bbox 1785 497 2078 566; baseline 0.003 -16"><span class='ocrx_word' id='word_1_223' title='bbox 1785 497 2078 566; x_wconf 84' lang='lat' dir='ltr'><strong>Perpetua,</strong></span> 
     </span>
    </p>
   </div>
   <div class='ocr_carea' id='block_1_96' title="bbox 1785 568 2026 638">
    <p class='ocr_par' dir='ltr' id='par_1_96' title="bbox 1785 568 2026 638">
     <span class='ocr_line' id='line_1_146' title="bbox 1785 568 2026 638; baseline 0.012 -18"><span class='ocrx_word' id='word_1_224' title='bbox 1785 568 2026 638; x_wconf 85' lang='lat' dir='ltr'><strong>Agatha,</strong></span> 
     </span>
    </p>
   </div>
   <div class='ocr_carea' id='block_1_97' title="bbox 1781 638 2002 706">
    <p class='ocr_par' dir='ltr' id='par_1_97' title="bbox 1781 638 2002 706">
     <span class='ocr_line' id='line_1_147' title="bbox 1781 638 2002 706; baseline 0 -15"><span class='ocrx_word' id='word_1_225' title='bbox 1781 638 2002 706; x_wconf 89' lang='lat' dir='ltr'><strong>Cecilia,</strong></span> 
     </span>
    </p>
   </div>
   <div class='ocr_carea' id='block_1_98' title="bbox 1731 711 1989 778">
    <p class='ocr_par' dir='ltr' id='par_1_98' title="bbox 1731 711 1989 778">
     <span class='ocr_line' id='line_1_148' title="bbox 1731 711 1989 778; baseline 0 -16"><span class='ocrx_word' id='word_1_226' title='bbox 1731 749 1744 762; x_wconf 93' lang='lat'><strong>.</strong></span> <span class='ocrx_word' id='word_1_227' title='bbox 1785 711 1989 778; x_wconf 83' lang='lat' dir='ltr'><strong>Agnes,</strong></span> 
     </span>
    </p>
   </div>
   <div class='ocr_carea' id='block_1_99' title="bbox 1731 778 2092 848">
    <p class='ocr_par' dir='ltr' id='par_1_99' title="bbox 1731 778 2092 848">
     <span class='ocr_line' id='line_1_149' title="bbox 1731 778 2092 848; baseline -0.003 -15"><span class='ocrx_word' id='word_1_228' title='bbox 1731 820 1744 833; x_wconf 96' lang='lat'><strong>.</strong></span> <span class='ocrx_word' id='word_1_229' title='bbox 1783 778 2092 848; x_wconf 87' lang='lat' dir='ltr'><strong>Anastasia,</strong></span> 
     </span>
    </p>
   </div>
   <div class='ocr_carea' id='block_1_100' title="bbox 1731 849 2104 906">
    <p class='ocr_par' dir='ltr' id='par_1_100' title="bbox 1731 849 2104 906">
     <span class='ocr_line' id='line_1_150' title="bbox 1731 849 2104 906; baseline 0.005 -2"><span class='ocrx_word' id='word_1_230' title='bbox 1731 891 1744 904; x_wconf 93' lang='lat'><strong>.</strong></span> <span class='ocrx_word' id='word_1_231' title='bbox 1785 849 2104 906; x_wconf 87' lang='lat' dir='ltr'><strong>Petronilla.</strong></span> 
     </span>
    </p>
   </div>
   <div class='ocr_carea' id='block_1_101' title="bbox 1732 920 2060 988">
    <p class='ocr_par' dir='ltr' id='par_1_101' title="bbox 1732 920 2060 988">
     <span class='ocr_line' id='line_1_151' title="bbox 1732 920 2060 988; baseline 0 -14"><span class='ocrx_word' id='word_1_232' title='bbox 1732 961 1746 974; x_wconf 94' lang='lat'><strong>.</strong></span> <span class='ocrx_word' id='word_1_233' title='bbox 1787 920 2060 988; x_wconf 78' lang='lat' dir='ltr'><strong>Eufemia,</strong></span> 
     </span>
    </p>
   </div>
   <div class='ocr_carea' id='block_1_102' title="bbox 1733 989 2010 1058">
    <p class='ocr_par' dir='ltr' id='par_1_102' title="bbox 1733 989 2010 1058">
     <span class='ocr_line' id='line_1_152' title="bbox 1733 989 2010 1058; baseline 0 -13"><span class='ocrx_word' id='word_1_234' title='bbox 1733 1032 1745 1045; x_wconf 93' lang='lat'><strong>.</strong></span> <span class='ocrx_word' id='word_1_235' title='bbox 1788 989 2010 1058; x_wconf 83' lang='lat' dir='ltr'><strong>Savina,</strong></span> 
     </span>
    </p>
   </div>
   <div class='ocr_carea' id='block_1_103' title="bbox 1785 1061 2144 1130">
    <p class='ocr_par' dir='ltr' id='par_1_103' title="bbox 1785 1061 2144 1130">
     <span class='ocr_line' id='line_1_153' title="bbox 1785 1061 2144 1130; baseline 0.003 -15"><span class='ocrx_word' id='word_1_236' title='bbox 1785 1061 2144 1130; x_wconf 88' lang='lat' dir='ltr'><strong>Scholastica,</strong></span> 
     </span>
    </p>
   </div>
   <div class='ocr_carea' id='block_1_104' title="bbox 1785 1132 2052 1202">
    <p class='ocr_par' dir='ltr' id='par_1_104' title="bbox 1785 1132 2052 1202">
     <span class='ocr_line' id='line_1_154' title="bbox 1785 1132 2052 1202; baseline 0.007 -18"><span class='ocrx_word' id='word_1_237' title='bbox 1785 1132 2052 1202; x_wconf 86' lang='lat' dir='ltr'><strong>Eugenia,</strong></span> 
     </span>
    </p>
   </div>
   <div class='ocr_carea' id='block_1_105' title="bbox 1782 1203 2087 1270">
    <p class='ocr_par' dir='ltr' id='par_1_105' title="bbox 1782 1203 2087 1270">
     <span class='ocr_line' id='line_1_155' title="bbox 1782 1203 2087 1270; baseline -0.007 -12"><span class='ocrx_word' id='word_1_238' title='bbox 1782 1203 2087 1270; x_wconf 87' lang='lat' dir='ltr'><strong>Sussanna,</strong></span> 
     </span>
    </p>
   </div>
   <div class='ocr_carea' id='block_1_106' title="bbox 1785 1276 1994 1344">
    <p class='ocr_par' dir='ltr' id='par_1_106' title="bbox 1785 1276 1994 1344">
     <span class='ocr_line' id='line_1_156' title="bbox 1785 1276 1994 1344; baseline -0.005 -2"><span class='ocrx_word' id='word_1_239' title='bbox 1785 1276 1994 1344; x_wconf 76' lang='lat' dir='ltr'><strong>Appra,</strong></span> 
     </span>
    </p>
   </div>
   <div class='ocr_carea' id='block_1_107' title="bbox 1786 1343 2076 1412">
    <p class='ocr_par' dir='ltr' id='par_1_107' title="bbox 1786 1343 2076 1412">
     <span class='ocr_line' id='line_1_157' title="bbox 1786 1343 2076 1412; baseline -0.007 -14"><span class='ocrx_word' id='word_1_240' title='bbox 1786 1343 2052 1398; x_wconf 86' lang='lat' dir='ltr'><strong>Columba</strong></span> <span class='ocrx_word' id='word_1_241' title='bbox 2063 1386 2076 1412; x_wconf 94' lang='lat'><strong>,</strong></span> 
     </span>
    </p>
   </div>
   <div class='ocr_carea' id='block_1_108' title="bbox 1725 1415 1954 1484">
    <p class='ocr_par' dir='ltr' id='par_1_108' title="bbox 1725 1415 1954 1484">
     <span class='ocr_line' id='line_1_158' title="bbox 1725 1415 1954 1484; baseline 0 -17"><span class='ocrx_word' id='word_1_242' title='bbox 1725 1453 1738 1467; x_wconf 93' lang='lat'><strong>.</strong></span> <span class='ocrx_word' id='word_1_243' title='bbox 1775 1415 1954 1484; x_wconf 85' lang='lat' dir='ltr'><strong>Tecla,</strong></span> 
     </span>
    </p>
   </div>
   <div class='ocr_carea' id='block_1_109' title="bbox 1725 1485 2004 1552">
    <p class='ocr_par' dir='ltr' id='par_1_109' title="bbox 1725 1485 2004 1552">
     <span class='ocr_line' id='line_1_159' title="bbox 1725 1485 2004 1552; baseline 0.007 -14"><span class='ocrx_word' id='word_1_244' title='bbox 1725 1525 1737 1538; x_wconf 94' lang='lat'><strong>.</strong></span> <span class='ocrx_word' id='word_1_245' title='bbox 1779 1485 2004 1552; x_wconf 78' lang='lat' dir='ltr'><strong>Ninoca,</strong></span> 
     </span>
    </p>
   </div>
   <div class='ocr_carea' id='block_1_110' title="bbox 1730 1555 2030 1621">
    <p class='ocr_par' dir='ltr' id='par_1_110' title="bbox 1730 1555 2030 1621">
     <span class='ocr_line' id='line_1_160' title="bbox 1730 1555 2030 1621; baseline 0.003 -13"><span class='ocrx_word' id='word_1_246' title='bbox 1730 1595 1742 1608; x_wconf 95' lang='lat'><strong>.</strong></span> <span class='ocrx_word' id='word_1_247' title='bbox 1783 1555 2030 1621; x_wconf 85' lang='lat' dir='ltr'><strong>Ticiawa,</strong></span> 
     </span>
    </p>
   </div>
   <div class='ocr_carea' id='block_1_111' title="bbox 1731 1626 2072 1695">
    <p class='ocr_par' dir='ltr' id='par_1_111' title="bbox 1731 1626 2072 1695">
     <span class='ocr_line' id='line_1_161' title="bbox 1731 1626 2072 1695; baseline -0.006 -15"><span class='ocrx_word' id='word_1_248' title='bbox 1731 1667 1743 1680; x_wconf 94' lang='lat'><strong>.</strong></span> <span class='ocrx_word' id='word_1_249' title='bbox 1785 1626 2072 1695; x_wconf 87' lang='lat' dir='ltr'><strong>Genufefa,</strong></span> 
     </span>
    </p>
   </div>
   <div class='ocr_carea' id='block_1_112' title="bbox 1732 1697 2019 1752">
    <p class='ocr_par' dir='ltr' id='par_1_112' title="bbox 1732 1697 2019 1752">
     <span class='ocr_line' id='line_1_162' title="bbox 1732 1697 2019 1752; baseline 0.007 -2"><span class='ocrx_word' id='word_1_250' title='bbox 1732 1738 1744 1750; x_wconf 96' lang='lat'><strong>.</strong></span> <span class='ocrx_word' id='word_1_251' title='bbox 1783 1697 2019 1752; x_wconf 89' lang='lat' dir='ltr'><strong>Justina.</strong></span> 
     </span>
    </p>
   </div>
   <div class='ocr_carea' id='block_1_113' title="bbox 1787 1767 2051 1822">
    <p class='ocr_par' dir='ltr' id='par_1_113' title="bbox 1787 1767 2051 1822">
     <span class='ocr_line' id='line_1_163' title="bbox 1787 1767 2051 1822; baseline 0.008 -2"><span class='ocrx_word' id='word_1_252' title='bbox 1787 1767 2051 1822; x_wconf 90' lang='lat' dir='ltr'><strong>Cristina.</strong></span> 
     </span>
    </p>
   </div>
   <div class='ocr_carea' id='block_1_114' title="bbox 1733 1838 2057 1907">
    <p class='ocr_par' dir='ltr' id='par_1_114' title="bbox 1733 1838 2057 1907">
     <span class='ocr_line' id='line_1_164' title="bbox 1733 1838 2057 1907; baseline 0.009 -17"><span class='ocrx_word' id='word_1_253' title='bbox 1733 1878 1744 1890; x_wconf 97' lang='lat'><strong>.</strong></span> <span class='ocrx_word' id='word_1_254' title='bbox 1785 1838 2057 1907; x_wconf 88' lang='lat' dir='ltr'><strong>Crispina,</strong></span> 
     </span>
    </p>
   </div>
   <div class='ocr_carea' id='block_1_115' title="bbox 1729 1907 2156 1978">
    <p class='ocr_par' dir='ltr' id='par_1_115' title="bbox 1729 1907 2156 1978">
     <span class='ocr_line' id='line_1_165' title="bbox 1729 1907 2156 1978; baseline 0.005 -16"><span class='ocrx_word' id='word_1_255' title='bbox 1729 1949 1742 1962; x_wconf 95' lang='lat'><strong>.</strong></span> <span class='ocrx_word' id='word_1_256' title='bbox 1785 1907 2156 1978; x_wconf 84' lang='lat' dir='ltr'><strong>Crispiniana.</strong></span> 
     </span>
    </p>
   </div>
   <div class='ocr_carea' id='block_1_116' title="bbox 1733 1978 2020 2033">
    <p class='ocr_par' dir='ltr' id='par_1_116' title="bbox 1733 1978 2020 2033">
     <span class='ocr_line' id='line_1_166' title="bbox 1733 1978 2020 2033; baseline 0.003 -1"><span class='ocrx_word' id='word_1_257' title='bbox 1733 2019 1746 2032; x_wconf 95' lang='lat'><strong>.</strong></span> <span class='ocrx_word' id='word_1_258' title='bbox 1786 1978 2020 2033; x_wconf 87' lang='lat' dir='ltr'><strong>Corona.</strong></span> 
     </span>
    </p>
   </div>
   <div class='ocr_carea' id='block_1_117' title="bbox 1733 2049 2103 2118">
    <p class='ocr_par' dir='ltr' id='par_1_117' title="bbox 1733 2049 2103 2118">
     <span class='ocr_line' id='line_1_167' title="bbox 1733 2049 2103 2118; baseline 0 -14"><span class='ocrx_word' id='word_1_259' title='bbox 1733 2090 1746 2104; x_wconf 92' lang='lat'><strong>.</strong></span> <span class='ocrx_word' id='word_1_260' title='bbox 1787 2049 2103 2118; x_wconf 84' lang='lat' dir='ltr'><strong>Benedicta,</strong></span> 
     </span>
    </p>
   </div>
   <div class='ocr_carea' id='block_1_118' title="bbox 1733 2119 2107 2176">
    <p class='ocr_par' dir='ltr' id='par_1_118' title="bbox 1733 2119 2107 2176">
     <span class='ocr_line' id='line_1_168' title="bbox 1733 2119 2107 2176; baseline 0.005 -2"><span class='ocrx_word' id='word_1_261' title='bbox 1733 2159 1746 2174; x_wconf 93' lang='lat'><strong>.</strong></span> <span class='ocrx_word' id='word_1_262' title='bbox 1787 2119 2107 2176; x_wconf 88' lang='lat' dir='ltr'><strong>Senentina.</strong></span> 
     </span>
    </p>
   </div>
   <div class='ocr_carea' id='block_1_119' title="bbox 1734 2190 2116 2261">
    <p class='ocr_par' dir='ltr' id='par_1_119' title="bbox 1734 2190 2116 2261">
     <span class='ocr_line' id='line_1_169' title="bbox 1734 2190 2116 2261; baseline 0.008 -18"><span class='ocrx_word' id='word_1_263' title='bbox 1734 2230 1746 2243; x_wconf 92' lang='lat'><strong>.</strong></span> <span class='ocrx_word' id='word_1_264' title='bbox 1785 2190 2116 2261; x_wconf 85' lang='lat' dir='ltr'><strong>Margareta,</strong></span> 
     </span>
    </p>
   </div>
   <div class='ocr_carea' id='block_1_120' title="bbox 1733 2260 2078 2316">
    <p class='ocr_par' dir='ltr' id='par_1_120' title="bbox 1733 2260 2078 2316">
     <span class='ocr_line' id='line_1_170' title="bbox 1733 2260 2078 2316; baseline 0.006 -2"><span class='ocrx_word' id='word_1_265' title='bbox 1733 2301 1745 2314; x_wconf 94' lang='lat'><strong>.</strong></span> <span class='ocrx_word' id='word_1_266' title='bbox 1787 2260 2078 2316; x_wconf 87' lang='lat' dir='ltr'><strong>Blandina.</strong></span> 
     </span>
    </p>
   </div>
   <div class='ocr_carea' id='block_1_121' title="bbox 1735 2331 2024 2400">
    <p class='ocr_par' dir='ltr' id='par_1_121' title="bbox 1735 2331 2024 2400">
     <span class='ocr_line' id='line_1_171' title="bbox 1735 2331 2024 2400; baseline 0 -15"><span class='ocrx_word' id='word_1_267' title='bbox 1735 2372 1747 2385; x_wconf 96' lang='lat'><strong>.</strong></span> <span class='ocrx_word' id='word_1_268' title='bbox 1788 2331 2024 2400; x_wconf 84' lang='lat' dir='ltr'><strong>Martha,</strong></span> 
     </span>
    </p>
   </div>
   <div class='ocr_carea' id='block_1_122' title="bbox 1733 2403 2006 2468">
    <p class='ocr_par' dir='ltr' id='par_1_122' title="bbox 1733 2403 2006 2468">
     <span class='ocr_line' id='line_1_172' title="bbox 1733 2403 2006 2468; baseline -0.007 -13"><span class='ocrx_word' id='word_1_269' title='bbox 1733 2441 1747 2455; x_wconf 93' lang='lat'><strong>.</strong></span> <span class='ocrx_word' id='word_1_270' title='bbox 1787 2403 2006 2468; x_wconf 88' lang='lat' dir='ltr'><strong>Menna,</strong></span> 
     </span>
    </p>
   </div>
   <div class='ocr_carea' id='block_1_123' title="bbox 1787 2471 2058 2542">
    <p class='ocr_par' dir='ltr' id='par_1_123' title="bbox 1787 2471 2058 2542">
     <span class='ocr_line' id='line_1_173' title="bbox 1787 2471 2058 2542; baseline 0 -16"><span class='ocrx_word' id='word_1_271' title='bbox 1787 2471 2058 2542; x_wconf 84' lang='lat' dir='ltr'><strong>Mathitia,</strong></span> 
     </span>
    </p>
   </div>
   <div class='ocr_carea' id='block_1_124' title="bbox 1734 2542 2086 2612">
    <p class='ocr_par' dir='ltr' id='par_1_124' title="bbox 1734 2542 2086 2612">
     <span class='ocr_line' id='line_1_174' title="bbox 1734 2542 2086 2612; baseline 0.003 -16"><span class='ocrx_word' id='word_1_272' title='bbox 1734 2583 1747 2596; x_wconf 92' lang='lat'><strong>.</strong></span> <span class='ocrx_word' id='word_1_273' title='bbox 1789 2542 2086 2612; x_wconf 84' lang='lat' dir='ltr'><strong>Perpetua,</strong></span> 
     </span>
    </p>
   </div>
   <div class='ocr_carea' id='block_1_125' title="bbox 1782 2611 2107 2683">
    <p class='ocr_par' dir='ltr' id='par_1_125' title="bbox 1782 2611 2107 2683">
     <span class='ocr_line' id='line_1_175' title="bbox 1782 2611 2107 2683; baseline 0.015 -19"><span class='ocrx_word' id='word_1_274' title='bbox 1782 2611 2107 2683; x_wconf 74' lang='lat' dir='ltr'><strong>Concordia,</strong></span> 
     </span>
    </p>
   </div>
   <div class='ocr_carea' id='block_1_126' title="bbox 1784 2683 1996 2737">
    <p class='ocr_par' dir='ltr' id='par_1_126' title="bbox 1784 2683 1996 2737">
     <span class='ocr_line' id='line_1_176' title="bbox 1784 2683 1996 2737; baseline 0.009 -2"><span class='ocrx_word' id='word_1_275' title='bbox 1784 2683 1996 2737; x_wconf 84' lang='lat' dir='ltr'><strong>Julitta.</strong></span> 
     </span>
    </p>
   </div>
   <div class='ocr_carea' id='block_1_127' title="bbox 1731 2753 2026 2806">
    <p class='ocr_par' dir='ltr' id='par_1_127' title="bbox 1731 2753 2026 2806">
     <span class='ocr_line' id='line_1_177' title="bbox 1731 2753 2026 2806; baseline 0 0"><span class='ocrx_word' id='word_1_276' title='bbox 1731 2792 1745 2806; x_wconf 95' lang='lat'><strong>.</strong></span> <span class='ocrx_word' id='word_1_277' title='bbox 1777 2753 2026 2806; x_wconf 88' lang='lat' dir='ltr'><strong>Sinclita.</strong></span> 
     </span>
    </p>
   </div>
   <div class='ocr_carea' id='block_1_128' title="bbox 1791 2823 2054 2878">
    <p class='ocr_par' dir='ltr' id='par_1_128' title="bbox 1791 2823 2054 2878">
     <span class='ocr_line' id='line_1_178' title="bbox 1791 2823 2054 2878; baseline -0.008 0"><span class='ocrx_word' id='word_1_278' title='bbox 1791 2823 2054 2878; x_wconf 81' lang='lat' dir='ltr'><strong>Soﬂ&#39;onia.</strong></span> 
     </span>
    </p>
   </div>
   <div class='ocr_carea' id='block_1_129' title="bbox 1732 2893 2125 2963">
    <p class='ocr_par' dir='ltr' id='par_1_129' title="bbox 1732 2893 2125 2963">
     <span class='ocr_line' id='line_1_179' title="bbox 1732 2893 2125 2963; baseline -0.005 -15"><span class='ocrx_word' id='word_1_279' title='bbox 1732 2935 1744 2948; x_wconf 93' lang='lat'><strong>.</strong></span> <span class='ocrx_word' id='word_1_280' title='bbox 1785 2893 2125 2963; x_wconf 86' lang='lat' dir='ltr'><strong>Crescentia,</strong></span> 
     </span>
    </p>
   </div>
   <div class='ocr_carea' id='block_1_130' title="bbox 1733 2963 2020 3032">
    <p class='ocr_par' dir='ltr' id='par_1_130' title="bbox 1733 2963 2020 3032">
     <span class='ocr_line' id='line_1_180' title="bbox 1733 2963 2020 3032; baseline 0.003 -15"><span class='ocrx_word' id='word_1_281' title='bbox 1733 3005 1744 3017; x_wconf 94' lang='lat'><strong>.</strong></span> <span class='ocrx_word' id='word_1_282' title='bbox 1785 2963 2020 3032; x_wconf 88' lang='lat' dir='ltr'><strong>Donata,</strong></span> 
     </span>
    </p>
   </div>
   <div class='ocr_carea' id='block_1_131' title="bbox 1734 3034 2022 3100">
    <p class='ocr_par' dir='ltr' id='par_1_131' title="bbox 1734 3034 2022 3100">
     <span class='ocr_line' id='line_1_181' title="bbox 1734 3034 2022 3100; baseline -0.003 -12"><span class='ocrx_word' id='word_1_283' title='bbox 1734 3076 1747 3088; x_wconf 95' lang='lat'><strong>.</strong></span> <span class='ocrx_word' id='word_1_284' title='bbox 1787 3034 2022 3100; x_wconf 85' lang='lat' dir='ltr'><strong>Juliana,</strong></span> 
     </span>
    </p>
   </div>
   <div class='ocr_carea' id='block_1_132' title="bbox 1732 3105 2052 3171">
    <p class='ocr_par' dir='ltr' id='par_1_132' title="bbox 1732 3105 2052 3171">
     <span class='ocr_line' id='line_1_182' title="bbox 1732 3105 2052 3171; baseline 0 -13"><span class='ocrx_word' id='word_1_285' title='bbox 1732 3145 1744 3158; x_wconf 94' lang='lat'><strong>.</strong></span> <span class='ocrx_word' id='word_1_286' title='bbox 1785 3105 2052 3171; x_wconf 87' lang='lat' dir='ltr'><strong>Portuna,</strong></span> 
     </span>
    </p>
   </div>
   <div class='ocr_carea' id='block_1_133' title="bbox 1731 3173 2046 3244">
    <p class='ocr_par' dir='ltr' id='par_1_133' title="bbox 1731 3173 2046 3244">
     <span class='ocr_line' id='line_1_183' title="bbox 1731 3173 2046 3244; baseline 0.01 -18"><span class='ocrx_word' id='word_1_287' title='bbox 1731 3215 1744 3227; x_wconf 93' lang='lat'><strong>.</strong></span> <span class='ocrx_word' id='word_1_288' title='bbox 1785 3173 2046 3244; x_wconf 82' lang='lat' dir='ltr'><strong>Victoria,</strong></span> 
     </span>
    </p>
   </div>
   <div class='ocr_carea' id='block_1_134' title="bbox 1782 3245 2032 3312">
    <p class='ocr_par' dir='ltr' id='par_1_134' title="bbox 1782 3245 2032 3312">
     <span class='ocr_line' id='line_1_184' title="bbox 1782 3245 2032 3312; baseline 0.004 -16"><span class='ocrx_word' id='word_1_289' title='bbox 1782 3245 2032 3312; x_wconf 86' lang='lat' dir='ltr'><strong>Tarsilla,</strong></span> 
     </span>
    </p>
   </div>
   <div class='ocr_carea' id='block_1_135' title="bbox 1787 3315 2078 3384">
    <p class='ocr_par' dir='ltr' id='par_1_135' title="bbox 1787 3315 2078 3384">
     <span class='ocr_line' id='line_1_185' title="bbox 1787 3315 2078 3384; baseline 0.007 -17"><span class='ocrx_word' id='word_1_290' title='bbox 1787 3315 2078 3384; x_wconf 86' lang='lat' dir='ltr'><strong>Emiliana,</strong></span> 
     </span>
    </p>
   </div>
   <div class='ocr_carea' id='block_1_136' title="bbox 1731 3385 2011 3453">
    <p class='ocr_par' dir='ltr' id='par_1_136' title="bbox 1731 3385 2011 3453">
     <span class='ocr_line' id='line_1_186' title="bbox 1731 3385 2011 3453; baseline 0 -15"><span class='ocrx_word' id='word_1_291' title='bbox 1731 3425 1744 3438; x_wconf 95' lang='lat'><strong>.</strong></span> <span class='ocrx_word' id='word_1_292' title='bbox 1784 3385 2011 3453; x_wconf 78' lang='lat' dir='ltr'><strong>Triiina,</strong></span> 
     </span>
    </p>
   </div>
   <div class='ocr_carea' id='block_1_137' title="bbox 1787 3455 2029 3525">
    <p class='ocr_par' dir='ltr' id='par_1_137' title="bbox 1787 3455 2029 3525">
     <span class='ocr_line' id='line_1_187' title="bbox 1787 3455 2029 3525; baseline 0.008 -18"><span class='ocrx_word' id='word_1_293' title='bbox 1787 3455 1874 3508; x_wconf 89' lang='lat' dir='ltr'><strong>Bri</strong></span> <span class='ocrx_word' id='word_1_294' title='bbox 1881 3456 2029 3525; x_wconf 85' lang='lat' dir='ltr'><strong>gida,</strong></span> 
     </span>
    </p>
   </div>
   <div class='ocr_carea' id='block_1_138' title="bbox 2605 499 2738 558">
    <p class='ocr_par' dir='ltr' id='par_1_138' title="bbox 2605 499 2738 558">
     <span class='ocr_line' id='line_1_188' title="bbox 2605 499 2738 558; baseline 0.038 -5"><span class='ocrx_word' id='word_1_295' title='bbox 2605 499 2738 558; x_wconf 88' lang='lat' dir='ltr'><strong>Ora.</strong></span> 
     </span>
    </p>
   </div>
   <div class='ocr_carea' id='block_1_139' title="bbox 2609 570 2740 626">
    <p class='ocr_par' dir='ltr' id='par_1_139' title="bbox 2609 570 2740 626">
     <span class='ocr_line' id='line_1_189' title="bbox 2609 570 2740 626; baseline 0.015 -2"><span class='ocrx_word' id='word_1_296' title='bbox 2609 570 2740 626; x_wconf 89' lang='lat' dir='ltr'><strong>Ora.</strong></span> 
     </span>
    </p>
   </div>
   <div class='ocr_carea' id='block_1_140' title="bbox 2613 644 2740 698">
    <p class='ocr_par' dir='ltr' id='par_1_140' title="bbox 2613 644 2740 698">
     <span class='ocr_line' id='line_1_190' title="bbox 2613 644 2740 698; baseline 0 0"><span class='ocrx_word' id='word_1_297' title='bbox 2613 644 2740 698; x_wconf 92' lang='lat' dir='ltr'><strong>Ora.</strong></span> 
     </span>
    </p>
   </div>
   <div class='ocr_carea' id='block_1_141' title="bbox 2610 713 2739 768">
    <p class='ocr_par' dir='ltr' id='par_1_141' title="bbox 2610 713 2739 768">
     <span class='ocr_line' id='line_1_191' title="bbox 2610 713 2739 768; baseline -0.016 0"><span class='ocrx_word' id='word_1_298' title='bbox 2610 713 2739 768; x_wconf 88' lang='lat' dir='ltr'><strong>Ora.</strong></span> 
     </span>
    </p>
   </div>
   <div class='ocr_carea' id='block_1_142' title="bbox 2611 783 2739 838">
    <p class='ocr_par' dir='ltr' id='par_1_142' title="bbox 2611 783 2739 838">
     <span class='ocr_line' id='line_1_192' title="bbox 2611 783 2739 838; baseline -0.008 0"><span class='ocrx_word' id='word_1_299' title='bbox 2611 783 2739 838; x_wconf 88' lang='lat' dir='ltr'><strong>Ora.</strong></span> 
     </span>
    </p>
   </div>
   <div class='ocr_carea' id='block_1_143' title="bbox 2613 854 2742 910">
    <p class='ocr_par' dir='ltr' id='par_1_143' title="bbox 2613 854 2742 910">
     <span class='ocr_line' id='line_1_193' title="bbox 2613 854 2742 910; baseline 0.016 -2"><span class='ocrx_word' id='word_1_300' title='bbox 2613 854 2742 910; x_wconf 87' lang='lat' dir='ltr'><strong>Ora.</strong></span> 
     </span>
    </p>
   </div>
   <div class='ocr_carea' id='block_1_144' title="bbox 2612 925 2742 979">
    <p class='ocr_par' dir='ltr' id='par_1_144' title="bbox 2612 925 2742 979">
     <span class='ocr_line' id='line_1_194' title="bbox 2612 925 2742 979; baseline 0.008 -1"><span class='ocrx_word' id='word_1_301' title='bbox 2612 925 2742 979; x_wconf 90' lang='lat' dir='ltr'><strong>Ora.</strong></span> 
     </span>
    </p>
   </div>
   <div class='ocr_carea' id='block_1_145' title="bbox 2613 995 2742 1050">
    <p class='ocr_par' dir='ltr' id='par_1_145' title="bbox 2613 995 2742 1050">
     <span class='ocr_line' id='line_1_195' title="bbox 2613 995 2742 1050; baseline 0.016 -2"><span class='ocrx_word' id='word_1_302' title='bbox 2613 995 2742 1050; x_wconf 89' lang='lat' dir='ltr'><strong>Ora.</strong></span> 
     </span>
    </p>
   </div>
   <div class='ocr_carea' id='block_1_146' title="bbox 2613 1067 2741 1120">
    <p class='ocr_par' dir='ltr' id='par_1_146' title="bbox 2613 1067 2741 1120">
     <span class='ocr_line' id='line_1_196' title="bbox 2613 1067 2741 1120; baseline 0 0"><span class='ocrx_word' id='word_1_303' title='bbox 2613 1067 2741 1120; x_wconf 89' lang='lat' dir='ltr'><strong>Ora.</strong></span> 
     </span>
    </p>
   </div>
   <div class='ocr_carea' id='block_1_147' title="bbox 2613 1137 2742 1190">
    <p class='ocr_par' dir='ltr' id='par_1_147' title="bbox 2613 1137 2742 1190">
     <span class='ocr_line' id='line_1_197' title="bbox 2613 1137 2742 1190; baseline 0 0"><span class='ocrx_word' id='word_1_304' title='bbox 2613 1137 2742 1190; x_wconf 88' lang='lat' dir='ltr'><strong>Ora.</strong></span> 
     </span>
    </p>
   </div>
   <div class='ocr_carea' id='block_1_148' title="bbox 2615 1206 2742 1261">
    <p class='ocr_par' dir='ltr' id='par_1_148' title="bbox 2615 1206 2742 1261">
     <span class='ocr_line' id='line_1_198' title="bbox 2615 1206 2742 1261; baseline 0.008 -1"><span class='ocrx_word' id='word_1_305' title='bbox 2615 1206 2742 1261; x_wconf 88' lang='lat' dir='ltr'><strong>Ora.</strong></span> 
     </span>
    </p>
   </div>
   <div class='ocr_carea' id='block_1_149' title="bbox 2610 1275 2741 1332">
    <p class='ocr_par' dir='ltr' id='par_1_149' title="bbox 2610 1275 2741 1332">
     <span class='ocr_line' id='line_1_199' title="bbox 2610 1275 2741 1332; baseline 0 -2"><span class='ocrx_word' id='word_1_306' title='bbox 2610 1275 2741 1332; x_wconf 90' lang='lat' dir='ltr'><strong>Ora.</strong></span> 
     </span>
    </p>
   </div>
   <div class='ocr_carea' id='block_1_150' title="bbox 2616 1349 2743 1404">
    <p class='ocr_par' dir='ltr' id='par_1_150' title="bbox 2616 1349 2743 1404">
     <span class='ocr_line' id='line_1_200' title="bbox 2616 1349 2743 1404; baseline -0.031 0"><span class='ocrx_word' id='word_1_307' title='bbox 2616 1349 2743 1404; x_wconf 90' lang='lat' dir='ltr'><strong>Ora.</strong></span> 
     </span>
    </p>
   </div>
   <div class='ocr_carea' id='block_1_151' title="bbox 2616 1419 2744 1474">
    <p class='ocr_par' dir='ltr' id='par_1_151' title="bbox 2616 1419 2744 1474">
     <span class='ocr_line' id='line_1_201' title="bbox 2616 1419 2744 1474; baseline -0.023 0"><span class='ocrx_word' id='word_1_308' title='bbox 2616 1419 2744 1474; x_wconf 90' lang='lat' dir='ltr'><strong>Ora.</strong></span> 
     </span>
    </p>
   </div>
   <div class='ocr_carea' id='block_1_152' title="bbox 2614 1490 2744 1544">
    <p class='ocr_par' dir='ltr' id='par_1_152' title="bbox 2614 1490 2744 1544">
     <span class='ocr_line' id='line_1_202' title="bbox 2614 1490 2744 1544; baseline -0.015 0"><span class='ocrx_word' id='word_1_309' title='bbox 2614 1490 2744 1544; x_wconf 90' lang='lat' dir='ltr'><strong>Ora.</strong></span> 
     </span>
    </p>
   </div>
   <div class='ocr_carea' id='block_1_153' title="bbox 2613 1561 2742 1616">
    <p class='ocr_par' dir='ltr' id='par_1_153' title="bbox 2613 1561 2742 1616">
     <span class='ocr_line' id='line_1_203' title="bbox 2613 1561 2742 1616; baseline -0.031 0"><span class='ocrx_word' id='word_1_310' title='bbox 2613 1561 2742 1616; x_wconf 90' lang='lat' dir='ltr'><strong>Ora.</strong></span> 
     </span>
    </p>
   </div>
   <div class='ocr_carea' id='block_1_154' title="bbox 2615 1633 2744 1687">
    <p class='ocr_par' dir='ltr' id='par_1_154' title="bbox 2615 1633 2744 1687">
     <span class='ocr_line' id='line_1_204' title="bbox 2615 1633 2744 1687; baseline -0.031 0"><span class='ocrx_word' id='word_1_311' title='bbox 2615 1633 2744 1687; x_wconf 91' lang='lat' dir='ltr'><strong>Ora.</strong></span> 
     </span>
    </p>
   </div>
   <div class='ocr_carea' id='block_1_155' title="bbox 2615 1703 2742 1756">
    <p class='ocr_par' dir='ltr' id='par_1_155' title="bbox 2615 1703 2742 1756">
     <span class='ocr_line' id='line_1_205' title="bbox 2615 1703 2742 1756; baseline -0.031 0"><span class='ocrx_word' id='word_1_312' title='bbox 2615 1703 2742 1756; x_wconf 91' lang='lat' dir='ltr'><strong>Ora.</strong></span> 
     </span>
    </p>
   </div>
   <div class='ocr_carea' id='block_1_156' title="bbox 2613 1773 2742 1826">
    <p class='ocr_par' dir='ltr' id='par_1_156' title="bbox 2613 1773 2742 1826">
     <span class='ocr_line' id='line_1_206' title="bbox 2613 1773 2742 1826; baseline -0.023 0"><span class='ocrx_word' id='word_1_313' title='bbox 2613 1773 2742 1826; x_wconf 91' lang='lat' dir='ltr'><strong>Ora.</strong></span> 
     </span>
    </p>
   </div>
   <div class='ocr_carea' id='block_1_157' title="bbox 2613 1843 2742 1897">
    <p class='ocr_par' dir='ltr' id='par_1_157' title="bbox 2613 1843 2742 1897">
     <span class='ocr_line' id='line_1_207' title="bbox 2613 1843 2742 1897; baseline -0.023 0"><span class='ocrx_word' id='word_1_314' title='bbox 2613 1843 2742 1897; x_wconf 90' lang='lat' dir='ltr'><strong>Ora.</strong></span> 
     </span>
    </p>
   </div>
   <div class='ocr_carea' id='block_1_158' title="bbox 2615 1915 2744 1968">
    <p class='ocr_par' dir='ltr' id='par_1_158' title="bbox 2615 1915 2744 1968">
     <span class='ocr_line' id='line_1_208' title="bbox 2615 1915 2744 1968; baseline -0.016 0"><span class='ocrx_word' id='word_1_315' title='bbox 2615 1915 2744 1968; x_wconf 89' lang='lat' dir='ltr'><strong>Ora.</strong></span> 
     </span>
    </p>
   </div>
   <div class='ocr_carea' id='block_1_159' title="bbox 2614 1985 2744 2038">
    <p class='ocr_par' dir='ltr' id='par_1_159' title="bbox 2614 1985 2744 2038">
     <span class='ocr_line' id='line_1_209' title="bbox 2614 1985 2744 2038; baseline -0.031 0"><span class='ocrx_word' id='word_1_316' title='bbox 2614 1985 2744 2038; x_wconf 93' lang='lat' dir='ltr'><strong>Ora.</strong></span> 
     </span>
    </p>
   </div>
   <div class='ocr_carea' id='block_1_160' title="bbox 2615 2053 2743 2108">
    <p class='ocr_par' dir='ltr' id='par_1_160' title="bbox 2615 2053 2743 2108">
     <span class='ocr_line' id='line_1_210' title="bbox 2615 2053 2743 2108; baseline -0.031 0"><span class='ocrx_word' id='word_1_317' title='bbox 2615 2053 2743 2108; x_wconf 90' lang='lat' dir='ltr'><strong>Ora.</strong></span> 
     </span>
    </p>
   </div>
   <div class='ocr_carea' id='block_1_161' title="bbox 2615 2125 2744 2178">
    <p class='ocr_par' dir='ltr' id='par_1_161' title="bbox 2615 2125 2744 2178">
     <span class='ocr_line' id='line_1_211' title="bbox 2615 2125 2744 2178; baseline -0.031 0"><span class='ocrx_word' id='word_1_318' title='bbox 2615 2125 2744 2178; x_wconf 89' lang='lat' dir='ltr'><strong>Ora.</strong></span> 
     </span>
    </p>
   </div>
   <div class='ocr_carea' id='block_1_162' title="bbox 2615 2195 2745 2250">
    <p class='ocr_par' dir='ltr' id='par_1_162' title="bbox 2615 2195 2745 2250">
     <span class='ocr_line' id='line_1_212' title="bbox 2615 2195 2745 2250; baseline -0.031 0"><span class='ocrx_word' id='word_1_319' title='bbox 2615 2195 2745 2250; x_wconf 84' lang='lat' dir='ltr'><strong>Ora.</strong></span> 
     </span>
    </p>
   </div>
   <div class='ocr_carea' id='block_1_163' title="bbox 2618 2265 2746 2319">
    <p class='ocr_par' dir='ltr' id='par_1_163' title="bbox 2618 2265 2746 2319">
     <span class='ocr_line' id='line_1_213' title="bbox 2618 2265 2746 2319; baseline -0.023 0"><span class='ocrx_word' id='word_1_320' title='bbox 2618 2265 2746 2319; x_wconf 89' lang='lat' dir='ltr'><strong>Ora.</strong></span> 
     </span>
    </p>
   </div>
   <div class='ocr_carea' id='block_1_164' title="bbox 2616 2335 2745 2390">
    <p class='ocr_par' dir='ltr' id='par_1_164' title="bbox 2616 2335 2745 2390">
     <span class='ocr_line' id='line_1_214' title="bbox 2616 2335 2745 2390; baseline -0.039 0"><span class='ocrx_word' id='word_1_321' title='bbox 2616 2335 2745 2390; x_wconf 87' lang='lat' dir='ltr'><strong>Ora.</strong></span> 
     </span>
    </p>
   </div>
   <div class='ocr_carea' id='block_1_165' title="bbox 2619 2405 2748 2460">
    <p class='ocr_par' dir='ltr' id='par_1_165' title="bbox 2619 2405 2748 2460">
     <span class='ocr_line' id='line_1_215' title="bbox 2619 2405 2748 2460; baseline -0.047 0"><span class='ocrx_word' id='word_1_322' title='bbox 2619 2405 2748 2460; x_wconf 91' lang='lat' dir='ltr'><strong>Ora.</strong></span> 
     </span>
    </p>
   </div>
   <div class='ocr_carea' id='block_1_166' title="bbox 2619 2475 2749 2530">
    <p class='ocr_par' dir='ltr' id='par_1_166' title="bbox 2619 2475 2749 2530">
     <span class='ocr_line' id='line_1_216' title="bbox 2619 2475 2749 2530; baseline -0.031 0"><span class='ocrx_word' id='word_1_323' title='bbox 2619 2475 2749 2530; x_wconf 90' lang='lat' dir='ltr'><strong>Ora.</strong></span> 
     </span>
    </p>
   </div>
   <div class='ocr_carea' id='block_1_167' title="bbox 2618 2546 2747 2600">
    <p class='ocr_par' dir='ltr' id='par_1_167' title="bbox 2618 2546 2747 2600">
     <span class='ocr_line' id='line_1_217' title="bbox 2618 2546 2747 2600; baseline -0.023 0"><span class='ocrx_word' id='word_1_324' title='bbox 2618 2546 2747 2600; x_wconf 89' lang='lat' dir='ltr'><strong>Ora.</strong></span> 
     </span>
    </p>
   </div>
   <div class='ocr_carea' id='block_1_168' title="bbox 2619 2615 2748 2669">
    <p class='ocr_par' dir='ltr' id='par_1_168' title="bbox 2619 2615 2748 2669">
     <span class='ocr_line' id='line_1_218' title="bbox 2619 2615 2748 2669; baseline -0.016 0"><span class='ocrx_word' id='word_1_325' title='bbox 2619 2615 2748 2669; x_wconf 90' lang='lat' dir='ltr'><strong>Ora.</strong></span> 
     </span>
    </p>
   </div>
   <div class='ocr_carea' id='block_1_169' title="bbox 2617 2685 2747 2740">
    <p class='ocr_par' dir='ltr' id='par_1_169' title="bbox 2617 2685 2747 2740">
     <span class='ocr_line' id='line_1_219' title="bbox 2617 2685 2747 2740; baseline -0.015 0"><span class='ocrx_word' id='word_1_326' title='bbox 2617 2685 2747 2740; x_wconf 90' lang='lat' dir='ltr'><strong>Ora.</strong></span> 
     </span>
    </p>
   </div>
   <div class='ocr_carea' id='block_1_170' title="bbox 2617 2827 2746 2881">
    <p class='ocr_par' dir='ltr' id='par_1_170' title="bbox 2617 2827 2746 2881">
     <span class='ocr_line' id='line_1_220' title="bbox 2617 2827 2746 2881; baseline -0.008 0"><span class='ocrx_word' id='word_1_327' title='bbox 2617 2827 2746 2881; x_wconf 86' lang='lat' dir='ltr'><strong>Ora.</strong></span> 
     </span>
    </p>
   </div>
   <div class='ocr_carea' id='block_1_171' title="bbox 2615 2897 2745 2952">
    <p class='ocr_par' dir='ltr' id='par_1_171' title="bbox 2615 2897 2745 2952">
     <span class='ocr_line' id='line_1_221' title="bbox 2615 2897 2745 2952; baseline 0.008 -1"><span class='ocrx_word' id='word_1_328' title='bbox 2615 2897 2745 2952; x_wconf 91' lang='lat' dir='ltr'><strong>Ora.</strong></span> 
     </span>
    </p>
   </div>
   <div class='ocr_carea' id='block_1_172' title="bbox 2617 2967 2745 3022">
    <p class='ocr_par' dir='ltr' id='par_1_172' title="bbox 2617 2967 2745 3022">
     <span class='ocr_line' id='line_1_222' title="bbox 2617 2967 2745 3022; baseline 0.016 -2"><span class='ocrx_word' id='word_1_329' title='bbox 2617 2967 2745 3022; x_wconf 89' lang='lat' dir='ltr'><strong>Ora.</strong></span> 
     </span>
    </p>
   </div>
   <div class='ocr_carea' id='block_1_173' title="bbox 2615 3037 2745 3093">
    <p class='ocr_par' dir='ltr' id='par_1_173' title="bbox 2615 3037 2745 3093">
     <span class='ocr_line' id='line_1_223' title="bbox 2615 3037 2745 3093; baseline 0.023 -3"><span class='ocrx_word' id='word_1_330' title='bbox 2615 3037 2745 3093; x_wconf 91' lang='lat' dir='ltr'><strong>Ora.</strong></span> 
     </span>
    </p>
   </div>
   <div class='ocr_carea' id='block_1_174' title="bbox 2615 3107 2744 3163">
    <p class='ocr_par' dir='ltr' id='par_1_174' title="bbox 2615 3107 2744 3163">
     <span class='ocr_line' id='line_1_224' title="bbox 2615 3107 2744 3163; baseline 0.016 -3"><span class='ocrx_word' id='word_1_331' title='bbox 2615 3107 2744 3163; x_wconf 87' lang='lat' dir='ltr'><strong>Ora.</strong></span> 
     </span>
    </p>
   </div>
   <div class='ocr_carea' id='block_1_175' title="bbox 2613 3177 2742 3234">
    <p class='ocr_par' dir='ltr' id='par_1_175' title="bbox 2613 3177 2742 3234">
     <span class='ocr_line' id='line_1_225' title="bbox 2613 3177 2742 3234; baseline 0.016 -2"><span class='ocrx_word' id='word_1_332' title='bbox 2613 3177 2742 3234; x_wconf 85' lang='lat' dir='ltr'><strong>Ora.</strong></span> 
     </span>
    </p>
   </div>
   <div class='ocr_carea' id='block_1_176' title="bbox 2614 3248 2741 3304">
    <p class='ocr_par' dir='ltr' id='par_1_176' title="bbox 2614 3248 2741 3304">
     <span class='ocr_line' id='line_1_226' title="bbox 2614 3248 2741 3304; baseline 0.016 -2"><span class='ocrx_word' id='word_1_333' title='bbox 2614 3248 2741 3304; x_wconf 88' lang='lat' dir='ltr'><strong>Ora.</strong></span> 
     </span>
    </p>
   </div>
   <div class='ocr_carea' id='block_1_177' title="bbox 2614 3318 2740 3373">
    <p class='ocr_par' dir='ltr' id='par_1_177' title="bbox 2614 3318 2740 3373">
     <span class='ocr_line' id='line_1_227' title="bbox 2614 3318 2740 3373; baseline 0.008 -1"><span class='ocrx_word' id='word_1_334' title='bbox 2614 3318 2740 3373; x_wconf 89' lang='lat' dir='ltr'><strong>Ora.</strong></span> 
     </span>
    </p>
   </div>
   <div class='ocr_carea' id='block_1_178' title="bbox 2611 3387 2722 3441">
    <p class='ocr_par' dir='ltr' id='par_1_178' title="bbox 2611 3387 2722 3441">
     <span class='ocr_line' id='line_1_228' title="bbox 2611 3387 2722 3441; baseline 0.009 -1"><span class='ocrx_word' id='word_1_335' title='bbox 2611 3387 2722 3441; x_wconf 88' lang='lat' dir='ltr'><strong>Ora</strong></span> 
     </span>
    </p>
   </div>
   <div class='ocr_carea' id='block_1_179' title="bbox 2611 3430 2742 3515">
    <p class='ocr_par' dir='ltr' id='par_1_179' title="bbox 2611 3458 2741 3515">
     <span class='ocr_line' id='line_1_229' title="bbox 2611 3458 2741 3515; baseline 0.023 -3"><span class='ocrx_word' id='word_1_336' title='bbox 2611 3458 2741 3515; x_wconf 90' lang='lat' dir='ltr'><strong>Ora.</strong></span> 
     </span>
    </p>
   </div>
   <div class='ocr_carea' id='block_1_180' title="bbox 1687 3525 2740 3604">
    <p class='ocr_par' dir='ltr' id='par_1_180' title="bbox 1687 3525 2740 3604">
     <span class='ocr_line' id='line_1_230' title="bbox 1687 3525 2740 3604; baseline 0.001 -22"><span class='ocrx_word' id='word_1_337' title='bbox 1687 3525 1893 3582; x_wconf 89' lang='lat' dir='ltr'><strong>Omnes</strong></span> <span class='ocrx_word' id='word_1_338' title='bbox 1959 3525 2148 3604; x_wconf 68' lang='lat' dir='ltr'><strong>sancti</strong></span> <span class='ocrx_word' id='word_1_339' title='bbox 2176 3527 2365 3604; x_wconf 89' lang='lat' dir='ltr'><strong>_chori</strong></span> <span class='ocrx_word' id='word_1_340' title='bbox 2430 3529 2740 3604; x_wconf 78' lang='lat' dir='ltr'><strong>virginum,</strong></span> 
     </span>
    </p>
   </div>
   <div class='ocr_carea' id='block_1_181' title="bbox 1756 3596 2239 3666">
    <p class='ocr_par' dir='ltr' id='par_1_181' title="bbox 1756 3596 2239 3666">
     <span class='ocr_line' id='line_1_231' title="bbox 1756 3596 2239 3666; baseline 0.006 -18"><span class='ocrx_word' id='word_1_341' title='bbox 1756 3601 1907 3650; x_wconf 89' lang='lat' dir='ltr'><strong>orate</strong></span> <span class='ocrx_word' id='word_1_342' title='bbox 1933 3613 2036 3666; x_wconf 90' lang='lat' dir='ltr'><strong>pro</strong></span> <span class='ocrx_word' id='word_1_343' title='bbox 2057 3596 2239 3652; x_wconf 87' lang='lat' dir='ltr'><strong>nobis.</strong></span> 
     </span>
    </p>
   </div>
   <div class='ocr_carea' id='block_1_182' title="bbox 1685 3667 2740 3744">
    <p class='ocr_par' dir='ltr' id='par_1_182' title="bbox 1685 3667 2740 3744">
     <span class='ocr_line' id='line_1_232' title="bbox 1685 3667 2740 3744; baseline 0.009 -24"><span class='ocrx_word' id='word_1_344' title='bbox 1685 3667 1890 3744; x_wconf 77' lang='lat' dir='ltr'><strong>omnes</strong></span> <span class='ocrx_word' id='word_1_345' title='bbox 1915 3667 2111 3737; x_wconf 84' lang='lat' dir='ltr'><strong>sancti,</strong></span> <span class='ocrx_word' id='word_1_346' title='bbox 2140 3667 2468 3725; x_wconf 88' lang='lat' dir='ltr'><strong>intercedite</strong></span> <span class='ocrx_word' id='word_1_347' title='bbox 2505 3687 2609 3744; x_wconf 88' lang='lat' dir='ltr'><strong>pro</strong></span> <span class='ocrx_word' id='word_1_348' title='bbox 2635 3689 2740 3728; x_wconf 91' lang='lat' dir='ltr'><strong>no-</strong></span> 
     </span>
    </p>
   </div>
   <div class='ocr_carea' id='block_1_183' title="bbox 1753 3737 1858 3790">
    <p class='ocr_par' dir='ltr' id='par_1_183' title="bbox 1753 3737 1858 3790">
     <span class='ocr_line' id='line_1_233' title="bbox 1753 3737 1858 3790; baseline 0 0"><span class='ocrx_word' id='word_1_349' title='bbox 1753 3737 1858 3790; x_wconf 86' lang='lat' dir='ltr'><strong>bis.</strong></span> 
     </span>
    </p>
   </div>
   <div class='ocr_carea' id='block_1_184' title="bbox 1683 3807 2738 3876">
    <p class='ocr_par' dir='ltr' id='par_1_184' title="bbox 1683 3807 2738 3876">
     <span class='ocr_line' id='line_1_234' title="bbox 1683 3807 2738 3876; baseline 0.009 -16"><span class='ocrx_word' id='word_1_350' title='bbox 1683 3807 1891 3861; x_wconf 89' lang='lat' dir='ltr'><strong>Omnes</strong></span> <span class='ocrx_word' id='word_1_351' title='bbox 1922 3807 2100 3861; x_wconf 83' lang='lat' dir='ltr'><strong>sancti</strong></span> <span class='ocrx_word' id='word_1_352' title='bbox 2134 3809 2343 3876; x_wconf 78' lang='lat' dir='ltr'><strong>angeli,</strong></span> <span class='ocrx_word' id='word_1_353' title='bbox 2389 3811 2738 3869; x_wconf 88' lang='lat' dir='ltr'><strong>Intercedite.</strong></span> 
     </span>
    </p>
   </div>
   <div class='ocr_carea' id='block_1_185' title="bbox 1684 3877 2740 3951">
    <p class='ocr_par' dir='ltr' id='par_1_185' title="bbox 1684 3877 2740 3951">
     <span class='ocr_line' id='line_1_235' title="bbox 1684 3877 2740 3951; baseline 0.008 -19"><span class='ocrx_word' id='word_1_354' title='bbox 1684 3878 1888 3951; x_wconf 79' lang='lat' dir='ltr'><strong>omnes</strong></span> <span class='ocrx_word' id='word_1_355' title='bbox 1911 3877 2086 3932; x_wconf 84' lang='lat' dir='ltr'><strong>sancti</strong></span> <span class='ocrx_word' id='word_1_356' title='bbox 2124 3879 2466 3951; x_wconf 83' lang='lat' dir='ltr'><strong>archangeli,</strong></span> <span class='ocrx_word' id='word_1_357' title='bbox 2497 3884 2740 3940; x_wconf 87' lang='lat' dir='ltr'><strong>Interce-</strong></span> 
     </span>
    </p>
   </div>
   <div class='ocr_carea' id='block_1_186' title="bbox 1752 3947 1885 4002">
    <p class='ocr_par' dir='ltr' id='par_1_186' title="bbox 1752 3947 1885 4002">
     <span class='ocr_line' id='line_1_236' title="bbox 1752 3947 1885 4002; baseline 0 0"><span class='ocrx_word' id='word_1_358' title='bbox 1752 3947 1885 4002; x_wconf 87' lang='lat' dir='ltr'><strong>dite.</strong></span> 
     </span>
    </p>
   </div>
   <div class='ocr_carea' id='block_1_187' title="bbox 1489 4017 2740 4106">
    <p class='ocr_par' dir='ltr' id='par_1_187' title="bbox 1489 4017 2740 4106">
     <span class='ocr_line' id='line_1_237' title="bbox 1489 4017 2740 4106; baseline 0.013 -1"><span class='ocrx_word' id='word_1_359' title='bbox 1489 4017 1618 4106; x_wconf 64' lang='lat'><strong>6;:</strong></span> <span class='ocrx_word' id='word_1_360' title='bbox 1649 4018 1854 4106; x_wconf 54' lang='lat' dir='ltr'><strong>Qasss</strong></span> <span class='ocrx_word' id='word_1_361' title='bbox 1881 4022 2088 4106; x_wconf 58' lang='lat' dir='ltr'><strong>sancte</strong></span> <span class='ocrx_word' id='word_1_362' title='bbox 2113 4017 2740 4106; x_wconf 44' lang='lat' dir='ltr'><strong>virtstssalntercadite&#39;</strong></span> 
     </span>
    </p>
   </div>
   <div class='ocr_carea' id='block_1_188' title="bbox 1491 4089 2740 4176">
    <p class='ocr_par' dir='ltr' id='par_1_188' title="bbox 1491 4089 2740 4176">
     <span class='ocr_line' id='line_1_238' title="bbox 1491 4089 2740 4176; baseline 0.002 -26"><span class='ocrx_word' id='word_1_363' title='bbox 1651 4089 1861 4176; x_wconf 63' lang='lat' dir='ltr'><strong>Omnes</strong></span> <span class='ocrx_word' id='word_1_364' title='bbox 1901 4094 2105 4146; x_wconf 63' lang='lat' dir='ltr'><strong>sancta:</strong></span> <span class='ocrx_word' id='word_1_365' title='bbox 2146 4089 2468 4165; x_wconf 74' lang='lat' dir='ltr'><strong>potestates,</strong></span> <span class='ocrx_word' id='word_1_366' title='bbox 2499 4096 2740 4153; x_wconf 88' lang='lat' dir='ltr'><strong>Interce-</strong></span> 
     </span>
    </p>
   </div>
   <div class='ocr_carea' id='block_1_189' title="bbox 1488 4192 1618 4246">
    <p class='ocr_par' dir='ltr' id='par_1_189' title="bbox 1488 4192 1618 4246">
     <span class='ocr_line' id='line_1_239' title="bbox 1488 4192 1618 4246; baseline -0.008 0"><span class='ocrx_word' id='word_1_367' title='bbox 1488 4192 1618 4246; x_wconf 89' lang='lat' dir='ltr'><strong>Ora.</strong></span> 
     </span>
    </p>
   </div>
   <div class='ocr_carea' id='block_1_190' title="bbox 1490 4263 1619 4317">
    <p class='ocr_par' dir='ltr' id='par_1_190' title="bbox 1490 4263 1619 4317">
     <span class='ocr_line' id='line_1_240' title="bbox 1490 4263 1619 4317; baseline -0.008 0"><span class='ocrx_word' id='word_1_368' title='bbox 1490 4263 1619 4317; x_wconf 91' lang='lat' dir='ltr'><strong>Ora.</strong></span> 
     </span>
    </p>
   </div>
   <div class='ocr_carea' id='block_1_191' title="bbox 1490 4333 1616 4388">
    <p class='ocr_par' dir='ltr' id='par_1_191' title="bbox 1490 4333 1616 4388">
     <span class='ocr_line' id='line_1_241' title="bbox 1490 4333 1616 4388; baseline -0.024 0"><span class='ocrx_word' id='word_1_369' title='bbox 1490 4333 1616 4388; x_wconf 89' lang='lat' dir='ltr'><strong>Ora.</strong></span> 
     </span>
    </p>
   </div>
   <div class='ocr_carea' id='block_1_192' title="bbox 1492 4403 1620 4457">
    <p class='ocr_par' dir='ltr' id='par_1_192' title="bbox 1492 4403 1620 4457">
     <span class='ocr_line' id='line_1_242' title="bbox 1492 4403 1620 4457; baseline -0.008 0"><span class='ocrx_word' id='word_1_370' title='bbox 1492 4403 1620 4457; x_wconf 87' lang='lat' dir='ltr'><strong>Ora.</strong></span> 
     </span>
    </p>
   </div>
   <div class='ocr_carea' id='block_1_193' title="bbox 1490 4475 1619 4528">
    <p class='ocr_par' dir='ltr' id='par_1_193' title="bbox 1490 4475 1619 4528">
     <span class='ocr_line' id='line_1_243' title="bbox 1490 4475 1619 4528; baseline 0 0"><span class='ocrx_word' id='word_1_371' title='bbox 1490 4475 1619 4528; x_wconf 87' lang='lat' dir='ltr'><strong>Ora.</strong></span> 
     </span>
    </p>
   </div>
   <div class='ocr_carea' id='block_1_194' title="bbox 1490 4544 1619 4600">
    <p class='ocr_par' dir='ltr' id='par_1_194' title="bbox 1490 4544 1619 4600">
     <span class='ocr_line' id='line_1_244' title="bbox 1490 4544 1619 4600; baseline 0 0"><span class='ocrx_word' id='word_1_372' title='bbox 1490 4544 1619 4600; x_wconf 88' lang='lat' dir='ltr'><strong>Ora.</strong></span> 
     </span>
    </p>
   </div>
   <div class='ocr_carea' id='block_1_195' title="bbox 1489 4616 1618 4670">
    <p class='ocr_par' dir='ltr' id='par_1_195' title="bbox 1489 4616 1618 4670">
     <span class='ocr_line' id='line_1_245' title="bbox 1489 4616 1618 4670; baseline 0 0"><span class='ocrx_word' id='word_1_373' title='bbox 1489 4616 1618 4670; x_wconf 91' lang='lat' dir='ltr'><strong>Ora.</strong></span> 
     </span>
    </p>
   </div>
   <div class='ocr_carea' id='block_1_196' title="bbox 1491 4686 1618 4754">
    <p class='ocr_par' dir='ltr' id='par_1_196' title="bbox 1491 4686 1618 4754">
     <span class='ocr_line' id='line_1_246' title="bbox 1491 4686 1618 4754; baseline -0.024 -13"><span class='ocrx_word' id='word_1_374' title='bbox 1491 4686 1618 4754; x_wconf 89' lang='lat' dir='ltr'><strong>Ora,</strong></span> 
     </span>
    </p>
   </div>
   <div class='ocr_carea' id='block_1_197' title="bbox 1488 4757 1618 4812">
    <p class='ocr_par' dir='ltr' id='par_1_197' title="bbox 1488 4757 1618 4812">
     <span class='ocr_line' id='line_1_247' title="bbox 1488 4757 1618 4812; baseline -0.015 0"><span class='ocrx_word' id='word_1_375' title='bbox 1488 4757 1618 4812; x_wconf 89' lang='lat' dir='ltr'><strong>Ora.</strong></span> 
     </span>
    </p>
   </div>
   <div class='ocr_carea' id='block_1_198' title="bbox 1489 4825 1617 4882">
    <p class='ocr_par' dir='ltr' id='par_1_198' title="bbox 1489 4825 1617 4882">
     <span class='ocr_line' id='line_1_248' title="bbox 1489 4825 1617 4882; baseline 0.023 -3"><span class='ocrx_word' id='word_1_376' title='bbox 1489 4825 1617 4882; x_wconf 87' lang='lat' dir='ltr'><strong>Ora.</strong></span> 
     </span>
    </p>
   </div>
   <div class='ocr_carea' id='block_1_199' title="bbox 1489 4897 1617 4952">
    <p class='ocr_par' dir='ltr' id='par_1_199' title="bbox 1489 4897 1617 4952">
     <span class='ocr_line' id='line_1_249' title="bbox 1489 4897 1617 4952; baseline 0 0"><span class='ocrx_word' id='word_1_377' title='bbox 1489 4897 1617 4952; x_wconf 87' lang='lat' dir='ltr'><strong>Ora.</strong></span> 
     </span>
    </p>
   </div>
   <div class='ocr_carea' id='block_1_200' title="bbox 1488 4967 1616 5022">
    <p class='ocr_par' dir='ltr' id='par_1_200' title="bbox 1488 4967 1616 5022">
     <span class='ocr_line' id='line_1_250' title="bbox 1488 4967 1616 5022; baseline 0 -1"><span class='ocrx_word' id='word_1_378' title='bbox 1488 4967 1616 5022; x_wconf 82' lang='lat' dir='ltr'><strong>Ora.</strong></span> 
     </span>
    </p>
   </div>
   <div class='ocr_carea' id='block_1_201' title="bbox 1489 5037 1616 5095">
    <p class='ocr_par' dir='ltr' id='par_1_201' title="bbox 1489 5037 1616 5095">
     <span class='ocr_line' id='line_1_251' title="bbox 1489 5037 1616 5095; baseline 0.024 -3"><span class='ocrx_word' id='word_1_379' title='bbox 1489 5037 1616 5095; x_wconf 87' lang='lat' dir='ltr'><strong>Ora.</strong></span> 
     </span>
    </p>
   </div>
   <div class='ocr_carea' id='block_1_202' title="bbox 1485 5108 1615 5165">
    <p class='ocr_par' dir='ltr' id='par_1_202' title="bbox 1485 5108 1615 5165">
     <span class='ocr_line' id='line_1_252' title="bbox 1485 5108 1615 5165; baseline 0.015 -2"><span class='ocrx_word' id='word_1_380' title='bbox 1485 5108 1615 5165; x_wconf 88' lang='lat' dir='ltr'><strong>Ora.</strong></span> 
     </span>
    </p>
   </div>
   <div class='ocr_carea' id='block_1_203' title="bbox 1487 5179 1616 5236">
    <p class='ocr_par' dir='ltr' id='par_1_203' title="bbox 1487 5179 1616 5236">
     <span class='ocr_line' id='line_1_253' title="bbox 1487 5179 1616 5236; baseline 0.023 -3"><span class='ocrx_word' id='word_1_381' title='bbox 1487 5179 1616 5236; x_wconf 85' lang='lat' dir='ltr'><strong>Ora.</strong></span> 
     </span>
    </p>
   </div>
   <div class='ocr_carea' id='block_1_204' title="bbox 1487 5250 1615 5307">
    <p class='ocr_par' dir='ltr' id='par_1_204' title="bbox 1487 5250 1615 5307">
     <span class='ocr_line' id='line_1_254' title="bbox 1487 5250 1615 5307; baseline 0.023 -4"><span class='ocrx_word' id='word_1_382' title='bbox 1487 5250 1615 5307; x_wconf 90' lang='lat' dir='ltr'><strong>Ora.</strong></span> 
     </span>
    </p>
   </div>
   <div class='ocr_carea' id='block_1_205' title="bbox 1486 5322 1614 5378">
    <p class='ocr_par' dir='ltr' id='par_1_205' title="bbox 1486 5322 1614 5378">
     <span class='ocr_line' id='line_1_255' title="bbox 1486 5322 1614 5378; baseline 0.023 -4"><span class='ocrx_word' id='word_1_383' title='bbox 1486 5322 1614 5378; x_wconf 87' lang='lat' dir='ltr'><strong>Ora.</strong></span> 
     </span>
    </p>
   </div>
   <div class='ocr_carea' id='block_1_206' title="bbox 1481 5391 1612 5450">
    <p class='ocr_par' dir='ltr' id='par_1_206' title="bbox 1481 5391 1612 5450">
     <span class='ocr_line' id='line_1_256' title="bbox 1481 5391 1612 5450; baseline 0.046 -6"><span class='ocrx_word' id='word_1_384' title='bbox 1481 5391 1612 5450; x_wconf 86' lang='lat' dir='ltr'><strong>Ora.</strong></span> 
     </span>
    </p>
   </div>
   <div class='ocr_carea' id='block_1_207' title="bbox 1484 5462 1610 5520">
    <p class='ocr_par' dir='ltr' id='par_1_207' title="bbox 1484 5462 1610 5520">
     <span class='ocr_line' id='line_1_257' title="bbox 1484 5462 1610 5520; baseline 0.032 -4"><span class='ocrx_word' id='word_1_385' title='bbox 1484 5462 1610 5520; x_wconf 90' lang='lat' dir='ltr'><strong>Ora.</strong></span> 
     </span>
    </p>
   </div>
   <div class='ocr_carea' id='block_1_208' title="bbox 525 5527 1612 5604">
    <p class='ocr_par' dir='ltr' id='par_1_208' title="bbox 525 5527 1612 5604">
     <span class='ocr_line' id='line_1_258' title="bbox 525 5527 1612 5604; baseline 0.006 -24"><span class='ocrx_word' id='word_1_386' title='bbox 525 5527 730 5604; x_wconf 86' lang='lat' dir='ltr'><strong>Omnes</strong></span> <span class='ocrx_word' id='word_1_387' title='bbox 779 5529 954 5584; x_wconf 87' lang='lat' dir='ltr'><strong>sancti</strong></span> <span class='ocrx_word' id='word_1_388' title='bbox 987 5529 1161 5604; x_wconf 81' lang='lat' dir='ltr'><strong>_chori</strong></span> <span class='ocrx_word' id='word_1_389' title='bbox 1211 5529 1612 5604; x_wconf 87' lang='lat' dir='ltr'><strong>confessorum,</strong></span> 
     </span>
    </p>
   </div>
   <div class='ocr_carea' id='block_1_209' title="bbox 595 5599 1092 5671">
    <p class='ocr_par' dir='ltr' id='par_1_209' title="bbox 595 5599 1092 5671">
     <span class='ocr_line' id='line_1_259' title="bbox 595 5599 1092 5671; baseline 0.002 -19"><span class='ocrx_word' id='word_1_390' title='bbox 595 5603 750 5655; x_wconf 85' lang='lat' dir='ltr'><strong>orate</strong></span> <span class='ocrx_word' id='word_1_391' title='bbox 779 5617 882 5671; x_wconf 91' lang='lat' dir='ltr'><strong>pro</strong></span> <span class='ocrx_word' id='word_1_392' title='bbox 911 5599 1092 5654; x_wconf 90' lang='lat' dir='ltr'><strong>nobis.</strong></span> 
     </span>
    </p>
   </div>
   <div class='ocr_carea' id='block_1_210' title="bbox 853 5687 1270 5756">
    <p class='ocr_par' dir='ltr' id='par_1_210' title="bbox 853 5687 1270 5756">
     <span class='ocr_line' id='line_1_260' title="bbox 853 5687 1270 5756; baseline -0.01 -12"><span class='ocrx_word' id='word_1_393' title='bbox 853 5692 928 5744; x_wconf 86' lang='lat' dir='ltr'><strong>De</strong></span> <span class='ocrx_word' id='word_1_394' title='bbox 951 5687 1270 5756; x_wconf 73' lang='lat' dir='ltr'><strong>virginibus.</strong></span> 
     </span>
    </p>
   </div>
   <div class='ocr_carea' id='block_1_211' title="bbox 521 5774 1540 5846">
    <p class='ocr_par' dir='ltr' id='par_1_211' title="bbox 521 5774 1540 5846">
     <span class='ocr_line' id='line_1_261' title="bbox 521 5774 1540 5846; baseline -0.001 -15"><span class='ocrx_word' id='word_1_395' title='bbox 521 5778 721 5832; x_wconf 87' lang='lat' dir='ltr'><strong>Sancta</strong></span> <span class='ocrx_word' id='word_1_396' title='bbox 743 5776 916 5833; x_wconf 77' lang='lat' dir='ltr'><strong>Maria</strong></span> <span class='ocrx_word' id='word_1_397' title='bbox 946 5774 1088 5844; x_wconf 86' lang='lat' dir='ltr'><strong>(ter),</strong></span> <span class='ocrx_word' id='word_1_398' title='bbox 1118 5791 1214 5829; x_wconf 91' lang='lat' dir='ltr'><strong>ora</strong></span> <span class='ocrx_word' id='word_1_399' title='bbox 1241 5791 1343 5846; x_wconf 85' lang='lat' dir='ltr'><strong>pro</strong></span> <span class='ocrx_word' id='word_1_400' title='bbox 1361 5777 1540 5832; x_wconf 86' lang='lat' dir='ltr'><strong>nobis.</strong></span> 
     </span>
    </p>
   </div>
   <div class='ocr_carea' id='block_1_212' title="bbox 521 5848 896 5914">
    <p class='ocr_par' dir='ltr' id='par_1_212' title="bbox 521 5848 896 5914">
     <span class='ocr_line' id='line_1_262' title="bbox 521 5848 896 5914; baseline -0.003 -12"><span class='ocrx_word' id='word_1_401' title='bbox 619 5848 896 5914; x_wconf 76' lang='lat' dir='ltr'><strong>Felicitas,</strong></span> 
     </span>
    </p>
   </div>
   <div class='ocr_carea' id='block_1_213' title="bbox 1483 5849 1610 5906">
    <p class='ocr_par' dir='ltr' id='par_1_213' title="bbox 1483 5849 1610 5906">
     <span class='ocr_line' id='line_1_263' title="bbox 1483 5849 1610 5906; baseline 0 0"><span class='ocrx_word' id='word_1_402' title='bbox 1483 5849 1610 5906; x_wconf 89' lang='lat' dir='ltr'><strong>Ora.</strong></span> 
     </span>
    </p>
   </div>
   <div class='ocr_carea' id='block_1_214' title="bbox 1755 4154 1890 4214">
    <p class='ocr_par' dir='ltr' id='par_1_214' title="bbox 1755 4154 1890 4214">
     <span class='ocr_line' id='line_1_264' title="bbox 1755 4154 1890 4214; baseline 0.015 -2"><span class='ocrx_word' id='word_1_403' title='bbox 1755 4154 1890 4214; x_wconf 88' lang='lat' dir='ltr'><strong>dite.</strong></span> 
     </span>
    </p>
   </div>
   <div class='ocr_carea' id='block_1_215' title="bbox 1685 4229 2742 4306">
    <p class='ocr_par' dir='ltr' id='par_1_215' title="bbox 1685 4229 2742 4306">
     <span class='ocr_line' id='line_1_265' title="bbox 1685 4229 2742 4306; baseline 0.009 -22"><span class='ocrx_word' id='word_1_404' title='bbox 1685 4229 1895 4306; x_wconf 77' lang='lat' dir='ltr'><strong>Omnes</strong></span> <span class='ocrx_word' id='word_1_405' title='bbox 1930 4231 2106 4286; x_wconf 90' lang='lat' dir='ltr'><strong>sancti</strong></span> <span class='ocrx_word' id='word_1_406' title='bbox 2147 4232 2516 4306; x_wconf 85' lang='lat' dir='ltr'><strong>principatus,</strong></span> <span class='ocrx_word' id='word_1_407' title='bbox 2565 4237 2742 4293; x_wconf 86' lang='lat' dir='ltr'><strong>[nter-</strong></span> 
     </span>
    </p>
   </div>
   <div class='ocr_carea' id='block_1_216' title="bbox 1758 4301 1956 4355">
    <p class='ocr_par' dir='ltr' id='par_1_216' title="bbox 1758 4301 1956 4355">
     <span class='ocr_line' id='line_1_266' title="bbox 1758 4301 1956 4355; baseline 0.015 -3"><span class='ocrx_word' id='word_1_408' title='bbox 1758 4301 1956 4355; x_wconf 88' lang='lat' dir='ltr'><strong>cedite.</strong></span> 
     </span>
    </p>
   </div>
   <div class='ocr_carea' id='block_1_217' title="bbox 1685 4371 2744 4446">
    <p class='ocr_par' dir='ltr' id='par_1_217' title="bbox 1685 4371 2744 4446">
     <span class='ocr_line' id='line_1_267' title="bbox 1685 4371 2744 4446; baseline 0.012 -24"><span class='ocrx_word' id='word_1_409' title='bbox 1685 4371 1890 4446; x_wconf 89' lang='lat' dir='ltr'><strong>Omnes</strong></span> <span class='ocrx_word' id='word_1_410' title='bbox 1923 4377 2138 4446; x_wconf 64' lang='lat' dir='ltr'><strong>sanctae</strong></span> <span class='ocrx_word' id='word_1_411' title='bbox 2185 4373 2614 4446; x_wconf 85' lang='lat' dir='ltr'><strong>dominationes,</strong></span> <span class='ocrx_word' id='word_1_412' title='bbox 2661 4381 2744 4434; x_wconf 88' lang='lat' dir='ltr'><strong>ln-</strong></span> 
     </span>
    </p>
   </div>
   <div class='ocr_carea' id='block_1_218' title="bbox 1757 4442 2038 4496">
    <p class='ocr_par' dir='ltr' id='par_1_218' title="bbox 1757 4442 2038 4496">
     <span class='ocr_line' id='line_1_268' title="bbox 1757 4442 2038 4496; baseline 0.007 -2"><span class='ocrx_word' id='word_1_413' title='bbox 1757 4442 2038 4496; x_wconf 89' lang='lat' dir='ltr'><strong>tercedite.</strong></span> 
     </span>
    </p>
   </div>
   <div class='ocr_carea' id='block_1_219' title="bbox 1687 4511 2740 4584">
    <p class='ocr_par' dir='ltr' id='par_1_219' title="bbox 1687 4511 2740 4584">
     <span class='ocr_line' id='line_1_269' title="bbox 1687 4511 2740 4584; baseline 0.012 -21"><span class='ocrx_word' id='word_1_414' title='bbox 1687 4511 1896 4584; x_wconf 90' lang='lat' dir='ltr'><strong>Omnes</strong></span> <span class='ocrx_word' id='word_1_415' title='bbox 1929 4513 2103 4567; x_wconf 90' lang='lat' dir='ltr'><strong>sancti</strong></span> <span class='ocrx_word' id='word_1_416' title='bbox 2137 4514 2348 4584; x_wconf 81' lang='lat' dir='ltr'><strong>throni,</strong></span> <span class='ocrx_word' id='word_1_417' title='bbox 2391 4519 2740 4576; x_wconf 85' lang='lat' dir='ltr'><strong>Intercedite.</strong></span> 
     </span>
    </p>
   </div>
   <div class='ocr_carea' id='block_1_220' title="bbox 1685 4581 2745 4706">
    <p class='ocr_par' dir='ltr' id='par_1_220' title="bbox 1685 4581 2745 4706">
     <span class='ocr_line' id='line_1_270' title="bbox 1685 4581 2745 4706; baseline 0.013 -72"><span class='ocrx_word' id='word_1_418' title='bbox 1685 4581 1891 4706; x_wconf 60' lang='lat' dir='ltr'><strong>0miqu</strong></span> <span class='ocrx_word' id='word_1_419' title='bbox 1937 4584 2111 4639; x_wconf 90' lang='lat' dir='ltr'><strong>sancti</strong></span> <span class='ocrx_word' id='word_1_420' title='bbox 2149 4581 2462 4660; x_wconf 81' lang='lat' dir='ltr'><strong>cherubim,</strong></span> <span class='ocrx_word' id='word_1_421' title='bbox 2506 4591 2745 4648; x_wconf 88' lang='lat' dir='ltr'><strong>Interce-</strong></span> 
     </span>
     <span class='ocr_line' id='line_1_271' title="bbox 1797 4669 1893 4706; baseline 0.01 -1"><span class='ocrx_word' id='word_1_422' title='bbox 1797 4669 1814 4705; x_wconf 86' lang='grc' dir='ltr'>ι</span> <span class='ocrx_word' id='word_1_423' title='bbox 1843 4669 1893 4706; x_wconf 90' lang='lat' dir='ltr'><strong>e.</strong></span> 
     </span>
    </p>
   </div>
   <div class='ocr_carea' id='block_1_221' title="bbox 1797 4669 1893 4706">
    <p class='ocr_par' dir='ltr' id='par_1_221' title="bbox 1797 4669 1893 4706">
     <span class='ocr_line' id='line_1_272' title="bbox 1797 4669 1893 4706; baseline 0.01 -1"><span class='ocrx_word' id='word_1_424' title='bbox 1797 4669 1893 4706; x_wconf 78' lang='grc' dir='ltr'><strong>ιῐϐ.</strong></span> 
     </span>
    </p>
   </div>
   <div class='ocr_carea' id='block_1_222' title="bbox 1685 4721 2742 4801">
    <p class='ocr_par' dir='ltr' id='par_1_222' title="bbox 1685 4721 2742 4801">
     <span class='ocr_line' id='line_1_273' title="bbox 1685 4721 2742 4801; baseline 0.013 -25"><span class='ocrx_word' id='word_1_425' title='bbox 1685 4721 1892 4801; x_wconf 78' lang='lat' dir='ltr'><strong>Omnes</strong></span> <span class='ocrx_word' id='word_1_426' title='bbox 1931 4726 2110 4780; x_wconf 87' lang='lat' dir='ltr'><strong>sancti</strong></span> <span class='ocrx_word' id='word_1_427' title='bbox 2149 4727 2458 4801; x_wconf 88' lang='lat' dir='ltr'><strong>seraphim,</strong></span> <span class='ocrx_word' id='word_1_428' title='bbox 2505 4731 2742 4790; x_wconf 85' lang='lat' dir='ltr'><strong>[nterce-</strong></span> 
     </span>
    </p>
   </div>
   <div class='ocr_carea' id='block_1_223' title="bbox 1758 4793 1893 4848">
    <p class='ocr_par' dir='ltr' id='par_1_223' title="bbox 1758 4793 1893 4848">
     <span class='ocr_line' id='line_1_274' title="bbox 1758 4793 1893 4848; baseline 0.015 -2"><span class='ocrx_word' id='word_1_429' title='bbox 1758 4793 1893 4848; x_wconf 92' lang='lat' dir='ltr'><strong>dite.</strong></span> 
     </span>
    </p>
   </div>
   <div class='ocr_carea' id='block_1_224' title="bbox 1685 4863 2742 4938">
    <p class='ocr_par' dir='ltr' id='par_1_224' title="bbox 1685 4863 2742 4938">
     <span class='ocr_line' id='line_1_275' title="bbox 1685 4863 2742 4938; baseline 0.013 -23"><span class='ocrx_word' id='word_1_430' title='bbox 1685 4863 1892 4938; x_wconf 75' lang='lat' dir='ltr'><strong>Omnes</strong></span> <span class='ocrx_word' id='word_1_431' title='bbox 1937 4865 2114 4919; x_wconf 89' lang='lat' dir='ltr'><strong>sancti</strong></span> <span class='ocrx_word' id='word_1_432' title='bbox 2163 4867 2520 4938; x_wconf 66' lang='lat' dir='ltr'><strong>patriarchas,</strong></span> <span class='ocrx_word' id='word_1_433' title='bbox 2571 4873 2742 4929; x_wconf 79' lang='lat' dir='ltr'><strong>Inter-</strong></span> 
     </span>
    </p>
   </div>
   <div class='ocr_carea' id='block_1_225' title="bbox 1755 4934 1955 4990">
    <p class='ocr_par' dir='ltr' id='par_1_225' title="bbox 1755 4934 1955 4990">
     <span class='ocr_line' id='line_1_276' title="bbox 1755 4934 1955 4990; baseline 0.02 -4"><span class='ocrx_word' id='word_1_434' title='bbox 1755 4934 1955 4990; x_wconf 87' lang='lat' dir='ltr'><strong>cedite.</strong></span> 
     </span>
    </p>
   </div>
   <div class='ocr_carea' id='block_1_226' title="bbox 1681 5003 2738 5129">
    <p class='ocr_par' dir='ltr' id='par_1_226' title="bbox 1681 5003 2738 5129">
     <span class='ocr_line' id='line_1_277' title="bbox 1681 5003 2738 5129; baseline 0.013 -72"><span class='ocrx_word' id='word_1_435' title='bbox 1681 5003 1886 5129; x_wconf 52' lang='lat' dir='ltr'><strong>Onéntes</strong></span> <span class='ocrx_word' id='word_1_436' title='bbox 1929 5007 2103 5061; x_wconf 88' lang='lat' dir='ltr'><strong>sancti</strong></span> <span class='ocrx_word' id='word_1_437' title='bbox 2144 5009 2456 5081; x_wconf 69' lang='lat' dir='ltr'><strong>prophetze,</strong></span> <span class='ocrx_word' id='word_1_438' title='bbox 2497 5013 2738 5072; x_wconf 90' lang='lat' dir='ltr'><strong>Interce-</strong></span> 
     </span>
     <span class='ocr_line' id='line_1_278' title="bbox 1793 5091 1888 5129; baseline 0 0"><span class='ocrx_word' id='word_1_439' title='bbox 1793 5091 1888 5129; x_wconf 81' lang='lat' dir='ltr'><strong>ie.</strong></span> 
     </span>
    </p>
   </div>
   <div class='ocr_carea' id='block_1_227' title="bbox 1793 5091 1888 5130">
    <p class='ocr_par' dir='ltr' id='par_1_227' title="bbox 1793 5091 1888 5130">
     <span class='ocr_line' id='line_1_279' title="bbox 1793 5091 1888 5130; baseline 0.011 -1"><span class='ocrx_word' id='word_1_440' title='bbox 1793 5091 1888 5130; x_wconf 80' lang='lat' dir='ltr'><strong>ue.</strong></span> 
     </span>
    </p>
   </div>
   <div class='ocr_carea' id='block_1_228' title="bbox 1681 5145 2738 5220">
    <p class='ocr_par' dir='ltr' id='par_1_228' title="bbox 1681 5145 2738 5220">
     <span class='ocr_line' id='line_1_280' title="bbox 1681 5145 2738 5220; baseline 0.012 -21"><span class='ocrx_word' id='word_1_441' title='bbox 1681 5145 1888 5220; x_wconf 89' lang='lat' dir='ltr'><strong>Omnes</strong></span> <span class='ocrx_word' id='word_1_442' title='bbox 1914 5149 2090 5202; x_wconf 87' lang='lat' dir='ltr'><strong>sancti</strong></span> <span class='ocrx_word' id='word_1_443' title='bbox 2105 5151 2362 5220; x_wconf 88' lang='lat' dir='ltr'><strong>apostoli,</strong></span> <span class='ocrx_word' id='word_1_444' title='bbox 2388 5153 2738 5212; x_wconf 89' lang='lat' dir='ltr'><strong>lntercedite.</strong></span> 
     </span>
    </p>
   </div>
   <div class='ocr_carea' id='block_1_229' title="bbox 1683 5217 2742 5292">
    <p class='ocr_par' dir='ltr' id='par_1_229' title="bbox 1683 5217 2742 5292">
     <span class='ocr_line' id='line_1_281' title="bbox 1683 5217 2742 5292; baseline 0.012 -22"><span class='ocrx_word' id='word_1_445' title='bbox 1683 5217 1888 5292; x_wconf 82' lang='lat' dir='ltr'><strong>omnes</strong></span> <span class='ocrx_word' id='word_1_446' title='bbox 1935 5220 2110 5276; x_wconf 88' lang='lat' dir='ltr'><strong>sancti</strong></span> <span class='ocrx_word' id='word_1_447' title='bbox 2139 5217 2447 5292; x_wconf 52' lang='lat' dir='ltr'><strong>_martyres,</strong></span> <span class='ocrx_word' id='word_1_448' title='bbox 2505 5227 2742 5283; x_wconf 84' lang='lat' dir='ltr'><strong>Interce-</strong></span> 
     </span>
    </p>
   </div>
   <div class='ocr_carea' id='block_1_230' title="bbox 1754 5289 1891 5344">
    <p class='ocr_par' dir='ltr' id='par_1_230' title="bbox 1754 5289 1891 5344">
     <span class='ocr_line' id='line_1_282' title="bbox 1754 5289 1891 5344; baseline 0.022 -3"><span class='ocrx_word' id='word_1_449' title='bbox 1754 5289 1891 5344; x_wconf 92' lang='lat' dir='ltr'><strong>dite.</strong></span> 
     </span>
    </p>
   </div>
   <div class='ocr_carea' id='block_1_231' title="bbox 1679 5359 2742 5483">
    <p class='ocr_par' dir='ltr' id='par_1_231' title="bbox 1679 5359 2742 5483">
     <span class='ocr_line' id='line_1_283' title="bbox 1679 5359 2742 5483; baseline 0.011 -72"><span class='ocrx_word' id='word_1_450' title='bbox 1679 5359 1885 5483; x_wconf 50' lang='lat' dir='ltr'><strong>Onéntes</strong></span> <span class='ocrx_word' id='word_1_451' title='bbox 1910 5361 2086 5415; x_wconf 87' lang='lat' dir='ltr'><strong>sancti</strong></span> <span class='ocrx_word' id='word_1_452' title='bbox 2111 5363 2472 5434; x_wconf 86' lang='lat' dir='ltr'><strong>confessores,</strong></span> <span class='ocrx_word' id='word_1_453' title='bbox 2505 5367 2742 5424; x_wconf 83' lang='lat' dir='ltr'><strong>Interce-</strong></span> 
     </span>
     <span class='ocr_line' id='line_1_284' title="bbox 1793 5447 1887 5483; baseline 0 0"><span class='ocrx_word' id='word_1_454' title='bbox 1793 5448 1808 5483; x_wconf 82' lang='lat'>1</span> <span class='ocrx_word' id='word_1_455' title='bbox 1837 5447 1887 5483; x_wconf 89' lang='lat' dir='ltr'><strong>e.</strong></span> 
     </span>
    </p>
   </div>
   <div class='ocr_carea' id='block_1_232' title="bbox 1793 5430 1887 5500">
    <p class='ocr_par' dir='ltr' id='par_1_232' title="bbox 1793 5430 1887 5500">
     <span class='ocr_line' id='line_1_285' title="bbox 1793 5430 1887 5500; baseline 0.011 -17"><span class='ocrx_word' id='word_1_456' title='bbox 1793 5430 1887 5500; x_wconf 87' lang='lat' dir='ltr'><strong>ite,</strong></span> 
     </span>
    </p>
   </div>
   <div class='ocr_carea' id='block_1_233' title="bbox 1679 5501 2736 5576">
    <p class='ocr_par' dir='ltr' id='par_1_233' title="bbox 1679 5501 2736 5576">
     <span class='ocr_line' id='line_1_286' title="bbox 1679 5501 2736 5576; baseline 0.013 -24"><span class='ocrx_word' id='word_1_457' title='bbox 1679 5501 1884 5576; x_wconf 80' lang='lat' dir='ltr'><strong>Omnes</strong></span> <span class='ocrx_word' id='word_1_458' title='bbox 1895 5507 2098 5576; x_wconf 70' lang='lat' dir='ltr'><strong>sanctae</strong></span> <span class='ocrx_word' id='word_1_459' title='bbox 2111 5503 2714 5576; x_wconf 87' lang='lat' dir='ltr'><strong>virgines,lntercedite</strong></span> <span class='ocrx_word' id='word_1_460' title='bbox 2724 5551 2736 5566; x_wconf 93' lang='lat'><strong>.</strong></span> 
     </span>
    </p>
   </div>
   <div class='ocr_carea' id='block_1_234' title="bbox 1681 5571 2110 5642">
    <p class='ocr_par' dir='ltr' id='par_1_234' title="bbox 1681 5571 2110 5642">
     <span class='ocr_line' id='line_1_287' title="bbox 1681 5571 2110 5642; baseline 0.012 -20"><span class='ocrx_word' id='word_1_461' title='bbox 1681 5571 1884 5642; x_wconf 84' lang='lat' dir='ltr'><strong>Omnes</strong></span> <span class='ocrx_word' id='word_1_462' title='bbox 1915 5573 2110 5642; x_wconf 85' lang='lat' dir='ltr'><strong>sancti,</strong></span> 
     </span>
    </p>
   </div>
   <div class='ocr_carea' id='block_1_235' title="bbox 1681 5641 2736 5722">
    <p class='ocr_par' dir='ltr' id='par_1_235' title="bbox 1681 5641 2736 5722">
     <span class='ocr_line' id='line_1_288' title="bbox 1681 5641 2736 5722; baseline 0.014 -30"><span class='ocrx_word' id='word_1_463' title='bbox 1681 5641 1748 5694; x_wconf 95' lang='lat' dir='ltr'><strong>Ut</strong></span> <span class='ocrx_word' id='word_1_464' title='bbox 1777 5659 1876 5710; x_wconf 88' lang='lat' dir='ltr'><strong>per</strong></span> <span class='ocrx_word' id='word_1_465' title='bbox 1899 5648 2113 5722; x_wconf 70' lang='lat' dir='ltr'><strong>vestras</strong></span> <span class='ocrx_word' id='word_1_466' title='bbox 2141 5646 2418 5702; x_wconf 86' lang='lat' dir='ltr'><strong>orationes</strong></span> <span class='ocrx_word' id='word_1_467' title='bbox 2459 5651 2736 5722; x_wconf 85' lang='lat' dir='ltr'><strong>adipisca-</strong></span> 
     </span>
    </p>
   </div>
   <div class='ocr_carea' id='block_1_236' title="bbox 1749 5714 2738 5788">
    <p class='ocr_par' dir='ltr' id='par_1_236' title="bbox 1749 5714 2738 5788">
     <span class='ocr_line' id='line_1_289' title="bbox 1749 5714 2738 5788; baseline 0.015 -25"><span class='ocrx_word' id='word_1_468' title='bbox 1749 5727 1877 5788; x_wconf 82' lang='lat' dir='ltr'><strong>r_nur</strong></span> <span class='ocrx_word' id='word_1_469' title='bbox 1897 5714 2020 5788; x_wconf 90' lang='lat' dir='ltr'><strong>_sine</strong></span> <span class='ocrx_word' id='word_1_470' title='bbox 2047 5715 2158 5788; x_wconf 75' lang='lat' dir='ltr'><strong>fine</strong></span> <span class='ocrx_word' id='word_1_471' title='bbox 2187 5733 2428 5788; x_wconf 84' lang='lat' dir='ltr'><strong>regnum</strong></span> <span class='ocrx_word' id='word_1_472' title='bbox 2473 5714 2738 5778; x_wconf 83' lang='lat' dir='ltr'><strong>caelorum</strong></span> 
     </span>
    </p>
   </div>
   <div class='ocr_carea' id='block_1_237' title="bbox 1751 5782 2736 5860">
    <p class='ocr_par' dir='ltr' id='par_1_237' title="bbox 1751 5782 2736 5860">
     <span class='ocr_line' id='line_1_290' title="bbox 1751 5782 2736 5860; baseline 0.018 -26"><span class='ocrx_word' id='word_1_473' title='bbox 1751 5782 1986 5860; x_wconf 78' lang='lat' dir='ltr'><strong>Domino</strong></span> <span class='ocrx_word' id='word_1_474' title='bbox 2016 5782 2388 5860; x_wconf 45' lang='lat' dir='ltr'><strong>volentefper</strong></span> <span class='ocrx_word' id='word_1_475' title='bbox 2417 5794 2610 5849; x_wconf 89' lang='lat' dir='ltr'><strong>omnia</strong></span> <span class='ocrx_word' id='word_1_476' title='bbox 2639 5811 2736 5850; x_wconf 68' lang='lat' dir='ltr'><strong>sa:-</strong></span> 
     </span>
    </p>
   </div>
   <div class='ocr_carea' id='block_1_238' title="bbox 1749 5853 2261 5916">
    <p class='ocr_par' dir='ltr' id='par_1_238' title="bbox 1749 5853 2261 5916">
     <span class='ocr_line' id='line_1_291' title="bbox 1749 5853 2261 5916; baseline 0.018 -9"><span class='ocrx_word' id='word_1_477' title='bbox 1749 5853 1870 5910; x_wconf 88' lang='lat' dir='ltr'><strong>cula</strong></span> <span class='ocrx_word' id='word_1_478' title='bbox 1898 5853 2261 5916; x_wconf 13' lang='lat' dir='ltr'><strong>saeculorum».</strong></span> 
     </span>
    </p>
   </div>
   <div class='ocr_carea' id='block_1_239' title="bbox 2385 5581 2736 5636">
    <p class='ocr_par' dir='ltr' id='par_1_239' title="bbox 2385 5581 2736 5636">
     <span class='ocr_line' id='line_1_292' title="bbox 2385 5581 2736 5636; baseline 0.011 -4"><span class='ocrx_word' id='word_1_479' title='bbox 2385 5581 2736 5636; x_wconf 83' lang='lat' dir='ltr'><strong>lntercedite.</strong></span> 
     </span>
    </p>
   </div>
   <div class='ocr_carea' id='block_1_240' title="bbox 1305 382 3922 446">
    <p class='ocr_par' dir='ltr' id='par_1_240' title="bbox 1305 382 3922 446">
     <span class='ocr_line' id='line_1_293' title="bbox 1305 382 3922 446; baseline 0.002 -6"><span class='ocrx_word' id='word_1_480' title='bbox 1305 383 1636 440; x_wconf 80' lang='lat' dir='ltr'><strong>APPENDIX</strong></span> <span class='ocrx_word' id='word_1_481' title='bbox 1671 382 1760 440; x_wconf 85' lang='lat' dir='ltr'><strong>AD</strong></span> <span class='ocrx_word' id='word_1_482' title='bbox 1795 383 2016 440; x_wconf 79' lang='lat' dir='ltr'><strong>OPERA</strong></span> <span class='ocrx_word' id='word_1_483' title='bbox 2052 383 2283 442; x_wconf 65' lang='lat' dir='ltr'><strong>SANCTI</strong></span> <span class='ocrx_word' id='word_1_484' title='bbox 2320 385 2616 446; x_wconf 77' lang='lat' dir='ltr'><strong>GERMANI</strong></span> <span class='ocrx_word' id='word_1_485' title='bbox 2653 388 3079 446; x_wconf 83' lang='lat' dir='ltr'><strong>PARISIENSIS.</strong></span> <span class='ocrx_word' id='word_1_486' title='bbox 3369 419 3374 424; x_wconf 88' lang='lat'><strong>-</strong></span> <span class='ocrx_word' id='word_1_487' title='bbox 3815 393 3922 445; x_wconf 80' lang='lat'><strong>628</strong></span> 
     </span>
    </p>
   </div>
   <div class='ocr_carea' id='block_1_241' title="bbox 1487 491 1616 547">
    <p class='ocr_par' dir='ltr' id='par_1_241' title="bbox 1487 491 1616 547">
     <span class='ocr_line' id='line_1_294' title="bbox 1487 491 1616 547; baseline 0 -1"><span class='ocrx_word' id='word_1_488' title='bbox 1487 491 1616 547; x_wconf 85' lang='lat' dir='ltr'><strong>Ora.</strong></span> 
     </span>
    </p>
   </div>
   <div class='ocr_carea' id='block_1_242' title="bbox 1485 563 1620 618">
    <p class='ocr_par' dir='ltr' id='par_1_242' title="bbox 1485 563 1620 618">
     <span class='ocr_line' id='line_1_295' title="bbox 1485 563 1620 618; baseline -0.015 0"><span class='ocrx_word' id='word_1_489' title='bbox 1485 563 1620 618; x_wconf 90' lang='lat' dir='ltr'><strong>Ora.</strong></span> 
     </span>
    </p>
   </div>
   <div class='ocr_carea' id='block_1_243' title="bbox 1490 631 1620 688">
    <p class='ocr_par' dir='ltr' id='par_1_243' title="bbox 1490 631 1620 688">
     <span class='ocr_line' id='line_1_296' title="bbox 1490 631 1620 688; baseline -0.008 0"><span class='ocrx_word' id='word_1_490' title='bbox 1490 631 1620 688; x_wconf 88' lang='lat' dir='ltr'><strong>Ora.</strong></span> 
     </span>
    </p>
   </div>
   <div class='ocr_carea' id='block_1_244' title="bbox 1487 701 1616 758">
    <p class='ocr_par' dir='ltr' id='par_1_244' title="bbox 1487 701 1616 758">
     <span class='ocr_line' id='line_1_297' title="bbox 1487 701 1616 758; baseline 0.008 -2"><span class='ocrx_word' id='word_1_491' title='bbox 1487 701 1616 758; x_wconf 89' lang='lat' dir='ltr'><strong>Ora.</strong></span> 
     </span>
    </p>
   </div>
   <div class='ocr_carea' id='block_1_245' title="bbox 1489 773 1619 828">
    <p class='ocr_par' dir='ltr' id='par_1_245' title="bbox 1489 773 1619 828">
     <span class='ocr_line' id='line_1_298' title="bbox 1489 773 1619 828; baseline 0 -1"><span class='ocrx_word' id='word_1_492' title='bbox 1489 773 1619 828; x_wconf 91' lang='lat' dir='ltr'><strong>Ora.</strong></span> 
     </span>
    </p>
   </div>
   <div class='ocr_carea' id='block_1_246' title="bbox 1490 850 1618 906">
    <p class='ocr_par' dir='ltr' id='par_1_246' title="bbox 1490 850 1618 906">
     <span class='ocr_line' id='line_1_299' title="bbox 1490 850 1618 906; baseline -0.008 0"><span class='ocrx_word' id='word_1_493' title='bbox 1490 850 1618 906; x_wconf 67' lang='lat' dir='ltr'><strong>Ora.</strong></span> 
     </span>
    </p>
   </div>
   <div class='ocr_carea' id='block_1_247' title="bbox 1483 921 1612 976">
    <p class='ocr_par' dir='ltr' id='par_1_247' title="bbox 1483 921 1612 976">
     <span class='ocr_line' id='line_1_300' title="bbox 1483 921 1612 976; baseline -0.023 0"><span class='ocrx_word' id='word_1_494' title='bbox 1483 921 1612 976; x_wconf 87' lang='lat' dir='ltr'><strong>Ora.</strong></span> 
     </span>
    </p>
   </div>
   <div class='ocr_carea' id='block_1_248' title="bbox 1484 989 1616 1045">
    <p class='ocr_par' dir='ltr' id='par_1_248' title="bbox 1484 989 1616 1045">
     <span class='ocr_line' id='line_1_301' title="bbox 1484 989 1616 1045; baseline -0.03 0"><span class='ocrx_word' id='word_1_495' title='bbox 1484 989 1616 1045; x_wconf 91' lang='lat' dir='ltr'><strong>Ora.</strong></span> 
     </span>
    </p>
   </div>
   <div class='ocr_carea' id='block_1_249' title="bbox 1483 1061 1616 1115">
    <p class='ocr_par' dir='ltr' id='par_1_249' title="bbox 1483 1061 1616 1115">
     <span class='ocr_line' id='line_1_302' title="bbox 1483 1061 1616 1115; baseline -0.03 -1"><span class='ocrx_word' id='word_1_496' title='bbox 1483 1061 1616 1115; x_wconf 91' lang='lat' dir='ltr'><strong>Ora.</strong></span> 
     </span>
    </p>
   </div>
   <div class='ocr_carea' id='block_1_250' title="bbox 1484 1131 1618 1186">
    <p class='ocr_par' dir='ltr' id='par_1_250' title="bbox 1484 1131 1618 1186">
     <span class='ocr_line' id='line_1_303' title="bbox 1484 1131 1618 1186; baseline -0.037 0"><span class='ocrx_word' id='word_1_497' title='bbox 1484 1131 1618 1186; x_wconf 90' lang='lat' dir='ltr'><strong>Ora.</strong></span> 
     </span>
    </p>
   </div>
   <div class='ocr_carea' id='block_1_251' title="bbox 1489 1202 1616 1256">
    <p class='ocr_par' dir='ltr' id='par_1_251' title="bbox 1489 1202 1616 1256">
     <span class='ocr_line' id='line_1_304' title="bbox 1489 1202 1616 1256; baseline 0 0"><span class='ocrx_word' id='word_1_498' title='bbox 1489 1202 1616 1256; x_wconf 84' lang='lat' dir='ltr'><strong>Ora.</strong></span> 
     </span>
    </p>
   </div>
   <div class='ocr_carea' id='block_1_252' title="bbox 1486 1272 1616 1327">
    <p class='ocr_par' dir='ltr' id='par_1_252' title="bbox 1486 1272 1616 1327">
     <span class='ocr_line' id='line_1_305' title="bbox 1486 1272 1616 1327; baseline 0 -1"><span class='ocrx_word' id='word_1_499' title='bbox 1486 1272 1616 1327; x_wconf 90' lang='lat' dir='ltr'><strong>Ora.</strong></span> 
     </span>
    </p>
   </div>
   <div class='ocr_carea' id='block_1_253' title="bbox 1483 1341 1614 1395">
    <p class='ocr_par' dir='ltr' id='par_1_253' title="bbox 1483 1341 1614 1395">
     <span class='ocr_line' id='line_1_306' title="bbox 1483 1341 1614 1395; baseline -0.008 0"><span class='ocrx_word' id='word_1_500' title='bbox 1483 1341 1614 1395; x_wconf 88' lang='lat' dir='ltr'><strong>Ora.</strong></span> 
     </span>
    </p>
   </div>
   <div class='ocr_carea' id='block_1_254' title="bbox 1489 1412 1616 1467">
    <p class='ocr_par' dir='ltr' id='par_1_254' title="bbox 1489 1412 1616 1467">
     <span class='ocr_line' id='line_1_307' title="bbox 1489 1412 1616 1467; baseline -0.016 0"><span class='ocrx_word' id='word_1_501' title='bbox 1489 1412 1616 1467; x_wconf 89' lang='lat' dir='ltr'><strong>Ora.</strong></span> 
     </span>
    </p>
   </div>
   <div class='ocr_carea' id='block_1_255' title="bbox 1487 1483 1615 1538">
    <p class='ocr_par' dir='ltr' id='par_1_255' title="bbox 1487 1483 1615 1538">
     <span class='ocr_line' id='line_1_308' title="bbox 1487 1483 1615 1538; baseline 0 -1"><span class='ocrx_word' id='word_1_502' title='bbox 1487 1483 1615 1538; x_wconf 89' lang='lat' dir='ltr'><strong>Ora.</strong></span> 
     </span>
    </p>
   </div>
   <div class='ocr_carea' id='block_1_256' title="bbox 1489 1553 1616 1608">
    <p class='ocr_par' dir='ltr' id='par_1_256' title="bbox 1489 1553 1616 1608">
     <span class='ocr_line' id='line_1_309' title="bbox 1489 1553 1616 1608; baseline 0 0"><span class='ocrx_word' id='word_1_503' title='bbox 1489 1553 1616 1608; x_wconf 89' lang='lat' dir='ltr'><strong>Ora.</strong></span> 
     </span>
    </p>
   </div>
   <div class='ocr_carea' id='block_1_257' title="bbox 1484 1624 1612 1677">
    <p class='ocr_par' dir='ltr' id='par_1_257' title="bbox 1484 1624 1612 1677">
     <span class='ocr_line' id='line_1_310' title="bbox 1484 1624 1612 1677; baseline 0 0"><span class='ocrx_word' id='word_1_504' title='bbox 1484 1624 1612 1677; x_wconf 90' lang='lat' dir='ltr'><strong>Ora.</strong></span> 
     </span>
    </p>
   </div>
   <div class='ocr_carea' id='block_1_258' title="bbox 1485 1694 1615 1747">
    <p class='ocr_par' dir='ltr' id='par_1_258' title="bbox 1485 1694 1615 1747">
     <span class='ocr_line' id='line_1_311' title="bbox 1485 1694 1615 1747; baseline 0 0"><span class='ocrx_word' id='word_1_505' title='bbox 1485 1694 1615 1747; x_wconf 92' lang='lat' dir='ltr'><strong>Ora.</strong></span> 
     </span>
    </p>
   </div>
   <div class='ocr_carea' id='block_1_259' title="bbox 1485 1764 1616 1818">
    <p class='ocr_par' dir='ltr' id='par_1_259' title="bbox 1485 1764 1616 1818">
     <span class='ocr_line' id='line_1_312' title="bbox 1485 1764 1616 1818; baseline 0 0"><span class='ocrx_word' id='word_1_506' title='bbox 1485 1764 1616 1818; x_wconf 88' lang='lat' dir='ltr'><strong>Ora.</strong></span> 
     </span>
    </p>
   </div>
   <div class='ocr_carea' id='block_1_260' title="bbox 1409 1833 1618 1906">
    <p class='ocr_par' dir='ltr' id='par_1_260' title="bbox 1409 1833 1618 1906">
     <span class='ocr_line' id='line_1_313' title="bbox 1409 1833 1618 1906; baseline 0.024 -21"><span class='ocrx_word' id='word_1_507' title='bbox 1409 1891 1416 1906; x_wconf 28' lang='grc' dir='ltr'><strong>ἱ</strong></span> <span class='ocrx_word' id='word_1_508' title='bbox 1487 1833 1618 1906; x_wconf 89' lang='lat' dir='ltr'><strong>Ora.</strong></span> 
     </span>
    </p>
   </div>
   <div class='ocr_carea' id='block_1_261' title="bbox 1489 1905 1616 1958">
    <p class='ocr_par' dir='ltr' id='par_1_261' title="bbox 1489 1905 1616 1958">
     <span class='ocr_line' id='line_1_314' title="bbox 1489 1905 1616 1958; baseline -0.008 0"><span class='ocrx_word' id='word_1_509' title='bbox 1489 1905 1616 1958; x_wconf 87' lang='lat' dir='ltr'><strong>Ora.</strong></span> 
     </span>
    </p>
   </div>
   <div class='ocr_carea' id='block_1_262' title="bbox 1487 1975 1615 2028">
    <p class='ocr_par' dir='ltr' id='par_1_262' title="bbox 1487 1975 1615 2028">
     <span class='ocr_line' id='line_1_315' title="bbox 1487 1975 1615 2028; baseline 0.008 -1"><span class='ocrx_word' id='word_1_510' title='bbox 1487 1975 1615 2028; x_wconf 89' lang='lat' dir='ltr'><strong>Ora.</strong></span> 
     </span>
    </p>
   </div>
   <div class='ocr_carea' id='block_1_263' title="bbox 1488 2045 1616 2098">
    <p class='ocr_par' dir='ltr' id='par_1_263' title="bbox 1488 2045 1616 2098">
     <span class='ocr_line' id='line_1_316' title="bbox 1488 2045 1616 2098; baseline -0.008 0"><span class='ocrx_word' id='word_1_511' title='bbox 1488 2045 1616 2098; x_wconf 88' lang='lat' dir='ltr'><strong>Ora.</strong></span> 
     </span>
    </p>
   </div>
   <div class='ocr_carea' id='block_1_264' title="bbox 1489 2115 1618 2168">
    <p class='ocr_par' dir='ltr' id='par_1_264' title="bbox 1489 2115 1618 2168">
     <span class='ocr_line' id='line_1_317' title="bbox 1489 2115 1618 2168; baseline -0.008 0"><span class='ocrx_word' id='word_1_512' title='bbox 1489 2115 1618 2168; x_wconf 88' lang='lat' dir='ltr'><strong>Ora.</strong></span> 
     </span>
    </p>
   </div>
   <div class='ocr_carea' id='block_1_265' title="bbox 1488 2185 1618 2239">
    <p class='ocr_par' dir='ltr' id='par_1_265' title="bbox 1488 2185 1618 2239">
     <span class='ocr_line' id='line_1_318' title="bbox 1488 2185 1618 2239; baseline -0.008 0"><span class='ocrx_word' id='word_1_513' title='bbox 1488 2185 1618 2239; x_wconf 91' lang='lat' dir='ltr'><strong>Ora.</strong></span> 
     </span>
    </p>
   </div>
   <div class='ocr_carea' id='block_1_266' title="bbox 1485 2255 1620 2309">
    <p class='ocr_par' dir='ltr' id='par_1_266' title="bbox 1485 2255 1620 2309">
     <span class='ocr_line' id='line_1_319' title="bbox 1485 2255 1620 2309; baseline 0.007 -1"><span class='ocrx_word' id='word_1_514' title='bbox 1485 2255 1594 2308; x_wconf 90' lang='lat' dir='ltr'><strong>Ora</strong></span> <span class='ocrx_word' id='word_1_515' title='bbox 1608 2296 1620 2309; x_wconf 93' lang='lat'><strong>.</strong></span> 
     </span>
    </p>
   </div>
   <div class='ocr_carea' id='block_1_267' title="bbox 1491 2326 1619 2380">
    <p class='ocr_par' dir='ltr' id='par_1_267' title="bbox 1491 2326 1619 2380">
     <span class='ocr_line' id='line_1_320' title="bbox 1491 2326 1619 2380; baseline 0 0"><span class='ocrx_word' id='word_1_516' title='bbox 1491 2326 1619 2380; x_wconf 86' lang='lat' dir='ltr'><strong>Ora.</strong></span> 
     </span>
    </p>
   </div>
   <div class='ocr_carea' id='block_1_268' title="bbox 2805 495 3924 580">
    <p class='ocr_par' dir='ltr' id='par_1_268' title="bbox 2805 495 3924 580">
     <span class='ocr_line' id='line_1_321' title="bbox 2805 495 3924 580; baseline 0.002 -28"><span class='ocrx_word' id='word_1_517' title='bbox 2805 499 3090 580; x_wconf 77' lang='lat' dir='ltr'><strong>PrOpitius</strong></span> <span class='ocrx_word' id='word_1_518' title='bbox 3131 501 3273 567; x_wconf 82' lang='lat' dir='ltr'><strong>esto,</strong></span> <span class='ocrx_word' id='word_1_519' title='bbox 3327 511 3507 567; x_wconf 82' lang='lat' dir='ltr'><strong>parce</strong></span> <span class='ocrx_word' id='word_1_520' title='bbox 3555 495 3770 568; x_wconf 88' lang='lat' dir='ltr'><strong>nobis,</strong></span> <span class='ocrx_word' id='word_1_521' title='bbox 3821 498 3924 554; x_wconf 89' lang='lat' dir='ltr'><strong>Do-</strong></span> 
     </span>
    </p>
   </div>
   <div class='ocr_carea' id='block_1_269' title="bbox 2807 586 3920 712">
    <p class='ocr_par' dir='ltr' id='par_1_269' title="bbox 2807 586 3920 712">
     <span class='ocr_line' id='line_1_322' title="bbox 3003 586 3054 624; baseline 0 0"><span class='ocrx_word' id='word_1_522' title='bbox 3003 586 3054 624; x_wconf 91' lang='lat' dir='ltr'><strong>e.</strong></span> 
     </span>
     <span class='ocr_line' id='line_1_323' title="bbox 2807 587 3920 712; baseline 0.006 -18"><span class='ocrx_word' id='word_1_523' title='bbox 2807 587 3087 712; x_wconf 52' lang='lat' dir='ltr'><strong>Prblgiliius</strong></span> <span class='ocrx_word' id='word_1_524' title='bbox 3109 643 3247 706; x_wconf 87' lang='lat' dir='ltr'><strong>esto,</strong></span> <span class='ocrx_word' id='word_1_525' title='bbox 3269 638 3454 695; x_wconf 89' lang='lat' dir='ltr'><strong>libera</strong></span> <span class='ocrx_word' id='word_1_526' title='bbox 3479 654 3614 708; x_wconf 89' lang='lat' dir='ltr'><strong>nos,</strong></span> <span class='ocrx_word' id='word_1_527' title='bbox 3635 639 3920 712; x_wconf 71' lang='lat' dir='ltr'><strong>Domine.</strong></span> 
     </span>
    </p>
   </div>
   <div class='ocr_carea' id='block_1_270' title="bbox 2803 711 3922 776">
    <p class='ocr_par' dir='ltr' id='par_1_270' title="bbox 2803 711 3922 776">
     <span class='ocr_line' id='line_1_324' title="bbox 2803 711 3922 776; baseline 0.006 -12"><span class='ocrx_word' id='word_1_528' title='bbox 2803 711 2885 764; x_wconf 89' lang='lat' dir='ltr'><strong>Ab</strong></span> <span class='ocrx_word' id='word_1_529' title='bbox 2915 711 3070 765; x_wconf 76' lang='lat' dir='ltr'><strong>Omni</strong></span> <span class='ocrx_word' id='word_1_530' title='bbox 3091 713 3265 776; x_wconf 90' lang='lat' dir='ltr'><strong>malo,</strong></span> <span class='ocrx_word' id='word_1_531' title='bbox 3679 711 3922 770; x_wconf 84' lang='lat' dir='ltr'><strong>Libera.</strong></span> 
     </span>
    </p>
   </div>
   <div class='ocr_carea' id='block_1_271' title="bbox 2807 779 3928 842">
    <p class='ocr_par' dir='ltr' id='par_1_271' title="bbox 2807 779 3928 842">
     <span class='ocr_line' id='line_1_325' title="bbox 2807 779 3928 842; baseline 0.007 -7"><span class='ocrx_word' id='word_1_532' title='bbox 2807 782 2894 836; x_wconf 88' lang='lat' dir='ltr'><strong>Ab</strong></span> <span class='ocrx_word' id='word_1_533' title='bbox 2917 783 3074 836; x_wconf 88' lang='lat' dir='ltr'><strong>omni</strong></span> <span class='ocrx_word' id='word_1_534' title='bbox 3107 779 3432 836; x_wconf 87' lang='lat' dir='ltr'><strong>immundia</strong></span> <span class='ocrx_word' id='word_1_535' title='bbox 3459 779 3664 834; x_wconf 88' lang='lat' dir='ltr'><strong>cordis</strong></span> <span class='ocrx_word' id='word_1_536' title='bbox 3693 787 3762 836; x_wconf 87' lang='lat' dir='ltr'><strong>et</strong></span> <span class='ocrx_word' id='word_1_537' title='bbox 3803 803 3928 842; x_wconf 89' lang='lat' dir='ltr'><strong>cor-</strong></span> 
     </span>
    </p>
   </div>
   <div class='ocr_carea' id='block_1_272' title="bbox 2877 851 3720 924">
    <p class='ocr_par' dir='ltr' id='par_1_272' title="bbox 2877 851 3720 924">
     <span class='ocr_line' id='line_1_326' title="bbox 2877 851 3720 924; baseline 0.001 -18"><span class='ocrx_word' id='word_1_538' title='bbox 2877 853 3052 924; x_wconf 89' lang='lat' dir='ltr'><strong>poris,</strong></span> <span class='ocrx_word' id='word_1_539' title='bbox 3073 851 3252 906; x_wconf 90' lang='lat' dir='ltr'><strong>libera</strong></span> <span class='ocrx_word' id='word_1_540' title='bbox 3277 868 3404 922; x_wconf 90' lang='lat' dir='ltr'><strong>nos,</strong></span> <span class='ocrx_word' id='word_1_541' title='bbox 3429 851 3720 924; x_wconf 83' lang='lat' dir='ltr'><strong>Domine.</strong></span> 
     </span>
    </p>
   </div>
   <div class='ocr_carea' id='block_1_273' title="bbox 2817 923 3924 993">
    <p class='ocr_par' dir='ltr' id='par_1_273' title="bbox 2817 923 3924 993">
     <span class='ocr_line' id='line_1_327' title="bbox 2817 923 3924 993; baseline 0.005 -14"><span class='ocrx_word' id='word_1_542' title='bbox 2817 927 2861 979; x_wconf 85' lang='lat' dir='ltr'><strong>A</strong></span> <span class='ocrx_word' id='word_1_543' title='bbox 2881 923 3088 978; x_wconf 65' lang='lat' dir='ltr'><strong>inorbo</strong></span> <span class='ocrx_word' id='word_1_544' title='bbox 3114 924 3287 993; x_wconf 89' lang='lat' dir='ltr'><strong>malo,</strong></span> <span class='ocrx_word' id='word_1_545' title='bbox 3677 923 3924 985; x_wconf 85' lang='lat' dir='ltr'><strong>Libera.</strong></span> 
     </span>
    </p>
   </div>
   <div class='ocr_carea' id='block_1_274' title="bbox 2809 995 3922 1058">
    <p class='ocr_par' dir='ltr' id='par_1_274' title="bbox 2809 995 3922 1058">
     <span class='ocr_line' id='line_1_328' title="bbox 2809 995 3922 1058; baseline 0.007 -10"><span class='ocrx_word' id='word_1_546' title='bbox 2809 996 2891 1048; x_wconf 90' lang='lat' dir='ltr'><strong>Ab</strong></span> <span class='ocrx_word' id='word_1_547' title='bbox 2917 995 3077 1048; x_wconf 89' lang='lat' dir='ltr'><strong>hoste</strong></span> <span class='ocrx_word' id='word_1_548' title='bbox 3103 995 3276 1058; x_wconf 90' lang='lat' dir='ltr'><strong>malo,</strong></span> <span class='ocrx_word' id='word_1_549' title='bbox 3441 1017 3450 1022; x_wconf 76' lang='lat'><strong><em>&#39;</em></strong></span> <span class='ocrx_word' id='word_1_550' title='bbox 3681 1001 3922 1056; x_wconf 87' lang='lat' dir='ltr'><strong>Libera.</strong></span> 
     </span>
    </p>
   </div>
   <div class='ocr_carea' id='block_1_275' title="bbox 2809 1063 3922 1142">
    <p class='ocr_par' dir='ltr' id='par_1_275' title="bbox 2809 1063 3922 1142">
     <span class='ocr_line' id='line_1_329' title="bbox 2809 1063 3922 1142; baseline 0.002 -23"><span class='ocrx_word' id='word_1_551' title='bbox 2809 1065 2890 1142; x_wconf 83' lang='lat' dir='ltr'><strong>Ab</strong></span> <span class='ocrx_word' id='word_1_552' title='bbox 2917 1063 3399 1142; x_wconf 82' lang='lat' dir='ltr'><strong>insidiis_diaboli_,</strong></span> <span class='ocrx_word' id='word_1_553' title='bbox 3451 1132 3462 1142; x_wconf 86' lang='lat'>_</span> <span class='ocrx_word' id='word_1_554' title='bbox 3507 1133 3517 1142; x_wconf 42' lang='lat'><em>.</em></span> <span class='ocrx_word' id='word_1_555' title='bbox 3681 1073 3922 1126; x_wconf 75' lang='lat' dir='ltr'><strong>Libera,</strong></span> 
     </span>
    </p>
   </div>
   <div class='ocr_carea' id='block_1_276' title="bbox 2808 1135 3922 1206">
    <p class='ocr_par' dir='ltr' id='par_1_276' title="bbox 2808 1135 3922 1206">
     <span class='ocr_line' id='line_1_330' title="bbox 2808 1135 3922 1206; baseline 0.005 -21"><span class='ocrx_word' id='word_1_556' title='bbox 2808 1138 2856 1190; x_wconf 83' lang='grc' dir='ltr'><strong>Α</strong></span> <span class='ocrx_word' id='word_1_557' title='bbox 2881 1135 3274 1206; x_wconf 77' lang='lat' dir='ltr'><strong>persecutione</strong></span> <span class='ocrx_word' id='word_1_558' title='bbox 3299 1135 3546 1206; x_wconf 86' lang='lat' dir='ltr'><strong>inimici,</strong></span> <span class='ocrx_word' id='word_1_559' title='bbox 3683 1143 3922 1200; x_wconf 83' lang='lat' dir='ltr'><strong>Libera.</strong></span> 
     </span>
    </p>
   </div>
   <div class='ocr_carea' id='block_1_277' title="bbox 2809 1205 3924 1276">
    <p class='ocr_par' dir='ltr' id='par_1_277' title="bbox 2809 1205 3924 1276">
     <span class='ocr_line' id='line_1_331' title="bbox 2809 1205 3924 1276; baseline 0.006 -15"><span class='ocrx_word' id='word_1_560' title='bbox 2809 1211 2852 1261; x_wconf 87' lang='lat' dir='ltr'><strong>A</strong></span> <span class='ocrx_word' id='word_1_561' title='bbox 2877 1205 3130 1276; x_wconf 87' lang='lat' dir='ltr'><strong>periculo</strong></span> <span class='ocrx_word' id='word_1_562' title='bbox 3150 1205 3380 1276; x_wconf 87' lang='lat' dir='ltr'><strong>mortis,</strong></span> <span class='ocrx_word' id='word_1_563' title='bbox 3683 1213 3924 1268; x_wconf 84' lang='lat' dir='ltr'><strong>Libera.</strong></span> 
     </span>
    </p>
   </div>
   <div class='ocr_carea' id='block_1_278' title="bbox 2809 1275 3922 1344">
    <p class='ocr_par' dir='ltr' id='par_1_278' title="bbox 2809 1275 3922 1344">
     <span class='ocr_line' id='line_1_332' title="bbox 2809 1275 3922 1344; baseline 0.007 -14"><span class='ocrx_word' id='word_1_564' title='bbox 2809 1279 2856 1330; x_wconf 86' lang='lat' dir='ltr'><strong>A</strong></span> <span class='ocrx_word' id='word_1_565' title='bbox 2880 1275 3118 1330; x_wconf 72' lang='lat' dir='ltr'><strong>ventura</strong></span> <span class='ocrx_word' id='word_1_566' title='bbox 3145 1275 3248 1344; x_wconf 89' lang='lat' dir='ltr'><strong>ira,</strong></span> <span class='ocrx_word' id='word_1_567' title='bbox 3683 1284 3922 1338; x_wconf 85' lang='lat' dir='ltr'><strong>Libera.</strong></span> 
     </span>
    </p>
   </div>
   <div class='ocr_carea' id='block_1_279' title="bbox 2813 1347 3922 1408">
    <p class='ocr_par' dir='ltr' id='par_1_279' title="bbox 2813 1347 3922 1408">
     <span class='ocr_line' id='line_1_333' title="bbox 2813 1347 3922 1408; baseline 0.007 -8"><span class='ocrx_word' id='word_1_568' title='bbox 2813 1349 2918 1400; x_wconf 89' lang='lat' dir='ltr'><strong>Per</strong></span> <span class='ocrx_word' id='word_1_569' title='bbox 2945 1347 3258 1400; x_wconf 89' lang='lat' dir='ltr'><strong>adventum</strong></span> <span class='ocrx_word' id='word_1_570' title='bbox 3297 1351 3470 1400; x_wconf 88' lang='lat' dir='ltr'><strong>tuum</strong></span> <span class='ocrx_word' id='word_1_571' title='bbox 3683 1353 3922 1408; x_wconf 91' lang='lat' dir='ltr'><strong>Libera.</strong></span> 
     </span>
    </p>
   </div>
   <div class='ocr_carea' id='block_1_280' title="bbox 2813 1416 3922 1488">
    <p class='ocr_par' dir='ltr' id='par_1_280' title="bbox 2813 1416 3922 1488">
     <span class='ocr_line' id='line_1_334' title="bbox 2813 1416 3922 1488; baseline 0.008 -18"><span class='ocrx_word' id='word_1_572' title='bbox 2813 1419 2920 1470; x_wconf 92' lang='lat' dir='ltr'><strong>Per</strong></span> <span class='ocrx_word' id='word_1_573' title='bbox 2940 1416 3302 1488; x_wconf 79' lang='lat' dir='ltr'><strong>nativitatem</strong></span> <span class='ocrx_word' id='word_1_574' title='bbox 3327 1421 3513 1488; x_wconf 87' lang='lat' dir='ltr'><strong>tuam,</strong></span> <span class='ocrx_word' id='word_1_575' title='bbox 3683 1423 3922 1479; x_wconf 89' lang='lat' dir='ltr'><strong>Libera.</strong></span> 
     </span>
    </p>
   </div>
   <div class='ocr_carea' id='block_1_281' title="bbox 2811 1487 3925 1558">
    <p class='ocr_par' dir='ltr' id='par_1_281' title="bbox 2811 1487 3925 1558">
     <span class='ocr_line' id='line_1_335' title="bbox 2811 1487 3925 1558; baseline 0.007 -16"><span class='ocrx_word' id='word_1_576' title='bbox 2811 1489 2918 1542; x_wconf 89' lang='lat' dir='ltr'><strong>Per</strong></span> <span class='ocrx_word' id='word_1_577' title='bbox 2939 1487 3288 1558; x_wconf 86' lang='lat' dir='ltr'><strong>baptismum</strong></span> <span class='ocrx_word' id='word_1_578' title='bbox 3313 1487 3508 1558; x_wconf 89' lang='lat' dir='ltr'><strong>tuum,</strong></span> <span class='ocrx_word' id='word_1_579' title='bbox 3689 1495 3925 1549; x_wconf 87' lang='lat' dir='ltr'><strong>Libera.</strong></span> 
     </span>
    </p>
   </div>
   <div class='ocr_carea' id='block_1_282' title="bbox 2811 1557 3930 1630">
    <p class='ocr_par' dir='ltr' id='par_1_282' title="bbox 2811 1557 3930 1630">
     <span class='ocr_line' id='line_1_336' title="bbox 2811 1557 3930 1630; baseline 0.01 -21"><span class='ocrx_word' id='word_1_580' title='bbox 2811 1559 2917 1630; x_wconf 88' lang='lat' dir='ltr'><strong>Per</strong></span> <span class='ocrx_word' id='word_1_581' title='bbox 2940 1557 3262 1628; x_wconf 87' lang='lat' dir='ltr'><strong>passionem</strong></span> <span class='ocrx_word' id='word_1_582' title='bbox 3287 1563 3448 1614; x_wconf 88' lang='lat' dir='ltr'><strong>tuam</strong></span> <span class='ocrx_word' id='word_1_583' title='bbox 3455 1557 3500 1630; x_wconf 25' lang='grc' dir='ltr'><strong>,ί</strong></span> <span class='ocrx_word' id='word_1_584' title='bbox 3683 1565 3900 1619; x_wconf 89' lang='lat' dir='ltr'><strong>Libera</strong></span> <span class='ocrx_word' id='word_1_585' title='bbox 3916 1607 3930 1620; x_wconf 94' lang='lat'><strong>.</strong></span> 
     </span>
    </p>
   </div>
   <div class='ocr_carea' id='block_1_283' title="bbox 2810 1629 3924 1697">
    <p class='ocr_par' dir='ltr' id='par_1_283' title="bbox 2810 1629 3924 1697">
     <span class='ocr_line' id='line_1_337' title="bbox 2810 1629 3924 1697; baseline 0.009 -16"><span class='ocrx_word' id='word_1_586' title='bbox 2810 1629 2916 1682; x_wconf 86' lang='lat' dir='ltr'><strong>Per</strong></span> <span class='ocrx_word' id='word_1_587' title='bbox 2945 1644 3171 1682; x_wconf 87' lang='lat' dir='ltr'><strong>crucem</strong></span> <span class='ocrx_word' id='word_1_588' title='bbox 3201 1633 3382 1697; x_wconf 90' lang='lat' dir='ltr'><strong>tuam,</strong></span> <span class='ocrx_word' id='word_1_589' title='bbox 3458 1629 3465 1630; x_wconf 28' lang='grc' dir='ltr'>ί</span> <span class='ocrx_word' id='word_1_590' title='bbox 3687 1636 3924 1690; x_wconf 88' lang='lat' dir='ltr'><strong>Libera.</strong></span> 
     </span>
    </p>
   </div>
   <div class='ocr_carea' id='block_1_284' title="bbox 2811 1699 3924 1775">
    <p class='ocr_par' dir='ltr' id='par_1_284' title="bbox 2811 1699 3924 1775">
     <span class='ocr_line' id='line_1_338' title="bbox 2811 1699 3924 1775; baseline 0.01 -24"><span class='ocrx_word' id='word_1_591' title='bbox 2811 1699 2917 1775; x_wconf 56' lang='lat' dir='ltr'><strong>ger</strong></span> <span class='ocrx_word' id='word_1_592' title='bbox 2941 1699 3418 1775; x_wconf 84' lang='lat' dir='ltr'><strong>resurrectionem</strong></span> <span class='ocrx_word' id='word_1_593' title='bbox 3449 1705 3651 1775; x_wconf 89' lang='lat' dir='ltr'><strong>tuam,</strong></span> <span class='ocrx_word' id='word_1_594' title='bbox 3689 1705 3924 1762; x_wconf 87' lang='lat' dir='ltr'><strong>Libera.</strong></span> 
     </span>
    </p>
   </div>
   <div class='ocr_carea' id='block_1_285' title="bbox 2811 1769 3928 1842">
    <p class='ocr_par' dir='ltr' id='par_1_285' title="bbox 2811 1769 3928 1842">
     <span class='ocr_line' id='line_1_339' title="bbox 2811 1769 3928 1842; baseline 0.011 -21"><span class='ocrx_word' id='word_1_595' title='bbox 2811 1771 2918 1842; x_wconf 73' lang='lat' dir='ltr'><strong>Per</strong></span> <span class='ocrx_word' id='word_1_596' title='bbox 2943 1769 3332 1842; x_wconf 76' lang='lat' dir='ltr'><strong>ascensionem</strong></span> <span class='ocrx_word' id='word_1_597' title='bbox 3359 1775 3550 1842; x_wconf 91' lang='lat' dir='ltr'><strong>tuam,</strong></span> <span class='ocrx_word' id='word_1_598' title='bbox 3635 1769 3647 1775; x_wconf 65' lang='grc'><strong>⁷</strong></span> <span class='ocrx_word' id='word_1_599' title='bbox 3689 1776 3928 1832; x_wconf 89' lang='lat' dir='ltr'><strong>Libera.</strong></span> 
     </span>
    </p>
   </div>
   <div class='ocr_carea' id='block_1_286' title="bbox 2812 1839 3926 1964">
    <p class='ocr_par' dir='ltr' id='par_1_286' title="bbox 2812 1839 3926 1964">
     <span class='ocr_line' id='line_1_340' title="bbox 2812 1839 3926 1964; baseline 0.008 -70"><span class='ocrx_word' id='word_1_600' title='bbox 2812 1839 3370 1964; x_wconf 59' lang='lat' dir='ltr'><strong>Pelrigescensionem</strong></span> <span class='ocrx_word' id='word_1_601' title='bbox 3399 1839 3668 1915; x_wconf 84' lang='lat' dir='ltr'><strong>Spiritus</strong></span> <span class='ocrx_word' id='word_1_602' title='bbox 3715 1849 3926 1918; x_wconf 87' lang='lat' dir='ltr'><strong>sancti,</strong></span> 
     </span>
     <span class='ocr_line' id='line_1_341' title="bbox 2985 1925 3100 1964; baseline 0 0"><span class='ocrx_word' id='word_1_603' title='bbox 2985 1925 3100 1964; x_wconf 89' lang='lat' dir='ltr'><strong>era.</strong></span> 
     </span>
    </p>
   </div>
   <div class='ocr_carea' id='block_1_287' title="bbox 2985 1925 3100 1966">
    <p class='ocr_par' dir='ltr' id='par_1_287' title="bbox 2985 1925 3100 1966">
     <span class='ocr_line' id='line_1_342' title="bbox 2985 1925 3100 1966; baseline 0.009 -1"><span class='ocrx_word' id='word_1_604' title='bbox 2985 1925 3100 1966; x_wconf 89' lang='lat' dir='ltr'><strong>era.</strong></span> 
     </span>
    </p>
   </div>
   <div class='ocr_carea' id='block_1_288' title="bbox 2811 2016 3930 2092">
    <p class='ocr_par' dir='ltr' id='par_1_288' title="bbox 2811 2016 3930 2092">
     <span class='ocr_line' id='line_1_343' title="bbox 2811 2016 3930 2092; baseline 0.011 -23"><span class='ocrx_word' id='word_1_605' title='bbox 2811 2016 3154 2084; x_wconf 88' lang='lat' dir='ltr'><strong>Peccatores,</strong></span> <span class='ocrx_word' id='word_1_606' title='bbox 3185 2021 3241 2072; x_wconf 89' lang='lat' dir='ltr'><strong>te</strong></span> <span class='ocrx_word' id='word_1_607' title='bbox 3287 2033 3600 2092; x_wconf 84' lang='lat' dir='ltr'><strong>rogamus,</strong></span> <span class='ocrx_word' id='word_1_608' title='bbox 3633 2023 3790 2080; x_wconf 89' lang='lat' dir='ltr'><strong>audi</strong></span> <span class='ocrx_word' id='word_1_609' title='bbox 3831 2041 3930 2081; x_wconf 84' lang='lat' dir='ltr'><strong>nos</strong></span> 
     </span>
    </p>
   </div>
   <div class='ocr_carea' id='block_1_289' title="bbox 2886 2105 3025 2175">
    <p class='ocr_par' dir='ltr' id='par_1_289' title="bbox 2886 2105 3025 2175">
     <span class='ocr_line' id='line_1_344' title="bbox 2886 2105 3025 2175; baseline 0 -15"><span class='ocrx_word' id='word_1_610' title='bbox 2886 2105 3025 2175; x_wconf 81' lang='lat' dir='ltr'><strong>(ter).</strong></span> 
     </span>
    </p>
   </div>
   <div class='ocr_carea' id='block_1_290' title="bbox 2813 2195 3929 2270">
    <p class='ocr_par' dir='ltr' id='par_1_290' title="bbox 2813 2195 3929 2270">
     <span class='ocr_line' id='line_1_345' title="bbox 2813 2195 3929 2270; baseline 0.013 -23"><span class='ocrx_word' id='word_1_611' title='bbox 2813 2195 2882 2248; x_wconf 90' lang='lat' dir='ltr'><strong>Ut</strong></span> <span class='ocrx_word' id='word_1_612' title='bbox 2900 2211 3098 2266; x_wconf 89' lang='lat' dir='ltr'><strong>pacem</strong></span> <span class='ocrx_word' id='word_1_613' title='bbox 3127 2197 3290 2252; x_wconf 89' lang='lat' dir='ltr'><strong>nobis</strong></span> <span class='ocrx_word' id='word_1_614' title='bbox 3315 2198 3520 2270; x_wconf 88' lang='lat' dir='ltr'><strong>dones,</strong></span> <span class='ocrx_word' id='word_1_615' title='bbox 3837 2209 3929 2262; x_wconf 85' lang='lat' dir='ltr'><strong>Te.</strong></span> 
     </span>
    </p>
   </div>
   <div class='ocr_carea' id='block_1_291' title="bbox 2817 2283 3932 2358">
    <p class='ocr_par' dir='ltr' id='par_1_291' title="bbox 2817 2283 3932 2358">
     <span class='ocr_line' id='line_1_346' title="bbox 2817 2283 3932 2358; baseline 0.013 -22"><span class='ocrx_word' id='word_1_616' title='bbox 2817 2283 2885 2337; x_wconf 91' lang='lat' dir='ltr'><strong>Ut</strong></span> <span class='ocrx_word' id='word_1_617' title='bbox 2927 2283 3100 2340; x_wconf 87' lang='lat' dir='ltr'><strong>vitam</strong></span> <span class='ocrx_word' id='word_1_618' title='bbox 3151 2291 3324 2358; x_wconf 88' lang='lat' dir='ltr'><strong>atque</strong></span> <span class='ocrx_word' id='word_1_619' title='bbox 3367 2289 3702 2349; x_wconf 83' lang='lat' dir='ltr'><strong>sanitatem</strong></span> <span class='ocrx_word' id='word_1_620' title='bbox 3763 2297 3932 2351; x_wconf 86' lang='lat' dir='ltr'><strong>nobis</strong></span> 
     </span>
    </p>
   </div>
   <div class='ocr_carea' id='block_1_292' title="bbox 2875 2374 3924 2444">
    <p class='ocr_par' dir='ltr' id='par_1_292' title="bbox 2875 2374 3924 2444">
     <span class='ocr_line' id='line_1_347' title="bbox 2875 2374 3924 2444; baseline 0.014 -17"><span class='ocrx_word' id='word_1_621' title='bbox 2875 2374 3072 2444; x_wconf 90' lang='lat' dir='ltr'><strong>dones,</strong></span> <span class='ocrx_word' id='word_1_622' title='bbox 3831 2389 3924 2442; x_wconf 89' lang='lat' dir='ltr'><strong>Te.</strong></span> 
     </span>
    </p>
   </div>
   <div class='ocr_carea' id='block_1_293' title="bbox 2815 2464 3926 2550">
    <p class='ocr_par' dir='ltr' id='par_1_293' title="bbox 2815 2464 3926 2550">
     <span class='ocr_line' id='line_1_348' title="bbox 2815 2464 3926 2550; baseline 0.012 -30"><span class='ocrx_word' id='word_1_623' title='bbox 2815 2465 2886 2520; x_wconf 91' lang='lat' dir='ltr'><strong>Ut</strong></span> <span class='ocrx_word' id='word_1_624' title='bbox 2909 2464 3072 2520; x_wconf 90' lang='lat' dir='ltr'><strong>nobis</strong></span> <span class='ocrx_word' id='word_1_625' title='bbox 3095 2466 3156 2520; x_wconf 90' lang='lat' dir='ltr'><strong>in</strong></span> <span class='ocrx_word' id='word_1_626' title='bbox 3183 2467 3350 2524; x_wconf 91' lang='lat' dir='ltr'><strong>bonis</strong></span> <span class='ocrx_word' id='word_1_627' title='bbox 3379 2471 3686 2542; x_wconf 87' lang='lat' dir='ltr'><strong>operibus</strong></span> <span class='ocrx_word' id='word_1_628' title='bbox 3733 2492 3926 2550; x_wconf 84' lang='lat' dir='ltr'><strong>persc-</strong></span> 
     </span>
    </p>
   </div>
   <div class='ocr_carea' id='block_1_294' title="bbox 2887 2555 3926 2630">
    <p class='ocr_par' dir='ltr' id='par_1_294' title="bbox 2887 2555 3926 2630">
     <span class='ocr_line' id='line_1_349' title="bbox 2887 2555 3926 2630; baseline 0.016 -23"><span class='ocrx_word' id='word_1_629' title='bbox 2887 2555 3199 2611; x_wconf 86' lang='lat' dir='ltr'><strong>verantiam</strong></span> <span class='ocrx_word' id='word_1_630' title='bbox 3223 2557 3423 2630; x_wconf 88' lang='lat' dir='ltr'><strong>dones,</strong></span> <span class='ocrx_word' id='word_1_631' title='bbox 3835 2571 3926 2624; x_wconf 89' lang='lat' dir='ltr'><strong>Te.</strong></span> 
     </span>
    </p>
   </div>
   <div class='ocr_carea' id='block_1_295' title="bbox 2816 2643 3928 2728">
    <p class='ocr_par' dir='ltr' id='par_1_295' title="bbox 2816 2643 3928 2728">
     <span class='ocr_line' id='line_1_350' title="bbox 2816 2643 3928 2728; baseline 0.014 -30"><span class='ocrx_word' id='word_1_632' title='bbox 2816 2643 2885 2698; x_wconf 88' lang='lat' dir='ltr'><strong>Ut</strong></span> <span class='ocrx_word' id='word_1_633' title='bbox 2921 2659 3024 2698; x_wconf 91' lang='lat' dir='ltr'><strong>nos</strong></span> <span class='ocrx_word' id='word_1_634' title='bbox 3065 2644 3126 2698; x_wconf 91' lang='lat' dir='ltr'><strong>in</strong></span> <span class='ocrx_word' id='word_1_635' title='bbox 3167 2661 3301 2702; x_wconf 87' lang='lat' dir='ltr'><strong>vera</strong></span> <span class='ocrx_word' id='word_1_636' title='bbox 3351 2649 3468 2706; x_wconf 84' lang='lat' dir='ltr'><strong>ﬁde</strong></span> <span class='ocrx_word' id='word_1_637' title='bbox 3509 2655 3576 2708; x_wconf 86' lang='lat' dir='ltr'><strong>et</strong></span> <span class='ocrx_word' id='word_1_638' title='bbox 3637 2657 3928 2728; x_wconf 86' lang='lat' dir='ltr'><strong>religione</strong></span> 
     </span>
    </p>
   </div>
   <div class='ocr_carea' id='block_1_296' title="bbox 2885 2738 3926 2810">
    <p class='ocr_par' dir='ltr' id='par_1_296' title="bbox 2885 2738 3926 2810">
     <span class='ocr_line' id='line_1_351' title="bbox 2885 2738 3926 2810; baseline 0.017 -22"><span class='ocrx_word' id='word_1_639' title='bbox 2885 2749 3218 2791; x_wconf 80' lang='lat' dir='ltr'><strong>conservare</strong></span> <span class='ocrx_word' id='word_1_640' title='bbox 3257 2738 3540 2810; x_wconf 85' lang='lat' dir='ltr'><strong>digneris,</strong></span> <span class='ocrx_word' id='word_1_641' title='bbox 3835 2753 3926 2806; x_wconf 90' lang='lat' dir='ltr'><strong>Te.</strong></span> 
     </span>
    </p>
   </div>
   <div class='ocr_carea' id='block_1_297' title="bbox 2805 2824 3928 2896">
    <p class='ocr_par' dir='ltr' id='par_1_297' title="bbox 2805 2824 3928 2896">
     <span class='ocr_line' id='line_1_352' title="bbox 2805 2824 3928 2896; baseline 0.019 -20"><span class='ocrx_word' id='word_1_642' title='bbox 2805 2824 2874 2878; x_wconf 91' lang='lat' dir='ltr'><strong>Ut</strong></span> <span class='ocrx_word' id='word_1_643' title='bbox 2923 2824 3218 2880; x_wconf 88' lang='lat' dir='ltr'><strong>ecclesiam</strong></span> <span class='ocrx_word' id='word_1_644' title='bbox 3279 2830 3648 2890; x_wconf 85' lang='lat' dir='ltr'><strong>catholicam</strong></span> <span class='ocrx_word' id='word_1_645' title='bbox 3699 2855 3928 2896; x_wconf 90' lang='lat' dir='ltr'><strong>conser-</strong></span> 
     </span>
    </p>
   </div>
   <div class='ocr_carea' id='block_1_298' title="bbox 2883 2913 3924 2986">
    <p class='ocr_par' dir='ltr' id='par_1_298' title="bbox 2883 2913 3924 2986">
     <span class='ocr_line' id='line_1_353' title="bbox 2883 2913 3924 2986; baseline 0.013 -21"><span class='ocrx_word' id='word_1_646' title='bbox 2883 2928 3014 2968; x_wconf 85' lang='lat' dir='ltr'><strong>vare</strong></span> <span class='ocrx_word' id='word_1_647' title='bbox 3045 2913 3322 2985; x_wconf 85' lang='lat' dir='ltr'><strong>digneris,</strong></span> <span class='ocrx_word' id='word_1_648' title='bbox 3837 2931 3924 2986; x_wconf 79' lang='lat' dir='ltr'><strong>Te.</strong></span> 
     </span>
    </p>
   </div>
   <div class='ocr_carea' id='block_1_299' title="bbox 2813 3001 3928 3083">
    <p class='ocr_par' dir='ltr' id='par_1_299' title="bbox 2813 3001 3928 3083">
     <span class='ocr_line' id='line_1_354' title="bbox 2813 3001 3928 3083; baseline 0.022 -29"><span class='ocrx_word' id='word_1_649' title='bbox 2813 3001 2883 3056; x_wconf 80' lang='lat' dir='ltr'><strong>Ut</strong></span> <span class='ocrx_word' id='word_1_650' title='bbox 2915 3018 3110 3073; x_wconf 86' lang='lat' dir='ltr'><strong>regem</strong></span> <span class='ocrx_word' id='word_1_651' title='bbox 3150 3010 3208 3060; x_wconf 93' lang='lat' dir='ltr'><strong>et</strong></span> <span class='ocrx_word' id='word_1_652' title='bbox 3255 3007 3610 3083; x_wconf 85' lang='lat' dir='ltr'><strong>episcopum</strong></span> <span class='ocrx_word' id='word_1_653' title='bbox 3657 3023 3928 3076; x_wconf 87' lang='lat' dir='ltr'><strong>nostrum</strong></span> 
     </span>
    </p>
   </div>
   <div class='ocr_carea' id='block_1_300' title="bbox 2884 3097 3926 3170">
    <p class='ocr_par' dir='ltr' id='par_1_300' title="bbox 2884 3097 3926 3170">
     <span class='ocr_line' id='line_1_355' title="bbox 2884 3097 3926 3170; baseline 0.022 -26"><span class='ocrx_word' id='word_1_654' title='bbox 2884 3107 3225 3150; x_wconf 84' lang='lat' dir='ltr'><strong>conservare</strong></span> <span class='ocrx_word' id='word_1_655' title='bbox 3257 3097 3538 3170; x_wconf 89' lang='lat' dir='ltr'><strong>digneris,</strong></span> <span class='ocrx_word' id='word_1_656' title='bbox 3835 3113 3926 3166; x_wconf 89' lang='lat' dir='ltr'><strong>Te.</strong></span> 
     </span>
    </p>
   </div>
   <div class='ocr_carea' id='block_1_301' title="bbox 2811 3181 3926 3270">
    <p class='ocr_par' dir='ltr' id='par_1_301' title="bbox 2811 3181 3926 3270">
     <span class='ocr_line' id='line_1_356' title="bbox 2811 3181 3926 3270; baseline 0.021 -35"><span class='ocrx_word' id='word_1_657' title='bbox 2811 3181 2880 3236; x_wconf 90' lang='lat' dir='ltr'><strong>Ut</strong></span> <span class='ocrx_word' id='word_1_658' title='bbox 2895 3181 3068 3236; x_wconf 82' lang='lat' dir='ltr'><strong>vitam</strong></span> <span class='ocrx_word' id='word_1_659' title='bbox 3087 3189 3142 3239; x_wconf 91' lang='lat' dir='ltr'><strong>et</strong></span> <span class='ocrx_word' id='word_1_660' title='bbox 3155 3186 3462 3244; x_wconf 86' lang='lat' dir='ltr'><strong>sanitatem</strong></span> <span class='ocrx_word' id='word_1_661' title='bbox 3479 3191 3565 3248; x_wconf 91' lang='lat' dir='ltr'><strong>eis</strong></span> <span class='ocrx_word' id='word_1_662' title='bbox 3583 3195 3812 3270; x_wconf 91' lang='lat' dir='ltr'><strong>dones,</strong></span> <span class='ocrx_word' id='word_1_663' title='bbox 3834 3203 3926 3257; x_wconf 91' lang='lat' dir='ltr'><strong>Te.</strong></span> 
     </span>
    </p>
   </div>
   <div class='ocr_carea' id='block_1_302' title="bbox 2811 3271 3930 3356">
    <p class='ocr_par' dir='ltr' id='par_1_302' title="bbox 2811 3271 3930 3356">
     <span class='ocr_line' id='line_1_357' title="bbox 2811 3271 3930 3356; baseline 0.021 -32"><span class='ocrx_word' id='word_1_664' title='bbox 2811 3271 2880 3325; x_wconf 87' lang='lat' dir='ltr'><strong>Ut</strong></span> <span class='ocrx_word' id='word_1_665' title='bbox 2927 3273 3139 3342; x_wconf 89' lang='lat' dir='ltr'><strong>populo</strong></span> <span class='ocrx_word' id='word_1_666' title='bbox 3203 3277 3533 3335; x_wconf 86' lang='lat' dir='ltr'><strong>Christiano</strong></span> <span class='ocrx_word' id='word_1_667' title='bbox 3589 3301 3824 3356; x_wconf 85' lang='lat' dir='ltr'><strong>pacem</strong></span> <span class='ocrx_word' id='word_1_668' title='bbox 3879 3299 3930 3346; x_wconf 89' lang='lat' dir='ltr'><strong>et</strong></span> 
     </span>
    </p>
   </div>
   <div class='ocr_carea' id='block_1_303' title="bbox 2879 3361 3924 3442">
    <p class='ocr_par' dir='ltr' id='par_1_303' title="bbox 2879 3361 3924 3442">
     <span class='ocr_line' id='line_1_358' title="bbox 2879 3361 3924 3442; baseline 0.024 -29"><span class='ocrx_word' id='word_1_669' title='bbox 2879 3361 3160 3418; x_wconf 84' lang='lat' dir='ltr'><strong>unitatem</strong></span> <span class='ocrx_word' id='word_1_670' title='bbox 3185 3365 3386 3438; x_wconf 90' lang='lat' dir='ltr'><strong>largiri</strong></span> <span class='ocrx_word' id='word_1_671' title='bbox 3413 3370 3726 3442; x_wconf 87' lang='lat' dir='ltr'><strong>digneris.</strong></span> <span class='ocrx_word' id='word_1_672' title='bbox 3835 3384 3924 3437; x_wconf 86' lang='lat' dir='ltr'><strong>Te.</strong></span> 
     </span>
    </p>
   </div>
   <div class='ocr_carea' id='block_1_304' title="bbox 2809 3448 3922 3540">
    <p class='ocr_par' dir='ltr' id='par_1_304' title="bbox 2809 3448 3922 3540">
     <span class='ocr_line' id='line_1_359' title="bbox 2809 3448 3922 3540; baseline 0.024 -40"><span class='ocrx_word' id='word_1_673' title='bbox 2809 3448 2879 3502; x_wconf 82' lang='lat' dir='ltr'><strong>Ut</strong></span> <span class='ocrx_word' id='word_1_674' title='bbox 2901 3449 3156 3540; x_wconf 80' lang='lat' dir='ltr'><strong>fructum</strong></span> <span class='ocrx_word' id='word_1_675' title='bbox 3183 3458 3354 3511; x_wconf 74' lang='lat' dir='ltr'><strong>terrae</strong></span> <span class='ocrx_word' id='word_1_676' title='bbox 3373 3460 3546 3516; x_wconf 89' lang='lat' dir='ltr'><strong>nobis</strong></span> <span class='ocrx_word' id='word_1_677' title='bbox 3569 3464 3804 3540; x_wconf 91' lang='lat' dir='ltr'><strong>dones,</strong></span> <span class='ocrx_word' id='word_1_678' title='bbox 3835 3473 3922 3526; x_wconf 84' lang='lat' dir='ltr'><strong>Te.</strong></span> 
     </span>
    </p>
   </div>
   <div class='ocr_carea' id='block_1_305' title="bbox 2811 3537 3922 3630">
    <p class='ocr_par' dir='ltr' id='par_1_305' title="bbox 2811 3537 3922 3630">
     <span class='ocr_line' id='line_1_360' title="bbox 2811 3537 3922 3630; baseline 0.023 -41"><span class='ocrx_word' id='word_1_679' title='bbox 2811 3537 2878 3591; x_wconf 90' lang='lat' dir='ltr'><strong>Ut</strong></span> <span class='ocrx_word' id='word_1_680' title='bbox 2902 3539 3030 3594; x_wconf 83' lang='lat' dir='ltr'><strong>caeli</strong></span> <span class='ocrx_word' id='word_1_681' title='bbox 3068 3543 3442 3604; x_wconf 87' lang='lat' dir='ltr'><strong>serenitatem</strong></span> <span class='ocrx_word' id='word_1_682' title='bbox 3485 3552 3684 3612; x_wconf 88' lang='lat' dir='ltr'><strong>nobis</strong></span> <span class='ocrx_word' id='word_1_683' title='bbox 3727 3537 3922 3630; x_wconf 85' lang='lat' dir='ltr'><strong>dones,</strong></span> 
     </span>
    </p>
   </div>
   <div class='ocr_carea' id='block_1_306' title="bbox 2879 3628 2976 3684">
    <p class='ocr_par' dir='ltr' id='par_1_306' title="bbox 2879 3628 2976 3684">
     <span class='ocr_line' id='line_1_361' title="bbox 2879 3628 2976 3684; baseline 0.021 -2"><span class='ocrx_word' id='word_1_684' title='bbox 2879 3628 2976 3684; x_wconf 91' lang='lat' dir='ltr'><strong>Te.</strong></span> 
     </span>
    </p>
   </div>
   <div class='ocr_carea' id='block_1_307' title="bbox 2809 3719 3920 3796">
    <p class='ocr_par' dir='ltr' id='par_1_307' title="bbox 2809 3719 3920 3796">
     <span class='ocr_line' id='line_1_362' title="bbox 2809 3719 3920 3796; baseline 0.026 -26"><span class='ocrx_word' id='word_1_685' title='bbox 2809 3719 2878 3772; x_wconf 87' lang='lat' dir='ltr'><strong>Ut</strong></span> <span class='ocrx_word' id='word_1_686' title='bbox 2901 3719 3154 3789; x_wconf 87' lang='lat' dir='ltr'><strong>pluviam</strong></span> <span class='ocrx_word' id='word_1_687' title='bbox 3192 3729 3559 3796; x_wconf 84' lang='lat' dir='ltr'><strong>oportunam</strong></span> <span class='ocrx_word' id='word_1_688' title='bbox 3607 3739 3796 3795; x_wconf 88' lang='lat' dir='ltr'><strong>nobis</strong></span> <span class='ocrx_word' id='word_1_689' title='bbox 3825 3744 3920 3796; x_wconf 85' lang='lat' dir='ltr'><strong>do-</strong></span> 
     </span>
    </p>
   </div>
   <div class='ocr_carea' id='block_1_308' title="bbox 2879 3824 2979 3862">
    <p class='ocr_par' dir='ltr' id='par_1_308' title="bbox 2879 3824 2979 3862">
     <span class='ocr_line' id='line_1_363' title="bbox 2879 3824 2979 3862; baseline 0 0"><span class='ocrx_word' id='word_1_690' title='bbox 2879 3824 2979 3862; x_wconf 79' lang='lat'><strong>1185</strong></span> 
     </span>
    </p>
   </div>
   <div class='ocr_carea' id='block_1_309' title="bbox 2806 3834 3922 3986">
    <p class='ocr_par' dir='ltr' id='par_1_309' title="bbox 2806 3834 3922 3986">
     <span class='ocr_line' id='line_1_364' title="bbox 2879 3834 2979 3862; baseline 0 0"><span class='ocrx_word' id='word_1_691' title='bbox 2879 3834 2979 3862; x_wconf 75' lang='lat' dir='ltr'><strong>nes</strong></span> 
     </span>
     <span class='ocr_line' id='line_1_365' title="bbox 2806 3834 3922 3986; baseline 0.022 -34"><span class='ocrx_word' id='word_1_692' title='bbox 2806 3898 2875 3952; x_wconf 90' lang='lat' dir='ltr'><strong>Ut</strong></span> <span class='ocrx_word' id='word_1_693' title='bbox 2901 3851 3240 3958; x_wconf 70' lang='lat' dir='ltr'><strong>charitatem</strong></span> <span class='ocrx_word' id='word_1_694' title='bbox 3267 3905 3440 3962; x_wconf 90' lang='lat' dir='ltr'><strong>nobis</strong></span> <span class='ocrx_word' id='word_1_695' title='bbox 3470 3910 3698 3986; x_wconf 85' lang='lat' dir='ltr'><strong>dones,</strong></span> <span class='ocrx_word' id='word_1_696' title='bbox 3831 3834 3922 3976; x_wconf 58' lang='lat' dir='ltr'><strong>&quot;ll&quot;:</strong></span> 
     </span>
    </p>
   </div>
   <div class='ocr_carea' id='block_1_310' title="bbox 2807 3987 3922 4067">
    <p class='ocr_par' dir='ltr' id='par_1_310' title="bbox 2807 3987 3922 4067">
     <span class='ocr_line' id='line_1_366' title="bbox 2807 3987 3922 4067; baseline 0.025 -29"><span class='ocrx_word' id='word_1_697' title='bbox 2807 3987 2875 4040; x_wconf 93' lang='lat' dir='ltr'><strong>Ut</strong></span> <span class='ocrx_word' id='word_1_698' title='bbox 2902 3989 3066 4044; x_wconf 89' lang='lat' dir='ltr'><strong>nobis</strong></span> <span class='ocrx_word' id='word_1_699' title='bbox 3090 4007 3288 4048; x_wconf 87' lang='lat' dir='ltr'><strong>veram</strong></span> <span class='ocrx_word' id='word_1_700' title='bbox 3318 3999 3754 4067; x_wconf 73' lang='lat' dir='ltr'><strong>paenitentiam</strong></span> <span class='ocrx_word' id='word_1_701' title='bbox 3793 4027 3922 4064; x_wconf 89' lang='lat' dir='ltr'><strong>con-</strong></span> 
     </span>
    </p>
   </div>
   <div class='ocr_carea' id='block_1_311' title="bbox 2880 4078 3923 4154">
    <p class='ocr_par' dir='ltr' id='par_1_311' title="bbox 2880 4078 3923 4154">
     <span class='ocr_line' id='line_1_367' title="bbox 2880 4078 3923 4154; baseline 0.025 -25"><span class='ocrx_word' id='word_1_702' title='bbox 2880 4078 3042 4132; x_wconf 86' lang='lat' dir='ltr'><strong>cedas</strong></span> <span class='ocrx_word' id='word_1_703' title='bbox 3067 4097 3261 4152; x_wconf 88' lang='lat' dir='ltr'><strong>agere,</strong></span> <span class='ocrx_word' id='word_1_704' title='bbox 3835 4101 3923 4154; x_wconf 91' lang='lat' dir='ltr'><strong>Te.</strong></span> 
     </span>
    </p>
   </div>
   <div class='ocr_carea' id='block_1_312' title="bbox 2809 4165 3922 4259">
    <p class='ocr_par' dir='ltr' id='par_1_312' title="bbox 2809 4165 3922 4259">
     <span class='ocr_line' id='line_1_368' title="bbox 2809 4165 3922 4259; baseline 0.025 -41"><span class='ocrx_word' id='word_1_705' title='bbox 2809 4165 2878 4220; x_wconf 93' lang='lat' dir='ltr'><strong>Ut</strong></span> <span class='ocrx_word' id='word_1_706' title='bbox 2927 4167 3146 4224; x_wconf 90' lang='lat' dir='ltr'><strong>clerum</strong></span> <span class='ocrx_word' id='word_1_707' title='bbox 3196 4177 3254 4227; x_wconf 91' lang='lat' dir='ltr'><strong>et</strong></span> <span class='ocrx_word' id='word_1_708' title='bbox 3297 4175 3536 4245; x_wconf 86' lang='lat' dir='ltr'><strong>plebem</strong></span> <span class='ocrx_word' id='word_1_709' title='bbox 3589 4187 3922 4259; x_wconf 85' lang='lat' dir='ltr'><strong>Anglorum</strong></span> 
     </span>
    </p>
   </div>
   <div class='ocr_carea' id='block_1_313' title="bbox 2879 4263 3922 4338">
    <p class='ocr_par' dir='ltr' id='par_1_313' title="bbox 2879 4263 3922 4338">
     <span class='ocr_line' id='line_1_369' title="bbox 2879 4263 3922 4338; baseline 0.027 -31"><span class='ocrx_word' id='word_1_710' title='bbox 2879 4271 3210 4316; x_wconf 88' lang='lat' dir='ltr'><strong>conservare</strong></span> <span class='ocrx_word' id='word_1_711' title='bbox 3243 4263 3532 4338; x_wconf 89' lang='lat' dir='ltr'><strong>digneris,</strong></span> <span class='ocrx_word' id='word_1_712' title='bbox 3833 4281 3922 4334; x_wconf 86' lang='lat' dir='ltr'><strong>Te.</strong></span> 
     </span>
    </p>
   </div>
   <div class='ocr_carea' id='block_1_314' title="bbox 2808 4346 3922 4437">
    <p class='ocr_par' dir='ltr' id='par_1_314' title="bbox 2808 4346 3922 4437">
     <span class='ocr_line' id='line_1_370' title="bbox 2808 4346 3922 4437; baseline 0.026 -39"><span class='ocrx_word' id='word_1_713' title='bbox 2808 4346 2879 4400; x_wconf 91' lang='lat' dir='ltr'><strong>Ut</strong></span> <span class='ocrx_word' id='word_1_714' title='bbox 2939 4347 3320 4408; x_wconf 89' lang='lat' dir='ltr'><strong>universalem</strong></span> <span class='ocrx_word' id='word_1_715' title='bbox 3381 4368 3922 4437; x_wconf 83' lang='lat' dir='ltr'><strong>congregationem</strong></span> 
     </span>
    </p>
   </div>
   <div class='ocr_carea' id='block_1_315' title="bbox 2877 4443 3920 4532">
    <p class='ocr_par' dir='ltr' id='par_1_315' title="bbox 2877 4443 3920 4532">
     <span class='ocr_line' id='line_1_371' title="bbox 2877 4443 3920 4532; baseline 0.025 -43"><span class='ocrx_word' id='word_1_716' title='bbox 2877 4443 3207 4498; x_wconf 87' lang='lat' dir='ltr'><strong>sanctorum</strong></span> <span class='ocrx_word' id='word_1_717' title='bbox 3233 4461 3588 4508; x_wconf 87' lang='lat' dir='ltr'><strong>conservare</strong></span> <span class='ocrx_word' id='word_1_718' title='bbox 3627 4457 3920 4532; x_wconf 86' lang='lat' dir='ltr'><strong>digneris,</strong></span> 
     </span>
    </p>
   </div>
   <div class='ocr_carea' id='block_1_316' title="bbox 2879 4529 2974 4583">
    <p class='ocr_par' dir='ltr' id='par_1_316' title="bbox 2879 4529 2974 4583">
     <span class='ocr_line' id='line_1_372' title="bbox 2879 4529 2974 4583; baseline 0.011 -1"><span class='ocrx_word' id='word_1_719' title='bbox 2879 4529 2974 4583; x_wconf 91' lang='lat' dir='ltr'><strong>Te.</strong></span> 
     </span>
    </p>
   </div>
   <div class='ocr_carea' id='block_1_317' title="bbox 2807 4617 3922 4716">
    <p class='ocr_par' dir='ltr' id='par_1_317' title="bbox 2807 4617 3922 4716">
     <span class='ocr_line' id='line_1_373' title="bbox 2807 4617 3922 4716; baseline 0.028 -46"><span class='ocrx_word' id='word_1_720' title='bbox 2807 4617 2876 4672; x_wconf 91' lang='lat' dir='ltr'><strong>Ut</strong></span> <span class='ocrx_word' id='word_1_721' title='bbox 2917 4634 3046 4674; x_wconf 90' lang='lat' dir='ltr'><strong>eam</strong></span> <span class='ocrx_word' id='word_1_722' title='bbox 3077 4621 3141 4678; x_wconf 91' lang='lat' dir='ltr'><strong>in</strong></span> <span class='ocrx_word' id='word_1_723' title='bbox 3187 4641 3320 4681; x_wconf 89' lang='lat' dir='ltr'><strong>vera</strong></span> <span class='ocrx_word' id='word_1_724' title='bbox 3369 4629 3492 4688; x_wconf 85' lang='lat' dir='ltr'><strong>ﬁde</strong></span> <span class='ocrx_word' id='word_1_725' title='bbox 3531 4641 3598 4692; x_wconf 88' lang='lat' dir='ltr'><strong>et</strong></span> <span class='ocrx_word' id='word_1_726' title='bbox 3639 4641 3922 4716; x_wconf 84' lang='lat' dir='ltr'><strong>religione</strong></span> 
     </span>
    </p>
   </div>
   <div class='ocr_carea' id='block_1_318' title="bbox 2877 4719 3920 4796">
    <p class='ocr_par' dir='ltr' id='par_1_318' title="bbox 2877 4719 3920 4796">
     <span class='ocr_line' id='line_1_374' title="bbox 2877 4719 3920 4796; baseline 0.025 -34"><span class='ocrx_word' id='word_1_727' title='bbox 2877 4725 3208 4772; x_wconf 86' lang='lat' dir='ltr'><strong>conservare</strong></span> <span class='ocrx_word' id='word_1_728' title='bbox 3235 4719 3526 4796; x_wconf 86' lang='lat' dir='ltr'><strong>digneris,</strong></span> <span class='ocrx_word' id='word_1_729' title='bbox 3825 4737 3920 4790; x_wconf 89' lang='lat' dir='ltr'><strong>Te.</strong></span> 
     </span>
    </p>
   </div>
   <div class='ocr_carea' id='block_1_319' title="bbox 2802 4800 3918 4894">
    <p class='ocr_par' dir='ltr' id='par_1_319' title="bbox 2802 4800 3918 4894">
     <span class='ocr_line' id='line_1_375' title="bbox 2802 4800 3918 4894; baseline 0.022 -41"><span class='ocrx_word' id='word_1_730' title='bbox 2802 4800 2872 4854; x_wconf 94' lang='lat' dir='ltr'><strong>Ut</strong></span> <span class='ocrx_word' id='word_1_731' title='bbox 2893 4802 3056 4857; x_wconf 90' lang='lat' dir='ltr'><strong>nobis</strong></span> <span class='ocrx_word' id='word_1_732' title='bbox 3081 4806 3342 4865; x_wconf 88' lang='lat' dir='ltr'><strong>misereri</strong></span> <span class='ocrx_word' id='word_1_733' title='bbox 3371 4813 3680 4894; x_wconf 87' lang='lat' dir='ltr'><strong>digneris,</strong></span> <span class='ocrx_word' id='word_1_734' title='bbox 3829 4827 3918 4880; x_wconf 90' lang='lat' dir='ltr'><strong>Te.</strong></span> 
     </span>
    </p>
   </div>
   <div class='ocr_carea' id='block_1_320' title="bbox 2809 4891 3916 4980">
    <p class='ocr_par' dir='ltr' id='par_1_320' title="bbox 2809 4891 3916 4980">
     <span class='ocr_line' id='line_1_376' title="bbox 2809 4891 3916 4980; baseline 0.023 -37"><span class='ocrx_word' id='word_1_735' title='bbox 2809 4891 2878 4980; x_wconf 88' lang='lat' dir='ltr'><strong>Ut</strong></span> <span class='ocrx_word' id='word_1_736' title='bbox 2896 4906 3000 4946; x_wconf 90' lang='lat' dir='ltr'><strong>nos</strong></span> <span class='ocrx_word' id='word_1_737' title='bbox 3031 4895 3301 4956; x_wconf 83' lang='lat' dir='ltr'><strong>exaudire</strong></span> <span class='ocrx_word' id='word_1_738' title='bbox 3327 4901 3632 4980; x_wconf 88' lang='lat' dir='ltr'><strong>digneris,</strong></span> <span class='ocrx_word' id='word_1_739' title='bbox 3663 4891 3672 4894; x_wconf 34' lang='grc'>⁷</span> <span class='ocrx_word' id='word_1_740' title='bbox 3829 4917 3916 4970; x_wconf 83' lang='lat' dir='ltr'><strong>Te.</strong></span> 
     </span>
    </p>
   </div>
   <div class='ocr_carea' id='block_1_321' title="bbox 2808 4979 3913 5060">
    <p class='ocr_par' dir='ltr' id='par_1_321' title="bbox 2808 4979 3913 5060">
     <span class='ocr_line' id='line_1_377' title="bbox 2808 4979 3913 5060; baseline 0.023 -27"><span class='ocrx_word' id='word_1_741' title='bbox 2808 4979 2910 5035; x_wconf 87' lang='lat' dir='ltr'><strong>Fili</strong></span> <span class='ocrx_word' id='word_1_742' title='bbox 2937 4983 3056 5054; x_wconf 85' lang='lat' dir='ltr'><strong>Dei,</strong></span> <span class='ocrx_word' id='word_1_743' title='bbox 3616 4979 3623 4980; x_wconf 36' lang='grc' dir='ltr'>ί</span> <span class='ocrx_word' id='word_1_744' title='bbox 3826 5007 3913 5060; x_wconf 85' lang='lat' dir='ltr'><strong>Te.</strong></span> 
     </span>
    </p>
   </div>
   <div class='ocr_carea' id='block_1_322' title="bbox 2805 5071 3922 5159">
    <p class='ocr_par' dir='ltr' id='par_1_322' title="bbox 2805 5071 3922 5159">
     <span class='ocr_line' id='line_1_378' title="bbox 2805 5071 3922 5159; baseline 0.026 -36"><span class='ocrx_word' id='word_1_745' title='bbox 2805 5071 3000 5141; x_wconf 87' lang='lat' dir='ltr'><strong>Agnus</strong></span> <span class='ocrx_word' id='word_1_746' title='bbox 3027 5075 3146 5145; x_wconf 91' lang='lat' dir='ltr'><strong>Dei,</strong></span> <span class='ocrx_word' id='word_1_747' title='bbox 3176 5081 3278 5151; x_wconf 90' lang='lat' dir='ltr'><strong>qui</strong></span> <span class='ocrx_word' id='word_1_748' title='bbox 3301 5083 3460 5140; x_wconf 90' lang='lat' dir='ltr'><strong>tollis</strong></span> <span class='ocrx_word' id='word_1_749' title='bbox 3482 5097 3742 5159; x_wconf 86' lang='lat' dir='ltr'><strong>peccata</strong></span> <span class='ocrx_word' id='word_1_750' title='bbox 3761 5111 3922 5150; x_wconf 86' lang='lat' dir='ltr'><strong>mun-</strong></span> 
     </span>
    </p>
   </div>
   <div class='ocr_carea' id='block_1_323' title="bbox 2881 5164 3500 5234">
    <p class='ocr_par' dir='ltr' id='par_1_323' title="bbox 2881 5164 3500 5234">
     <span class='ocr_line' id='line_1_379' title="bbox 2881 5164 3500 5234; baseline 0.023 -17"><span class='ocrx_word' id='word_1_751' title='bbox 2881 5164 2960 5234; x_wconf 91' lang='lat' dir='ltr'><strong>di,</strong></span> <span class='ocrx_word' id='word_1_752' title='bbox 2999 5167 3276 5226; x_wconf 87' lang='lat' dir='ltr'><strong>miserere</strong></span> <span class='ocrx_word' id='word_1_753' title='bbox 3301 5174 3500 5232; x_wconf 91' lang='lat' dir='ltr'><strong>nobis.</strong></span> 
     </span>
    </p>
   </div>
   <div class='ocr_carea' id='block_1_324' title="bbox 2803 5259 3916 5340">
    <p class='ocr_par' dir='ltr' id='par_1_324' title="bbox 2803 5259 3916 5340">
     <span class='ocr_line' id='line_1_380' title="bbox 2803 5259 3916 5340; baseline 0.018 -30"><span class='ocrx_word' id='word_1_754' title='bbox 2803 5259 3000 5330; x_wconf 86' lang='lat' dir='ltr'><strong>Agnus</strong></span> <span class='ocrx_word' id='word_1_755' title='bbox 3023 5259 3142 5327; x_wconf 90' lang='lat' dir='ltr'><strong>Dei,</strong></span> <span class='ocrx_word' id='word_1_756' title='bbox 3165 5261 3266 5332; x_wconf 86' lang='lat' dir='ltr'><strong>qui</strong></span> <span class='ocrx_word' id='word_1_757' title='bbox 3287 5264 3446 5320; x_wconf 88' lang='lat' dir='ltr'><strong>tollis</strong></span> <span class='ocrx_word' id='word_1_758' title='bbox 3469 5279 3734 5340; x_wconf 87' lang='lat' dir='ltr'><strong>peccata</strong></span> <span class='ocrx_word' id='word_1_759' title='bbox 3761 5293 3916 5332; x_wconf 86' lang='lat' dir='ltr'><strong>mun-</strong></span> 
     </span>
    </p>
   </div>
   <div class='ocr_carea' id='block_1_325' title="bbox 2875 5349 3698 5422">
    <p class='ocr_par' dir='ltr' id='par_1_325' title="bbox 2875 5349 3698 5422">
     <span class='ocr_line' id='line_1_381' title="bbox 2875 5349 3698 5422; baseline 0.023 -18"><span class='ocrx_word' id='word_1_760' title='bbox 2875 5349 2951 5416; x_wconf 93' lang='lat' dir='ltr'><strong>di,</strong></span> <span class='ocrx_word' id='word_1_761' title='bbox 2985 5366 3156 5421; x_wconf 85' lang='lat' dir='ltr'><strong>parce</strong></span> <span class='ocrx_word' id='word_1_762' title='bbox 3183 5353 3373 5422; x_wconf 88' lang='lat' dir='ltr'><strong>nobis,</strong></span> <span class='ocrx_word' id='word_1_763' title='bbox 3407 5359 3698 5422; x_wconf 86' lang='lat' dir='ltr'><strong>Domine.</strong></span> 
     </span>
    </p>
   </div>
   <div class='ocr_carea' id='block_1_326' title="bbox 2805 5440 3910 5522">
    <p class='ocr_par' dir='ltr' id='par_1_326' title="bbox 2805 5440 3910 5522">
     <span class='ocr_line' id='line_1_382' title="bbox 2805 5440 3910 5522; baseline 0.024 -31"><span class='ocrx_word' id='word_1_764' title='bbox 2805 5440 3000 5510; x_wconf 87' lang='lat' dir='ltr'><strong>Agnus</strong></span> <span class='ocrx_word' id='word_1_765' title='bbox 3031 5440 3151 5510; x_wconf 92' lang='lat' dir='ltr'><strong>Dei,</strong></span> <span class='ocrx_word' id='word_1_766' title='bbox 3181 5444 3282 5513; x_wconf 89' lang='lat' dir='ltr'><strong>qui</strong></span> <span class='ocrx_word' id='word_1_767' title='bbox 3299 5446 3452 5503; x_wconf 87' lang='lat' dir='ltr'><strong>tollis</strong></span> <span class='ocrx_word' id='word_1_768' title='bbox 3475 5461 3732 5522; x_wconf 85' lang='lat' dir='ltr'><strong>peccata</strong></span> <span class='ocrx_word' id='word_1_769' title='bbox 3747 5476 3910 5515; x_wconf 88' lang='lat' dir='ltr'><strong>mun-</strong></span> 
     </span>
    </p>
   </div>
   <div class='ocr_carea' id='block_1_327' title="bbox 2873 5529 3598 5610">
    <p class='ocr_par' dir='ltr' id='par_1_327' title="bbox 2873 5529 3598 5610">
     <span class='ocr_line' id='line_1_383' title="bbox 2873 5529 3598 5610; baseline 0.026 -27"><span class='ocrx_word' id='word_1_770' title='bbox 2873 5529 2952 5596; x_wconf 92' lang='lat' dir='ltr'><strong>di,</strong></span> <span class='ocrx_word' id='word_1_771' title='bbox 2982 5531 3132 5586; x_wconf 86' lang='lat' dir='ltr'><strong>dona</strong></span> <span class='ocrx_word' id='word_1_772' title='bbox 3155 5535 3324 5590; x_wconf 87' lang='lat' dir='ltr'><strong>nobis</strong></span> <span class='ocrx_word' id='word_1_773' title='bbox 3349 5555 3598 5610; x_wconf 89' lang='lat' dir='ltr'><strong>pacem.</strong></span> 
     </span>
    </p>
   </div>
   <div class='ocr_carea' id='block_1_328' title="bbox 2804 5627 3528 5713">
    <p class='ocr_par' dir='ltr' id='par_1_328' title="bbox 2804 5627 3528 5713">
     <span class='ocr_line' id='line_1_384' title="bbox 2804 5627 3528 5713; baseline 0.023 -33"><span class='ocrx_word' id='word_1_774' title='bbox 2804 5627 3208 5713; x_wconf 49' lang='lat' dir='ltr'><strong>ghristc,‘audi</strong></span> <span class='ocrx_word' id='word_1_775' title='bbox 3239 5651 3342 5713; x_wconf 83' lang='lat' dir='ltr'><strong>nos</strong></span> <span class='ocrx_word' id='word_1_776' title='bbox 3372 5637 3528 5713; x_wconf 82' lang='lat' dir='ltr'><strong>(ter).</strong></span> 
     </span>
    </p>
   </div>
   <div class='ocr_carea' id='block_1_329' title="bbox 2807 5700 3412 5774">
    <p class='ocr_par' dir='ltr' id='par_1_329' title="bbox 2807 5700 3412 5774">
     <span class='ocr_line' id='line_1_385' title="bbox 2807 5700 3412 5774; baseline 0.02 -24"><span class='ocrx_word' id='word_1_777' title='bbox 2807 5700 2992 5774; x_wconf 56' lang='lat' dir='ltr'><strong>lfyrie,</strong></span> <span class='ocrx_word' id='word_1_778' title='bbox 3024 5701 3236 5758; x_wconf 85' lang='lat' dir='ltr'><strong>eleison</strong></span> <span class='ocrx_word' id='word_1_779' title='bbox 3265 5700 3412 5774; x_wconf 62' lang='lat' dir='ltr'><strong>(teri.</strong></span> 
     </span>
    </p>
   </div>
   <div class='ocr_carea' id='block_1_330' title="bbox 2803 5769 3484 5850">
    <p class='ocr_par' dir='ltr' id='par_1_330' title="bbox 2803 5769 3484 5850">
     <span class='ocr_line' id='line_1_386' title="bbox 2803 5769 3484 5850; baseline 0.018 -28"><span class='ocrx_word' id='word_1_780' title='bbox 2803 5769 3045 5840; x_wconf 88' lang='lat' dir='ltr'><strong>Christe,</strong></span> <span class='ocrx_word' id='word_1_781' title='bbox 3076 5769 3292 5830; x_wconf 83' lang='lat' dir='ltr'><strong>eleison</strong></span> <span class='ocrx_word' id='word_1_782' title='bbox 3333 5769 3484 5850; x_wconf 62' lang='lat' dir='ltr'><strong>(ter).</strong></span> 
     </span>
    </p>
   </div>
   <div class='ocr_carea' id='block_1_331' title="bbox 2875 5869 3592 5944">
    <p class='ocr_par' dir='ltr' id='par_1_331' title="bbox 2875 5869 3592 5944">
     <span class='ocr_line' id='line_1_387' title="bbox 2875 5869 3592 5944; baseline 0.022 -18"><span class='ocrx_word' id='word_1_783' title='bbox 2875 5869 3131 5944; x_wconf 84' lang='lat' dir='ltr'><strong>Oremus,</strong></span> <span class='ocrx_word' id='word_1_784' title='bbox 3161 5873 3332 5932; x_wconf 88' lang='lat' dir='ltr'><strong>Pater</strong></span> <span class='ocrx_word' id='word_1_785' title='bbox 3357 5885 3592 5941; x_wconf 89' lang='lat' dir='ltr'><strong>noster.</strong></span> 
     </span>
    </p>
   </div>
  </div>
