3994 6404
138 377 234 429 629
1241 374 1294 430 S.
1335 374 1706 432 DOMNOLUS.
1747 403 1815 418 --
1853 376 1938 434 DE
1975 379 2028 435 S.
2069 377 2403 439 DOMNOLO.

1327 503 1451 559 Haec
1477 504 1649 559 oratio
1666 506 1793 574 post
1819 504 2071 562 titantem
2095 509 2329 564 canitur.

200 609 525 680 Magniﬁcis
562 608 936 681 miriﬁcisque
983 607 1337 664 orationibus
1371 613 1544 681 atque
1595 610 1819 667 meritis
1874 615 2290 670 recensitorum
2329 615 2808 688 patriarcharum,
2852 620 3266 692 prophetarum
3323 626 3496 697 atque

140 699 563 770 apostolorum,
591 698 1090 770 plurimorumque
1123 701 1462 771 martyrum,
1492 701 1580 754 vel
1606 701 1938 767 electorum,
1963 706 2134 775 atque
2163 705 2556 761 confessorum
2581 707 2864 776 omnium,
2896 709 3145 780 petimus
3165 716 3222 766 et
3239 729 3495 782 oramus,

139 792 195 842 ut
221 787 737 859 quemadmodum
764 805 965 844 eorum
995 787 1232 844 nomina
1255 790 1343 843 vel
1369 789 1713 844 memoriam
1738 789 1796 845 in
1828 791 1935 846 hoc
1961 794 2165 848 saculo
2197 810 2524 850 memorare
2552 798 2609 850 et
2643 795 2886 851 recitare
2916 799 3370 869 frequentamus,
3414 801 3496 857 ita

141 881 307 948 atque
339 876 451 948 ipsi
480 891 593 948 pro
636 878 800 932 nobis
839 878 897 932 in
945 877 1140 949 regnis
1182 877 1500 934 coelestibus
1539 879 1866 936 aﬂ'ectuales
1909 897 1974 936 ac
2010 882 2258 953 privatas
2306 901 2504 954 preces
2550 885 2793 940 fundere
2834 885 3164 958 dignentur,
3212 891 3338 943 uta
3379 891 3493 946 Deo

138 965 362 1020 veniam
392 968 454 1020 et
484 966 917 1038 indulgentiam
949 966 1258 1040 impetrare
1297 971 1469 1039 atque
1511 968 1792 1038 obtinere,
1825 973 1884 1025 et
1920 987 2121 1026 eorum
2159 972 2603 1029 desiderandam
2642 977 2700 1029 et
2729 974 3118 1047 aspiciendam
3149 977 3398 1048 speciem
3435 981 3496 1033 et

145 1054 389 1126 gloriam
415 1055 477 1110 in
510 1073 698 1128 regno
725 1057 826 1113 Dei
856 1057 1070 1126 videre,
1102 1061 1159 1112 et
1185 1057 1548 1130 congaudere
1580 1075 1931 1128 mereamur,
1959 1065 2267 1132 prastante
2296 1063 2540 1118 Domino
2571 1067 2768 1120 nostro
2819 1067 2951 1120 Jesu
2991 1065 3236 1134 Christo,
3287 1067 3376 1121 cui
3409 1069 3496 1122 est

141 1147 343 1214 honor,
369 1147 431 1201 et
454 1149 734 1218 potestas,
767 1151 825 1201 et
847 1146 1155 1219 imperium
1186 1164 1300 1204 una
1330 1164 1461 1204 cum
1487 1150 1652 1205 Patre
1674 1152 1846 1223 atque
1877 1149 2092 1222 Spiritu
2123 1154 2318 1208 sancto
2339 1151 2401 1208 in
2431 1154 2639 1209 sacula
2663 1154 3024 1210 saculorum.
3054 1156 3260 1210 Amen.

3397 391 3500 448 630

1437 1527 1603 1575 ANNO
1665 1527 1881 1576 DOMINI
1944 1528 2211 1576 DLXXVI.

415 1679 1562 1886 SANCTUS
1742 1683 3237 1917 DOMNOLUS,

885 1983 1612 2099 EPISCOPUS
1709 1987 2775 2102 CENOMANENSIS.

475 2334 792 2478 DE
929 2333 1831 2482 SANCTO
1975 2335 3084 2486 DOMNOL0
3123 2449 3159 2505 ,

991 2556 1405 2646 EPISCOPO
1471 2557 2114 2667 CENOMANENSI,
2170 2560 2265 2647 IN
2332 2559 2675 2648 GALLIA.

1587 2720 1687 2792 (Ex
1722 2720 2060 2792 Bollandio.)

351 2989 384 3063 §
412 2992 453 3044 1.
491 2992 628 3048 Vita
649 2992 874 3060 scripta,
905 2989 1078 3044 cultas
1101 3002 1274 3053 sacer,
1299 2989 1560 3058 reliquiae.
1797 3006 1854 3078 B
1879 3006 1913 3046 a
1939 2991 2158 3046 Joanne
2178 2991 2388 3046 Dardez
2412 2993 2779 3063 procuratam
2811 2994 2870 3047 et
2898 3007 2932 3046 a
2952 2989 3255 3047 Guilielmo
3277 2991 3501 3056 Quirini

219 3086 266 3136 l.
298 3085 454 3139 Inter
479 3083 784 3155 episcopos
811 3083 1274 3138 Cenomanenses
1299 3082 1359 3136 in
1382 3081 1563 3136 Gallia
1588 3099 1774 3138 nonus
1877 3084 2293 3152 transmissam,
2319 3087 2562 3156 utroque
2586 3089 2797 3140 nostra
2813 3085 3101 3140 societatis
3120 3086 3417 3141 sacerdote
3445 3089 3504 3140 et

154 3175 388 3231 habetur
407 3180 642 3232 sanctus
661 3171 990 3242 Domnolus,
1016 3174 1130 3229 sive
1151 3175 1462 3242 Donnolus,
1485 3175 1645 3246 cujus
1663 3175 1776 3230 for-

153 3268 226 3322 tia
241 3270 388 3325 facta
400 3273 458 3325 et
468 3271 750 3342 praclara
759 3269 1021 3339 trophaa
1041 3284 1170 3340 qua
1186 3267 1344 3323 novit
1357 3284 1458 3322 sua
1470 3271 1637 3323 atate
1648 3285 1776 3340 per-

153 3366 385 3431 petrata,
418 3364 633 3435 scripto
663 3362 895 3433 reliquit
923 3365 1124 3417 auctor
1142 3361 1300 3429 Vita,
1335 3361 1433 3432 qui
1459 3377 1590 3416 cum
1615 3378 1683 3417 eo
1713 3361 1772 3418 in

153 3454 253 3510 hac
273 3456 400 3512 vita
424 3455 690 3512 mortalis
715 3455 1184 3526 peregrinatione
1211 3454 1525 3526 plurimum
1553 3471 1612 3509 se
1643 3471 1774 3510 con-

153 3553 431 3605 versatum
447 3566 571 3606 esse
585 3552 826 3604 testatur
840 3548 898 3603 in
915 3549 1177 3620 prologo,
1193 3547 1484 3620 additque,
1501 3564 1662 3602 num.
1685 3551 1769 3617 10,

154 3657 207 3695 se
233 3658 444 3698 cacum
458 3643 584 3715 ejus
603 3641 824 3697 meritis
842 3642 1231 3696 illuminatum
1250 3640 1669 3711 sapiusvidisse
1693 3643 1774 3696 at-

155 3750 257 3804 que
289 3737 360 3791 ab
388 3736 487 3792 illo
521 3737 689 3808 plura
706 3735 818 3790 alia
841 3735 946 3790 viri
963 3735 1145 3790 sancti
1164 3734 1442 3789 miracula
1477 3733 1769 3801 didicisse;

155 3830 206 3880 et
217 3829 316 3884 sub
331 3829 508 3885 ﬁnem
520 3828 724 3885 asserit
744 3843 1205 3900 energumenum
1219 3827 1292 3881 ad
1309 3828 1630 3898 sepulcrum
1651 3827 1700 3896 ej
1709 3843 1773 3881 us

157 3924 435 3994 sanatum,
466 3921 665 3977 multis
692 3921 858 3976 annis
893 3938 1098 3976 sanum
1133 3936 1329 3975 secum
1366 3920 1769 3992 permansisse,

158 4012 266 4068 imo
295 4018 408 4070 tres
451 4032 653 4083 cacos,
694 4032 753 4070 se
796 4018 1148 4086 aspectante,
1194 4015 1317 4068 luce
1358 4013 1770 4084 redintegrata,

156 4103 459 4164 incolumes
481 4109 710 4176 abiisse,
742 4111 798 4163 et
815 4109 1028 4162 multos
1049 4107 1190 4162 alios
1211 4106 1427 4162 morbis
1452 4106 1693 4161 afﬂictos
1713 4123 1773 4161 se

156 4202 530 4272 conspiciente
560 4203 804 4270 venisse,
829 4218 1042 4273 eosque
1061 4201 1214 4255 beati
1235 4199 1338 4254 viri
1367 4199 1588 4254 meritis
1605 4217 1773 4255 sanos

158 4291 282 4348 inde
305 4297 574 4352 recedere
597 4296 825 4356 ,vidisse.
857 4295 983 4349 Fuit
1033 4297 1228 4348 autem
1269 4294 1316 4348 is
1362 4310 1429 4347 ex
1472 4293 1774 4364 pracipuis

1874 3177 2196 3232 studiorum
2235 3180 2566 3233 nostrorum
2601 3178 3018 3234 amantissimo.
3052 3179 3181 3233 Hac
3213 3179 3340 3233 Vita
3373 3181 3504 3250 post

1873 3269 2147 3341 priorem,
2167 3270 2326 3341 cujus
2340 3271 2628 3339 meminit,
2644 3272 2851 3343 scripta
2864 3274 2949 3326 est
2970 3287 3037 3326 eo
3058 3271 3419 3341 potissimum
3441 3275 3504 3326 ut

1872 3363 2257 3433 possessiones
2283 3364 2501 3419 collata
2523 3364 2876 3418 monasterio
2895 3364 3077 3418 sancti
3095 3364 3374 3419 Vincentii
3404 3381 3496 3419 ac-

1872 3456 2123 3510 curatius
2147 3455 2584 3526 explicarentur.
2608 3456 2709 3513 Cui
2745 3456 3142 3528 subjungimus
3180 3459 3498 3512 testamen-

1874 3551 1997 3603 tum
2015 3549 2196 3603 sancti
2212 3549 2478 3604 Domnoli
2490 3566 2594 3620 per
2607 3549 2847 3604 modum
2864 3548 3261 3604 obtestationis
3273 3550 3421 3604 circa
3437 3551 3500 3606 il-

1872 3641 1971 3696 lud
1987 3642 2406 3696 monasterium
2421 3642 2585 3696 facta
2597 3643 2748 3697 clero
2769 3641 3033 3697 Ecclesia
3047 3658 3183 3710 sua,
3211 3643 3372 3713 cujus
3393 3645 3500 3698 tes-

1872 3733 2114 3789 tamenti
2131 3735 2377 3789 alterum
2399 3735 2696 3806 exemplar
2718 3735 2947 3806 pridem
2972 3735 3345 3802 habebamus,
3363 3737 3499 3791 alte-

1872 3844 2001 3882 rum
2023 3828 2193 3882 est.
2213 3828 2278 3882 R.
2295 3829 2356 3882 Ρ.
2373 3827 2825 3883 LudoviciJacob
2846 3844 2880 3883 a
2895 3831 3090 3882 sancto
3103 3829 3324 3897 Carolo,
3350 3829 3500 3884 ordi-

1871 3920 1962 3976 nis
1977 3920 2348 3978 Carmelitani
2363 3921 2681 3990 sacerdote,
2700 3921 2809 3992 ipsi
2825 3921 3054 3976 Parisiis
3073 3921 3494 3992 descripsimus.

1941 4017 1994 4069 2.
2012 4015 2294 4070 Mortuum
2322 4031 2443 4069 esse
2461 4018 2722 4070 sanctum
2741 4016 3088 4070 Domnolum
3105 4015 3371 4081 Kalendis
3397 4017 3502 4070 De-

1872 4108 2120 4163 cembris
2145 4108 2405 4163 indicant
2426 4110 2586 4176 Acta,
2619 4108 2693 4162 ad
2723 4125 2896 4180 quem
2924 4108 3079 4164 diem
3111 4107 3260 4162 illius
3287 4110 3498 4164 festum

1873 4200 2261 4256 anniversaria
2281 4201 2611 4256 celebritate
2624 4201 2893 4256 recolitur
2908 4218 2941 4256 a
2952 4202 3499 4270 Cenomanensibus,

1873 4297 1931 4348 et
1955 4295 2252 4350 Saussaius
2276 4294 2335 4349 in
2365 4295 2770 4367 Martyrologio
2793 4295 3084 4350 Gallicano
3119 4296 3228 4350 ista
3254 4296 3452 4350 scribit
3482 4313 3497 4352 :

158 4387 398 4443 ecclesia
427 4389 773 4444 cathedralis
803 4387 1172 4459 presbyteris,
1205 4386 1358 4440 unde
1384 4385 1637 4441 ecclesia
1667 4401 1769 4440 no-
1792 4401 1846 4475 ρ
1876 4388 2264 4443 «Cenomanis
2281 4388 2562 4460 depositio
2577 4388 2757 4443 sancti
2782 4389 3500 4460 Domnoli,episcopiillius

159 4480 281 4533 stra
308 4480 460 4537 bona
489 4482 756 4537 restituta
779 4484 837 4535 et
861 4480 1022 4533 villas
1047 4479 1282 4547 indicat,
1313 4495 1472 4534 num.
1510 4482 1594 4546 Η,
1627 4482 1690 4533 l5
1717 4481 1774 4533 et

165 4573 251 4637 18;
291 4572 588 4647 ipsamque
623 4575 813 4629 Vitam
850 4572 1102 4644 vulgavit
1137 4573 1242 4627 sub
1289 4571 1554 4643 auspiciis
1593 4571 1772 4626 sancti

160 4662 432 4723 Hadoiudi
481 4668 732 4740 episcopi
771 4665 1244 4733 Cenomanensis,
1290 4665 1444 4719 inter
1497 4681 1669 4736 quem
1717 4667 1777 4719 et

160 4761 407 4815 sanctum
437 4762 787 4818 Domnolum
830 4760 1066 4814 fuerunt
1105 4757 1461 4828 Badegisilus
1499 4761 1558 4812 et
1594 4756 1771 4812 Berti-

161 4865 441 4917 gramnus.
464 4855 651 4910 Vitam
675 4853 854 4910 sancti
883 4852 1167 4907 Hadoindi
1191 4851 1456 4906 dedimus
1483 4849 1775 4923 (Bolland.)

161 4939 213 4995 in
243 4945 514 5003 addendis
553 4949 627 5003 ad
656 4951 725 5003 20
759 4946 916 5002 diem
957 4945 1210 5000 Januarii
1255 4961 1386 4999 cum
1423 4944 1545 5016 ejus
1581 4945 1772 4999 Testa-

163 5041 366 5106 mento,
396 5041 453 5095 in
484 5058 619 5114 quo,
658 5057 816 5096 num.
857 5042 909 5109 3,
960 5038 1207 5094 basilicae
1254 5037 1434 5092 sancti
1469 5037 1772 5106 Vincentii,

163 5144 326 5199 quam
348 5134 660 5190 Domnolus
680 5137 891 5190 sancta
916 5131 1332 5187 recordationis
1360 5131 1657 5203 episc0pus
1674 5147 1774 5185 suo

161 5221 346 5280 labore
360 5228 691 5297 construxit,
707 5228 886 5283 donat
898 5227 1225 5299 pratellum,
1242 5224 1390 5296 juris
1402 5224 1487 5279 sui
1500 5225 1773 5292 villulam,

164 5317 220 5368 ut
254 5321 336 5374 vel
369 5321 502 5378 inde
547 5323 668 5394 ejus
699 5337 840 5394 erga
869 5323 1130 5375 sanctum
1159 5319 1508 5374 Domnolum
1539 5318 1776 5372 affectus

163 5416 325 5478 queat
357 5417 609 5486 agnosci.
643 5415 782 5470 Vita
813 5416 1023 5486 stylum
1052 5413 1316 5468 nonnihil
1338 5429 1396 5467 se
1433 5411 1773 5466 emendasse

167 5501 239 5556 ait
267 5505 474 5579 Surius,
492 5525 669 5582 quam
691 5509 827 5563 inde
859 5508 1062 5562 damus
1093 5510 1289 5561 nostro
1319 5505 1494 5560 modo
1525 5505 1774 5560 illustra-

166 5596 275 5651 tam
296 5602 351 5655 et
379 5603 726 5671 distinctam,
764 5602 898 5674 quia
926 5599 1292 5674 primogenio
1334 5600 1478 5670 stylo
1499 5600 1777 5654 hactenus

169 5702 275 5744 non
288 5696 464 5762 potuit
475 5696 630 5768 apud
640 5696 997 5751 Cenomanos
1018 5693 1282 5760 inveniri,
1306 5708 1519 5763 magna
1534 5687 1668 5747 licet
1681 5693 1779 5748 ad-

170 5778 335 5840 hibita
355 5788 671 5860 diligentia.
696 5788 854 5843 Hisce
873 5789 1043 5859 adjun
1053 5787 1242 5859 gimus
1263 5786 1433 5840 aliam
1454 5785 1776 5840 breviorem

173 5871 343 5935 Vitam
368 5897 431 5937 ex
453 5884 678 5937 vetusto
703 5881 908 5938 Codice
933 5879 1270 5938 monasterii
1293 5877 1586 5936 Anisolani
1612 5878 1777 5935 nobis

1873 4480 2028 4534 urbis
2045 4483 2103 4534 et
2132 4480 2494 4548 confessoris,
2524 4481 2683 4550 cujus
2704 4480 2894 4551 elogia
2936 4497 3202 4551 expressa
3242 4483 3377 4534 sunt
3408 4481 3497 4535 die

1873 4573 1994 4644 ejus
2019 4572 2420 4640 ordinationis,
2452 4572 2666 4627 scilicet
2696 4575 2758 4627 16
2791 4571 2915 4626 Maii
2944 4588 2957 4627 :
2991 4589 3107 4643 qua
3146 4572 3239 4626 die
3280 4572 3498 4628 ibidem

1874 4665 2174 4720 celebriori
2201 4666 2354 4720 cultu
2383 4664 2504 4735 ejus
2533 4669 2619 4720 est
2645 4664 2876 4719 illustris
2919 4664 3225 4719 memoria.
3265 4686 3293 4714 »
3338 4665 3496 4720 Idem

1873 4758 2168 4814 Saussaius
2190 4758 2263 4813 ad
2296 4761 2359 4813 16
2392 4757 2540 4826 Maii,
2592 4761 2722 4830 post
2755 4759 2994 4828 longum
3027 4757 3354 4813 encomium
3391 4757 3500 4813 ista

1874 4852 2050 4907 habet
2081 4867 2094 4906 :
2131 4873 2159 4900 «
2187 4851 2340 4907 Abiit
2369 4851 2603 4923 quidem
2635 4852 2720 4906 vir
2745 4851 2968 4906 divinus
3005 4851 3079 4906 ad
3121 4867 3357 4922 superos
3389 4853 3497 4906 Ka-

1873 4945 2061 5000 lendis
2095 4945 2441 5012 Decembris,
2475 4963 2588 5016 quo
2611 4945 2703 4999 die
2726 4949 2782 5000 et
2807 4945 2865 4998 in
2895 4944 3069 4999 sacris
3096 4945 3497 5000 Cenomanen-

1876 5039 1950 5094 sis
1974 5039 2236 5093 Ecclesia
2253 5039 2463 5093 tabulis
2475 5039 2760 5094 memoria
2781 5039 2902 5109 ejus
2922 5038 3122 5108 fulget,
3141 5037 3373 5109 proprio
3389 5038 3502 5092 cul-

1876 5135 1937 5186 tu
1961 5131 2538 5202 consignata.Verum
2550 5133 2808 5188 Romana
2820 5131 3081 5186 omnium
3101 5134 3290 5185 mater
3315 5131 3504 5185 Eccle-

1876 5224 2088 5280 siarum
2106 5224 2280 5280 hodie
2302 5241 2523 5280 sacram
2543 5225 2666 5296 ejus
2691 5241 2964 5281 coronam
3004 5227 3334 5293 veneratur,
3351 5224 3500 5280 tanti

1877 5317 2142 5373 antistitis
2174 5317 2619 5388 ordinationem,
2653 5322 2761 5373 etc.
2787 5341 2813 5368 »
2839 5321 3049 5373 Verum
3087 5319 3242 5372 nulla
3277 5318 3504 5374 ordina-

1873 5411 2043 5466 tionis
2060 5412 2276 5466 mentio
2308 5413 2373 5466 ﬁt
2397 5413 2455 5468 in
2484 5413 2886 5484 Martyrologio
2910 5414 3196 5481 Romano,
3225 5415 3325 5466 aut
3351 5411 3502 5482 apud

1874 5503 2184 5573 Molanum,
2221 5505 2570 5561 Galesinium
2605 5506 2895 5564 Canisium
2928 5509 2986 5562 et
3019 5506 3180 5574 alios,
3215 5505 3316 5560 sed
3348 5503 3502 5559 nuda

1877 5599 2161 5654 memoria
2182 5599 2522 5671 proponitur
2545 5601 2653 5656 hoc
2684 5604 2746 5655 16
2771 5600 2918 5669 Maii,
2935 5600 3088 5672 apud
3112 5601 3496 5663 Cenomanos,

1878 5692 2060 5747 sancti
2079 5692 2347 5748 Domnoli
2377 5693 2647 5766 episcopi.
2671 5696 2802 5762 Nos,
2827 5694 2980 5766 quod
3009 5697 3066 5749 et
3103 5691 3299 5749 Surius
3338 5687 3492 5754 fecit,

1878 5786 2000 5856 ejus
2028 5786 2204 5841 vitam
2234 5787 2306 5841 ad
2336 5787 2486 5841 hunc
2520 5787 2673 5843 diem
2705 5789 2929 5843 damus.
2953 5789 3200 5843 Joannes
3229 5779 3492 5836 Bondon-

1878 5882 2066 5949 netus,
2083 5879 2421 5937 monasterii
2451 5881 2632 5937 sancti
2642 5879 2924 5939 Vincentii
2945 5895 2980 5936 a
3000 5879 3196 5933 sancto
3218 5870 3495 5931 Domnolo
