3994 6414
465 375 562 434 631
1301 371 1596 429 SANCTUS
1630 369 2001 436 DOMNOLUS,
2041 367 2400 425 EPISCOPUS
2433 365 2958 424 CENOMANENSIS.
3270 405 3280 416 ι
3746 365 3878 417 632

466 480 777 538 constructi
804 479 1122 552 religiosus,
1153 477 1210 534 in
1231 476 1368 533 Vitis
1392 479 1792 552 episcoporum
1804 478 2082 534 Cenoma-
2101 486 2161 560 Α
2179 474 2226 530 is
2260 475 2470 532 Gallice
2497 491 2614 530 non
2644 479 2850 536 Dosme,
2876 473 2978 528 sed
2999 473 3254 530 Domnole
3277 473 3648 545 appelletur,
3682 469 3876 526 vide-

469 573 735 630 nensium
764 571 974 626 Gallice
995 587 1030 624 a
1048 586 1106 624 se
1133 569 1320 640 editis,
1354 571 1412 624 et
1429 569 1580 624 notis
1599 569 1672 624 ad
1695 567 1879 624 Vitam
1899 567 2082 622 sancti
2179 571 2273 624 tur
2299 569 2488 642 potius
2511 570 2740 623 sanctus
2767 568 3010 622 Dosmus
3040 566 3185 621 alius
3213 583 3250 622 a
3289 569 3496 622 sancto
3540 565 3877 622 Domnolo

468 663 754 731 Domnoli,
783 663 987 718 asserit
1009 679 1043 717 a
1061 661 1175 717 suis
1194 662 1303 718 coli
1328 665 1588 718 sanctum
1627 662 1971 717 Domnolum
2014 663 2084 717 22
2181 661 2535 729 statuendus,
2568 661 2682 715 sive
2703 659 2752 714 is
2772 662 3012 732 martyr,
3045 659 3160 714 sive
3192 661 3498 715 confessor
3521 659 3878 714 habeatur.

467 757 743 823 Octobris,
771 755 1140 812 veneratione
1163 755 1236 811 ad
1265 755 1415 810 hunc
1436 755 1588 810 diem
1613 755 1909 822 translata,
1928 753 2083 825 quod
2253 757 2484 812 Fatetur
2502 754 2913 810 Bondonnetus
2931 769 3048 808 non
3063 753 3264 808 adesse
3279 752 3653 810 Cenomanis
3674 755 3883 824 caput

468 850 687 922 primus
733 848 857 904 dies
898 848 1222 905 Decembris
1265 848 1644 920 impediretur
1687 847 1902 919 passim
1950 863 2081 902 cum
2181 849 2298 905 imo
2321 865 2428 904 nec
2454 847 2654 904 omnia
2679 863 2807 902 ossa
2838 845 3020 901 sancti
3055 846 3326 901 Domnoli
3353 863 3366 902 :
3392 846 3502 901 sed
3551 861 3670 900 nec
3712 844 3882 899 inde

466 944 730 1014 tempore
754 942 1076 997 Adventus:
1107 941 1179 997 ob
1201 957 1375 1013 quam
1391 956 1623 996 causam
1649 939 1835 1012 potuit
1864 940 1935 994 ab
1959 939 2084 994 aliis
2182 942 2456 1016 sequitur,
2486 957 2614 1012 qua;
2635 940 3054 1007 desiderantur,
3077 955 3204 994 ossa
3224 939 3548 1010 deportata
3563 937 3763 994 fuisse
3791 937 3886 992 ad

467 1035 673 1091 eadem
701 1034 992 1091 veneratio
1019 1034 1296 1090 translata
1319 1033 1491 1090 fuisse
1521 1033 1595 1089 ad
1628 1033 1780 1088 hunc
1823 1035 1884 1087 16
1922 1031 2081 1100 Maii;
2181 1035 2460 1108 oppidum
2473 1034 2834 1089 Chaumense
2849 1036 2907 1089 et
2922 1032 3048 1088 istic
3067 1033 3353 1088 conficere
3375 1033 3882 1102 corpus.Verum

467 1129 569 1182 aut
605 1130 756 1183 certe
792 1127 864 1182 ob
899 1125 1152 1200 aliquam
1198 1126 1452 1200 corporis
1503 1125 1942 1182 translationem
1987 1126 2087 1179 aut
2183 1129 2332 1186 hanc
2355 1127 2581 1198 utrique
2605 1126 2754 1198 parti
2775 1125 3228 1181 controversiam
3249 1125 3660 1180 decidendam
3673 1124 3886 1180 relin-

469 1219 868 1276 elevationem.
2183 1221 2428 1293 quimus,
2460 1221 2518 1274 et
2538 1221 2932 1290 exspectamus
2959 1221 3022 1274 ut
3049 1219 3451 1274 Chaumenses
3479 1235 3617 1286 sua,
3645 1218 3695 1271 si
3742 1234 3886 1289 qua.

539 1315 591 1368 3.
620 1313 916 1369 Elevatum
941 1313 1138 1368 autem
1169 1327 1292 1368 esse
1331 1327 1536 1383 corpus
1571 1311 1750 1366 sancti
1795 1311 2082 1382 Domnoli,
2181 1315 2416 1380 habent,
2451 1312 2799 1367 documenta
2823 1313 3126 1382 proferant
3150 1313 3326 1382 atque
3355 1311 3875 1377 communicent,

466 1422 620 1462 anno
644 1407 799 1474 1124,
817 1409 875 1461 et
887 1406 1228 1460 translatum
1250 1405 1307 1459 in
1329 1421 1559 1476 capsam
1582 1403 2085 1475 argenteaminau-
2184 1405 2400 1478 aliquid
2429 1405 2568 1460 lucis
2597 1404 2854 1460 fortassis
2881 1421 2914 1458 a
2940 1405 3109 1459 nobis
3129 1407 3462 1474 acceptura.

467 1499 739 1554 ratamab
759 1498 1088 1554 Hildeberto
1106 1498 1370 1570 episcopo
1382 1497 1822 1563 Cenomanensi,
1841 1513 2087 1568 praesen-
2257 1522 2288 1594 ἓ
2315 1523 2380 1578 η.
2411 1523 2637 1590 Tempus
2661 1521 2800 1575 sedis
2826 1525 2875 1574 et
2901 1521 3099 1574 Obitus.
3131 1522 3363 1574 Peracta
3389 1522 3544 1576 circa
3578 1521 3818 1576 obitum

468 1591 620 1647 tibus
646 1592 914 1660 Fulcone,
941 1591 1150 1646 comite
1179 1590 1581 1661 Andegavensi
1605 1593 1664 1644 et
1686 1607 1901 1661 magna
1927 1590 2086 1644 nobi-
2262 1590 2284 1594 ⁷
2517 1593 2691 1646 sancti
2712 1591 2980 1646 Leonardi
3010 1591 3461 1660 Vendoperensis.

467 1685 610 1740 lium
641 1683 1030 1752 multitudine,
1056 1685 1299 1738 testatur
1322 1682 1728 1738 Bondonnetus
1755 1699 1811 1754 p.
1840 1684 1962 1750 241,
1987 1681 2086 1753 qui
2257 1686 2306 1738 5.
2335 1681 2628 1738 Habemus
2668 1683 2976 1739 Historiam
3013 1684 3368 1738 Francorum
3399 1683 3694 1754 Gregorii
3736 1682 3882 1754 epi-

467 1778 679 1834 deinde
705 1778 844 1834 duas
865 1777 1004 1832 alias
1036 1775 1440 1832 translationes
1477 1792 1580 1847 per
1623 1775 1881 1847 legitima
1923 1775 2084 1830 testi-
2186 1776 2341 1847 scopi
2363 1775 2724 1844 Turonensis,
2757 1776 2896 1830 olim
2925 1793 2958 1830 a
2981 1775 3281 1830 Rosweido
3315 1780 3527 1831 nostro
3567 1777 3884 1831 collatam

467 1870 663 1927 monia
691 1871 916 1942 probat,
947 1885 1195 1941 quorum
1216 1869 1374 1940 prius
1400 1871 1486 1923 est
1504 1870 1615 1923 tale
1641 1885 1654 1923 :
1684 1890 1712 1918 «
1736 1869 1855 1939 Ego
1886 1867 2085 1923 Simon
2105 1849 2163 1921 B
2187 1885 2338 1924 cum.
2361 1885 2468 1923 ms.
2496 1868 2878 1923 vetustissimo
2895 1867 3104 1925 Codice
3125 1868 3478 1924 monasterii
3499 1869 3708 1923 sancti
3720 1870 3888 1923 Tru-

467 1967 808 2033 Hayenouve,
827 1961 1064 2018 clericus
1079 1960 1505 2032 Andegavensis
1526 1960 1800 2027 dicecesis,
1816 1960 1876 2014 in
1897 1960 2090 2016 decre-
2187 1961 2424 2017 donisin
2438 1961 2806 2028 Hasbania,in
2822 1977 2935 2032 quo
2953 1961 3206 2031 plurima
3227 1961 3444 2015 desunt
3463 1977 3608 2032 qua:
3633 1961 3886 2033 passim

467 2056 542 2111 tis
565 2055 908 2123 licentiatus,
926 2053 1239 2126 apostolica
1263 2053 1599 2108 auctoritate
1617 2053 1890 2119 notarius,
1912 2053 2088 2108 ﬁdem
2187 2055 2245 2110 in
2267 2054 2484 2110 excusis
2499 2053 2917 2125 exemplaribus
2930 2055 3222 2124 leguntur,
3251 2055 3355 2108 sed
3368 2055 3586 2110 forsan
3605 2071 3645 2108 a
3659 2058 3886 2126 poste-

469 2149 618 2206 facio
649 2151 706 2204 et
739 2149 1030 2203 contestor
1067 2147 1308 2202 fratrem
1347 2145 1720 2200 Benedictum
1763 2147 2086 2215 Boulanger,
2185 2148 2263 2204 ris
2288 2147 2522 2213 inserta,
2545 2145 2623 2202 uti
2645 2146 2740 2202 alii
2761 2163 2826 2200 ex
2839 2163 2972 2200 mss.
2987 2146 3664 2205 CodicibusCorbeiensi
3681 2153 3746 2204 et
3764 2149 3892 2203 Me-

470 2241 740 2297 abbatem
760 2239 930 2311 huius
955 2239 1290 2294 monasterii
1313 2239 1494 2294 sancti
1520 2239 1822 2306 Vincentii,
1844 2241 2088 2292 transtu—
2185 2240 2333 2295 tensi
2356 2239 2699 2294 indicarunt.
2728 2241 2790 2292 In
2818 2239 2906 2293 his
2918 2255 3054 2293 mss.
3086 2239 3298 2293 desunt
3329 2240 3428 2294 illa
3451 2257 3595 2311 qua:
3629 2241 3715 2294 de
3739 2259 3885 2295 san-

468 2333 598 2389 lisse
634 2349 702 2388 ex
738 2332 1120 2387 vetustissima
1145 2347 1318 2402 capsa
1353 2331 1411 2386 in
1449 2331 1597 2385 hanc
1629 2347 1839 2386 novam
1884 2347 2087 2402 corpus
2186 2336 2276 2388 cto
2296 2333 2575 2387 Domnolo
2601 2331 2660 2386 in
2693 2348 2894 2386 excusa
2928 2331 3171 2386 historia
3195 2332 3277 2386 sic
3306 2333 3604 2404 leguntur
3643 2333 3765 2387 lib.
3801 2351 3883 2401 vr,

471 2425 652 2482 sancti
679 2424 960 2490 Domnoli,
989 2423 1330 2485 confessoris
1356 2427 1413 2478 et
1431 2423 2089 2494 episcopiCenomanen-
2186 2442 2311 2496 cap.
2337 2428 2369 2479 9
2403 2442 2416 2480 :
2448 2446 2476 2475 «
2500 2425 2814 2480 Domnolus
2841 2441 2974 2478 vero
3005 2428 3486 2482 Cenomanorum
3531 2426 3884 2498 episcopus

471 2518 544 2574 sis
565 2521 623 2574 et
637 2515 1242 2590 praecipuifundatoris
1263 2516 1522 2586 ejusdem
1538 2516 1895 2586 monasterii,
1913 2515 2004 2570 die
2018 2519 2086 2572 25
2186 2521 2467 2588 aegrotare
2492 2517 2678 2588 coepit.
2708 2518 2991 2587 Tempore
3017 2517 3177 2571 enim
3206 2517 3446 2574 Clotarii
3470 2519 3648 2590 regis
3709 2520 3888 2591 apud

469 2611 682 2667 mensis
703 2610 958 2666 Januarii
984 2626 1137 2664 anno
1158 2609 1386 2664 Domini
1403 2613 1560 2676 1535,
1583 2609 1960 2680 praesentibus
1980 2607 2085 2663 ibi-
2185 2609 2427 2666 Parisios
2445 2610 2518 2664 ad
2537 2609 2832 2664 basilicam
2848 2609 3337 2664 sanctiLaurcntii
3350 2612 3525 2683 gregi
3549 2619 3894 2668 monaste-

469 2705 601 2760 dem
622 2703 1041 2760 venerabilibus
1059 2702 1193 2757 viris
1221 2703 1396 2758 fratre
1416 2703 1646 2757 Nicolao
1667 2705 1864 2763 P-z‘vert,
1881 2701 2086 2756 abbate
2187 2703 2648 2774 rialipraafuerat.
2673 2703 2788 2758 Sed
2810 2701 3089 2773 quoniam
3110 2703 3490 2760 Childcberto
3511 2706 3784 2761 seniore
3809 2708 3890 2762 vi-

469 2798 648 2854 sancti
675 2796 900 2854 Martini
925 2795 1234 2868 Sagiensis,
1269 2798 1432 2866 patre
1451 2795 1772 2850 Bremondo
1795 2794 1864 2849 de
1885 2796 2086 2862 Ponte,
2187 2799 2376 2863 vente,
2399 2812 2630 2866 semper
2650 2795 2896 2852 Clotario
2913 2795 3037 2866 regi
3058 2795 3246 2850 ﬁdelis
3259 2797 3502 2866 exstitit,
3524 2802 3594 2853 et
3617 2801 3889 2856 nuntios

469 2891 660 2962 priore
681 2888 1152 2958 claustralihujus
1175 2883 1531 2954 m'onasterii,
1558 2890 1616 2941 et
1639 2887 1813 2942 totius
1840 2903 2086 2942 conven-
2186 2888 2362 2960 ipsius
2407 2889 2479 2942 ad
2519 2887 2931 2958 speculandum
2962 2887 3169 2943 missos
3201 2889 3467 2944 crebrius
3509 2893 3882 2961 occulebat,

471 2987 561 3038 tus
590 2981 861 3038 fratribus
879 2983 938 3035 et
957 2981 1080 3034 aliis
1108 2979 1546 3050 quamplurimis
1567 2982 1688 3033 tum
1715 2979 1930 3034 clericis
1963 2982 2088 3034 tum
2187 2981 2621 3052 praestolabatur
2648 2997 2745 3034 rex
2770 2981 2962 3035 locum
2988 2979 3049 3035 in
3079 2998 3194 3052 quo
3223 2982 3620 3053 pontificatus
3673 2986 3886 3042 hono-

473 3074 857 3140 stecularibus,
872 3076 1014 3127 teste
1036 3071 1223 3143 sigillo
1235 3089 1368 3126 meo
1384 3071 1742 3126 manualihic
1763 3072 2040 3143 apposito.
2055 3094 2084 3122 ››
2187 3091 2314 3128 rem
2345 3073 2644 3143 acciperet.
2671 3073 2948 3142 Migrante
2970 3076 3169 3130 autem
3193 3076 3696 3133 Avennionensis
3735 3080 3886 3135 civi-

469 3170 600 3224 ch
647 3165 1174 3280 ibi.nAtLpos‘terius
1199 3163 1604 3280 testimonium:
1647 3167 1732 3218 est
1747 3165 2041 3268 ejusmodi
2070 3181 2085 3220 :
2109 3205 2164 3280 Ο
2187 3167 2320 3222 tatis
2347 3167 2638 3238 pontiﬁce,
2671 3165 2844 3220 istum
2879 3165 3014 3220 illuc
3053 3167 3194 3223 dare
3233 3169 3719 3228 deliberaverat.
3767 3175 3890 3230 Sed

477 3283 506 3310 ‹‹
529 3263 600 3316 Et
618 3277 726 3332 ego
749 3259 1004 3330 Raphael
1023 3261 1216 3320 Marte,
1241 3257 1301 3311 in
1323 3257 1544 3328 legibus
1569 3257 1908 3324 licentiatus,
1933 3261 2092 3314 nota-
2112 3257 2164 3280 ν
2189 3261 2392 3314 beatus
2417 3259 2733 3314 Domnolus
2760 3259 2884 3313 hinc
2904 3259 3170 3332 audiens,
3201 3262 3274 3316 ad
3305 3263 3635 3319 basilicam
3680 3269 3890 3322 sancti

471 3354 590 3409 rius
617 3351 962 3424 apostolicus
987 3354 1044 3404 et
1070 3349 1280 3421 regius,
1323 3349 1666 3404 Cenomanis
1701 3366 2089 3418 commorans,
2189 3351 2414 3408 Martini
2440 3351 2728 3418 antistitis,
2754 3368 2866 3423 quo
2897 3329 3031 3408 tunc
3057 3355 3345 3411 Clotarius
3383 3373 3488 3411 rex
3515 3358 3602 3412 ad
3653 3362 3893 3416 oratio-

472 3450 713 3502 attestor
739 3443 1123 3499 venerabilem
1153 3446 1399 3514 patrem,
1427 3443 1664 3498 fratrem
1691 3443 1963 3498 Iacobum
1993 3446 2094 3498 Ba-
2193 3461 2326 3500 nem
2350 3448 2606 3511 venerat,
2627 3445 2891 3512 accessit;
2915 3449 2975 3501 et
3001 3451 3166 3502 nocte
3195 3451 3320 3502 tota
3340 3449 3402 3503 in
3433 3450 3677 3521 vigiliis
3703 3471 3886 3510 excu-

469 3541 725 3606 docheau,
757 3537 1026 3593 abbatem
1047 3536 1216 3607 hujus
1235 3535 1570 3590 monasterii
1594 3535 1774 3590 sancti
1788 3535 2090 3602 Vincentii,
2190 3538 2354 3604 bans,
2382 3553 2486 3608 per
2511 3537 2732 3608 priores
2754 3539 2853 3609 qui
2878 3539 3261 3612 aderantregi
3289 3543 3782 3614 suggestionem
3804 3549 3891 3603 in-

472 3633 660 3689 missae
690 3630 963 3686 sacriﬁcio
998 3629 1338 3684 solemniter
1365 3629 1673 3696 celebrato,
1701 3627 1856 3683 idem
1888 3644 2094 3699 corpus
2191 3630 2530 3698 tulit,utnon
2544 3631 2705 3702 quasi
2717 3631 3052 3702 captivusab
3071 3633 3194 3703 ejus
3207 3635 3610 3706 elongaretur
3624 3644 3894 3712 aspectu

471 3725 651 3782 sancti
689 3723 973 3790 Domnoli,
1010 3725 1246 3794 propter
1283 3722 1559 3776 tumultus
1591 3721 1826 3776 bellicos
1871 3739 1937 3776 ex
1985 3721 2094 3776 hac
2190 3739 2297 3777 nec
2313 3721 3333 3795 permitterentsimplicitatemsuam
3348 3727 3775 3790 insenatores
3793 3752 3894 3791 so-

474 3834 620 3874 nova
649 3834 820 3889 capsa
846 3815 958 3870 alio
987 3815 1351 3882 translatum,
1383 3813 1441 3868 in
1494 3813 1697 3868 eadem
1737 3814 1928 3868 denuo
1972 3829 2090 3868 res-
2193 3815 2464 3886 phisticos
2494 3832 2560 3870 ac
2577 3816 2800 3887 judices
2829 3817 3258 3889 philosophicas
3283 3820 3556 3892 fatigari.
3605 3827 3716 3882 Ad
3761 3829 3890 3884 hac

474 3914 700 3966 taurata
718 3907 1107 3964 recondidisse
1127 3906 1350 3961 decima
1367 3907 1800 3975 nonaJanuarii,
1815 3923 1966 3961 anno
1983 3908 2094 3962 Do-
2194 3925 2292 3963 rex
2315 3924 2593 3976 annuens,
2632 3909 2921 3980 migrante
2967 3913 3308 3968 Innocentio
3357 3917 3886 3977 Cenomanorum

474 4004 615 4059 mini
644 4006 800 4068 1600,
820 3999 1194 4072 ρι’ωεθηιὼιιε
1213 3999 1430 4054 ibidem
1446 3999 1618 4055 totius
1636 4002 1948 4055 conventus
1978 4000 2094 4054 fra-
2195 4001 2482 4072 episcopo,
2515 4001 2704 4072 ipsum
2733 4003 2994 4058 Ecclesiae
3023 4004 3104 4058 illi
3135 4005 3488 4078 episcopum
3513 4009 3887 4070 destinavit.

475 4096 656 4151 tribus
690 4097 750 4148 et
776 4092 1033 4148 discretis
1061 4092 1213 4160 viris,
1241 4093 1489 4148 Roberto
1517 4095 1661 4151 Ovem
1687 4093 1892 4162 Anglo,
1924 4095 1981 4147 et
2008 4092 2096 4147 Ni-
2191 4096 2318 4150 Jam
2344 4098 2638 4166 assumpto
2662 4095 3015 4166 episcopatu,
3040 4099 3220 4152 talem
3232 4115 3293 4153 se
3313 4103 3704 4176 tantumque
3725 4125 3884 4179 prm-

476 4189 639 4244 colao
665 4187 800 4244 Noel
821 4186 1077 4253 Picardo,
1106 4185 1452 4258 presbyteris
1483 4189 1540 4240 et
1579 4185 1870 4241 canonicis
1913 4187 2094 4241 Ceno-
2194 4187 2336 4255 buit,
2366 4189 2429 4241 ut
2451 4187 2509 4241 in
2527 4204 2767 4242 summa!
2781 4189 3098 4243 sanctitatis
3119 4193 3355 4246 culmen
3369 4200 3652 4266 evectus,
3695 4201 3887 4257 debili

475 4279 846 4337 manensibus
865 4283 924 4333 et
949 4278 1072 4334 aliis
1096 4295 1272 4350 quam
1298 4278 1560 4349 plurimis
1575 4279 1922 4333 Cenomanis
1941 4295 2098 4334 com-
2197 4296 2697 4350 usumgrcssuum,
2717 4298 2866 4336 caeco
2883 4281 3443 4341 restitueretvisum.
3470 4288 3595 4353 Qui
3619 4299 3772 4362 post
3801 4295 3887 4368 vi;

477 4372 856 4440 morantibus,
875 4375 1018 4427 teste
1034 4372 1220 4443 sigillo
1233 4387 1364 4426 meo
1376 4371 1633 4426 manuali
1651 4371 1742 4426 hic
1758 4371 2017 4442 apposito
2039 4375 2100 4428 et
2196 4373 2342 4445 ginti
2363 4373 2506 4428 duos
2520 4373 2880 4444 episcopatus
2897 4391 3100 4443 annos,
3118 4375 3260 4432 dum
3274 4394 3333 4433 se
3346 4387 3650 4438 cerneret
3663 4389 3883 4443 morbo

475 4466 880 4538 praedictorum
927 4465 1006 4520 sic
1051 4465 1371 4535 signatum,
1425 4465 1742 4520 Badocheau
1785 4464 1979 4519 abbas.
2028 4465 2092 4520 Β.
2196 4467 2356 4537 regio
2378 4467 2706 4537 calculoque
2731 4467 3064 4538 gravissime
3096 4469 3356 4542 fatigari,
3389 4473 3884 4552 Theodulphum

474 4561 630 4623 Oren,
660 4561 723 4614 N.
749 4563 904 4621 Noet,
924 4561 1098 4615 Maria
1122 4556 1404 4611 Notarius.
1436 4577 1465 4606 »
1507 4557 1634 4612 Haec
1665 4556 1762 4611 ibi.
2115 4563 2174 4637 Ι)
2197 4561 2468 4616 abbatem
2498 4559 2558 4614 in
2591 4560 2779 4615 locum
2805 4577 2970 4614 suum
2999 4564 3324 4634 praeelegit.
3355 4566 3550 4638 Cujus
3598 4589 3889 4630 assensus

544 4653 597 4708 4.
620 4653 716 4707 Est
734 4667 906 4724 supra
923 4649 1169 4740 Parisios
1193 4649 1346 4704 inter
1364 4649 1691 4721 Sequanam
1711 4651 2099 4706 etMatronam
2199 4670 2297 4708 rex
2338 4652 2585 4724 praebuit
2627 4653 3005 4709 voluntatem.
3066 4655 3184 4711 Sed
3228 4674 3348 4712 non
3401 4663 3691 4722 multum
3758 4673 3891 4740 post

475 4745 768 4817 provincia
783 4745 914 4800 Bria
928 4744 1044 4798 sive
1065 4737 1312 4811 Brionia,
1328 4743 1459 4800 etin
1477 4760 1546 4800 ea
1566 4744 1844 4816 oppidum
1868 4747 2100 4803 Chaume
2199 4750 2446 4816 tempus,
2473 4747 2694 4800 mutata
2728 4747 3035 4816 sententia,
3076 4747 3137 4802 in
3191 4749 3624 4822 Badegisilum
3670 4737 3887 4817 domus

474 4857 574 4895 seu
601 4841 837 4906 Cho‘mes,
865 4837 924 4892 in
947 4838 1108 4909 cujus
1134 4838 1371 4893 ecclesia
1397 4838 1548 4894 circa
1583 4853 1801 4892 annum
1837 4841 1972 4892 1530
2007 4837 2096 4893 in-
2199 4839 2373 4911 regiae
2402 4837 2687 4909 majorem
2716 4841 3063 4896 transfertur
3089 4842 3316 4898 electio.
3349 4846 3467 4910 Qui
3495 4852 3884 4922 tonsuratus,

473 4936 709 4988 ventum
753 4931 941 5026 fuisse
956 4948 1167 5026 corpus
1201 4931 1383 5026 sancti
1422 4932 1617 5026 Dosmi
1643 4931 1872 5026 (Gallice
1895 4931 2098 5003 Dosme)
2199 4932 2409 5026 gradus
2439 4949 2584 5026 quos
2608 4931 2799 5026 clerici
2825 4933 3144 4990 sortiuntur
3171 4938 3537 5010 ascendens,
3570 4953 3726 5017 post
3752 4966 3886 5022 qua-

474 5026 710 5098 ejusque
736 5029 908 5098 caput
928 5025 1146 5080 ibidem
1183 5025 1500 5097 quiescere,
1537 5024 1604 5080 ac
1649 5025 1842 5080 multis
1880 5025 2098 5081 clarere
2198 5025 2466 5096 draginta
2491 5025 2614 5079 dies
2638 5024 2927 5096 migrante
2954 5028 3254 5085 sacerdote
3282 5037 3608 5094 successit.
3638 5064 3670 5090 ››

473 5119 784 5185 miraculis,
807 5136 874 5174 ac
895 5119 1004 5173 dici
1025 5119 1197 5174 fuisse
1220 5117 1550 5190 episcOpum
1569 5119 2094 5186 Cenomanensem,
2267 5123 2318 5174 6.
2342 5119 2471 5173 Haec
2497 5118 2694 5174 omnia
2719 5119 2928 5175 desunt
2953 5121 3012 5176 in
3043 5123 3337 5193 praedictis
3381 5127 3524 5184 Mss.
3579 5137 3652 5189 et
3687 5136 3884 5192 viden-

473 5213 717 5266 testatur
735 5211 994 5266 Nicolaus
1007 5213 1234 5268 Gillisin
1251 5212 1822 5279 AnnalibusGallicis,
1845 5212 1906 5267 in
1920 5213 2094 5267 Fran-
2195 5217 2290 5268 tur
2315 5211 2684 5284 postmodum
2703 5211 2940 5283 inserta,
2975 5217 3034 5268 et
3053 5215 3112 5270 in
3144 5217 3344 5272 multis
3383 5222 3783 5284 refelluntur
3820 5247 3882 5284 ex

475 5303 622 5358 cisco
650 5303 838 5374 primo
866 5321 1002 5376 rege
1029 5305 1397 5374 Francorum,
1427 5307 1525 5361 fol.
1564 5309 1664 5362 553
1692 5305 1962 5360 editionis
1987 5307 2093 5360 Pa-
2193 5309 2350 5361 textu
2374 5305 2513 5360 Vitae
2534 5306 2713 5360 sancti
2734 5307 3001 5362 Domnoli
3031 5309 3102 5363 ab
3131 5314 3372 5367 auctore
3391 5331 3612 5374 coaevo
3648 5327 3716 5378 et
3737 5327 3880 5378 teste

471 5396 730 5451 risiensis
764 5400 915 5452 1617.
943 5399 1222 5454 Antonius
1251 5399 1610 5456 Corvaserius
1639 5399 1698 5453 in
1730 5415 1833 5454 sua
1875 5398 2092 5470 episco-
2195 5400 2418 5456 oculato
2448 5398 2703 5470 scriptae;
2737 5399 2854 5455 imo
2881 5404 2940 5454 et
2965 5419 3031 5456 ex
3066 5402 3194 5458 Vita
3223 5403 3490 5464 breviori
3521 5411 3642 5470 diu
3679 5421 3882 5488 postea

473 5505 682 5560 porum
699 5489 1220 5547 Cenomanensium
1252 5491 1515 5559 Historia,
1541 5492 1859 5547 arbitratur.
1876 5492 2094 5547 dictum
2195 5496 2452 5548 exarata:
2477 5492 2535 5546 in
2561 5492 2765 5563 quibus
2785 5497 3014 5549 sanctus
3034 5496 3358 5554 Domnolus
3375 5502 3762 5579 alienigena
3793 5513 3884 5566 ha-

472 5599 680 5655 corpus
705 5585 885 5640 sancti
898 5587 1090 5642 Dosmi
1110 5603 1233 5641 esse
1256 5585 1435 5640 sancti
1461 5585 1768 5652 Dommoli,
1791 5585 1946 5656 quod
1967 5586 2094 5640 nul-
2192 5587 2380 5652 betur,
2403 5603 2469 5640 ac
2496 5586 2680 5641 Roma
2701 5588 3102 5659 peregrinatus
3127 5589 3186 5645 in
3209 5593 3398 5648 Gallia
3413 5595 3556 5666 jam
3580 5605 3740 5660 tunc
3764 5606 3880 5677 epi-

471 5678 592 5733 lum
627 5678 860 5735 alterius
895 5697 1112 5736 nomen
1155 5677 1340 5748 magis
1365 5678 1687 5734 conveniat.
1725 5679 1933 5734 Verum
1961 5696 2092 5734 cum
2195 5695 2416 5750 scepus,
2437 5681 2876 5752 assumptusque
2889 5681 2963 5736 ad
2982 5683 3248 5754 regimen
3269 5687 3564 5748 Ecclesiae
3583 5697 3883 5754 Cenoma-

469 5771 678 5828 eodem
703 5775 966 5846 tempore
993 5787 1200 5844 corpus
1231 5771 1410 5826 sancti
1437 5771 1706 5826 Domnoli
1731 5771 1902 5826 fuerit
1921 5773 1981 5828 in
2009 5791 2095 5828 ec-
2193 5788 2419 5827 norum.
2451 5773 2729 5828 Fabulosa
2758 5790 2898 5844 ergo
2940 5774 3210 5831 videntur
3255 5796 3390 5850 quae
3439 5784 3521 5839 de
3571 5789 3878 5848 Βοωηοιο

467 5865 640 5924 clesia
667 5865 1005 5924 monasterii
1030 5864 1213 5925 sancti
1234 5863 2000 5938 Vincentiiﬁenomanensis,
2036 5870 2095 5925 et
2193 5865 2398 5924 abbate
2419 5865 2599 5924 sancti
2617 5867 2910 5925 Laurentii
2927 5868 3217 5943 dicuntur,
3237 5888 3306 5930 ac
3321 5875 3541 5938 forsan
3565 5884 3656 5944 ab
3685 5887 3875 5962 aliquo
