3994 6394
128 385 220 438 633

1419 386 1504 441 DE
1543 387 1796 444 SANCTO
1835 388 2171 444 DOMNOLO.

3367 396 3471 453 634

124 490 226 545 alio
254 488 563 543 Domonolo
590 495 751 559 gesta
768 490 839 546 ad
856 490 1009 546 hunc
1030 492 1516 548 Cenomanensem
1537 509 1738 566 perpe-
1758 510 1818 582 Α
1836 496 2068 552 ductum
2099 512 2216 552 esse
2246 502 2534 569 regestum
2563 500 2700 555 illud
2726 516 2907 573 usque
2930 501 2999 557 ad
3020 501 3296 558 domnum
3318 502 3464 559 Gau-

125 598 237 637 ram
263 581 716 651 transferuntur;
738 583 909 654 idque
937 600 1003 637 eo
1021 584 1262 651 facilius,
1284 601 1397 655 quo
1412 586 1599 641 notior
1619 592 1741 642 erat

394 690 528 747 qum
570 675 721 730 inter
745 681 1003 731 sanctum
1031 677 1376 733 Domnolum
1404 682 1459 733 et
1483 683 1739 735 sanctum

123 766 455 818 Germanum
482 762 812 833 episcopum
839 765 1210 821 Parisiensem
1237 766 1569 822 intercessit.
1593 769 1739 832 Quid

123 852 265 923 quod
289 851 368 906 ibi
406 855 636 906 sanctus
665 852 971 907 Domnulus
995 856 1273 907 statuatur
1294 854 1528 925 alicujus
1554 857 1740 925 prodi-

124 945 279 999 tionis
294 960 445 1013 reus,
465 945 567 1015 qui
590 944 820 999 nuntios
834 945 1059 999 Clotarii
1078 946 1229 1015 regis
1243 947 1311 1000 ad
1333 947 1739 1017 speculandum

124 1038 309 1093 missos
355 1036 611 1092 crebrius
655 1037 981 1092 occulebat?
1014 1038 1346 1108 Hujusmodi
1390 1056 1525 1094 sane
1573 1041 1739 1111 culpa

124 1132 234 1185 viro
273 1135 390 1185 tam
431 1133 626 1184 sancto
658 1145 774 1184 non
820 1129 1041 1184 videtur
1082 1133 1235 1185 recte
1270 1131 1465 1187 tribui.
1510 1133 1739 1188 Accedit

123 1224 260 1295 quod
280 1225 479 1277 auctor
496 1221 638 1277 Vitae
658 1221 827 1292 dicat,
844 1221 1188 1293 jampridem
1218 1223 1547 1279 defunctum
1565 1225 1738 1281 fuisse

122 1317 336 1370 beatum
368 1315 765 1369 Innocentium
792 1331 922 1369 cum
946 1316 1295 1371 Cenomanos
1320 1317 1472 1372 venit
1494 1318 1737 1372 Domno-

122 1410 218 1478 lus,
247 1408 488 1463 necdum
515 1407 628 1462 alio
646 1407 706 1462 in
731 1408 853 1478 ejus
875 1408 1061 1462 locum
1086 1409 1407 1481 subrogato.
1444 1411 1560 1465 Imo
1586 1412 1733 1466 Bon-

121 1503 383 1557 donnetus
408 1501 622 1573 aliique
652 1500 949 1571 scriptores
986 1503 1452 1569 Cenomanenses,
1480 1503 1735 1574 allegatis

120 1590 333 1645 vetustis
351 1589 715 1645 chartulariis
739 1588 934 1644 dicunt
953 1604 1022 1644 ex
1041 1588 1110 1644 iis
1126 1589 1324 1645 haberi
1345 1591 1735 1647 Scienfredum

120 1684 431 1756 quemdam,
464 1682 569 1755 qui
608 1686 833 1738 mortuo
859 1682 1181 1738 Innocentio
1213 1684 1406 1739 sedem
1444 1684 1730 1755 invaserit,

119 1793 208 1832 seu
241 1775 430 1848 potius
466 1775 727 1831 Ecclesia:
759 1776 895 1847 jura
932 1792 995 1829 ac
1020 1776 1187 1846 bona,
1218 1776 1427 1848 quippe
1462 1778 1561 1848 qui
1584 1794 1732 1833 nun-

118 1887 276 1942 quam
299 1886 358 1926 se
381 1869 769 1925 ordinandum
793 1869 1111 1939 curaverit;
1144 1870 1296 1925 unde
1330 1870 1546 1924 factum
1570 1871 1643 1925 sit
1672 1875 1736 1926 ut
1753 1865 1810 1937 B

115 1964 169 2017 in
184 1963 391 2018 conciio
413 1962 809 2018 Aurelianensi
831 1978 887 2033 v,
912 1978 1061 2017 anno
1088 1962 1429 2018 Childeberti
1456 1967 1544 2032 38,
1573 1963 1733 2020 Chri-

117 2058 180 2111 sti
206 2058 322 2127 547,
343 2056 547 2112 vicinis
572 2056 836 2111 omnibus
864 2055 1136 2127 episcopis
1166 2056 1618 2127 comparentibus
1633 2074 1736 2128 per

118 2166 169 2205 se
203 2154 297 2205 aut
342 2150 545 2205 missos
602 2164 749 2217 suos,
796 2149 929 2204 solis
972 2148 1216 2204 defuerit
1263 2149 1731 2218 Cenomanensis;

116 2259 273 2313 quem
292 2243 425 2298 inde
441 2242 724 2314 colligunt
734 2246 869 2297 tunc
885 2241 1106 2296 nullum
1119 2241 1312 2297 fuisse.
1334 2243 1598 2314 Optarem
1608 2260 1735 2315 pro-

117 2336 231 2391 duci
265 2335 612 2391 chartularia
652 2334 745 2391 illa
780 2351 852 2390 ex
887 2334 1093 2406 quibus
1129 2334 1479 2391 Scienfredus
1503 2335 1607 2390 iste
1636 2353 1731 2391 co-

117 2429 407 2501 gnoscitur,
433 2444 576 2484 nam
598 2445 670 2484 ex
694 2427 932 2499 publicis
961 2427 1093 2496 illis,
1113 2428 1159 2482 si
1196 2427 1443 2498 genuina
1469 2433 1618 2499 sunt,
1649 2429 1734 2484 in-

116 2522 426 2578 strumentis
441 2522 622 2594 longe
639 2520 846 2577 certius
857 2519 1078 2576 deﬁniri
1097 2520 1304 2591 poterit
1323 2522 1599 2594 cujusque
1620 2522 1733 2593 epi-

116 2616 254 2688 scopi
267 2620 691 2688 tempus,quam
704 2631 775 2670 ex
787 2615 999 2669 incerta
1009 2618 1367 2685 posterorum
1384 2616 1726 2687 conjectura:

116 2709 223 2779 qui,
250 2713 309 2764 ut
328 2710 502 2781 longa
518 2724 805 2764 annorum
827 2707 1003 2779 spatia
1028 2706 1221 2778 paucis
1243 2707 1512 2780 episcopis
1533 2709 1730 2781 imple-

116 2806 247 2872 rent,
273 2819 415 2874 quos
442 2802 657 2857 scilicet
667 2802 812 2858 solos
830 2803 1120 2868 noverant,
1156 2800 1414 2870 pluribus
1428 2803 1571 2858 forte
1585 2803 1727 2858 obli-

114 2896 263 2950 vione
283 2895 501 2966 deletis,
524 2896 701 2966 longa
727 2895 839 2950 illis
862 2897 1040 2966 spatia
1058 2914 1337 2953 annorum
1355 2897 1724 2967 assignavere.

176 2993 224 3043 7.
267 2988 355 3044 Sic
402 2988 463 3043 in
502 2992 730 3059 regesto
770 2989 1106 3061 pontiﬁcalis
1150 2991 1409 3046 Ecclesiae
1453 2992 1727 3046 Cenoma-

112 3081 286 3136 nensis
311 3098 416 3137 ms.
448 3097 635 3154 usque
661 3081 732 3136 ad
757 3098 974 3137 annum
993 3083 1220 3138 Domini
1243 3087 1397 3153 1255,
1426 3083 1725 3138 habentur:

115 3193 140 3225 α
174 3176 328 3231 Gesta
370 3176 574 3231 domni
611 3175 948 3246 Innocentis,
992 3176 1375 3231 Cenomanicae
1410 3176 1565 3230 urbis
1606 3175 1725 3247 epi-

112 3269 270 3341 scopi,
299 3270 400 3341 qui
436 3269 550 3324 fuit
590 3228 948 3340 temporibus,
964 3264 1239 3324 Anastasii
1268 3228 1659 3341 imperatoris:
1674 3273 1731 3324 et
1749 3228 1804 3301 Ο

110 3362 368 3420 Clodovzai
396 3362 573 3435 primi
598 3363 940 3417 Francorum
968 3364 1118 3435 regis
1157 3363 1456 3421 Christiani
1489 3366 1544 3417 et
1572 3362 1725 3418 Chil-

107 3456 311 3512 deberti
347 3456 451 3511 ﬁlii
488 3457 635 3527 ejus,
663 3476 691 3505 ››
733 3456 1049 3527 diciturque
1077 3458 1231 3528 quod
1263 3478 1290 3506 ‹‹
1323 3456 1475 3519 sedit,
1492 3456 1550 3509 in
1576 3472 1724 3526 pra:-

107 3548 242 3604 dicta
283 3550 416 3605 sede
454 3565 638 3604 annos
681 3550 747 3603 45
789 3565 1012 3605 menses
1052 3553 1116 3605 10
1163 3550 1281 3606 (1165
1314 3554 1404 3619 25,
1430 3554 1487 3603 61
1513 3548 1644 3603 fecit
1666 3548 1726 3602 in

107 3641 215 3712 ipsa
260 3642 646 3698 ordinationes
685 3642 1133 3714 quinquaginta;
1173 3643 1528 3714 presbyteros
1572 3641 1727 3696 enim

108 3735 435 3791 consecravit
489 3738 619 3805 318,
679 3739 733 3790 et
786 3735 980 3790 levitas
1034 3740 1204 3807 atque
1253 3736 1392 3790 alios
1442 3737 1725 3791 ministros

107 3832 371 3899 quantum
410 3844 642 3884 necesse
677 3828 811 3884 fuit.
847 3848 876 3881 »
916 3828 1125 3884 Deinde
1150 3832 1467 3900 sequuntur
1496 3850 1525 3879 ‹‹
1563 3831 1726 3886 Gesta

107 3921 287 3977 damni
313 3922 599 3991 Domnoli,
627 3921 1014 3977 Cenomanica:
1032 3921 1185 3977 urbis
1210 3922 1477 3994 episc0pi,
1501 3923 1599 3995 qui
1617 3923 1725 3979 fuit

106 4015 449 4086 temporibus
496 4014 721 4070 ultimis
778 4014 1121 4071 Childeberti
1164 4020 1221 4070 et
1276 4015 1503 4072 Clotarii
1554 4020 1724 4087 atque

106 4105 278 4174 primo
320 4110 576 4177 tempore
627 4103 928 4176 Chilperici
1114 4105 1292 4177 ipsius
1338 4106 1583 4175 Clotarii,
1625 4105 1725 4176 qui

105 4197 324 4253 fuerunt
346 4214 512 4270 reges
554 4198 936 4267 Francorum;
970 4219 997 4247 ››
1038 4202 1095 4253 61
1121 4197 1327 4253 dicitur
1363 4199 1514 4271 quod
1541 4198 1726 4254 «sedit

108 4290 159 4344 in
183 4291 446 4363 praedicta
474 4291 606 4346 sede
625 4307 803 4346 annos
822 4291 911 4360 46,
942 4307 1165 4346 menses
1194 4295 1279 4359 11,
1310 4291 1427 4347 dies
1453 4294 1542 4359 24,
1576 4292 1726 4347 6116-

106 4384 175 4437 cit
202 4384 582 4441 ordinationes
602 4384 977 4456 septuaginta,
1010 4384 1365 4456 presbyteros
1391 4388 1514 4455 360,
1545 4385 1727 4440 diaco-

108 4494 200 4531 nos
223 4481 346 4548 250,
379 4482 436 4534 et
463 4477 713 4549 reliquos
738 4477 1024 4532 ministros
1056 4478 1418 4535 sufﬁcienter.
1451 4502 1479 4528 »
1512 4478 1724 4534 Simili-

1836 590 2049 644 fridum
2072 590 2143 645 de
2162 591 2451 661 Lauduno,
2473 609 2604 647 cum
2624 609 2737 664 quo
2763 593 2988 649 desinit.
3017 596 3129 649 Hoc
3150 599 3342 651 autem
3361 614 3469 668 po-

1837 682 1963 751 sito,
1993 698 2342 754 consequens
2369 685 2539 739 etiam
2560 686 2708 740 foret
2736 690 2919 741 totum
2939 703 3058 741 esse
3088 689 3468 759 compositum

1838 776 1940 829 sub
1959 776 2079 845 ejus
2103 792 2417 831 successore
2448 778 2656 833 domno
2685 779 2985 834 Guilielmo
3016 782 3247 844 Roland,
3287 798 3467 837 saecu-

1836 866 1893 921 lo
1928 883 2044 936 x111,
2085 868 2252 938 juxta
2276 886 2399 925 eam
2435 887 2564 942 quae
2590 876 2727 925 tunc
2764 872 3079 927 habebatur
3103 873 3237 928 satis
3266 875 3463 930 vitiosa

1837 960 2179 1014 Francorum
2209 977 2412 1031 regum
2438 963 2895 1035 chronologiam;
2926 969 2981 1019 et
2999 980 3267 1021 numeros
3294 984 3473 1043 anno-5

1836 1067 1985 1117 rum,
2017 1053 2318 1120 mensium,
2346 1054 2587 1124 dierum,
2620 1056 2826 1128 cuique
2852 1056 3197 1128 episcopatui
3221 1060 3465 1114 attribu-

1838 1146 2060 1213 torum;
2103 1146 2200 1216 qui
2242 1151 2308 1200 ut
2345 1148 2745 1217 posterioribus
2790 1149 3010 1204 saeculis
3057 1151 3196 1205 certi
3233 1152 3465 1221 fuerint,

1834 1252 1950 1291 non
1978 1241 2060 1293 est
2084 1238 2351 1294 credibile
2376 1255 2469 1294 eos
2497 1257 2657 1311 teque
2689 1245 2866 1297 certos
2890 1242 3056 1298 fuisse
3083 1259 3181 1298 sex
3216 1244 3303 1300 vel
3335 1251 3460 1301 octo

1834 1329 2117 1400 prioribus
2149 1348 2164 1385 :
2204 1330 2323 1386 imo
2350 1348 2455 1403 pro
2480 1332 2678 1404 primis
2704 1334 2902 1389 saltem
2921 1336 3093 1406 gratis
3119 1352 3237 1392 esse
3262 1337 3465 1393 deﬁni-

1833 1429 1919 1481 tos
1955 1443 2074 1481 non
2099 1428 2283 1482 solum
2319 1445 2518 1485 censeo
2550 1446 2677 1501 ego,
2709 1431 2807 1486 sed
2849 1435 2906 1487 et
2944 1432 3366 1506 Bondonnetus,
3410 1439 3466 1491 et

1832 1519 2191 1575 versimiliter
2214 1520 2310 1575 alii
2333 1522 2484 1593 apud
2516 1523 2869 1579 Cenomanos
2896 1524 3105 1581 eruditi
3128 1525 3257 1580 viri.

1905 1616 1959 1667 8.
1993 1615 2057 1667 In
2089 1614 2361 1668 Domnolo
2389 1620 2538 1670 certe
2577 1615 2635 1669 id
2660 1616 2875 1672 clarum
2906 1621 3007 1688 est,
3040 1617 3132 1673 cui
3167 1618 3304 1675 anni
3342 1618 3463 1676 fere

1832 1705 2232 1777 quadringinta
2256 1711 2473 1779 septem
2500 1707 2828 1765 tribuuntur
2850 1710 2920 1765 ab
2942 1710 3161 1768 ultimis
3187 1712 3459 1785 tempori-

1833 1797 1938 1852 bus
1965 1798 2323 1870 Childeberti,
2354 1799 2452 1872 qui
2471 1800 2609 1856 obiit
2638 1817 2789 1857 anno
2814 1802 2979 1874 regni
2997 1805 3087 1874 49,
3111 1804 3318 1860 Christi
3337 1808 3460 1875 558,

1833 1906 2011 1961 usque
2054 1891 2240 1962 prima
2286 1896 2546 1965 tempora
2588 1894 2910 1966 Chilperici,
2962 1896 3062 1968 qui
3109 1897 3277 1969 ccepit
3316 1915 3463 1953 anno

1832 1983 2038 2038 Christi
2076 1988 2200 2039 561.
2245 1985 2477 2040 Interim
2510 2002 2659 2041 anno
2694 1987 3037 2043 Childeberti
3069 1989 3221 2060 regis
3249 1994 3317 2046 30
3358 1991 3460 2046 ha-

1832 2075 1951 2130 bita
1976 2079 2061 2131 est
2085 2077 2331 2148 synodus
2357 2078 2771 2134 Aurelianensis
2796 2096 2870 2148 1v,
2901 2080 2993 2135 cui
3023 2082 3378 2138 Innocentius
3402 2083 3464 2139 in

1832 2168 2038 2224 Christi
2067 2169 2302 2226 nomine
2332 2171 2629 2243 episcopus
2654 2172 2891 2227 civitatis
2914 2174 3302 2230 Cenomanicae
3325 2192 3460 2232 con-

1833 2261 2007 2317 sensit
2034 2268 2090 2318 et
2127 2264 2476 2335 subscripsit,
2512 2264 2652 2320 adeo
2690 2270 2755 2320 ut
2788 2265 2881 2320 hic
2914 2266 3162 2322 fortassis
3190 2284 3305 2324 non
3333 2273 3464 2325 ante

1831 2371 2046 2410 annum
2087 2356 2189 2412 546
2236 2357 2538 2412 excesserit
2574 2374 2604 2413 e
2644 2358 2804 2413 vivis.
2835 2359 3008 2430 Cujus
3043 2360 3233 2416 locum
3272 2362 3318 2417 si
3357 2362 3459 2417 ali-

1831 2464 2002 2519 quam
2030 2448 2223 2503 multis
2249 2450 2411 2504 annis
2434 2450 2613 2505 tenuit
2635 2467 2927 2522 nunquam
2957 2452 3250 2508 ordinatus
3274 2454 3460 2510 Scien-

1829 2540 2041 2611 fredus,
2058 2544 2326 2612 poterunt
2337 2541 2499 2596 initia
2514 2543 2795 2612 Domnoli,
2813 2544 3000 2614 potius
3018 2561 3190 2616 quam
3206 2546 3355 2615 ﬁnis,
3375 2563 3459 2603 re-

1828 2632 1963 2687 ferri
1992 2634 2063 2689 ad
2089 2634 2276 2705 prima
2309 2638 2565 2706 tempora
2597 2636 2898 2707 Chilperici
2930 2654 2944 2691 :
2977 2654 3081 2708 pro
3120 2655 3231 2709 quo
3260 2642 3456 2695 tamen

1830 2726 2035 2780 rectius
2074 2727 2414 2781 scriberetur
2457 2744 2664 2783 nomen
2698 2729 2886 2783 fratris
2925 2729 3257 2809 Chariberti,
3301 2732 3457 2786 Pari-

1830 2818 2012 2873 siense
2041 2836 2308 2891 regnum,
2330 2820 2433 2875 sub
2461 2837 2573 2893 quo
2593 2822 2897 2877 Cenomani
2923 2826 3102 2892 erant,
3130 2826 3258 2894 post
3280 2823 3455 2879 Clota-

1829 2910 1899 2965 rii
1925 2912 2100 2981 patris
2131 2916 2374 2967 mortem
2402 2912 2724 2983 obtinentis,
2754 2914 2898 2969 sicut
2929 2931 3174 2986 regnum
3202 2916 3455 2971 Suessio-

1828 3019 2001 3059 nense
2030 3004 2317 3059 obtinebat
2344 3006 2708 3077 Chilpericus.
2730 3006 2941 3062 Poterit
2958 3007 3129 3063 etiam
3159 3009 3236 3064 sic
3255 3026 3457 3066 verum

1828 3111 1969 3165 esse,
2000 3096 2154 3168 quod
2191 3098 2444 3168 Gregorii
2477 3099 2812 3154 Turonensis
2849 3099 3236 3173 interpolator,
3264 3102 3460 3158 auctdr

1826 3204 1943 3243 non
1968 3189 2199 3260 quidem
2226 3189 2601 3259 ﬁdelissimus,
2620 3193 2718 3247 sed
2736 3196 2925 3247 tamen
2950 3193 3209 3265 pluribus
3239 3195 3457 3251 saeculis

1826 3282 2117 3354 antiquior
2150 3288 2397 3354 regesto,
2422 3284 2500 3344 de
2539 3286 2814 3340 Domnolo
2844 3286 3081 3357 scripsit,
3115 3293 3240 3359 post
3263 3291 3461 3356 viginti

1826 3374 1958 3429 duos
1970 3378 2304 3445 episcopatus
2323 3391 2489 3431 annos
2504 3394 2879 3434 successorem
2890 3380 3197 3451 postulasse
3212 3381 3460 3452 611111116-

1824 3471 2019 3523 trasse.
2035 3468 2196 3523 Certe
2216 3469 2401 3539 prima
2428 3470 2549 3539 ejus
2564 3471 2762 3525 notitia
2774 3488 2932 3527 anno
2952 3472 3161 3528 Christi
3188 3476 3290 3528 567
3306 3472 3457 3529 inve-

1823 3561 1982 3615 nitur
2007 3560 2066 3614 in
2092 3562 2301 3632 synodo
2324 3563 2634 3617 Turonensi
2660 3579 2719 3631 11,
2742 3568 2829 3619 cui
2854 3581 2925 3620 xv
2949 3564 3223 3620 Kalendas
3238 3568 3454 3621 Decem-

1825 3654 1955 3717 bris,
1984 3653 2310 3709 Chariberto
2332 3670 2546 3709 annum
2573 3660 2795 3714 sextum
2824 3663 3119 3729 regnante,
3139 3659 3461 3728 subscripsit

1824 3748 2128 3809 Domnolus,
2165 3752 2412 3817 peccator
2443 3751 2717 3819 episcopus
2743 3751 2986 3806 Ecclesiae
3023 3751 3449 3807 Cenomanensis.

1893 3839 2181 3894 Obtulerat
2194 3840 2326 3895 huic
2343 3842 2556 3913 synodo
2576 3841 2873 3912 epistolam
2890 3848 3082 3899 sancta
3090 3845 3455 3915 Redegundis

1823 3931 2038 4003 regina,
2077 3948 2193 4003 qua
2217 3934 2381 4005 petiit
2410 3935 2646 3990 tutelam
2675 3939 2731 3990 et
2754 3935 3112 3991 stabilitatem
3126 3937 3400 3993 institutae
3422 3955 3457 3992 a

1822 4040 1880 4079 se
1905 4026 2348 4098 congregationi,
2386 4044 2559 4099 quam
2593 4027 3001 4085 conﬁrmarunt
3032 4034 3253 4085 sanctus
3278 4031 3453 4085 Dom-

1822 4118 1986 4173 nolus
2010 4118 2217 4190 aliique
2245 4119 2493 4192 epiSCOpi
2520 4120 2744 4176 decreto
2766 4138 2888 4192 suo,
2917 4123 3068 4194 quod
3095 4126 3275 4178 exstat
3302 4124 3454 4195 apud

1824 4212 2161 4282 Gregorium
2201 4213 2606 4283 Turonensem,
2648 4214 2749 4269 lib.
2795 4231 2850 4271 1x
2892 4216 3029 4271 Hist.
3078 4217 3451 4286 Francorum,

1823 4320 1945 4376 cap.
1969 4307 2058 4359 39.
2088 4306 2239 4360 Inter
2271 4305 2558 4377 episcopos
2595 4308 2694 4378 qui
2724 4312 2860 4362 tunc
2898 4308 3280 4364 interfuerunt
3304 4311 3455 4365 dicto

1824 4396 2058 4451 concilio
2083 4398 2392 4453 Turonensi
2423 4398 2534 4453 fuit
2559 4400 2712 4454 Felix
2739 4400 3034 4472 episcopus
3059 4402 3451 4479 Nannetensis,

1822 4490 1893 4544 ad
1921 4506 2092 4560 quem
2119 4494 2300 4545 exstat
2318 4507 2522 4561 poema
2546 4492 2839 4546 Fortunati
2864 4484 3110 4563 episcopi
3140 4494 3450 4548 Pictavien-

108 4575 185 4624 ter
203 4571 260 4625 in
282 4570 573 4626 Addendis
593 4571 664 4626 ad
683 4573 749 4626 28
772 4571 1020 4626 Januarii
1055 4571 1413 4627 exhibuimus
1436 4572 1722 4644 (Bolland.)
1742 4589 1802 4661 Ι)
1825 4582 1920 4648 δίε,
1947 4582 2047 4636 lib,
2074 4598 2155 4649 ω,
2186 4598 2348 4637 num.
2372 4586 2424 4649 6,
2449 4584 2518 4638 de
2549 4583 2907 4638 Dedicationc
2927 4583 3172 4639 ecclesiae
3198 4602 3336 4655 suae,
3361 4587 3452 4641 cui

110 4664 301 4719 «Gesta
321 4664 523 4720 domni
541 4664 841 4733 Haduindi,
864 4666 1254 4721 Cenomanicae
1270 4665 1427 4720 urbis
1448 4665 1719 4737 episcopi,

104 4757 198 4825 qui
230 4758 338 4813 fuit
373 4758 581 4813 ultimo
613 4760 872 4829 tempore
914 4758 1137 4815 Clotarii
1180 4758 1282 4813 ﬁlii
1315 4750 1634 4830 Chilperici,
1666 4763 1723 4815 et

104 4853 347 4921 tempore
386 4851 696 4922 Dagoberti
868 4851 1121 4921 Clotarii,
1163 4857 1218 4907 et
1254 4851 1441 4923 primo
1467 4855 1721 4922 tempore

102 4943 368 4999 Clodovmi
392 4944 494 4999 ﬁlii
523 4944 773 5015 ejusdem
802 4945 1101 5017 Dagoberti
1128 4961 1142 4999 ε
1178 4966 1205 4995 ››
1234 4945 1391 5002 Circa
1416 4944 1587 4999 ﬁnem
1615 4961 1718 4999 au-

104 5040 209 5091 tem
229 5038 499 5093 asseritur
524 5038 676 5108 quod
699 5059 727 5088 «
759 5038 905 5093 sedit
922 5038 982 5093 in
1003 5038 1272 5110 prtedicta
1293 5039 1422 5093 sede
1436 5054 1615 5092 annos
1629 5041 1717 5108 30,

102 5146 310 5187 menses
339 5136 424 5200 11,
455 5130 575 5186 (1165
599 5134 688 5187 23.
735 5152 762 5180 ››
791 5132 989 5203 Opera:
1020 5131 1267 5203 pretium
1296 5137 1440 5187 esset
1460 5130 1601 5185 illud
1626 5147 1717 5187 re-

101 5210 313 5293 gestum
341 5225 638 5297 integrum
672 5225 793 5281 dari
831 5225 893 5280 in
919 5226 1125 5295 lucem,
1148 5230 1274 5280 tum
1298 5228 1532 5297 propter
1556 5225 1719 5296 plura

98 5316 438 5388 singulorum
456 5317 850 5390 episcoporum
863 5322 1019 5390 gesta
1034 5318 1155 5389 subj
1164 5323 1331 5374 uncta
1340 5318 1721 5374 instrumenta

98 5411 525 5467 Cenomanensis
555 5411 807 5467 historias
831 5412 1203 5468 fundamenta
1228 5414 1284 5467 et
1304 5411 1586 5484 principia
1609 5413 1720 5467 for-

74 5496 191 5558 ~san
213 5505 587 5561 vehementer,
607 5505 976 5573 illustratura,
1002 5522 1108 5560 nec
1143 5521 1257 5559 non
1283 5505 1519 5576 reliquae
1547 5505 1716 5561 Galli-

98 5611 245 5651 cana:
269 5598 523 5654 historiae
547 5615 824 5671 magnum
849 5598 1165 5654 subsidium
1191 5598 1461 5666 allatura;
1495 5602 1620 5652 tum
1647 5598 1718 5654 ad

97 5693 438 5746 commodius
458 5692 832 5764 judicandum
857 5693 926 5749 de
951 5692 1220 5765 singulis;
1263 5691 1537 5747 nonnulla
1564 5692 1717 5747 enim

97 5787 241 5838 certo
274 5785 592 5841 adulterata
631 5792 764 5842 sunt
795 5792 894 5842 aut
930 5787 1160 5841 omnino
1217 5785 1428 5840 fictitia.
1489 5785 1717 5840 Interim

97 5892 434 5947 praesumere
459 5879 611 5952 licet,
639 5896 752 5954 quo
779 5881 921 5954 stylo
946 5884 1195 5954 caaptum
1230 5883 1333 5952 est,
1361 5879 1558 5938 eodem
1585 5895 1715 5952 per-

1821 4677 2078 4731 sanctum
2107 4675 2442 4730 Domnolum
2470 4676 2787 4732 interfuisse
2813 4678 2920 4731 hoc
2947 4693 3114 4733 versu
3139 4679 3404 4734 meminit
3430 4698 3445 4734 :

1942 4782 2227 4845 Domnolus
2248 4780 2333 4845 hic
2358 4781 2531 4845 fulget
2551 4781 2765 4839 meritis,
2792 4782 3135 4833 Matucharius
3160 4782 3303 4844 inde,

2003 4844 2125 4894 Jure
2155 4843 2433 4894 sacerdotii
2446 4843 2626 4894 cultor
2650 4849 2863 4908 uterque
2894 4844 3005 4894 Dei.

1891 4947 2217 5003 Chariberto
2262 4964 2395 5018 rege
2427 4947 2771 5003 Parisiorum
2818 4951 3042 5002 mortuo
3089 4947 3191 5001 sub
3233 4963 3449 5001 annum

1820 5043 1942 5108 570,
1971 5039 2279 5105 Cenomani
2301 5040 2535 5096 fuerunt
2568 5040 2671 5096 sub
2700 5040 2981 5112 regimine
3007 5039 3307 5112 Chilperici
3331 5041 3446 5095 fra-

1818 5132 1919 5187 tris
1946 5134 2066 5204 ejus
2092 5133 2243 5204 regis
2269 5133 2652 5202 Suessionum,
2670 5134 2830 5204 cujus
2856 5132 3021 5204 regni
3048 5149 3198 5188 anno
3229 5136 3316 5204 11,
3338 5124 3451 5205 pri-

1818 5225 1908 5280 die
1932 5227 2117 5281 Nonas
2141 5226 2341 5295 Martii,
2381 5225 2438 5280 id
2466 5231 2548 5281 est
2585 5242 2693 5281 ano
2721 5230 2845 5297 572,
2873 5227 3314 5282 instrumentum
3344 5244 3449 5299 pro

1818 5319 2161 5374 monasterio
2189 5323 2515 5374 sanctorum
2543 5319 2818 5374 Vincentii
2844 5324 2900 5375 et
2924 5320 3231 5383 Laurentii,
3255 5320 3447 5393 signa-

1817 5416 1941 5467 tum
1968 5418 2051 5467 est
2085 5412 2154 5466 ab
2180 5412 2301 5483 ipso
2330 5412 2622 5480 Domnolo,
2664 5418 2719 5467 et
2748 5429 2781 5467 a
2807 5417 2997 5467 sancto
3021 5414 3297 5468 Germano
3327 5415 3446 5486 epi-

1818 5523 1983 5576 scopo
2010 5505 2323 5574 Parisiensi,
2354 5505 2457 5560 sub
2486 5523 2702 5560 annum
2731 5510 2831 5561 576
2862 5506 2976 5561 vita
3000 5506 3215 5563 functo.
3239 5507 3322 5561 Ab
3342 5507 3447 5561 hoc

1816 5605 2007 5655 autem
2035 5599 2409 5654 instrumento
2430 5598 2712 5654 diversum
2739 5600 2961 5655 videtur
2982 5600 3040 5655 id
3065 5601 3217 5672 quod
3246 5600 3448 5654 citatur

1815 5691 1874 5745 in
1903 5692 2027 5747 Vita
2054 5691 2317 5760 breviori,
2348 5708 2510 5747 num.
2544 5694 2597 5763 4,
2638 5697 2702 5747 ut
2723 5692 2935 5767 factum
2963 5710 3066 5765 pro
3094 5692 3292 5747 eodem
3317 5707 3441 5744 mo-

1816 5784 2060 5840 nasterio
2090 5802 2103 5839 :
2133 5786 2266 5857 quia
2290 5789 2638 5841 memoratus
2672 5786 3086 5853 Bondonnetus,
3114 5802 3172 5854 p.
3203 5783 3323 5849 268,
3351 5797 3437 5833 as-

1814 5865 1950 5935 serit
1976 5878 2082 5936 hoc
2117 5895 2235 5939 esse
2264 5879 2549 5955 signatum
2582 5880 2751 5937 Nonis
2783 5876 3142 5952 Septembris,
3186 5887 3333 5929 anno
3368 5875 3437 5927 2O
