3994 6424
506 386 608 443 635

1430 383 1662 441 SANCTl
1700 379 2010 448 DOMNOLI,
2052 376 2347 436 EPISCOPI
2383 373 2908 441 CENOMANBNSIS,

3785 365 3893 424 036

500 488 818 566 Chilperici,
839 488 898 548 id
925 492 1010 549 est
1032 487 1237 548 Christi
1261 492 1382 551 581.
1409 491 1526 548 Hoc
1549 507 1688 564 ergo
1711 505 1858 546 anno
1884 487 1931 545 si
1956 503 2112 544 mor-
2133 504 2192 578 Α
2211 489 2357 542 esset
2380 481 3022 578 diderendmdestructo
3200 490 3380 534 annos
3403 472 3616 578 ferme

499 589 661 640 tuum
690 585 940 640 dicamus
975 589 1232 641 sanctum
1263 585 1604 640 Domnolum
1643 584 1793 656 (nam
1827 597 2112 638 successor
2133 566 2192 578 ’⁸
2211 577 2496 636 Casinensi
2520 573 2789 644 coenobio,
2830 572 3058 646 quando
3088 572 3316 628 Maurus
3343 568 3534 625 sancti
3571 566 3896 624 Benedicti

496 677 826 748 Badigisilus
871 677 1129 734 interfuit
1166 677 1402 734 concilio
1437 681 1470 736 2
1507 667 1934 746 Matisconensi,‘
1963 689 2112 730 anno

495 771 625 838 585;
656 774 731 840 et,
764 769 929 841 juxta
955 770 1207 842 Gregorii
1235 769 1562 843 interpolati
1591 786 1715 842 cap.
1746 771 1834 838 39,
1860 768 1958 824 lib.
1988 782 2108 837 vIII,

497 864 683 932 quinto
715 864 923 934 empleto
959 863 1363 934 ingrediebatur
1393 867 1602 918 semtwn
1635 864 1724 918 sui
1753 863 2109 933 episcopatus,

493 969 640 1010 anno
664 958 720 1012 tl
741 955 1084 1012 Childeberti
1098 955 1513 1014 Austrasiorum
1538 955 1708 1027 regis,
1731 953 1937 1012 Christi
1963 951 2108 1024 587),

493 1047 839 1120 episcopatus
886 1049 1141 1104 Domnoli
1183 1065 1299 1104 non
1346 1052 1566 1105 tantum
1607 1047 1768 1104 initia
1813 1044 2113 1118 Chilperici

491 1141 765 1216 attigerit,
799 1142 897 1197 sed
921 1146 1106 1198 totum
1140 1141 1260 1198 fere
1301 1142 1453 1198 illius
1481 1157 1574 1197 am
1605 1141 1757 1214 apud
1793 1139 2112 1196 Suessiones

492 1251 665 1310 quam
693 1235 930 1291 Parisios
957 1252 1202 1308 regnum
1241 1234 1549 1308 aequaverit
1565 1253 1584 1306 ;
1621 1234 1726 1290 nec
1756 1237 1950 1290 tamen
1984 1232 2112 1304 plus

493 1329 672 1384 multo
695 1344 871 1401 quam
896 1329 1061 1385 annis
1085 1331 1154 1386 22
1185 1329 1410 1399 sederit,
1444 1327 1717 1400 incipiens
1735 1342 1884 1383 anno
1908 1323 2112 1382 Christi

491 1424 615 1493 559,
644 1423 703 1478 et
729 1427 986 1478 mortuus
1013 1425 1138 1493 581,
1167 1421 1258 1478 die
1286 1426 1308 1478 ί
1342 1421 1684 1478 Decembris.

560 1519 615 1573 9.
643 1515 763 1572 Alia
789 1516 958 1572 rebus
984 1515 1162 1570 sancti
1185 1514 1443 1571 Domnoli
1469 1513 1778 1570 obscuritas
1803 1511 2114 1568 oﬁ‘unditur

489 1624 558 1666 ex
582 1608 706 1664 Vita
728 1608 904 1664 sancti
931 1607 1128 1676 Mauri,
1153 1623 1326 1680 quam
1351 1608 1455 1663 sub
1475 1606 1706 1662 nomine
1729 1603 1920 1660 Fausti
1939 1604 2112 1660 coaavi

487 1701 784 1772 habemus,
814 1700 1182 1772 dedimusque
1206 1700 1278 1756 ad
1309 1704 1374 1756 l5
1406 1699 1658 1756 Januarii
1685 1698 1998 1770 (Bolland.).
2033 1696 2113 1753 lbi

488 1795 660 1866 enim,
686 1811 850 1850 num.
893 1796 979 1864 l6,
1019 1809 1056 1850 a
1097 1795 1398 1851 beatissimo
1427 1796 1818 1864 Bertigramno,
1862 1795 2114 1851 Cenoma-

2208 671 2514 744 discipulus
2540 667 2822 724 debuisset
2835 665 3008 722 fuisse
3031 665 3362 720 centenario
3387 661 3772 736 proximus),
3796 660 3900 716 sed

2207 763 2413 837 potius,
2447 766 2508 816 ut
2539 761 2826 832 prolixum
2849 759 2994 814 illud
3019 758 3089 813 de
3119 761 3319 812 sancto
3349 757 3556 811 Mauro
3585 753 3898 826 scriptum

2211 855 2383 930 (quod
2419 853 2595 911 veluti
2640 870 2712 910 ex
2763 851 3252 924 quaterniunculis
3309 867 3346 904 a
3409 849 3638 903 Fausto
3693 863 3901 902 coaevo

2209 949 2430 1022 scriptis
2458 947 2605 1002 circa
2625 950 2882 1002 sanctum
2913 943 3284 1000 Benedictum
3310 943 3565 1014 ejusque
3615 940 3900 1012 discipu-

2207 1043 2312 1110 los,
2342 1042 2412 1097 ab
2443 1041 2636 1098 Odone
2674 1038 3125 1096 Glannofoliense
3164 1040 3470 1108 acceptum
3513 1033 3900 1106 expolitum-

2209 1151 2319 1208 que
2335 1133 2674 1204 obtruditur)
2693 1147 2916 1188 merum
2934 1147 3052 1187 esse
3074 1128 3367 1202 sequentis
3382 1128 3497 1184 aevi
3519 1126 3904 1199 ﬁgmentum

2209 1228 2434 1300 opinor,
2463 1227 2516 1282 ei
2541 1225 2722 1282 simile
2747 1225 2901 1298 quod
2937 1224 3008 1280 de
3042 1221 3323 1296 martyrio
3352 1221 3548 1277 sancti
3577 1220 3818 1276 Placidi
3845 1225 3906 1278 et

2209 1325 2508 1392 sociorum,
2537 1323 2640 1380 sub
2667 1323 2900 1378 nomine
2925 1320 3197 1378 Gordiani
3217 1319 3572 1377 eorumdem
3599 1318 3900 1388 ministri,

2208 1423 2476 1492 habetur;
2519 1421 2610 1477 cui
2647 1419 2783 1493 quid
2827 1419 3020 1475 solidae
3057 1417 3312 1474 veritatis
3350 1417 3566 1489 subsit,
3601 1417 3775 1474 inter
3816 1421 3907 1474 tot

2208 1515 2631 1572 mendaciorum
2657 1517 2910 1569 monstra
2932 1515 3182 1584 nequeat
3204 1511 3295 1567 vel
3331 1527 3444 1584 per
3471 1511 3908 1584 conjecturam

2208 1609 2550 1682 prudentem
2572 1606 2816 1664 deﬁniri.
2838 1605 2957 1662 Nisi
2980 1605 3128 1662 forte
3158 1605 3348 1677 placet
3366 1603 3694 1678 suspicari,
3717 1604 3909 1676 paulo

2209 1707 2339 1758 ante
2381 1699 2722 1758 Cassinensis
2766 1698 3103 1755 monasterii
3146 1698 3361 1754 factam
3401 1713 3439 1754 a
3480 1697 3911 1770 Langobardis

2209 1794 2663 1864 destructionem,
2711 1791 2769 1848 id
2819 1796 2904 1848 est
2951 1797 3083 1847 ante
3135 1807 3358 1847 annum
3410 1793 3552 1860 589,
3602 1807 3643 1847 a
3695 1795 3910 1848 sancto

484 1890 617 1944 nica
657 1888 808 1943 urbis
843 1888 1106 1958 episcopo,
1159 1889 1426 1943 narratur
1447 1885 1655 1958 legatio
1678 1884 1850 1940 missa
1881 1884 1953 1938 ad
1991 1899 2114 1938 san-
2131 1877 2189 1952 B
2212 1890 2614 1960 Bertegramno
2641 1885 2874 1959 quidem
2900 1887 3203 1942 exoratum
3230 1883 3534 1954 Bonitum,
3565 1899 3699 1940 non
3721 1885 3912 1941 Bene-

489 1985 644 2038 ctum
668 1979 1055 2051 Benedictum,
1087 1996 1192 2052 pro
1219 1995 1453 2036 suorum
1482 1977 1696 2034 colonia
1733 1977 2064 2050 postulanda
2090 1993 2105 2032 :

488 2073 588 2146 qui
616 2076 875 2129 sanctum
899 2073 1157 2129 Maurum
1189 2071 1526 2144 discipulum
1545 2087 1676 2127 cum
1697 2069 1857 2126 sociis
1871 2071 2116 2143 quatuor

487 2165 756 2222 direxerit
783 2165 845 2221 in
865 2165 1123 2234 Galliam;
1162 2167 1261 2222 sed
1287 2165 1349 2221 hi
1377 2166 1460 2237 (ut
1495 2165 1702 2220 dicitur
1725 2180 1886 2219 num.
1914 2163 2000 2234 33)
2021 2163 2112 2218 in-

486 2259 806 2332 telligentes
831 2258 1074 2315 Aureliis
1101 2279 1130 2310 «
1166 2259 1396 2315 beatum
1427 2258 1882 2330 Bertigramnum
1907 2255 2115 2328 episco-

486 2368 627 2423 pum
653 2351 776 2423 jam
804 2351 1076 2423 migrasse
1107 2352 1180 2408 ad
1217 2351 1541 2420 Dominum,
1579 2351 1867 2422 aliumque
1901 2349 1962 2404 in
1991 2349 2114 2404 loco

491 2444 614 2516 ejus
635 2445 757 2516 jam
784 2444 1150 2501 substitutum
1185 2445 1542 2518 pontiﬁcem;
1576 2465 1604 2494 ››
1633 2460 1698 2498 ac
1723 2443 1924 2500 deinde
1947 2458 2110 2497 num.

488 2541 576 2607 35,
615 2538 766 2612 quod
805 2537 958 2594 locus
1003 2559 1033 2589 (ς
1070 2539 1374 2611 Rupiacus,
1414 2537 1520 2592 sibi
1563 2537 1635 2592 ad
1671 2535 2113 2592 construendum

481 2631 893 2692 monasterium
938 2648 973 2686 a
1013 2631 1176 2686 beato
1221 2630 1613 2703 Bertigramno
1667 2629 1941 2700 provisus,
1997 2644 2113 2683 non

485 2724 792 2779 admodum
821 2728 985 2795 aptus
1008 2728 1132 2780 erat
1157 2723 1407 2795 regulari
1446 2722 1822 2794 religioni.....
1851 2721 2114 2793 quodque

486 2816 793 2871 Domnolus
835 2817 1127 2888 episcopus
1158 2816 1302 2872 nihil
1337 2817 1408 2872 de
1451 2816 1557 2870 hac
1598 2831 1680 2885 re,
1709 2832 1738 2867 ν
1765 2827 1939 2886 quam
1977 2830 2113 2868 suus

488 2908 748 2964 decessor
772 2925 1006 2964 exorsus
1029 2914 1168 2979 erat,
1198 2931 1228 2960 «
1260 2909 1441 2964 facere
1465 2907 1653 2977 vellet,
1685 2929 1712 2957 »
1747 2906 2109 2978 respondens,

491 3021 520 3050 «
570 3017 628 3057 se
652 3001 896 3072 propriis
953 3003 1138 3072 magis
1184 3018 1357 3073 quam
1417 3001 1612 3056 alienis
1664 3000 1804 3055 velle
1855 2999 2111 3056 insistere

488 3094 705 3165 coeptis,
736 3110 809 3149 ne
833 3111 1004 3166 supra
1027 3095 1274 3150 alienum
1299 3093 1572 3150 aediﬁcare
1600 3093 1886 3149 videretur
1909 3093 2108 3148 funda-

489 3192 776 3254 mentum;
801 3206 829 3240 »
860 3188 1002 3255 haec,
1030 3187 1289 3260 inquam,
1314 3187 1631 3259 intelligens
1651 3190 1873 3241 sanctus
1892 3187 2112 3241 Maurus

489 3296 620 3334 cum
657 3279 838 3351 sociis,
869 3281 1120 3336 oblatum
1144 3281 1204 3336 in
1247 3280 1460 3336 ditione
1495 3279 1887 3350 Andegavensi
1923 3239 2184 3334 locumC

489 3374 808 3444 acceptarit,
841 3377 897 3430 et
929 3374 1381 3430 Glannofoliense
1408 3373 1815 3428 monasterium
1839 3371 2108 3428 fundarit.

489 3466 715 3520 Interim
743 3470 960 3522 constat
986 3468 1438 3538 Bertigramnum
1467 3483 1582 3520 non
1616 3465 1986 3538 praecessisse,
2014 3465 2107 3520 sed

486 3559 811 3614 successisse
837 3561 1050 3631 Majolo,
1081 3565 1208 3632 post
1227 3559 1553 3631 Baudigisili
1579 3559 2009 3631 quinquennem
2027 3563 2112 3630 ty-

484 3652 799 3720 rannidem,
829 3659 886 3708 et
927 3666 1077 3708 anno
1112 3656 1213 3708 589
1239 3653 1559 3724 rescripisse
1603 3653 1949 3707 Guntramno
1984 3651 2108 3723 regi

482 3745 542 3800 in
567 3761 735 3800 causa
764 3747 1178 3802 monachorum
1198 3746 1650 3812 Pictaviensium,
1673 3745 1820 3801 inter
1844 3750 1968 3800 octo
1993 3745 2110 3816 epi-

483 3854 677 3908 scopos
700 3838 990 3909 ultimum,
1021 3839 1174 3893 velut
1195 3839 1456 3892 omnium
1483 3838 1792 3908 juniorem.
1821 3838 1995 3892 Nemo
2027 3842 2110 3892 est

484 3930 660 4001 igitur
717 3931 866 3986 inter
907 3931 1209 3986 modernos
1251 3931 1550 4002 scriptores
1604 3930 1702 4002 qui
1746 3930 1945 3986 vitium
1993 3946 2108 3984 non

485 4027 753 4094 agnoscat
777 4023 1108 4094 Obrepsisse,
1127 4029 1222 4078 aut
1247 4023 1423 4079 Odoni
1445 4023 1630 4078 abbati
1651 4021 2104 4093 Glannofoliensi,

401 4167 406 4172 .
487 4116 666 4170 Vitam
693 4115 868 4170 sancti
903 4117 1103 4186 Mauri,
1137 4137 1166 4167 «
1193 4117 1343 4172 salva
1377 4116 1486 4171 ﬁde
1525 4117 1802 4172 dictorum
1837 4132 1901 4170 ac
1931 4116 2106 4170 mira-

483 4208 743 4263 culorum
789 4208 931 4262 inibi
983 4213 1358 4280 repertorum,
1410 4209 1690 4280 corrigere
1741 4209 2023 4280 satagenti
2075 4227 2104 4260 ››

483 4317 632 4356 anno
659 4303 781 4371 868,
809 4304 908 4355 aut
941 4301 1110 4372 hujus
1134 4302 1310 4374 ipsius
1335 4301 1752 4374 interpolatori;
1788 4301 1886 4356 sed
1913 4316 2108 4357 omnes

480 4394 599 4450 fere
639 4395 700 4449 in
727 4394 834 4450 hoc
862 4395 1223 4460 conveniunt,
1261 4399 1326 4452 ut
1353 4413 1458 4468 pro
1497 4395 1909 4466 Bertigramno,
1937 4395 2106 4449 Inno-

481 4488 764 4558 centium;
793 4505 896 4560 pro
913 4489 1210 4558 Domnolo,
1235 4488 1613 4545 Scienfridum
1631 4488 1948 4543 invasorem
1975 4503 2106 4542 cen-

481 4587 638 4637 seant
663 4597 782 4638 esse
821 4581 1273 4638 substituendum
1307 4599 1322 4637 :
1353 4599 1420 4638 eo
1457 4582 1606 4654 quod
1641 4580 1746 4636 sibi
1786 4585 1936 4636 certo
1971 4597 2104 4654 per-

480 4675 751 4730 suadeant
783 4675 1001 4731 vivente
1031 4675 1344 4730 etiamnum
1373 4680 1563 4730 sancto
1599 4674 1899 4730 Benedicto
1926 4675 2104 4730 dedu-

480 4772 628 4826 ctam
659 4784 777 4824 esse
815 4768 983 4824 istam
1018 4747 1422 4840 discipulorum
1455 4769 1575 4839 ejus
1605 4767 1913 4837 coloniam;
1941 4767 2106 4824 illum

481 4865 671 4917 autem
696 4878 798 4918 nos
826 4862 1174 4918 ostendimus
1199 4861 1400 4916 obiisse
1429 4877 1578 4916 anno
1603 4861 1728 4916 643.

553 4959 637 5010 10.
667 4956 784 5028 Ego
834 4972 968 5012 vero
1027 4956 1166 5011 dum
1207 4954 1500 5010 considero
1538 4953 1702 5010 toties
1764 4952 2107 5010 inculcatum

480 5049 851 5121 Bertigramni
869 5066 1082 5105 nomen
1109 5065 1340 5104 rursum
1359 5047 1540 5121 repeti
1566 5048 1627 5104 in
1649 5047 1884 5120 prologo
1903 5047 1974 5102 ad
1996 5048 2108 5102 his-

477 5141 684 5196 toriam
711 5143 1094 5198 translationis
1135 5142 1312 5197 sancti
1350 5142 1547 5212 Mauri,
1582 5160 1612 5194 α
1641 5155 1834 5214 quem,
1864 5160 1892 5189 »
1919 5139 2108 5212 inquit

479 5235 616 5301 Odo,
643 5235 892 5290 scribens
926 5235 1160 5290 Almodo
1195 5235 1584 5292 Cenomanicas
1627 5233 1874 5290 ecclesias
1917 5233 2104 5288 archi-

479 5327 731 5397 diacono,
764 5350 793 5377 «
825 5343 858 5382 a
885 5328 1148 5398 pontifice
1187 5334 1393 5384 sanctae
1421 5329 1587 5398 sedis,
1621 5327 1710 5383 cui
1739 5329 1849 5382 Deo
1878 5331 2106 5383 auctore

479 5419 752 5486 deservis,
794 5420 958 5474 beato
998 5420 1207 5476 scilicet
1247 5422 1702 5490 Bertichramno,
1748 5420 1991 5490 nostris,
2046 5423 2108 5475 ut

481 5512 678 5579 nostis,
703 5513 942 5566 ascitum
961 5513 1269 5584 gaudemus
1289 5516 1605 5587 provinciis.
1628 5533 1656 5566 ι(
1680 5515 1828 5584 Haec,
1849 5514 2103 5586 inquam,

479 5608 618 5663 dum
646 5606 959 5676 considero,
987 5607 1352 5664 vehementer
1371 5609 1657 5682 impellor,
1689 5623 1809 5661 non
1833 5613 1898 5663 ut
1925 5608 2106 5662 Berte-

2213 1980 2424 2037 dictum
2451 1979 2734 2050 abbatem,
2761 1995 2862 2034 suo
2892 1977 3279 2050 condiscipulo
3308 1979 3536 2048 Mauro,
3559 1977 3705 2050 jam
3733 1982 3912 2034 astate

2214 2074 2388 2146 gravi,
2429 2073 2674 2146 primam
2713 2077 2871 2128 trans
2915 2072 3088 2145 Alpes
3135 2071 3424 2128 coloniam
3467 2071 3911 2128 deducendam

2212 2166 2596 2237 commisisse;
2643 2167 2900 2224 Maurum
2947 2181 3086 2222 vero
3142 2163 3462 2235 intellecta,
3516 2180 3660 2220 non
3709 2171 3914 2222 morte

2212 2259 2482 2332 episcopi,
2507 2260 2606 2316 sed
2632 2259 2812 2315 turbis
2841 2259 2902 2315 in
2926 2257 3256 2332 episcopatu
3293 2257 3600 2312 suscitatis
3630 2274 3672 2313 a
3699 2259 3909 2316 deces-

2212 2353 2355 2408 soris
2380 2352 2631 2408 defuncti
2655 2352 2844 2422 vidua,
2885 2351 3070 2423 ipsam
3095 2350 3245 2406 forte
3274 2349 3533 2422 Rupiaci
3564 2351 3910 2422 possessio-

2210 2461 2345 2502 nem
2373 2446 2444 2501 ad
2471 2462 2530 2501 se
2555 2447 2838 2516 trahente,
2871 2444 2994 2500 istis
3023 2443 3342 2500 substitisse
3372 2442 3481 2498 ubi
3510 2446 3911 2502 commodior

2211 2537 2679 2610 tranquilliorque
2719 2537 3060 2593 offerebatur
3100 2537 3259 2592 locus
3298 2551 3454 2591 novo
3491 2535 3783 2594 instituti
3825 2539 3914 2595 sui

2210 2631 2549 2686 monasterio
2593 2629 2908 2686 condendo.
2965 2630 3210 2684 Istarum
3251 2631 3406 2684 certe
3449 2632 3912 2686 controversia-

2210 2739 2307 2777 rus
2333 2723 2486 2778 testis
2511 2727 2592 2780 est
2619 2722 2720 2778 lib.
2747 2739 2868 2793 VIII,
2908 2737 3032 2794 cap.
3079 2724 3169 2792 39,
3215 2721 3537 2793 Gregorius
3578 2723 3912 2781 Turonen-

2210 2815 2304 2886 sis,
2333 2815 2531 2872 saltem
2569 2815 2975 2887 interpolatus,
3007 2819 3065 2870 et
3097 2815 3363 2870 sufﬁcere
3401 2814 3526 2870 illae
3559 2821 3916 2889 potuerunt

2211 2907 2573 2964 disturbando
2595 2909 2780 2981 primo
2801 2907 3226 2979 Bertingramni
3239 2907 3503 2979 consilio,
3535 2912 3728 2982 quod
3759 2913 3912 2970 Cha-

2211 3001 2449 3058 doindus
2478 3018 2781 3070 successor,
2831 3001 2964 3056 satis
2998 3004 3268 3073 pacatum
3314 3001 3770 3072 pontiﬁcatum
3805 3008 3914 3062 ha—

2209 3094 2367 3164 hens,
2395 3094 2738 3150 exsecutioni
2763 3093 3066 3164 mandarit,
3103 3115 3131 3144 ‹‹
3160 3096 3219 3149 in
3242 3097 3363 3150 vico
3387 3094 3672 3162 Aurion,
3717 3116 3760 3154 a
3787 3101 3913 3156 Ru-

2209 3186 2371 3258 piaco
2395 3187 2525 3241 villa
2561 3187 2944 3258 dependente,
2983 3186 3401 3242 monasterium
3444 3195 3838 3248 construens
3865 3198 3920 3248 et

2210 3279 2439 3351 agmina
2461 3281 2872 3335 monachorum
2898 3279 3248 3352 regulariter
3286 3280 3433 3336 inibi
3460 3283 3593 3338 Deo
3630 3287 3915 3342 servien-

2207 3373 2352 3428 tium
2391 3372 2658 3428 nobiliter
2703 3373 3021 3428 instituens.
3070 3391 3100 3425 n
3145 3373 3251 3429 Sed
3295 3373 3422 3429 haec
3467 3376 3670 3447 plane
3713 3380 3916 3436 discu-

2207 3466 2398 3521 tienda
2447 3470 2615 3521 erunt
2656 3465 2718 3520 in
2763 3482 2912 3520 nova
2954 3469 3126 3538 atque
3165 3465 3226 3522 in
3264 3467 3523 3540 duplum
3569 3475 3910 3545 augenda,

2207 3575 2381 3630 quam
2405 3558 2616 3630 posteri
2642 3559 2942 3626 curabunt,
2967 3559 3216 3616 editione
3243 3561 3533 3633 Januarii,
3565 3567 3788 3622 multa
3825 3585 3918 3624 re-

2205 3651 2543 3706 formatione
2571 3651 2812 3724 egentis,
2857 3654 2925 3707 ut
2961 3656 3093 3708 sunt
3131 3653 3476 3726 imperfecta
3515 3671 3760 3716 rerum
3788 3677 3918 3716 om-

2206 3743 2369 3800 nium
2391 3743 2697 3816 principia.

2282 3841 2366 3892 ll.
2396 3838 2465 3892 Ut
2489 3842 2682 3893 autem
2717 3837 2789 3893 ad
2833 3841 3092 3894 sanctum
3132 3839 3490 3896 Domnolum
3530 3843 3621 3900 ab
3674 3846 3918 3922 ἱωροιι-

2206 3935 2366 3999 tuna,
2401 3946 2575 4002 quam
2599 3929 2836 4002 ingestae
2860 3931 3068 3986 fabulas
3093 3936 3490 4004 extorserunt,
3513 3935 3920 4012 digressione

2206 4027 2576 4090 revertamur,
2605 4024 2949 4096 praeclarum
2967 4023 3366 4082 testimonium
3393 4027 3609 4088 eidem
3634 4034 3836 4092 datur
3859 4038 3918 4093 in

2206 4115 2327 4172 Vita
2353 4115 2530 4171 sancti
2555 4116 2830 4172 Leonardi
2853 4117 3232 4190 anachoreta,
3263 4120 3368 4192 qui
3393 4120 3458 4176 in
3489 4125 3639 4196 ejus
3674 4129 3918 4188 dioecesi

2205 4209 2310 4264 sub
2357 4209 2560 4265 sanctis
2614 4210 2940 4266 Innocentio
2973 4215 3031 4266 et
3070 4212 3197 4284 ipso
3239 4214 3547 4272 Domnolo
3605 4223 3917 4298 episcopis

2205 4302 2420 4372 floruit,
2451 4307 2508 4358 et
2527 4302 2730 4358 colitur
2757 4307 2820 4359 15
2852 4304 3138 4374 Octobris;
3172 4306 3330 4378 quod
3351 4307 3502 4366 inde
3533 4323 3914 4390 excerptum

2205 4396 2298 4451 hic
2325 4395 2546 4465 damus,
2569 4401 2625 4451 et
2640 4401 2724 4451 est
2739 4396 3017 4468 ejusmodi
3037 4413 3052 4452 :
3079 4417 3109 4450 «
3126 4399 3262 4455 Erat
3275 4405 3526 4459 sanctus
3550 4406 3918 4468 Leonardus

2207 4489 2318 4544 Deo
2343 4489 2601 4544 amabilis
2627 4494 2684 4544 et
2701 4489 3030 4545 hominibus
3070 4491 3334 4548 dilectus.
3363 4495 3607 4555 Solitus
3641 4520 3921 4580 namque

2205 4586 2324 4638 erat
2348 4587 2570 4637 sanctus
2595 4583 2903 4638 Domnolus
2931 4583 3232 4658 episcopus
3261 4587 3794 4670 Cenomanensis,
3827 4617 3918 4656 cu.

2198 4675 2292 4747 jus
2319 4681 2375 4731 et
2398 4675 2710 4730 monachus
2735 4681 2875 4746 erat,
2900 4693 3034 4732 eum
3054 4677 3306 4750 dirigere
3332 4681 3411 4737 ad
3438 4693 3755 4748 sanctum
3777 4694 3918 4750 Ger-

2204 4781 2438 4824 manum
2479 4768 2826 4824 Parisiorum
2871 4769 3234 4844 episcopum,
3273 4773 3381 4846 qui
3406 4779 3739 4840 ambobus
3769 4787 3915 4843 dile-

2205 4866 2326 4916 ctus
2375 4865 2432 4916 et
2479 4861 2739 4918 credulus
2787 4867 3020 4918 erat.....
3084 4863 3239 4920 Obiit
3302 4873 3520 4928 autem
3581 4880 3920 4948 praedictis

2205 4958 2430 5010 sanctus
2457 4955 2782 5010 Leonardus
2809 4955 2912 5010 sub
2957 4956 3282 5029 Chilperico
3329 4961 3741 5028 Francorum
3779 4990 3918 5046 rege

2207 5047 2394 5103 Idibus
2412 5047 2684 5118 Octobris,
2703 5047 2764 5104 in
2801 5065 2964 5121 pace,
2985 5051 3191 5122 plenus
3211 5051 3475 5130 dierum,
3499 5059 3574 5116 in
3600 5073 3919 5124 senectute

2203 5141 2374 5210 bona,
2407 5145 2464 5196 et
2507 5142 2758 5212 sepultus
2812 5147 2898 5198 est
2944 5143 3006 5198 in
3051 5145 3389 5216 supradicta
3439 5154 3689 5214 cellula.
3741 5178 3853 5217 sua
3890 5179 3921 5216 a

2205 5239 2392 5290 sancto
2417 5235 2694 5290 Domnolo
2719 5239 2850 5291 ante
2877 5235 3024 5292 dicto
3045 5237 3338 5312 episcopo.
3369 5242 3540 5303 Nam
3569 5253 3792 5323 pridie
3819 5273 3920 5312 an-

2203 5333 2433 5401 tequam
2459 5327 2690 5384 obiisset
2717 5329 2902 5385 dictus
2936 5335 3162 5386 sanctus
3188 5332 3566 5410 Leonardus,
3595 5349 3784 5404 venit,
3806 5367 3912 5405 vox

2205 5420 2394 5514 divina
2413 5421 2484 5514 ad
2509 5423 2846 5478 Domnolum
2867 5428 2999 5479 ante
3019 5423 3242 5480 dictum
3267 5427 3678 5508 episcOpum,
3705 5444 3920 5514 praei-

2203 5513 2366 5586 piens
2407 5513 2458 5569 ei
2499 5519 2565 5570 ut
2601 5515 2712 5570 iret
2737 5516 2846 5570 Deo
2873 5515 2990 5570 suis
3022 5517 3402 5576 sanctissimis
3446 5513 3771 5598 precibﬁs
3798 5538 3920 5592 ani-

2205 5623 2357 5663 mam
2399 5609 2800 5664 commendare
2841 5610 3152 5682 supradicti
3191 5613 3566 5678 confessoris
3613 5645 3634 5682 :
3677 5631 3830 5702 quia
3859 5631 3921 5688 de

482 5700 713 5773 gramni
729 5716 944 5755 nomen
969 5700 1328 5757 retinendum
1355 5707 1524 5775 atque
1548 5701 1618 5756 ab
1645 5699 1766 5770 ejus
1791 5670 2406 5758 successoreVsaaculo
2432 5701 2674 5757 crastina
2715 5701 2806 5758 die
2833 5719 2968 5758 eum
2993 5704 3250 5777 migrare
3267 5749 3282 5778 ,
3320 5714 3382 5766 et
3409 5728 3570 5772 cum
3605 5670 3845 5781 δὲὼς
3859 5670 3917 5782 ἒξ

481 5799 672 5850 sancto
690 5793 1017 5850 Chadoindo
1057 5795 1332 5866 rejectum
1367 5799 1627 5850 sanctum
1670 5793 1924 5848 Maurum
1974 5809 2104 5849 cen-

483 5904 636 5944 seam
663 5887 760 5958 (sic
786 5887 941 5943 enim
978 5887 1172 5943 missio
1201 5887 1298 5942 illa
1319 5902 1500 5960 usque
1527 5885 1600 5942 ad
1623 5900 1838 5942 annum
1860 5887 1978 5942 fere
2002 5888 2105 5944 618

2205 5795 2392 5850 electis
2416 5795 2514 5850 Dei
2555 5794 2808 5850 animam
2847 5797 3105 5852 collocari
3143 5803 3485 5871 oportebat.
3539 5812 3678 5878 Qui
3727 5821 3919 5876 statim

2206 5903 2340 5946 cum
2378 5887 2494 5944 suis
2535 5888 2841 5960 ministris,
2885 5890 2994 5946 hoc
3026 5892 3182 5966 quod
3229 5893 3283 5951 ei
3313 5895 3579 5970 jussum
3628 5911 3918 5971 divinitus
