3994 6394
148 387 243 438 637

1740 382 1906 437 VITA.

3393 385 3501 452 638.

145 491 324 547 fuerat
364 488 643 561 perﬁcere
671 505 786 544 non
829 489 1084 545 tardavit.
1130 490 1269 543 Nam
1321 491 1378 544 et
1415 490 1546 542 ante
1592 487 1773 542 dictus
1796 509 1855 579 Α
1874 489 2080 545 derunt
2106 488 2431 560 pristinum.
2460 487 2688 560 Sepulto
2717 492 2908 543 autem
2935 503 3021 558 eo,
3040 503 3144 560 per
3168 487 3496 546 electionem

145 587 364 638 sanctus
384 583 739 652 Leonardus,
762 598 1118 654 praenoscens
1142 580 1408 636 divinitus
1438 580 1612 636 sancti
1639 597 1774 652 pon-

144 677 300 733 tiﬁcis
327 675 664 743 adventum,
709 675 979 747 praecepit
1014 674 1280 730 fratribus
1323 678 1387 729 ut
1414 674 1484 728 ad
1522 673 1643 744 ejus
1683 674 1770 728 in-

144 786 393 841 gressum
423 785 485 823 se
522 772 933 840 praepararent,
963 773 1019 824 et
1041 769 1230 839 digne,
1272 771 1336 821 ut
1361 767 1637 821 seniorem
1665 767 1771 821 Do-

142 869 276 924 mini
302 867 639 939 pontiﬁcem
668 866 919 936 decebat,
943 882 1074 920 eum
1104 865 1468 936 susciperent,
1504 869 1559 918 et
1585 864 1774 918 omnia

141 963 447 1017 necessaria
477 960 888 1014 ministrarent.
923 959 1187 1013 lndicavit
1224 959 1392 1011 etiam
1423 958 1691 1012 fratribus
1715 973 1772 1012 se

141 1057 253 1127 ipsa
273 1055 385 1121 die,
410 1059 716 1125 postquam
735 1053 1003 1123 praefatus
1031 1051 1280 1123 pontifex
1307 1067 1464 1104 suam
1486 1053 1595 1104 Deo
1615 1067 1770 1104 com-

140 1149 456 1203 mendasset
475 1147 752 1216 animam,
775 1147 844 1202 de
869 1145 1072 1200 saeculo
1092 1144 1400 1200 exiturum.
1423 1144 1771 1199 Adveniente

141 1257 361 1313 quoque
377 1257 484 1295 suo
502 1241 791 1310 episcopo,
807 1240 1042 1310 ejusque
1054 1237 1304 1292 animam
1319 1235 1768 1307 commendante,

142 1352 264 1389 mox
293 1334 538 1388 Domino
582 1349 744 1388 suam
790 1336 1038 1387 sanctam
1080 1330 1328 1386 animam
1355 1330 1617 1385 reddidit.
1647 1331 1770 1394 Quo

140 1429 395 1482 defuncto
425 1427 570 1482 dum
600 1429 789 1481 sancta
831 1425 952 1496 ejus
993 1425 1252 1479 membra
1290 1422 1662 1495 portabantur
1699 1422 1772 1478 ad

141 1522 441 1589 tumulum,
462 1519 604 1574 caeci
623 1523 920 1590 tangentes
936 1518 1057 1588 ejus
1077 1516 1403 1573 vehiculum
1418 1515 1600 1571 visum
1613 1531 1766 1571 rece-
1821 1561 1824 1564 .

1874 598 2069 638 eorum
2097 583 2540 649 monachorum,
2591 585 2811 635 sanctus
2851 582 3152 636 Domnolus
3197 599 3377 638 unum
3424 599 3494 639 ex

1870 675 2004 746 ipsis
2033 675 2137 730 sibi
2165 675 2458 730 constituit
2484 678 2539 729 et
2559 674 2836 729 ordinavit
2863 673 3122 729 abbatem
3150 691 3164 730 :
3199 676 3296 747 qui
3317 693 3494 747 usque

1869 769 1929 823 in
1962 769 2300 823 hodiernum
2338 769 2489 823 diem
2522 767 2778 822 eamdem
2816 767 2918 821 sub
2964 773 3151 822 sancta
3191 769 3489 839 religione,

1871 860 2198 931 disponente
2225 865 2281 915 et
2311 861 2606 915 ordinante
2634 860 2891 931 episcopo
2915 901 2929 929 ,
2960 860 3241 930 gubernat
3264 866 3320 916 et
3347 862 3495 932 regit

1870 954 2146 1008 cellulam.
2174 975 2201 1003 »
2231 956 2356 1008 Haec
2385 953 2482 1008 ibi.
2514 955 2650 1017 Quae
2689 953 2880 1022 etiam,
2912 953 3009 1008 sed
3045 957 3350 1023 contracta,
3385 955 3488 1009 ha-

1869 1047 1965 1103 bet
1977 1047 2292 1102 Bernardus
2302 1047 2566 1101 Guidonis
2577 1045 2869 1116 episcopus
2899 1046 3257 1113 Ludovensis,
3278 1052 3428 1102 tomo
3453 1050 3493 1102 ll

1870 1140 1938 1194 de
1983 1140 2115 1193 Vitis
2157 1141 2506 1194 Sanctorum.
2546 1141 2720 1193 Locus
2756 1140 2889 1193 olim
2922 1140 3246 1210 Vendopera
3288 1141 3488 1209 dictus,

1870 1249 2021 1290 nunc
2045 1251 2078 1288 a
2105 1238 2295 1288 sancto
2322 1233 2610 1288 Leonardo
2651 1249 2860 1288 nomen
2897 1232 3085 1300 habet,
3113 1233 3251 1288 situs
3276 1234 3347 1287 ad
3376 1234 3497 1288 Sar-

1869 1331 1985 1382 tam
2019 1327 2256 1382 ﬂuvium
2287 1326 2349 1382 in
2375 1327 2645 1383 decanatu
2673 1325 2967 1383 Fresnensi
2989 1368 3006 1394 ,
3034 1341 3226 1382 versus
3250 1325 3492 1382 conﬁnia

1869 1419 2250 1476 Normanniaa.

1525 1855 2122 2021 VITA

483 2111 886 2199 SANCTI
984 2108 1546 2214 DOMNOLI,
1647 2105 2507 2194 CENOMANENSIS
2601 2083 3146 2210 EPISCOPI,

891 2284 1256 2352 AUCTORE
1297 2281 1807 2351 PBESBYTERO
1852 2281 2410 2348 CENOMANENSI
2454 2281 2751 2348 COEVO.

768 2535 1144 2592 PROLOGUS.

212 2654 256 2705 t.
278 2649 497 2705 Sancta:
520 2651 582 2703 et
608 2645 912 2702 individuae
927 2647 1211 2701 Trinitatis
1233 2646 1363 2702 freti
1382 2646 1614 2715 auxilio,
1639 2662 1762 2700 om-

143 2743 406 2814 niumque
437 2745 768 2797 sanctorum
794 2741 1055 2812 precibus
1080 2740 1239 2808 fulti,
1269 2744 1393 2794 tum
1419 2740 1586 2794 etiam
1612 2757 1762 2811 prae-

142 2836 451 2891 cedentium
480 2837 719 2890 Patrum
744 2833 956 2888 incitati
985 2832 1200 2900 studiis,
1231 2833 1473 2904 denique
1499 2848 1762 2888 reveren-

141 2929 348 2984 dissimi
391 2927 657 3000 praesulis
699 2926 878 2981 nostri
904 2926 1145 2981 Haduini
1170 2927 1395 2982 hortatu
1425 2925 1760 2995 conﬁrmati,

137 3021 433 3078 beatissimi
459 3019 692 3094 patroni
719 3019 894 3075 nostri
931 3019 1207 3090 Domnoli,
1251 3020 1636 3076 Cenomanicae
1664 3037 1760 3074 ur-

140 3117 220 3171 bis
243 3116 508 3188 episc0pi,
527 3115 705 3170 vitam
728 3115 1029 3184 illustrem,
1052 3115 1360 3168 multorum
1379 3113 1608 3168 utilitati
1628 3130 1761 3185 pro-

139 3211 400 3280 futuram,
429 3210 556 3282 ipso
588 3208 748 3263 nobis
773 3207 1104 3278 opitulante,
1137 3207 1488 3262 scribendam
1526 3206 1761 3278 suscipi-

139 3320 276 3359 mus.
328 3305 450 3358 Non
503 3302 663 3358 enim
711 3317 906 3356 sumus
953 3300 1124 3355 nescii
1153 3300 1434 3355 veteribus
1476 3300 1535 3355 id
1578 3300 1762 3355 studio

140 3397 296 3453 fuisse
335 3401 396 3451 ut
424 3413 544 3451 suae
577 3399 765 3451 aetates
804 3394 1060 3466 egregios
1086 3393 1232 3448 viros
1263 3393 1599 3464 scriptorum
1626 3410 1759 3448 suo-

142 3506 262 3544 rum
291 3489 661 3545 monimentis
678 3489 748 3543 ad
767 3491 1128 3559 posterorum
1148 3486 1406 3541 notitiam
1423 3487 1763 3541 transmitte-

138 3587 274 3650 rent,
303 3599 504 3639 eorum
532 3581 804 3653 praclare
833 3580 982 3635 dicta
1017 3583 1073 3634 et
1100 3580 1245 3634 facta
1273 3585 1372 3634 aut
1395 3579 1594 3634 litteris
1624 3596 1760 3634 con-

139 3677 441 3747 signarent,
493 3679 595 3730 aut
647 3674 883 3746 picturis
931 3673 1320 3744 exprimenda,
1371 3678 1469 3727 aut
1521 3672 1620 3726 aeri
1669 3672 1758 3727 in-

139 3769 454 3841 sculpenda,
493 3769 584 3823 vel
620 3766 923 3822 marmoris
948 3771 1191 3837 spectato
1229 3781 1396 3837 opere
1444 3781 1758 3837 repraesen-

1788 2548 1844 2618 B
1869 2533 2038 2588 satius
2072 2533 2191 2588 fore
2227 2532 2482 2586 arbitrati
2526 2547 2740 2602 sumus,
2791 2532 2879 2588 vel
2931 2532 3151 2588 exiliter
3196 2532 3381 2618 dicere
3425 2548 3490 2588 ea

1866 2643 2044 2698 pauca
2069 2642 2197 2697 quae
2224 2624 2500 2694 novimus,
2527 2641 2698 2696 quam
2719 2641 2849 2680 cum
2883 2642 3041 2680 servo
3069 2609 3240 2696 pigro
3260 2629 3316 2680 et
3339 2626 3486 2681 desi-

1865 2720 2041 2788 dioso,
2086 2734 2189 2789 pro
2233 2722 2451 2773 retenta
2477 2719 2704 2773 Domini
2739 2718 2998 2789 pecunia,
3027 2718 3085 2773 in
3115 2718 3488 2774 damnationis

1864 2812 2163 2868 discrimen
2186 2811 2409 2866 adduci.
2438 2813 2573 2875 Quae
2600 2811 2776 2882 igitur
2800 2811 2868 2866 ab
2897 2811 3006 2866 illis
3031 2811 3258 2883 egregie
3281 2827 3484 2884 perpe-

1863 2910 2008 2961 trata
2032 2910 2183 2973 sunt,
2212 2921 2315 2960 nos
2340 2905 2472 2959 licet
2495 2904 2743 2975 indigni,
2773 2905 2972 2960 saltem
2995 2908 3304 2976 utcumque
3331 2921 3487 2960 com-

1863 3014 2263 3055 memoramus.
2291 2999 2483 3070 Neque
2512 2997 2664 3052 enim
2690 2997 2749 3052 id
2786 2997 3021 3053 facimus
3044 3002 3232 3053 nostra
3255 2999 3484 3053 temeri-

1863 3095 1977 3149 tate
2004 3092 2249 3159 adducti,
2279 3092 2395 3161 sed,
2426 3097 2492 3146 ut
2512 3091 2634 3162 jam
2657 3095 2786 3147 ante
2815 3091 3028 3146 dictum
3059 3095 3178 3160 est,
3203 3092 3489 3147 voluntate

1864 3190 1920 3240 et
1948 3184 2215 3240 mandato
2247 3185 2549 3240 venerandi
2575 3184 2853 3256 pontiﬁcis
2877 3184 3053 3240 nostri
3091 3185 3348 3252 Haduini,
3390 3185 3491 3255 qui

1861 3295 1962 3333 nos
1990 3278 2296 3333 beatissimi
2322 3278 2582 3333 Domnoli
2603 3278 2848 3349 episcopi
2873 3277 3044 3333 vitam
3059 3278 3232 3349 jussit
3254 3279 3341 3333 vel
3360 3279 3490 3334 rudi

1863 3387 2093 3427 exarare
2112 3373 2273 3441 stylo.
2289 3371 2482 3441 Cujus,
2501 3375 2773 3442 tanquam
2793 3371 2949 3425 urbis
2970 3373 3178 3425 nostrae
3198 3371 3486 3441 antistitis,

1853 3464 2095 3535 jussioni
2115 3464 2354 3518 libenter
2374 3480 2591 3518 morem
2615 3468 2892 3532 gerentes,
2912 3465 3032 3534 ejus
3052 3464 3179 3518 fulti
3203 3464 3483 3535 precibus,

1861 3558 1932 3612 ad
1961 3557 2320 3612 scribendum
2345 3573 2447 3610 nos
2471 3557 2846 3627 accingimus;
2875 3557 3206 3627 suppliciter
3220 3557 3483 3611 invocan-

1858 3654 1941 3704 tes
1977 3648 2284 3704 beatissimi
2334 3649 2591 3703 Domnoli
2632 3649 3005 3703 habitatorem
3045 3649 3318 3719 Spiritum
3353 3665 3483 3703 san-

1859 3747 2032 3809 ctum,
2063 3746 2126 3796 ut
2154 3742 2252 3813 qui
2281 3741 2362 3796 illi
2391 3741 2630 3812 gratiam
2656 3741 2890 3812 largitus
2915 3747 2998 3797 est
3019 3742 3292 3796 miracula
3320 3746 3378 3798 et
3397 3743 3491 3798 ad-

141 3837 300 3917 [and‘a
328 3865 619 3917 curarent.
651 3860 935 3916 putabant
981 3860 1134 3914 enim
1182 3875 1239 3914 se
1287 3875 1469 3930 opem
1510 3860 1760 3930 pretium
1786 3911 1832 3930 ﬂ
1859 3837 2142 3892 mirandas
2183 3837 2448 3908 patrandi
2473 3837 2706 3892 virtutes
2750 3837 2912 3892 nobis
2939 3837 3158 3910 c0piam
3192 3837 3404 3893 tribuat
3432 3843 3490 3893 et

137 3955 395 4025 facturos,
427 3955 472 4010 si
502 3970 616 4026 qua
640 3954 701 4008 in
728 3954 816 4020 iis,
843 3954 929 4008 vel
957 3953 1080 4007 aliis
1107 3951 1263 4007 utilia
1285 3995 1298 4020 ,
1323 3911 1414 4007 vel
1439 3911 1761 4023 cognitione
1781 3911 1835 3986 Ο
1859 3931 2180 4026 facilllélem
2208 3929 2612 4026 θθξηδῖτῖληάίν
2636 3931 2706 3985 ad
2725 3931 2953 4026 laudem
2979 3938 3034 3986 et
3061 3932 3298 4026 gloriam
3325 3947 3486 4026 suam

136 4049 320 4119 digna,
365 4023 452 4103 vel
493 4023 567 4102 ad
616 4047 986 4102 imitationem
1024 4045 1292 4117 praeclara
1321 4045 1663 4113 viderentur,
1696 4061 1762 4101 ea
1862 4027 1918 4079 et
1944 4024 2193 4119 ﬁdfﬂmm
2221 4023 2652 4119 mdiﬁcéiiOPem
2682 4043 2695 4080 ³
2725 4027 2791 4080 ιη
2835 4025 2979 4080 faeta
3022 4025 3215 4080 eXimﬁ
3258 4025 3486 4097 Patroni

138 4158 229 4194 sua
253 4141 531 4196 industria
557 4145 613 4195 et
638 4141 830 4195 labore
853 4140 1088 4212 posteris
1112 4139 1526 4194 innotescerent
1551 4155 1565 4194 :
1594 4143 1660 4193 ut
1683 4139 1761 4194 ita

137 4249 312 4306 neque
339 4251 439 4288 suo
466 4235 670 4288 sarculo
689 4233 859 4288 alieni
881 4250 913 4287 a
933 4232 1118 4288 studio
1134 4231 1427 4303 religionis
1444 4236 1497 4286 et
1516 4231 1756 4302 pietatis,

138 4343 311 4398 neque
335 4344 472 4399 erga
491 4327 883 4399 posteritatem
903 4342 1104 4397 parum
1128 4324 1356 4380 officiosi
1373 4329 1756 4381 censerentur.

135 4420 289 4482 Quod
316 4421 361 4474 si
387 4436 522 4474 vero
551 4421 659 4474 hoc
693 4419 949 4491 plerique
979 4435 1047 4473 ex
1073 4417 1181 4473 illis
1207 4434 1322 4472 non
1350 4418 1516 4472 modo
1541 4419 1599 4473 in
1626 4435 1758 4472 san-

140 4515 269 4580 ctos,
299 4514 397 4568 sed
425 4513 597 4568 etiam
622 4513 684 4568 in
710 4513 985 4584 quosdam
1010 4512 1146 4566 alios
1184 4511 1320 4584 ipsis
1344 4512 1546 4566 charos
1571 4511 1759 4566 homi-

137 4621 230 4659 nes
253 4607 612 4662 declararunt
644 4623 658 4661 :
703 4610 914 4678 quanto
939 4606 1120 4677 magis
1156 4622 1258 4659 nos
1284 4605 1559 4675 sagaciter
1585 4609 1640 4660 et
1665 4621 1758 4659 ac-

137 4704 320 4754 curate
371 4705 698 4755 sanctorum
742 4716 830 4754 res
885 4703 1066 4770 gestas
1111 4699 1446 4770 investigare
1494 4703 1661 4769 atque
1690 4697 1760 4752 ad

137 4790 374 4847 aliorum
387 4809 617 4866 quoque
631 4792 889 4848 notitiam
905 4792 1157 4863 proferre
1179 4792 1467 4861 debemus,
1483 4796 1549 4846 ut
1563 4807 1760 4846 eorum

122 4887 415 4954 .provocati
456 4886 731 4957 exemplis
755 4885 1121 4957 doctrinaque
1147 4885 1433 4940 informati
1461 4885 1531 4940 ad
1569 4901 1634 4939 ea
1657 4901 1762 4940 nos

138 4995 357 5049 semper
395 4979 778 5049 intendamus,
809 4997 938 5051 quae
964 4979 1078 5033 sint
1105 4984 1266 5050 grata
1289 4983 1344 5033 et
1367 4983 1589 5049 accepta
1615 4979 1762 5032 Deo?

135 5070 450 5128 Cavendum
493 5078 644 5128 certe
683 5073 846 5128 nobis
871 5077 955 5127 est
977 5088 1051 5127 ne
1089 5072 1335 5126 militum
1364 5071 1567 5126 Christi
1592 5071 1762 5126 fortia

135 5163 275 5219 facta
322 5170 378 5220 et
423 5166 695 5236 prteclara
753 5166 1028 5237 trophaea,
1087 5182 1150 5219 ea
1195 5165 1514 5236 praesertim
1557 5164 1762 5236 quibus

1862 4117 2056 4186 nostri,
2086 4116 2131 4171 si
2174 4122 2366 4172 tamen
2410 4117 2467 4172 id
2508 4117 2632 4172 ﬁeri
2668 4121 2872 4189 potest,
2902 4119 3062 4174 dictis
3104 4136 3486 4190 exaequemus,

1860 4211 1957 4283 qui
1985 4227 2117 4266 cum
2141 4226 2208 4266 eo
2233 4211 2293 4265 in
2322 4211 2426 4266 hac
2455 4211 2585 4266 vita:
2612 4213 2861 4267 mortalis
2886 4213 3343 4284 peregrinatione
3368 4215 3490 4285 plu-

1860 4304 2071 4359 rimum
2089 4305 2398 4360 conversati
2418 4321 2612 4359 sumus
2634 4322 2648 4360 :
2673 4323 3000 4378 quanquam
3016 4323 3151 4361 sane
3169 4313 3339 4362 tantae
3366 4309 3488 4379 ejus

1859 4398 2094 4453 virtutes
2129 4403 2262 4452 sunt
2297 4403 2362 4453 ut
2389 4414 2520 4453 eum
2545 4415 2648 4470 pro
2674 4399 2945 4471 dignitate
2968 4401 3198 4455 laudare
3234 4401 3491 4456 humana

1859 4491 2135 4563 fragilitas
2165 4507 2524 4562 nequaquam
2553 4493 2746 4562 possit.
2781 4496 2919 4549 Cum
2966 4494 3037 4546 sit
3075 4499 3265 4548 autem
3308 4494 3484 4563 aliud,

1863 4584 1999 4635 teste
2039 4580 2168 4635 divo
2212 4579 2574 4650 Hieronymo,
2629 4580 2765 4635 locis
2811 4581 3208 4636 communibus
3253 4582 3484 4638 laudare

1860 4674 2207 4740 defunctum,
2239 4677 2296 4728 et
2320 4672 2474 4727 aliud
2502 4672 2748 4728 defuncti
2776 4674 3035 4745 proprias
3054 4691 3284 4730 narrare
3304 4675 3483 4731 virtu-

1859 4769 1970 4835 tes;
2002 4782 2105 4820 nos
2132 4765 2241 4820 hoc
2268 4765 2604 4836 opusculum
2648 4767 2718 4822 ad
2754 4767 3034 4823 bonorum
3063 4769 3388 4839 exemplum
3415 4769 3485 4824 ab

1860 4859 1958 4914 illo
1987 4864 2242 4930 tempore
2260 4859 2696 4930 auspicabimur,
2723 4878 2837 4934 quo
2859 4879 2959 4916 nos
2983 4861 3224 4934 glorioso
3243 4862 3488 4917 adventu

1861 4970 1960 5007 suo
1990 4953 2292 5023 illustrare,
2340 4953 2743 5027 nobiscumque
2784 4973 3011 5012 manere
3050 4973 3118 5011 ex
3165 4957 3259 5012 Dei
3299 4955 3486 5027 provi-

1861 5047 2052 5102 dentia
2070 5047 2261 5117 jussus
2289 5052 2388 5102 est.

2400 5163 2617 5219 CAPUT
2653 5166 2936 5221 PRIMUM.

138 5262 319 5312 nostra
345 5263 511 5313 aetate
536 5259 786 5330 insignes
815 5263 873 5314 et
910 5259 1158 5313 illustres
1189 5258 1367 5327 fuere,
1396 5257 1604 5312 silentii
1634 5273 1756 5312 car-
1778 5280 1837 5353 D
1859 5259 1965 5312 Iter
1994 5270 2305 5322 romanum;
2337 5259 2671 5353 episcopatu‘s
2703 5261 3130 5330 Cenomanensis;
3163 5267 3489 5320 monasteria

138 5365 256 5405 cere
284 5366 640 5422 premamus;
695 5352 792 5407 sed
831 5351 1016 5424 potius
1059 5355 1336 5422 quantum
1379 5350 1474 5405 ille
1520 5349 1755 5419 dederit,

135 5443 228 5512 qui
253 5449 335 5499 est
364 5449 564 5500 auctor
591 5445 778 5501 omnis
805 5444 958 5513 boni,
999 5445 1097 5516 qui
1132 5460 1230 5500 ora
1257 5448 1548 5499 mutorum
1579 5442 1761 5514 aperit

137 5540 189 5588 et
212 5535 432 5608 linguas
454 5537 760 5593 infantium
786 5537 1019 5592 disertas
1043 5537 1196 5607 facit,
1225 5537 1355 5608 quae
1381 5535 1600 5607 possint
1627 5552 1754 5590 suc-

136 5629 440 5685 cessoribus
486 5631 692 5686 nostris
741 5647 858 5686 esse
903 5631 1064 5700 usui,
1096 5647 1160 5686 ea
1188 5630 1274 5684 vel
1303 5628 1573 5684 mediocri
1613 5629 1756 5700 stylo

137 5723 564 5779 eonscribamus.
613 5724 727 5779 Etsi
775 5728 965 5780 autem
1006 5741 1107 5779 nos
1143 5721 1416 5795 ejusmodi
1447 5721 1604 5794 operi
1644 5721 1753 5778 im-

137 5831 291 5883 pares
310 5833 431 5872 esse
452 5834 567 5874 non
591 5817 918 5889 ignoramus
940 5818 1168 5890 (quippe
1189 5817 1393 5889 quibus
1413 5819 1497 5871 est
1516 5815 1754 5886 ingenii,

138 5908 462 5981 eloquentiae
477 5915 532 5968 et
546 5910 878 5968 eruditionis
902 5927 972 5968 an
979 5916 1142 5984 gusta
1160 5909 1490 5984 suppellex),
1508 5913 1754 5964 attamen

2509 5335 2826 5385 constructa.

1923 5440 1984 5493 2.
2015 5439 2205 5509 Itaque
2232 5437 2587 5494 beatissimus
2616 5441 2917 5498 Domnolus
2943 5485 2957 5514 ,
2993 5445 3115 5500 urbi
3146 5446 3482 5502 Cenomani-

1857 5548 1936 5586 cee
1963 5530 2269 5586 destinatus
2295 5532 2586 5604 episcopus
2605 5576 2618 5600 ,
2659 5535 2933 5592 virtutum
2961 5539 3219 5594 omnium
3249 5541 3482 5595 ﬂoribus

1857 5625 2174 5695 redimitus,
2216 5625 2276 5680 in
2318 5625 2426 5681 alia
2453 5627 2687 5698 regione
2717 5645 2785 5684 ex
2822 5632 3106 5701 generosis
3130 5634 3480 5704 parentibus,

1857 5719 2005 5790 quod
2033 5719 2152 5790 ejus
2178 5719 2338 5790 probi
2383 5736 2568 5777 mores
2597 5728 2652 5778 et
2683 5725 2888 5780 nobilis
2930 5726 3270 5780 conversatio
3309 5729 3476 5778 testa-

1856 5812 2080 5881 bantur,
2126 5817 2211 5867 est
2256 5818 2599 5884 procreatus.
2648 5819 2713 5872 Ut
2755 5819 2910 5873 enim
2936 5835 2999 5873 ex
3039 5818 3222 5872 radice
3265 5816 3479 5869 fructus

1855 5905 2244 5979 proﬁciscitur,
2295 5906 2374 5962 ita
2418 5924 2487 5964 ex
2539 5909 2753 5965 fructus
2800 5926 2996 5982 sapore
3034 5907 3233 5964 radicis
3275 5908 3475 5962 natura
