3994 6410
481 377 584 433 639

1409 371 1640 426 SANCTI
1679 368 1996 434 DOMNOLI,
2036 365 2542 422 CENOMANENSIS
2579 364 2896 431 EPISCOPI,

3775 358 3888 414 640

479 481 847 556 intelligitur:
869 486 928 538 et
945 479 1422 554 quemadmodum
1435 479 1652 534 fructus
1661 475 1892 545 arboris,
1907 473 2098 530 etiam-
2117 484 2178 557 Α
2197 475 2398 530 devote
2427 475 2499 530 sit
2522 480 2836 530 exsecutus.
2863 475 3036 529 Porro
3060 473 3258 528 autem
3295 469 3448 527 socia
3477 466 3789 524 charitate
3817 480 3890 522 ac

478 577 526 632 si
561 578 756 649 procul
791 578 1127 646 asportetur,
1163 590 1278 628 non
1313 577 1504 628 tamen
1529 571 1735 626 amittit
1767 569 2096 624 suavitatem

478 686 650 741 quam
678 685 746 724 ex
787 669 974 724 radice
1002 667 1248 739 accepit;
1279 665 1356 720 sic
1383 665 1554 720 etiam
1577 664 1671 720 hic
1693 660 2096 718 sacratissimus

478 762 582 830 vir,
611 761 1006 833 undecumque
1042 761 1155 816 sive
1174 759 1622 831 quibuscumque
1652 773 1722 811 ex
1749 755 2001 828 partibus
2026 754 2098 809 ad

480 871 580 909 nos
600 853 909 922 advenerit,
927 858 1131 909 sancta
1150 851 1457 907 nobilitatis
1481 867 1598 905 sua
1615 849 1977 904 dulcedinem
1995 864 2097 902 nos

477 948 656 1002 celare
682 963 798 1002 non
837 946 1042 1018 potuit.
1081 945 1196 1001 Etsi
1219 960 1354 999 vero
1379 943 1530 1015 apud
1556 959 1658 997 nos
1682 942 1745 996 in
1774 940 2100 1012 episcopum

477 1044 830 1096 consecratus
853 1055 971 1094 non
995 1038 1123 1108 fuit,
1151 1038 1223 1093 ad
1250 1054 1353 1092 nos
1375 1042 1570 1092 tamen
1586 1035 1649 1090 in
1675 1035 1986 1090 multorum
2010 1049 2096 1088 sa-

475 1133 654 1188 lutem
674 1132 940 1188 divinitus
963 1137 1047 1188 est
1069 1131 1445 1188 transmissus.
1466 1131 1608 1184 Nam
1627 1129 1699 1184 ad
1723 1128 2100 1183 imitationem

478 1225 715 1282 Abrahae
743 1225 1094 1298 patriarcha,
1128 1225 1222 1279 cui
1253 1241 1287 1279 a
1316 1225 1428 1280 Deo
1459 1223 1672 1279 dictum
1692 1225 1806 1277 est:
1835 1221 2099 1290 Egredere

477 1319 544 1374 de
568 1325 713 1374 terra
739 1323 853 1382 tua,
881 1323 931 1374 et
955 1319 1020 1374 de
1053 1319 1360 1388 cognatione
1387 1321 1503 1384 tua,
1543 1320 1594 1370 et
1633 1315 1699 1370 de
1733 1315 1888 1369 domo
1919 1314 2100 1383 patris

477 1415 578 1475 tui,
607 1416 658 1466 et
678 1415 804 1466 veni
825 1413 882 1466 in
906 1415 1106 1466 terram
1126 1427 1290 1481 quam
1317 1413 1676 1464 monstravere
1704 1409 1807 1462 tibi
1819 1426 1837 1474 ;
1857 1407 1980 1478 jam
2003 1421 2096 1460 or-

477 1503 702 1559 dinatus
725 1503 860 1558 alibi
888 1504 1200 1576 episcopus,
1228 1502 1423 1558 relicta
1450 1500 1634 1572 patria
1661 1504 1718 1555 et
1745 1497 2095 1570 parentibus,

477 1597 802 1668 cunctisque
853 1597 1022 1651 rebus
1083 1612 1220 1666 quas
1273 1593 1556 1666 possidere
1612 1593 1922 1660 videbatur,
1986 1593 2096 1645 Ro-

476 1705 631 1744 mam
657 1689 941 1761 profectus
971 1693 1086 1758 est,
1113 1687 1313 1742 limina
1347 1685 1800 1741 beatissimorum
1827 1683 2099 1755 apostolo-

473 1799 602 1837 rum
629 1782 895 1836 orationis
925 1781 1106 1852 gratia
1143 1781 1484 1836 visitaturus.
1516 1777 1620 1833 Ubi
1649 1793 1780 1832 cum
1807 1777 1984 1831 animi
2009 1777 2098 1832 sui

475 1873 755 1930 devotioni
796 1873 1016 1928 fecisset
1059 1873 1210 1942 satis,
1255 1876 1382 1944 post
1415 1872 1584 1942 longa
1613 1869 1828 1924 itineris
1872 1847 2174 1924 emensaB

476 1967 670 2038 spatia,
698 1967 942 2023 Domino
969 1967 1341 2036 gubernante,
1370 1964 1442 2019 ad
1465 1967 1815 2020 Cenomanos
1839 1962 2094 2033 appulit:

475 2076 616 2132 quos
650 2063 882 2130 propter
920 2058 1139 2112 obitum
1176 2057 1266 2112 sui
1308 2056 1588 2128 pontiﬁcis
1613 2071 1823 2127 magno
1867 2055 2100 2110 oﬁ'endit

474 2151 648 2206 animi
704 2167 944 2206 marore
993 2149 1239 2205 affectos.
1278 2149 1400 2202 Jam
1447 2149 1670 2220 pridem
1713 2149 1866 2203 enim
1905 2148 2100 2202 beatus

475 2246 748 2300 Innocens
781 2243 852 2314 (a)
890 2243 962 2298 ad
1004 2243 1306 2298 Dominum
1345 2241 1634 2312 migrarat,
1683 2245 1739 2296 et
1780 2241 1984 2295 laboris
2011 2240 2100 2294 sui

477 2342 598 2392 erat
619 2337 856 2408 pramia
883 2340 1245 2404 consecutus;
1270 2335 1328 2388 in
1353 2335 1472 2405 ejus
1490 2350 1621 2389 vero
1646 2334 1832 2388 locum
1858 2333 2100 2388 necdum

477 2430 622 2484 alius
647 2431 986 2500 subrogatus
1009 2429 1138 2483 fuit.
1166 2431 1308 2484 Cum
1351 2427 1524 2498 igitur
1558 2428 1710 2482 hunc
1753 2427 1936 2481 virum
1976 2443 2100 2482 san-

475 2522 789 2576 ctissimum
815 2521 1270 2592 conspexissent,
1298 2535 1540 2590 eumque
1561 2520 1683 2590 jam
1709 2519 2095 2590 episc0patum

477 2615 798 2669 ordinatum
848 2614 1190 2680 didicissent,
1239 2618 1358 2668 tam
1413 2629 1668 2683 proceres
1709 2616 1766 2667 et
1816 2612 2100 2682 principes

477 2724 650 2778 quam
679 2707 860 2761 clerus
888 2705 1180 2760 universus
1217 2710 1272 2760 et
1295 2707 1552 2777 populus,
1585 2721 1700 2759 non
1729 2705 1912 2758 solum
1936 2705 2100 2758 urba-

475 2817 604 2868 nus,
631 2800 728 2854 sed
752 2799 926 2854 etiam
951 2799 1195 2853 ruricola
1216 2841 1232 2866 ,
1266 2799 1452 2853 divino
1482 2799 1538 2854 id
1568 2798 1839 2852 instinctu
1871 2803 2094 2868 agente,

474 2909 592 2947 uno
617 2908 732 2960 ore,
762 2891 961 2946 eadem
989 2892 1164 2946 animi
1199 2892 1475 2946 sententia
1500 2891 1704 2946 obnixe
1731 2906 1865 2945 eum
1893 2890 2095 2961 depre-

475 2985 765 3054 cabantur,
793 2983 958 3040 vellet
981 2983 1132 3056 ipsos
1173 2985 1539 3056 ipsorumque
1577 2983 1859 3038 civitatem
1903 2987 1960 3037 et
2004 2999 2098 3053 pa-

475 3077 646 3132 triam
668 3093 785 3131 non
808 3077 1016 3132 invitus
1051 3077 1478 3148 gubernandam
1503 3077 1804 3146 suscipere.
1834 3075 2096 3140 Quamvis

475 3175 664 3225 autem
695 3187 760 3224 ea
783 3170 844 3224 in
871 3187 931 3226 re
959 3170 1117 3224 valde
1145 3187 1202 3224 se
1241 3170 1528 3224 difﬁcilem
1569 3169 1867 3240 praberet,
1895 3168 1966 3223 ad
1994 3184 2092 3223 ex-
2115 3207 2169 3281 Ο

475 3267 723 3318 tremum
761 3267 952 3318 tamen
991 3263 1145 3318 aliud
1171 3279 1339 3334 agere
1367 3278 1482 3317 non
1507 3261 1693 3334 potuit
1733 3277 1904 3333 quam
1947 3261 2096 3332 quod

475 3357 716 3427 populus
743 3357 852 3411 Deo
877 3356 1182 3428 inspirante
1207 3355 1526 3428 postulavit.

545 3452 596 3504 3.
628 3449 877 3520 Suscepit
922 3451 989 3520 (b)
1035 3450 1231 3520 igitur,
1274 3449 1373 3503 sed
1429 3464 1561 3502 sane
1596 3447 1804 3502 invitus
1845 3452 1900 3502 et
1948 3463 2097 3503 com-

473 3542 684 3612 pulsus,
713 3543 961 3614 episcopi
986 3541 1369 3597 ministerium
1389 3557 1520 3596 cum
1536 3541 1716 3595 multa
1735 3540 2053 3596 humilitate
2077 3557 2090 3596 :

474 3636 820 3708 Dominoque
844 3639 1202 3707 cooperante,
1236 3639 1351 3689 toto
1377 3634 1506 3688 vita
1533 3649 1646 3688 sua
1678 3638 1950 3704 tempore,
1979 3651 2095 3688 non

474 3746 670 3799 parum
704 3729 811 3784 illis
828 3729 1034 3800 quibus
1051 3733 1290 3799 praerat
1307 3727 1560 3782 contulit.
1593 3727 1842 3797 Denique
1869 3727 2094 3797 qualem

472 3837 530 3876 se
556 3827 944 3892 quantumque
985 3821 1098 3874 illic
1133 3820 1484 3892 praestiterit,
1527 3819 1648 3888 ejus
1682 3819 1811 3874 vita
1850 3819 1978 3874 ﬁnis
2003 3819 2094 3876 de-

472 3914 718 3981 claravit,
746 3914 806 3968 in
845 3929 957 3984 quo
983 3912 1106 3966 laus
1145 3912 1329 3966 omnis
1369 3916 1489 3967 tute
1528 3911 1766 3967 canitur.
1803 3914 1934 3968 Erat
1960 3928 2092 3968 vero

471 4005 581 4060 hoc
630 4007 752 4076 ejus
800 4004 1111 4059 nobilitatis
1163 4003 1407 4074 insigne,
1450 4005 1600 4076 quod
1641 4004 1860 4059 Christo
1898 4005 1988 4060 die
2029 4021 2093 4059 ac

471 4103 633 4152 nocte
661 4097 830 4152 alacri
857 4101 914 4151 et
927 4096 1180 4168 jucunde
1205 4096 1392 4151 animo
1420 4102 1637 4168 gratam
1657 4098 1954 4154 exhibebat
1970 4114 2090 4152 ser-

471 4189 729 4259 vitutem,
755 4205 941 4261 neque
970 4195 1158 4245 tamen
1173 4191 1259 4245 vel
1283 4207 1316 4244 a
1336 4191 1558 4262 generis
1577 4191 1886 4260 nobilitate,
1908 4192 1996 4246 vel
2021 4191 2090 4246 ab

407 4339 422 4345 ,
472 4299 708 4354 operum
735 4283 1024 4338 sanctitate
1051 4283 1296 4356 gloriola
1318 4289 1374 4340 et
1395 4284 1576 4339 laudis
1600 4283 1786 4338 fumos
1811 4284 2088 4354 captabat;

472 4376 569 4430 sed
595 4377 859 4447 praeclara
886 4377 954 4432 de
982 4393 1040 4432 se
1068 4377 1329 4448 praebens
1347 4377 1622 4432 virtutum
1642 4377 1918 4448 exempla,
1941 4376 2092 4432 intra

471 4485 529 4524 se
550 4486 677 4524 suos
693 4470 984 4526 thesauros
1001 4470 1276 4542 deposuit,
1295 4475 1351 4526 et
1364 4470 1672 4526 Dominum
1691 4469 1905 4524 mundo
1925 4470 2092 4528 corde
2147 4539 2152 4543 η

469 4563 866 4634 complectens,
885 4580 1158 4636 pompam
1171 4580 1404 4618 omnem
1419 4564 1623 4619 mundi
1637 4564 1734 4635 huj
1745 4580 1807 4618 us
1818 4568 1935 4618 toto
1954 4579 2086 4635 pec-
2106 4573 2166 4645 D

2197 571 2397 622 mutua
2441 567 2836 622 benevolentia
2870 566 3210 636 conjunctus
3253 563 3366 618 fuit
3427 562 3743 618 Germano
3817 559 3888 629 (e)

2195 659 2544 714 sanctissimo
2561 659 2906 715 Parisiorum
2921 657 3161 713 antistiti
3186 673 3200 712 :
3225 671 3402 728 quem
3421 658 3484 710 et
3502 651 3890 709 creberrime

2196 753 2436 809 invisere
2465 753 2778 822 consuevit,
2807 756 2864 807 et
2890 752 2962 806 ab
2987 752 3086 806 illo
3105 751 3307 807 itidem
3345 765 3467 804 non
3495 763 3642 803 raro
3669 745 3889 801 visita-

2197 851 2288 902 tus
2302 849 2406 902 est.
2434 848 2689 918 Cumque
2703 862 2762 901 se
2782 844 3026 900 invicem
3051 843 3258 899 divinis
3277 843 3748 899 inﬂammarent
3775 838 3888 894 ad-

2195 938 2629 1008 hortationibus,
2651 937 2916 1010 subjectis
2942 937 3166 1009 populis
3185 942 3305 992 tam
3323 935 3521 992 verbis
3542 949 3747 1006 quam
3775 949 3889 988 ex-

2197 1033 2399 1104 emplis
2435 1033 2587 1088 haud
2623 1031 2934 1103 vulgariter
2967 1030 3254 1102 profuere.
3282 1030 3411 1085 Non
3450 1027 3624 1084 enim
3653 1027 3890 1082 imme-

2197 1143 2382 1182 mores
2407 1128 2571 1181 erant
2594 1123 2746 1180 illius
2773 1125 3076 1180 dominica
3103 1122 3425 1192 sententia,
3455 1121 3633 1194 quod
3664 1123 3722 1176 si
3771 1121 3891 1175 duo

2198 1237 2264 1276 ex
2283 1221 2431 1275 vobis
2457 1220 2816 1274 consenserint
2844 1233 3007 1288 super
3031 1222 3236 1273 terram
3259 1217 3328 1272 de
3357 1217 3514 1271 omni
3541 1231 3631 1278 re,
3671 1229 3890 1284 quam-

2197 1328 2402 1383 cunque
2447 1313 2739 1382 petierint,
2791 1313 2882 1380 ﬁet
2922 1311 3037 1365 illis
3095 1327 3132 1365 a
3182 1312 3349 1365 Patre
3391 1323 3552 1374 meo;
3607 1307 3892 1378 itemque

2197 1405 2369 1474 illius,
2417 1405 2517 1461 Ubi
2556 1407 2682 1459 sunt
2727 1404 2833 1458 duo
2882 1404 2968 1458 vel
3008 1407 3114 1458 tres
3159 1403 3482 1473 congregati
3524 1403 3593 1456 in
3651 1402 3890 1456 nomine

2197 1515 2328 1562 meo,
2357 1499 2435 1552 ibi
2461 1513 2578 1552 sum
2604 1499 2662 1551 in
2687 1497 2862 1552 medio
2886 1511 3088 1551 eorum.

2267 1592 2320 1646 4.
2359 1589 2621 1645 Extruxit
2649 1592 2840 1644 autem
2866 1593 3077 1644 sancta
3123 1587 3375 1644 ecclesia
3399 1591 3650 1642 amator
3697 1587 3890 1642 devo-

2197 1683 2446 1740 tissimus
2471 1683 2880 1738 monasterium
2904 1682 3197 1754 quoddam
3215 1681 3277 1736 in
3300 1679 3592 1737 suburbio
3620 1679 3891 1736 civitatis

2199 1793 2335 1847 sua,
2363 1781 2488 1832 tum
2514 1781 2580 1832 ut
2607 1776 2728 1847 ejus
2769 1775 2931 1831 urbis
2966 1780 3113 1831 esset
3139 1775 3618 1843 munimentum,
3651 1776 3798 1830 tum
3822 1779 3892 1828 ut

2197 1875 2384 1942 posset
2401 1869 2641 1924 Domino
2660 1869 2878 1923 animas
2892 1868 3224 1924 lucrifacere
3247 1885 3261 1923 :
3279 1868 3459 1940 idque
3479 1868 3550 1922 in
3577 1867 3892 1923 honorem

2197 1966 2522 2018 sanctorum
2580 1965 2899 2033 martyrum
2959 1961 3244 2016 Vincentii
3290 1965 3349 2016 et
3410 1960 3742 2016 Laurentii
3811 1961 3890 2030 (ἆ)

2197 2055 2558 2126 consecravit,
2588 2055 2697 2126 ipsi
2721 2059 2916 2110 autem
2965 2054 3388 2110 consecrationi
3421 2054 3642 2110 adesse
3695 2054 3894 2114 voluit

2196 2152 2576 2204 memoratum
2598 2149 2946 2204 Germanum
2972 2147 3329 2220 episcopum,
3348 2149 3418 2202 ut
3433 2147 3780 2202 amborum
3800 2163 3889 2202 so-

2195 2242 2371 2298 lemni
2413 2241 2764 2297 dedicatione
2797 2242 2869 2296 ad
2896 2241 3173 2312 majorem
3197 2241 3452 2312 populus
3485 2241 3893 2296 devotionem

2197 2335 2546 2392 incitaretur.
2577 2337 2640 2388 In
2666 2335 2787 2406 ejus
2827 2351 2962 2390 vero
2999 2335 3427 2390 consecratione
3454 2333 3532 2388 de
3561 2333 3759 2389 rebus
3791 2351 3890 2389 ec-

2197 2429 2376 2484 clesia
2399 2444 2516 2482 sua
2539 2427 2717 2481 multa
2743 2431 3085 2482 testamento
3113 2427 3168 2482 ei
3193 2427 3407 2498 legavit
3431 2430 3629 2498 atque
3659 2426 3887 2482 conﬁr-

2196 2517 2388 2586 mavit,
2414 2516 2782 2588 permittente
2808 2521 2864 2572 et
2887 2517 3113 2571 favente
3149 2515 3474 2587 Chilperico
3501 2516 3892 2572 Francorum

2196 2626 2330 2680 rege
2347 2609 2392 2680 ej
2401 2624 2578 2681 usque
2589 2609 2963 2680 principibus,
2980 2608 3177 2664 multis
3192 2607 3365 2664 etiam
3384 2607 3446 2662 id
3467 2607 3526 2663 ei
3543 2625 3891 2681 suggeren-

2195 2703 2345 2758 tibus
2387 2701 2680 2773 episcopis,
2727 2701 3012 2773 imprimis
3053 2706 3250 2757 autem
3295 2706 3499 2756 sancto
3545 2702 3888 2772 Germano,

2195 2795 2344 2850 clero
2389 2811 2613 2866 quoque
2651 2795 2977 2866 pOpuloque
3022 2798 3086 2850 ut
3131 2794 3191 2850 id
3224 2795 3440 2850 faceret
3483 2795 3888 2866 adhortante,

2195 2887 2678 2961 quemadmodum
2717 2887 2776 2942 in
2812 2888 2934 2959 ejus
2974 2888 3115 2943 actis
3157 2888 3506 2946 adnotatum
3533 2893 3636 2944 est
3681 2906 3700 2944 :
3739 2889 3883 2944 sub-

2195 2981 2414 3052 scripsit
2451 2984 2641 3036 autem
2676 2997 2778 3036 sua
2820 2997 3000 3036 manu
3037 2984 3098 3036 et
3145 2981 3489 3052 approbavit
3537 2980 3614 3053 (e)
3673 2983 3891 3039 beatus

2194 3076 2522 3142 Germanus,
2551 3075 2855 3146 pluresque
2897 3073 2994 3128 alii
3029 3073 3300 3146 episcopi.
3345 3076 3529 3130 Porro
3558 3075 3635 3131 in
3669 3077 3888 3133 eadem

2195 3167 2424 3222 ecclesia
2467 3171 2634 3238 caput
2667 3167 2819 3222 beati
2847 3167 3126 3222 Vincentii
3163 3167 3436 3238 martyris
3477 3173 3540 3224 et
3583 3186 3891 3242 magnam

2193 3260 2474 3316 craticula
2501 3264 2721 3330 partem
2751 3260 2811 3313 in
2842 3277 2956 3332 qua
2991 3264 3218 3314 sanctus
3248 3260 3616 3316 Laurentius
3655 3270 3892 3320 assatus

2194 3359 2296 3424 est,
2327 3353 2634 3408 honoriﬁce
2654 3353 2938 3424 reposuit;
2971 3354 3283 3408 monachos
3303 3354 3486 3408 etiam
3508 3355 3633 3410 sub
3661 3373 3816 3412 cura
3833 3362 3891 3412 et

2192 3447 2575 3502 moderatione
2621 3445 2786 3501 Leusi
2832 3445 3070 3514 abbatis,
3111 3463 3287 3518 quem
3315 3447 3440 3518 ipse
3466 3449 3788 3520 praefecit,
3817 3451 3890 3506 ad

2193 3540 2405 3611 regula
2433 3538 2826 3610 praescriptum
2857 3539 2974 3594 illic
3003 3539 3214 3611 degere
3241 3539 3626 3612 Dominoque
3658 3544 3888 3600 servire

2193 3633 2386 3688 voluit.
2407 3633 2582 3687 Tanto
2600 3635 2793 3686 autem
2827 3648 3020 3688 amore
3052 3632 3459 3688 beatissimum
3487 3635 3888 3693 Germanum

2193 3727 2518 3797 episcopum
2546 3721 3044 3797 complectebatur,
3072 3731 3139 3782 ut
3162 3727 3225 3782 in
3255 3743 3324 3782 ea
3349 3727 3484 3798 ipsa
3511 3735 3886 3787 sanctorum

2191 3819 2468 3875 Vincentii
2493 3822 2550 3874 et
2573 3819 2860 3874 Laurentii
2887 3823 3210 3892 martyrum
3241 3819 3505 3891 ecclesia,
3537 3823 3886 3896 sepultura

2191 3912 2376 3967 locum
2411 3911 2463 3966 ei
2518 3911 2882 3984 prapararit;
2936 3913 3038 3967 ubi
3071 3916 3273 3968 tamen
3317 3917 3527 3985 postea
3571 3917 3664 3974 ob
3694 3924 3886 3974 certas

2191 4005 2459 4078 quasdam
2483 4021 2696 4074 causas,
2726 4021 2842 4061 non
2867 4009 3096 4062 sanctus
3123 4007 3470 4078 Germanus,
3486 4008 3600 4065 sed
3621 4011 3884 4084 ipsemet

2191 4099 2364 4170 digne
2389 4099 2656 4154 humatus
2681 4103 2781 4154 est.

2260 4197 2313 4248 5.
2339 4193 2596 4264 Cumque
2622 4191 2913 4264 religionis
2937 4193 3268 4249 monastica
3287 4195 3684 4266 propositum
3709 4200 3882 4254 miri-

2191 4287 2292 4342 ﬁce
2317 4285 2804 4357 complecteretur,
2824 4285 2887 4342 in
2907 4302 2974 4342 ea
2989 4287 3195 4342 cellula
3211 4287 3273 4342 in
3287 4303 3407 4358 qua
3427 4295 3690 4347 sanctus
3709 4293 3886 4350 Julia-

2191 4395 2318 4448 nus,
2358 4379 2580 4450 primus
2611 4379 3068 4434 Cenomanorum
3107 4380 3438 4454 episcOpus,
3479 4399 3756 4458 corpore
3783 4403 3878 4442 re-

2188 4471 2422 4543 quiescit
2434 4472 2501 4542 (Γ)
2509 4512 2522 4539 ,
2531 4471 2696 4542 juxta
2710 4472 3122 4529 monasterium
3133 4473 3368 4530 Victorii
3389 4475 3464 4546 (g)
3475 4517 3489 4544 ,
3505 4479 3685 4548 quod
3697 4480 3880 4535 situm

2188 4569 2270 4619 est
2299 4565 2370 4620 ad
2388 4563 2603 4620 ﬁumen
2642 4565 2887 4634 Sartam,
2913 4566 3298 4622 monasticum
3325 4567 3694 4628 institutum
3722 4573 3880 4644 quod

468 4660 588 4711 tore
636 4659 993 4729 contempsit.
1048 4661 1108 4712 In
1153 4657 1580 4714 conversatione
1618 4662 1741 4713 erat
1775 4657 2090 4714 humilitate
2181 4657 2524 4730 jampridem
2549 4658 2664 4714 illic
2685 4659 2888 4719 ﬂorere
2913 4665 3186 4731 caperat,
3219 4659 3476 4718 miriﬁce
3501 4671 3878 4738 augmenta-

467 4750 815 4821 conspicuus,
862 4751 1152 4807 charitatis
1197 4751 1494 4806 dulcedine
1535 4751 1778 4819 fervens,
1824 4751 2090 4806 castitatis

468 4844 762 4914 splendore
803 4844 1059 4911 illustris,
1093 4843 1444 4914 jejuniorum
1483 4843 1819 4916 pinguedini
1847 4845 2087 4910 deditus,

467 4937 776 5010 disciplina
796 4954 930 4994 vero
955 4937 1163 4993 calesti
1189 4938 1328 4994 adeo
1342 4953 1400 4993 se
1417 4942 1599 4992 totum
1615 4937 1847 5008 addixit,
1865 4942 1933 4993 ut
1949 4954 2090 5010 pon-

469 5031 668 5086 tiﬁcale
709 5031 1093 5088 ministerium
1121 5049 1226 5104 pro
1253 5031 1549 5104 dignitate,
1578 5036 1636 5089 et
1657 5031 1888 5105 quidem
1917 5031 2008 5103 pie
2034 5036 2091 5088 et

465 5233 614 5358 mgni).
639 5234 872 5289 Sanctus
905 5236 1177 5291 lnnocens
1221 5237 1336 5293 sive
1377 5235 1738 5293 Innocentius
1773 5235 1978 5292 colitur
2023 5240 2088 5293 l6

601 5323 639 5358 l.

537 5322 639 5360 nu.

471 5445 480 5456 .
540 5377 608 5443 (b)
649 5375 1494 5456 SanctusDomnolussuscipit
1525 5378 1908 5456 episcopatum
1957 5393 2086 5432 cum

458 5447 826 5518 jampridem,
857 5451 922 5500 ut
947 5463 1113 5518 supra
1138 5451 1371 5514 dictum,
1403 5447 1847 5504 sedes'vacasset.

539 5517 603 5586 (ο)
658 5519 836 5592 Vitam
877 5517 1058 5592 sancti
1121 5519 1384 5576 Germani
1443 5521 1786 5575 Parisiorum
1845 5520 2088 5592 episcopi

465 5589 662 5642 damus
689 5591 757 5643 28
787 5588 929 5642 Maii.

647 5659 980 5739 Appellatur
999 5661 1314 5739 etiamnum
1331 5660 2084 5739 monasteriumsanctiym-

463 5729 631 5802 centii
659 5729 950 5802 martyris,
979 5732 1138 5800 cujus
1162 5732 1316 5802 Acta
1341 5729 1598 5786 dedimus
1621 5733 1690 5802 22
1730 5729 2006 5802 Januarii,
2032 5739 2088 5789 et

464 5800 550 5868 §2
591 5801 659 5855 de
701 5799 960 5882 reliquiis
997 5799 1176 5856 sancti
1220 5799 1496 5857 Vineentii
1539 5800 1693 5856 varia
1735 5799 2088 5860 controversa

463 5886 884 5944 proposuimus.

2187 4751 2288 4818 vit,
2305 4751 2444 4806 adeo
2469 4756 2534 4807 ut
2549 4751 2968 4824 quinquaginta
2990 4753 3110 4808 fere
3131 4754 3452 4810 monachos
3482 4756 3614 4814 illic
3643 4761 3880 4836 regula-

2188 4844 2325 4900 riter
2349 4845 2554 4916 degere
2577 4845 2836 4916 voluerit,
2857 4861 3034 4918 eaque
3047 4862 3178 4918 qua
3199 4847 3512 4906 advictum
3535 4857 3876 4930 pertinent,

2187 4943 2303 4994 tam
2312 4938 2542 4994 illorum
2553 4955 2726 5011 quam
2738 4940 3178 5012 peregrinorum
3191 4945 3250 4996 et
3267 4942 3748 5007 adventantium
3763 4969 3878 5008 ma-

2189 5031 2396 5104 gniﬁce
2417 5031 2810 5106 suppeditarit.
2831 5033 3003 5090 Aliud
3023 5049 3255 5107 quoque
3273 5043 3795 5102 monasteriolum
3824 5051 3878 5104 et

2261 5235 2324 5305 (e)
2363 5235 2513 5290 Infra
2539 5235 2600 5290 in
2630 5239 2968 5292 testamento
2994 5242 3354 5294 memoratur
3376 5243 3738 5307 Audoveus.
3756 5250 3878 5307 aliis

2187 5291 2358 5380 etiam
2369 5291 2672 5380 AAudoinus
2690 5291 3555 5380 episcopuslaiiliegavensi;w
3573 5291 3586 5300 '
3601 5291 3738 5322 mw,

2259 5379 2323 5446 (f)
2361 5377 2596 5432 Sanctus
2619 5377 2875 5432 Julianus
2892 5377 3049 5433 anno
3083 5377 3219 5435 12οῙ
3248 5381 3387 5437 inde
3411 5388 3757 5446 translatus
3796 5394 3877 5447 est

2186 5449 2258 5503 ad
2277 5448 2568 5522 ecclesiam
2589 5450 3002 5522 cathedralem;
3024 5454 3082 5504 et
3107 5467 3238 5522 qua
3261 5457 3422 5522 ante,
3442 5462 3518 5512 ut
3537 5459 3713 5516 infra
3733 5463 3875 5518 dici-

2187 5523 2300 5587 tur,
2330 5525 2449 5574 erat
2477 5519 2658 5574 dicata
2682 5520 2784 5574 sub
2825 5521 3058 5576 nomine
3092 5519 3304 5578 sancta
3338 5519 3548 5584 Maria
3586 5549 3662 5588 ac
3691 5534 3876 5589 sancti

2187 5589 2432 5666 Cervasii
2477 5595 2531 5645 et
2572 5591 2947 5666 Protesii,__ab
2993 5608 3073 5666 eo_
3101 5597 3364 5666 tempore
3396 5602 3639 5658 mansit
3671 5612 3874 5661 sancto

2185 5660 2404 5743 Juliano
2426 5677 2596 5716 sacra.
2627 5662 2806 5733 Hujus
2831 5662 3017 5718 Vitam
3043 5660 3313 5720 dedimus
3343 5667 3420 5723 ad
3449 5669 3628 5730 diem
3674 5680 3750 5732 27
3781 5660 3874 5733 Ja—

2187 5747 2370 5786 nuarn
2378 5775 2391 5787 .

2256 5804 2326 5873 (g)
2365 5805 2600 5876 Sanctus
2651 5803 2927 5876 Victorius
2975 5811 3075 5860 aut
3135 5807 3432 5866 Victurius
3507 5821 3608 5872 est
3675 5824 3874 5876 sextus

2185 5873 2622 5931 Cenomanensis
2674 5874 2992 5952 episcopus,
3047 5881 3104 5936 et
3139 5877 3350 5936 colitur
3392 5886 3417 5940 1
3468 5873 3870 5964 Septembris.
