3994 6408
145 372 247 428 641

1734 373 1907 432 VITA.

3403 383 3505 438 642

141 477 582 535 xenodochium
603 479 755 537 ultra
776 479 1004 537 Sartam
1017 481 1257 550 flumen,
1273 481 1335 536 in
1354 483 1640 538 honorem
1656 482 1789 537 bea—
1808 492 1868 566 Α
1887 481 2179 554 latamque
2201 497 2413 554 aquam
2429 483 2694 539 minister
2707 482 2768 538 in
2785 483 2908 556 ejus
2921 499 3129 540 manus
3147 485 3499 555 infunderet,

141 571 391 628 tissimaa
415 572 623 628 matris
647 573 748 628 Dei
770 577 828 628 et
855 574 1104 646 Virginis
1129 573 1318 630 Mariae
1344 575 1635 647 sapienter
1657 575 1790 629 tedi-

139 665 344 720 ﬁcavit
377 668 553 737 atque
599 683 715 722 sum
746 668 999 722 ecclesiae
1036 667 1206 723 rebus
1251 667 1488 736 dotavit,
1529 671 1788 723 accurate

145 759 518 814 constituens
538 762 602 814 ut
621 759 736 814 illic
752 776 1033 832 pauperes
1051 763 1110 815 et
1127 761 1418 833 peregrini
1439 764 1787 832 egentesque

142 867 382 920 omnes,
420 851 520 922 qui
554 852 712 906 intra
736 852 939 908 urbem
963 857 1202 926 propter
1227 855 1350 924 ejus
1368 854 1572 926 jugem
1601 857 1785 908 custo-

141 943 311 998 diam
338 943 570 999 admitti
600 961 718 1000 non
743 949 998 1016 possent,
1027 945 1438 1018 reciperentur.
1466 948 1643 1001 Porro
1670 963 1788 1002 mo-

139 1037 372 1092 nachos
411 1036 621 1108 viginti
659 1041 908 1108 quatuor
939 1039 1055 1094 illic
1096 1039 1170 1094 ad
1205 1040 1419 1110 regulae
1454 1039 1788 1094 monasticae.

137 1129 556 1201 praescriptum
579 1131 772 1186 vivere
796 1132 976 1187 voluit
995 1131 1091 1202 qui
1119 1135 1177 1187 et
1199 1132 1483 1203 perpetim
1509 1132 1788 1187 servirent

137 1222 270 1278 Deo
299 1225 360 1278 et
385 1222 768 1279 adventantes
797 1235 1080 1295 pauperes
1108 1227 1456 1292 recrearent,
1491 1227 1662 1296 atque
1688 1225 1786 1279 ho-

139 1315 334 1387 spites
361 1317 608 1371 comiter
635 1299 695 1371 et
720 1319 1108 1388 congruenter
1131 1317 1472 1388 acciperent.
1495 1317 1567 1371 Iis
1592 1320 1784 1372 autem

136 1409 458 1464 monachis
479 1408 794 1480 quemdam
817 1427 846 1463 e
865 1409 980 1464 suis
993 1410 1410 1482 probatissima!
1428 1410 1559 1464 vitae
1578 1409 1781 1478 virum,

137 1501 483 1558 Paduinum
509 1501 584 1574 (a)
611 1503 870 1570 nomine,
899 1502 1151 1558 ecclesiae
1176 1503 1478 1558 beatorum
1503 1501 1783 1557 Vincentii

137 1597 204 1648 et
215 1591 519 1649 Laurentii
530 1611 637 1666 per
647 1595 706 1650 id
719 1598 944 1667 tempus
955 1595 1346 1668 priapositum,
1362 1595 1630 1650 abbatem
1644 1612 1785 1667 pree-

136 1687 327 1742 fecit:
357 1688 666 1758 locumque
693 1688 881 1760 ipsum
913 1691 971 1743 et
1007 1688 1114 1743 sibi
1145 1692 1202 1744 et
1227 1688 1644 1744 successoribus
1672 1688 1785 1742 suis

136 1779 454 1835 subditum
487 1797 611 1836 esse
647 1780 859 1836 debere
887 1781 1158 1850 decrevit,
1191 1781 1450 1836 adhibita
1481 1781 1654 1836 etiam
1680 1781 1780 1836 ad-

1889 577 1948 629 et
1957 575 2087 630 lotis
2097 575 2366 630 manibus
2377 577 2710 631 malluvium
2723 593 2822 649 asp
2829 580 3062 645 artaret,
3077 593 3256 634 caecus
3267 579 3505 651 quidam

1888 666 2142 738 Siagrius
2171 667 2410 723 numine
2439 669 2490 724 ei
2515 669 2672 724 venit
2692 670 2942 741 obviam,
2971 675 3030 726 et
3053 688 3265 744 aquam
3285 687 3412 744 quia
3433 672 3505 728 de

1887 759 2154 816 manibus
2174 761 2461 832 pontiﬁcis
2479 762 2794 817 deﬂuxerat
2813 763 2919 818 sibi
2937 763 3063 819 dari
3080 765 3262 836 petiit,
3285 781 3354 820 ea
3373 781 3505 821 suos

1888 854 2080 908 oculos
2095 853 2411 909 ablaturus.
2435 854 2688 911 Minister
2706 855 2765 909 id
2785 855 2946 927 parvi
2963 857 3242 928 pendens,
3266 857 3427 912 dedit
3449 857 3504 912 ei

1886 962 2116 1017 aquam,
2147 949 2210 1000 ut
2238 947 2501 1018 petierat.
2537 949 2614 1002 Ea
2639 965 2819 1003 caecus
2847 965 2978 1004 suos
3006 950 3260 1020 perfudit
3288 951 3500 1018 oculos,

1887 1037 2017 1092 etin
2039 1038 2244 1094 Christi
2261 1040 2518 1108 nomine,
2541 1039 2760 1094 meritis
2779 1041 2960 1096 sancti
2977 1041 3249 1096 Domnoli
3265 1057 3399 1096 mox
3418 1059 3503 1096 re-

1886 1129 2082 1186 stituto
2119 1131 2260 1199 visu,
2287 1133 2450 1186 laetus
2481 1133 2770 1188 abscessit.
2799 1134 2984 1198 Quem
3015 1133 3251 1205 quidem
3286 1151 3502 1189 caecum
3553 1133 3557 1137 ’

1885 1223 2090 1294 saepius
2117 1240 2225 1295 ego
2249 1223 2383 1290 vidi,
2411 1225 2692 1296 multique
2723 1243 2754 1280 e
2776 1227 2942 1281 sociis
2974 1226 3200 1292 nostris,
3229 1230 3399 1297 atque
3429 1227 3501 1282 ab

1884 1315 1981 1370 illo
2007 1319 2129 1370 tum
2151 1316 2301 1370 istud
2326 1319 2450 1371 tum
2473 1319 2638 1388 plura
2664 1318 2774 1373 alia
2800 1319 2980 1374 sancti
2999 1319 3104 1373 viri
3127 1318 3405 1374 miracula
3423 1319 3503 1374 di-

1885 1408 2245 1464 dici.Perlata
2256 1412 2342 1463 est
2353 1413 2547 1464 autem
2558 1410 2728 1482 hujus
2738 1411 2988 1466 reifama
3000 1411 3073 1466 ad
3085 1413 3396 1466 multorum
3407 1429 3502 1467 au-

1883 1517 1995 1569 res,
2009 1501 2252 1557 etinvito
2265 1501 2637 1572 pontiﬁcclon
2643 1519 2714 1574 ge
2726 1505 2954 1575 lateque
2967 1503 3189 1573 diffusa,
3209 1508 3335 1558 erat
3345 1505 3500 1559 enim

1883 1594 2272 1649 sanctissimus
2281 1595 2376 1649 ille
2390 1613 2564 1650 senex
2576 1595 2850 1666 singulari
2861 1597 3136 1668 praeditus
3147 1596 3324 1652 animi
3337 1614 3502 1652 mun-

1885 1686 2025 1742 ditia
2045 1690 2102 1741 et
2125 1687 2470 1743 humilitate.
2493 1689 2605 1742 Nec
2631 1688 2868 1743 dubium
2891 1689 3030 1760 quin
3058 1689 3213 1760 apud
3243 1689 3500 1760 omnipo-

1881 1779 2056 1834 tentis
2080 1779 2183 1834 Dei
2205 1779 2555 1851 singularem
2573 1780 3028 1836 misericordiam
3049 1783 3294 1837 multum
3315 1785 3502 1838 valeat

127 1872 444 1944 juratione
485 1877 544 1928 et
589 1872 991 1942 detestatione,
1034 1878 1097 1929 ut
1137 1874 1418 1945 hospitale
1464 1874 1585 1944 ejus
1629 1852 1859 1928 urbisB
1881 1871 2121 1928 humani
2151 1873 2338 1928 cordis
2363 1873 2582 1944 puritas
2617 1877 2675 1928 et
2707 1873 3060 1944 simplicitas,
3092 1876 3501 1931 convenienter

132 1965 449 2038 perpetuis
487 1967 846 2038 temporibus
884 1967 944 2020 in
978 1965 1317 2037 pontiﬁcum
1355 1965 1572 2021 ditione
1612 1969 1779 2020 esset.

217 2061 274 2113 6.
327 2058 558 2123 Quanta
601 2061 798 2114 autem
837 2059 990 2130 apud
1023 2075 1123 2114 vos
1166 2059 1384 2130 degens
1427 2058 1516 2112 vir
1556 2061 1784 2113 sanctus

134 2167 364 2223 corpus
393 2167 561 2206 suum
591 2151 941 2207 abstinentia
970 2151 1244 2220 effecerit,
1281 2167 1455 2223 quam
1491 2167 1551 2206 se
1577 2167 1780 2223 perpe-

132 2243 263 2299 tuis
287 2243 606 2299 confecerit
627 2242 854 2316 vigiliis,
881 2260 1056 2315 quam
1077 2243 1136 2298 in
1162 2243 1503 2316 praestandis
1530 2244 1780 2298 eleemo-

135 2336 307 2408 synis
363 2336 618 2392 liberalis
670 2340 728 2392 et
770 2335 1038 2408 profusus
1084 2336 1294 2405 fuerit,
1349 2336 1500 2392 solus
1558 2335 1654 2390 ille
1709 2335 1783 2390 ad

133 2430 395 2502 plenum
435 2429 597 2484 novit
641 2429 732 2484 cui
769 2429 1000 2501 cognita
1047 2432 1179 2484 sunt
1216 2429 1450 2497 omnia;
1500 2446 1606 2484 nec
1643 2431 1781 2500 puto

137 2522 474 2594 quemdam
531 2521 872 2577 mortalium
924 2522 1090 2577 facile
1140 2521 1336 2577 omnia
1383 2522 1678 2593 explorare
1727 2522 1784 2575 et

135 2612 435 2686 indagare
451 2614 722 2686 potuisse,
741 2614 1211 2686 quandoquidem
1223 2613 1506 2685 ejusmodi
1523 2613 1614 2668 ille
1633 2614 1780 2668 clam

134 2707 344 2780 potius
371 2723 548 2779 quam
570 2708 765 2780 palam
783 2707 1049 2762 faciebat.
1079 2708 1166 2776 Et,
1199 2709 1263 2762 ut
1280 2706 1474 2778 paucis
1493 2707 1674 2761 multa
1695 2723 1784 2761 ex-

135 2779 481 2873 pediamus,
511 2779 701 2872 qualis]
723 2801 1086 2872 quantusque
1114 2799 1308 2867 fuerit,
1339 2815 1466 2871 quae
1491 2801 1550 2855 et
1568 2803 1784 2870 quanta

135 2893 426 2965 gesserit,
452 2909 572 2948 non
593 2894 784 2964 potest
802 2891 1062 2948 mortalis
1085 2892 1282 2964 lingua
1303 2885 1604 2964 explicare,
1628 2892 1783 2964 quod

135 3002 327 3058 supra
354 2985 658 3042 hominem
683 2985 860 3041 fuerit
888 2984 1168 3058 quidquid
1188 2985 1309 3040 fere
1335 2988 1562 3056 gestum
1587 2985 1659 3040 ab
1691 3002 1780 3041 eo.

133 3077 476 3136 Macerabat
501 3095 561 3133 se
593 3081 653 3134 et
680 3077 888 3150 vigiliis
915 3081 974 3132 et
1001 3077 1273 3133 continua
1301 3078 1516 3146 inedia,
1547 3077 1692 3134 adeo
1722 3081 1786 3132 ut

1881 1965 1965 2019 illi
2001 1965 2298 2020 sententiae
2331 1965 2672 2020 Salvatoris:
2709 1969 2865 2022 Beati
2901 1967 3102 2022 mundo
3144 1969 3322 2033 corde,
3365 1985 3494 2038 quo-

1881 2059 2032 2112 niam
2054 2059 2165 2128 ipsi
2192 2061 2361 2112 Deum
2384 2059 2663 2113 videbunt.

1953 2153 2006 2205 8.
2027 2151 2124 2205 Vir
2150 2149 2385 2221 quidam
2406 2149 2632 2218 nobilis,
2663 2165 2874 2220 genere
2907 2153 2966 2204 et
2993 2151 3196 2222 opibus
3225 2151 3500 2223 praedives

1881 2242 2187 2314 regiusque
2231 2242 2606 2311 consiliarius,
2648 2243 2710 2297 in
2752 2243 2947 2298 villam
2991 2243 3256 2300 Ecclesiae
3290 2245 3378 2300 cui
3417 2247 3502 2301 vir

1881 2335 1978 2391 Dei
2007 2339 2273 2406 praeerat,
2306 2335 2637 2392 Tridentem
2661 2336 2958 2404 vocabulo,
2987 2336 3156 2391 sitam
3186 2337 3243 2392 in
3270 2339 3501 2394 condita

1880 2427 2231 2484 Diablentica
2274 2427 2340 2500 (c)
2386 2428 2670 2483 obstinato
2720 2429 2915 2484 animo
2954 2429 3180 2497 invasit,
3227 2447 3355 2488 eam
3395 2432 3500 2488 sibi

1881 2521 2193 2576 vindicans.
2215 2520 2426 2576 Crebro
2447 2524 2640 2575 autem
2662 2520 2825 2574 illum
2845 2521 3152 2576 admonuit
3164 2523 3251 2576 vir
3271 2523 3500 2579 sanctus

1881 2617 1946 2668 ut
1973 2631 2008 2669 a
2033 2613 2146 2668 suis
2171 2613 2466 2668 maleﬁciis
2484 2612 2862 2684 resipisceret,
2886 2617 2944 2668 et
2963 2614 3038 2668 ad
3048 2615 3361 2670 meliorem
3386 2617 3499 2671 fru-

1882 2723 2014 2778 gem
2035 2723 2092 2760 se
2115 2705 2414 2777 reciperet.
2436 2705 2647 2760 Videns
2667 2709 2862 2760 autem
2885 2723 2945 2760 se
2966 2706 3109 2760 nihil
3127 2707 3351 2764 ratione
3371 2725 3500 2780 pro-

1879 2800 2071 2867 ﬁcere,
2103 2799 2176 2854 ad
2205 2797 2561 2869 precandum
2596 2799 2909 2854 Dominum
2945 2815 3004 2854 se
3029 2800 3288 2868 contulit,
3316 2805 3380 2856 ut
3406 2819 3498 2858 res

1881 2908 1986 2964 pro
2013 2891 2310 2963 expiandis
2334 2891 2581 2962 peccatis
2611 2891 2749 2946 olim
2779 2907 2814 2945 a
2841 2891 3104 2946 ﬁdelibus
3124 2893 3378 2948 ecclesiae
3402 2895 3499 2949 do-

1883 2987 2048 3040 natas
2072 2984 2180 3055 ipsi
2203 2983 2546 3039 restitueret.
2577 2984 2812 3038 Interim
2835 2984 3144 3056 sacrilegus
3168 3002 3363 3042 rerum
3383 2989 3498 3043 Deo

1883 3077 2202 3133 dicatarum
2221 3081 2547 3148 occupator,
2567 3076 2760 3132 divina
2779 3077 2994 3132 ultione
3016 3077 3073 3132 in
3093 3094 3226 3134 eum
3243 3080 3500 3136 animada

137 3169 330 3227 etiam
350 3168 903 3243 fortissimijuvenes
920 3170 1476 3242 ejus’parcimoniam
1495 3171 1647 3226 ferre
1666 3186 1780 3225 non
1801 3212 1857 3288 Ο
1880 3173 2139 3226 vertente
2168 3171 2328 3226 febre
2355 3169 2674 3241 corripitur,
2697 3170 3019 3242 eademque
3042 3172 3406 3228 continenter
3425 3175 3503 3230 la-

137 3267 387 3288 _----_L
438 3265 516 3288 ῐι..
543 3279 744 3288 -.ι-...η-
767 3279 930 3288 -----...
955 3263 1255 3288 “-ΔΣΑ.-ι..-ι
1280 3262 1336 3288 ζ..
1368 3262 1594 3288 -..ε-ει---
1618 3263 1758 3288 -.ι-...ἒ
1880 3264 2045 3288 1.-..-ι
2090 3263 2198 3288 ΩΑ.)
2227 3279 2413 3288 ..-ι-..-Α
2442 3263 2517 3288 ..2,-
2539 3266 2734 3288 1-.....—
2761 3280 2849 3288 ...._
2872 3266 3019 3288 ...-I-
3055 3269 3353 3288 ___-_..__1__
3373 3267 3473 3288 ..-Δ

135 3267 410 3338 possent.
438 3265 522 3319 Ita
541 3279 746 3336 corpus
767 3279 936 3319 suum
955 3263 1259 3335 redigebat
1280 3262 1340 3318 in
1367 3262 1597 3334 spiritus
1617 3263 1784 3318 servi-

136 3359 361 3425 tutem,
391 3353 656 3429 adeoque
693 3356 835 3412 illud
862 3353 1277 3424 mortiﬁcabat,
1317 3359 1382 3412 ut
1420 3359 1615 3428 posset
1643 3355 1782 3411 illud

138 3449 538 3523 apostolicum
568 3467 686 3506 non
713 3448 1006 3506 immerito
1041 3449 1124 3504 illi
1151 3449 1614 3506 accommodari:
1649 3449 1782 3505 Vivo

135 3548 337 3600 autem
359 3543 485 3612 jam
521 3559 632 3598 non
667 3558 780 3611 ego,
817 3545 952 3598 vivit
983 3559 1106 3598 vero
1139 3544 1199 3597 in
1225 3558 1308 3598 me
1347 3544 1612 3602 Christus.
1641 3543 1782 3598 Cum

137 3636 445 3708 equitaret
465 3636 526 3690 in
557 3634 783 3702 itinere,
816 3651 1045 3708 semper
1065 3635 1137 3690 de
1158 3637 1274 3690 Deo
1300 3635 1780 3706 aut-loquebatur,

139 3732 254 3786 aut
287 3729 554 3784 canebat.
591 3729 830 3784 Cursum
860 3728 932 3799 (b)
962 3743 1094 3783 vero
1121 3744 1287 3782 suum
1323 3727 1403 3798 (id
1432 3730 1516 3782 est
1539 3743 1784 3799 pensum

136 3837 394 3895 precum
406 3820 839 3894 canonicarum)
851 3837 958 3894 per
965 3821 1140 3878 horas
1149 3821 1440 3892 legitimas
1455 3822 1783 3892 persolvens

133 3914 380 3986 reliquo
407 3913 523 3969 diei
551 3917 838 3986 tempore,
865 3913 1098 3986 quando
1135 3915 1523 3985 opportunum
1549 3913 1780 3968 videba-

137 4012 266 4076 tur,
289 4006 548 4062 studium
568 4006 851 4078 psallendi
873 4007 1066 4062 divina
1085 4007 1334 4078 eloquia,
1351 4009 1452 4061 aut
1466 4006 1781 4074 lectitandi,

137 4104 254 4158 aut
267 4101 330 4155 in
341 4116 544 4172 preces
553 4099 931 4156 incumbendi
945 4117 1063 4155 non
1076 4099 1398 4156 omittebat.
1411 4099 1500 4154 Ad
1520 4115 1783 4154 mensam

135 4195 278 4267 ipso
314 4193 647 4262 accedente,
687 4209 826 4249 mox
862 4193 1066 4248 aderat
1103 4193 1284 4248 lector
1315 4193 1562 4248 recitans
1593 4192 1784 4248 divina

139 4286 417 4359 eloquia:
440 4289 504 4341 ut
523 4287 676 4341 inter
691 4287 888 4358 epulas
909 4287 1114 4358 quibus
1135 4302 1268 4342 caro
1288 4286 1607 4354 fovebatur,
1625 4285 1785 4358 spiri-

137 4379 406 4436 tualibus
433 4378 725 4434 alimoniis
747 4379 938 4450 potius
966 4379 1216 4436 convivae
1243 4380 1624 4450 explerentur.
1657 4379 1786 4434 Nul-

135 4474 275 4530 lum
291 4472 534 4528 omnino
550 4471 658 4528 sibi
678 4474 908 4544 tempus
923 4472 1252 4546 praeterlabi
1269 4471 1514 4540 sinebat,
1534 4489 1648 4544 quo
1667 4489 1784 4528 non

1880 3264 2066 3320 borat.
2090 3263 2203 3319 Sed
2226 3279 2416 3335 neque
2441 3263 2519 3317 sic
2539 3266 2738 3318 tamen
2760 3280 2852 3319 res
2871 3266 3022 3320 male
3055 3269 3355 3338 usurpatas
3373 3267 3500 3322 red-

1882 3357 2018 3412 dere
2037 3357 2233 3424 voluit,
2252 3359 2318 3411 ut
2335 3356 2456 3427 ejus
2477 3372 2647 3426 pama
2664 3357 2832 3412 ﬁeret
2849 3358 3208 3413 cumulatior.
3230 3360 3372 3416 Cum
3395 3377 3496 3416 au-

1880 3452 2002 3504 tem
2027 3465 2096 3504 ea
2115 3449 2274 3504 febre
2295 3449 2417 3504 dire
2439 3447 2832 3517 afﬂictaretur,
2855 3451 3003 3505 lecto
3029 3451 3401 3522 decumbens,
3422 3453 3500 3508 vi-

1883 3559 1976 3598 sus
1998 3546 2084 3597 est
2098 3542 2202 3596 sibi
2219 3542 2468 3614 quadam
2487 3546 2654 3597 nocte
2673 3541 2868 3597 videre
2884 3544 3120 3598 Matrem
3139 3545 3368 3599 Domini
3387 3546 3498 3617 (cui

1881 3651 1973 3690 res
1991 3635 2063 3690 ab
2082 3634 2205 3706 ipso
2224 3637 2528 3705 usurpatae,
2552 3651 2782 3706 unaque
2803 3635 2984 3690 beatis
3005 3637 3349 3708 martyribus
3369 3637 3500 3693 Ger-

1882 3728 2036 3784 vasio
2063 3732 2122 3782 et
2139 3727 2393 3785 Protasio
2422 3727 2624 3783 dicatae
2649 3727 2834 3799 erant)
2862 3729 3048 3784 ferreo
3073 3731 3282 3784 malleo
3312 3730 3500 3802 ipsum

1879 3821 1939 3876 in
1975 3822 2164 3877 fronte
2199 3820 2638 3892 percutientem.
2677 3821 2800 3876 Mox
2838 3821 3016 3892 igitur
3055 3823 3236 3878 multo
3278 3827 3500 3880 terrore

1882 3917 2194 3986 correptus,
2213 3915 2287 3969 ad
2308 3917 2570 3970 sanctum
2594 3914 2942 3969 Domnolum
2961 3915 3118 3970 misit
3135 3915 3232 3986 qui
3253 3932 3386 3972 eum
3403 3935 3498 3974 ro-

1883 4011 2089 4080 garent
2113 4010 2176 4062 ut
2199 4024 2290 4062 res
2318 4007 2426 4078 ipsi
2447 4007 2666 4062 ablatas
2693 4023 2824 4062 cum
2847 4007 3046 4063 fenore
3064 4009 3362 4080 reciperet.
3387 4011 3500 4066 Nec

1880 4104 2077 4156 tamen
2093 4101 2282 4171 potuit
2297 4100 2526 4156 sanitati
2541 4101 2783 4162 restitui,
2805 4101 2989 4166 donec
3009 4106 3236 4158 sanctus
3254 4105 3504 4160 Domno-

1881 4194 1968 4249 lus
1994 4194 2069 4249 ad
2094 4211 2230 4248 eum
2254 4194 2494 4248 veniret.
2525 4194 2633 4248 Ubi
2671 4198 2868 4249 autem
2895 4195 2991 4250 ille
3025 4195 3275 4264 advenit,
3307 4187 3504 4254 omnia.

1879 4285 1940 4341 in
1971 4287 2210 4358 duplum
2241 4287 2490 4342 restituit
2517 4287 2768 4343 ecclesiae
2797 4287 3094 4355 ministris,
3131 4293 3190 4342 et
3219 4294 3349 4362 post
3379 4291 3501 4345 dies

1881 4395 2093 4451 paucos
2111 4381 2376 4451 precibus
2395 4383 2454 4434 et
2472 4381 2694 4434 meritis
2713 4380 2867 4434 beati
2887 4381 2990 4438 viri
3013 4382 3163 4436 salus
3190 4382 3245 4436 ei
3273 4383 3502 4440 reddita

1883 4476 2002 4539 est;
2025 4473 2126 4527 sed
2145 4472 2395 4527 vulneris
2416 4472 2540 4542 ejus
2568 4473 2742 4527 fronti
2763 4473 2974 4527 malleo
3001 4474 3284 4544 impressi,
3308 4475 3502 4544 quoad

141 4568 260 4624 aut
281 4565 587 4638 prodesset
603 4565 750 4634 aliis,
773 4568 874 4620 aut
891 4566 966 4620 ad
985 4581 1117 4621 suos
1129 4565 1420 4637 profectus
1445 4565 1663 4636 aliquid
1683 4565 1781 4620 ad-
1802 4576 1863 4650 D
1883 4566 2039 4633 vixit,
2059 4564 2301 4636 vestigia
2320 4580 2711 4636 permansere.
2741 4565 2907 4629 Quod
2926 4565 3137 4621 idcirco
3159 4567 3373 4621 factum
3395 4573 3500 4637 est,

133 4660 382 4733 jiceret,
410 4658 568 4730 quod
595 4658 642 4714 si
667 4658 796 4730 quis
823 4658 948 4729 ejus
981 4659 1134 4714 facta
1162 4658 1438 4714 curiosius
1460 4657 1786 4730 inquisierit

138 4755 471 4811 innumera
495 4767 847 4823 magnarum
865 4751 1138 4807 virtutum
1159 4751 1438 4808 miracula
1456 4749 1728 4819 inveniet,
1753 4767 1786 4806 e

139 4845 370 4919 quibus
395 4861 504 4902 nos
527 4845 618 4900 vel
644 4858 830 4917 pauca
851 4861 1204 4917 promemus.

807 4993 1031 5050 CAPUT
1068 4995 1132 5049 II.

504 5105 676 5164 Varia
699 5104 968 5163 miracula
991 5107 1053 5162 in
1075 5107 1193 5162 vita
1209 5109 1456 5176 patrata.

223 5231 281 5280 7.
319 5222 587 5289 Quodam
609 5222 701 5278 die
728 5221 1050 5293 Dominico,
1072 5237 1204 5277 cum
1223 5224 1457 5294 peracto
1489 5219 1678 5276 ofﬁcio
1701 5237 1786 5276 so-

136 5312 346 5376 lemni
377 5315 452 5371 ad
477 5331 742 5372 mensam
769 5331 1082 5387 pransurus
1103 5331 1171 5370 ex
1189 5331 1352 5370 more
1384 5313 1704 5384 accederet,
1725 5313 1787 5367 il-

222 5461 306 5534 (a)
326 5458 445 5514 Sub
452 5456 894 5534 neminesancti
904 5454 1164 5534 Eaduini,
1181 5456 1353 5534 vulgo
1372 5454 1553 5534 sancti
1565 5455 1784 5534 ﬂavini,

136 5527 244 5590 est
268 5527 562 5602 parochiai
574 5529 641 5602 in
662 5527 890 5602 dioecesi
915 5527 1338 5602 Cenomanensi
1368 5527 1464 5602 ubi
1491 5527 1788 5602 ‘colitmjm

135 5598 520 5662 Novembris.
543 5599 670 5654 Vita
685 5599 877 5669 aliqua
897 5599 1020 5669 ejus
1037 5601 1218 5652 exstat
1235 5598 1387 5669 inter
1403 5599 1545 5652 Acta
1558 5601 1784 5652 sancto-

133 5689 288 5733 rum
318 5669 540 5726 ordinis
565 5667 1137 5724 Benedictini'saaculi
1158 5667 1348 5738 primi.

223 5743 306 5815 (b)
329 5743 560 5815 Cursus,
585 5743 650 5815 ut
669 5739 766 5815 hic
785 5737 1176 5815 explicationis
1196 5755 1364 5794 causa
1392 5737 1641 5815 additur,
1655 5755 1788 5815 pas-

137 5808 270 5874 Sili]
289 5808 412 5885 'pro
439 5809 648 5885 divinis
675 5808 876 5885 ofﬁciis
906 5813 1005 5885 au_t
1029 5809 1186 5864 horis
1206 5808 1496 5885 canonicis
1520 5808 1783 5862 sumitur.

138 5891 244 5945 Ita
278 5879 646 5940 memoratur
677 5883 902 5937 sanctus
953 5881 1273 5938 Germanus
1319 5879 1514 5936 solitus
1557 5896 1787 5934 cursum

1884 4663 1948 4715 ut
1977 4659 2070 4714 ille
2101 4675 2202 4713 suo
2239 4653 2499 4728 exemplo
2541 4674 2576 4712 a
2611 4657 2782 4712 simili
2817 4658 3072 4713 facinore
3105 4659 3248 4714 alios
3285 4660 3502 4716 abster-

1884 4755 2054 4808 reret.
2079 4751 2231 4816 Quas
2249 4753 2444 4805 autem
2461 4766 2554 4804 res
2572 4749 2666 4804 ille
2689 4750 3004 4822 duplicatas
3023 4754 3148 4806 tum
3166 4756 3362 4808 sancto
3381 4754 3502 4809 viro

1883 4845 2152 4912 restituit,
2187 4860 2286 4899 eas
2317 4842 2557 4898 ecclesia
2589 4846 2786 4899 nostra
2815 4843 3090 4899 hactenus
3118 4845 3388 4918 possidet.

1956 4941 2010 4994 9.
2029 4937 2294 5002 Quodam
2316 4936 2776 5008 quadragesimae
2791 4939 3053 5007 tempore
3075 4936 3132 4991 in
3155 4939 3358 4992 cellam
3372 4937 3504 4993 Ani-

1887 5032 2021 5086 solae
2048 5030 2123 5102 (ἀ)
2150 5029 2484 5084 monasterii
2511 5029 2596 5083 vir
2626 5031 2855 5084 sanctus
2879 5046 3001 5084 sese
3029 5030 3357 5098 abdiderat,
3390 5032 3500 5087 Do-

1884 5124 2044 5178 mino
2067 5123 2128 5176 in
2148 5121 2372 5177 silentio
2397 5124 2454 5176 et
2479 5121 2784 5176 solitudine
2805 5126 3123 5178 vacaturus.
3147 5126 3286 5180 Ecce
3307 5127 3502 5179 autem

1886 5217 2134 5271 Francus
2161 5215 2396 5286 quidam
2423 5215 2630 5269 nobilis
2655 5231 2889 5285 genere,
2915 5216 3041 5287 regi
3064 5217 3228 5272 valde
3255 5217 3502 5272 familia-

1885 5310 1984 5377 ris,
2017 5308 2332 5380 quamdam
2367 5307 2490 5378 ejus
2520 5309 2782 5364 Ecclesiae
2811 5309 3026 5378 villam,
3066 5310 3363 5366 Bonallam
3400 5329 3502 5368 no-

1891 5453 2045 5512 nudo
2071 5455 2255 5526 capite
2285 5451 2492 5522 dicere,
2520 5455 2603 5509 uti
2631 5453 2688 5509 in
2718 5453 2840 5526 ejus
2867 5455 2994 5510 Vita
3019 5455 3380 5512 Fortunatus.

1963 5528 2028 5598 (c)
2051 5527 2291 5582 Condita
2308 5526 2662 5598 Diablentica
2683 5526 2907 5581 videtur
2925 5543 3048 5582 esse
3071 5527 3210 5584 ditio
3231 5531 3506 5584 Cenoma~

1891 5596 2604 5668 niSContiguaPerchensis
2627 5598 2950 5664 comitatus,
2973 5615 3168 5653 versus
3179 5601 3502 5669 Nogentum

1889 5669 2193 5724 Rotrudis:
2228 5672 2285 5740 et
2309 5684 2373 5722 ex
2401 5683 2535 5721 voce
2563 5670 2778 5740 condita
2803 5686 2928 5740 pro,
2961 5670 3328 5740 regiuncula,
3345 5685 3504 5740 man-

1889 5740 2025 5793 sisse
2057 5739 2284 5794 Francis
2308 5754 2520 5792 nomen
2545 5739 2740 5807 Condé,
2772 5737 2947 5796 etiam
2969 5737 3143 5794 hodie
3169 5737 3420 5809 pluribus
3440 5737 3500 5789 in

1889 5809 2606 5886 Gallialocis_com_mune._
2721 5881 2736 5886 _
2879 5882 2892 5886 _
2934 5881 2949 5886 _
3271 5880 3281 5886 _
3359 5875 3368 5886 ι

1962 5880 2040 5952 (d)
2068 5880 2320 5949 Anisola,
2354 5880 2468 5936 sive
2501 5880 2776 5940 Aninsula
2811 5881 3033 5940 celebre
3065 5880 3498 5950 monasterium,
