3994 6396
550 365 650 422 643

1476 355 1709 413 SANCTI
1746 352 2060 421 DOMNOLI,
2099 349 2604 408 CENOMANENSIS
2639 347 2956 417 EPISCOPI,

3797 345 3885 399 644

549 472 728 539 mine,
748 469 810 525 in
827 483 978 541 pago
1000 463 1263 523 Stadinse
1283 462 1474 531 sitam,
1497 463 1572 518 ad
1594 479 1654 518 se
1673 461 1883 534 rapuit.
1905 459 2011 515 Ubi
2030 475 2160 531 pas—
2183 469 2244 544 Α
2263 457 2356 512 die
2385 457 2446 511 in
2473 457 2606 512 villa
2639 461 2849 512 nostrae
2883 451 3159 520 ecclesiae,
3199 465 3378 522 quam
3407 447 3771 506 Baiadonem
3799 466 3882 504 vo-

551 564 728 620 chalis
751 559 1082 618 solemnitas
1107 556 1403 630 praeteriit,
1426 572 1558 611 eam
1578 555 1942 627 iniquitatem
1959 553 2045 608 vir
2063 554 2168 609 Dei

551 658 791 712 moleste
810 655 1020 720 ferens,
1040 651 1355 722 dolensque
1373 666 1431 704 se
1449 649 1674 704 vivente
1691 664 1852 703 suam
1871 646 2168 702 ecclesiam

551 747 760 804 nudari
801 744 1166 800 facultatibus
1210 743 1343 812 suis,
1391 743 1534 798 duos
1575 741 1845 797 diaconos
1890 740 2048 795 misit
2091 740 2167 794 ad

548 842 828 897 Francum
843 838 1006 894 illum
1021 837 1388 908 sacrilegum,
1410 839 1470 890 et
1487 835 1634 890 mire
1646 835 1773 906 jam
1791 833 2163 889 obstinatum.

550 933 666 990 Sed
689 931 917 988 diaconi
937 931 1160 986 nullum
1188 930 1260 984 ab
1282 945 1350 984 eo
1373 929 1542 1000 quale
1562 928 1773 983 vellent
1787 927 2035 982 retulere
2055 943 2168 981 res-

547 1043 816 1099 pensum.
841 1027 986 1081 Tum
1012 1039 1147 1079 vero
1175 1025 1404 1078 sanctus
1426 1021 1540 1090 vir,
1567 1021 1740 1076 corde
1769 1023 2165 1092 compunctus,

549 1119 744 1175 animo
780 1117 1120 1188 intrepidus,
1154 1133 1222 1172 eo
1264 1132 1324 1171 se
1355 1115 1616 1182 contulit,
1659 1117 1724 1169 ut
1753 1130 1846 1168 res
1883 1131 1999 1168 sua:
2033 1112 2168 1168 fidei

548 1213 798 1268 creditas
823 1212 1208 1282 recuperaret,
1231 1209 1410 1264 fretus
1431 1207 1636 1264 auxilio
1657 1206 2025 1278 praepotentis
2052 1205 2166 1262 Dei.

548 1307 694 1362 Cum
720 1304 895 1376 igitur
923 1303 1015 1358 die
1040 1301 1294 1375 quodam
1314 1302 1562 1357 Francus
1591 1301 1686 1356 ille
1713 1301 2004 1356 solemnes
2029 1301 2170 1354 cele-

549 1397 746 1453 braret
773 1397 969 1468 epulas
995 1395 1055 1450 in
1080 1395 1214 1449 villa
1231 1410 1336 1466 per
1361 1393 1722 1464 sacrilegium
1753 1393 1961 1460 ablata,
1991 1393 2166 1447 habe-

549 1494 752 1563 retque
781 1490 935 1561 apud
961 1505 1020 1544 se
1040 1490 1308 1559 parentes
1329 1491 1386 1541 et
1410 1485 1642 1554 amicos,
1666 1486 1992 1540 nuntiatum
2013 1488 2098 1540 est
2117 1484 2169 1539 ei

547 1601 669 1655 prae
697 1583 915 1638 foribus
945 1583 1143 1636 adesse
1175 1583 1432 1634 sanctum
1458 1579 1810 1650 episcopum,
1835 1595 2042 1649 resque
2061 1577 2169 1649 ipsi

550 1694 586 1732 a
608 1676 853 1732 Domino
878 1673 1310 1730 commendatas
1336 1675 1621 1742 repetere.
1651 1671 1711 1726 ld
1731 1674 1795 1726 ut
1815 1671 2033 1726 audivit
2050 1671 2166 1738 ille,

548 1769 713 1823 valde
733 1768 930 1823 animo
951 1769 1294 1832 commotus,
1309 1764 1480 1836 jussit
1507 1780 1640 1818 eum
1661 1780 1696 1818 a
1714 1767 1837 1819 tota
1862 1764 1992 1818 villa
2010 1779 2170 1834 pror-

548 1879 642 1917 sus
672 1860 891 1917 excludi
923 1863 982 1915 et
1005 1859 1154 1930 ejici.
1193 1861 1267 1913 At
1291 1832 1590 1930 episcopus
1625 1873 1742 1912 non
1780 1832 2166 1924 recalcitrans,
2187 1832 2244 1905 B

549 1953 1043 2026 quemadmodum
1071 1951 1358 2023 apostolus
1387 1952 1607 2016 monet,
1643 1949 1804 2004 dedit
1831 1949 2023 2005 locum
2043 1948 2164 2018 irae,

551 2047 652 2102 sed
680 2048 762 2102 ita
793 2045 930 2100 ultio
962 2044 1154 2098 divina
1179 2043 1240 2098 in
1267 2043 1608 2114 sacrilegum
1635 2034 1876 2098 excitata
1903 2045 2005 2097 est.

624 2142 710 2194 10.
731 2140 880 2194 Cum
903 2137 1060 2192 enim
1080 2139 1247 2190 nocte
1269 2136 1365 2190 illa
1378 2135 1541 2206 juxta
1556 2152 1784 2190 morem
1802 2137 2028 2190 sanctus
2047 2135 2164 2206 epi-

549 2249 756 2304 scopus
777 2231 837 2286 in
857 2230 1117 2286 oratione
1136 2229 1484 2300 persisterct,
1509 2228 1849 2300 sacrilegum
1871 2228 2058 2282 virum
2073 2228 2165 2282 in-

547 2326 694 2380 vasit
713 2323 906 2392 febris,
929 2339 1058 2394 quae
1077 2321 1366 2376 infelicem
1395 2321 1652 2376 animam
1675 2322 1854 2376 altero
1874 2338 2046 2376 mane
2068 2337 2164 2375 ex-

547 2418 715 2474 torsit
730 2417 801 2472 ab
817 2417 914 2472 illo
940 2433 954 2484 ;
981 2415 1174 2486 sicque
1194 2415 1514 2470 miserrime
1534 2415 1812 2470 excedens
1833 2431 1864 2469 e
1885 2414 2018 2483 vita,
2037 2414 2164 2470 abs-

549 2528 662 2583 que
698 2512 854 2565 luctu
887 2513 946 2564 et
974 2509 1095 2564 sine
1121 2509 1384 2581 precibus
1414 2508 1474 2562 in
1504 2507 1654 2564 bivio
1691 2509 1944 2579 sepultus
1969 2511 2071 2564 est.
2099 2509 2169 2562 Et

548 2605 783 2677 quidem
809 2603 1018 2674 dignus
1041 2607 1166 2657 erat
1189 2601 1290 2656 tali
1320 2603 1527 2669 morte,
1556 2600 1655 2672 qui
1679 2605 1942 2656 sanctum
1976 2601 2165 2658 virum

546 2715 717 2753 ausus
740 2697 850 2752 fuit
867 2696 1226 2762 contristare,
1250 2697 1308 2748 et
1331 2695 1649 2750 oblationes
1672 2695 1930 2750 fidelium
1959 2712 2165 2767 resque

546 2793 666 2847 Deo
699 2790 913 2844 dicatas
939 2789 1047 2844 sibi
1074 2787 1383 2844 vindicare.
1415 2789 1649 2842 Factum
1686 2791 1772 2842 est
1808 2789 1919 2842 hoc
1945 2789 2166 2844 meritis

545 2883 703 2939 beati
731 2882 1019 2949 antistitis,
1040 2884 1103 2935 ut
1125 2881 1312 2936 caeteri
1333 2881 1405 2935 ab
1428 2880 1758 2952 hujusmodi
1773 2881 2053 2937 maleﬁcio
2071 2883 2168 2938 ab-

547 2979 920 3043 sterreantur,
935 2991 1008 3030 ne
1022 2973 1372 3046 similiaipsis
1388 2973 1682 3029 accedant.
1699 2973 1845 3030 Cum
1869 2974 1947 3028 sic
1969 2978 2165 3030 autem

547 3069 643 3124 ille
668 3085 774 3141 per
798 3068 972 3136 iisset,
995 3066 1188 3122 multis
1217 3067 1464 3122 ecclesiis
1487 3083 1578 3122 res
1607 3067 1862 3138 ipsarum
1889 3067 2166 3123 restitutae

544 3165 700 3229 sunt,
729 3177 868 3233 quas
895 3159 1121 3232 tyranni
1137 3159 1493 3232 jampridem
1527 3175 1632 3232 per
1663 3159 2050 3215 temeritatem
2075 3161 2163 3215 in-
2185 3190 2241 3266 Ο

545 3257 830 3310 vaserant.
852 3255 995 3309 Nam
1017 3253 1223 3309 timore
1247 3252 1512 3325 perculsi,
1542 3268 1659 3308 non
1681 3252 1914 3307 fuerunt
1937 3253 2059 3308 ausi
2079 3270 2164 3309 re-

544 3348 730 3404 tinere
747 3348 870 3402 illas
881 3365 898 3417 ;
923 3350 1092 3418 atque
1113 3347 1194 3401 ita
1211 3346 1380 3401 unius
1399 3345 1694 3400 horrenda
1709 3345 2004 3400 damnatio
2023 3348 2164 3402 mul-

543 3443 616 3497 tis
632 3441 846 3514 profuit
865 3441 938 3496 ad
955 3439 1430 3512 rcsipiscentiam,
1451 3437 1814 3509 reddiditque
1825 3439 2164 3511 paenitentia

543 3535 897 3590 emendatos.
922 3533 1013 3590 Sic
1036 3532 1310 3588 nimirum
1341 3531 1706 3602 omnipotens
1726 3532 1876 3586 Deus
1902 3549 2008 3602 per
2025 3533 2164 3588 fide-

539 3629 656 3685 lem
687 3645 913 3684 servum
937 3643 1104 3682 suum
1134 3642 1266 3680 suas
1295 3623 1636 3679 restauravit
1657 3624 1944 3694 ecclesias,
1974 3626 2163 3681 multi-

541 3740 651 3797 que
668 3721 924 3778 serviDei
935 3721 1200 3792 ingentes
1213 3718 1455 3774 Domino
1468 3717 1666 3772 laudes
1685 3721 1744 3771 et
1759 3721 1949 3789 grates
1966 3735 2158 3790 egere,

532 3816 801 3890 jucundis
825 3814 1056 3870 vocibus
1077 3814 1405 3868 cantantes:
1437 3811 1680 3880 Adjuto-r
1707 3815 1757 3867 et
1775 3817 2044 3882 protector
2068 3815 2159 3880 fa-

538 3917 653 3968 ctus
679 3915 757 3966 est
775 3909 930 3963 nobis
954 3909 1212 3963 Dominus
1237 3906 1298 3959 in
1321 3905 1568 3959 salutem.

614 4007 699 4059 Η.
727 4000 1002 4058 Puerulus
1023 3997 1280 4070 quidam,
1303 3996 1603 4052 Rainarius
1624 3997 1881 4067 nomine,
1905 4015 1939 4053 a
1959 4014 2162 4070 paren-

540 4097 692 4152 tibus
719 4094 945 4150 oblatus
979 4095 1066 4146 est
1100 4093 1294 4146 sancto
1335 4090 1473 4146 viro.
1513 4091 1560 4144 ls
1598 4107 1742 4163 puer
1777 4094 1836 4146 et
1873 4108 2074 4162 caecus,
2103 4096 2162 4148 et

541 4188 765 4256 surdus,
796 4189 856 4242 et
874 4188 1086 4253 mutus,
1110 4187 1168 4238 et
1195 4183 1428 4239 claudus
1454 4186 1593 4239 erat.
1623 4184 1792 4238 Unxit
1809 4187 2002 4240 autem
2024 4202 2159 4241 eum

538 4283 626 4338 vir
642 4282 741 4338 Dei
761 4281 887 4336 oleo
924 4277 1226 4334 benedicta
1241 4320 1254 4345 ,
1279 4281 1336 4332 et
1353 4277 1534 4332 crucis
1556 4277 1721 4348 signo
1746 4293 1880 4332 eum
1901 4295 2156 4334 commu-

541 4376 702 4444 nivit,
741 4379 798 4430 et
827 4376 974 4428 totus
1001 4371 1259 4442 revaluit.
1293 4370 1543 4426 Clericus
1574 4369 1812 4441 quidam
1843 4371 2160 4427 Oximensis

539 4472 632 4544 (α),
651 4467 1010 4524 Eleutherius
1026 4465 1280 4532 nomine,
1300 4464 1498 4518 videns
1514 4466 1601 4518 tot
1615 4463 1956 4520 admiranda
1978 4465 2105 4520 ﬁeri
2125 4481 2160 4520 a

2264 552 2416 617 cant,
2447 553 2644 604 sancto
2669 549 2936 620 episcopo
2975 545 3304 618 pontiﬁcale
3341 541 3690 614 exsequenti
3728 541 3882 597 mini-

2264 647 2524 712 sterium,
2545 641 2863 714 Magnatius
2887 640 3123 712 quidam
3149 637 3376 693 oblatus
3405 638 3518 704 est,
3547 635 3650 707 qui
3679 634 3772 690 die
3796 636 3885 692 Do-

2265 740 2476 796 minico
2497 739 2650 793 intra
2668 735 2845 808 ipsius
2868 734 3016 788 villae
3038 733 3184 788 ﬁnes
3203 731 3276 786 ab
3299 746 3479 803 opere
3508 745 3571 784 se
3597 745 3718 785 non
3738 729 3888 784 absti-

2265 850 2430 900 nens,
2458 833 2574 887 Deo
2597 829 2926 896 ulciscente,
2958 825 3273 882 luminibus
3303 823 3549 879 orbatus
3571 822 3778 878 fuerat.
3806 823 3888 878 Vir

2265 930 2494 982 sanctus
2512 926 2930 980 sacrosanctam
2950 921 3222 976 invocans
3240 917 3612 983 Trinitatem,
3637 931 3885 988 expresso

2266 1020 2432 1091 signo
2458 1018 2659 1087 crucis,
2696 1016 3014 1082 caicitatem
3044 1011 3286 1085 depulit,
3319 1011 3514 1066 visum
3543 1008 3884 1076 reformavit,

2266 1113 2603 1184 monuitque
2623 1109 2923 1166 hominem
2939 1125 3013 1164 ne
3029 1105 3352 1179 quidquam
3373 1103 3478 1176 huj
3487 1101 3720 1159 usmodi
3746 1101 3888 1157 dein-

2266 1223 2398 1279 ceps
2425 1204 2777 1260 admitteret.

2340 1346 2424 1400 l2.
2455 1341 2600 1398 Exiit
2629 1340 2974 1414 quandoque
3002 1338 3089 1394 vir
3120 1337 3325 1393 beatus
3365 1339 3537 1392 extra
3563 1333 3768 1390 urbem
3796 1350 3883 1390 no-

2268 1439 2466 1506 stram,
2481 1434 2810 1506 audivitque
2825 1433 3239 1488 damnatorum
3257 1447 3431 1486 voces
3445 1447 3477 1484 e
3493 1445 3748 1484 carcere.
3761 1427 3888 1482 Misit

2267 1534 2462 1606 itaque
2486 1532 2812 1588 ministrum
2830 1547 2995 1585 suum
3013 1529 3086 1585 ad
3113 1528 3417 1584 custodem
3439 1525 3713 1595 carceris,
3737 1526 3825 1598 qui
3844 1526 3886 1579 ei

2269 1627 2502 1694 diceret,
2540 1629 2602 1680 ut
2629 1625 2847 1680 vinctos
2881 1624 3008 1679 illos
3051 1622 3347 1678 absolutos
3383 1622 3695 1694 pateretur
3726 1619 3885 1674 abire.

2268 1719 2582 1792 Re3pondit
2605 1721 2794 1774 custos
2824 1733 2941 1772 non
2968 1733 3028 1770 se
3049 1715 3107 1770 id
3139 1731 3346 1771 ausum
3377 1731 3531 1782 esse,
3565 1731 3640 1768 ne
3671 1712 3787 1785 ipse
3814 1729 3888 1766 co-

2267 1815 2500 1885 geretur
2513 1813 2572 1867 in
2589 1811 2820 1868 illorum
2831 1811 3025 1866 locum
3042 1809 3370 1864 succedere.
3389 1809 3544 1863 Tum
3559 1807 3648 1861 vir
3664 1805 3760 1860 Dei
3776 1822 3887 1860 cum

2265 1905 2532 1978 lacrymis
2557 1904 2779 1977 rogavit
2798 1903 3110 1958 Dominum
3129 1918 3235 1975 pro
3262 1901 3407 1956 illis:
3439 1905 3502 1956 et
3531 1916 3666 1956 ecce
3693 1898 3781 1953 die
3798 1902 3889 1952 ter-

2265 1999 2348 2054 tio
2385 2015 2486 2054 sua
2525 2000 2730 2069 sponte
2768 1995 3010 2069 patescit
3039 2011 3256 2062 carcer,
3298 1995 3639 2066 exeuntque
3675 1991 3772 2065 qui
3793 1991 3888 2046 illic

2268 2091 2694 2160 detinebantur,
2724 2093 2782 2144 et
2807 2089 2880 2144 ad
2915 2089 3178 2170 nostram
3211 2086 3528 2143 ecclesiam
3560 2102 3686 2140 sese
3713 2085 3885 2140 confe-

2266 2187 2420 2240 runt.
2451 2184 2699 2241 Clericus
2726 2181 2960 2254 quidam
2993 2180 3332 2253 Ragnoinus
3371 2179 3624 2236 nomine
3657 2177 3809 2233 venit
3829 2175 3889 2232 ad

2267 2281 2526 2334 sanctum
2552 2276 2906 2349 pontificem,
2936 2291 3150 2347 rogans
3185 2276 3252 2329 ut
3286 2273 3625 2330 sacerdotio
3654 2270 3886 2328 initiare-

2265 2375 2378 2426 tur.
2405 2372 2776 2426 Percontatus
2802 2371 2888 2424 est
2912 2371 3109 2424 autem
3138 2385 3205 2423 ex
3230 2367 3332 2424 illo
3361 2368 3451 2423 vir
3483 2369 3742 2434 sanctus,
3769 2379 3886 2420 num

2267 2468 2419 2521 caste
2447 2464 2663 2519 viveret
2691 2466 2751 2517 et
2778 2479 2814 2518 a
2836 2461 3070 2518 feminis
3095 2479 3155 2516 se
3183 2463 3445 2518 servaret
3475 2458 3886 2516 incontamina-

2266 2561 2408 2614 tum.
2435 2558 2534 2612 Illo
2569 2558 2900 2612 constanter
2937 2555 3349 2627 respondente,
3389 2572 3455 2610 se
3493 2554 3776 2610 hactenus
3797 2552 3885 2606 im-

2265 2652 2484 2724 polluto
2525 2666 2765 2722 corpore
2808 2648 3058 2704 Domino
3095 2648 3379 2716 serviisse,
3413 2647 3510 2702 vir
3545 2647 3751 2702 beatus
3775 2644 3822 2700 ei
3843 2646 3887 2697 et

2265 2745 2477 2813 locum,
2507 2746 2565 2798 et
2578 2747 2823 2815 tempus,
2851 2745 2909 2797 et
2933 2741 3244 2798 mulierem
3259 2739 3529 2796 libidinis
3547 2740 3600 2812 ej
3609 2757 3676 2795 us
3695 2739 3885 2795 sociam

2265 2835 2557 2893 indicavit.
2587 2837 2840 2892 Cernens
2870 2835 3106 2890 clericus
3144 2852 3206 2889 se
3242 2835 3431 2890 latere
3469 2834 3778 2890 hominem
3805 2830 3886 2886 Dei

2265 2947 2383 2986 non
2408 2946 2594 3002 posse,
2628 2929 2863 3002 propria
2893 2927 3184 2984 convictus
3214 2927 3607 2997 conscientia,
3639 2927 3715 2982 ad
3737 2924 3887 2998 pedes

2266 3023 2388 3095 ejus
2413 3021 2676 3096 procidit,
2701 3025 2759 3076 et
2787 3022 3015 3094 culpam
3040 3037 3207 3076 suam
3239 3022 3554 3077 confessus
3584 3023 3693 3076 est.
3720 3019 3780 3074 Id
3808 3016 3884 3072 ubi

2265 3116 2339 3172 ad
2367 3116 2610 3172 aliorum
2633 3115 2900 3171 notitiam
2923 3115 3206 3188 pervenit,
3229 3114 3403 3170 multi
3431 3113 3620 3170 sacris
3647 3110 3886 3169 initiandi

2265 3210 2336 3265 ab
2369 3209 2490 3280 ejus
2516 3225 2574 3264 se
2597 3212 2904 3281 conspectu
2931 3208 3252 3263 subduxcre
3278 3226 3292 3278 ;
3323 3209 3615 3282 maleque
3642 3207 3748 3262 sibi
3772 3223 3883 3262 con-

2263 3301 2383 3371 scii,
2423 3319 2540 3358 non
2580 3302 2741 3357 fuere
2777 3301 2900 3356 ausi
2939 3318 3130 3356 sacros
3163 3300 3401 3357 ordines
3437 3302 3516 3357 ab
3555 3301 3655 3356 illo
3693 3302 3886 3373 petere,

2261 3399 2418 3450 certo
2447 3411 2786 3466 persuasum
2821 3394 3124 3462 habentes,
3162 3411 3282 3450 non
3322 3410 3469 3451 eum
3506 3395 3696 3451 latere
3735 3392 3886 3448 etiam

2263 3490 2481 3544 secreta
2509 3487 2788 3550 cordium.

2336 3633 2420 3686 l3.
2443 3631 2540 3685 Est
2565 3629 2699 3684 villa
2726 3628 2980 3685 ecclesiae
3007 3631 3223 3686 nostra
3248 3645 3435 3702 quam
3468 3631 3786 3688 Crisiacum
3805 3645 3884 3685 vo-

2261 3727 2412 3780 cant.
2441 3725 2504 3778 In
2531 3738 2601 3777 ea
2626 3739 2756 3778 cum
2781 3726 2930 3778 esset
2957 3723 3046 3778 vir
3070 3723 3196 3791 Dei,
3225 3723 3477 3780 adducti
3514 3729 3656 3781 sunt
3679 3725 3753 3782 ad
3776 3739 3887 3780 eum

2261 3817 2374 3873 duo
2397 3815 2760 3885 daemoniaci,
2787 3816 3191 3888 rogabantque
3217 3833 3357 3872 eum
3377 3822 3668 3890 parentes
3687 3834 3885 3885 eorum,

2260 3913 2323 3964 ut
2342 3909 2457 3963 suis
2476 3909 2738 3980 precibus
2757 3909 2885 3964 illos
2907 3913 3161 3965 sanaret.
3183 3909 3616 3968 Sciscitabatur
3631 3915 3817 3969 autem
3833 3927 3886 3966 ex

2261 4003 2342 4058 eis
2375 4006 2602 4058 sanctus
2641 4001 2898 4072 antistes,
2937 4019 3039 4058 cur
3063 4001 3124 4058 id
3161 4003 3300 4076 ipsis
3340 4006 3696 4075 accidisset;
3728 4008 3783 4061 et
3803 4020 3887 4076 per

2261 4112 2460 4152 eorum
2489 4112 2590 4151 ora
2614 4095 3048 4168 respondebant
3075 4096 3372 4152 immundi
3405 4099 3675 4171 spiritus,
3707 4116 3765 4155 se
3787 4102 3883 4154 tor.

2260 4188 2422 4261 queri
2441 4189 2511 4244 ab
2535 4189 2679 4260 ipso,
2712 4205 2819 4244 nec
2842 4205 3010 4261 posse
3039 4206 3238 4246 coram
3267 4207 3340 4247 eo
3361 4193 3566 4248 celare
3595 4191 3883 4266 praestigias

2258 4297 2425 4338 suas:
2453 4282 2739 4354 rogabant
2775 4285 2971 4338 autem
3015 4299 3150 4339 eum
3189 4287 3254 4339 ut
3287 4284 3338 4340 si
3375 4285 3545 4358 ipsos
3581 4285 3717 4343 inde
3740 4285 3884 4342 vellet

2259 4375 2486 4446 ejicere,
2513 4377 2718 4430 saltem
2745 4376 2962 4431 sineret
2983 4376 3242 4448 migrare
3266 4377 3330 4433 in
3369 4395 3616 4452 porcos.
3644 4377 3883 4437 Permisit

2257 4469 2367 4524 hoc
2385 4469 2471 4523 vir
2485 4471 2714 4524 sanctus
2731 4472 2789 4524 et
2807 4469 2989 4524 crucis
3014 4469 3182 4542 signo
3210 4471 3374 4528 edito
3400 4475 3742 4547 proﬂigavit
3756 4473 3882 4537 illos,

536 4567 732 4620 sancto
757 4561 899 4629 viro,
925 4559 1132 4616 obtulit
1163 4558 1216 4613 ei
1245 4557 1429 4612 tilium
1455 4573 1645 4625 suum,
1678 4573 1854 4628 quem
1882 4557 2156 4615 diuturna
2174 4550 2234 4624 D
2253 4561 2408 4617 itaut
2419 4578 2620 4617 omnes
2633 4565 2886 4617 astantes
2899 4562 3558 4625 laudarentDominum
3579 4567 3878 4625 mirabilem

536 4657 712 4714 febris
730 4656 1104 4710 vehementer
1119 4651 1447 4706 afﬂictabat.
1467 4650 1848 4707 Misericordia
1863 4655 2056 4707 motus
2070 4651 2158 4707 vir

537 4751 636 4808 Dei
656 4765 868 4822 aquam
882 4746 1052 4818 jussit
1074 4743 1287 4800 afferri.
1314 4745 1580 4814 Allatam,
1609 4761 1739 4799 cum
1765 4745 1921 4816 prius
1948 4745 2155 4801 Christi

535 4861 752 4902 nomen
770 4842 1105 4905 invocasset,
1129 4841 1187 4892 et
1206 4853 1337 4892 eam
1359 4853 1524 4892 cruce
1546 4837 1955 4908 consignasset,
1975 4855 2155 4910 puero

534 4937 850 4997 bibendam
872 4933 1094 4990 obtulit.
1123 4931 1272 4986 Bibit
1289 4930 1406 4999 ille,
1429 4933 1488 4985 et
1507 4931 1729 4986 Christo
1750 4931 2019 5002 propitio,
2038 4949 2156 4986 me-

533 5031 658 5088 ritis
673 5028 925 5102 episcopi
945 5026 1218 5082 continuo
1239 5040 1410 5079 sanus
1426 5024 1660 5078 effectus
1681 5026 1784 5078 est.
1803 5023 1898 5078 Vir
1917 5024 2154 5096 quidam

531 5120 980 5195 AndegaVensis,
1007 5118 1232 5176 Stritius
1253 5117 1512 5185 nomine,
1536 5116 1595 5171 in
1617 5117 1850 5172 maxilla
1869 5118 2016 5174 mire
2033 5135 2154 5174 cru-

535 5219 794 5274 ciabatur
819 5231 888 5269 ex
910 5213 1135 5283 pustula
1165 5228 1397 5284 magna.
1430 5210 1686 5268 Occurrit
1709 5213 1904 5266 sancto
1931 5213 2150 5284 episco-

532 5328 630 5384 po,
659 5308 823 5380 petiit
849 5308 1009 5361 tanto
1030 5307 1182 5361 malo
1209 5305 1584 5360 medicinam:
1615 5304 1812 5360 salliva
1839 5321 1942 5360 sua
1962 5309 2154 5378 pastu-

533 5406 653 5460 lam
675 5400 861 5472 tetigit
875 5399 957 5454 vir
973 5404 1217 5468 sanctus,
1237 5403 1294 5454 et
1311 5399 1484 5453 homo
1505 5401 1735 5453 curatus
1757 5402 1861 5454 est.
1886 5398 2151 5464 Quodam

535 5537 570 5575 a
593 5519 789 5573 sancto
809 5515 1050 5571 Carilefo
1071 5518 1330 5586 tempore
1352 5513 1702 5586 Childeberti
1726 5513 1882 5586 regis
1901 5518 2154 5571 constru-

533 5595 690 5645 ctum
717 5589 774 5642 in
802 5588 1071 5642 inferiore
1101 5584 1521 5641 Cenomanensi
1547 5601 1687 5654 agro
1717 5584 1870 5654 apud
1897 5587 2153 5641 Vindoci-

533 5678 773 5718 nensem
792 5659 1015 5724 urbem,
1039 5659 1101 5710 ut
1121 5655 1364 5709 diximus
1383 5653 1653 5708 Kalendis
1672 5653 1854 5724 Martii
1871 5656 1944 5709 ad
1962 5657 2152 5712 Vitam

534 5733 712 5788 sancti
731 5730 972 5788 Siviardi
1002 5723 1226 5781 abbatis
1255 5723 1626 5791 Anisolensis,
1648 5723 1818 5776 latius
1845 5725 2047 5782 dicturi
2075 5728 2151 5782 ad

534 5805 718 5859 Vitam
738 5801 918 5856 sancti
935 5796 1160 5856 Carileti
1187 5800 1205 5847 1
1231 5793 1382 5850 Julii.
1413 5793 1648 5848 Videtur
1668 5794 1716 5860 i__s
1736 5799 1994 5850 mortuus
2016 5802 2150 5853 ante

535 5855 847 5930 adventum
873 5855 1053 5926 sancti
1077 5865 1254 5922 Mauri
1279 5863 1341 5919 in
1371 5863 1598 5934 Gallias,
1626 5855 1702 5919 ut
1723 5865 1812 5920 vel
1838 5866 1972 5922 hinc
2002 5884 2147 5940 prae-

2253 4655 2315 4710 in
2329 4655 2537 4710 sanctis
2548 4655 2832 4712 suis.Sunt
2840 4673 2974 4712 vero
2989 4656 3168 4712 etiam
3182 4659 3359 4716 multi
3375 4661 3483 4717 alii
3495 4679 3534 4719 a
3547 4659 3880 4720 daemonibus

2256 4749 2488 4816 obsessi,
2513 4749 2586 4803 ab
2607 4765 2676 4804 eo
2699 4748 2945 4804 liberati.
2967 4751 3083 4805 Hac
3103 4755 3304 4807 autem
3319 4753 3751 4813 miraculorum
3769 4754 3878 4810 assi-

2255 4841 2470 4897 duitate
2483 4843 2638 4897 fama
2649 4843 2772 4914 ejus
2782 4843 3508 4917 ubiquedivulgabatur,et
3511 4851 3641 4922 jam
3656 4850 3875 4924 quadam

2255 4934 2347 4990 die
2367 4935 2676 4990 revertenti
2696 4936 2767 4990 ab
2789 4935 3066 5008 expeditis
3093 4939 3460 5009 quibusdam
3483 4946 3754 5017 negotiis,
3773 4957 3874 5015 qua

2254 5028 2328 5083 ad
2356 5029 2552 5100 populi
2580 5029 2758 5100 ipsius
2786 5045 2936 5084 curae
2958 5031 3255 5086 commissi
3287 5035 3623 5094 utilitatem
3652 5037 3871 5112 pertine-

2230 5124 2402 5201 Irent,
2425 5121 2604 5176 multa
2620 5121 2780 5192 plebs
2799 5122 2850 5176 ei
2872 5123 3122 5178 oécurrit
3136 5124 3447 5184 adducens
3465 5147 3661 5204 aegros
3681 5136 3736 5188 et
3751 5129 3873 5186 male

2253 5213 2513 5283 aﬂ'ectos,
2564 5213 2915 5286 diversisque
2962 5217 3346 5288 languoribus
3396 5223 3764 5296 laborantes,
3799 5222 3873 5294 qui

2253 5323 2455 5362 omnes
2477 5306 2550 5362 ab
2577 5323 2644 5363 eo
2675 5307 2992 5366 incolumes
3015 5327 3335 5370 recessere.

2253 5515 2632 5602 sumi‘pos‘sit,
2670 5517 2826 5589 quod
2863 5518 3056 5602 eidem
3089 5525 3334 5602 regulae,
3377 5544 3572 5602 quam
3609 5527 3871 5587 Anisoluni

2253 5588 2556 5711 serivabant
2581 5588 3071 5647 sua’monasteria
3107 5588 3434 5666 subjecerit
3466 5608 3704 5660 sanctus
3729 5605 3871 5659 Dom-

2253 5674 2328 5712 no
2353 5674 2436 5711 us.

2249 5727 2678 5854 Al((1)0xiglllltn
2695 5731 2972 5817 oppidum
2993 5734 3380 5819 Normanniae
3403 5745 3518 5802 sub
3530 5744 3869 5821 juridictione

2319 5815 2650 5854 enconiensi
2677 5803 2848 5854 vulgo
2865 5805 3107 5854 stmes
3133 5808 3360 5854 dlntnm

2319 5803 2650 5858 enconiensi
2677 5803 2848 5874 vulgo
2865 5805 3107 5862 Hiesmes
3133 5808 3383 5868 dictum.
