3994 6402
145 351 256 406 645

796 460 1012 516 CAPUT
1056 462 1147 516 IlI.

145 552 396 608 Virtutes
422 553 603 608 sancti
620 553 884 617 Domnoli,
912 555 1105 617 obitus,
1151 553 1461 623 sepultura,
1490 553 1776 607 miracula.

215 646 306 700 14.
347 645 467 700 Etsi
490 650 684 702 autem
713 647 929 702 celebre
956 650 1101 702 esset
1130 662 1337 701 nomen
1375 646 1496 716 ejus
1525 649 1580 700 et
1606 645 1778 699 subli-

137 737 250 791 mis
278 739 496 810 gradus
523 740 775 809 honoris,
804 743 1053 796 attamen
1078 739 1260 810 major
1286 742 1407 794 erat
1433 744 1488 794 et
1506 739 1782 810 insignior

136 831 324 886 virtus
352 833 497 903 ejus.
529 833 816 888 Serviebat
841 833 961 888 sine
989 833 1296 888 offensione
1321 832 1374 887 ei
1400 833 1497 903 qui
1510 848 1679 902 prope
1705 835 1781 887 est

135 925 392 980 omnibus
420 927 790 982 invocantibus
808 942 926 982 eum
945 929 1003 981 in
1015 929 1260 989 veritate,
1283 931 1332 981 et
1346 927 1778 995 quivoluntatem

133 1021 454 1074 timentium
484 1034 540 1074 se
581 1021 740 1086 facit,
772 1024 823 1075 et
865 1020 1284 1090 deprecationem
1321 1035 1500 1074 eorum
1533 1019 1774 1074 exaudit.

132 1113 411 1166 Poteram
436 1112 670 1184 quidem
694 1113 860 1184 plura
888 1114 1008 1184 ejus
1027 1128 1468 1168 commemorare
1485 1111 1774 1180 miracula,

135 1204 244 1258 sed
271 1205 456 1260 multa
480 1205 840 1276 prmtermisi,
866 1222 939 1260 ne
971 1206 1165 1261 lectori
1189 1205 1475 1260 fastidium
1494 1221 1772 1275 parerem.

134 1293 349 1364 Magna
371 1296 567 1348 autem
596 1293 656 1348 in
682 1311 747 1349 eo
776 1295 954 1350 virtus
972 1295 1175 1362 inerat,
1199 1299 1256 1350 et
1274 1294 1454 1350 multa
1471 1295 1776 1349 verborum

132 1386 228 1439 vel
273 1402 348 1441 ex
393 1386 518 1456 ejus
559 1402 657 1442 ore
701 1388 1086 1458 promebatur.
1115 1390 1256 1444 Cum
1292 1388 1515 1460 populis
1542 1387 1777 1442 verbum

132 1479 371 1533 Domini
398 1480 765 1535 annuntiaret
785 1523 798 1550 ,
826 1481 921 1535 vix
957 1481 1256 1553 quisquam
1303 1485 1418 1536 tam
1443 1481 1624 1536 ferreo
1647 1497 1774 1536 ver-

131 1572 376 1626 sabatur
401 1577 653 1643 pectore,
686 1589 859 1644 quem
906 1574 1027 1644 ejus
1063 1574 1356 1629 conciones
1395 1574 1466 1628 ad
1503 1574 1775 1644 Iacrymas

130 1680 256 1718 non
279 1670 602 1720 moverent.
628 1665 976 1721 Mirabantur
998 1667 1282 1722 auditores
1309 1666 1626 1738 spirituales
1653 1682 1771 1720 ser-

129 1773 342 1813 mones
371 1758 514 1829 ejus,
542 1758 643 1830 qui
670 1759 1006 1831 plerumque
1038 1760 1174 1814 adeo
1200 1760 1517 1814 humanum
1545 1763 1772 1829 captum

1747 353 1918 409 VITA.

1739 483 1748 493 π
1800 459 2098 554 Adicabat
2147 458 2378 530 utilitas,
2421 457 2499 514 ita
2541 463 2732 554 tamen
2768 462 2833 554 ut
2868 463 2925 516 et
2962 461 3153 516 noctes
3189 461 3268 554 et,
3287 459 3406 516 dies
3439 462 3500 516 in

3398 356 3500 411 646

1880 553 1999 624 ejus
2025 554 2368 626 expenderet
2392 553 2693 625 obsequiis,
2717 552 2816 624 qui
2839 556 2895 609 et
2918 557 3112 609 noctes
3137 557 3194 610 et
3217 553 3335 610 dies
3362 570 3496 611 con-

1878 649 2040 704 didit.

1952 745 2036 796 l6.
2074 741 2224 796 Nihil
2258 741 2380 812 ejus
2417 741 2479 796 in
2525 741 2835 796 actionibus
2869 741 3202 798 cernebatur
3226 742 3385 814 quod
3424 743 3496 797 ad

1881 834 2061 890 Deum
2085 852 2200 890 non
2228 836 2568 906 pertineret;
2599 835 2742 889 nihil
2771 835 2828 890 in
2854 835 3204 890 sermonibus
3225 836 3343 906 ejus
3363 836 3502 891 otio-

1880 943 2007 982 sum
2033 927 2467 998 percipiebatur.
2495 928 2578 982 Ad
2606 928 2779 982 altare
2814 944 2940 982 raro
2974 927 3093 982 sine
3117 928 3398 999 lacrymis,
3425 930 3497 985 ad

1877 1036 2133 1076 mensam
2158 1037 2452 1091 nunquam
2476 1021 2596 1075 sine
2623 1021 2848 1090 lectore,
2893 1036 3186 1092 nunquam
3216 1021 3335 1076 sine
3359 1037 3493 1077 con-

1877 1114 2015 1168 vivis
2049 1113 2392 1185 pauperibus
2435 1115 2682 1170 accessit.
2737 1113 3046 1168 Periculose
3093 1130 3299 1185 corpus
3340 1115 3494 1186 pasci

1875 1206 2266 1275 arbitrabatur,
2300 1207 2407 1260 nisi
2444 1207 2655 1277 pariter
2688 1210 2743 1261 et
2772 1207 3054 1262 Christum
3087 1207 3147 1261 in
3180 1207 3301 1277 ejus
3323 1224 3497 1264 mem-

1874 1299 1990 1354 bris
2032 1303 2304 1370 paseeret,
2353 1303 2409 1354 et
2447 1299 2564 1369 ipse
2605 1299 2759 1353 intus
2802 1299 2968 1354 verbo
3012 1299 3109 1354 Dei
3152 1305 3493 1370 pasceretur.

1873 1392 2062 1456 Qualis
2088 1408 2217 1447 vero
2254 1391 2537 1462 putandus
2567 1396 2651 1446 est
2687 1391 2859 1446 fuisse
2897 1408 3030 1462 erga
3059 1391 3362 1463 proximos,
3395 1393 3494 1464 qui

1874 1501 2105 1539 suarum
2125 1483 2465 1554 injuriarum
2484 1483 2804 1553 immemor,
2839 1483 3007 1538 etiam
3031 1483 3392 1539 inimicorum
3409 1486 3493 1540 in-

1867 1577 2032 1648 juriis
2053 1577 2322 1632 dolebat?
2339 1578 2516 1641 Quem
2534 1577 2626 1631 ille
2654 1593 2910 1647 unquam
2928 1581 3025 1630 aut
3040 1576 3183 1631 facto
3207 1582 3304 1632 aut
3324 1578 3492 1633 verbo

1872 1671 2122 1740 laederet,
2165 1670 2262 1741 qui
2306 1670 2476 1724 etiam
2510 1669 2656 1723 Iesus
2697 1669 2847 1724 ultro
2887 1670 3123 1739 ignovit,
3169 1685 3274 1725 nec
3315 1671 3493 1725 iratus

1873 1764 2047 1818 solem
2075 1763 2214 1818 vidit
2240 1762 2703 1817 occumbentem?
2726 1761 2868 1825 Quid
2893 1762 2987 1816 illa
3009 1763 3196 1816 anima
3225 1780 3489 1820 mansue-

129 1851 513 1922 excedebant,
559 1856 622 1907 ut
669 1852 740 1906 ab
787 1853 988 1923 angelo
1032 1853 1283 1924 proferre
1323 1853 1667 1907 viderentur.
1717 1844 1854 1916 InB
1878 1856 2007 1922 tius,
2049 1873 2176 1927 quae
2216 1855 2356 1910 nulli
2394 1855 2606 1924 obesse,
2641 1855 2902 1909 omnibus
2933 1855 3198 1925 prodesse
3237 1857 3488 1928 cupiens,

127 1944 502 2017 episcopatus
540 1945 830 2000 functione
859 1946 939 2000 ita
966 1961 1024 2001 se
1062 1946 1249 2017 gessit,
1279 1950 1345 2000 ut
1369 1945 1613 2000 celebres
1651 1961 1772 1998 ma-

119 2037 286 2107 jores
333 2055 466 2092 suos
508 2037 628 2109 ipse
674 2037 969 2094 celebriori
1003 2038 1226 2093 vivendi
1265 2037 1482 2092 ratione
1509 2037 1676 2092 etiam
1701 2037 1773 2091 il-

123 2130 414 2185 lustrarit.
466 2131 578 2185 Nec
614 2135 806 2185 tamen
849 2131 937 2185 vel
977 2147 1044 2185 ex
1085 2131 1305 2202 generis
1347 2131 1659 2202 splendore,
1689 2131 1774 2185 vel

123 2223 429 2293 pontificia
458 2223 733 2295 dignitate
760 2223 882 2294 ejus
911 2223 1167 2278 animum
1193 2223 1311 2278 ulla
1335 2223 1553 2278 inﬂavit
1578 2222 1770 2290 elatio;

123 2315 343 2386 spiritu
370 2333 591 2387 pauper
617 2317 775 2387 prius
811 2316 1064 2371 moribus
1093 2316 1210 2386 egit
1235 2316 1578 2388 pontiﬁcem,
1601 2332 1773 2386 quam

121 2409 199 2464 ad
229 2409 523 2480 pontiﬁcis
567 2410 806 2481 gradum
849 2413 994 2464 esset
1019 2414 1259 2465 evectus.
1303 2409 1548 2465 Collatus
1586 2409 1770 2463 honor

123 2505 328 2556 tantus
371 2518 505 2556 eum
550 2501 767 2556 meritis
817 2502 1182 2572 conspicuum
1223 2518 1339 2556 non
1363 2500 1514 2569 fecit,
1556 2501 1654 2555 sed
1682 2501 1768 2556 in-

123 2593 289 2649 venit
318 2611 334 2648 :
363 2593 574 2648 virtute
599 2594 910 2648 instructus
935 2599 1054 2648 erat
1077 2597 1383 2665 antequam
1421 2597 1563 2648 esset
1586 2609 1768 2647 sacer-

122 2688 255 2742 dos.
276 2687 602 2742 Sacerdotio
622 2687 798 2741 virtus
821 2687 1031 2758 pariter
1048 2704 1147 2741 sua
1158 2686 1370 2757 accepit
1393 2686 1765 2740 incrementa.

123 2782 268 2835 Tota
295 2780 422 2851 ejus
448 2780 510 2834 in
551 2779 881 2850 pontiﬁcatu
904 2779 1016 2834 vita
1041 2779 1168 2834 talis
1195 2779 1302 2833 fuit
1329 2795 1458 2850 quae
1482 2778 1768 2849 pontificis

123 2873 390 2927 ofﬁcium
433 2877 489 2927 et
521 2873 693 2927 verbo
723 2877 778 2927 et
803 2872 1064 2942 exemplo
1102 2875 1415 2942 praestaret.
1458 2873 1567 2926 Nec
1605 2871 1769 2941 culpa

120 2981 330 3020 vacare
357 2965 597 3036 putavit,
623 2965 953 3036 judicioque
997 2964 1186 3019 divino
1216 2964 1523 3018 obnoxium
1564 2980 1621 3018 se
1647 2964 1767 3018 fore

120 3058 349 3128 timuit,
379 3058 428 3112 si
463 3057 565 3129 qui
599 3057 706 3111 sibi
741 3056 843 3112 uni
882 3061 1046 3112 antea
1083 3056 1334 3128 privatus
1368 3057 1619 3126 vixisset,
1639 3056 1764 3126 jam

1873 1948 2164 2003 charitatis
2197 1952 2252 2002 et
2280 1947 2431 2019 pacis
2462 1952 2578 2002 erat
2609 1946 3182 2002 domicilium?MuIta
3211 1949 3386 2003 animi
3400 1950 3490 2004 de-

1871 2041 2094 2097 votione
2137 2056 2309 2111 opera
2349 2039 2713 2110 benignitatis
2754 2043 2810 2094 et
2859 2040 3254 2094 misericordiae
3297 2058 3488 2112 prose-

1873 2133 2170 2204 quebatur,
2194 2132 2561 2202 studebatque
2577 2131 2767 2186 adesse
2781 2131 3058 2200 desolatis,
3078 2137 3304 2202 egentes
3323 2133 3491 2200 alere,

1834 2221 1843 2235 '
1872 2226 2072 2281 vestire
2093 2225 2293 2294 nudos,
2317 2227 2372 2278 et
2388 2224 2434 2278 si
2453 2225 2639 2295 reipsa
2666 2240 2782 2278 non
2799 2228 3004 2295 posset,
3024 2229 3288 2295 prompta
3314 2226 3489 2280 animi

1871 2319 2263 2374 benevolentia
2291 2317 2556 2372 omnibus
2584 2317 2732 2372 ferre
2760 2334 2948 2388 opem.
2979 2319 3320 2374 Conversans
3345 2335 3489 2374 non-

1869 2427 2162 2482 nunquam
2179 2411 2323 2480 Icum
2355 2410 2424 2464 iis
2461 2409 2560 2480 qui
2597 2411 2912 2480 gloriantur
2937 2410 2999 2464 in
3034 2410 3249 2464 malitia
3287 2415 3343 2465 et
3371 2427 3488 2466 ser-

1869 2520 2064 2558 mones
2095 2502 2325 2558 Domini
2368 2501 2672 2573 projiciunt
2705 2507 3034 2572 retrorsum,
3072 2503 3278 2558 Christi
3308 2503 3490 2558 bonus

1869 2597 2006 2651 odor
2053 2595 2380 2667 permansit,
2427 2611 2576 2648 unus
2627 2594 2894 2664 idemque
2943 2611 3322 2664 perseverans,
3371 2596 3485 2650 sive
3526 2609 3532 2616 ‘

1869 2705 1998 2742 cum
2023 2688 2122 2758 eis,
2156 2691 2218 2742 ut
2243 2687 2312 2741 ad
2334 2686 2626 2740 meliorem
2647 2703 2704 2741 se
2728 2687 2954 2757 frugem
2975 2687 3308 2757 reciperent,
3329 2688 3488 2743 blan-

1868 2782 2101 2847 diretur,
2157 2781 2273 2834 sive
2316 2796 2444 2833 cum
2499 2778 2802 2833 obstinatos
2855 2779 3098 2834 severius
3141 2780 3482 2851 objurgaret.

1867 2872 2070 2928 Omnia
2113 2890 2182 2927 ex
2229 2872 2499 2926 charitate
2550 2871 2788 2926 faciebat
2836 2871 3139 2942 discipulus
3183 2873 3482 2927 charitatis.

1936 2966 2086 3020 Nihil
2113 2965 2194 3020 illi
2224 2981 2355 3019 cum
2385 2979 2779 3034 perversorum
2811 2964 2958 3018 vitiis
2995 2964 3076 3018 rei
3114 2971 3250 3034 erat,
3279 2968 3488 3036 prmter

1866 3059 2063 3114 odium
2089 3063 2145 3113 et
2174 3057 2598 3128 castigationem
2616 3057 2882 3111 vitiorum
2911 3074 2923 3112 :
2953 3073 3081 3128 quae
3103 3062 3158 3112 et
3182 3059 3370 3113 animo
3396 3059 3483 3113 in-

120 3151 431 3223 episcopus
463 3167 581 3204 non
617 3150 831 3204 viveret
869 3149 1162 3204 universis.
1203 3150 1338 3204 Inde
1379 3150 1517 3204 adeo
1550 3146 1764 3203 factum
1786 3197 1837 3223 η
1865 3155 2106 3206 sectatus
2129 3155 2230 3220 est,
2260 3154 2315 3204 et
2338 3149 2648 3221 pontiﬁcali
2673 3150 3000 3205 auctoritate
3019 3152 3277 3206 correxit.
3302 3153 3484 3206 Bonos

123 3197 429 3223 Ἵππη.--
463 3197 581 3204 _-..
631 3197 830 3204 .-.----
873 3197 1162 3204 __-.------
1203 3197 1336 3204 ___-
1381 3197 1512 3204 η--
1550 3197 1764 3203 --η-η-
1865 3197 2105 3206 ww"..-
2131 3197 2230 3220 νη,
2263 3197 2315 3204 --
2338 3197 2648 3221 ,.-..---_-_--
2675 3197 2998 3205 "Hum.--
3023 3197 3277 3206 πηνα--.
3302 3197 3483 3206 νων-

117 3249 229 3314 est,
245 3247 315 3298 ut
335 3244 457 3314 ipse
486 3258 713 3315 semper
738 3241 951 3312 aliquid
975 3242 1241 3313 adjiceret
1260 3241 1330 3296 ad
1356 3241 1593 3296 virtutes
1613 3257 1760 3308 suas,
1784 3197 1839 3273 C'
1863 3247 1920 3299 et
1957 3244 2336 3299 observatores
2378 3243 2773 3298 mandatorum
2810 3243 2909 3297 Dei
2945 3247 3134 3297 sancto
3171 3249 3227 3298 et
3265 3245 3483 3299 sincero

117 3342 179 3393 et
222 3335 505 3392 Dominus
541 3336 614 3390 ad
650 3351 937 3390 coronam.
979 3337 1217 3390 Cantans
1253 3335 1442 3406 itaque
1481 3334 1765 3388 canticum

117 3429 438 3501 graduum,
474 3428 536 3483 in
569 3444 696 3483 eam
735 3443 931 3483 curam
965 3427 1216 3482 intentus
1253 3427 1380 3496 fuit,
1409 3443 1481 3481 ne
1517 3427 1586 3482 ad
1610 3427 1764 3481 illam

110 3538 437 3594 supernam
471 3521 757 3576 civitatem
797 3520 947 3575 solus
974 3521 1317 3588 ascenderet,
1358 3521 1456 3576 sed
1492 3520 1666 3575 socios
1694 3537 1760 3575 eo

113 3632 324 3674 secum
347 3615 664 3686 permultos
688 3615 1013 3670 adduceret.
1039 3615 1223 3685 Atque
1248 3613 1308 3668 in
1334 3613 1442 3668 hac
1464 3614 1552 3668 via
1570 3629 1761 3668 servus

112 3710 222 3766 Dei
248 3708 585 3780 simpliciter
610 3708 860 3780 prudens
889 3712 944 3763 et
972 3707 1238 3762 severiter
1261 3706 1420 3776 lenis,
1449 3705 1761 3761 doctrinam

110 3804 258 3873 vita,
287 3817 480 3857 mores
514 3801 777 3858 comitate
807 3818 872 3857 ac
907 3799 1357 3870 mansuetudine,
1397 3799 1580 3855 zelum
1617 3798 1760 3870 legis

109 3897 367 3953 scientia
399 3895 832 3951 commendavit.
860 3895 1017 3950 Unde
1043 3895 1253 3950 factum
1269 3898 1354 3948 est
1375 3898 1441 3948 ut
1466 3893 1630 3947 illum
1653 3909 1756 3964 po-

108 3991 245 4064 puli
267 3989 431 4044 favor
455 3991 513 4044 et
541 3989 724 4060 gratia
753 3987 1099 4060 principum,
1133 4003 1420 4043 sermones
1445 4002 1578 4042 vero
1608 3985 1757 4041 illius

107 4101 238 4140 non
267 4082 572 4138 mediocris
597 4085 897 4137 consecuta
926 4081 998 4136 sit
1020 4081 1338 4136 auctoritas.

190 4181 285 4234 l5.
322 4177 477 4231 Inter
500 4175 626 4231 haec
650 4179 842 4231 autem
877 4175 975 4229 ille
998 4173 1230 4229 humilis
1274 4175 1332 4229 et
1366 4172 1472 4228 sibi
1500 4177 1757 4228 constans

107 4269 519 4345 permanebat,
557 4269 823 4325 adversus
862 4283 930 4324 ea
953 4267 1142 4322 omnia
1166 4267 1404 4338 pervigil
1429 4272 1486 4322 et
1511 4268 1754 4323 circum-

108 4368 373 4436 spectus,
399 4377 533 4434 quae
571 4361 835 4417 suﬁ'm'ari
875 4361 1059 4417 solent
1094 4360 1271 4415 animi
1295 4361 1438 4416 bene
1465 4361 1755 4432 compositi

105 4457 456 4531 puritatem.
499 4455 711 4511 Eodem
754 4454 915 4510 vultu
964 4459 1019 4510 et
1071 4454 1306 4509 immoto
1346 4458 1568 4525 pectore
1607 4455 1756 4509 inter

1861 3339 2338 3409 complectebatur
2369 3338 2591 3407 affectu,
2631 3335 2956 3406 mutuisque
2999 3336 3479 3392 exhortationibus

1861 3434 1918 3485 et
1944 3430 2156 3501 profuit
2185 3435 2240 3485 et
2278 3431 2532 3503 profecit.

1933 3527 2016 3578 l7.
2059 3524 2334 3578 Germano
2369 3521 2666 3578 Parisiensi
2711 3519 3058 3575 sanctissimo
3092 3521 3374 3593 episcopo,
3413 3527 3480 3579 ut

1851 3616 1974 3688 jam
1999 3620 2129 3671 ante
2153 3616 2365 3672 dictum
2395 3620 2496 3685 est,
2524 3614 2686 3669 valde
2711 3612 2999 3667 familiaris
3023 3613 3148 3681 fuit,
3169 3614 3478 3686 crebroque

1859 3712 1916 3764 et
1932 3708 2272 3764 invisebatur
2300 3710 2370 3764 ab
2391 3709 2507 3775 illo,
2539 3711 2596 3762 et
2632 3707 2752 3777 ipse
2778 3705 2939 3759 illum
2976 3706 3255 3762 visitabat.
3287 3710 3352 3762 In
3389 3725 3481 3763 eo-

1858 3818 1988 3856 rum
2029 3802 2326 3874 colloquiis
2362 3805 2421 3856 et
2462 3799 2779 3856 actionibus
2804 3799 2946 3852 nihil
2978 3799 3327 3868 versabatur,
3368 3801 3478 3857 nisi

1859 3894 2014 3966 quod
2033 3895 2107 3950 ad
2127 3895 2452 3950 animarum
2474 3893 2608 3964 ipsis
2630 3891 3062 3947 commissarum
3082 3893 3324 3947 salutem
3344 3911 3475 3966 per-

1855 3988 2086 4043 tineret.
2125 3988 2373 4043 Invicem
2401 4005 2460 4042 se
2491 3986 2698 4043 Christi
2734 3985 2947 4042 milites
2993 3987 3317 4055 armabant,
3361 4005 3477 4043 non

1853 4081 2187 4152 ignorantes
2208 4081 2596 4137 adversarium
2617 4081 2878 4135 nostrum
2913 4079 3208 4135 diabolum
3244 4081 3479 4138 circuire

1855 4179 1913 4230 et
1943 4193 2201 4246 quaerere
2231 4191 2403 4247 quem
2434 4174 2696 4229 devoret:
2728 4172 2816 4226 cui
2842 4172 3185 4227 resistebant
3207 4175 3384 4229 fortes
3422 4176 3480 4230 in

1853 4269 1988 4337 ﬁde,
2023 4268 2186 4323 veriti
2223 4286 2340 4324 non
2377 4285 2436 4322 se
2478 4266 2774 4322 habituros
2809 4266 3147 4337 pontiﬁcum
3174 4269 3403 4338 merita,
3436 4270 3479 4323 si

1855 4363 1925 4416 de
1937 4362 2192 4433 principe
2222 4361 2612 4427 tenebrarum,
2638 4360 2707 4413 de
2735 4375 2847 4429 quo
2872 4359 2996 4428 jam
3024 4360 3130 4430 ipsi
3157 4361 3475 4432 triumpha-

1851 4458 1984 4510 rant
2012 4455 2184 4509 etiam
2215 4454 2311 4508 alii
2340 4470 2444 4524 per
2466 4453 2616 4524 ipsos
2646 4469 2763 4506 non
2805 4452 3246 4522 triumpharent.
3282 4456 3478 4525 Itaque

105 4565 396 4623 prospera
425 4552 483 4604 et
516 4548 748 4603 adversa
783 4547 1144 4619 perdurabat.
1183 4549 1324 4604 Cum
1366 4547 1620 4618 apostolo
1660 4563 1750 4600 ca-
1771 4563 1831 4636 D
1853 4549 1954 4602 viri
1993 4548 2073 4601 illi
2104 4546 2512 4601 misericordiae
2549 4545 2785 4600 sollicite
2816 4561 2882 4598 eo
2919 4545 3376 4615 connitebantur,
3413 4551 3478 4602 ut

107 4643 374 4715 stigabat
407 4657 612 4713 corpus
653 4657 842 4712 suum,
879 4640 1114 4712 jejuniis
1173 4645 1229 4696 et
1269 4640 1575 4695 multifaria
1615 4640 1755 4695 illud
1855 4640 2220 4712 quotidianas
2244 4639 2643 4693 infestationes
2671 4640 2730 4692 et
2757 4637 2993 4691 insidias
3019 4637 3260 4709 maligni
3301 4639 3479 4694 hostis

107 4736 432 4793 afﬂictione
466 4750 831 4806 persequens,
872 4734 1026 4790 unde
1068 4738 1125 4789 et
1166 4733 1488 4788 conﬁrmari
1525 4732 1754 4804 spiritus

105 4832 489 4896 assuesceret,
537 4831 596 4884 et
638 4844 768 4884 caro
813 4827 998 4882 carnis
1055 4827 1325 4882 oblivisci.
1366 4826 1618 4881 Addebat
1666 4827 1753 4882 his

105 4924 300 4980 etiam
319 4938 508 4977 sacras
535 4920 773 4992 vigilias,
803 4937 1045 4992 quarum
1064 4920 1324 4992 perpetui
1343 4920 1501 4976 fuere
1523 4920 1753 4976 comites

106 5022 170 5074 et
197 5016 304 5072 alti
351 5015 596 5086 gemitus
636 5019 692 5070 et
729 5015 1103 5070 fecundarum
1143 5014 1325 5086 gratia
1352 5014 1749 5085 lacrymarum.

104 5113 306 5182 Atque
329 5107 390 5163 id
410 5124 589 5180 genus
611 5105 808 5164 studiis
834 5108 1114 5179 potiorem
1140 5107 1320 5163 noctis
1347 5111 1566 5179 partem
1590 5107 1750 5163 attri-

103 5204 319 5268 buens,
366 5201 430 5256 in
463 5201 667 5273 spiritu
693 5201 1032 5257 humilitatis
1069 5206 1125 5257 et
1147 5201 1336 5256 animo
1361 5201 1600 5257 contrito
1622 5201 1750 5272 pin-

105 5295 464 5370 guissimum
503 5295 619 5350 Deo
649 5294 932 5350 cremabat
966 5295 1377 5350 holocaustum.
1409 5294 1464 5350 Si
1498 5294 1635 5367 quid
1659 5295 1749 5349 in-

101 5390 307 5446 terdiu
347 5388 540 5443 minus
573 5388 795 5444 fecisset
829 5405 1003 5460 quam
1029 5406 1132 5460 par
1158 5405 1277 5444 esse
1305 5393 1548 5460 putaret,
1583 5388 1750 5459 idque

101 5482 364 5555 negotiis
419 5481 780 5537 saecularibus
825 5481 1149 5554 impeditus,
1201 5487 1374 5537 noctu
1435 5463 1748 5553 supplebat.

99 5579 233 5632 Nox
275 5575 512 5631 secretis
545 5575 805 5646 precibus
834 5579 890 5631 et
930 5575 1136 5631 divinae
1170 5575 1630 5646 contemplationi
1657 5591 1748 5630 ac-

98 5668 553 5737 commodatior,
597 5668 670 5723 ad
710 5667 948 5724 litandas
994 5668 1335 5740 ejuscemodi
1377 5667 1590 5724 hostias
1632 5667 1751 5723 viro

100 5765 209 5821 Dei
257 5765 519 5835 optatam
562 5761 833 5817 afferebat
873 5762 1353 5835 opportunitatem
1399 5764 1458 5817 et
1499 5761 1747 5833 copiam;

99 5859 268 5916 diem
309 5859 507 5912 autem
543 5855 634 5911 vel
673 5871 827 5912 sacra
870 5856 1068 5914 concio
1102 5857 1190 5914 vel
1233 5855 1460 5928 publica
1495 5855 1600 5912 sibi
1622 5855 1746 5911 vin-

1853 4734 2152 4789 eliderent.
2182 4734 2369 4803 Atque
2390 4732 2449 4786 in
2488 4732 2598 4786 hoc
2622 4734 2863 4802 uterque
2883 4733 3036 4786 totus
3074 4735 3213 4798 erat,
3252 4735 3316 4785 ut
3357 4732 3471 4788 sive

1851 4843 1982 4881 cum
2005 4826 2225 4882 Martha
2250 4826 2443 4881 sedulo
2472 4824 2880 4894 ministrarent,
2901 4825 3015 4878 sive
3036 4841 3166 4879 cum
3184 4825 3357 4879 Maria
3384 4842 3474 4881 se-

1851 4921 2059 4975 derent
2077 4918 2150 4974 ad
2166 4919 2344 4990 pedes
2367 4921 2519 4986 Jesu,
2542 4934 2786 4989 regnum
2805 4917 3016 4971 diaboli
3041 4917 3473 4988 imminuerent,

1852 5016 1912 5068 et
1944 5013 2044 5068 Dei
2080 5013 2368 5068 civitatem
2401 5016 2696 5081 augerent.
2730 5012 2913 5074 Quam
2939 5011 3113 5066 etiam
3147 5013 3218 5068 ob
3246 5029 3474 5068 causam

1849 5107 2053 5162 beatus
2090 5108 2422 5176 Domnolus,
2457 5123 2522 5160 ex
2553 5104 2808 5175 ejusdem
2841 5103 3019 5159 sancti
3045 5105 3318 5160 Germani
3347 5123 3477 5162 con-

1850 5200 1996 5267 silio,
2039 5199 2098 5252 in
2140 5198 2380 5254 civitatis
2424 5215 2538 5253 sua:
2575 5197 2846 5252 suburbio
2880 5199 3300 5254 monasterium
3345 5217 3478 5256 con-

1851 5293 2084 5360 struxit;
2131 5292 2190 5346 in
2236 5307 2347 5362 quo
2380 5294 2437 5345 et
2462 5290 2541 5344 illi
2574 5307 2715 5361 quos
2738 5294 3047 5362 tempestas
3096 5293 3266 5364 hujus
3301 5296 3476 5350 maris

1849 5385 2047 5457 magni
2073 5388 2130 5440 et
2159 5384 2388 5456 spatiosi
2421 5385 2756 5455 jactaverat,
2792 5386 3126 5441 monasticae
3151 5389 3474 5460 tranquilli-

1850 5479 1980 5534 tatis
2005 5482 2236 5550 portum
2263 5477 2474 5549 adepti,
2509 5478 2878 5548 respirarent,
2903 5482 2960 5534 et
2988 5479 3107 5551 ipse
3136 5482 3304 5536 certis
3333 5487 3477 5537 tem-

1849 5573 2082 5644 poribus
2109 5571 2522 5638 sollicitudinis,
2542 5588 2668 5642 qua:
2686 5589 2751 5625 ex
2771 5572 3088 5627 ministerio
3109 5578 3367 5645 suscepto
3392 5576 3475 5628 in-

1849 5666 2171 5733 cumbebat,
2210 5666 2487 5733 laborem,
2513 5668 2720 5720 sanctae
2747 5668 3247 5738 contemplationis
3274 5667 3389 5720 otio
3416 5669 3473 5720 et

1848 5759 2148 5830 refrigerio
2190 5761 2488 5815 relevaret.
2520 5761 2610 5828 At,
2652 5762 2715 5814 ut
2739 5776 2909 5833 supra
2944 5775 3170 5831 quoque
3201 5758 3468 5826 diximus,

1849 5854 1903 5910 ei
1931 5854 2283 5911 monasterio
2311 5853 2380 5909 de
2410 5853 2660 5910 ecclesiae
2687 5871 2802 5910 suae
2835 5851 3280 5922 possessionibus
3303 5865 3467 5919 quas-
