3994 6414
482 363 584 420 647
1402 353 1634 409 ΞΑΝΟΤῙ
1671 349 1984 414 DOMNOLI,
2022 344 2114 404 ΟΕ]

2281 344 2532 402 ΝΕΜεῐε
2567 339 2866 401 EPISCOPI
2883 385 2898 411 ,
3790 336 3906 388 648

485 470 620 524 dam
660 465 908 536 donavit,
959 461 1100 518 nihil
1140 477 1199 516 se
1229 461 1428 515 fecisse
1470 459 1818 525 existimans,
1863 455 1974 508 nisi
1997 454 2108 508 illis
2128 452 2346 538 Amuli
2377 468 2536 519 uxor,
2571 453 2854 522 quartana
2883 445 3044 502 febre
3077 445 3368 514 divexata,
3403 443 3486 498 ad
3512 441 3657 514 ejus
3681 456 3913 494 monu-

483 562 688 632 quibus
709 561 947 615 domum
966 553 1241 611 orationis
1261 555 1653 608 construxerat
1673 549 1845 604 etiam
1857 548 1986 602 vitae
2007 548 2101 600 de-
2130 537 2137 538 ⁷
2205 548 2468 600 mentum
2494 545 2750 609 veniens,
2774 545 2836 596 ut
2861 542 2919 596 in
2941 555 3145 595 somno
3159 537 3478 594 admonita
3496 538 3665 601 erat,
3693 549 3920 588 orans~

484 654 688 724 gendae
711 669 802 706 res
824 647 1171 704 necessarias
1207 645 1544 717 assignaret.
2199 655 2311 710 que
2340 637 2453 692 illic
2470 653 2601 690 cum
2619 634 3018 701 luminaribus,
3045 636 3105 686 et
3128 632 3322 688 triduo
3341 629 3692 694 excubans,
3719 627 3918 680 meri-

558 748 641 800 18.
667 747 843 798 Porro
868 745 1063 798 autem
1100 739 1320 794 militia:
1355 737 1668 792 certamine
1687 736 1814 806 jam
1845 736 2098 806 peracto,
2198 731 2270 785 tis
2295 730 2449 783 beati
2477 730 2582 783 viri
2614 730 2859 783 salutem
2891 725 3248 796 impetravit.
3288 724 3522 788 Quarto
3559 720 3768 775 etiam
3805 719 3912 772 die

485 840 543 891 et
578 835 951 907 impendente
977 830 1341 886 resolutionis
1367 830 1489 900 ejus
1515 833 1795 899 tempore,
1825 825 1995 896 cmpit
2018 824 2103 878 vir

483 929 609 1000 pius
633 928 836 984 morbo
866 927 1146 991 laborare,
1169 940 1274 978 nec
1300 926 1494 978 tamen
1520 937 1582 975 os
1609 920 1732 990 ejus
1768 918 1957 973 morbi
1984 917 2110 996 visa

483 1021 774 1076 laudando
799 1021 912 1074 Deo
939 1017 1126 1088 potuit
1149 1015 1436 1071 cohibere.
1458 1015 1787 1069 Convocans
1813 1015 2007 1066 autem
2023 1009 2103 1063 di-

485 1115 729 1185 scipulos
760 1129 911 1178 suos,
941 1111 1096 1165 diem
1137 1112 1196 1162 et
1229 1109 1432 1162 horam
1472 1106 1659 1161 obitus
1693 1105 1778 1158 sui
1824 1104 1932 1158 illis
1965 1119 2105 1174 pra:-

483 1207 630 1262 dixit
647 1205 947 1260 imminere
981 1219 994 1258 :
1024 1201 1330 1271 docuitque
1356 1216 1453 1254 eos
1475 1197 1968 1270 quemadmodum
2001 1211 2101 1249 an-

483 1299 629 1370 tiqui
649 1298 826 1352 bostis
851 1295 1084 1350 insidias
1109 1295 1394 1360 caverent,
1423 1297 1481 1346 et
1499 1308 1532 1346 a
1551 1291 1704 1345 malo
1726 1306 1785 1344 se
1813 1289 2105 1343 abstinen-

481 1395 588 1459 tes,
603 1391 770 1446 bonis
790 1387 1059 1460 operibus
1071 1387 1437 1440 inhaererent.
1455 1384 1673 1438 Deinde
1686 1381 1824 1452 ipsis
1839 1380 2106 1435 Kalendis

481 1483 807 1540 Decembris
833 1482 894 1535 in
916 1483 1206 1534 senectute
1221 1478 1376 1532 bona
1391 1477 1477 1530 vir
1492 1475 1851 1530 beatissimus
1877 1474 1935 1527 in
1967 1489 2106 1544 pace

485 1577 718 1649 quievit,
747 1576 1128 1643 humatusque
1159 1573 1245 1625 est
1265 1587 1298 1624 a
1325 1568 1610 1640 discipulis
1635 1568 1748 1621 suis
1767 1567 1828 1621 in
1871 1565 2110 1620 ecclesia

486 1670 790 1725 beatorum
850 1669 1170 1736 martyrum
1217 1661 1500 1716 Vincentii
1547 1665 1604 1716 et
1649 1659 1963 1725 Laurentii,
2013 1657 2108 1710 ubi

484 1763 658 1831 longe
683 1763 814 1814 ante
847 1759 1168 1829 sepulcrum
1194 1755 1364 1809 beato
1392 1755 1680 1808 Germano
1697 1753 1816 1822 ipse
1843 1749 2111 1805 condide-

2201 822 2334 877 caeci
2365 825 2479 876 tres
2506 821 2581 875 ad
2619 821 2740 890 ejus
2773 820 3057 874 tumulum
3093 817 3262 872 nobis
3295 812 3778 886 aspectantibus
3815 828 3910 865 ve—

2201 932 2340 970 nere
2366 918 2538 985 atque
2561 913 2698 967 inde
2714 913 2841 968 luce
2868 912 3267 981 redintegrata
3287 910 3647 964 incolumes
3665 906 3904 962 abiere.

2200 1009 2402 1064 Multos
2441 1007 2582 1061 alios
2617 1005 2854 1060 diversis
2875 1005 3118 1059 afﬂictos
3145 1002 3373 1058 morbis
3401 1001 3485 1056 ad
3520 1001 3662 1070 ejus
3696 1000 3907 1070 sepul-

2202 1117 2363 1155 crum
2398 1099 2592 1153 venire
2640 1097 3060 1169 conspeximus,
3114 1095 3484 1165 eosdemque
3547 1091 3730 1146 beati
3793 1091 3906 1144 viri

2204 1192 2426 1247 meritis
2451 1208 2620 1246 sanos
2639 1191 2775 1245 inde
2813 1190 3087 1245 recedere
3127 1188 3404 1243 vidimus.
3445 1185 3652 1240 Nimis
3690 1188 3902 1239 autem

2203 1285 2407 1357 prolixi
2447 1284 2684 1353 erimus,
2725 1283 2773 1338 si
2816 1283 3010 1338 audita
3052 1285 3112 1336 et
3131 1281 3254 1335 visa
3281 1279 3499 1335 omnia
3528 1279 3775 1332 referre
3807 1293 3905 1331 ve-

2204 1378 2400 1432 limus:
2424 1379 2664 1447 possunt
2695 1393 2763 1430 ea
2789 1392 2916 1447 quas
2934 1374 3182 1430 diximus
3209 1373 3286 1428 ad
3303 1373 3500 1426 ﬁdem
3537 1370 3900 1427 faciendam

2205 1469 2470 1524 fidelibus
2491 1470 2774 1523 sufficere.

2281 1565 2364 1616 19.
2389 1563 2457 1616 Et
2479 1578 2627 1616 nunc
2648 1562 3015 1616 obseCramus
3030 1559 3312 1614 eumdem
3333 1557 3780 1614 beatissimum
3801 1574 3904 1629 pa-

2208 1659 2441 1709 tronum
2467 1656 2728 1709 nostrum
2753 1657 3016 1708 sanctum
3038 1653 3424 1719 Domnolum,
3458 1654 3537 1706 ut
3566 1668 3686 1722 pro
3721 1668 3900 1722 supe-

2207 1747 2375 1802 rioris
2411 1746 2539 1801 vitaz
2591 1746 2838 1818 peccatis
2885 1745 3096 1800 nostris
3145 1745 3249 1800 Dei
3289 1745 3712 1800 clementiam
3763 1744 3906 1798 velit

486 1822 617 1908 rat:
633 1854 712 1906 Eo
742 1852 802 1906 in
835 1822 959 1905 loco
983 1847 1204 1903 meritis
1233 1851 1290 1901 et
1321 1845 1585 1917 precibus
1612 1844 1734 1914 ejus
1756 1843 1923 1897 multi
1953 1857 2109 1896 mor-
2129 1822 2186 1896 B
2211 1857 2462 1908 exorare,
2483 1841 2843 1912 gratiamque
2857 1839 3023 1894 nobis
3051 1838 3236 1894 abillo
3255 1838 3629 1910 impetrare,
3651 1841 3727 1893 ut
3742 1837 3905 1892 dein-

485 1945 605 2002 bidi
618 1945 866 2016 gratiam
887 1941 1146 1996 sanitatis
1167 1939 1448 1994 obtinent.
1470 1939 1614 1992 Nam
1635 1936 1804 1991 tertio
1827 1935 1919 1990 die
1933 1937 2113 1990 trans-

486 2038 717 2094 lationis
733 2035 954 2106 ejus,ad
966 2033 1288 2104 sepulcrum
1298 2031 1419 2101 ejus
1435 2045 1860 2100 energumenus
1878 2027 2113 2098 quidam

490 2131 586 2201 qui
601 2147 658 2184 se
671 2129 858 2200 ipsum
870 2125 1226 2196 discerpebat
1237 2123 1512 2178 adductus
1529 2125 1633 2190 est;
1650 2125 1708 2176 et
1717 2123 1846 2192 post
1859 2119 2114 2174 triduum

488 2225 738 2288 curatus,
767 2221 1004 2276 domum
1031 2234 1163 2271 cum
1202 2215 1532 2288 parentibus
1583 2231 1777 2284 sospes
1823 2212 2110 2267 abscessit.

487 2315 787 2386 Multisque
814 2313 980 2368 annis
1009 2312 1308 2367 nobiscum
1332 2326 1500 2363 sanus
1528 2323 1894 2378 permanens,
1925 2305 2024 2359 Dei
2054 2321 2110 2358 se

489 2407 760 2462 devotum
789 2405 1005 2460 studuit
1027 2404 1291 2458 exhibere
1317 2403 1616 2456 cultorem.
1656 2399 1874 2454 Deinde
1914 2413 2112 2452 mense

489 2499 818 2567 Februario,
840 2499 931 2554 die
951 2497 1192 2564 sabbati,
1215 2495 1511 2566 cujusdam
1531 2495 1740 2548 nostra;
1756 2491 2010 2546 ecclesia
2028 2491 2112 2544 fa-

2210 1950 2344 2004 ceps
2371 1950 2405 1988 a
2431 1933 2598 1987 malis
2621 1949 2726 1987 nos
2757 1931 3146 1987 abstineamus
3170 1949 3184 1998 ;
3223 1935 3289 1985 ut
3314 1934 3743 1986 sacrosanctae
3777 1931 3900 1985 Tri-

2211 2025 2374 2080 nitati
2405 2025 2778 2094 reconciliati,
2819 2025 2925 2079 etsi
2951 2025 3074 2095 ejus
3124 2025 3330 2096 gloriae
3374 2024 3730 2096 participes
3775 2041 3902 2078 esse

2213 2135 2330 2173 non
2375 2134 2685 2184 meremur,
2742 2118 2947 2172 saltem
3013 2121 3392 2188 peccatorum
3459 2117 3904 2172 remissionem

2213 2211 2429 2281 adepti,
2454 2211 2524 2264 ab
2547 2210 2857 2280 impiorum
2881 2209 3169 2265 consortio
3186 2225 3584 2282 separemur:
3613 2214 3905 2282 prestan-

2210 2305 2268 2357 te
2313 2302 2555 2357 Domino
2601 2306 2796 2357 nostro
2830 2304 2962 2358 Jesu
2994 2303 3242 2371 Christo,
3283 2303 3388 2374 qui
3426 2319 3578 2358 cum
3631 2305 3812 2359 Patre
3848 2309 3904 2357 et

2212 2395 2423 2465 Spiritu
2449 2399 2644 2450 sancto
2669 2395 2821 2463 vivit,
2852 2399 2911 2449 et
2935 2395 3292 2466 gloriﬁcatur
3315 2397 3483 2451 Deus
3504 2412 3628 2468 per
3667 2396 3901 2452 inﬁnita

2211 2489 2417 2543 saacula
2439 2490 2800 2544 saeculorum.
2820 2489 3024 2544 Amen.

493 2673 3888 2701 W

862 2827 1256 2914 SANCTI
1326 2823 1888 2926 DOMNOLI,
1966 2817 2825 2906 CENOMANENSIS
2896 2816 3484 2928 EPISCOPI,

1683 3001 2092 3140 ALIA
2193 2997 2654 3143 VITA.

1869 3209 1974 3279 (Ea:
1999 3223 2098 3265 ms.
2128 3209 2458 3279 Ansolensi.)

568 3440 616 3490 1.
645 3435 740 3488 Vir
773 3432 1004 3488 illustris
1043 3429 1308 3486 dominus
1345 3429 1678 3498 Domnolus,
1717 3430 2116 3486 Cenomanicm
2137 3434 2484 3516 Acoeperat,
2535 3429 2774 3484 mirifice
2811 3426 3200 3500 ampliﬁcavit,
3250 3431 3311 3484 et
3347 3429 3554 3485 ferme
3609 3433 3901 3504 quinqua-

491 3529 727 3584 civitatis
755 3527 1071 3598 episcopus,
1102 3525 1332 3579 natione
1361 3523 1686 3594 alienigena
1712 3523 2114 3594 nobilibusque

491 3639 558 3676 ex
583 3620 915 3693 parentibus
941 3623 1117 3684 ortus,
1147 3633 1546 3687 successorque
1573 3616 1727 3670 beati
1768 3616 2114 3683 Innocentis,

493 3713 752 3784 ejusdem
782 3712 935 3766 urbis
964 3710 1242 3782 praasulis,
1267 3710 1386 3780 qui,
1421 3712 1658 3780 propter
1694 3725 1954 3763 amorem
1993 3708 2114 3774 Dei,

490 3807 738 3878 patriam
750 3809 919 3875 atque
933 3820 1166 3858 omnem
1179 3802 1598 3873 possessionem
1614 3817 1776 3855 suam
1786 3801 2118 3872 relinquens

489 3901 780 3970 profectus
801 3901 884 3951 est
901 3898 1166 3962 Romam,
1195 3895 1396 3948 limina
1414 3894 1711 3948 beatorum
1730 3895 2118 3966 apostolorum

491 4009 662 4046 causa
701 3989 976 4045 orationis
1017 3989 1360 4042 visitaturus.
1404 3986 1540 4040 Inde
1575 4003 1804 4057 quoque
1848 3985 2122 4042 remeavit

493 4101 672 4154 usque
693 4083 763 4137 ad
781 4081 1224 4138 Cenomanicam
1245 4079 1550 4147 civitatem,
1575 4083 1632 4133 et
1649 4079 1707 4134 in
1724 4095 1854 4134 eam
1875 4079 2118 4134 Domino

496 4177 743 4230 ducente
769 4173 1046 4246 pervenit.
1075 4176 1200 4244 Ipsa
1220 4189 1357 4242 ergo
1389 4172 1614 4226 civitate
1633 4175 1690 4226 et
1709 4173 1921 4243 populo
1942 4172 2120 4242 ipsius

495 4267 782 4341 parochiaa
801 4267 1098 4337 indigente
1110 4265 1396 4336 pontifice,
1421 4269 1479 4319 et
1497 4265 1689 4336 aliquo
1711 4269 1970 4335 tempore
1991 4265 2118 4318 abs-

497 4377 608 4432 que
629 4362 752 4432 ipso
773 4364 1030 4426 vacante,
1059 4358 1392 4430 praedictum
1424 4357 1724 4412 dominum
1749 4357 2118 4424 Domnolum,

487 4455 610 4525 jam
623 4453 955 4526 pontificem
967 4451 1292 4507 ordinatum
1303 4451 1678 4521 ,gratulanter
1689 4449 1747 4504 in
1759 4449 2122 4520 pontificatus

495 4547 761 4603 ordinem
777 4545 1018 4602 Domino
1041 4544 1383 4615 disponente
1410 4547 1811 4614 susceperunt;
1836 4546 1893 4596 et
1908 4543 2119 4614 princis

494 4655 598 4712 pes
624 4639 883 4710 ejusdem
908 4637 1179 4710 regionis,
1213 4639 1385 4708 atque
1432 4635 1756 4691 sacerdotes
1787 4635 1901 4690 sive
1931 4635 2121 4690 clerici

495 4733 582 4788 vel
627 4733 846 4787 nobiles
874 4747 1076 4786 omnes
1104 4730 1278 4801 ipsius
1317 4729 1624 4800 parochias,
1672 4744 1805 4782 eum
1833 4727 2121 4800 deprecati

2217 3524 2378 3595 ginta
2405 3523 2718 3578 monachos
2745 3522 2826 3577 ibi
2851 3523 3149 3593 regulares
3168 3523 3392 3592 degere
3415 3526 3766 3594 constituit,
3791 3528 3902 3598 ple-

2217 3633 2406 3688 neque
2427 3615 2852 3670 eisvictualiain
2879 3615 3150 3671 omnibus
3177 3615 3654 3673 necessitatibus
3667 3636 3904 3684 eorum,

2217 3709 2332 3762 sive
2375 3710 2819 3780 peregrinorum
2863 3711 3037 3779 atque
3086 3707 3561 3765 adventantium
3620 3713 3897 3778 fratrum,

2219 3802 2540 3873 adimplens
2567 3802 2732 3856 docte
2761 3801 3061 3873 supplevit,
3091 3805 3152 3856 et
3181 3817 3284 3856 eos
3303 3804 3688 3873 regulariter
3709 3808 3902 3862 vivere

2219 3894 2430 3950 docuit.
2464 3895 2796 3949 Antedictus
2827 3910 3079 3965 namque
3109 3894 3319 3949 beatus
3338 3897 3690 3954 Domnolus
3709 3899 3896 3971 ponti-

2219 3988 2330 4054 fex,
2357 3987 2833 4042 monasteriolum
2854 3987 2912 4041 in
2925 3987 3209 4042 honorem
3231 3992 3600 4046 sanctorum
3610 3993 3900 4048 Vincentii

2221 4083 2278 4134 et
2305 4080 2593 4135 Laurentii
2622 4083 2944 4152 martyrum
2980 4081 3193 4136 Christi
3211 4081 3390 4152 juxta
3429 4085 3660 4141 urbem
3689 4086 3895 4142 consti-

2220 4173 2348 4240 tuit,
2369 4173 2510 4229 etad
2533 4173 2803 4228 effectum
2828 4190 3009 4245 usque
3021 4174 3314 4245 perduxit.
3336 4175 3436 4230 Ad
3449 4177 3897 4236 dedicationem

2221 4266 2432 4338 quippe
2455 4265 2630 4336 ipsius
2651 4267 3049 4322 monasterioli
3078 4267 3342 4324 ecclesiae
3367 4269 3638 4327 beatum
3668 4275 3900 4329 Germa-

2221 4375 2380 4426 num,
2412 4358 2746 4414 Parisiensis
2775 4359 3018 4414 civitatis
3047 4358 3349 4431 insignem
3382 4363 3781 4437 episcOpum,
3811 4383 3900 4421 γοα

2221 4451 2394 4517 cavit;
2425 4454 2484 4505 et
2509 4467 2639 4506 cum
2665 4452 2788 4522 ejus
2807 4467 3092 4507 consensu
3113 4458 3174 4508 et
3191 4453 3638 4524 deprecatione
3663 4461 3810 4516 cleri
3832 4461 3907 4532 ip-

2221 4543 2334 4598 sius
2357 4543 2612 4598 ‘civitatis
2641 4548 2700 4598 et
2725 4545 2923 4616 populi
2964 4545 3116 4600 illius
3153 4545 3314 4600 urbis
3347 4562 3420 4602 ac
3463 4554 3809 4622 parochias,
3854 4557 3905 4607 et

2220 4651 2354 4690 cum
2368 4652 2648 4690 consensu
2671 4652 2892 4704 eorum,
2916 4637 2990 4692 de
3013 4639 3188 4692 rebus
3208 4643 3437 4696 sanctae
3462 4643 3680 4701 Mariae
3703 4651 3766 4701 et
3779 4663 3900 4701 san-

2219 4733 2440 4785 ctorum
2453 4734 2772 4801 martyrum
2785 4731 3036 4786 Gervasii
3049 4735 3108 4786 et
3118 4733 3628 4802 Protasii,matris
3642 4739 3898 4812 ejusdem

495 4829 630 4880 sunt
653 4830 716 4880 ut
739 4825 926 4897 ipsam
955 4824 1029 4878 ad
1056 4822 1376 4893 regendam
1408 4822 1722 4892 susciperet
1736 4821 2044 4892 civitatem,
2066 4806 2197 4878 etB
2221 4821 2460 4878 civitatis
2505 4823 2780 4891 ecclesiae,
2811 4823 2939 4894 jam
2981 4823 3202 4880 dictum
3230 4806 3719 4902 monasterium,
3754 4832 3894 4906 quod

495 4921 710 4975 clerum
743 4921 797 4972 et
816 4921 1083 4974 cunctum
1112 4916 1387 4987 populum
1413 4913 1720 4986 episc0pali
1757 4913 2119 4969 ordinatione

495 5029 562 5067 ac
604 5013 887 5082 regimine
931 5010 1228 5066 ordinaret
1248 5025 1312 5063 ac
1333 5011 1580 5079 regeret,
1617 5009 1675 5061 et
1700 5006 1945 5062 Domino
1972 5009 2118 5062 mul-

495 5105 764 5176 tipliciter
792 5105 1148 5158 lucraretur:
1183 5101 1280 5174 qui
1311 5105 1369 5156 et
1398 5102 1507 5155 hoc
1533 5099 1758 5167 invitus,
1805 5103 1864 5154 et
1899 5117 1933 5154 a
1970 5102 2120 5154 clero

495 5199 582 5251 vel
625 5197 835 5268 populo
873 5201 1120 5264 coactus,
1153 5196 1284 5250 licet
1315 5195 1540 5262 nobilis,
1579 5192 1902 5248 humilitate
1927 5197 2121 5249 tamen

498 5290 748 5360 suscepit
791 5288 1080 5354 officium;
1132 5292 1189 5341 et
1229 5305 1346 5343 non
1400 5287 1693 5342 modicum
1733 5287 1804 5340 ab
1857 5288 2124 5342 omnibus

498 5383 704 5436 cuncto
737 5384 995 5450 tempore
1021 5382 1150 5434 vita:
1174 5398 1287 5436 sua:
1309 5381 1672 5452 pontificatus
1707 5379 1910 5435 tribuit
1937 5381 2119 5436 admi-

499 5473 776 5528 niculum.

565 5570 620 5621 2.
653 5567 753 5620 Hic
782 5564 841 5618 in
869 5564 992 5617 loco
1023 5563 1082 5616 in
1101 5579 1213 5634 quo
1232 5563 1433 5619 beatus
1461 5565 1736 5631 Julianus,
1767 5565 1984 5636 primus
2000 5565 2123 5636 jam

495 5660 661 5718 dictae
691 5657 848 5714 urbis
895 5656 1210 5726 episcopus,
1256 5673 1493 5728 corpore
1540 5656 1929 5727 requiescens,
1963 5658 2124 5728 juxta

492 5751 912 5813 monasterium
955 5748 1167 5803 scilicet
1199 5751 1375 5804 sancti
1410 5749 1642 5804 Victurii
1682 5763 1858 5820 prOpe
1888 5750 2122 5805 ﬂuvium

495 5850 737 5918 Sarthae,
768 5842 1184 5903 monachorum
1216 5858 1500 5911 normam,
1519 5856 1647 5913 quae
1675 5841 1890 5898 dudum
1917 5843 2123 5899 ﬂorere

2222 4932 2323 4971 suo
2353 4932 2528 4986 Opere
2559 4918 2618 4970 et
2645 4916 2842 4971 labore
2873 4933 2908 4972 a
2927 4917 3318 4974 fundamento
3349 4922 3717 4996 mdiﬁcavit,
3742 4928 3888 4981 dotao

2221 5009 2298 5063 vit
2324 5026 2337 5064 :
2367 5012 2424 5062 et
2451 5009 2608 5062 villas
2637 5010 2913 5081 episcopii
2938 5010 3013 5065 ad
3039 5013 3317 5067 eamdem
3345 5017 3713 5089 ecclesiam,
3738 5035 3894 5092 quam

2221 5102 2281 5156 in
2299 5102 2504 5156 eodem
2527 5103 2884 5158 monasterio
2903 5120 3021 5159 una
3039 5121 3174 5160 cum
3190 5105 3370 5162 beato
3393 5109 3748 5183 Germano,
3773 5130 3900 5186 prae-

2222 5195 2386 5249 dicta:
2406 5196 2738 5250 Parisiensis
2765 5197 3007 5252 civitatis
3027 5198 3244 5270 insigni
3274 5201 3597 5274 episcopo,
3629 5212 3697 5262 et
3724 5209 3789 5263 in
3812 5210 3898 5262 ho-

2224 5304 2424 5342 norem
2457 5293 2786 5344 sanctorum
2814 5294 3140 5362 martyrum
3163 5292 3467 5350 Vincentii
3500 5302 3570 5352 et
3600 5300 3901 5357 Laurentii

2223 5380 2490 5434 Kalendis
2535 5382 2870 5437 Novembris
2918 5383 3310 5455 dedicaverat,
3351 5387 3571 5460 dedit;
3619 5397 3687 5447 et
3735 5395 3802 5450 in
3849 5410 3908 5448 eo

2224 5476 2396 5545 caput
2417 5474 2573 5528 beati
2601 5475 2884 5532 Vincentii
2911 5479 2970 5532 et
2991 5493 3268 5548 magnam
3315 5487 3568 5552 partem
3609 5490 3904 5544 craticula?
3947 5515 3961 5534 ο

2223 5583 2393 5637 super
2418 5584 2592 5638 quam
2614 5572 2838 5623 sanctus
2870 5569 3213 5626 Laurentius
3242 5577 3481 5631 assatus
3513 5581 3637 5648 est,
3671 5582 3905 5639 honori-

2222 5660 2329 5714 ﬁce
2368 5661 2681 5716 collocavit.
2717 5663 2826 5716 Per
2861 5663 3126 5718 chartam
3157 5681 3297 5721 vero
3356 5684 3469 5724 sua
3517 5688 3820 5747 munera,
3859 5679 3906 5730 ut

2225 5751 2439 5808 dictum
2463 5759 2568 5821 est,
2609 5755 3006 5811 consentiente
3035 5758 3309 5816 universo
3343 5763 3513 5820 clero
3535 5770 3640 5824 vel
3671 5773 3895 5845 populo.

2225 5851 2282 5904 et
2295 5846 2529 5903 domino
2541 5848 2826 5906 Germano
2843 5865 3142 5908 assensum
3154 5855 3468 5924 praebente
3477 5861 3686 5930 ,villas
3705 5871 3896 5924 sancta
