3994 6392
105 390 205 442 649

1519 382 2022 439 TESTAMENTUM.

3334 386 3436 435 650

94 491 265 548 Maria
291 505 355 544 ac
384 494 709 545 sanctorum
735 491 978 545 Gervasii
997 496 1052 546 et
1076 491 1328 558 Protasii,
1358 491 1426 554 ad
1448 492 1705 546 eamdem
1727 502 1785 575 Α
1806 489 2111 546 cessoribus
2138 487 2254 543 suis
2276 487 2679 561 perpetualiter
2705 487 2845 542 inibi
2869 487 3286 543 xedodochium
3313 488 3427 543 mi-

96 583 310 640 tradidit
336 581 646 638 ecclesiam.
677 582 1070 640 Subscribente
1095 590 1287 640 autem
1321 585 1548 638 domino
1579 585 1708 640 Ger-

99 693 252 732 mano
283 676 474 746 ipsum
519 679 944 747 testamentum,
978 677 1205 749 suisque
1236 678 1617 732 sacerdotibus
1655 681 1712 732 et

98 769 297 824 clericis
342 769 600 839 ejusdem
658 769 893 825 civitatis
945 775 1000 826 et
1042 771 1325 842 parochia
1375 770 1548 842 ipsius
1596 787 1712 825 non

100 861 298 934 paucis,
327 861 474 916 sicut
491 861 551 916 in
579 863 778 918 eodem
806 863 1074 918 hactenus
1109 867 1442 918 testamento
1469 864 1716 918 contine-

102 960 203 1022 tur,
231 954 381 1009 dedit
405 955 598 1008 villam
619 961 824 1010 sancta
850 956 1036 1030 Maria
1057 961 1112 1011 et
1128 961 1448 1011 sanctorum
1467 956 1715 1011 Gervasii

104 1049 153 1101 et
185 1047 433 1114 Protasii,
463 1047 775 1102 Tritionem
819 1065 948 1102 cum
991 1049 1147 1102 omni
1173 1049 1514 1120 integritate,
1543 1066 1714 1120 quam

105 1140 303 1194 dudum
349 1139 779 1196 Habundantius
833 1145 888 1196 et
934 1142 1238 1195 Mallaricus
1300 1141 1566 1196 diaconus
1614 1157 1717 1212 per

105 1231 340 1305 praedicti
368 1231 620 1303 episcopi
646 1233 862 1288 domini
897 1233 1156 1288 Domnoli
1193 1234 1532 1288 beneﬁcium
1556 1239 1714 1288 tene-

105 1329 226 1382 bant
251 1345 263 1381 :
294 1332 349 1382 et
370 1329 564 1382 villam
599 1329 903 1400 Fraxinidi,
927 1346 1101 1401 quam
1139 1333 1286 1402 Aper
1310 1332 1563 1386 sacerdos
1587 1347 1716 1385 cum

107 1421 214 1490 ejus
245 1419 520 1475 beneficio
561 1421 842 1492 habebat;
887 1426 944 1477 et
971 1425 1178 1478 Bucces
1221 1424 1469 1478 villulam
1496 1423 1582 1478 sui
1605 1424 1718 1494 epi-

108 1514 284 1584 scopii,
306 1529 435 1567 cum
468 1513 733 1568 omnibus
760 1515 829 1569 ad
860 1531 917 1569 se
953 1515 1384 1586 pertinentibus,
1419 1533 1589 1587 quam
1615 1517 1720 1570 Eu-

109 1606 308 1660 therius
349 1607 652 1678 presbyter
691 1623 794 1678 per
829 1608 1167 1663 beneﬁcium
1210 1609 1464 1680 praedicti
1505 1608 1719 1662 domini

109 1699 345 1753 Domnoli
362 1699 641 1766 habebat;
664 1701 784 1772 pari
800 1701 964 1755 modo
984 1706 1040 1756 et
1050 1707 1275 1772 pratum
1294 1718 1462 1772 super
1481 1701 1718 1754 ﬂuvium

111 1792 285 1862 Sarta,
315 1809 425 1846 una
452 1809 588 1846 cum
632 1810 829 1864 campo
855 1793 1019 1864 juxta
1049 1794 1251 1864 posito,
1283 1811 1456 1864 quam
1493 1794 1718 1848 Habun-

1806 584 2055 638 rabiliter
2079 581 2317 638 ornavit.
2357 583 2418 637 In
2463 580 2740 652 hospitali,
2785 581 3036 650 ejusdem
3080 581 3236 635 urbis
3284 597 3428 652 pon-

1809 681 2069 749 tiﬁcibus,
2097 679 2312 736 futuris
2351 695 2576 751 semper
2611 678 2959 749 temporibus
2995 684 3052 732 et
3089 677 3194 732 sub
3232 679 3430 750 conju-

1811 773 2048 828 rationis
2069 773 2457 840 detestatione,
2503 771 2938 842 hospitalitatem
2987 786 3106 826 esse
3145 770 3428 841 instituit;

1812 871 1868 920 et
1889 867 2248 938 sequentibus
2285 865 2628 936 temporibus
2657 864 2912 918 Ecclesia
2945 880 3062 918 sua
3097 863 3262 930 sedis,
3303 880 3430 918 cum

1813 959 2072 1014 omnibus
2121 960 2191 1013 ad
2252 975 2310 1013 se
2370 957 2818 1030 pertinentibus,
2883 957 3250 1028 subjugatum
3311 972 3430 1012 esse

1818 1055 2082 1110 instituit.

1885 1150 1937 1202 4.
1968 1149 2143 1220 Ipsius
2183 1165 2406 1219 quoque
2447 1148 2662 1202 domini
2705 1147 2961 1201 Domnoli
3007 1146 3253 1217 episcopi
3291 1151 3431 1201 tem-

1813 1257 1969 1313 pore,
1997 1240 2276 1309 cellulam,
2311 1256 2426 1295 una
2463 1257 2592 1294 cum
2624 1255 2724 1294 sua
2749 1239 3002 1308 ecclesia,
3031 1254 3160 1309 qua
3191 1243 3273 1293 est
3298 1255 3432 1294 con-

1815 1334 2008 1388 stituta
2037 1333 2096 1387 in
2125 1334 2338 1388 honore
2383 1333 2561 1387 sancti
2589 1331 2828 1400 Martini,
2867 1331 2925 1386 in
2969 1347 3165 1385 eorum
3206 1332 3436 1403 proprio

1816 1427 2236 1482 constituerunt
2270 1427 2414 1480 infra
2451 1425 2754 1494 civitatem,
2790 1425 2954 1495 juxta
2996 1429 3236 1479 matrem
3291 1425 3438 1480 vide-

1815 1520 1945 1574 licet
1984 1519 2275 1574 ecclesiam
2319 1518 2494 1590 ipsius
2541 1517 2800 1586 civitatis,
2846 1517 3100 1572 Eularius
3142 1517 3439 1588 presbyter

1817 1616 1874 1667 et
1905 1613 2214 1668 Godomara
2258 1611 2371 1666 Deo
2413 1614 2658 1679 sacrata;
2706 1615 2762 1665 et
2807 1609 3132 1680 pradictam
3175 1609 3436 1664 cellulam

1818 1705 1990 1759 sancti
2004 1703 2218 1759 Martini
2239 1746 2253 1772 ,
2284 1702 2758 1758 hareditaverunt
2781 1702 2848 1756 de
2870 1701 3078 1757 villulis
3095 1701 3441 1757 inMorniaco

1821 1801 1878 1851 et
1915 1797 2102 1850 villula
2134 1798 2298 1851 Vasta
2331 1813 2392 1850 ac
2430 1795 2728 1866 Popiliaco,
2767 1795 2926 1850 Ciaco
2951 1811 3175 1866 quoque
3203 1799 3259 1849 et
3281 1796 3443 1850 Vera-

113 1884 314 1939 dantius
335 1903 367 1940 a
392 1885 630 1940 domino
659 1887 932 1941 Domnolo
951 1887 1080 1957 jure
1111 1887 1468 1941 beneﬁciario
1493 1885 1724 1957 adipisci
1745 1863 1799 1934 B
1823 1889 1966 1943 tiaco
2005 1906 2069 1943 ac
2112 1888 2362 1954 Muliaco,
2390 1904 2505 1942 una
2536 1904 2668 1942 cum
2708 1887 2829 1941 aliis
2868 1887 3030 1956 villis,
3075 1893 3131 1942 et
3167 1887 3234 1941 de
3276 1887 3444 1942 rebus

113 1977 332 2046 meruit;
364 1983 420 2033 et
448 1979 592 2032 alias
635 1979 813 2042 villas,
843 1996 973 2050 qua
1011 1980 1069 2033 in
1094 1980 1364 2050 pradicto
1391 1983 1726 2034 testamento

115 2070 325 2125 inserta
363 2087 484 2126 esse
527 2075 845 2126 noscuntur
882 2072 1198 2142 insigniter,
1227 2073 1298 2126 ad
1339 2072 1728 2143 prascriptam

113 2163 324 2217 tradidit
347 2164 670 2219 ecclesiam.
712 2164 866 2218 Multi
889 2164 1059 2219 etiam
1086 2164 1319 2231 nobiles,
1352 2168 1469 2218 tam
1497 2163 1556 2218 in
1576 2180 1725 2234 pra-

117 2255 244 2310 senti
281 2272 449 2328 quam
478 2261 540 2310 et
563 2257 622 2310 in
653 2262 919 2328 sequente
955 2262 1229 2328 tempore,
1260 2273 1456 2312 eorum
1483 2256 1725 2310 haredi-

118 2352 240 2403 tates
272 2349 340 2403 ad
376 2351 708 2420 pradictam
755 2349 1046 2404 ecclesiam
1090 2355 1411 2404 sanctorum
1454 2348 1730 2403 Vincentii

122 2445 170 2495 et
193 2442 466 2496 Laurentii
492 2443 848 2513 legaverunt.
881 2445 1071 2513 Ipsum
1107 2447 1298 2497 autem
1325 2442 1730 2496 monasterium

123 2534 411 2601 subditum,
451 2551 589 2589 cum
625 2535 891 2589 omnibus
927 2535 998 2589 ad
1039 2535 1094 2589 id
1140 2534 1571 2606 pertinentibus,
1611 2534 1733 2604 jam

123 2627 289 2682 dictus
309 2628 577 2682 dominus
603 2628 912 2682 Domnolus
939 2644 1056 2682 sua
1083 2627 1230 2682 sedis
1255 2627 1499 2682 ecclesia
1536 2626 1731 2697 subju-

129 2720 280 2789 gavit,
325 2725 378 2775 et
425 2720 545 2775 suis
581 2720 995 2776 successoribus
1039 2720 1404 2774 ecclesiastico
1439 2719 1498 2774 in
1537 2719 1734 2774 ordine

125 2812 334 2883 pacilice
355 2813 426 2868 ad
446 2813 770 2884 regendum
792 2817 848 2867 et
866 2813 1294 2884 gubernandum
1317 2812 1546 2880 dimisit,
1568 2816 1736 2882 atque

124 2906 446 2976 perennibus
489 2906 845 2976 temporibus
883 2907 954 2960 ad
993 2911 1233 2960 matrem
1277 2905 1514 2960 civitatis
1557 2904 1733 2959 cccle-

127 2997 272 3065 siam,
299 3005 352 3054 et
376 2998 742 3070 pontiﬁcibus
784 2998 996 3053 ibidem
1039 3004 1206 3069 atque
1242 2997 1458 3052 clericis
1495 2997 1608 3052 Deo
1647 2997 1738 3052 dc-

131 3092 373 3160 gcntibus
398 3092 632 3160 habere,
664 3091 869 3145 futuris
896 3091 1186 3145 constituit
1224 3090 1592 3161 temporibus.

193 3187 241 3238 3.
269 3185 424 3256 Sape
451 3185 634 3239 dictus
664 3183 875 3238 scilicet
904 3183 1164 3238 dominus
1195 3183 1496 3238 Domnolus
1526 3182 1734 3253 episco-

129 3293 225 3347 pus
258 3278 511 3332 cellulam
539 3293 710 3348 super
735 3277 973 3331 ﬂuvium
1017 3277 1210 3346 Sarta,
1243 3281 1298 3330 et
1325 3275 1742 3330 xcnodochium

127 3374 181 3428 in
211 3375 482 3430 honorem
523 3378 732 3430 sancta
768 3374 953 3429 Maria
992 3373 1323 3428 mirabiliter
1357 3389 1419 3426 ac
1458 3372 1741 3443 sapienter

130 3473 377 3538 operatus
414 3473 530 3538 est;
563 3471 621 3522 et
661 3484 786 3522 eam
821 3483 890 3522 ex
930 3467 1096 3522 rebus
1132 3465 1396 3537 predicta
1439 3465 1634 3520 matris
1661 3465 1742 3518 ci-

127 3560 298 3616 vitatis
339 3561 591 3617 ecclesia
641 3561 872 3627 dotavit,
927 3564 983 3614 et
1023 3559 1372 3630 reccptiones
1428 3574 1742 3630 pauperum

129 3654 538 3709 adventantium
564 3654 680 3708 sive
706 3652 965 3707 omnium
989 3652 1388 3722 indigentium,
1411 3651 1510 3722 qui
1540 3651 1599 3704 in
1624 3650 1744 3721 ipsa

131 3747 334 3802 civitate
371 3748 567 3817 talem,
595 3751 830 3819 propter
868 3745 1176 3800 custodiam
1213 3741 1467 3812 civitatis,
1500 3759 1611 3798 non
1638 3760 1740 3814 po-

131 3844 300 3895 terant
340 3840 552 3895 habere
594 3839 1002 3910 receptionem,
1054 3838 1198 3892 sicut
1245 3837 1305 3891 in
1348 3836 1442 3890 illo
1484 3836 1604 3890 loco
1649 3835 1744 3890 ubi

131 3933 448 4003 pradictum
485 3933 618 3988 fecit
642 3931 1056 3988 xenodochium
1090 3947 1102 3986 :
1135 3929 1216 3985 ibi
1247 3930 1401 3986 enim
1435 3929 1744 3984 monachos

130 4025 317 4096 viginti
341 4031 586 4098 quatuor
610 4026 715 4081 sub
740 4025 937 4097 regula
966 4025 1234 4095 degentes
1262 4022 1567 4092 constituit,
1597 4027 1663 4077 ut
1688 4026 1746 4077 et

133 4117 203 4172 ibi
227 4135 499 4190 pauperes
524 4123 863 4188 rccrearent,
892 4120 949 4173 et
973 4134 1168 4172 omnes
1192 4117 1438 4188 hospites
1467 4115 1745 4186 condigne

133 4215 185 4264 et
207 4211 520 4267 amabiliter
556 4211 921 4283 susciperent,
955 4215 1011 4266 et
1045 4210 1154 4282 ipsi
1197 4214 1383 4264 sancte
1416 4226 1480 4264 ac
1517 4209 1743 4280 regula-

135 4303 259 4359 riter
290 4295 560 4360 viverent:
606 4307 670 4359 In
707 4304 906 4359 eodem
942 4303 1292 4358 xenodochio
1327 4301 1594 4374 praedicto
1619 4319 1742 4358 mo-

135 4397 366 4452 nachum
391 4415 560 4453 suum
577 4397 1053 4470 probatissimum,
1083 4395 1378 4451 dominum
1404 4395 1616 4451 scilicet
1637 4397 1743 4450 Pa-

136 4489 382 4562 duinum,
421 4491 523 4564 qui
560 4494 697 4546 tunc
737 4490 1070 4562 prapositus
1096 4490 1166 4546 de
1213 4489 1412 4545 Sancto
1459 4488 1746 4544 Vincentio

127 4588 254 4654 erat,
280 4584 543 4640 abbatem
579 4583 897 4652 constituit;
937 4588 993 4638 et
1031 4583 1135 4638 sibi
1177 4599 1275 4638 seu
1319 4582 1578 4639 omnibus
1615 4599 1742 4638 suc-

1826 1981 1941 2036 suis
1968 1981 2221 2052 legaliter
2244 1981 2575 2035 dotaverunt
2596 1997 2614 2048 ;
2642 1984 2699 2034 et
2725 1984 2918 2050 postea
2942 1996 3072 2034 cum
3097 1980 3357 2034 omnibus
3375 1980 3442 2034 ad

1827 2090 1885 2128 se
1923 2073 2332 2144 pertinentibus
2367 2073 2438 2127 ad
2480 2077 2720 2127 matrem
2768 2073 2945 2142 ipsius
2988 2072 3226 2126 civitatis
3263 2073 3443 2126 eccle-

1829 2167 1973 2220 siam
2012 2181 2112 2236 per
2145 2182 2342 2220 eorum
2376 2165 2656 2219 chartulas
2699 2164 2957 2236 legaliter
2993 2164 3359 2236 formiterque
3397 2164 3449 2218 ei

1829 2258 1934 2328 ipsi
1966 2258 2194 2312 domino
2229 2259 2504 2312 Domnolo
2544 2257 2802 2328 episcopo
2836 2256 3207 2312 tradiderunt.
3253 2256 3452 2311 Prafa-

1831 2356 1921 2405 tus
1939 2350 2114 2420 igitur
2128 2351 2395 2405 dominus
2425 2350 2732 2405 Domnolus
2751 2350 3047 2421 episcopus
3067 2349 3205 2404 emit
3221 2349 3453 2420 insuper

1829 2447 2051 2514 partem
2086 2443 2254 2513 villa,
2283 2460 2350 2498 ex
2390 2444 2656 2498 thesauro
2682 2443 2933 2498 ecclesia
2962 2443 3066 2497 sibi
3091 2443 3404 2496 commissa
3433 2459 3447 2496 :

1833 2536 1940 2590 alia
1969 2552 2100 2590 vero
2133 2552 2261 2606 pars
2290 2537 2359 2590 de
2395 2552 2494 2590 suo
2531 2536 2788 2606 episcopo
2825 2539 2964 2605 erat,
3004 2535 3094 2590 cui
3119 2535 3452 2589 vocabulum

1833 2632 1916 2684 est
1937 2631 2146 2697 Canon,
2173 2645 2344 2700 quam
2368 2633 2424 2682 et
2450 2644 2554 2700 per
2578 2628 2868 2683 licentiam
2900 2627 3302 2683 canonicorum
3326 2643 3449 2682 suo-

1833 2737 1962 2776 rum
1990 2721 2300 2789 monachis,
2329 2721 2389 2775 in
2412 2720 2644 2776 ecclesia
2686 2721 2863 2775 sancti
2891 2721 3164 2776 Vincentii
3191 2725 3247 2776 et
3274 2721 3451 2775 sancti

1833 2813 2118 2868 Laurentii
2167 2815 2184 2883 (
2209 2830 2380 2885 quam
2406 2813 2524 2884 ipse
2549 2831 2582 2867 a
2623 2831 2765 2868 novo
2788 2813 3045 2869 fundavit
3071 2813 3087 2884 )
3117 2813 3455 2884 regulariter

1835 2893 2187 2977 degentibus,
2231 2922 2335 2977 per
2371 2923 2539 2962 suum
2581 2911 2958 2962 strumentum
2999 2906 3174 2962 dedit.
3209 2907 3350 2960 Nam
3391 2910 3458 2960 ut

1836 2999 1940 3053 sub
1972 3004 2248 3069 potestate
2287 2999 2464 3069 ipsius
2496 2999 2649 3054 urbis
2681 3000 2949 3071 episcopi,
2977 3004 3093 3054 tam
3126 2999 3233 3070 ipsi
3262 3015 3460 3054 mona-

1837 3091 1930 3145 chi
1955 3107 2127 3162 quam
2162 3095 2218 3145 et
2249 3091 2387 3162 ipsa
2429 3108 2517 3146 res
2556 3093 2635 3162 (in
2663 3109 2862 3147 eorum
2899 3095 3089 3147 tamen
3125 3108 3235 3146 usu
3273 3092 3457 3163 dispo-

1838 3188 2008 3238 nente
2058 3183 2351 3255 episcopo)
2409 3185 2616 3240 futuris
2665 3187 3027 3256 persisterent
3074 3184 3456 3256 temporibus,

1837 3277 2190 3346 contradidit,
2228 3277 2372 3331 sicut
2405 3277 2587 3332 adhuc
2633 3278 2693 3333 in
2731 3279 2852 3349 ipso
2873 3283 3187 3334 strumento
3213 3277 3460 3333 traditio-

1841 3370 1930 3424 nis
1955 3369 2195 3424 inveniri
2222 3375 2426 3440 potest.

1841 3467 1882 3533 'j_
1915 3465 1966 3516 5.
2009 3461 2107 3516 Hic
2145 3462 2288 3516 sedit
2313 3462 2372 3516 in
2416 3463 2684 3533 pradicta
2707 3464 2835 3518 sede
2869 3480 3044 3518 annos
3063 3480 3207 3530 vaI,
3237 3479 3460 3520 menses

1843 3570 1930 3624 x1,
1953 3553 2070 3608 dies
2094 3569 2243 3624 xxIv,
2273 3559 2328 3609 et
2349 3553 2482 3610 fecit
2508 3555 2882 3611 ordinationes
2918 3571 3076 3626 Lxxv,
3104 3555 3459 3627 presbyteros

1841 3663 2022 3716 CCCLx,
2053 3647 2316 3702 diaconos
2341 3663 2456 3717 CCL,
2499 3653 2556 3702 et
2589 3648 2832 3720 reliquos
2864 3649 3154 3703 ministros
3173 3648 3457 3703 sufﬁcien-

1841 3746 1946 3796 ter.
1974 3739 2144 3810 Cujus
2166 3739 2227 3793 in
2253 3739 2367 3796 vita
2389 3740 2594 3794 multas
2621 3741 2742 3812 ejus
2778 3741 2996 3796 meritis
3033 3742 3300 3796 Dominus
3345 3741 3458 3796 vir-

1843 3837 1989 3888 tutes
2029 3831 2288 3901 ostendit,
2319 3832 2461 3887 sicut
2482 3833 2543 3887 in
2571 3833 2692 3904 ejus
2719 3833 2841 3888 Vita
2867 3834 3076 3906 liquet;
3107 3839 3163 3889 et
3189 3839 3317 3906 post
3340 3836 3462 3906 ejus

1844 3925 2059 3982 obitum
2100 3925 2539 3982 innumerabiles
2580 3926 2639 3981 in
2664 3927 2784 3982 loco
2803 3928 3105 3998 sepultura
3130 3929 3268 3999 ejus,
3296 3927 3354 3983 id
3379 3933 3464 3983 est

1845 4020 1905 4075 in
1923 4019 2069 4074 dicta
2083 4020 2257 4075 sancti
2276 4019 2549 4075 Vincentii
2563 4021 2810 4089 ecclesia,
2830 4021 3061 4076 virtutes
3079 4025 3338 4093 operatus
3357 4026 3460 4078 est.

1843 4112 1992 4167 Obiit
2013 4112 2168 4168 enim
2193 4113 2490 4184 praedictus
2519 4112 2714 4168 beatus
2741 4114 3047 4169 Domnolus
3071 4114 3132 4169 in
3157 4131 3314 4186 pace,
3344 4115 3462 4186 ple-

1844 4221 1952 4260 nus
1992 4205 2236 4274 dierum,
2266 4207 2524 4262 Kalendis
2569 4207 2890 4262 Decembris
2917 4224 2931 4262 ε
2961 4207 3061 4279 qui
3087 4223 3217 4262 cum
3243 4207 3466 4264 Christo

1844 4295 1981 4350 vivit
2011 4295 2072 4350 in
2093 4300 2388 4364 aternum,
2421 4299 2479 4350 et
2516 4311 2646 4350 cum
2685 4296 2892 4351 sanctis
2934 4300 3134 4368 regnat
3155 4295 3216 4350 in
3243 4296 3421 4367 gloria
3447 4312 3462 4352 :

1845 4405 1978 4445 cum
2005 4405 2118 4460 (luo
2143 4393 2199 4444 et
2221 4406 2324 4444 nos
2351 4389 2654 4445 auxiliante
2679 4389 2920 4444 Domino
2939 4388 3233 4443 humiliter
3251 4389 3464 4469 suppli-

1845 4487 2032 4538 cantes
2058 4482 2243 4539 vivere
2265 4497 2613 4552 mereamur,
2639 4497 2742 4553 per
2765 4481 2986 4537 inﬁnita
3011 4479 3216 4537 saecula
3233 4480 3458 4537 saculo-

1845 4593 1997 4636 rum.
2030 4577 2233 4632 Amen.

134 4727 3454 4769 Μ

829 4881 1140 4954 SANCTI
1183 4883 1594 4972 DOMNOLI,
1645 4830 2306 4953 CENOMANENSIS
2351 4877 2758 4966 EPISCOPI,

1073 5046 2517 5172 TESTAMBNTUM.

203 5330 509 5428 Venerabili
550 5335 798 5392 ecclesia
837 5341 1221 5396 Cenomanica
1259 5341 1408 5397 clero
1447 5343 1751 5400 Domnolus
1767 5355 1828 5428 D
1849 5345 1990 5400 Cum
2017 5355 2154 5410 ergo
2171 5354 2275 5411 pro
2301 5336 2478 5392 salute
2506 5331 2704 5408 populi
2725 5331 2816 5428 vel
2841 5329 3087 5428 custodia
3114 5330 3348 5428 civitatis
3373 5350 3464 5392 re-

142 5440 438 5500 episcopus.

207 5526 527 5597 Congruum
575 5527 738 5584 nobis
779 5529 884 5585 fuit
927 5536 990 5586 ut
1024 5536 1218 5587 votum
1270 5532 1636 5589 desiderabile
1693 5535 1751 5588 in

144 5616 416 5675 charitatis
441 5626 644 5677 vestra
681 5622 942 5679 notitiam
977 5641 1315 5696 poneremus
1345 5643 1360 5681 :
1387 5627 1520 5698 quia
1543 5627 1590 5681 si
1615 5643 1751 5682 con-

147 5725 324 5767 sensus
349 5717 534 5770 vester
558 5714 901 5771 desiderium
927 5719 1108 5774 cordis
1124 5719 1304 5774 nostri
1331 5723 1387 5774 et
1411 5719 1632 5775 decreta
1651 5737 1752 5776 an-

147 5805 328 5860 nuerit
365 5807 649 5863 credimus
681 5809 892 5886 nullius
916 5811 1028 5867 ullo
1058 5829 1312 5886 unquam
1339 5817 1595 5886 tempore
1620 5830 1754 5869 con-

150 5898 422 5958 uarietate
471 5917 506 5957 a
550 5900 712 5956 nobis
762 5904 970 5974 pariter
1018 5905 1237 5962 ﬁrmata
1281 5923 1443 5980 posse
1497 5907 1754 5964 convelli.

467 6000 745 6069 ΡΑΤειοι..
791 6003 1021 6068 LXXII.

1848 5435 2050 5508 liquias
2075 5436 2394 5488 sanctorum
2419 5432 2734 5499 martyrum
2761 5425 3037 5482 Vincentii
3077 5430 3134 5481 et
3157 5425 3465 5500 Laurentii,

1849 5527 2230 5585 intercedente
2264 5521 2729 5608 praesumptione,
2768 5519 2887 5576 ausi
2921 5519 3198 5575 fuerimus
3219 5521 3466 5592 deferre;

1853 5623 1996 5678 sicut
2020 5637 2152 5676 cum
2171 5619 2273 5676 Dei
2306 5615 2583 5689 adiutorio
2611 5615 2700 5671 vel
2723 5618 2906 5670 vestro
2935 5613 3148 5670 eisdem
3176 5613 3362 5670 locum
3389 5613 3470 5668 die

1856 5715 2080 5789 gnitatis
2117 5713 2398 5770 ereximus
2436 5710 2496 5766 in
2531 5707 2798 5780 culmine,
2825 5709 2902 5764 ita
2926 5708 3266 5780 petimus'ut
3287 5709 3467 5760 vestro

1855 5809 2070 5882 pariter
2107 5807 2317 5864 ditetur
2357 5808 2416 5863 et
2437 5820 2693 5860 munere.
2726 5804 2793 5859 Et
2816 5802 2862 5857 si
2890 5816 3085 5856 sensus
3109 5803 3288 5854 vester
3309 5795 3469 5850 nobis

1857 5903 2159 5961 contulerit
2207 5901 2540 5957 charitatem
2599 5899 2764 5966 hanc,
2825 5892 3085 5966 paginola
3136 5887 3469 5959 donationis,

3161 6105 3169 6121 l
