3994 6446
540 392 635 446 651
1511 391 1764 448 SANCTA
1799 387 2240 458 RADEGUNDIS,
2277 379 2535 451 REGINA
2572 389 2900 447 FRANCLE.
3810 391 3904 443 652

538 517 711 572 quam
737 501 1049 556 Aunulfum
1075 499 1376 555 diaconum
1401 500 1672 572 perﬁcere
1693 502 2042 558 unanimiter
2066 518 2150 557 ro-
2171 514 2232 586 Α
2251 503 2466 573 psalmo
2491 500 2794 557 centesimo
2827 503 3020 555 octavo
3057 498 3216 554 Iudae
3255 497 3532 569 cantavit;
3565 501 3628 553 et
3649 513 3905 570 praesens

539 594 792 666 gavimus
819 593 1294 661 conscribendam,
1322 599 1506 649 vestro
1527 611 1850 666 quaesumus
1875 599 1939 650 ut
1963 595 2150 650 firme-
2247 595 2455 667 pagina
2491 599 2718 650 maneat
2752 592 3102 663 inconvulsa,
3149 608 3324 665 quam
3365 609 3474 664 pro
3514 590 3603 646 rei
3630 589 3904 645 ﬁrmitate

535 690 631 740 tur
651 685 852 739 robore
883 703 896 740 :
927 689 987 740 ut
1021 684 1332 758 [quidquid
1357 701 1458 742 nos
1485 687 1503 757 ]
1531 703 1632 758 per
1654 689 1800 742 hanc
1825 687 2148 758 paginolam
2248 705 2424 742 manu
2461 687 2690 759 propria
2735 685 3071 756 subscripsi,
3113 689 3170 740 et
3225 685 3476 740 dominis
3517 687 3579 740 et
3630 683 3907 738 fratribus

533 777 848 832 donationis
876 781 1091 832 constat
1115 777 1416 850 delegasse,
1446 785 1765 850 noncupala
1797 780 2022 834 basilica
2049 780 2149 834 ha-
2245 780 2384 835 meis
2412 779 2782 834 muniendam
2807 778 3022 850 rogavi.
3051 781 3254 833 Actum
3292 779 3356 832 in
3401 775 3802 832 Cenomanica
3824 777 3901 830 ci-

531 871 678 936 beat,
705 873 910 936 teneat,
948 871 1248 940 possideat,
1283 870 1456 944 [nec]
1487 872 1808 944 quicunque
1837 872 1947 927 loci
1979 872 2148 942 hujus
2245 873 2432 941 vitate,
2461 889 2610 927 anno
2649 871 2951 927 undecimo
2977 870 3142 942 regni
3166 870 3364 926 domui
3382 870 3568 926 nostri
3596 869 3904 941 Chilperici

535 962 866 1032 dignitatem
913 963 1242 1034 perceperit,
1279 964 1410 1034 jure
1454 965 1812 1020 haereditario
1853 969 2150 1036 perpetua-
2245 965 2414 1038 regis,
2445 965 2628 1036 pridie
2663 966 2846 1020 Nonas
2871 963 3072 1020 Martii.

534 1055 664 1111 liter
681 1055 904 1110 sibimet
942 1055 1184 1110 vindicet
1225 1056 1646 1132 possidendum.
1667 1056 1724 1113 Si
1746 1057 1862 1112 ullo
1895 1074 2148 1129 unquam
2317 1057 2626 1112 Domnolus
2664 1057 2958 1128 episcopus
2995 1055 3347 1127 subscripsit.
3389 1055 3724 1110 Germanus
3754 1056 3902 1128 epis—

535 1152 810 1220 tempore,
851 1153 950 1202 aut
988 1149 1239 1218 pontifex
1279 1149 1532 1220 civitatis,
1575 1155 1671 1205 aut
1711 1149 1974 1220 quaelibet
2012 1167 2145 1222 per-
2245 1167 2416 1222 copus
2452 1153 2685 1220 rogante
2719 1149 2868 1204 clero
2907 1147 3254 1220 subscripsit.
3288 1149 3598 1204 Andoveus
3633 1149 3901 1220 Andega-

534 1257 689 1310 sona,
717 1258 751 1294 a
776 1240 936 1295 nobis
961 1241 1164 1296 donata
1188 1243 1276 1298 vel
1297 1243 1503 1298 tradita
1533 1243 1602 1298 de
1640 1243 2022 1299 dominatione
2044 1243 2144 1297 ba-
2245 1259 2444 1298 vorum
2486 1243 2781 1313 episcopus
2819 1245 3056 1313 rogante
3094 1241 3372 1296 Domnolo
3413 1241 3730 1314 episcopus
3771 1242 3904 1296 sub-

531 1333 698 1388 siliczn
736 1333 906 1404 hujus
943 1335 1266 1390 abstrahere
1309 1335 1567 1404 voluerit,
1617 1335 2144 1391 incurratmaledi-
2246 1335 2483 1406 scripsit.
2524 1334 2821 1389 Leodulfus
2861 1333 3156 1404 presbyter
3203 1333 3566 1404 subscripsit.
3616 1334 3906 1388 Aunulfus

531 1425 743 1480 tionem
805 1443 908 1498 pro
964 1427 1374 1495 benedictione,
1423 1432 1478 1508 et
1525 1429 1744 1483 Domini
1795 1429 1971 1483 nostri
2019 1430 2148 1483 Jesu
2245 1427 2536 1498 presbyter
2586 1425 2933 1498 subscripsit.
2996 1425 3336 1481 Leodericus
3401 1425 3719 1497 presbyter
3773 1426 3903 1480 sub-

531 1518 755 1587 Christi,
783 1524 838 1574 et
862 1523 1065 1574 sancte
1089 1521 1272 1576 Maria
1301 1537 1522 1592 semper
1554 1520 1806 1592 virginis,
1839 1524 1894 1576 et
1927 1525 2145 1576 sancto-
2245 1519 2484 1589 scripsit.
2513 1518 2782 1574 Dinanius
2839 1519 3136 1590 presbyter
3197 1517 3564 1589 subscripsit.
3633 1519 3907 1573 Drantius

530 1627 662 1665 rum
711 1613 1122 1683 apostolorum,
1175 1613 1262 1668 vel
1319 1613 1575 1668 omnium
1623 1619 1947 1669 sanctorum
1994 1629 2145 1668 mar-
2245 1612 2534 1682 presbyter
2607 1611 2954 1682 subscripsit.
3017 1609 3332 1682 Injuriosus
3387 1611 3707 1682 presbyter
3782 1612 3908 1666 sub-

533 1711 743 1776 tyrum,
795 1705 1178 1760 confessorum
1228 1711 1394 1777 atque
1435 1706 1743 1777 virginum,
1777 1707 2027 1762 incurrat
2061 1707 2144 1762 of—
2245 1703 2480 1774 scripsit.
2537 1703 2795 1760 Meterius
2848 1703 3145 1775 presbyter
3206 1703 3574 1774 subscripsit.
3654 1703 3909 1758 Cennius

531 1799 781 1868 fensam;
833 1804 889 1854 et
941 1799 1198 1854 voluntas
1249 1804 1441 1854 nostra
1489 1800 1796 1870 perpetim,
1847 1799 2148 1854 auxiliante
2170 1869 2191 1870 ,7
2247 1797 2512 1851 diaconus
2541 1796 2889 1868 subscripsit.
2917 1794 3194 1851 Romulus
3219 1795 3501 1850 diaconus
3539 1795 3906 1868 subscripsit.

531 1891 790 1961 Domino,
835 1891 1016 1962 capiat
1061 1891 1406 1947 ﬁrmitatem.
1454 1869 1568 1946 Hoc
1592 1869 1742 1963 ergo
1783 1869 2224 1947 inserendumB
2247 1889 2488 1944 Datdeus
2531 1889 2801 1944 diaconus
2829 1887 3182 1960 subscripsit.
3223 1888 3602 1945 Sennonteus
3628 1889 3910 1944 diaconus

530 1983 746 2054 rogavi,
777 1989 840 2038 ut
885 1984 984 2056 qui
1019 1984 1299 2042 voluntati
1336 2001 1479 2040 mea;
1513 1984 1704 2039 obvius
1740 2001 1856 2040 esse
1889 1984 2145 2052 voluerit,
2248 1981 2594 2053 subscripsit.
2624 1983 2768 2036 Noso
2789 1981 3056 2037 diaconus
3079 1981 3440 2053 subscripsit.

530 2077 983 2132 maledictionem
1019 2077 1173 2132 illam
1213 2081 1530 2146 concurrat,
1571 2094 1744 2150 quam
1785 2077 2065 2150 propheta
2089 2077 2149 2132 in

1800 2395 1965 2440 ANNO
2009 2394 2222 2440 DOMINI
2270 2393 2603 2440 DLXXXVII.

871 2511 1773 2716 SANCTA
1958 2509 3549 2714 RADEGUNDIS

1572 2785 2082 2896 REGINA
2155 2785 2816 2895 FBANCLE.

791 3082 1528 3210 SANCT/E
1639 3080 2781 3210 RADEGUNDIS
2891 3081 3640 3210 REGINXE

1474 3451 1850 3532 DUOBUS
1948 3451 2258 3531 LIBRIS
2348 3451 2898 3535 COMPOSITA.

1760 3581 2648 3618 ψ-

1043 3879 1407 3947 AUCTORE
1446 3879 1845 3946 VENANTIO
1887 3877 2360 3945 FORTUNATO
2404 3879 2778 3948 EPISCOPO
2821 3881 3354 3949 PICTAVIENSI.

725 4008 834 4071 Ad
857 4025 1009 4070 mss.
1045 4006 1204 4072 Cod.
1239 4007 1313 4070 S.
1351 4005 1668 4073 Germani
1691 4006 2027 4072 Pratensis
2071 4013 2133 4067 et
2171 4005 2556 4071 Conchensis
2583 4009 2982 4072 monasterii.
3017 4016 3079 4071 et
3119 4010 3204 4074 Ι).
3239 4010 3701 4078 d’Herouval.

1807 4364 1810 4368 .
1899 4233 2353 4361 πρωιυειω.

599 4406 650 4457 l.
681 4400 1068 4472 Redemptoris
1091 4399 1274 4455 nostri
1297 4401 1520 4453 tantum
1563 4395 1714 4452 dives
1741 4401 1823 4452 est
1848 4399 2096 4471 largitas,
2135 4404 2202 4455 ut
2229 4400 2291 4454 in
2327 4414 2464 4454 sexu
2485 4397 2750 4452 muliebri
2775 4398 3019 4454 celebret
3043 4398 3220 4455 fortes
3246 4399 3544 4470 victorias,
3575 4408 3645 4460 et
3678 4422 3928 4479 corpore

526 4500 838 4572 fragiliores
862 4500 1008 4570 ipsas
1043 4499 1242 4553 reddat
1276 4496 1512 4552 feminas
1540 4495 1744 4551 virtute
1771 4497 1980 4552 mensis
2000 4497 2224 4568 inclyta:
2267 4497 2552 4568 gloriosas.
2592 4497 2744 4560 Quas
2778 4495 3054 4552 habentes
3093 4499 3383 4554 nascendo
3412 4501 3750 4559 mollitiem
3793 4506 3931 4561 facit

527 4599 778 4656 Christus
798 4599 1054 4653 robustas
1077 4614 1148 4652 ex
1171 4596 1282 4651 ﬁde
1314 4613 1326 4650 :
1353 4599 1419 4650 ut
1443 4613 1570 4667 quae
1596 4595 1858 4651 videntur
1878 4597 2201 4666 imbecilles,
2228 4597 2365 4652 dum
2403 4601 2744 4652 coronantur
2763 4613 2832 4651 ex
2859 4596 3097 4667 meritis,
3131 4615 3166 4652 a
3186 4614 3304 4670 quo
3338 4599 3705 4659 efﬁciuntur
3731 4604 3930 4660 fortes.

527 4697 751 4752 laudem
775 4696 862 4751 sui
890 4695 1182 4751 cumulent
1219 4693 1512 4760 Creatoris,
1539 4693 1798 4748 habendo
1835 4693 1896 4748 in
1919 4695 2063 4749 vasis
2087 4693 2349 4750 ﬁctilibus
2376 4693 2666 4748 thesauros
2692 4693 2817 4748 coeli
2847 4694 3168 4749 reconditos
3213 4711 3228 4750 :
3261 4696 3326 4750 in
3373 4713 3654 4768 quarum
3703 4703 3936 4758 visceri-

526 4795 630 4849 bus
655 4810 786 4848 cum
811 4793 924 4848 suis
950 4791 1156 4847 divitiis
1189 4791 1310 4861 ipse
1349 4791 1469 4845 Rex
1507 4791 1788 4846 habitator
1827 4794 1911 4846 est
1934 4791 2205 4848 Christus.
2237 4792 2372 4856 Quae
2409 4790 2812 4846 mortiﬁcantes
2837 4807 2896 4846 se
2923 4792 3148 4864 saeculo,
3179 4792 3455 4864 despecto
3487 4801 3684 4853 terrae
3701 4816 3936 4856 consor-

526 4894 624 4961 tio,
653 4893 919 4948 defaecato
951 4892 1062 4963 [ΑΙ.
1091 4889 1326 4962 deserto]
1360 4891 1559 4946 mundi
1579 4891 1856 4962 contagio,
1887 4908 2002 4946 non
2037 4890 2378 4946 conﬁdentes
2406 4891 2466 4946 in
2488 4891 2726 4961 lubrico,
2753 4907 2874 4946 non
2898 4895 3109 4948 stantes
3144 4891 3204 4946 in
3233 4893 3424 4965 lapsu,
3463 4906 3828 4968 quaerentes
3856 4903 3934 4956 vi-

530 5007 658 5046 vere
682 4991 816 5060 Deo,
848 4991 918 5044 ad
945 4989 1181 5060 gloriam
1209 4988 1598 5060 Redemptoris
1623 4993 1756 5044 sunt
1779 4989 2052 5060 copulatae
2077 4989 2356 5062 paradiso.
2388 4991 2450 5044 In
2475 5005 2588 5061 quo
2614 4993 2697 5044 est
2721 4989 2932 5060 pariter
2959 5006 3227 5062 numero,
3251 4993 3424 5064 cujus
3450 4994 3600 5052 vitae
3623 5001 3935 5070 praesentis

529 5106 776 5158 cursum,
802 5089 933 5144 licet
959 5103 1214 5144 sermone
1240 5088 1477 5159 privato,
1505 5089 1651 5144 ferre
1674 5089 2011 5146 tentavimus
2037 5089 2098 5144 in
2123 5089 2419 5161 publicum
2449 5105 2462 5142 :
2494 5092 2560 5143 ut
2603 5088 2766 5158 cujus
2788 5093 2874 5146 est
2896 5088 3010 5143 vita
3035 5105 3170 5144 cum
3193 5089 3426 5148 Christo
3451 5093 3520 5148 in
3555 5097 3784 5169 gloria,
3815 5115 3932 5154 me-

530 5189 710 5244 moria
733 5188 904 5242 relata
929 5187 1240 5243 celebretur
1261 5187 1323 5242 in
1347 5188 1585 5242 mundo.

1774 5282 2064 5378 VITA
2138 5281 2629 5378 INCIPIT.

601 5423 656 5474 2.
699 5416 1017 5472 Beatissima
1051 5417 1229 5490 igitur
1251 5417 1631 5489 Radegundis,
1653 5418 1880 5474 natione
1903 5420 2142 5475 barbara
2163 5431 2217 5504 ρ
2241 5417 2548 5488 barbarica,
2582 5418 2932 5472 Francorum
2970 5416 3201 5472 victoria
3243 5419 3494 5490 regione
3527 5431 3796 5501 vastata,
3823 5431 3935 5485 vice

531 5515 600 5569 de
628 5511 855 5582 regione
881 5511 1184 5583 Thoringa,
1215 5527 1318 5566 avo
1355 5528 1489 5582 rege
1519 5511 1764 5588 Bassino,
1794 5516 1994 5583 patruo
2013 5515 2144 5569 Her-
2243 5510 2539 5566 Israelitica
2567 5509 2683 5565 exit
2709 5513 2765 5565 et
2790 5509 3000 5581 migrat
3023 5509 3093 5564 de
3115 5511 3324 5580 patria.
3369 5515 3546 5572 Tunc
3585 5519 3761 5578 inter
3787 5525 3935 5596 ipsos

517 5605 828 5675 .menfrido,
855 5608 1016 5677 patre
1041 5621 1176 5676 rege
1200 5604 1546 5660 Berethario.
1591 5605 1655 5658 In
1699 5610 1973 5675 quantum
2010 5605 2139 5661 alti-
2240 5603 2474 5658 victores
2497 5604 2658 5675 cujus
2687 5607 2832 5658 esset
2866 5603 2927 5657 in
2964 5603 3159 5674 prasda
3178 5606 3398 5676 regalis
3423 5612 3671 5684 puella,
3710 5616 3783 5674 ﬁt
3802 5636 3932 5674 con.

525 5701 662 5758 tudo
693 5699 882 5755 saeculi
903 5699 1106 5769 tangit,
1133 5695 1292 5766 regio
1315 5697 1384 5752 de
1410 5696 1665 5768 germine
1684 5701 1823 5768 orta,
1845 5700 1988 5755 celsa
2012 5699 2142 5756 licet
2239 5698 2414 5753 tentio
2457 5699 2526 5753 de
2561 5698 2796 5770 captiva.
2827 5699 2894 5753 Et
2937 5697 3046 5752 nisi
3093 5699 3319 5754 reddita
3365 5702 3592 5763 fuisset
3640 5714 3933 5771 transacto

527 5793 766 5864 origine,
807 5790 990 5846 multo
1035 5787 1236 5842 celsior
1279 5789 1511 5844 actione.
1557 5790 1690 5851 Quae
1735 5807 1864 5845 cum
1907 5792 2141 5847 summis
2240 5795 2565 5865 certamine,
2587 5795 2647 5850 in
2673 5811 2732 5851 se
2758 5811 2924 5866 reges
2941 5811 3101 5850 arma
3123 5797 3477 5858 movissent.
3507 5806 3674 5872 Qum
3701 5815 3932 5870 veniens

525 5887 640 5941 suis
663 5883 994 5956 parentibus
1019 5879 1176 5935 brevi
1195 5881 1488 5936 mansisset
1511 5885 1782 5953 tempore,
1811 5888 2139 5956 tempestate
2239 5888 2298 5942 in
2327 5894 2534 5946 sortem
2558 5889 2808 5961 praecelsi
2837 5889 2988 5960 regis
3009 5889 3286 5946 Chlotarii
3315 5893 3380 5950 in
3415 5897 3926 5963 Veromadensem
