3994 6398
117 403 218 457 653

1439 413 1610 470 VITA.
1651 415 1849 473 LIBER
1894 418 2160 475 PRIMUS.

3361 424 3466 477 654

114 507 280 563 ducta
306 507 540 564 Atteias
573 510 649 583 (α)
680 510 742 566 in
778 512 910 567 villa
937 514 1102 585 regia
1127 515 1420 572 nutriendi
1445 534 1617 575 causa
1644 537 1738 575 cu-
1763 541 1822 613 Α
1840 527 2116 580 Inmensa
2131 540 2266 580 vero
2289 523 2635 590 subocculte,
2662 539 2734 578 ne
2755 523 2903 578 forte
2925 525 3368 594 cognosceretur
3387 525 3460 580 ab

111 599 365 654 stodibus
397 604 489 656 est
525 602 821 675 deputata.
857 605 995 670 Quae
1024 609 1216 678 puella
1241 608 1394 664 inter
1413 611 1525 666 alia
1545 629 1738 683 opera,

110 709 229 764 quas
245 693 403 748 sexui
427 695 560 765 ejus
579 698 996 768 congruebant,
1014 699 1220 756 litteris
1243 705 1329 756 est
1356 703 1581 760 erudita
1601 721 1615 760 :
1634 706 1743 760 fre-

111 789 348 856 quenter
365 787 624 858 loquens
648 806 780 844 cum
802 793 1072 862 parvulis,
1090 793 1137 848 si
1153 796 1443 850 conferret
1462 813 1583 852 sors
1603 799 1743 853 tem-

109 877 276 949 poris,
293 883 530 952 martyr
549 882 676 937 fieri
691 883 944 954 cupiens.
966 886 1257 942 Indicabat
1269 889 1600 946 adolescens
1613 891 1740 962 jam

109 976 236 1026 tunc
254 973 470 1028 merita
498 977 835 1045 senectutis,
867 978 1135 1034 obtinens
1161 997 1265 1052 pro
1291 986 1454 1054 parte
1486 998 1613 1055 quae
1637 1001 1736 1055 pe-

112 1064 209 1118 tiit.
235 1064 504 1137 Denique
535 1067 679 1123 dum
694 1073 844 1124 esset
858 1071 919 1125 in
938 1087 1080 1143 pace
1097 1073 1308 1129 florens
1327 1076 1595 1144 Ecclesia,
1617 1077 1740 1148 ipsa

111 1159 190 1210 est
212 1172 245 1211 a
269 1157 614 1215 domesticis
641 1163 1105 1234 persecutionem
1128 1183 1418 1239 perpessa.
1447 1171 1574 1224 Iam
1603 1173 1738 1225 tunc

112 1249 164 1303 id
203 1265 383 1322 agens
425 1251 743 1323 infantula,
789 1256 1074 1329 quidquid
1122 1259 1228 1314 sibi
1269 1261 1641 1317 remansisset
1675 1263 1737 1318 in

110 1350 332 1411 mensa,
377 1345 641 1400 collectis
682 1349 952 1419 parvulis,
1010 1351 1206 1406 lavans
1245 1355 1432 1425 capita
1475 1354 1732 1426 singulis,

109 1435 431 1506 compositis
458 1439 701 1508 sellulis,
730 1441 1031 1512 porrigens
1061 1461 1274 1516 aquam
1295 1447 1580 1516 manibus,
1611 1448 1736 1520 ipsa

108 1527 254 1582 cibos
273 1528 592 1600 inferebat,
615 1531 741 1604 ipsa
768 1533 1048 1591 miscebat
1074 1537 1392 1595 infantulis.
1421 1541 1536 1596 Hoc
1558 1541 1733 1596 etiam

108 1621 512 1690 praemeditans
535 1641 671 1680 cum
687 1625 955 1682 Samuele
976 1631 1212 1700 parvulo
1235 1632 1441 1687 clerico
1471 1633 1729 1704 gerebat.

109 1712 266 1768 Facta
289 1730 457 1770 cruce
489 1716 689 1788 lignea
712 1720 1075 1790 praecedente
1094 1765 1108 1791 ,
1139 1725 1551 1796 subsequentes
1579 1727 1730 1797 psal-

109 1805 269 1861 lendo
289 1807 366 1861 ad
381 1810 711 1864 oratorium
728 1828 859 1867 cum
877 1814 1154 1885 gravitate
1173 1821 1402 1872 matura
1423 1817 1589 1872 simul
1608 1835 1734 1890 par-

109 1899 212 1952 vuli
236 1901 658 1972 properabant.
687 1905 758 1958 Et
791 1905 918 1976 ipsa
943 1910 1139 1962 tamen
1167 1925 1297 1964 cum
1331 1927 1433 1966 sua
1458 1914 1614 1966 veste
1643 1912 1729 1966 ni-
1753 1901 1808 1972 Β

108 1989 286 2046 tidans
305 1993 734 2064 pavimentum,
769 1997 916 2054 circa
933 2001 1112 2056 altare
1129 2018 1264 2056 vero
1289 2019 1420 2058 cum
1434 2004 1732 2076 facitergio

113 2083 178 2153 (ὁ)
186 2083 478 2153 jacentem
492 2089 794 2158 pulverem
807 2092 1102 2163 colligens,
1115 2093 1254 2150 foris
1268 2112 1401 2150 cum
1411 2098 1734 2154 reverentia

109 2177 470 2248 recondebat,
493 2181 688 2251 potius
709 2199 886 2254 quam
907 2187 1198 2256 vergebat.
1223 2188 1409 2252 Quam
1429 2205 1561 2245 cum
1589 2207 1731 2262 prae-

108 2270 310 2339 paratis
339 2273 614 2344 expensis
638 2274 950 2332 Victoriace
987 2280 1054 2350 (ο)
1090 2279 1358 2335 voluisset
1393 2299 1490 2336 rex
1518 2283 1727 2354 praedi-

109 2364 222 2416 ctus
242 2365 504 2436 accipere
521 2407 536 2434 ,
563 2383 669 2438 per
690 2369 1025 2425 Beralcham
1057 2371 1128 2426 ab
1162 2373 1380 2429 Atteias
1405 2378 1573 2430 nocte
1599 2391 1730 2432 cum

109 2457 291 2526 paucis
315 2459 513 2530 elapsa
555 2463 662 2514 est.
705 2461 925 2518 Deinde
963 2465 1280 2520 Suessionis
1317 2483 1448 2522 cum
1484 2485 1614 2523 eam
1641 2469 1725 2523 di-

109 2549 330 2604 rexisset
351 2555 416 2606 ut
429 2552 703 2623 reginam
729 2555 996 2626 erigeret,
1015 2558 1234 2613 evitans
1256 2576 1534 2632 pompam
1555 2577 1723 2633 rega-

109 2641 215 2696 lem
244 2660 313 2698 ne
337 2645 550 2700 saculo
584 2651 884 2716 cresceret,
924 2649 1025 2704 sed
1063 2651 1151 2705 cui
1187 2651 1508 2707 debebatur
1531 2657 1590 2708 et
1618 2654 1722 2708 hu-

111 2749 274 2790 mana
303 2737 489 2808 gloria
515 2755 640 2794 non
665 2744 940 2796 mutatur.

174 2830 222 2882 3.
262 2830 433 2884 Nubit
458 2848 606 2904 ergo
635 2836 868 2890 terreno
899 2834 1166 2907 principi,
1199 2853 1305 2892 nec
1331 2841 1531 2893 tamen
1561 2856 1722 2910 sepa-

109 2922 222 2974 rata
253 2937 288 2975 a
331 2924 571 2979 caelesti.
612 2927 693 2980 Ac
739 2925 880 2981 dum
923 2927 1029 2982 sibi
1077 2929 1405 2985 accessisset
1441 2932 1726 2987 saecularis

108 3016 366 3083 potestas,
392 3017 587 3088 magis
615 3034 791 3088 quam
820 3019 1185 3091 permitteret
1211 3023 1480 3094 dignitas,
1512 3041 1572 3079 se
1599 3025 1725 3095 plus

108 3105 684 3166 inclinavitvoluntas.
705 3111 949 3167 Subdita
964 3129 1193 3185 semper
1207 3117 1345 3183 Deo,
1363 3108 1586 3172 sectans
1606 3134 1724 3174 mo-

110 3197 220 3252 nita
242 3201 632 3272 sacerdotum,
663 3205 790 3274 plus
810 3205 1155 3276 participata
1181 3208 1402 3264 Christo
1431 3226 1606 3280 quam
1631 3227 1722 3266 so-

109 3289 246 3346 ciata
273 3294 569 3366 conjugio.
595 3296 695 3350 Illo
724 3313 860 3354 vero
892 3299 996 3353 sub
1026 3301 1287 3370 tempore
1315 3305 1605 3357 tentamus
1629 3319 1726 3374 pa-

108 3384 346 3441 tefacere
373 3387 445 3442 de
475 3388 675 3443 multis
707 3406 892 3461 pauca
929 3407 1055 3463 quae
1079 3393 1342 3464 gesserit.
1369 3395 1501 3450 Ideo
1523 3395 1726 3466 juncta

107 3476 356 3550 principi,
399 3479 618 3536 timens
656 3499 728 3537 ne
763 3484 880 3540 Deo
919 3484 1310 3556 degradasset,
1354 3504 1484 3543 cum
1519 3489 1723 3544 mundi

109 3571 280 3638 gradu
305 3574 634 3644 proficeret,
662 3592 722 3630 se
751 3593 854 3632 sua
879 3593 1011 3634 eum
1041 3580 1312 3636 facultate
1341 3583 1723 3653 eleemosynaa

109 3661 396 3720 dedicavit.
415 3667 565 3722 Nam
579 3684 712 3724 cum
729 3669 836 3724 sibi
849 3671 1068 3742 aliquid
1089 3672 1158 3727 de
1179 3673 1400 3729 tributis
1419 3675 1720 3744 accideret,

109 3769 168 3808 ex
194 3759 460 3814 omnibus
488 3776 618 3832 quae
642 3762 935 3818 venissent
959 3765 1034 3819 ad
1057 3781 1205 3834 eam,
1229 3769 1362 3821 ante
1393 3767 1554 3822 dedit
1575 3767 1722 3822 deci-

107 3863 220 3903 mas
237 3865 411 3922 quam
433 3855 672 3926 recepit.
692 3855 910 3912 Deinde
927 3858 1084 3929 quod
1099 3863 1415 3930 supererat,
1433 3863 1723 3915 monaste-

106 3939 196 3994 riis
220 3942 608 4016 dispensabat,
627 3951 686 4003 et
717 3965 829 4021 quo
851 3950 934 4006 ire
952 3951 1100 4022 pede
1127 3969 1246 4007 non
1270 3956 1516 4023 poterat,
1538 3957 1719 4008 trans-

106 4033 267 4090 misso
301 4053 548 4094 munere
577 4040 870 4098 circuibat.
909 4046 956 4098 A
997 4045 1156 4116 cujus
1193 4045 1588 4101 munificentia
1613 4063 1721 4102 nec

107 4125 217 4196 ipse
241 4145 298 4184 se
330 4131 685 4188 abscondere
715 4135 904 4206 potuit
925 4137 1203 4206 eremita;
1234 4141 1293 4193 et
1309 4138 1475 4193 sicuti
1500 4155 1574 4194 ne
1594 4156 1720 4210 pre-

106 4225 350 4278 meretur
375 4241 413 4279 a
438 4226 684 4296 sarcina,
712 4229 870 4300 quod
899 4233 1201 4302 acceperat
1225 4231 1521 4302 erogabat.
1551 4233 1718 4304 Apud

103 4325 268 4381 quam
293 4319 462 4388 egeni
490 4336 598 4374 vox
623 4337 742 4376 non
778 4321 1028 4378 inaniter
1055 4323 1266 4394 sonuit,
1302 4341 1408 4380 nec
1433 4325 1560 4396 ipsa
1585 4341 1716 4380 eam

102 4405 262 4462 surda
287 4411 604 4480 praeteriit:
633 4429 791 4485 saepe
817 4415 1042 4472 donans
1071 4417 1435 4486 indumenta,
1474 4419 1717 4474 credens

103 4497 197 4550 sub
224 4499 410 4573 inopis
440 4508 597 4560 veste
627 4507 833 4562 Christi
862 4509 1126 4565 membra
1161 4527 1221 4564 se
1245 4513 1480 4582 tegere:
1518 4513 1628 4567 hoc
1654 4529 1715 4568 se

1842 619 2032 690 aliquo
2053 660 2066 686 ,
2094 621 2228 673 ante
2259 634 2318 672 se
2349 616 2536 688 posito
2565 632 2696 671 cum
2721 616 3013 686 legumine
3040 616 3286 684 ferculo,
3307 617 3461 673 inter

1841 713 2035 782 epulas
2051 727 2278 782 regum,
2303 726 2467 766 more
2490 709 2662 764 trium
2684 724 3018 780 puerorum,
3037 710 3164 764 fava
3181 709 3357 780 [faba]
3370 712 3458 766 vel

1840 805 2108 860 lenticula
2129 803 2544 859 delectabiliter
2566 802 2918 858 vescebatur.
2943 803 3023 856 De
3041 819 3208 856 cursu
3228 802 3306 874 (ἀ)
3323 819 3457 859 vero

1841 897 2220 965 decantando,
2259 896 2366 951 etsi
2405 895 2633 950 sederet
2669 895 2730 948 in
2771 895 3036 965 prandio,
3083 911 3354 950 excusans
3398 913 3456 950 se

1839 989 1962 1060 regi
1993 989 2182 1060 aliquo
2213 1005 2366 1058 casu,
2400 991 2462 1042 ut
2491 989 2606 1042 Deo
2633 986 2903 1042 redderet
2925 987 3204 1055 debitum,
3237 1003 3296 1041 se
3323 987 3452 1042 sub-

1840 1081 2086 1136 ducebat
2113 1081 2387 1136 convivio.
2413 1080 2534 1144 Quo
2553 1096 2782 1150 egressa
2810 1079 3052 1134 Domino
3072 1079 3370 1150 psallebat,
3399 1083 3457 1135 et

1837 1174 2056 1229 curiose
2086 1173 2414 1244 requirebat
2431 1173 2584 1244 quali
2612 1173 2738 1228 cibo
2765 1172 2904 1227 foris
2929 1188 3213 1244 pauperes
3231 1173 3458 1228 refecis-

1837 1269 1984 1322 sent.

1907 1386 1957 1437 5.
1990 1383 2131 1436 [tem
2157 1382 2438 1435 nocturno
2476 1383 2734 1450 tempore
2758 1422 2771 1448 ,
2809 1396 2938 1434 cum
2983 1379 3291 1435 reclinaret
3321 1397 3450 1435 cum

1834 1473 2109 1547 principe,
2141 1489 2354 1544 rogans
2379 1489 2437 1526 se
2459 1489 2562 1543 pro
2583 1473 2837 1528 humana
2859 1473 3194 1527 necessitate
3215 1489 3446 1528 consur-

1835 1585 1991 1640 gere,
2014 1568 2206 1622 levans
2226 1581 2456 1638 egressa
2473 1565 2750 1633 cubiculo,
2769 1565 2992 1620 tamdiu
3013 1568 3146 1620 ante
3169 1570 3448 1620 secretum

1834 1659 2081 1716 orationi
2110 1657 2476 1714 incumbebat
2493 1657 2710 1728 jactato
2747 1657 2948 1726 cilicio,
2996 1661 3055 1712 ut
3101 1659 3220 1712 solo
3257 1659 3450 1712 calens

1833 1753 2032 1824 spiritu
2039 1753 2259 1823 jaceret
2277 1751 2407 1822 gelu
2421 1753 2744 1822 penetrata,
2759 1753 2880 1804 tota
2893 1766 3064 1805 carne
3081 1753 3448 1821 praemortua:

1833 1863 1950 1901 non
1962 1862 2166 1900 curans
2177 1843 2432 1915 corporis
2443 1846 2731 1899 tormento
2749 1859 2913 1897 mens
2923 1843 3146 1897 intenta
3160 1842 3447 1914 paradiso,

1831 1940 1952 1994 leve
1983 1940 2254 2010 reputans
2292 1936 2447 2008 quod
2471 1937 2676 2002 ferret,
2709 1939 2936 1989 tantum
2966 1951 3039 1989 ne
3061 1935 3283 1991 Christo
3309 1935 3446 1990 vile-

1831 2034 2032 2086 sceret.
2046 2030 2185 2085 Inde
2203 2045 2467 2100 regressa
2481 2023 2824 2094 cubiculum,
2845 2028 2932 2081 vix
2945 2027 3203 2098 tepeﬁeri
3225 2031 3450 2098 poterat

1829 2125 1917 2180 vel
1945 2125 2074 2179 foco
2093 2123 2182 2178 vel
2211 2122 2438 2176 lectulo.
2461 2122 2542 2174 De
2566 2136 2679 2190 qua
2699 2119 2822 2190 regi
2843 2119 3140 2174 dicebatur
3157 2119 3371 2173 habere
3390 2135 3448 2172 se

1829 2217 2018 2290 potius
2032 2216 2292 2288 jugalem
2317 2213 2662 2269 monacham
2680 2201 2866 2284 quam
2895 2211 3179 2282 reginam.
3209 2212 3370 2266 Unde
3395 2215 3452 2266 et

1829 2311 1950 2382 ipse
1971 2309 2223 2364 irritatus
2241 2308 2378 2378 [Al.,
2402 2305 2596 2374 tantis]
2619 2321 2723 2376 pro
2744 2305 2911 2360 bonis
2937 2307 3064 2360 erat
3079 2303 3448 2375 asperrimus.

1830 2403 1944 2458 Sed
1972 2401 2070 2456 illa
2091 2415 2194 2472 pro
2226 2401 2387 2470 parte
2426 2397 2652 2466 liniens,
2687 2413 2792 2468 pro
2818 2400 2982 2468 parte
3010 2397 3294 2452 tolerabat
3321 2411 3448 2452 mo-

1829 2496 1989 2550 deste
2015 2493 2166 2548 rixas
2193 2491 2376 2546 illatas
2401 2507 2436 2544 a
2462 2490 2728 2560 conjuge.

1899 2619 1950 2670 6.
1975 2613 2184 2670 Diebus
2208 2629 2342 2667 vero
2365 2609 2836 2680 Quadragesimaa
2861 2608 2995 2663 satis
3020 2611 3107 2662 est
3133 2607 3276 2663 scire
3305 2623 3446 2680 qua-

1825 2707 1957 2763 liter
1981 2725 2040 2761 se
2066 2703 2270 2760 retexit
2287 2704 2438 2758 inter
2457 2705 2639 2757 vestes
2661 2701 2847 2772 regias
2879 2699 3246 2772 singulariter
3262 2700 3444 2771 poeni-

1824 2806 1972 2857 tens.
1987 2799 2165 2871 Igitur
2175 2795 2674 2869 appropinquante
2685 2793 2896 2865 jejunii
2908 2797 2962 2848 te
2972 2809 3196 2864 mpore,
3212 2793 3450 2848 mittens

1826 2893 1901 2950 ad
1910 2893 2239 2964 religiosam
2252 2889 2598 2944 monacham
2611 2886 2850 2942 nomine
2867 2886 3026 2942 Piam
3042 2885 3101 2940 in
3114 2889 3310 2940 sancto
3321 2902 3449 2958 pro-

1823 2986 2030 3059 posito,
2056 2985 2154 3040 illa
2171 2982 2456 3054 dirigebat
2483 2983 2824 3036 veneranter
2842 2979 2902 3034 in
2927 2978 3110 3033 linteo
3133 2977 3442 3050 sigillatum

1823 3079 2070 3135 cilicium
2093 3094 2107 3133 :
2131 3076 2286 3148 quod
2307 3078 2499 3130 sancta
2522 3073 2768 3128 induens
2785 3072 2859 3127 ad
2889 3089 3112 3142 corpus,
3134 3087 3240 3142 per
3265 3074 3445 3126 totam

1825 3169 2340 3242 Quadragesimam
2366 3167 2560 3222 subter
2580 3171 2732 3220 veste
2754 3163 2915 3235 regia
2931 3164 3079 3219 dulci
3105 3163 3372 3235 portabat
3385 3163 3446 3217 in

1745 3261 1801 3336 C
1826 3265 2062 3320 sarcina.
2095 3259 2414 3316 Transactis
2453 3259 2671 3325 diebus,
2715 3257 2976 3312 similiter
3009 3257 3324 3327 sigillatum
3351 3271 3444 3310 re-

1822 3355 2249 3414 transmittebat
2271 3352 2536 3408 cilicium.
2567 3351 2665 3406 Sin
2697 3355 2890 3404 autem
2918 3366 3016 3403 rex
3039 3349 3286 3416 deesset,
3321 3348 3448 3420 quis

1825 3451 2021 3507 credat
2046 3447 2290 3520 qualiter
2327 3462 2386 3500 se
2421 3443 2668 3499 orationi
2695 3441 3066 3510 diffunderet,
3101 3441 3348 3512 qualiter
3383 3457 3443 3495 se

1821 3550 2100 3614 tanquam
2118 3537 2416 3612 praesentis
2425 3535 2632 3592 Christi
2645 3535 2884 3606 pedibus
2898 3533 3182 3604 alligaret;
3204 3538 3260 3588 et
3281 3533 3444 3604 quasi

1823 3637 2042 3708 repleta
2069 3631 2302 3700 deliciis,
2341 3630 2418 3685 sic
2446 3631 2621 3699 longo
2644 3626 2866 3699 jejunio
2906 3625 3140 3680 satiaret
3175 3625 3234 3678 in
3259 3625 3440 3696 lacry-

1821 3729 1931 3784 mis
1949 3729 1978 3782 ?
2005 3727 2106 3784 Cui
2133 3726 2400 3796 despecto
2425 3720 2638 3776 ventris
2665 3719 2856 3774 edulio
2875 3717 3127 3774 Christus
3155 3720 3277 3772 tota
3297 3718 3442 3773 refe-

1821 3823 1952 3890 ctio,
1981 3823 2039 3875 et
2059 3821 2182 3874 tota
2208 3799 2392 3872 fames
2421 3813 2622 3870 eratin
2652 3811 2895 3868 Christo.

1890 3947 1944 3996 7.
1972 3939 2114 3996 lllud
2131 3955 2244 4010 qua
2261 3935 2469 4009 pietate
2488 3933 2802 4006 peragebat
2819 3930 3078 3998 sollicita,
3102 3933 3164 3984 ut
3185 3946 3312 4001 quae
3333 3947 3439 4002 per

1821 4033 2072 4090 oratoria
2086 4032 2173 4086 vel
2197 4031 2322 4086 loca
2339 4025 2691 4084 venerabilia
2714 4028 2836 4080 tota
2855 4027 3021 4080 nocte
3048 4024 3436 4095 perlucerent,

1819 4127 2086 4184 candelas
2116 4124 2230 4180 suis
2259 4121 2526 4178 manibus
2554 4121 2735 4176 factas
2770 4117 2991 4189 jugiter
3026 4115 3440 4172 ministrabat?

1819 4220 1980 4276 Unde
2000 4220 2144 4275 hora
2164 4215 2437 4284 serotina,
2458 4214 2595 4269 dum
2617 4213 2670 4267 ei
2695 4210 3058 4266 nuntiaretur
3078 4209 3262 4277 tarde,
3287 4208 3442 4281 quod

1818 4331 1948 4370 eam
1976 4313 2050 4370 ad
2074 4326 2338 4368 mensam
2376 4325 2476 4363 rex
2516 4308 2836 4379 quaereret,
2870 4304 3020 4359 circa
3051 4319 3145 4357 res
3169 4302 3270 4357 Dei
3299 4302 3438 4356 dum

1817 4407 2135 4478 satagebat,
2165 4405 2314 4459 rixas
2351 4400 2604 4457 habebat
2639 4416 2674 4453 a
2707 4398 2974 4469 conjuge,
3010 4396 3092 4450 ita
3132 4399 3196 4450 ut
3226 4394 3440 4449 vicibus

1815 4499 2012 4555 multis
2045 4497 2311 4569 princeps
2347 4510 2450 4566 per
2491 4507 2736 4548 munera
2780 4489 3154 4555 satisfaceret,
3194 4486 3348 4558 quod
3383 4486 3437 4540 ei

107 4595 367 4697 Γθξηίδηδ
381 4597 630 4667 Pel‘dere
647 4600 930 4672 quidquid
947 4605 1292 4675 pauperibus
1314 4621 1431 4660 non
1447 4605 1712 4690 dedisset,
1734 4622 1794 4697 D
1815 4611 1920 4666 per
1943 4593 2202 4664 linguam
2228 4589 2537 4661 peccasset.

168 4683 220 4738 4.
247 4685 447 4745 Adhuc
468 4691 730 4748 animum
754 4694 999 4750 tendens
1017 4695 1091 4750 ad
1117 4712 1258 4768 opus
1283 4683 1714 4768 misericordiae,

105 4775 308 4832 Atteias
337 4781 580 4838 domum
606 4785 852 4854 instruit,
875 4788 973 4842 ubi
998 4789 1159 4843 lectis
1184 4791 1332 4846 culte
1364 4791 1716 4863 compositis,

107 4875 458 4943 congregatis
487 4878 688 4948 egenis
708 4877 958 4951 feminis,
985 4881 1110 4954 ipsa
1137 4899 1234 4937 eas
1259 4884 1455 4938 lavans
1480 4884 1539 4938 in
1559 4885 1712 4938 ther-

104 4959 222 5030 mis,
247 4968 696 5043 morborumque
719 4989 927 5029 curans
953 4975 1308 5046 putredines.
1333 4978 1598 5032 Virorum
1622 4994 1715 5032 ca-

107 5052 218 5121 pita
233 5055 473 5130 diluens,
497 5063 882 5121 ministerium
901 5068 1138 5138 faciens,
1155 5086 1299 5140 quos
1320 5075 1454 5126 ante
1475 5073 1712 5142 lavarat,

106 5145 309 5204 eisdem
336 5169 437 5210 sua
453 5172 631 5212 manu
648 5158 944 5230 miscebat,
969 5165 1032 5216 ut
1046 5163 1225 5218 fessos
1245 5164 1316 5218 de
1338 5164 1546 5220 sudore
1569 5181 1716 5220 sum-

106 5240 198 5307 pta
215 5245 369 5312 potio
391 5256 697 5306 recrearet.
723 5253 814 5310 Sic
833 5254 1041 5311 devota
1056 5257 1275 5313 femina
1299 5261 1438 5313 nata
1457 5261 1516 5312 et
1537 5261 1717 5330 nupta

107 5333 317 5404 regina,
335 5340 533 5409 palatii
551 5343 806 5414 domina,
824 5349 1172 5420 pauperibus
1189 5351 1464 5406 servierat
1485 5351 1714 5406 ancilla.

174 5442 244 5515 (α)
269 5447 476 5521 Atteia,
514 5455 726 5521 Athiés,
756 5457 818 5512 in
853 5461 1269 5517 Veromanduis
1304 5463 1377 5518 ad
1415 5462 1716 5519 Suminam

107 5508 307 5605 ﬂumen
339 5508 560 5605 erat'egr
587 5508 787 5605 eorum
812 5529 1070 5605 vicorum
1116 5549 1378 5605 numero,
1411 5550 1554 5605 quos
1581 5535 1717 5604 quia

105 5580 428 5675 aggerat,
451 5580 1089 5675 νμιεο-έίῆ-ξερωῑέξε
1115 5580 1710 5675 agamagam:

107 5649 254 5780 ἓξὲξ,
283 5661 360 5714 uti
385 5649 702 5724 Hadrianus
733 5649 985 5728 Valerasius
1005 5673 1066 5727 in
1093 5675 1232 5730 Hist.
1265 5649 1363 5731 lib.
1391 5649 1708 5730 xxxro‘bser-

205 5743 222 5779 1
251 5769 263 5781 .

109 5795 312 5937 {85.215
313 5802 650 5877 acitergium
679 5826 782 5881 ΡΡο
823 5813 1074 5883 Slldal‘iO,
1109 5817 1264 5888 quod
1299 5817 1471 5873 faciei
1518 5815 1716 5871 sordes

173 5935 236 6008 (ὃ)
369 5944 637 6018 Victoria,
659 5955 959 6008 vernacule
998 5956 1175 6025 Vitry,
1197 5957 1257 6012 in
1281 5958 1474 6032 Belgio
1497 5957 1718 6014 duobus

1885 4707 1937 4760 8.
1959 4703 2047 4759 Ad
2070 4701 2228 4774 cujus
2257 4698 2590 4772 opinionem
2619 4693 2665 4748 si
2692 4691 2820 4765 quis
2844 4705 3138 4747 servorum
3170 4688 3268 4743 Dei
3288 4685 3437 4742 visus

1818 4797 2016 4854 fuisset
2037 4797 2126 4850 vel
2154 4811 2260 4866 per
2284 4810 2344 4847 se
2372 4791 2461 4846 vel
2491 4791 2634 4861 [Sun
2661 4788 2820 4842 addit
2846 4802 2950 4856 per
2979 4781 3176 4853 alium]
3207 4784 3438 4837 vocatus

1819 4905 2136 4956 occurrere,
2165 4887 2386 4942 videres
2405 4885 2585 4950 illam,
2608 4881 2896 4936 caelestem
2917 4877 3129 4932 habere
3152 4873 3435 4941 laetitiam;

1819 4990 1876 5041 et
1902 4986 2048 5040 hora
2067 4981 2248 5038 noctis
2267 4970 2498 5034 recursa
2517 4991 2647 5032 cum
2667 4972 2864 5046 paucis
2885 4985 3131 5043 pergens
3149 4971 3207 5022 et
3221 4965 3439 5022 intimis

1818 5096 1922 5151 per
1941 5077 2156 5144 nivem,
2176 5076 2384 5140 lutum,
2399 5071 2488 5125 vel
2506 5069 2820 5140 pulverem,
2843 5081 2993 5163 aqua
3008 5061 3198 5163 calida
3213 5063 3436 5163 parata,

1817 5173 1941 5244 ipsa
1965 5167 2194 5225 lavabat
2215 5171 2272 5221 et
2290 5163 2554 5234 tergebat
2571 5157 2884 5256 venerandi
2903 5155 3143 5256 vestigia
3163 5169 3276 5256 pec
3296 5155 3435 5256 resi:

1818 5267 2005 5320 stente
2035 5277 2196 5317 servo
2229 5258 2330 5314 Dei
2363 5261 2420 5311 et
2447 5253 2796 5328 propinabat
2822 5249 2883 5305 in
2909 5252 3130 5321 patera.
3160 5247 3437 5318 Sequenti

1819 5357 1931 5425 die,
1951 5370 2147 5411 curam
2167 5353 2375 5408 domus
2394 5346 2761 5404 committens
2779 5341 3113 5410 creditariis,
3136 5340 3262 5412 ipsa
3280 5355 3338 5395 se
3359 5341 3442 5394 to-

1817 5469 1993 5526 leucis
2017 5485 2052 5522 a
2071 5467 2290 5522 Duaco:
2323 5460 2768 5536 ubiSigibertus
2800 5473 2898 5536 rex
2926 5449 3435 5536 instinctu_Frede-

1942 5540 2027 5596 dis
2052 5537 2266 5594 occisus
2287 5539 2390 5590 est.
2417 5528 2584 5587 Aliud
2611 5534 2697 5585 est
2718 5528 2976 5599 ejusdem
3000 5528 3248 5580 nominis
3275 5528 3438 5599 oppi-

1863 5594 1960 5666 u'm
1990 5611 2049 5665 in
2069 5605 2402 5680 Campania,
2441 5601 2542 5657 sed
2561 5607 2698 5656 tunc
2719 5594 3011 5680 Chlgtario
3030 5612 3157 5680 rion
3175 5594 3435 5680 parebat.

1990 5662 2270 5736 Decursiis
2302 5662 2414 5753 sive
2442 5689 2638 5753 cursus
2660 5687 2766 5753 pro
2789 5669 2992 5725 ofﬁciis
3015 5662 3434 5753 divinis_a__fa‘v_l‘3-

1859 5743 1980 5807 orio
2009 5748 2326 5806 Turonensi
2363 5751 2420 5801 et
2464 5743 2774 5822 Fortunato
2813 5756 2930 5822 non
2973 5753 3105 5818 raro
3151 5743 3412 5822 usurpari

1859 5769 1980 5807 01'10
2010 5769 2326 5806 ‘mronensn
2363 5769 2420 5801 ει
2465 5769 2774 5799 ιὐιίυιιᾶιυ
2815 5769 2930 5796 ιιυιι
2973 5769 3105 5792 ιαιυ
3157 5769 3383 5812 uin-utras

1818 5769 2033 5878 dictum
2066 5827 2151 5876 est
2175 5821 2234 5874 in
2267 5819 2391 5874 Vita
2419 5813 2600 5890 sancti
2640 5811 2909 5890 Germani
2937 5808 3105 5890 episc.
3151 5805 3392 5890 Parit:

1819 5872 2438 5948 humi—viSTDecantare
2471 5887 2560 5942 hic
2596 5890 2652 5940 et
2668 5879 2800 5938 alibi
2833 5872 3044 5952 passim
3075 5889 3177 5946 pro
3202 5872 3432 5926 recitare

1818 5963 2077 6019 sumitur.
