3994 6444
511 403 617 464 655
1489 405 1742 461 SANCTA
1777 403 2216 473 RADEGUNDIS,
2255 403 2502 462 nsum
2537 403 2864 460 FRANCUE.
3782 399 3894 450 656

511 519 634 569 tam
665 512 976 582 occupabat
993 508 1141 565 circa
1159 509 1263 564 viri
1272 509 1410 581 justi
1428 512 1629 580 verba,
1647 511 1794 568 circa
1811 512 2005 567 salutis
2029 511 2121 566 in-
2145 523 2204 596 Α
2225 517 2382 584 geret
2392 513 2752 568 monacham.
2765 509 2967 565 Adhuc
2979 508 3214 564 beatum
3232 503 3425 562 virum
3441 503 3900 596 perturbabant

515 606 728 672 stituta,
746 607 804 658 et
817 603 966 657 circa
987 602 1352 674 adipiscenda
1371 603 1499 659 vitae
1520 604 1756 659 caelestis
1777 605 2124 660 commercia
2221 621 2484 677 proceres
2509 609 2565 660 et
2583 621 2684 676 per
2709 602 3001 658 basilicam
3032 601 3280 672 graviter
3302 599 3374 654 ab
3402 597 3576 653 altari
3603 595 3886 652 retrahe-

511 698 905 754 retentabatur
946 713 1050 769 per
1093 697 1235 752 dies.
1279 699 1348 752 Et
1385 699 1430 753 si
1471 699 1719 755 venisset
1757 699 2030 770 pontifex,
2061 698 2122 753 in
2220 697 2376 767 bant,
2405 713 2478 752 ne
2505 698 2718 752 velaret
2751 695 2876 766 regi
2913 695 3308 766 conjunctam,
3347 707 3423 746 ne
3448 691 3765 746 videretur
3794 704 3894 742 sa-

509 794 742 862 aSpectu
755 790 2124 861 ejuslzetiﬁcabatur,etremuneratumrelaxabat
2221 790 2427 846 cerdoti
2451 794 2516 844 ut
2537 790 2912 861 praesumeret
2944 785 3190 858 principi
3225 785 3549 840 subducere
3577 781 3891 854 reginam,

509 883 635 954 ipsa
658 883 834 937 tristis
859 883 933 936 ad
956 882 1206 953 Propria-
2220 899 2338 938 non
2369 882 2751 954 publicanam,
2784 881 2882 936 sed
2916 879 3204 950 publicam
3239 878 3324 948 (Id
3359 883 3457 940 est,
3497 876 3746 947 publice
3787 891 3893 928 seu

581 979 633 1030 9.
671 976 813 1030 Illud
842 991 1069 1046 quoque
1107 991 1280 1046 quam
1314 976 1629 1047 prudenter
1665 979 1853 1032 totum
1883 993 1987 1048 pro
2021 993 2124 1031 sua
2221 975 2547 1030 solemniter
2562 975 2840 1045 nuptam).
2861 973 2983 1038 Quo
3003 970 3354 1027 sanctissima
3367 967 3895 1042 cognito,intrans

508 1069 688 1124 salute
713 1067 1046 1140 providebat
1071 1068 1408 1138 impendere
1427 1086 1440 1124 :
1475 1069 1698 1140 quoties
1720 1069 1882 1140 quasi
1912 1069 2125 1123 mafor—
2221 1067 2284 1122 in
2307 1068 2632 1134 sacrarium,
2650 1063 3013 1121 monarchica
3030 1067 3184 1118 veste
3209 1063 3494 1131 induitur,
3517 1059 3800 1132 procedit
3817 1059 3894 1112 ad

507 1165 629 1216 tem
651 1160 948 1232 (a)[novum
968 1159 1186 1214 lineum
1204 1161 1504 1229 sabanum,
1519 1178 1660 1216 auro
1679 1163 1768 1216 vel
1784 1161 2026 1232 gemmis
2037 1177 2124 1216 or-
2221 1161 2415 1230 altare,
2441 1159 2827 1214 beatissimum
2861 1157 3190 1214 Medardum
3215 1155 3306 1210 his
3331 1155 3526 1210 verbis
3553 1151 3897 1224 alloquitur

507 1258 708 1308 natum
727 1269 886 1307 more
906 1252 1182 1307 vestiebat
1203 1253 1274 1306 de
1289 1253 1558 1322 barbaro,
1577 1271 1610 1308 a
1627 1253 2124 1308 circumstantibus
2221 1253 2443 1308 dicens:
2466 1251 2522 1307 Si
2540 1267 2633 1307 me
2653 1266 2979 1306 consecrare
2996 1248 3301 1315 distuleris,
3331 1251 3391 1302 et
3404 1247 3539 1318 plus
3567 1245 3894 1300 hominem

505 1345 706 1416 puellis
724 1345 772 1398 si
787 1344 1122 1399 laudaretur
1141 1344 1618 1416 pulcherrimum,
1636 1345 1938 1416 indignam
1957 1361 2015 1399 se
2028 1345 2125 1399 ad-
2221 1361 2393 1416 quam
2425 1345 2604 1399 Deum
2631 1343 2888 1398 timueris
2909 1383 2923 1411 ,
2953 1343 3024 1397 de
3062 1357 3243 1396 manu
3280 1345 3380 1395 tua
3406 1356 3442 1393 a
3474 1343 3723 1410 pastore
3764 1336 3896 1390 ovis

499 1437 764 1508 judicans
783 1437 882 1492 tali
903 1437 1172 1508 componi
1191 1437 1450 1506 linteolo,
1473 1455 1604 1493 mox
1632 1455 1845 1492 exuens
1865 1455 1923 1492 se
1952 1437 2118 1492 vesti-
2219 1437 2410 1492 anima
2433 1435 2770 1508 requiratur.
2803 1436 2924 1499 Quo
2959 1435 3055 1490 ille
3091 1431 3522 1490 contestationis
3561 1445 3895 1486 concussus
3937 1441 3942 1445 ·

507 1535 707 1584 mento
729 1529 1014 1601 dirigebat
1025 1529 1152 1584 loco
1168 1532 1386 1598 sancto,
1415 1529 1672 1601 quisquis
1692 1531 1910 1585 essetin
1933 1530 2120 1601 proxi-
2219 1529 2492 1594 tonitrua,
2508 1544 2682 1583 manu
2697 1527 3066 1598 superposita,
3083 1525 3433 1582 consecravit
3453 1523 3892 1592 diaconamﬂc).

507 1639 622 1691 mo,
656 1627 714 1676 et
745 1638 848 1694 pro
877 1623 1030 1692 palla
1051 1623 1371 1693 ponebatur
1399 1623 1656 1677 divinum
1691 1640 1862 1694 super
1885 1623 2084 1676 altare.
2293 1625 2380 1677 13.
2406 1623 2531 1677 Mox
2557 1621 2959 1676 indumentum
2994 1619 3186 1674 nobile
3215 1635 3331 1690 quo
3358 1615 3764 1672 celeberrima
3796 1613 3896 1669 die

581 1719 664 1770 10.
699 1715 952 1779 Qualiter
974 1731 1109 1769 vero
1138 1715 1184 1769 si
1214 1714 1340 1786 quis
1376 1731 1480 1786 pro
1509 1715 1676 1786 culpa
1713 1714 2028 1785 criminali,
2059 1716 2124 1767 ut
2221 1714 2431 1769 solebat
2461 1730 2670 1785 pompa
2705 1713 3010 1767 comitante
3048 1712 3252 1782 regina
3293 1709 3618 1782 procedere
3643 1749 3660 1778 ,
3707 1711 3898 1762 exuta

505 1808 732 1875 assolet,
760 1824 795 1862 a
817 1823 955 1878 rege
977 1807 1362 1878 deputabatur
1383 1807 1631 1863 interfici
1657 1807 2012 1862 sanctissima
2028 1823 2118 1860 re-
2218 1807 2380 1876 ponit
2397 1806 2458 1860 in
2471 1806 2664 1874 altare,
2687 1805 2912 1867 blattas,
2931 1807 3337 1876 gemmataque
3354 1805 3711 1857 ornamenta
3737 1800 3892 1871 [Αι.,

503 1901 642 1972 gina
661 1900 1014 1955 moriebatur
1037 1900 1310 1968 cruciatu,
1335 1916 1407 1954 ne
1425 1900 1758 1972 designatus
1782 1917 1913 1955 reus
1937 1915 2123 1954 more-
2141 1881 2198 1953 B
2219 1899 2426 1968 blattis,
2452 1897 2694 1969 gemmis
2713 1896 3080 1969 ornamentis]
3105 1913 3118 1950 :
3137 1911 3398 1952 mensam
3421 1894 3641 1950 divinae
3671 1892 3898 1964 gloriae

502 1993 733 2048 returin
745 1992 938 2063 gladio
961 1993 974 2046 l
995 1992 1641 2056 Qualiterconcursabat
1655 2009 1760 2063 per
1772 1991 2120 2047 domesticos
2219 1996 2303 2047 tot
2337 1991 2497 2046 donis
2523 1995 2719 2046 onerat
2752 2005 2856 2061 per
2885 1989 3186 2046 honorem.
3218 1987 3536 2059 Cingulum
3565 1985 3706 2041 auri
3733 2001 3898 2057 pon-
3936 1994 3944 2001 '

502 2085 702 2139 ﬁdeles
719 2085 1030 2138 servientes
1053 2089 1114 2139 et
1137 2100 1424 2154 proceres,
1447 2101 1693 2156 quorum
1711 2085 2123 2139 blandimentis
2221 2085 2480 2140 deratum
2497 2084 2740 2138 fractum
2755 2083 2852 2139 dat
2866 2084 2928 2138 in
2945 2099 3088 2154 opus
3103 2097 3455 2154 pauperum.
3477 2078 3786 2136 Similiter
3804 2094 3902 2132 ac-

502 2177 794 2232 mulcebat
823 2177 1083 2231 animum
1105 2177 1398 2248 principis,
1421 2177 1606 2232 donec
1625 2177 1685 2231 in
1705 2177 1826 2248 ipsa
1846 2177 1931 2231 ira
1944 2177 2118 2248 regis,
2219 2177 2420 2232 cedens
2444 2175 2514 2230 ad
2541 2176 2738 2231 cellam
2771 2175 2944 2231 sancti
2967 2173 3232 2242 Jumeris,
3263 2173 3357 2228 die
3386 2189 3510 2228 uno
3538 2189 3664 2244 quo
3696 2187 3764 2226 se
3797 2187 3896 2226 or-

503 2269 658 2324 unde
688 2273 1044 2340 processerat
1065 2285 1187 2324 sors
1218 2269 1441 2337 mortis,
1463 2269 1598 2324 inde
1629 2273 1885 2324 curreret
1903 2286 2009 2324 vox
2038 2285 2121 2324 sa-
2218 2269 2386 2325 nabat
2419 2269 2552 2324 felix
2590 2269 2792 2340 regina
2813 2311 2828 2337 ,
2870 2268 3180 2340 composito
3235 2282 3511 2323 sermone
3562 2269 3631 2320 ut
3678 2265 3904 2338 loquar

501 2362 666 2418 lutisl
2217 2363 2476 2432 barbaro,
2531 2361 2847 2433 stapionem
2889 2362 2984 2432 (ά),
3026 2361 3284 2431 camisas,
3331 2359 3625 2430 manicas,
3671 2359 3899 2426 cofeas,

575 2458 659 2509 11.
687 2453 782 2508 His
805 2454 980 2525 igitur
1007 2453 1192 2508 beatis
1219 2453 1436 2508 actibus
1467 2457 1803 2526 occupatam
1830 2453 2120 2508 intentum
2217 2454 2437 2525 ﬁbulas,
2465 2458 2664 2509 cuncta
2689 2469 2848 2522 auro,
2877 2453 3140 2526 quaedam
3168 2453 3417 2524 gemmis
3437 2455 3761 2522 exornata,
3786 2467 3904 2524 per

499 2547 756 2620 provexit
776 2546 966 2600 divina
981 2547 1306 2614 clementia,
1332 2549 1394 2600 ut
1413 2547 1588 2602 etiam
1616 2547 1802 2601 adhuc
1827 2547 1885 2600 in
1908 2546 2118 2617 palatio
2217 2546 2494 2602 circulum
2538 2545 2642 2600 sibi
2683 2547 2982 2618 profutura
3022 2550 3217 2600 sancto
3265 2545 3446 2600 tradit
3497 2544 3702 2600 altari.
3753 2545 3902 2600 lude

495 2641 642 2696 laica
671 2639 914 2695 Domino
940 2640 1220 2710 largiente
1249 2638 1680 2694 declararentur
1709 2657 1814 2710 per
1845 2655 1975 2694 eam
2010 2638 2114 2692 mi-
2217 2640 2524 2710 procedens
2558 2639 2628 2694 ad
2666 2639 2864 2694 cellam
2905 2637 3240 2694 venerabilis
3276 2637 3585 2705 Datdonis,
3627 2638 3733 2694 die
3777 2655 3899 2710 qua

498 2734 709 2789 racula.
731 2734 990 2804 Denique
1009 2733 1069 2786 in
1084 2734 1350 2786 Perunna
1377 2730 1646 2804 [Peronne]
1669 2731 1937 2802 villapost
1954 2747 2122 2802 pran-
2218 2732 2412 2787 debuit
2445 2731 2632 2787 ornari
2657 2735 2994 2804 praastanter
3025 2731 3087 2786 in
3125 2731 3356 2798 saeculo,
3387 2731 3693 2803 quidquid
3723 2730 3900 2786 indui

499 2827 659 2881 dium
686 2825 824 2880 dum
862 2825 1187 2880 ambularet
1228 2841 1331 2894 per
1364 2825 1598 2878 hortum
1630 2824 2009 2891 sanctissima,
2038 2823 2119 2877 rei
2217 2829 2460 2896 poterat,
2487 2841 2657 2880 censu
2682 2825 2853 2881 divite
2883 2823 3117 2895 femina,
3147 2824 3354 2879 abbate
3379 2830 3780 2880 remunerato
3808 2829 3898 2880 to-

499 2918 707 2973 retrusi
735 2935 838 2989 pro
869 2917 1112 2972 crimine
1134 2915 1383 2970 succurri
1412 2915 1518 2970 sibi
1539 2917 1886 2985 clamabant,
1912 2916 2116 2970 vocife-
2197 2920 2341 2972 .tum
2365 2917 2518 2972 dedit
2550 2917 2822 2973 coenobio.
2853 2916 3107 2988 Equiter
3151 2915 3461 2987 [similiter]
3505 2917 3707 2972 sancti
3736 2917 3901 2973 Gun-

499 3013 694 3066 rantes
723 3010 794 3064 de
815 3026 1060 3064 carcere.
1084 3011 1210 3080 Ipsa
1231 3008 1369 3078 quid
1391 3013 1540 3063 esset
1568 3009 1924 3080 interrogat:
1953 3025 2116 3063 men-
2219 3009 2385 3079 dulﬁ,
2425 3013 2551 3080 post
2582 3009 2714 3064 facti
2746 3009 2926 3064 Mettis
2969 3009 3218 3080 episcopi
3255 3009 3318 3080 (ε)
3358 3024 3687 3080 progressa
3727 3025 3903 3066 rece-

499 3103 722 3160 tiuntur
750 3101 1018 3170 ministri,
1047 3101 1202 3172 quod
1227 3100 1625 3156 mendicorum
1651 3102 1818 3156 turba
1838 3105 2122 3173 quaereret
2217 3102 2441 3173 ptaculo
2466 3143 2480 3172 ,
2533 3118 2649 3158 non
2692 3101 2912 3158 minore
2956 3101 3220 3158 laboratu
3275 3100 3612 3158 nobilitavit
3668 3102 3900 3175 Syner-

502 3196 952 3266 eleemosynam.
979 3193 1230 3249 Credens
1246 3191 1354 3247 hoc
1372 3193 1470 3248 illa
1492 3194 1828 3250 transmittit
1844 3211 1956 3265 quo
1978 3194 2122 3248 indi-
2140 3236 2192 3267 η
2221 3194 2378 3267 gium
2411 3195 2500 3266 (Γ).

494 3287 678 3358 gebat
703 3236 918 3358 inopia.
949 3288 1173 3342 Interea
1201 3301 1234 3339 a
1256 3285 1449 3355 judice
1475 3236 1902 3358 compelluntuir
1929 3291 2118 3342 tacere
2139 3236 2195 3310 Ο
2221 3236 2255 3267 Ο
2294 3288 2378 3344 14.
2411 3236 2555 3342 llinc
2582 3287 2729 3343 felici
2765 3287 2991 3358 navigio
3015 3286 3257 3342 Turonis
3281 3285 3534 3358 appulsa
3568 3302 3722 3360 qum
3753 3305 3905 3362 sup-

503 3380 602 3452 qui
626 3381 972 3434 tenebantur
995 3380 1055 3434 in
1077 3381 1376 3453 compede.
1404 3382 1546 3435 Cum
1563 3397 1697 3434 vero
1723 3397 1836 3435 nox
1861 3395 2121 3451 superve-
2218 3380 2372 3452 pleat
2398 3381 2744 3452 eloquentia,
2772 3384 3051 3452 quantum
3089 3378 3424 3449 ofﬁciosam,
3464 3386 3905 3455 quantumque

503 3473 697 3540 nisset,
729 3473 864 3526 dum
897 3472 1006 3526 sibi
1024 3490 1250 3528 cursum
1283 3473 1518 3539 diceret,
1549 3473 1744 3527 fractis
1765 3472 2000 3527 vinculis
2029 3489 2118 3526 so-
2220 3491 2279 3530 se
2315 3473 2650 3530 monstravit
2676 3473 3006 3529 muniﬁcam
3025 3473 3054 3527 τ
3082 3471 3232 3536 Quid
3271 3471 3458 3544 egerit
3492 3473 3662 3529 circa
3707 3477 3906 3531 sancti

499 3565 604 3620 luti
630 3569 934 3620 occurrunt
961 3569 1171 3620 sancta
1194 3567 1264 3621 de
1295 3581 1543 3621 carcere.
1577 3565 1700 3630 Quo
1733 3565 1964 3637 cognito
1992 3581 2122 3620 reos
2219 3566 2440 3622 Martini
2488 3566 2662 3636 atria,
2713 3567 2954 3638 templa,
2999 3565 3324 3635 basilicam,
3377 3565 3560 3636 ﬂens,
3613 3567 3911 3640 lacrymis

501 3675 560 3712 se
579 3658 845 3713 viderunt
863 3657 960 3728 qui
979 3658 1163 3713 beatae
1183 3657 1414 3714 mentiti
1435 3661 1586 3724 sunt,
1618 3657 1757 3712 dum
1781 3658 1878 3730 qui
1900 3657 1982 3712 rei
2001 3658 2119 3712 fue-
2221 3659 2496 3730 insatiata,
2538 3659 2764 3731 singula
2791 3660 2987 3731 jacens
3025 3673 3136 3729 per
3169 3657 3394 3728 limina,
3436 3658 3546 3714 ubi
3583 3661 3786 3716 missa
3811 3680 3911 3718 re-

502 3755 636 3806 rant
658 3751 729 3806 de
751 3751 968 3806 catenis
992 3751 1161 3806 soluti
1191 3754 1340 3806 sunt.
2220 3757 2411 3807 vocata
2453 3753 2544 3824 (g),
2584 3751 2830 3807 vestibus
2869 3755 2925 3808 et
2963 3753 3334 3822 ornamento,
3377 3767 3499 3822 quo
3537 3769 3607 3808 se
3660 3755 3913 3812 clariori

576 3847 660 3898 l2.
687 3845 756 3898 Et
783 3843 1058 3914 quoniam
1089 3844 1423 3914 frequenter
1457 3843 1649 3914 aliqua
1683 3843 2002 3911 occasione,
2035 3842 2119 3896 di-
2221 3845 2376 3900 cultu
2425 3844 2637 3899 solebat
2688 3844 2838 3898 ferre
2881 3843 2942 3898 in
2981 3843 3194 3914 palatio
3217 3885 3234 3908 ,
3295 3859 3531 3899 sacrum
3583 3848 3916 3920 componit

501 3936 740 3990 vinitate
765 3937 1162 4006 prosperante,
1179 3951 1342 3988 casus
1361 3935 1511 3990 cedit
1531 3936 1603 3990 ad
1621 3936 1887 4002 salutem,
1915 3939 1980 3988 ut
2001 3935 2123 3990 haec
2221 3938 2416 3992 altare.
2449 3936 2587 3992 Hinc
2614 3952 2748 3992 cum
2769 3937 2830 3991 in
2849 3935 3038 3992 vicum
3055 3936 3474 3992 Condatensem
3501 3937 3753 4014 [Condé]
3767 3984 3785 4011 ,
3806 3941 3914 3998 ubi

503 4027 828 4099 religiosius
846 4027 1078 4094 viveret,
1102 4027 1280 4080 frater
1295 4027 1634 4082 interficitur
1659 4027 1999 4082 innocenter
2019 4027 2124 4098 [in-
2225 4029 2497 4101 gloriosus
2524 4030 2611 4084 vir
2637 4029 2903 4085 Martinus
2937 4032 2996 4084 et
3020 4028 3236 4084 Christi
3265 4029 3402 4084 satis
3427 4029 3692 4088 intimus
3727 4050 3910 4091 sena-

506 4119 741 4189 nocens]
761 4117 854 4190 (ὁ).
875 4118 1100 4174 Directa
1123 4118 1298 4190 igitur
1317 4137 1352 4174 a
1377 4137 1513 4192 rege
1541 4121 1777 4176 veniens
1797 4120 1870 4174 ad
1888 4120 2122 4174 beatum
2223 4127 2312 4177 tor
2336 4121 2601 4193 migravit
2627 4121 2697 4176 de
2726 4121 2954 4191 saeculo,
2981 4121 3188 4176 ancilla
3230 4121 3464 4177 Domini
3489 4127 3909 4195 pervenisset,

505 4211 839 4268 Medardum
858 4211 1228 4283 Noviomago,
1247 4213 1525 4286 supplicat
1544 4213 1846 4280 instanter,
1862 4217 1924 4268 ut
1941 4211 2122 4283 ipsam
2223 4215 2376 4270 dedit
2397 4231 2513 4270 non
2536 4215 2822 4282 inferiora,
2855 4213 3081 4269 Domini
3109 4230 3370 4271 crescens
3397 4215 3462 4270 in
3493 4217 3725 4288 gratia.

508 4308 730 4360 mutata
752 4309 904 4360 veste
921 4305 1166 4360 Domino
1181 4308 1560 4361 consecraret.
1576 4305 2126 4361 Sedmemordicen—
2298 4311 2360 4362 l5
2387 4307 2525 4363 Hinc
2564 4323 2697 4362 cum
2725 4307 2786 4362 in
2825 4305 2957 4362 villa
2989 4306 3222 4362 Sueedas
3259 4305 3405 4379 [Suis
3435 4307 3602 4364 inter
3627 4311 3915 4370 Turonas

509 4399 582 4453 tis
610 4399 851 4470 apostoli
875 4415 888 4453 :
925 4398 984 4454 Si
1016 4415 1130 4471 qua
1163 4398 1343 4469 ligata
1377 4399 1450 4452 sit
1480 4398 1732 4470 conjugi,
1760 4415 1877 4454 non
1907 4401 2128 4470 quaerat
2223 4405 2280 4456 et
2301 4399 2572 4472 Pictones]
2592 4400 2816 4455 Pictavo
2829 4399 3300 4470 territoriojuxta
3312 4401 3681 4472 praedictum
3703 4407 3916 4462 vicum

510 4491 736 4548 dissolvi
757 4492 806 4563 (Ι
830 4493 948 4550 Cor.
979 4491 1098 4564 vn),
1131 4490 1436 4546 differebat
1452 4491 1736 4563 reginam,
1770 4507 1842 4545 ne
1863 4495 2014 4546 veste
2041 4491 2122 4546 le-
2223 4493 2488 4548 decenter
2513 4493 2821 4560 accederet,
2857 4491 3062 4548 itinere
3097 4498 3512 4565 prosperante,
3543 4497 3831 4567 qualiter
3855 4516 3914 4556 se

580 4627 656 4700 (α)
677 4625 910 4700 Maforte
934 4624 1218 4700 muliebre
1238 4623 1436 4700 capitis
1458 4627 1859 4700 tegumentum
1882 4640 1896 4692 ;
1930 4627 2127 4700 lineam
2143 4598 2203 4671 D
2225 4641 2374 4700 casu.
2397 4626 2768 4700 scribendum
2791 4624 3034 4700 videtur,
3050 4628 3385 4700 scapionem,
3405 4626 3483 4700 ad
3500 4629 3773 4700 regium
3795 4630 3914 4688 dia-

507 4695 769 4776 gaba'nugn
785 4697 840 4767 (a
857 4711 993 4776 voce
1006 4695 1292 4776 ‘th‘eotisca
1308 4696 1528 4776 Sabam,
1547 4712 1674 4776 quae
1693 4696 1934 4776 linteum
1955 4695 2127 4776 signi-
2223 4697 2843 4776 demadesignandum.
2875 4695 3343 4776 Nam_Ge_rm_anis'
3369 4695 3694 4776 hodieque
3707 4703 3908 4776 Scap-

509 4764 1272 4839 ﬁcat)hicSumividetur'pro
1284 4764 1626 4821 vestimento
1641 4767 1832 4820 exlino
1845 4764 2121 4833 confecto,
2222 4768 2314 4839 pel
2355 4767 2496 4821 vitta
2537 4764 2638 4822 seu
2677 4767 2874 4839 capitis
2915 4764 3324 4839 redimiculum
3367 4764 3616 4826 dicitur.
3659 4772 3727 4828 Si
3768 4764 3909 4830 vero

510 4837 828 4926 cui'au‘run‘l
857 4840 914 4890 et
934 4851 1180 4926 gemmae
1208 4841 1411 4917 assutae
1442 4839 1714 4926 erant”.
1779 4906 1836 4926 ﬂ“
1934 4907 1945 4919 θ
2036 4907 2046 4918 ⁸
2223 4837 2348 4909 quis
2369 4837 3055 4926 stapfonem‘retinendljlm
3079 4837 3239 4926 “alit,
3281 4855 3392 4926 νρξι
3423 4839 3648 4926 ίῗΐὸ,ἀθ
3676 4846 3911 4926 Ρεάῑιω

583 4909 672 4988 (b)_
687 4905 1028 4988 Fortunatus
1058 4905 1118 4988 in
1146 4907 1402 4988 carmine
1438 4907 1509 4988 de
1537 4905 1754 4988 excidio
1779 4906 2122 4978 Thoringiae,
2225 4905 2568 4962 ornamentis
2601 4908 3041 4988 interpretanda.
3055 4907 3186 4976 erit,
3214 4909 3411 4988 qualia
3453 4911 3646 4988 Isaias
3677 4905 3756 4970 in
3779 4933 3908 4988 cap.

513 4976 794 5060 supplem.
825 4981 874 5045 1,
905 4977 1126 5032 inducit
1145 4977 1560 5048 Radegundem
1588 4976 1780 5032 fratris
1805 4976 2019 5032 necem
2029 4995 2124 5050 pa-
2223 4995 2283 5034 n1
2295 4983 2720 5033 commemorat.
2741 4976 2882 5033 Nam
2901 4977 3104 5048 stapio,
3123 4976 3390 5050 equéstre
3408 4976 3905 5107 sup‘pedaneum.

511 5051 752 5104 theticos
777 5049 1108 5102 deﬂentem.
2295 5049 2356 5118 (e)
2385 5051 2465 5104 Ita
2495 5065 2628 5104 mss.
2655 5049 2826 5104 Codd.
2855 5053 2910 5103 et
2935 5054 3127 5103 tamen
3152 5050 3348 5104 nullus
3373 5049 3508 5106 Gun
3557 5054 3668 5108 ulﬁ
3699 5057 3772 5112 in
3800 5075 3905 5114 no-

578 5065 752 5104 eucos
777 5065 1108 5102 deﬂentem.
2295 5065 2356 5104 (Θ)
2385 5065 2465 5104 ηδ,
2495 5065 2628 5104 mss.
2655 5065 2826 5104 U000.
2855 5065 2910 5103 et
2935 5065 3127 5103 tamen
3152 5065 3348 5104 nuuus
3373 5065 3668 5104 uunuuui
3700 5065 3768 5104 in
3800 5075 3908 5104 nn-

585 5051 752 5104 eticos
777 5051 1108 5102 deﬂentem.
2295 5051 2356 5120 (e)
2385 5051 2465 5104 Ita
2495 5065 2628 5104 mss.
2655 5051 2826 5104 Codd.
2855 5053 2910 5103 et
2935 5054 3127 5103 tamen
3152 5051 3348 5104 nullus
3373 5051 3668 5108 Gundulﬁ
3699 5057 3772 5112 in
3800 5075 3908 5114 no—

585 5122 649 5190 (c)
667 5121 951 5197 Ettamen
962 5119 1140 5197 paulo
1161 5121 1298 5197 ante
1315 5118 1617 5197 concilium
1636 5117 2044 5197 Aurelianense
2055 5135 2122 5197 ξι,
2221 5119 2923 5197 minelegiturMettensis
2951 5119 3469 5197 episcopus_usque
3510 5124 3591 5197 ad
3620 5125 3910 5184 Ludovici

514 5189 668 5245 anno
699 5189 904 5244 Christi
925 5192 1025 5243 533
1056 5189 1409 5243 celebratum
1435 5189 1512 5242 sic
1543 5189 1740 5244 statuit
1765 5205 1985 5244 canone
2020 5193 2082 5244 18
2107 5205 2120 5244 :
2221 5191 2316 5261 Pii
2333 5189 2577 5244 aetatem.
2606 5191 2694 5244 An
2720 5190 2864 5244 forte
2889 5189 3001 5261 pro
3019 5189 3290 5244 Gundulli
3317 5189 3661 5261 legendum
3687 5199 3904 5255 Gosce-

513 5262 728 5314 Placuit
755 5261 918 5312 etiam
944 5264 1006 5312 ut
1036 5261 1178 5332 nulli
1212 5261 1547 5332 poétmodum
1582 5263 1800 5327 femina
1825 5261 2125 5315 diaconalis
2223 5259 2342 5326 lini,
2372 5261 2472 5332 qui
2500 5261 2704 5332 saeculo
2734 5277 2789 5314 γι
2815 5259 2934 5332 sedi
2960 5261 3215 5315 Mettensi
3243 5259 3535 5332 praefuit?

516 5277 728 5314 mactat
755 5277 918 5312 εηαηι
944 5277 1006 5312 ut
1036 5277 1176 5312 num
1212 5277 1547 5330 posmoaum
1582 5277 1800 5327 lemma
1825 5277 2125 5315 azaconaus
2223 5277 2342 5326 um,
2454 5277 2472 5314 ι
2500 5277 2704 5314 saeculo
2734 5277 2789 5314 v1
2815 5277 2934 5316 secu
2960 5277 3215 5315 meuensn
3243 5277 3535 5332 praemitT

516 5331 804 5410 benedictio
831 5345 934 5397 pro
953 5331 1286 5410 conditionis
1322 5331 1478 5400 hujus
1503 5333 1810 5410 fragilitate
1833 5333 2120 5410 credatur:
2221 5404 2236 5410 _
2268 5332 2357 5410 _(f)
2372 5277 2741 5410 gnergium,
2755 5331 2980 5410 locusin
2997 5347 3110 5401 quo
3126 5332 3322 5410 plures
3341 5333 3524 5410 simul
3547 5346 3905 5408 operantur,

515 5400 615 5471 qui
633 5400 769 5453 licet
787 5414 852 5477 ex
872 5400 1540 5477 antiquorumcanonum
1569 5402 1919 5477 praescripto,
1947 5418 2124 5477 anno-
2221 5403 2323 5477 hic
2353 5400 2610 5471 usurpari
2655 5403 2876 5456 videtur
2911 5400 3022 5472 pro
3053 5400 3427 5477 monasterio,
3449 5400 3651 5477 ‘quod
3695 5400 3908 5469 eadem

514 5469 644 5545 rum
659 5469 1037 5545 quadraginta
1049 5472 1449 5545 probationem
1469 5469 1736 5545 revocare
1754 5469 2030 5545 duntaxat
2048 5472 2123 5526 vi-
2220 5473 2441 5545 ratione
2465 5469 2580 5545 non
2603 5489 2899 5545 nunquam
2913 5469 3261 5545 asceterium
3293 5469 3666 5545 appellatur.

515 5531 718 5596 deatur
733 5531 939 5596 Joanni
957 5531 1194 5614 Morino,
1218 5542 1452 5614 exeipit.
1470 5545 1554 5609 10,
1575 5542 1649 5614 de
1664 5542 1818 5614 Sacr.
1838 5542 2120 5614 ordinat,
2293 5544 2362 5614 (g)
2391 5543 2477 5598 Sic
2497 5531 3068 5614 legendum—probant
3091 5547 3312 5598 veteres
3331 5531 3758 5614 membranae.
3787 5571 3910 5610 non

513 5629 637 5694 cap.
662 5615 712 5680 3,
733 5629 918 5692 neque
940 5595 1238 5694 sicitam‘en
1253 5611 1319 5690 in
1336 5595 2119 5694 RadegundelOCMhabuit;
2222 5595 2361 5694 vero,
2375 5595 3770 5694 masq‘ﬁétgéagpi‘velmasoté'ibédibj'ﬁiiﬁﬁi
3789 5595 3906 5680 Si:

513 5679 870 5767 Diaconissa—s
891 5679 1378 5767 omninqydesiis'se
1393 5679 1524 5762 ante
1547 5682 1872 5767 saecu‘lum‘x
1883 5687 2123 5767 apparet
2219 5684 2392 5767 rium.
2419 5685 2614 5767 C‘od‘ex.
2630 5685 2692 5738 D.
2717 5684 3147 5767 d’Herqugaalex
3175 5679 3566 5767 amanuensis
3596 5679 3905 5767 interpre-

513 5772 579 5830 εἴ(
602 5754 827 5809 “tonis
844 5750 1092 5830 ίέρῗθθοὲί
1114 5750 1482 5830 Ῡθῖἓῗξξδηβίὲ
1507 5750 1747 5830 θὲἷδὲρῙὲί
1767 5753 1846 5830 Ξίά
1875 5750 2117 5830 All—’1???
2217 5755 2623 5830 latione_1_labet
2648 5757 2812 5830 νηίεεᾳ
2846 5755 3269 5830 celebrata,__s_ed
3299 5773 3636 5830 perperam
3665 5770 3734 5820 ut,
3760 5750 3904 5822 δοιί-

511 5826 661 5880 sium
682 5820 1040 5895 sacerdotem
1059 5820 1117 5874 in
1140 5823 1180 5872 t.
1196 5820 1605 5895 VlllSpicilegii
1629 5822 1744 5876 Vet.
1764 5823 1904 5892 Scr.,
1923 5827 2115 5894 p.123.
2217 5830 2366 5880 stare
2391 5825 2612 5881 videtur
2639 5841 2707 5878 ex
2732 5825 3011 5879 adnotatis
3037 5825 3098 5878 in
3143 5820 3331 5881 Vitam
3375 5820 3572 5888 sancti
3620 5820 3906 5895 Gemit—xii

583 5891 1869 5970 (d)lnCod.Sangermanensilegiturstapione,
1889 5891 1944 5947 in
1962 5898 2118 5950 sexto
2217 5895 2461 5970 episcopi
2487 5895 2828 5971 Parisiensis,
2857 5911 3022 5950 num.
3054 5899 3142 5954 59.
