3994 6404
107 364 205 415 657

1410 367 1577 421 VITA.
1619 362 1815 419 LIBER
1854 362 2119 420 PRIMUS.

3363 361 3463 423 658

106 466 282 539 gessit
310 481 422 539 per
451 465 698 541 singula,
732 468 858 543 quis
891 475 1193 528 enumeret
1222 472 1447 528 inﬁnita
1465 472 1494 527 ?
1521 488 1650 545 qua
1681 471 1741 526 in
1762 480 1822 554 Α
1841 487 2064 539 manus,
2085 471 2209 541 jam
2234 471 2384 526 bene
2404 471 2554 527 culto
2582 466 2835 526 convivio
2864 474 2985 528 tota
3014 465 3461 545 gratiﬁcabatur.

102 576 308 616 mensa
321 560 431 616 sub
450 561 685 618 ﬂadone
703 564 774 635 (α)
800 565 1137 637 segalatium
1152 564 1519 638 [siligineum]
1532 580 1742 636 panem

105 653 455 709 absconsum
483 659 545 710 et
562 656 950 713 hordeaceam
975 658 1357 713 manducabat
1397 659 1634 726 occulte,
1665 656 1743 712 sic

104 751 165 801 ut
192 764 377 803 nemo
407 748 753 829 perciperet.
768 751 912 805 Nam
928 767 995 807 ex
1021 750 1120 807 illo
1134 753 1415 823 tempore,
1441 768 1554 823 quo
1573 751 1742 805 beato

103 840 380 896 Medardo
409 848 783 898 consecrante
807 845 995 899 velata
1022 848 1126 911 est,
1149 861 1327 916 usque
1350 844 1423 899 ad
1449 843 1746 898 inﬁrmita-

103 937 224 987 tem
246 936 465 1005 prater
493 937 766 1007 legumen
795 940 855 991 et
881 939 1057 1006 olera,
1091 954 1207 993 non
1228 954 1486 1009 pomum,
1505 936 1739 1008 piscem,

103 1028 191 1081 vel
231 1043 412 1081 ovum
442 1044 550 1083 nec
571 1028 710 1099 quid
730 1029 887 1084 aliud
915 1030 1068 1086 edit:
1117 1034 1320 1101 potum
1354 1047 1491 1086 vero
1534 1033 1745 1101 prater

106 1135 326 1190 aquam
357 1121 608 1176 mulsam
647 1126 819 1193 atque
868 1122 1135 1193 piratium
1162 1140 1278 1178 non
1302 1123 1471 1190 bibit;
1508 1122 1626 1177 vini
1672 1122 1743 1193 (b)

103 1228 241 1267 vero
274 1212 592 1285 puritatem
628 1216 726 1269 aut
753 1214 911 1269 medi
938 1214 1115 1286 [potio
1137 1231 1202 1269 ex
1229 1215 1420 1289 melle]
1461 1213 1743 1270 decoctio-

105 1321 263 1373 nem,
295 1304 665 1377 cervisiaque
683 1305 1035 1362 turbidinem
1061 1323 1179 1362 non
1201 1307 1459 1378 contigit.

177 1400 267 1453 16.
307 1398 455 1452 Tum
503 1414 670 1453 more
703 1398 886 1454 sancti
920 1399 1183 1455 Germani
1208 1400 1374 1470 jubet
1403 1398 1508 1454 sibi
1528 1399 1745 1454 molam

102 1490 496 1559 secretissima
525 1490 757 1558 deferri,
810 1490 884 1545 ad
923 1508 1098 1562 quam
1135 1495 1259 1547 tota
1301 1492 1745 1564 quadragesima

94 1585 338 1639 tantum
379 1582 679 1651 laboravit,
720 1587 1001 1655 quantum
1059 1584 1442 1655 quatriduana
1506 1584 1744 1639 refectio

102 1676 439 1747 postulavit.
478 1675 807 1732 Oblationes
843 1676 1019 1731 etiam
1051 1677 1165 1732 suis
1197 1677 1462 1732 manibus
1510 1676 1743 1745 faciens,

105 1769 253 1825 locis
288 1768 715 1824 venerabilibus
752 1768 1165 1825 incessabiliter
1197 1769 1560 1841 dispensavit.
1593 1770 1744 1841 Ergo

1843 563 1902 619 Si
1927 564 2065 635 quid
2092 563 2316 619 audiret
2335 564 2405 619 de
2430 563 2683 631 fremitu,
2708 564 2949 635 jubebat
2978 570 3172 623 tamen
3204 573 3268 623 ut
3299 568 3465 624 sede-

1839 660 1989 724 rent,
2016 657 2199 711 donec
2227 658 2441 712 vellent
2458 657 2791 728 adsurgere.

1915 752 2000 805 18.
2025 750 2346 805 Venerabili
2373 766 2509 805 vero
2531 753 2688 807 omni
2716 753 3014 809 Dominico
3046 753 3138 808 die
3161 754 3269 810 hoc
3294 754 3469 811 habe;

1841 842 1941 896 bat
1958 841 2019 895 in
2050 857 2269 897 canone
2294 843 2382 897 vel
2410 846 2607 899 astate
2635 846 2725 899 vel
2762 844 2977 913 hieme,
3023 849 3086 900 ut
3115 848 3464 918 pauperibus

1843 934 2092 988 collectis
2110 934 2296 1005 primo
2315 951 2541 991 merum
2570 954 2671 991 sua
2690 954 2869 993 manu
2895 938 2967 993 de
2992 942 3132 1010 potu
3154 939 3304 994 dulci
3337 957 3467 1011 por-

1841 1025 2074 1097 rigeret,
2102 1028 2303 1097 puella
2327 1032 2526 1098 postea
2551 1030 2939 1097 committens,
2978 1034 3041 1085 ut
3066 1032 3332 1087 omnibus
3366 1033 3467 1089 illa

1842 1119 2177 1191 propinaret
2203 1136 2215 1173 :
2240 1120 2376 1191 quia
2401 1120 2524 1191 ipsa
2537 1122 2847 1177 festinabat
2870 1123 3116 1179 orationi
3145 1141 3464 1194 occurrere,

1844 1226 1957 1282 quo
1980 1212 2039 1265 et
2048 1227 2273 1265 cursum
2291 1218 2730 1282 consummaret,
2747 1219 2805 1270 et
2816 1216 3203 1271 sacerdotibus
3214 1217 3287 1271 ad
3299 1234 3462 1273 men-

1844 1319 1966 1358 sam
1990 1303 2240 1359 invitatis
2270 1310 2611 1374 occurreret,
2640 1322 2782 1377 quos
2802 1308 2986 1363 adhuc
3002 1310 3186 1380 regali
3202 1326 3365 1366 more
3390 1311 3467 1366 ad

1842 1396 2076 1468 propria
2101 1412 2231 1451 cum
2258 1396 2534 1466 redirent,
2566 1399 2688 1453 sine
2711 1416 2950 1455 munere
2979 1417 3096 1456 non
3123 1403 3355 1458 laxaret.

1916 1492 2001 1543 19.
2029 1490 2185 1543 Hanc
2223 1506 2451 1563 quoque
2474 1507 2599 1545 rem
2621 1491 3125 1549 intremiscendam
3156 1511 3269 1567 qua
3296 1513 3464 1567 pera-

1846 1581 2018 1651 gebat
2047 1581 2376 1637 dulcedinel
2409 1583 2552 1638 Cum
2580 1584 2791 1655 leprosi
2814 1585 3107 1642 venientes
3128 1587 3294 1659 signo
3314 1589 3466 1643 facto

1845 1690 1903 1728 se
1915 1674 2247 1744 proderent,
2257 1674 2500 1745 jubebat
2511 1676 2892 1746 adminicula,
2905 1681 2968 1732 ut
2984 1680 3250 1748 unde,vel
3263 1680 3469 1752 quanti
3568 1718 3571 1723 -

1846 1770 2034 1821 essent
2057 1766 2154 1838 pia
2178 1783 2314 1822 cura
2334 1768 2668 1839 requireret.
2697 1772 2818 1835 Qua
2844 1770 2946 1825 sibi
2958 1773 3346 1842 renuntiante,
3365 1789 3470 1845 pa-

104 1861 265 1933 apud
297 1863 561 1916 sanctam
596 1878 713 1917 non
747 1861 938 1917 minus
984 1879 1119 1916 usus
1143 1862 1551 1917 misericordia
1572 1877 1748 1933 quam
1765 1840 1822 1914 B
1846 1862 1970 1914 rata
1990 1858 2546 1926 mensa,missorium
2570 1860 2668 1931 (ἁ),
2690 1864 3035 1933 cochleares,
3053 1867 3328 1933 cultellos,
3343 1882 3471 1921 can-

101 1958 233 2010 erat
260 1970 575 2009 concursus
595 1954 666 2009 de
692 1954 880 2025 plebe,
910 1957 974 2008 ut
998 1971 1104 2009 nec
1122 1955 1348 2009 deesset
1375 1955 1473 2025 qui
1501 1956 1745 2026 peteret,

104 2064 216 2103 nec
254 2047 535 2102 deficeret
572 2047 728 2118 quod
754 2047 1085 2102 donaretur.
1117 2047 1438 2103 Mirandum
1468 2052 1531 2102 ut
1560 2046 1744 2102 omni-

100 2141 213 2196 bus
256 2139 636 2207 satisfaceret,
679 2139 833 2195 unde
862 2140 1117 2195 thesauri
1157 2142 1243 2195 tot
1276 2139 1444 2207 exuli,
1474 2139 1629 2195 unde
1663 2142 1750 2195 tot

100 2232 324 2288 divitia
353 2231 701 2303 peregrinae.

178 2329 267 2380 l7.
303 2324 598 2389 Quantum
635 2323 996 2395 expendebat
1024 2324 1230 2379 diurna
1258 2324 1602 2395 redemptio,
1628 2325 1749 2379 sola

99 2418 330 2474 sciebat
346 2433 476 2489 qua
501 2417 829 2488 petentibus
850 2417 1209 2489 deportabat.
1224 2418 1366 2472 Nam
1386 2420 1594 2488 prater
1613 2433 1749 2488 quo-

98 2510 394 2566 tidianam
437 2525 701 2564 mensam
752 2526 865 2580 quo
918 2510 1213 2565 refovebat
1260 2510 1625 2564 matriculam
1680 2509 1746 2580 (ο)

101 2603 337 2658 duobus
362 2618 596 2673 semper
612 2601 813 2657 diebus
830 2602 1049 2657 sabbati
1069 2602 1269 2674 quinta
1290 2604 1347 2656 et
1366 2602 1604 2656 sabbato
1621 2602 1749 2656 vici-

99 2698 213 2751 bus
240 2696 456 2751 balneo
487 2698 690 2766 parato
716 2694 839 2766 ipsa
865 2695 1151 2750 succincta
1178 2694 1248 2749 de
1280 2695 1495 2750 sabano
1523 2694 1740 2767 [linteo]

99 2789 301 2861 capita
328 2789 527 2843 lavans
569 2803 909 2858 egenorum,
958 2787 1245 2842 defricans
1279 2786 1558 2858 quidquid
1601 2790 1745 2855 erat,

98 2884 387 2948 crustam,
435 2880 709 2947 scabiem,
746 2880 964 2934 tineam
1001 2897 1107 2934 nec
1155 2881 1521 2951 purulentam
1584 2879 1751 2934 fasti-‘

99 2975 296 3042 diens,
326 2973 622 3028 interdum
644 2976 702 3027 et
724 2974 945 3027 vermes
966 2972 1291 3040 extrahens,
1322 2988 1576 3044 purgans
1601 2972 1745 3027 cutis

96 3065 466 3140 putredines,
496 3064 791 3136 sigillatim
816 3065 1005 3136 capita
1042 3065 1309 3135 pectebat
1337 3065 1460 3136 ipsa
1494 3081 1621 3135 qua
1660 3065 1742 3119 la-

95 3163 287 3215 verat.
322 3160 527 3214 Ulcera
561 3173 697 3212 vero
724 3157 1077 3224 cicatricum,
1119 3173 1246 3228 qua
1286 3157 1428 3211 cutis
1455 3158 1600 3224 laxa,
1643 3156 1742 3211 de-
1763 3194 1818 3269 Ο

99 3258 111 3269 .
288 3254 331 3269 ν.
717 3266 801 3269 -,_
821 3267 869 3269 ω
893 3252 1184 3269 “ww”.
1210 3266 1259 3269 __
1281 3265 1363 3269 ,μ
1545 3249 1713 3269 μη--

96 3254 338 3308 texerat
349 3253 449 3306 aut
462 3266 688 3322 ungues
709 3252 1370 3321 exasperaverant,more
1389 3265 1531 3303 evan
1538 3249 1741 3319 gelico,

94 3348 236 3401 oleo
250 3344 558 3415 superfuso
576 3342 1065 3398 mulcebatmorbi
1085 3340 1745 3412 contagium.Mulierum

89 3455 239 3493 vero
265 3435 745 3491 descendentium
756 3434 814 3489 in
826 3435 1009 3490 tinam
1028 3433 1321 3506 [doliolum
1330 3434 1500 3505 vulgo
1514 3433 1715 3506 tinette]
1728 3475 1742 3501 ,

88 3533 227 3603 ipsa
248 3546 384 3585 cum
403 3545 622 3600 sapone
640 3545 674 3583 a
701 3527 885 3598 capite
903 3543 1083 3598 usque
1104 3527 1177 3581 ad
1207 3527 1463 3597 plantam
1480 3527 1747 3581 membra

90 3623 336 3693 singula
377 3621 665 3686 diluebat;
695 3618 1122 3691 egredientibus
1165 3618 1370 3673 exinde
1399 3619 1446 3672 si
1480 3618 1570 3673 cui
1600 3620 1747 3673 vete-

90 3720 232 3772 rata
244 3713 597 3769 indumenta
626 3712 1002 3783 conspiceret,
1034 3712 1242 3766 tollens
1270 3726 1419 3777 rasa,
1447 3726 1595 3765 nova
1620 3710 1746 3765 red-

92 3808 249 3863 dens
290 3823 305 3861 :
375 3809 510 3861 ante
580 3821 873 3876 pannosos
920 3803 1171 3858 faciebat
1205 3802 1401 3857 venire
1442 3803 1622 3857 cultos
1671 3802 1746 3857 ad

92 3899 454 3973 prandium;
502 3897 709 3968 quibus
737 3896 1124 3968 congregatis,
1168 3895 1486 3950 ministerio
1520 3897 1743 3966 parato,

92 3995 231 4065 ipsa
253 4007 469 4062 aquam
500 3991 615 4044 sive
642 4006 916 4061 mappam
939 3988 1175 4060 singulis
1199 3988 1548 4060 porrigebat,
1579 3991 1637 4041 et
1654 3988 1743 4042 in-

1846 1968 1949 2006 nas
1982 1951 2068 2022 (c),
2096 1955 2295 2022 potum
2320 1956 2378 2007 et
2403 1952 2608 2007 calices
2628 1955 2748 2009 sola
2772 1956 3152 2026 subsequente
3181 1957 3472 2013 intromit-

1844 2043 2005 2098 tebat
2037 2044 2253 2111 furtim,
2291 2061 2404 2116 quo
2446 2062 2506 2099 se
2546 2062 2718 2101 nemo
2757 2047 3098 2119 perciperet.
3163 2052 3291 2121 Ipsa
3347 2054 3471 2106 tum

1846 2136 2117 2191 mulieres
2139 2136 2311 2191 variis
2334 2138 2506 2208 lepra
2529 2138 2768 2193 maculis
2800 2141 3058 2211 perfusas
3091 2143 3471 2214 comprehen-

1847 2229 1989 2284 dens
2001 2228 2060 2284 in
2089 2231 2373 2301 amplexu,
2389 2230 2754 2286 osculabatur
2764 2234 2823 2286 et
2833 2233 3070 2301 vultum,
3083 2238 3204 2289 toto
3228 2235 3472 2306 diligens

1846 2321 2060 2377 animo.
2077 2322 2316 2389 Deinde,
2331 2323 2517 2393 posita
2536 2339 2755 2393 mensa,
2777 2325 2971 2380 ferens
2981 2343 3191 2398 aquam
3206 2328 3471 2396 calidam,

1845 2413 2022 2468 facies
2037 2414 2279 2481 lavabat,
2298 2431 2524 2482 manus,
2541 2432 2763 2487 ungues
2779 2421 2837 2473 et
2856 2418 3066 2487 ulcera,
3081 2423 3138 2473 et
3153 2436 3346 2474 rursus
3366 2420 3472 2475 ad-

1847 2506 2210 2561 ministrabat
2238 2507 2361 2577 ipsa
2376 2524 2615 2578 pascens
2640 2524 2745 2579 per
2779 2508 3021 2581 singula.
3054 2511 3470 2567 Recedentibus

1846 2598 2138 2670 prabebat
2158 2614 2361 2653 aurum
2380 2600 2468 2653 vel
2492 2599 2849 2669 vestimenta,
2875 2602 2963 2656 vix
2990 2619 3103 2658 una
3120 2606 3264 2659 teste
3285 2604 3472 2659 muni-

1844 2692 1970 2746 ﬁca.
2001 2690 2253 2746 Ministra
2275 2696 2471 2746 tamen
2497 2694 2882 2763 prasumebat
2911 2711 3038 2749 eam
3062 2695 3471 2752 blandimentis

1846 2784 1924 2838 sic
1949 2785 2270 2857 appellare:
2301 2784 2673 2840 Sanctissima
2691 2785 2945 2855 domina,
2978 2787 3104 2859 quis
3119 2792 3174 2844 te
3189 2791 3472 2844 osculetur

1846 2893 1975 2948 qua
2004 2876 2083 2930 sic
2114 2877 2369 2947 leprosos
2400 2878 2803 2948 amplecteris?
2832 2879 2935 2935 Illa
2978 2882 3276 2951 respondit
3298 2882 3473 2938 bene-

1842 2971 1968 3024 vole
2002 2986 2015 3024 :
2044 2970 2188 3023 Vere
2217 2969 2264 3022 si
2293 2986 2387 3025 me
2418 2985 2535 3025 non
2563 2971 2853 3039 osculeris,
2886 2972 3021 3027 hinc
3039 2973 3183 3028 mihi
3203 2991 3340 3030 cura
3365 2991 3472 3030 nec

1845 3063 1959 3116 ulla
1984 3065 2087 3115 est.

1913 3158 2001 3211 20.
2022 3156 2160 3220 Qua
2178 3158 2393 3222 tamen,
2408 3158 2715 3226 prastante
2731 3158 2866 3225 Deo,
2882 3157 3103 3214 diverso
3123 3159 3279 3215 fulsit
3287 3160 3473 3217 mira-‘

1842 3249 1987 3303 culo.
2018 3248 2275 3319 Denique
2293 3247 2341 3301 si
2360 3248 2485 3319 quis
2508 3250 2749 3319 pustula
2768 3249 3099 3321 desperaret
3117 3252 3187 3306 de
3208 3254 3464 3323 vulnere,

1844 3340 2122 3395 offerebat
2139 3339 2401 3395 ministra
2412 3344 2623 3395 sancta
2639 3341 2839 3396 folium
2859 3343 3139 3413 pampini,
3161 3346 3467 3416 mentiens,

1842 3432 1947 3487 sibi
1969 3448 2110 3503 opus
2129 3432 2238 3487 hoc
2260 3448 2401 3486 esse.
2434 3432 2640 3504 Sicque
2667 3433 2756 3487 vix
2774 3433 3008 3489 obtento
3022 3434 3313 3506 signaculo
3332 3454 3467 3509 por-

1841 3529 1971 3580 tans
2020 3525 2094 3579 ad
2125 3525 2509 3595 desperatum,
2555 3524 2776 3579 vulneri
2823 3527 3178 3598 superposito
3218 3546 3348 3583 mox
3378 3547 3468 3586 oc-

1843 3617 2103 3672 currebat
2130 3616 2473 3671 remedium.
2505 3616 2709 3671 Itidem
2734 3617 3081 3689 frigoriticus
3097 3621 3195 3691 qui
3218 3622 3468 3677 venisset

1845 3712 1944 3765 aut
1969 3708 2294 3781 languidus,
2318 3709 2514 3763 dicens
2542 3709 2602 3764 in
2626 3710 2842 3764 somnis
2859 3728 2917 3766 se
2936 3712 3139 3766 vidisse
3165 3718 3226 3769 ut
3240 3730 3343 3784 pro
3364 3731 3466 3771 sua

1845 3803 2022 3857 salute
2046 3802 2275 3857 femina
2299 3806 2508 3858 sancta
2534 3806 2875 3873 occurreret,
2893 3804 3139 3860 offerens
3164 3808 3465 3863 candelam

1845 3895 2010 3949 alicui
2034 3912 2099 3950 ex
2125 3894 2433 3962 ministris;
2463 3912 2576 3967 qua
2602 3912 2841 3952 accensa
2861 3914 2965 3968 per
2984 3902 3211 3954 noctem
3230 3900 3466 3956 morbus

1844 3988 2159 4059 accipiebat
2199 3991 2479 4056 mortem,
2522 3989 2817 4044 morbidus
2864 3990 3192 4046 sanitatem.
3232 3993 3467 4058 Quoties

86 4084 311 4141 validis
334 4084 460 4156 ipsa
485 4083 703 4155 pariter
732 4099 795 4137 os
814 4086 870 4139 et
892 4098 1097 4137 manus
1122 4081 1401 4151 tergebat.
1418 4080 1746 4135 Hinctribus

87 4177 340 4234 ferculis
370 4176 562 4244 illatis,
586 4175 802 4230 farcitis
821 4174 1056 4241 deliciis,
1073 4178 1229 4229 stans
1248 4177 1382 4227 ante
1397 4174 1747 4244 prandentes

81 4272 325 4343 jejuna,
349 4284 607 4340 prasens
632 4266 902 4337 convivis,
926 4267 1051 4338 ipsa
1066 4266 1357 4320 incidebat
1370 4282 1603 4336 panem,
1629 4282 1747 4320 car-

85 4363 363 4429 nem,vel
377 4360 659 4432 quidquid
672 4363 1007 4431 apponeret.
1024 4358 1334 4429 Languidis
1357 4362 1551 4413 autem
1573 4363 1630 4413 et
1644 4374 1745 4412 ca-
1844 4358 2207 4430 percepisset,
2231 4359 2445 4413 cibaria
2464 4359 2588 4431 ipsa
2606 4376 2737 4415 mox
2756 4360 3214 4431 administrante,
3239 4365 3464 4434 langui-

84 4457 172 4512 cis
201 4470 328 4509 non
354 4453 617 4508 cessabat
636 4453 760 4524 ipsa
788 4451 943 4507 cibos
974 4467 1104 4507 cum
1121 4450 1402 4506 cochleari
1427 4450 1741 4521 porrigere,
1845 4450 1950 4504 dus
1975 4450 2292 4522 accipiebat
2310 4451 2500 4505 cibum
2525 4451 2742 4522 pariter
2770 4456 2827 4505 et
2861 4455 3105 4508 salutem
3128 4471 3142 4521 ;
3190 4455 3345 4524 quod
3383 4458 3466 4509 ta-

84 4551 207 4605 hoc
252 4546 635 4618 prasentibus
670 4545 910 4614 duabus,
953 4545 1053 4599 sed
1083 4560 1144 4598 se
1184 4545 1305 4598 sola
1337 4543 1649 4611 serviente,
1682 4547 1820 4624 utD
1842 4558 1977 4598 men
2007 4543 2131 4613 ipsa
2158 4542 2500 4613 imperabat,
2534 4558 2607 4597 ne
2634 4543 2761 4614 quis
2783 4545 3070 4614 proferret
3092 4545 3152 4600 in
3177 4546 3390 4602 fabula.

87 4657 251 4698 nova
262 4640 487 4695 Martha
500 4642 808 4709 satageret,
823 4638 1008 4693 donec
1027 4637 1309 4708 potulenti
1324 4636 1439 4707 [ΑΙ.
1454 4635 1745 4707 purulenti
1910 4638 1971 4690 21
1987 4675 1999 4688 .
2018 4635 2240 4699 Quanta
2255 4650 2388 4688 vero
2404 4634 2731 4705 congressio
2745 4636 3037 4706 popularis
3049 4636 3231 4692 exittit
3243 4637 3336 4692 die
3350 4655 3466 4710 qua

86 4738 298 4791 lectum
324 4748 448 4788 cum
475 4734 536 4786 in
565 4733 695 4787 Mss.
729 4733 802 4786 sit
824 4730 1123 4802 potolenti]
1152 4730 1359 4784 fratres
1390 4729 1508 4783 lati
1540 4729 1747 4783 ﬁerent
1842 4744 1902 4782 se
1923 4730 2117 4781 sancta
2143 4725 2479 4781 deliberavit
2494 4727 2818 4782 recludere!
2842 4731 2906 4782 ut
2932 4745 3074 4799 quos
3103 4730 3307 4801 platea
3344 4748 3463 4787 non

87 4825 398 4884 conviviis.
449 4826 606 4879 Tunc
647 4824 745 4878 illa
776 4839 1081 4879 removens
1117 4839 1177 4877 se
1216 4823 1341 4876 loco
1389 4825 1453 4876 ut
1490 4821 1747 4876 ablueret
1842 4822 2133 4891 caperent,
2148 4818 2522 4874 ascendentes
2538 4824 2689 4875 tecta
2705 4822 3079 4892 complerent.
3095 4822 3243 4886 Quid
3270 4828 3465 4878 autem

1845 4084 2037 4135 autem
2063 4096 2192 4135 cum
2220 4081 2583 4153 cognovisset
2608 4081 2991 4138 decubantem
3022 4084 3082 4138 in
3107 4085 3315 4141 lectulo
3330 4103 3467 4157 por-

1845 4176 1973 4228 tans
2001 4189 2177 4244 poma
2204 4174 2531 4245 peregrina,
2561 4174 2725 4230 dulce
2751 4174 2919 4230 simul
2950 4180 3008 4231 et
3036 4177 3305 4248 calidum,
3332 4180 3465 4234 refl-

1844 4266 2031 4321 ciebat
2055 4270 2338 4337 aegrotum
2371 4283 2385 4322 :
2423 4270 2482 4322 et
2510 4267 2609 4338 qui
2642 4284 2749 4323 nec
2791 4267 3014 4324 decimo
3038 4269 3161 4340 jam
3192 4270 3291 4326 'die
3329 4272 3468 4343 quid

1913 4935 1986 5006 (b)
2013 4937 2203 4991 Exstat
2223 4934 2374 5006 apud
2397 4935 2789 5003 Fortunatum,
2830 4935 2889 4990 in
2910 4936 3006 4991 lib.
3025 4954 3085 5003 Il,
3117 4954 3293 4992 carm.
3311 4941 3362 5005 3,
3391 4939 3466 4994 ad

1842 5006 2549 5078 Radegundem,quo_‘eam
2563 5006 2635 5061 ad
2648 5006 2963 5061 bibendum
2973 5008 3170 5062 vinum
3180 5008 3461 5063 hortatur.

1844 5076 2236 5131 ldem'auctor
2278 5076 2336 5129 in
2367 5076 2464 5130 lib.
2496 5093 2613 5144 Vlll,
2648 5093 2821 5130 carm.
2854 5082 2885 5131 7
2922 5094 2987 5132 ac
3034 5081 3118 5145 Η,
3155 5079 3225 5132 de
3264 5080 3467 5135 mundi

1841 5151 2176 5219 contemptu
2201 5149 2259 5200 et
2286 5146 2602 5219 reclusione
2627 5147 2810 5201 beata
2834 5148 3049 5219 regina
3070 5151 3409 5219 gratulatur.

1913 5219 1977 5292 (ᾳ)
2003 5216 2556 5292 Matriculasumitur
2572 5220 2808 5292 tumpro
2834 5216 3048 5292 libello,
3076 5216 3165 5275 cui
3184 5237 3468 5292 pauperes

1842 5288 2092 5363 ecclesia
2128 5287 2444 5363 sumptibus
2472 5287 3336 5363 alendiinscribebantur,-cum
3360 5308 3465 5363 pro

1841 5359 1976 5429 ipsis
2002 5358 2219 5482 egenis,
2253 5361 2316 5437 ut
2338 5358 2446 5412 hoc
2474 5359 2618 5439 loco.
2642 5359 2791 5440 Vide.
2809 5360 3148 5440 Gregorium
3178 5358 3469 5418 Turonen-

1843 5446 1981 5485 sem.
2014 5430 2051 5483 Ιι
2098 5469 2110 5482 .
2145 5429 2394 5483 11M1rac.
2430 5432 2606 5483 sancti
2634 5429 2877 5485 Martini.
2911 5448 2958 5485 c.
2984 5434 3070 5485 22.

1843 5446 1981 5495 sem,
2014 5445 2110 5483 llD.
2145 5446 2182 5483 Il
2208 5445 2394 5483 11111⁸80.
2430 5445 2606 5483 εθηαι
2634 5445 2877 5495 marum,
2911 5448 2958 5485 C.
2984 5445 3070 5485 22.

1917 5472 1992 5573 ((1⁷)
2011 5498 2327 5573 Missorium
2354 5515 2791 5573 nonnunquam.
2811 5472 3077 5573 designat
3106 5502 3409 5558 donarium
3434 5519 3467 5557 a

1842 5564 2388 5643 principemissum,
2418 5569 2557 5643 alias
2587 5564 3213 5643 concham‘vﬁodicam,
3254 5575 3312 5628 in
3351 5589 3463 5643 qua

1843 5640 2059 5766 aliiquid
2085 5640 2322 5712 liquoris
2350 5641 2667 5712 reponitur.
2697 5642 2821 5707 Quo
2855 5659 3024 5698 sensu
3072 5644 3165 5698 hic
3200 5640 3460 5713 usurpari

1843 5729 1894 5765 v1
1939 5729 1968 5766 e
1998 5729 2083 5766 ur.
3125 5743 3131 5749 ι

1842 5711 2083 5766 videtur.
2151 5711 2160 5712 η
2427 5711 2430 5712 ⁷
3125 5743 3131 5749 ~

1913 5782 1980 5852 (e)
2009 5782 2219 5839 Canna
2246 5786 2375 5838 sunt
2398 5782 2622 5839 fiscella
2647 5800 2747 5839 seu
2774 5800 2906 5840 vasa
2932 5783 3195 5840 viminea.

167 4940 477 5015 (a)Eadem
489 4955 627 5015 voce
642 4939 851 5015 iterum
865 4938 1040 5015 utitur
1051 4939 1391 5015 Fortunatus
1406 4936 1739 5015 infra,num.

90 5007 189 5081 2i,
235 5007 360 5083 quo
393 5011 453 5065 in
490 5012 616 5083 loco
650 5008 1214 5083 (lodexponchensis
1257 5007 1469 5083 scribit,
1494 5008 1592 5083 sub
1615 5008 1741 5077 pla-

89 5079 300 5145 centis,
350 5097 481 5135 cum
517 5080 579 5134 in
625 5080 750 5134 aliis
777 5080 1214 5151 habeatgrhsub
1247 5080 1479 5147 ﬂadone.
1523 5079 1598 5131 Ex
1629 5094 1742 5151 quo

88 5130 400 5223 intEIIi’gas
444 5151 703 5206 ﬂadones
737 5167 858 5223 esse
899 5130 1209 5223 plagehtas,
1246 5130 1397 5223 iquas
1441 5130 1741 5223 vernachle

86 5231 277 5302 [lacus
304 5220 613 5302 nostrates
639 5220 950 5302 appellant.
973 5220 1137 5302 Ap'ud
1164 5220 1504 5302 Bolla‘n‘dum
1527 5223 1675 5302 tom.
1697 5220 1741 5272 ll

90 5289 294 5359 Febr.,
338 5308 472 5363 pag.
515 5296 636 5359 105,
668 5289 733 5345 in
771 5292 979 5361 scripto
1023 5289 1247 5344 Henrici
1284 5289 1504 5363 abbatis
1541 5290 1743 5344 Centu-

87 5365 308 5421 lensis:
339 5361 484 5417 Sunt
515 5363 595 5416 ibi
617 5363 833 5416 clibana
860 5363 1132 5423 tredecim,
1164 5376 1284 5430 qua
1311 5361 1551 5414 reddunt
1572 5376 1742 5415 unum

88 5436 360 5508 quodque
379 5449 716 5508 peremtum
742 5434 919 5487 decem
943 5432 1142 5508 solidos
1170 5435 1224 5508 et
1247 5445 1419 5508 panes
1462 5434 1741 5508 trecentos,

86 5501 336 5577 ﬂatones
373 5501 434 5557 in
476 5504 685 5577 litantis
731 5503 1150 5577 unumquodque
1206 5503 1452 5577 triginta.

89 5570 477 5633 doctissimus
495 5574 759 5640 ﬂatones,
776 5570 1071 5643 placentas
1084 5573 1512 5643 interpretatur.
1529 5570 1744 5643 Udalri-

89 5666 219 5714 cus,
261 5646 324 5699 in
361 5644 458 5698 lib.
490 5660 530 5699 11
557 5641 906 5699 Consuetud.
937 5643 1213 5709 Cluniac.,
1245 5641 1373 5714 cap.
1401 5642 1435 5695 4
1472 5658 1486 5714 ;
1529 5643 1636 5695 Pro
1676 5641 1745 5695 si-

92 5713 219 5790 gno
242 5715 568 5781 ﬂadonum,
586 5714 794 5790 inquit,
803 5716 1082 5790 praemisso
1094 5713 1334 5790 generali
1337 5713 1503 5782 panis
1518 5716 1567 5766 et
1579 5714 1739 5774 casei,

91 5785 161 5846 de
190 5803 313 5843 una
338 5802 511 5841 manu
536 5800 715 5839 omnes
737 5786 933 5854 digitos
953 5787 1180 5854 inﬂecte,
1203 5788 1255 5840 et
1273 5785 1354 5839 ita
1368 5797 1587 5839 manum
1612 5798 1743 5836 cava

92 5866 145 5917 et
168 5862 236 5915 in
262 5858 608 5928 superﬁciem
637 5856 862 5911 alterius
885 5869 1046 5926 pone.
