3994 6406
145 355 246 408 661

1475 351 1644 408 VITA.
1685 352 1881 410 LIBER
1927 353 2191 409 PRIMUS.

3397 359 3497 410 662

137 456 390 515 silentia.
419 456 702 516 Prostrata
719 458 880 531 cujus
905 457 976 514 ad
1004 474 1189 530 genua
1210 463 1274 514 ut
1300 458 1628 531 dignaretur
1655 475 1782 516 ocu-
1803 472 1862 546 Α
1933 463 2037 518 .32.
2069 461 2219 516 Goda
2248 457 2434 531 puella
2460 459 2758 530 saecularis,
2781 462 2905 532 post
2933 461 3046 516 Deo
3072 461 3350 518 monacha
3377 479 3494 519 ser-

137 554 224 608 los
254 553 380 624 ejus
406 553 652 625 signare,
691 552 784 608 vix
813 552 1100 624 impetrat.
1145 554 1281 617 Quae
1317 569 1450 607 mox
1493 557 1557 608 ut
1587 553 1646 608 in
1672 571 1776 608 no-

138 647 302 702 mine
329 646 540 701 Christi
565 647 793 718 signum
818 647 996 701 crucis
1027 645 1329 716 impressit,
1356 645 1572 700 caecitas
1610 646 1775 718 fugit,

137 741 241 796 lux
269 739 480 808 rediit,
510 744 566 794 et
604 744 883 794 nocturno
910 739 1012 794 sub
1052 743 1305 811 tempore
1340 739 1494 793 orbae
1536 739 1634 793 diu
1659 739 1779 794 dies

138 833 363 888 illuxit:
393 833 477 888 ita
499 838 565 889 ut
584 837 761 888 tracta
786 848 917 887 cum
943 832 1205 904 venisset,
1237 832 1394 887 nullo
1421 833 1657 887 ducente
1685 849 1775 888 re-

135 927 394 982 cederet.

211 1022 306 1074 28.
363 1021 506 1073 Item
551 1018 742 1090 puella
773 1017 1064 1073 Fraiﬂedis
1089 1060 1103 1088 ,
1155 1017 1387 1072 inimico
1437 1017 1774 1088 instigante,

136 1113 284 1167 dum
312 1115 678 1184 torqueretur
701 1116 818 1166 tam
847 1112 1110 1182 nequiter
1134 1127 1315 1165 sacras
1352 1110 1485 1181 [Al.,
1519 1111 1771 1182 Suaadas]

137 1205 298 1260 inter
323 1221 528 1259 manus
562 1209 789 1273 sancta),
821 1221 924 1258 nec
955 1204 1083 1258 data
1119 1203 1403 1273 dilatione,
1435 1203 1619 1258 curari
1643 1219 1776 1274 pro-

136 1299 380 1353 meruit.
422 1300 533 1352 Nec
557 1298 691 1352 illuc
731 1301 1122 1368 praetereatur,
1164 1299 1384 1366 tempus
1422 1297 1601 1350 beatae
1627 1296 1778 1366 quod

135 1390 430 1461 prtestitit.
449 1390 598 1461 (Sic).
615 1390 846 1445 Femina
859 1390 1122 1461 quaedam
1135 1389 1377 1445 Leubilis
1392 1390 1529 1444 dum
1549 1403 1776 1444 vexare-

137 1489 240 1537 tur
259 1483 322 1537 in
341 1499 479 1537 rure
492 1483 562 1537 ab
585 1483 903 1538 adversario
917 1482 1182 1553 graviter,
1198 1482 1454 1553 sequenti
1476 1481 1565 1536 die
1584 1483 1773 1534 sancta

136 1578 367 1645 orante,
405 1591 550 1630 nova
587 1575 793 1630 Christi
828 1575 1116 1630 curatione
1156 1575 1216 1629 in
1253 1576 1479 1645 scapula
1515 1576 1778 1644 crepante

134 1673 270 1723 cute
295 1709 310 1735 ,
374 1673 431 1723 et
481 1684 674 1723 verme
725 1667 873 1722 foras
924 1672 1194 1737 exeunte,
1244 1684 1379 1734 sana
1425 1671 1510 1721 est
1559 1665 1780 1720 reddita

134 1761 374 1833 publice
399 1780 415 1830 ;
457 1765 514 1816 et
535 1761 725 1833 ipsum
752 1776 1003 1816 vermem
1044 1761 1261 1815 calcans
1291 1760 1433 1830 pede
1458 1759 1695 1813 liberata
1719 1772 1777 1811 se

137 1854 365 1909 retulit.

207 1951 302 2002 29.
349 1948 492 2002 Illud
533 1948 684 2019 quod
730 1947 902 2018 gessit
942 1947 1003 2001 in
1055 1948 1267 2001 secreto
1291 1987 1304 2012 ,
1345 1943 1662 2016 proferatur
1716 1943 1777 1998 in

130 2041 448 2112 populum.
470 2041 743 2095 Monacha
762 2040 1022 2111 quadam
1049 2042 1167 2094 toto
1193 2054 1363 2106 anno,
1393 2037 1452 2092 in
1480 2038 1568 2092 die
1596 2036 1779 2107 gelata

133 2134 382 2204 frigore,
433 2150 537 2205 per
582 2137 805 2188 noctem
849 2135 1092 2187 cremata
1140 2131 1279 2201 igni,
1336 2147 1432 2185 sex
1486 2129 1777 2184 mensibus

129 2243 244 2282 nec
271 2243 534 2297 gressum
559 2242 812 2294 movens,
843 2242 980 2282 cum
1001 2226 1212 2295 jaceret
1237 2224 1528 2291 exanimis,
1562 2223 1776 2277 Sanctae

131 2320 209 2374 de
251 2320 377 2390 ejus
414 2319 744 2373 inﬁrmitate
783 2335 947 2373 soror
982 2318 1156 2372 altera
1196 2317 1489 2372 nuntiavit.
1543 2318 1608 2370 Et
1645 2315 1777 2386 quia

130 2412 436 2483 perinanis
496 2416 678 2481 esset,
748 2411 998 2482 tepidam
1056 2409 1178 2464 ﬁeri
1241 2409 1538 2480 pracipit,
1593 2408 1775 2478 ipsam

132 2509 424 2575 aegrotam
450 2505 521 2559 ad
547 2521 605 2559 se
630 2504 761 2558 facit
785 2504 843 2557 in
870 2503 1069 2557 cellula
1103 2503 1387 2573 deportari
1422 2506 1477 2556 et
1501 2501 1562 2555 in
1588 2502 1776 2572 tepida

132 2597 376 2668 deponi.
431 2597 571 2652 Hinc
612 2597 778 2668 jubet
831 2611 1026 2650 omnes
1076 2595 1392 2662 removeri,
1442 2598 1774 2648 remanente

129 2695 370 2745 tantum
421 2691 537 2744 sola
591 2689 760 2744 simul
807 2692 1021 2758 aegrota
1073 2703 1204 2741 cum
1250 2686 1467 2742 medica
1507 2687 1625 2741 fere
1669 2703 1773 2757 per

128 2784 316 2837 horas
365 2783 527 2838 duas.
570 2783 858 2846 Quantum
893 2786 974 2835 est
1010 2779 1256 2851 corporis
1299 2780 1480 2834 forma
1517 2796 1550 2832 a
1593 2779 1774 2850 capite

126 2891 326 2946 usque
377 2876 450 2929 ad
498 2876 751 2946 plantam
781 2916 794 2942 ,
844 2873 1070 2928 inﬁrma
1111 2872 1364 2928 membra
1411 2872 1771 2942 combajulat.

127 2967 366 3024 Dehinc
412 2984 525 3039 quo
564 2984 770 3022 manus
808 2967 1156 3038 attingebat,
1213 2965 1465 3037 fugiebat
1505 2966 1661 3020 dolor
1705 2966 1774 3020 de

124 3061 452 3132 languida;
481 3065 538 3116 et
565 3076 736 3131 quam
778 3061 905 3115 duae
935 3060 1338 3130 deposuerant,
1371 3058 1507 3113 exiit
1538 3057 1776 3112 salubris

126 3156 208 3210 de
243 3153 453 3224 tepida.
483 3154 620 3217 Quae
655 3153 852 3207 vinum
889 3168 992 3207 nec
1029 3151 1315 3220 odorabat,
1353 3151 1584 3221 accepit,
1612 3150 1772 3217 bibit,

126 3253 193 3302 et
227 3247 441 3301 refecta
483 3251 586 3301 est.
625 3245 768 3310 Quid
809 3245 1014 3316 plura?
1044 3243 1310 3316 Sequenti
1352 3243 1440 3298 die
1483 3259 1613 3297 cum
1651 3243 1773 3314 jam

125 3343 468 3412 speraretur
508 3337 625 3410 [pro
645 3337 987 3408 crederetur]
1011 3337 1258 3408 migrare
1279 3336 1346 3390 de
1367 3336 1568 3390 saeculo
1592 3377 1606 3406 ,
1630 3337 1775 3390 salva

127 3432 420 3505 processit
447 3432 508 3486 in
534 3431 848 3502 publicum.

211 3527 308 3579 30.
359 3523 670 3594 Adjiciatur
717 3522 872 3577 laudi
921 3522 1070 3592 quod
1123 3537 1238 3575 non
1282 3520 1501 3591 deperit
1548 3520 1771 3574 merito.

124 3616 348 3673 Mulier
369 3615 634 3687 quaedam
657 3615 795 3669 dum
813 3614 1031 3668 inimici
1053 3613 1340 3668 invasione
1361 3612 1606 3683 graviter
1624 3612 1775 3665 labo-

125 3713 318 3777 raret,
348 3713 402 3762 et
430 3708 520 3762 vix
546 3708 617 3762 ad
643 3712 897 3763 sanctam
921 3707 1232 3778 potuissent
1258 3706 1479 3760 hostem
1505 3704 1775 3760 rebellem

126 3802 466 3868 adducere;
525 3801 777 3870 imperat
835 3800 1190 3865 adversario,
1247 3801 1310 3852 ut
1365 3814 1423 3852 se
1483 3814 1583 3851 suo
1645 3813 1776 3851 cum

127 3897 353 3950 timore
378 3892 702 3962 pavimento
737 3895 1135 3962 prosterneret.
1176 3892 1296 3944 Mox
1337 3890 1407 3944 ad
1443 3890 1618 3944 beatae
1656 3906 1772 3944 ser-

127 4001 381 4042 monem
425 3985 484 4038 in
537 3989 749 4039 terram
805 4001 862 4039 se
911 3984 1214 4055 dejiciens,
1270 3983 1367 4052 qui
1431 3982 1771 4051 timebatur,

124 4078 434 4135 extimuit.
479 4077 583 4132 Cui
622 4072 811 4132 sancta
860 4077 1028 4147 plena
1070 4075 1180 4130 ﬁde
1230 4091 1362 4128 cum
1409 4075 1675 4129 calcasset
1713 4075 1773 4128 in

125 4171 396 4238 cervice,
426 4170 588 4224 ﬂuxu
622 4170 831 4224 ventris
871 4184 1128 4240 egressus
1166 4172 1270 4222 est.
1311 4169 1405 4221 Est
1441 4171 1496 4221 et
1523 4167 1581 4220 in
1609 4167 1777 4221 rebus

126 4263 405 4321 minimis
448 4279 659 4333 magna
704 4262 885 4333 gloria
932 4261 1214 4315 creatoris.
1271 4263 1420 4330 Ergo
1469 4277 1600 4314 casu
1647 4275 1778 4314 cum

128 4358 376 4429 glomus
416 4370 587 4426 quem
625 4359 816 4408 sancta
855 4355 1124 4422 ﬁlaverat,
1166 4353 1544 4423 perpenderet
1581 4353 1650 4407 de
1686 4368 1774 4406 ca-

126 4465 328 4514 mera,
368 4448 602 4502 veniens
644 4463 808 4501 sorex
846 4450 911 4500 ut
957 4451 1233 4516 tangeret,
1276 4449 1579 4516 antequam
1615 4445 1777 4500 ﬁlum

125 4540 446 4606 incideret,
474 4543 731 4594 mortuus
758 4538 815 4591 in
843 4554 1036 4592 morsu
1062 4537 1350 4608 pependit.

217 4637 310 4688 3t.
343 4634 630 4687 lnseratur
666 4631 822 4702 operi
857 4647 945 4686 res
972 4634 1090 4685 tam
1120 4631 1295 4701 digna
1327 4628 1621 4683 miraculo.
1652 4628 1772 4682 Flo-

127 4727 300 4784 reius
337 4724 567 4795 quidam
614 4724 865 4792 nomine,
901 4724 1072 4778 homo
1117 4723 1373 4792 ejusdem
1408 4726 1633 4790 sanctae,
1675 4737 1776 4791 pro

128 4817 459 4894 piscatione
488 4816 626 4871 dum
651 4817 712 4870 in
740 4832 894 4870 mare
921 4820 1220 4888 satageret,
1261 4815 1454 4868 oborto
1481 4817 1778 4868 ventorum

97 4910 382 4983 turbine
408 4951 422 4979 ,
465 4909 744 4963 ﬂuctuum
791 4912 1059 4980 surgente
1104 4908 1250 4962 mole
1275 4949 1288 4974 ,
1330 4923 1433 4962 nec
1468 4911 1585 4961 tam
1610 4911 1780 4961 nauta

129 5002 475 5061 sentinante
504 5001 809 5072 [sentinam
846 5000 1122 5072 ejiciente]
1157 5042 1170 5068 ,
1199 5016 1372 5071 quam
1396 4999 1550 5053 unda
1581 5015 1777 5069 super-

128 5099 444 5167 vergente,
487 5110 618 5149 cum
666 5094 821 5148 navis
860 5095 1027 5164 plena
1072 5093 1552 5163 submergeretur,
1592 5091 1651 5146 in
1691 5107 1784 5146 ex-

131 5188 442 5247 tremitate
493 5187 740 5242 clamat:
801 5186 1002 5242 Sancta
1057 5185 1444 5256 Radegundis,
1500 5185 1636 5239 dum
1681 5185 1784 5238 tibi

133 5280 493 5349 obedimus,
537 5296 650 5333 non
698 5278 1050 5333 subsidamus
1093 5277 1409 5348 naufragio,
1463 5277 1561 5330 sed
1596 5277 1784 5331 obtine

130 5374 306 5447 apud
336 5374 514 5427 Deum
546 5377 609 5426 ut
631 5372 938 5427 liberemur
962 5371 1030 5425 de
1057 5371 1275 5441 pelago.
1299 5371 1418 5433 Quo
1445 5369 1611 5436 dicto,
1651 5385 1784 5423 mox

137 5471 356 5538 fugata
380 5465 555 5534 nube,
578 5464 795 5519 reddita
820 5463 1137 5534 serenitate,
1164 5463 1315 5518 unda
1339 5462 1590 5528 cadente,
1619 5478 1788 5532 prora

139 5558 428 5619 surrexit.

229 5705 306 5772 (α)
335 5704 618 5781 Nonergo
639 5699 1026 5781 Radegundis,
1050 5699 1368 5781 ut‘quidam
1382 5700 1669 5781 asserunt,
1693 5699 1789 5778 sed

144 5769 352 5845 Agnes
380 5769 837 5845 abbatissaerat,
877 5771 1031 5845 quod
1076 5769 1683 5845 etiamexFortunato
1728 5769 1788 5822 in

144 5840 255 5905 lib.
282 5861 406 5914 vni,
425 5859 551 5912 cap.
571 5845 623 5913 8,
646 5842 713 5897 de
736 5840 1086 5913 Virginitate,
1113 5841 1406 5897 manifeste
1423 5842 1653 5910 apparet
1666 5843 1789 5895 tum

1876 555 2032 611 viens
2051 597 2064 624 ,
2097 555 2234 608 dum
2271 554 2440 624 longo
2467 554 2568 608 sub
2600 558 2851 624 tempore
2875 597 2888 621 ,
2922 555 3066 609 lecto
3103 555 3302 610 ﬂebilis
3325 556 3495 611 decu-

1877 651 2056 716 baret,
2080 652 2134 702 et
2159 648 2414 718 impenso
2438 647 2614 701 multo
2640 647 3013 703 medicamine
3033 649 3159 718 plus
3179 651 3493 720 langueret,

1878 743 2024 796 facta
2063 740 2294 796 candela
2331 740 2402 794 ad
2438 756 2764 795 mensuram
2807 757 2924 795 sua:
2967 745 3214 811 staturae,
3260 743 3496 798 Domino

1876 835 2181 889 miserante
2228 834 2288 887 in
2345 833 2573 888 nomine
2623 839 2830 888 sanctae
2880 833 3143 904 feminae,
3199 852 3310 906 qua
3357 837 3496 890 hora

1877 927 2054 998 frigus
2105 927 2372 997 spiraret,
2429 928 2620 982 lumen
2676 927 2930 982 accendit
2970 930 3027 982 et
3069 927 3279 997 tenuit,
3336 930 3496 1000 cujus

1875 1018 2145 1076 beneﬁcio
2171 1025 2300 1074 ante
2329 1020 2522 1091 fugata
2563 1022 2695 1075 sunt
2717 1019 2964 1091 frigora,
2992 1037 3163 1091 quam
3189 1025 3332 1077 esset
3357 1038 3490 1077 can-

1877 1114 1999 1168 dela
2029 1117 2381 1182 consumpta.

1947 1209 2034 1262 33.
2074 1205 2129 1260 Si
2159 1209 2386 1275 prepter
2418 1205 2748 1261 brevitatem
2788 1206 2965 1262 multa
3013 1207 3495 1277 praetermittimus

1878 1298 2004 1369 plus
2047 1314 2361 1368 peccamus.
2410 1299 2585 1368 Igitur
2631 1301 2886 1369 purgatis
2935 1300 3199 1356 velociter
3241 1301 3494 1372 reliquis,

1878 1391 2050 1446 dilato
2092 1391 2381 1459 remedio,
2433 1392 2768 1462 carpentarii
2823 1393 3113 1463 cujusdam
3165 1410 3307 1448 uxor
3357 1395 3496 1450 dum

1877 1483 2136 1554 plurimis
2149 1483 2346 1538 diebus
2359 1500 2748 1555 energumeno
2761 1485 2867 1556 (sic)
2885 1489 3257 1556 torqueretur,
3273 1503 3498 1542 venera-

1876 1576 1999 1630 bilis
2026 1577 2148 1646 ejus
2177 1575 2455 1630 abbatissa
2487 1577 2558 1648 (a)
2584 1577 2912 1647 joculariter
2941 1579 3074 1633 dicit
3100 1579 3170 1634 ad
3198 1585 3449 1634 sanctam
3473 1599 3488 1636 :

1876 1669 2067 1734 Crede,
2095 1672 2297 1737 mater,
2321 1669 2747 1724 excommunico
2770 1674 2846 1739 te,
2869 1671 2913 1724 si
2942 1671 3088 1724 intra
3111 1672 3217 1725 hoc
3244 1673 3496 1727 triduum

1875 1761 2078 1815 mulier
2119 1761 2240 1814 haec
2283 1762 2352 1815 ab
2399 1762 2557 1817 hoste
2596 1766 2836 1833 purgata
2879 1779 2994 1818 non
3035 1764 3308 1819 redditur.
3349 1766 3498 1820 Dixit

1794 1838 1849 1908 Β
1872 1853 2060 1923 plane,
2083 1853 2177 1907 sed
2199 1853 2329 1908 fecit
2349 1860 2599 1908 sanctam
2629 1855 2928 1909 mulierem
2957 1856 3172 1910 occulte
3199 1856 3490 1912 reﬁciendi

1877 1948 2127 2015 tempore
2150 1945 2538 2015 poenitentem.
2557 1947 2715 2011 Quod
2742 1964 2811 2001 ne
2837 1963 3128 2002 moremur
3146 1949 3282 2018 quid
3303 1953 3495 2004 actum

1877 2037 1967 2106 sit,
2008 2038 2180 2091 altera
2220 2037 2310 2091 die
2352 2043 2542 2092 sancta
2579 2044 2844 2109 precante
2884 2040 3237 2094 adversarius
3266 2043 3498 2112 rugiens

1877 2145 1978 2200 per
2025 2145 2222 2184 aurem
2271 2130 2586 2201 egrediens,
2633 2130 2894 2184 invasum
2929 2133 3220 2186 vasculum
3270 2133 3496 2204 deserit,

1876 2221 2082 2276 mulier
2127 2239 2257 2277 cum
2304 2223 2509 2277 marito
2561 2239 2752 2293 sospes
2803 2223 2949 2278 redit
3000 2224 3336 2294 hospitium.
3389 2227 3498 2282 Nec

1875 2314 2010 2369 illud
2040 2319 2409 2385 praetereatur
2433 2315 2584 2386 quod
2609 2319 2903 2370 estactum
2923 2315 3296 2373 simillimum.
3318 2320 3500 2389 Rogat

1873 2407 2195 2462 beatissima
2225 2409 2292 2462 de
2317 2408 2438 2462 loco
2464 2425 2568 2462 suo
2596 2408 2755 2464 evelli
2779 2408 3040 2462 arborem
3063 2410 3305 2464 validam
3329 2412 3494 2482 lauri,

1875 2505 1930 2554 et
1954 2500 2023 2553 ad
2048 2517 2209 2554 suam
2237 2500 2498 2555 cellulam
2510 2486 2633 2588 [pro
2652 2495 3344 2576 jucunditate3transferri.
3377 2506 3496 2568 Quo

1873 2593 2036 2659 facto,
2078 2593 2506 2663 transplantata,
2548 2609 2663 2647 non
2701 2594 3023 2650 adhaerente
3053 2595 3256 2664 radice,
3292 2596 3355 2650 ﬁt
3381 2600 3497 2650 tota

1873 2685 2017 2740 foliis
2047 2686 2221 2740 arida.
2262 2686 2363 2740 Cui
2402 2686 2675 2740 abbatissa
2705 2686 3031 2756 joculariter
3067 2688 3330 2758 imputat,
3385 2689 3495 2743 nisi

1874 2782 2129 2833 exoraret
2161 2781 2224 2831 ut
2259 2779 2425 2832 arbor
2454 2781 2620 2832 terrae
2655 2779 2987 2849 adhaareret,
3021 2797 3078 2835 se
3115 2780 3185 2835 de
3215 2780 3336 2835 cibo
3366 2797 3489 2835 sus-

1874 2871 2164 2942 penderet.
2197 2872 2354 2934 Quod
2383 2888 2498 2924 non
2532 2871 2775 2926 inaniter
2805 2873 3016 2926 dictum
3042 2877 3160 2928 est:
3193 2875 3331 2927 Nam
3360 2891 3491 2927 san-

1874 2968 1961 3018 cta
1985 2964 2385 3034 intercedente,
2422 2964 2589 3034 foliis,
2633 2965 2825 3033 ramis,
2855 2965 3043 3020 radice
3081 2966 3271 3020 laurus
3296 2966 3495 3021 siccata

1875 3056 2124 3111 reviruit.

1947 3150 2033 3203 34.
2050 3151 2126 3204 De
2147 3149 2531 3203 monachabus
2550 3149 2815 3220 quaedam
2835 3149 2941 3204 sibi
2961 3149 3309 3218 familiarior,
3336 3152 3495 3221 cujus

1873 3263 1942 3302 ex
1973 3248 2212 3301 humore
2250 3247 2479 3316 sanguis
2504 3251 2827 3301 contexerat
2854 3247 3082 3301 oculum
3101 3289 3116 3316 ,
3143 3248 3495 3319 apprehensa

1872 3340 2048 3394 herba
2072 3339 2390 3409 absynthio,
2418 3355 2590 3409 quam
2619 3343 2811 3393 sancta
2847 3339 2992 3393 circa
3019 3344 3212 3410 pectus
3243 3345 3304 3394 ut
3327 3341 3494 3395 refri-

1875 3436 2094 3503 geraret
2111 3432 2402 3498 habuerat,
2431 3447 2561 3484 cum
2580 3446 2748 3500 super
2767 3431 2995 3484 oculum
3015 3432 3223 3501 posuit,
3251 3432 3411 3487 dolor
3435 3438 3495 3488 et

1875 3541 2038 3578 cruor
2076 3540 2207 3578 mox
2247 3522 2484 3593 effugit;
2526 3527 2581 3578 et
2619 3523 2688 3578 de
2727 3523 3002 3578 viriditate
3044 3523 3236 3578 herbae
3274 3525 3492 3594 puritas

1871 3617 2010 3672 lucis
2026 3616 2276 3671 emicuit.
2298 3617 2608 3670 Revocetur
2625 3615 2902 3670 memoria
2921 3616 3073 3686 quod
3093 3616 3325 3671 tacitum
3344 3633 3491 3687 pene

1874 3711 2161 3782 praeteriit.
2219 3710 2544 3764 Anderedus
2600 3727 2774 3780 agens
2831 3711 3086 3779 ejusdem
3150 3711 3491 3767 beatissimae

1873 3821 1994 3858 cam
2045 3803 2148 3858 sibi
2189 3802 2287 3856 filii
2327 3806 2693 3858 nascerentur
2716 3844 2730 3871 ,
2786 3818 2926 3872 quos
2976 3805 3041 3856 ut
3090 3803 3304 3858 videret
3352 3820 3488 3858 mox

1872 3897 2148 3967 perderet,
2201 3900 2257 3950 et
2305 3895 2574 3966 cogitaret
2617 3894 2853 3965 sepelire
2898 3899 3080 3949 mater
3133 3895 3305 3949 tristis
3353 3897 3491 3951 dum

1873 3992 2113 4060 pareret,
2160 3987 2461 4044 exanimen
2503 3988 2848 4042 infantulum
2889 3989 3186 4060 lacrymosi
3236 3994 3491 4059 parentes

1866 4081 2082 4152 jactant
2130 4080 2188 4134 in
2231 4084 2435 4134 sanctae
2489 4079 2753 4134 cilicium.
2805 4080 2911 4144 Qui
2952 4085 3017 4134 ut
3065 4081 3490 4136 saluberrimam

1874 4179 2084 4229 vestem
2109 4189 2240 4228 mox
2269 4173 2442 4244 panni
2468 4172 2669 4227 nobilis
2701 4173 2920 4243 attigit,
2948 4173 3019 4228 ad
3047 4173 3295 4228 ofﬁcium
3325 4175 3490 4230 vitale

1876 4266 2019 4320 redit
2034 4267 2217 4321 infans
2237 4267 2306 4320 de
2325 4265 2544 4335 funere,
2572 4271 2628 4321 et
2652 4265 2859 4320 rubens
2882 4266 3025 4321 levat
3041 4267 3106 4320 de
3124 4267 3293 4337 pallio
3313 4269 3492 4339 pallor

1875 4359 2092 4414 vicinus
2118 4358 2189 4412 ad
2217 4359 2520 4413 tumulum.

1944 4454 2033 4506 35.
2064 4451 2197 4515 Quis
2220 4454 2484 4505 numeret
2503 4448 2782 4503 mirabilia
2799 4465 2926 4520 qua
2952 4449 3157 4504 Christi
3177 4451 3494 4506 misericors

1797 4543 1854 4614 D
1878 4547 2142 4614 operatur
2174 4542 2469 4596 clementia
2487 4542 2514 4594 ?
2541 4539 2764 4594 Animia
2798 4541 3082 4595 monacha
3108 4541 3246 4596 dum
3275 4547 3494 4598 tantum

1873 4634 2139 4706 hydropis
2164 4634 2360 4688 morbo
2390 4633 2689 4686 tumefacta
2709 4632 3054 4699 tenderetur,
3084 4636 3150 4686 ut
3174 4635 3321 4688 salus
3347 4641 3492 4690 esset

1876 4728 1933 4781 in
1961 4727 2182 4793 ultimo,
2222 4731 2278 4780 et
2314 4726 2594 4796 deputata:
2638 4740 2854 4778 sorores
2882 4729 3204 4795 spectarent
3231 4743 3343 4796 quo
3370 4745 3492 4782 mo-

1876 4825 2067 4876 mento
2094 4819 2380 4874 exhalaret
2413 4817 2696 4888 spiritum,
2734 4817 2851 4871 visa
2877 4821 2960 4872 est
2989 4817 3069 4871 illi
3105 4834 3206 4887 per
3235 4836 3496 4890 soporem

1879 4930 2008 4968 cum
2035 4913 2349 4968 veneranda
2373 4911 2646 4965 abbatissa
2674 4911 2840 4965 beata
2873 4911 3254 4981 Radegundis,
3289 4913 3350 4966 in
3375 4913 3495 4968 bal-

1882 5023 1988 5061 neo
2029 5007 2148 5060 sine
2177 5005 2395 5076 liquore
2428 5004 2638 5058 nudam
2656 5003 2857 5074 jubere
2885 5003 3242 5058 descendere.
3286 5006 3497 5062 Deinde

1882 5115 2083 5154 manus
2126 5101 2308 5155 Beataz
2351 5097 2468 5151 visa
2508 5101 2591 5152 est
2633 5097 2817 5151 oleum
2863 5100 3090 5166 aegrota:
3134 5114 3304 5168 super
3332 5103 3504 5171 caput

1885 5187 2190 5254 effundere,
2245 5192 2301 5241 et
2350 5203 2492 5240 nova
2540 5189 2690 5240 veste
2740 5190 3059 5257 contegere.
3107 5188 3225 5250 Quo
3276 5194 3497 5258 peracto

1885 5280 2172 5351 mysterio,
2203 5278 2486 5351 evigilanti
2512 5280 2579 5333 de
2605 5295 2802 5349 sopore
2830 5280 2898 5334 de
2929 5281 3125 5334 morbo
3154 5281 3295 5334 nihil
3323 5298 3496 5353 appa-

1885 5374 2017 5442 ruit,
2046 5373 2123 5427 ita
2151 5377 2214 5427 ut
2251 5388 2354 5428 nec
2381 5373 2754 5441 subsudasset,
2799 5375 2856 5427 et
2885 5372 3037 5427 intus
3066 5390 3213 5444 aqua
3237 5391 3500 5430 consum-

1886 5469 1984 5537 pta
2010 5465 2098 5520 sit.
2126 5466 2245 5529 Quo
2266 5481 2410 5519 novo
2437 5465 2540 5519 sub
2564 5465 2839 5520 miraculo
2867 5483 2982 5519 non
3003 5465 3235 5538 reliquit
3258 5467 3316 5521 in
3341 5471 3502 5522 utero

1887 5575 1990 5614 nec
2023 5558 2207 5613 morbi
2235 5558 2550 5629 vestigium.
2592 5559 2733 5612 Nam
2772 5575 2899 5630 quae
2936 5559 3270 5616 credebatur
3297 5560 3503 5615 deferri

1890 5699 2057 5753 etiam
2101 5716 2168 5752 ex
2209 5700 2304 5754 lib.
2344 5716 2383 5753 Il
2423 5700 2583 5768 Vitae,
2627 5699 2792 5767 infra,
2832 5716 2995 5756 num.
3034 5705 3085 5757 5.
3127 5701 3270 5768 Lege
3309 5715 3502 5752 rursus

1890 5771 2286 5842 Fortunatum,
2309 5770 2368 5842 in
2393 5771 2489 5824 lib.
2526 5786 2640 5839 vm,
2667 5787 2839 5842 carm.
2871 5772 2921 5839 4,
2951 5769 3050 5842 qui
3081 5770 3323 5824 carmine
3346 5771 3398 5836 3,
3429 5769 3497 5825 de

1889 5840 2118 5912 Agnetis
2145 5841 2393 5899 natalitio
2421 5841 2752 5913 Radegundi
2782 5840 3112 5913 gratulatur.
