3994 6416
508 365 605 416 663
1483 359 1734 414 SANCTA
1774 358 2210 424 RADEGUNDIS,
2252 359 2497 414 REGINA
2537 360 2859 415 FRANCDE.
3791 360 3912 412 664

506 483 758 541 praeceps
781 469 852 524 ad
878 465 1182 535 tumulum,
1211 465 1353 520 levat
1373 465 1443 519 ad
1468 481 1695 520 cursum
1719 465 1788 519 de
1812 463 2038 530 lectulo,
2061 467 2123 519 ut
2143 476 2200 548 Α
2293 468 2379 519 38.
2427 466 2910 520 Commemoretur
2957 469 3013 520 et
3060 464 3201 520 illud
3251 466 3443 523 nobile
3490 467 3735 524 factum
3797 482 3916 538 per

509 562 618 617 olei
673 560 1056 616 testimonium
1117 559 1254 613 odor
1307 557 1516 613 inesset
1563 557 1759 629 capitis
1810 561 1865 611 et
1912 557 2122 611 ventris
2143 557 2524 629 /somnium.
2556 559 2834 613 Tribunus
2863 557 3015 628 ﬁsci,
3054 563 3436 629 cognomento
3467 559 3910 627 Domolenus,

509 585 618 617 0181
674 585 1056 616 ωδιιωυιιιυω
1117 585 1254 613 υυυτ
1309 585 1516 613 ιυυδδυι
1563 585 1759 629 υᾶυιυδ
1810 585 1865 611 Cl.
1919 585 2122 611 νυυιιιδ
2219 585 2524 613 δυιυιιιιωι.
2566 585 2834 613 ιι-ωιωυδ
2864 585 3015 628 υδυι,
3054 585 3436 629 υυδιιυιιιυυιυ
3467 585 3910 627 υυιιιυιυιιιιδ,

468 707 474 712 ,
510 655 664 708 nulla
686 652 976 724 pernicies.
2068 585 2198 693 \/
2221 649 2310 704 die
2323 667 2434 721 qua
2453 651 2799 706 sanctissima
2817 650 3082 723 migravit
3096 651 3165 706 de
3188 652 3416 722 saeculo,
3442 653 3589 708 dum
3619 653 3917 726 graviter

576 749 664 801 36.
715 745 1039 800 Proferatur
1085 744 1145 798 in
1193 743 1380 798 medio
1421 759 1535 814 quo
1581 744 1893 815 gratuletur
1943 743 2118 814 regio.
2220 744 2596 799 suifocationis
2621 745 2894 816 languore
2923 747 3074 799 totus
3095 745 3381 813 deﬁceret,
3409 746 3738 802 videbatur
3770 746 3914 818 ipse

507 839 758 904 Quadem
803 838 922 893 vice
965 837 1337 892 obumbrante
1377 837 1498 908 jam
1550 837 1730 892 noctis
1771 835 2118 908 crepusculo,
2219 837 2370 908 quod
2398 841 2590 892 sancta
2620 837 2680 892 in
2719 839 2906 892 vicum
2951 838 3072 909 ejus
3103 840 3479 912 dignabiliter
3508 840 3910 895 accessisset.

508 933 654 987 inter
688 932 977 986 choraulas
1013 931 1083 1001 (a)
1114 935 1169 986 et
1201 931 1444 986 citharas
1480 931 1618 985 dum
1654 930 1799 985 circa
1833 934 2120 985 monaste-
2221 931 2425 1000 Currit,
2449 931 2672 994 salutat,
2690 931 3323 1004 interrogatquidbeata
3343 933 3702 1005 requireret.
3729 935 3915 987 Tunc

505 1026 659 1080 rium
715 1043 750 1080 a
795 1025 1153 1080 saecularibus
1198 1025 1376 1078 multo
1415 1023 1643 1078 fremitu
1683 1027 2024 1092 cantaretur,
2067 1025 2122 1076 et
2220 1022 2339 1094 ipsa
2368 1023 2501 1078 dicit
2527 1024 2677 1095 quod
2708 1025 2779 1079 ad
2797 1041 2929 1080 eum
2948 1025 3059 1080 illic
3079 1025 3392 1080 videndum
3411 1025 3798 1098 pervenerit.
3831 1027 3908 1082 Et

506 1120 705 1175 Sancta
732 1119 946 1174 duabus
969 1117 1202 1172 testibus
1223 1121 1533 1188 perorasset
1552 1116 1784 1184 diutius,
1806 1115 1944 1170 dicit
1961 1131 2118 1186 quaa-
2220 1115 2352 1187 quia
2378 1120 2570 1170 votum
2608 1117 2785 1187 plebis
2824 1122 2946 1172 erat
2973 1122 3038 1172 ut
3080 1117 3230 1173 beati
3273 1119 3503 1174 Martini
3549 1119 3914 1174 oratorium

507 1213 638 1268 dam
666 1211 940 1266 monacho.
959 1226 1216 1266 sermone
1228 1210 1466 1282 joculari
1492 1227 1506 1264 :
1539 1209 1794 1275 Domina,
1819 1208 2120 1280 recognovi
2219 1208 2554 1278 conderent;
2587 1209 2962 1281 apprehendit
2989 1209 3209 1265 tribuni
3246 1227 3488 1266 manum
3536 1212 3912 1267 beatissima

507 1320 681 1360 unam
729 1305 798 1360 de
844 1303 985 1359 meis
1023 1303 1252 1358 canticis
1290 1302 1620 1358 saltantibus
1665 1300 1978 1372 praedicari.
2020 1299 2121 1355 Cui
2220 1301 2427 1356 dicens:
2446 1303 2557 1356 Hoc
2576 1302 2697 1356 loco
2717 1302 2829 1358 sint
2845 1302 3177 1358 confessoris
3196 1304 3547 1360 veneranda:
3563 1305 3903 1376 reliquim;

508 1397 830 1468 respondit:
879 1397 1100 1452 Grande
1143 1399 1228 1452 est
1274 1395 1319 1450 si
1374 1398 1428 1450 te
1476 1395 1710 1450 delectat
1764 1393 2121 1464 conjunctam
2221 1409 2322 1464 per
2348 1394 2453 1448 hoc
2485 1394 2751 1450 aadificate
2779 1395 3059 1466 templum
3088 1397 3242 1468 quod
3272 1396 3381 1451 sibi
3413 1397 3572 1452 dicat
3605 1396 3912 1469 dignissi-

507 1489 768 1562 religioni
783 1489 978 1544 audire
993 1489 1223 1545 odorem
1242 1487 1451 1543 saeculi.
1474 1487 1671 1542 Adhuc
1691 1502 1854 1541 soror
1874 1501 2124 1556 pronun~
2220 1502 2401 1540 mum.
2432 1487 2605 1550 Quale
2635 1487 2732 1542 Dei
2750 1487 3118 1558 mysterium!
3149 1488 3608 1545 fundamentum
3637 1495 3703 1545 et
3735 1490 3911 1562 pavi~

505 1585 639 1640 tiat:
671 1584 812 1638 Vere
835 1624 849 1652 ,
896 1581 1132 1637 Domina
1155 1623 1168 1650 ,
1211 1582 1348 1636 duas
1392 1585 1449 1635 et
1477 1585 1590 1635 tres
1629 1579 1720 1634 hic
1763 1579 1928 1634 modo
1965 1595 2122 1632 meas
2219 1583 2475 1634 mentum
2503 1583 2790 1650 repertum
2819 1585 2921 1649 est,
2943 1597 3058 1652 quo
3087 1580 3316 1635 basilica
3345 1581 3496 1636 facta
3529 1584 3644 1637 est.
3671 1583 3909 1638 Adhuc

506 1677 748 1732 canticas
781 1675 968 1730 audivi
995 1690 1134 1746 quas
1163 1674 1337 1729 tenui.
1373 1674 1574 1728 Sancta
1605 1671 1929 1742 respondit:
1961 1673 2120 1726 Teste
2219 1671 2278 1726 in
2321 1672 2441 1742 ipso
2486 1687 2682 1743 sopore
2725 1689 2962 1727 manum
3010 1673 3186 1728 trahit
3223 1690 3330 1745 per
3372 1675 3570 1730 fauces
3617 1675 3788 1746 ejus,
3847 1678 3912 1731 et

503 1770 617 1825 Deo
653 1767 737 1839 [Id
760 1773 866 1830 est,
907 1771 1080 1822 testor
1116 1765 1353 1838 Deum],
1387 1781 1481 1820 me
1522 1765 1662 1819 nihil
1695 1763 1914 1819 audisse
1955 1763 2188 1839 modo_
2222 1764 2411 1836 gulam
2442 1764 2539 1818 diu
2571 1765 2864 1835 deliniens,
2894 1765 3127 1837 insuper
3145 1770 3204 1821 et
3230 1767 3339 1822 hoc
3361 1767 3560 1823 dicens
3582 1787 3600 1823 :
3638 1768 3806 1824 Veni
3840 1772 3913 1824 ut

503 1829 757 1920 saeculari
785 1829 857 1919 de
883 1863 1124 1918 cantico.
1149 1829 1313 1918 Unde‘
1325 1829 1692 1917 manifestum
1723 1865 1828 1927 est,
1863 1863 1925 1915 ut
1952 1875 2119 1915 carne
2138 1829 2196 1901 B
2219 1829 2319 1913 tibi
2364 1857 2564 1912 melior
2599 1874 2632 1910 a
2668 1859 2782 1912 Dee
2823 1829 3044 1912 sanitas.
3067 1860 3415 1916 conferatur.
3456 1862 3530 1915 Et
3565 1860 3912 1916 videbatur

501 1957 633 2013 licet
659 1958 719 2012 in
749 1957 978 2025 saeculo,
1010 1959 1200 2010 mente
1229 1959 1418 2009 tamen
1452 1958 1594 2009 esset
1623 1954 1684 2008 in
1714 1953 1869 2008 caelo.
2221 1951 2297 2004 sic
2329 1966 2566 2020 rogare:
2597 1951 2703 2004 Per
2732 1967 2919 2005 meam
2950 1952 3125 2006 vitam
3163 1955 3225 2006 ut
3251 1956 3494 2024 propter
3522 1970 3623 2009 me
3656 1955 3910 2010 relaxes

572 2054 660 2106 37.
690 2049 1030 2104 Praedicetur
1055 2049 1114 2102 in
1146 2048 1310 2102 laude
1349 2046 1574 2113 Christi,
1606 2062 1762 2100 more
1799 2045 1947 2100 beati
1976 2045 2119 2099 Mar-
2219 2043 2339 2096 illos
2390 2060 2530 2114 quos
2576 2043 2746 2096 habes
2803 2044 2862 2098 in
2926 2060 3174 2100 carcere.
3231 2046 3526 2116 Evigilans
3583 2047 3911 2102 Tribunus

502 2142 630 2211 tini,
645 2147 897 2213 tempore
919 2141 1202 2212 praesenti,
1226 2139 1440 2210 antiqui
1465 2155 1663 2192 norma
1681 2137 1957 2192 miraculi.
1979 2138 2119 2192 Cum
2219 2136 2391 2190 refert
2412 2135 2560 2206 quod
2585 2135 2801 2192 viderat
2829 2137 2952 2206 conj
2963 2136 3056 2208 ugi
3081 2137 3274 2192 dicens
3298 2154 3312 2192 :
3351 2140 3496 2194 Vere
3519 2141 3710 2195 credo
3733 2142 3911 2212 quod

503 2235 818 2292 beatissima
860 2235 1069 2289 femina
1108 2233 1323 2288 reclusa
1363 2235 1508 2286 esset
1543 2231 1602 2285 in
1645 2231 1875 2300 cellula,
1909 2229 2122 2285 audivit
2219 2229 2324 2282 hac
2349 2229 2489 2284 hora
2513 2227 2648 2283 exiit
2665 2231 2856 2282 sancta
2869 2229 2938 2284 de
2964 2230 3193 2284 saeculo.
3226 2229 3438 2301 Dirigit
3465 2233 3541 2286 ad
3574 2232 3906 2288 civitatem

504 2328 700 2385 ﬂetum
730 2329 798 2383 de
827 2327 1136 2396 monacha,
1171 2330 1227 2380 et
1255 2324 1403 2395 signi
1444 2327 1594 2379 tactu
1635 2323 1954 2378 venientem
1983 2323 2120 2394 quid
2217 2325 2282 2374 ut
2311 2337 2414 2392 per
2440 2321 2546 2374 hoc
2586 2337 2715 2375 vera
2744 2326 3146 2392 cognosceret:
3179 2323 3528 2378 transmittit
3567 2325 3650 2380 ad
3686 2342 3907 2380 carce-

503 2422 641 2478 illud
669 2425 814 2476 esset
841 2421 1172 2489 interrogat.
1212 2419 1347 2481 Quae
1377 2420 1660 2471 mortuam
1690 2432 1936 2470 sororem
1966 2433 2117 2470 nun-
2218 2430 2360 2481 rem,
2389 2414 2487 2485 qui
2506 2419 2722 2484 septem
2743 2431 2868 2468 reos
2887 2414 2964 2468 ibi
2987 2415 3243 2470 detentos
3262 2415 3626 2487 admonitus,
3663 2419 3910 2473 relaxa-

503 2509 1383 2581 tiavitinfantulam,etfrigidam
1399 2525 1509 2581 qua
1524 2509 1824 2578 lavaretur,
1841 2514 2172 2599 paratam,l/,
2220 2511 2342 2574 ret;
2389 2507 2659 2561 redeunte
2694 2506 3022 2560 transmisso
3065 2509 3243 2562 refert
3287 2525 3356 2564 ea
3400 2509 3550 2563 hora
3593 2511 3909 2584 migrasse

503 2625 622 2665 esse
644 2609 766 2680 jam
797 2606 1055 2661 calidam.
1077 2603 1389 2658 Condolens
1410 2607 1604 2656 sancta
1623 2606 1758 2656 tunc
1791 2601 2031 2672 imperat
2060 2607 2143 2656 ut.
2211 2599 2423 2670 justam
2461 2599 2530 2653 de
2563 2599 2795 2667 saeculo;
2842 2603 2899 2654 et
2938 2599 3146 2670 triplici
3191 2602 3469 2672 mysterio
3498 2619 3762 2659 carcere
3801 2622 3906 2660 re-

501 2702 734 2757 cadaver
760 2698 938 2770 ipsius
969 2713 1128 2750 suam
1173 2695 1416 2749 deferret
1454 2694 1512 2748 in
1543 2695 1824 2749 cellulam.
1865 2695 1984 2758 Quo
2015 2693 2120 2747 sibi
2217 2693 2438 2760 laxato,
2497 2693 2724 2747 tribuno
2769 2708 2904 2746 sano
2957 2693 3179 2748 reddito
3204 2737 3218 2764 ,
3270 2696 3562 2751 aedificato
3615 2700 3905 2770 templo,

501 2795 827 2865 deportato,
862 2788 1082 2859 excepit
1121 2804 1293 2842 manu
1331 2787 1590 2858 propria,
1623 2787 1869 2842 reclausa
1906 2789 2034 2856 post
2061 2801 2120 2840 se
2217 2789 2420 2840 sanctae
2447 2785 2703 2856 probavit
2729 2785 3039 2840 oraculum.

502 2903 634 2942 mox
657 2886 852 2956 janua,
879 2883 1085 2954 jubens
1105 2881 1274 2951 longe
1305 2880 1610 2948 discedere,
1644 2895 1714 2933 ne
1736 2879 1860 2950 quis
1890 2878 2120 2936 sentiret
2287 2882 2375 2933 39.
2408 2877 2514 2932 Sed
2539 2878 2605 2932 de
2629 2878 2807 2932 beatae
2836 2879 3140 2932 virtutibus
3171 2879 3422 2936 sufﬁciat
3447 2883 3793 2955 exiguitas,
3827 2902 3908 2941 ne

501 2979 637 3051 quid
665 2969 892 3049 ageret':
925 2975 1023 3028 sed
1051 2974 1203 3045 quod
1224 2973 1437 3027 occulte
1471 2971 1656 3042 gessit,
1689 2971 1855 3025 celari
1875 2971 1972 3025 diu
2005 2987 2116 3024 non
2217 2970 2530 3026 fastidiatur
2555 2971 2806 3039 ubertas;
2840 2987 2942 3025 nec
2962 2974 3264 3042 reputetur
3295 2973 3761 3048 brevissimum,
3799 2980 3907 3034 ubi

501 3070 707 3142 potuit.
732 3067 1017 3122 lnterhaac
1039 3067 1176 3120 dum
1197 3065 1472 3120 defunctae
1497 3063 1771 3135 exsequiaa
1803 3080 2122 3135 praeparan-
2216 3064 2284 3118 de
2328 3063 2519 3134 paucis
2555 3063 2878 3134 agnoscitur
2920 3064 2980 3118 in
3019 3063 3312 3120 miraculis
3349 3068 3722 3139 amplitudo.
3775 3073 3909 3136 Qua

501 3168 614 3232 tur,
645 3162 762 3216 fere
793 3175 895 3231 per
911 3160 1078 3214 horas
1102 3161 1314 3228 septem
1334 3159 1572 3211 mortuae
1598 3161 1796 3212 tractat
1815 3173 2116 3227 corpuscu-
2137 3185 2192 3260 ρ
2215 3157 2443 3228 pietate,
2472 3156 2760 3227 parcitate,
2799 3156 3119 3226 dilectione,
3153 3158 3480 3230 dulcedine,
3514 3162 3904 3236 humilitate,

499 3257 645 3311 lum.
692 3254 801 3310 Sed
847 3252 1066 3308 Christo
1111 3250 1332 3304 vidente
1373 3250 1541 3304 fidem
1569 3291 1581 3318 ,
1623 3248 1714 3303 cui
1757 3265 1964 3320 negare
2003 3267 2118 3306 non
2146 3248 2192 3260 "
2217 3251 2524 3319 honestate,
2552 3249 2684 3317 ﬁde,
2713 3249 2930 3305 fervore
2968 3250 3045 3305 sic
3081 3251 3308 3321 vixerit,
3341 3257 3410 3308 ut
3433 3258 3492 3309 et
3520 3255 3736 3326 ipsam
3771 3265 3909 3330 post

502 3348 704 3420 potuit,
726 3345 940 3401 reddita
959 3359 1186 3416 prorsus
1205 3343 1401 3409 salute,
1421 3341 1600 3413 surgit
1620 3342 1737 3396 haec
1753 3343 1822 3396 ab
1843 3341 2112 3411 oratione,
2215 3343 2430 3398 obitum
2477 3341 2701 3413 gloriosi
2740 3342 3032 3411 transitus,
3085 3344 3369 3398 mirabilia
3408 3355 3903 3421 prosequantur,

505 3439 748 3511 resurgit
775 3439 871 3492 illa
899 3438 968 3492 de
997 3438 1194 3491 funere
1219 3451 1231 3490 :
1267 3438 1324 3489 et
1351 3451 1410 3488 se
1451 3438 1584 3488 tunc
1627 3435 1876 3490 sublevat
1908 3435 2112 3506 vetula,
2215 3437 2479 3490 humanae
2496 3434 2833 3505 eloquentiae
2856 3436 3060 3490 modus
3075 3437 3415 3492 admirando
3433 3441 3748 3498 attonitus
3769 3445 3906 3500 viri-

503 3551 632 3590 cum
662 3531 952 3588 revixisset
981 3527 1278 3584 infantula.
1309 3528 1488 3591 Quam
1517 3530 1670 3581 tactu
1701 3527 1908 3582 iterum
1941 3528 2112 3598 signi,
2214 3529 2318 3582 bus
2358 3527 2637 3598 explicare
2671 3525 2905 3582 minime
2943 3529 3109 3584 valet.
3153 3530 3238 3584 Sit
3275 3517 3469 3587 tamen
3515 3533 3611 3589 illi
3657 3537 3774 3608 qui
3802 3539 3902 3594 de-

502 3627 785 3684 laetiﬁcata
813 3624 996 3680 reddit
1025 3623 1209 3676 vivam
1254 3636 1428 3692 quam
1459 3619 1598 3675 ﬂens
1642 3625 1930 3691 acceperat
1958 3637 2112 3675 mor-
2213 3621 2313 3691 dit,
2351 3621 2544 3692 gloria,
2575 3621 2694 3674 laus
2727 3624 2784 3675 et
2809 3620 3118 3692 imperium
3155 3622 3216 3677 in
3249 3625 3461 3680 saecula
3487 3629 3903 3688 saeculorum.

500 3724 676 3776 tuam.
2213 3716 2412 3769 Amen.

573 3846 644 3916 (a)
676 3842 999 3916 Choraules,
1041 3836 1446 3909 symphoniaci,
1489 3841 1545 3890 et
1584 3837 1629 3890 si
1659 3837 1882 3916 Vpssius
1905 3839 1989 3916 _de
2021 3840 2113 3916 Vi:
2213 3838 2414 3916 probat
2471 3837 2576 3916 hoc
2637 3837 2972 3908 proverbio:
3027 3839 3202 3895 Malus
3275 3841 3583 3899 choraules
3611 3888 3630 3916 ,
3707 3849 3905 3906 bonus

505 3908 592 3969 tiis
621 3908 792 3968 serm.
811 3953 825 3978 ,
859 3912 1005 3965 hanc
1030 3908 1221 3963 vecem
1251 3923 1366 3961 non
1407 3923 1508 4031 Ero
1537 3908 1947 3977 symphoniacis
1970 3951 1984 3977 ,
2019 3911 2116 3964 sed
2216 3908 2668 3980 Symphoniacus.

505 4002 604 4031 nm
633 3985 702 4031 iis
729 3983 828 4031 nui
848 3981 1044 4031 tibiam
1066 3979 1265 4031 inflant
1292 3995 1356 4031 ac
1384 3994 1412 4031 c
1457 3994 1554 4031 oro
1573 3982 1829 4031 praeeunt
1855 3980 2116 4031 usurpari

503 4002 604 4056 pro
633 3985 702 4038 iis
729 3983 828 4054 qui
848 3981 1044 4036 tibiam
1066 3979 1265 4033 inﬂant
1292 3995 1356 4032 ac
1384 3979 1554 4031 choro
1573 3982 1829 4048 praeeunt
1855 3980 2116 4050 usurpari

1416 4187 1910 4322 LIBER
2047 4189 2326 4294 SEC
2362 4189 2670 4291 UND
2699 4188 2902 4292 US.

1511 4365 1790 4410 ACCTORE
1833 4367 2207 4414 BAUDONIVIA
2250 4368 2509 4412 MONIALI
2550 4367 2808 4420 AEQUALI.

540 4459 650 4522 Ad
676 4477 826 4523 mss.
865 4455 1022 4523 Cod.
1057 4455 1289 4520 Sancti
1317 4451 1636 4520 Germani
1658 4455 1988 4518 Pratensz’s
2017 4465 2077 4518 et
2105 4458 2338 4522 Sancti
2368 4455 2746 4520 Theoderici
2770 4454 3145 4520 Rhemensz's
3175 4466 3237 4521 et
3266 4460 3349 4523 D.
3381 4461 3858 4535 d’Herouval.

505 4101 3894 4146 m

1068 4671 1630 4748 PROLOGUS
1711 4676 1860 4749 AD
1940 4676 2480 4749 DEDIMIAM
2561 4674 3268 4750 ABBATISSAM.

567 4818 614 4869 t.
648 4810 986 4868 Dominabus
1011 4807 1218 4863 sanctis
1246 4806 1578 4861 meritorum
1605 4807 1784 4876 gratia
1823 4809 2096 4864 decoratis
2133 4809 2402 4864 Dedimiae
2442 4807 2759 4875 abbatissae,
2799 4808 2885 4862 vel
2925 4809 3082 4863 omni
3123 4813 3580 4884 congregationi
3617 4820 3900 4892 gloriosae

493 4903 736 4958 dominae
766 4897 1127 4970 Radegundis
1157 4895 1656 4967 Baudonivia3[Al.,
1689 4897 2048 4967 Bandonivia,
2081 4898 2448 4970 Bandomina]
2481 4897 2714 4952 humilis
2744 4897 3023 4953 omnium.

563 4989 863 5062 lnjungitis
882 4987 1026 5042 mihi
1047 5001 1188 5057 opus
1207 5001 1376 5056 agere
1396 5001 1511 5040 non
1537 4985 1727 5040 minus
1755 4985 2118 5058 impossibile.
2147 5005 2320 5060 quam
2341 4987 2411 5042 sit
2436 4987 2614 5058 digito
2639 4987 2841 5043 coelum
2868 4992 3122 5058 tangere,
3142 4989 3358 5046 scilicet
3373 4995 3447 5047 ut
3473 4995 3552 5050 de
3575 4998 3713 5056 vita
3735 5020 3895 5058 sanc-

488 5087 562 5139 tae
581 5082 824 5138 domina:
851 5077 1229 5169 Radegundis,
1253 5093 1425 5169 quam
1450 5076 1676 5169 optime
1691 5079 1883 5169 nostis,
1906 5080 2117 5169 aliquid
2146 5081 2330 5134 dicere
2354 5095 2784 5150 praesumamus.
2807 5081 2911 5136 Sed
2939 5081 3088 5136 istud
3119 5081 3232 5137 illis
3262 5085 3440 5141 debet
3471 5088 3758 5168 injungi,
3797 5098 3888 5169 qui

489 5171 757 5226 habentes
782 5169 929 5222 intra
953 5183 1011 5222 se
1035 5167 1247 5220 fontem
1279 5165 1635 5235 eloquentiae,
1661 5166 1792 5220 inde
1822 5168 1843 5188 ⁸
1869 5168 2278 5240 quidquidjllis
2306 5169 2643 5239 injungitur,
2679 5170 2928 5224 carmine
2951 5169 3490 5245 irriguo'copiosius
3523 5165 3888 5254 explicetur.

489 5260 697 5312 Verum
729 5260 955 5310 econtra
983 5255 1306 5326 quicunque
1333 5259 1586 5325 angustae
1615 5254 2006 5326 intelligentiae
2035 5262 2184 5327 sunt,
2213 5273 2316 5312 nec
2343 5258 2553 5312 habent
2581 5258 2950 5314 afﬂuentiam.
2972 5259 3204 5331 eloquii,
3251 5279 3360 5333 per
3389 5282 3586 5337 quam
3621 5275 3723 5329 vel
3754 5277 3890 5332 alios

491 5345 720 5400 reticere
748 5344 835 5398 vel
860 5360 976 5398 suae
1004 5343 1262 5397 siccitatis
1300 5343 1515 5414 possint
1550 5344 1803 5414 inopiam
1837 5351 2169 5416 temperare,
2200 5347 2336 5400 tales
2364 5364 2478 5401 non
2510 5347 2692 5401 solum
2725 5365 2827 5418 per
2851 5365 2909 5403 se
2939 5348 3152 5418 aliquid
3184 5350 3379 5408 dicere
3409 5371 3540 5412 non
3568 5371 3885 5435 appetunt,

488 5449 684 5506 verum
711 5432 900 5496 etiam,
933 5432 976 5485 si
1005 5431 1141 5501 quid
1166 5431 1244 5484 eis
1263 5431 1578 5501 injunctum
1597 5433 1784 5500 fuerit,
1815 5435 2239 5504 pertimescunt.
2267 5436 2424 5498 Quod
2451 5436 2512 5490 in
2538 5453 2630 5490 me
2649 5453 2754 5507 ego
2770 5453 3112 5507 recognosco
3136 5454 3271 5508 qua:
3291 5458 3428 5498 sum
3451 5431 3884 5520 pusillanimis,

486 5537 724 5594 parvum
753 5520 964 5574 habens
991 5518 1376 5588 intelligentiae
1407 5521 1716 5592 eloquium,
1745 5524 2013 5592 quoniam
2043 5528 2318 5596 quantum
2350 5524 2524 5579 doctis
2553 5526 2834 5598 proloqui,
2855 5530 3078 5580 tantum
3100 5527 3355 5584 indoctis
3386 5535 3538 5592 utile
3573 5539 3647 5594 fit
3673 5518 3881 5599 tacere.

485 5611 625 5665 Nam
656 5609 736 5664 illi
768 5607 1050 5698 deiparvis
1070 5607 1262 5698 sciunt
1299 5625 1502 5680 magna
1539 5610 1805 5665 disserere
1827 5651 1840 5675 ,
1868 5611 1957 5665 isti
1989 5612 2056 5668 de
2097 5628 2304 5682 magna
2336 5614 2596 5670 nesciunt
2633 5631 2801 5686 parva
2837 5615 3090 5686 proferre
3121 5632 3134 5669 :
3170 5619 3231 5672 et
3271 5618 3407 5677 ideo
3451 5628 3623 5698 quod
3657 5632 3736 5687 ab
3767 5633 3882 5687 aliis

483 5700 778 5771 quaeritur,
811 5697 881 5753 ab
909 5696 1031 5752 aliis
1059 5694 1410 5752 formidatur.

546 5844 565 5864 '
591 5845 740 5894 Forte
767 5841 1070 5905 legendum,
1097 5841 1191 5905 qui
1217 5841 1467 5891 habent...
1495 5839 1688 5902 fontem
1713 5840 2016 5906 eloquentia
2041 5845 2193 5896 unde.
2221 5845 2361 5895 Emr.
