3994 6412
121 393 208 443 665
1377 387 1541 440 VITA.
1585 388 1781 441 LIBER
1819 388 2177 443 SECUNDUS.
3337 393 3435 448 666

180 515 229 565 2.
260 508 395 563 Cum
424 506 530 561 sim
558 505 735 578 igitur
762 506 1001 563 minima
1028 509 1284 564 omnium
1327 510 1722 582 minimarum,
1756 528 1929 584 quam
1955 513 2025 568 ab
2053 513 2187 586 ipsis
2218 514 2512 569 cunabulis
2543 519 2671 571 ante
2700 531 2803 570 sua
2832 516 3063 588 vestigia
3093 518 3437 589 peculiarem

123 597 391 653 vernulam
417 594 773 651 familiariter
800 598 1084 666 enutrivit,
1114 603 1180 655 ut
1211 600 1395 655 ofﬁcio
1416 600 1937 672 impensi’muneris
1963 603 2031 657 de
2060 603 2180 674 ejus
2197 603 2346 658 claro
2378 619 2567 675 opere,
2597 604 2698 658 etsi
2721 620 2839 659 non
2858 605 3044 677 plene,
3070 604 3158 660 vel
3188 622 3257 660 ex
3276 610 3438 677 parte

124 687 397 757 complexa
419 684 662 756 perstrin
670 701 863 757 gerem
887 705 903 756 ;
924 692 1201 758 quatenus
1225 690 1360 745 dum
1381 690 1467 744 sui
1489 691 1675 761 gregis
1700 691 1930 746 auribus
1955 692 2074 763 ejus
2095 692 2355 763 gloriosae
2381 692 2511 746 vitae
2538 693 2822 764 praeconia
2835 694 3175 765 pandentur,
3197 695 3301 749 etsi
3318 711 3438 751 non

112 776 291 847 digno,
323 775 522 829 devoto
547 777 739 829 tamen
765 775 1011 848 eloquio,
1038 778 1456 851 benignissima:
1484 785 1682 836 vestrae
1718 780 1995 835 voluntati
2025 781 2289 837 obediens
2322 797 2492 853 pareo
2512 799 2530 851 ς
2560 786 2741 836 vestra
2772 798 2867 837 me
2895 782 3146 838 oratione
3184 787 3313 854 peto
3335 784 3435 855 ju-

119 865 244 932 vari,
274 880 394 934 quae
424 879 551 918 sum
585 863 776 919 minus
811 865 993 937 docta,
1021 867 1148 937 plus
1179 869 1391 924 devota.
1435 871 1556 925 Non
1592 886 1657 925 ea
1692 886 1821 942 quia
1856 870 1942 925 vir
1976 871 2308 941 apostolicus
2345 872 2683 926 Fortunatus
2721 871 3013 943 episcopus
3050 871 3122 942 (a)
3162 872 3230 928 de
3257 871 3437 927 beatas

120 954 219 1007 vita
241 952 550 1023 composuit
575 952 868 1023 iteramus,
899 956 993 1010 sed
1021 973 1088 1011 ea
1117 974 1243 1028 quae
1268 958 1583 1029 prolixitate
1609 959 1695 1013 sui
1718 959 2099 1030 praetermisit,
2129 959 2272 1013 sicut
2295 960 2414 1031 ipse
2441 960 2501 1014 in
2536 959 2681 1015 libro
2704 976 2805 1015 suo
2838 960 3102 1015 disseruit
3127 976 3258 1015 cum
3283 960 3434 1017 dice-

120 1047 196 1096 ret
218 1042 283 1097 de
306 1041 484 1096 Beatae
510 1042 817 1097 virtutibus
845 1045 922 1112 (in
955 1047 1075 1115 ﬁne)
1111 1063 1123 1100 :
1162 1068 1189 1095 «
1219 1048 1471 1103 Sufficiat
1505 1047 1798 1120 exiguitas,
1830 1064 1901 1103 ne
1926 1047 2245 1103 fastidiatur
2270 1048 2517 1115 ubertas,
2551 1065 2654 1104 nec
2687 1053 2979 1119 reputatur
3012 1047 3434 1119 brevissimum,

119 1130 205 1223 ubi
228 1130 293 1185 de
317 1130 507 1223 paucis
533 1131 859 1201 agnoscitur
882 1134 1217 1205 amplitudo.
1247 1157 1273 1184 »
1304 1138 1449 1208 Ergo
1478 1136 1787 1223 inspirante
1805 1137 2004 1219 divina
2021 1137 2289 1208 potentia,
2310 1137 2402 1191 cui
2424 1137 2586 1192 beata
2607 1138 2966 1209 Radegundis
2986 1139 3206 1210 placere
3225 1136 3439 1194 studuit

121 1219 171 1273 in
196 1218 389 1274 saeculo
418 1223 473 1274 et
500 1235 632 1275 cum
662 1238 777 1293 quo
817 1227 1017 1296 regnat
1050 1230 1178 1297 post
1209 1228 1500 1297 saeculum,
1538 1243 1652 1282 non
1677 1218 1875 1299 polito,
1908 1228 2005 1283 sed
2033 1226 2242 1284 rustico
2277 1230 2562 1284 tentamus
2595 1228 2664 1285 de
2703 1228 2791 1285 his
2827 1245 2954 1300 quae
2980 1229 3152 1300 gessit
3174 1242 3436 1285 sermone

118 1310 359 1378 appetere
385 1312 439 1365 et
465 1308 536 1363 de
561 1310 757 1367 multis
784 1312 906 1384 ejus
927 1314 1210 1371 miraculis
1236 1333 1417 1388 pauca
1442 1303 1753 1389 complecti:

954 1492 1318 1589 LIBER
1397 1493 2023 1591 SECUNDUS
2101 1494 2582 1591 INCIPIT.

180 1659 223 1710 l.
252 1655 425 1752 Igitur
446 1657 515 1712 de
545 1658 724 1715 beate
754 1662 1113 1734 Radegundis
1141 1667 1251 1722 vita
1280 1668 1341 1723 in
1366 1669 1548 1740 primo
1574 1670 1719 1725 libro
1741 1679 1801 1752 Α
1819 1672 1963 1725 rent.
2005 1670 2126 1734 Quo
2169 1672 2394 1741 peracto
2434 1669 2703 1725 virtutem
2751 1674 2807 1725 et
2847 1667 3212 1724 constantiam
3255 1668 3432 1723 beatae

116 1748 245 1802 sicut
271 1750 589 1811 continetur
612 1753 733 1823 ejus
759 1757 963 1827 regalis
992 1759 1151 1831 origo
1180 1762 1266 1815 vel
1290 1761 1551 1833 dignitas,
1573 1764 1718 1818 nulli

116 1840 338 1897 habetur
359 1842 737 1917 incognitum,
767 1850 949 1919 qualis
970 1851 1080 1907 fuit
1108 1853 1230 1923 ejus
1257 1860 1339 1931 ag
1348 1854 1400 1909 io
1424 1855 1563 1910 dum
1586 1873 1718 1911 cum

116 1938 321 1988 terreno
358 1935 615 2008 principe
654 1940 895 2013 conjuge
928 1959 1063 2014 rege
1097 1948 1361 2016 praecelsa
1392 1949 1719 2005 Chlothario

66 2030 69 2035 “
114 2032 542 2084 conversaretur.
591 2031 667 2086 De
713 2034 891 2105 regali
933 2039 1205 2108 progenie
1248 2041 1435 2095 nobile
1487 2058 1719 2113 germen

114 2118 313 2189 erupit,
348 2126 403 2176 et
427 2124 589 2193 quod
615 2127 855 2196 sumpsit
889 2144 958 2183 ex
985 2146 1189 2200 genere
1208 2175 1221 2202 ,
1250 2134 1380 2203 plus
1406 2136 1626 2190 ornavit
1651 2152 1719 2190 ex

60 2208 65 2213 ’
112 2209 226 2265 ﬁde.
265 2212 577 2284 Conjuncta
602 2220 826 2274 terreno
853 2222 1099 2294 principi
1128 2225 1330 2280 nobilis
1355 2228 1578 2298 regina,
1608 2245 1716 2283 cae-

112 2302 248 2357 lestis
270 2304 375 2360 fuit
397 2307 709 2380 plusquam
734 2315 978 2380 terrena,
1011 2316 1109 2370 sed
1136 2317 1195 2371 in
1221 2319 1344 2389 ipso
1371 2321 1718 2391 conjunctio-

113 2394 190 2449 nis
223 2395 375 2452 brevi
409 2404 669 2472 tempore
701 2404 780 2459 ita
804 2422 863 2461 se
900 2408 1003 2462 sub
1038 2410 1293 2481 conjugis
1326 2413 1509 2483 specie
1546 2417 1722 2485 nupta

111 2490 367 2560 tractavit,
396 2498 461 2547 ut
488 2494 714 2552 Christo
740 2498 865 2569 plus
883 2500 1077 2555 devota
1098 2504 1348 2574 serviret,
1380 2508 1437 2560 et
1464 2506 1569 2560 hoc
1595 2522 1721 2577 age-

109 2580 265 2635 retin
286 2582 462 2640 laicali
496 2590 811 2660 proposito,
853 2594 1009 2664 quod
1041 2594 1164 2666 ipsa
1209 2597 1550 2653 desideraret
1589 2600 1719 2654 imi-

108 2672 203 2726 tari
228 2675 423 2746 religio
461 2680 535 2750 (ὸ)
561 2697 576 2749 ;
598 2681 724 2751 jam
758 2687 1095 2742 antecedens
1127 2689 1317 2744 animo
1356 2691 1561 2746 futurae
1586 2709 1720 2748 con-

109 2767 414 2824 versationis
442 2773 775 2845 adventum,
804 2777 942 2832 dum
962 2781 1216 2835 saeculari
1245 2783 1347 2837 sub
1372 2784 1570 2839 habitu
1597 2786 1725 2839 reli-

108 2856 276 2928 gionis
298 2860 656 2920 formabatur
681 2870 1026 2940 exemplum.
1053 2875 1116 2928 In
1140 2874 1299 2928 nullo
1328 2876 1497 2947 hujus
1524 2878 1723 2933 mundi

108 2952 363 3023 compede
391 2961 671 3026 catenata,
709 2960 769 3014 in
801 2977 1093 3019 servorum
1112 2967 1212 3021 Dei
1228 2968 1493 3039 obsequio
1513 2970 1725 3025 succin-

1817 1761 2028 1832 reginae
2051 1777 2245 1817 omnes
2269 1761 2611 1817 admirantes
2637 1761 2940 1816 Dominum
2967 1760 3398 1816 benedixerunt.

1887 1858 1939 1908 5.
1965 1856 2266 1925 Postquam
2297 1859 2567 1924 operante
2593 1854 2780 1908 divina
2805 1854 3062 1924 potentia
3097 1869 3131 1907 a
3155 1868 3288 1924 rege
3316 1855 3431 1906 ter-

1817 1962 1955 2001 reno
1996 1947 2266 2013 discessit,
2302 1947 2450 2017 quod
2486 1964 2585 2000 sua
2614 1950 2738 2001 vota
2769 1946 3088 2016 poscebant,
3114 1946 3251 2000 dum
3278 1945 3435 2002 Sum-

1818 2039 1916 2094 das
1948 2038 2107 2110 [Sais,
2133 2056 2301 2109 supra
2329 2056 2488 2092 num.
2521 2039 2603 2111 l5]
2635 2039 2694 2093 in
2719 2039 2852 2093 villa
2876 2054 3049 2109 quem
3074 2038 3127 2093 ei
3151 2054 3248 2093 rex
3275 2037 3438 2093 dede-

1819 2134 1927 2198 rat,
1958 2131 2249 2201 resideret,
2268 2132 2326 2185 in
2350 2131 2535 2202 primo
2555 2147 2705 2186 anno
2733 2130 3110 2185 conversionis
3134 2147 3271 2199 suae,
3298 2129 3439 2184 vidit

1818 2224 1877 2278 in
1903 2224 2025 2277 visu
2062 2240 2223 2278 avem
2268 2222 2405 2295 [Al.,
2431 2223 2652 2295 navem]
2692 2224 2751 2278 in
2780 2223 3024 2279 hominis
3056 2223 3237 2294 specie
3258 2264 3272 2292 ,
3302 2227 3358 2278 et
3378 2222 3437 2277 in

1817 2316 1948 2371 totis
1972 2316 2240 2371 membris
2259 2317 2380 2387 ejus
2406 2316 2661 2371 sedentes
2681 2317 2961 2386 homines,
2989 2332 3047 2371 se
3072 2332 3203 2371 vero
3228 2316 3287 2370 in
3314 2315 3435 2386 ejus

1821 2425 1971 2480 genu
1996 2409 2303 2463 sedentem.
2345 2409 2452 2473 Qui
2477 2409 2622 2464 dixit
2659 2410 2743 2465 ei:
2785 2410 2943 2464 Modo
2976 2409 3037 2463 in
3074 2425 3223 2480 genu
3257 2408 3434 2477 sedes,

1820 2502 2003 2555 adhuc
2047 2501 2105 2554 in
2152 2506 2346 2570 pectus
2397 2517 2591 2555 meum
2643 2502 2948 2556 sessionem
2998 2500 3247 2555 habebis.
3298 2500 3439 2554 Hinc

1821 2593 2218 2648 ostendebatur
2241 2592 2294 2646 ei
2308 2592 2510 2662 gratia,
2532 2610 2644 2664 qua
2654 2593 2901 2648 fruitura
2921 2597 3058 2648 erat.
3082 2594 3241 2647 Hunc
3259 2592 3440 2646 visum

1822 2702 1950 2741 cum
1981 2685 2378 2740 contestatione
2404 2686 2667 2741 secretius
2697 2686 2810 2740 suis
2838 2686 3092 2741 ﬁdelibus
3125 2685 3351 2753 retulit,
3380 2686 3443 2739 ut

1824 2795 1889 2834 ea
1915 2778 2213 2849 superstite
2240 2778 2348 2831 hoc
2372 2793 2443 2832 ne
2474 2779 2601 2848 quis
2627 2779 2812 2833 sciret.
2841 2780 3020 2842 Quam
3046 2780 3209 2832 cauta
3235 2777 3297 2831 in
3323 2775 3439 2831 col-

1821 2870 2121 2935 locutione,
2153 2886 2324 2940 quam
2351 2870 2549 2925 devota
2572 2870 2633 2925 in
2659 2870 2816 2925 omni
2839 2869 3087 2925 actione!
3117 2871 3177 2923 In
3204 2885 3437 2940 prospe-

1822 2964 1899 3018 ris
1928 2967 1984 3018 et
2010 2964 2069 3017 in
2095 2963 2358 3031 adversis,
2388 2963 2446 3017 in
2472 2962 2668 3017 laetitia
2692 2969 2749 3018 et
2766 2962 2991 3017 tristitia
3015 2977 3238 3033 semper
3258 2977 3445 3033 aequa-

106 3046 205 3110 cta,
231 3044 290 3100 in
329 3049 721 3121 redemptione
747 3055 1099 3126 captivorum
1127 3060 1377 3128 sollicita,
1414 3061 1475 3115 in
1512 3079 1721 3133 egeno-
1742 3034 1799 3106 Β
1822 3057 1888 3111 lis
1915 3074 1931 3125 ;
1960 3072 2064 3110 nec
2080 3056 2141 3110 in
2159 3055 2405 3110 adversis
2423 3070 2481 3110 se
2500 3055 2691 3127 fregit,
2719 3072 2823 3110 nec
2843 3056 2902 3110 in
2921 3054 3202 3127 prosperis
3222 3054 3438 3109 extulit.

105 3150 224 3190 rum
252 3142 581 3211 erogatione
596 3146 841 3215 profusa,
869 3150 1167 3221 proprium
1187 3153 1423 3208 credidit
1448 3155 1750 3226 quidquid'

105 3227 167 3282 de
192 3246 247 3283 se
273 3249 493 3305 pauper
519 3239 759 3309 accepit.

169 3325 219 3376 2.
252 3324 395 3379 Dum
422 3334 572 3383 esset
597 3347 726 3385 cum
752 3348 886 3404 rege
911 3336 1095 3391 adhuc
1117 3338 1176 3391 in
1204 3339 1478 3393 mundiali
1504 3339 1722 3408 habitu,

104 3430 256 3471 mens
280 3418 504 3476 intenta
529 3423 601 3477 ad
628 3424 914 3482 Christum
939 3428 1098 3498 (teste
1126 3431 1363 3485 Domino
1386 3432 1604 3504 loquor,
1635 3434 1726 3487 cui

106 3523 194 3563 ore
222 3513 439 3568 tacente
476 3521 710 3585 pectora
734 3520 1109 3577 confitentur:
1140 3523 1230 3577 cui
1268 3528 1323 3577 et
1347 3524 1393 3578 si
1419 3525 1614 3596 lingua
1637 3530 1724 3580 ta-

102 3606 232 3672 ceat,
262 3606 608 3662 conscientia
627 3610 768 3667 nihil
793 3614 1050 3680 occultat,
1079 3615 1211 3685 quia
1236 3618 1386 3686 quod
1412 3618 1727 3673 audivimus

100 3693 368 3765 dicimus,
420 3704 478 3754 et
527 3703 679 3771 quod
723 3704 964 3761 vidimus
1005 3710 1327 3778 testamur),
1370 3709 1604 3766 invitata
1656 3711 1728 3765 ad

99 3789 406 3856 prandium
438 3809 474 3847 a
510 3794 713 3850 Sifride
757 3796 894 3869 [Al.,
930 3800 1238 3856 Ansifredaa
1271 3803 1563 3875 matronae]
1605 3820 1725 3857 ma-

99 3882 273 3949 trona,
302 3883 444 3938 dum
468 3885 582 3942 iter
597 3895 792 3959 ageret
818 3893 1076 3947 seaculari
1099 3910 1304 3966 pompa
1320 3912 1377 3950 se
1403 3896 1723 3966 comitante,

99 3970 110 4022 ί
119 3975 257 4044 nterj
267 3979 390 4030 ecta
418 3978 842 4053 longinquitate
858 3989 1023 4040 terra:
1042 4003 1107 4041 ac
1130 3987 1330 4058 spatio,
1360 3988 1558 4042 fanum
1578 3970 1727 4060 quod

98 4080 127 4116 a
155 4065 382 4123 Francis
409 4072 725 4144 colebatur,
756 4077 817 4131 in
847 4078 1049 4134 itinere
1076 4080 1251 4135 beatae
1280 4063 1515 4152 regium,
1544 4098 1726 4153 quan-

102 4161 221 4213 tum
254 4162 508 4220 miliario
540 4182 655 4223 uno
689 4171 1014 4240 proximum
1044 4177 1183 4228 erat.
1209 4175 1321 4228 Hoc
1352 4174 1446 4228 illa
1473 4175 1725 4245 audiens,

89 4249 255 4318 jussit
277 4254 516 4313 famulis
541 4259 738 4316 fanum
756 4263 877 4334 igni
899 4265 1172 4334 comburi,
1196 4266 1456 4337 iniquum
1470 4267 1730 4337 judicans

1894 3149 1945 3202 4.
1980 3149 2126 3202 Dum
2161 3149 2221 3201 in
2258 3148 2385 3202 villa
2424 3148 2546 3219 ipsa
2581 3149 2764 3203 adhuc
2801 3153 2962 3215 esset,
2994 3148 3057 3202 ﬁt
3085 3164 3253 3201 sonus
3281 3146 3443 3218 quasi

1824 3256 1951 3297 eam
2001 3256 2100 3295 rex
2151 3240 2359 3295 iterum
2402 3241 2566 3295 vellet
2607 3241 2881 3311 accipere,
2926 3257 2985 3295 se
3032 3241 3228 3295 dolens
3275 3256 3442 3311 grave

1824 3334 2097 3389 damnum
2120 3332 2258 3403 pati,
2286 3333 2385 3403 qui
2410 3333 2580 3387 talem
2608 3337 2665 3387 et
2689 3337 2905 3388 tantam
2939 3334 3198 3404 reginam
3227 3333 3442 3403 permi-

1824 3425 1985 3480 sisset
2006 3442 2041 3478 a
2066 3426 2239 3479 latere
2272 3441 2372 3478 suo
2402 3425 2723 3480 discedere:
2760 3430 2816 3479 et
2852 3425 2959 3479 nisi
2991 3441 3118 3480 eam
3145 3424 3440 3496 reciperet,

1824 3518 2048 3589 penitus
2072 3518 2259 3573 vivere
2288 3534 2402 3573 non
2430 3521 2667 3588 optaret.
2696 3518 2823 3571 Haec
2855 3517 3088 3572 audiens
3120 3517 3445 3573 beatissima

1824 3611 2002 3666 nimio
2054 3615 2268 3665 terrore
2315 3610 2649 3680 praeterrita,
2695 3626 2753 3663 se
2802 3609 3042 3680 amplius
3087 3609 3444 3664 cruciandam

1828 3703 2059 3758 tradidit
2087 3702 2267 3757 cilicio
2296 3702 2627 3773 asperrimo,
2660 3718 2724 3756 ac
2749 3704 2941 3756 tenero
2960 3702 3180 3772 corpori
3201 3702 3440 3773 aptavit;

1826 3797 2058 3867 insuper
2081 3775 2362 3866 etﬁunﬁ
2398 3793 2797 3849 cruciationem
2822 3793 3045 3863 indixit,
3075 3794 3281 3865 vigiliis
3308 3810 3441 3865 per-

1825 3892 2056 3943 noctans
2071 3888 2132 3943 in
2151 3888 2402 3943 oratione
2421 3903 2478 3942 se
2499 3891 2677 3941 totam
2698 3886 2939 3954 diffudit,
2967 3887 3222 3971 despexit
3250 3886 3444 3942 sedem

1826 3981 2046 4054 patriae,
2072 3981 2204 4036 vicit
2240 3979 2592 4035 dulcedinem
2618 3980 2891 4052 conjugii,
2929 3980 3166 4036 exclusit
3200 3980 3442 4035 Charita-

1825 4079 1942 4130 tem
1968 4074 2339 4141 mundialem,
2371 4073 2542 4143 elegit
2567 4073 2725 4127 exsul
2746 4073 2867 4128 ﬁeri
2895 4090 2966 4129 ne
2992 4073 3448 4144 peregrinaretur

1826 4184 1861 4222 a
1887 4166 2125 4222 Christo.
2146 4167 2341 4221 Adhuc
2367 4165 2436 4221 de
2464 4165 2640 4237 regali
2665 4182 2854 4221 secum
2882 4166 3093 4222 habens
3117 4168 3448 4220 ornamento

1828 4260 1959 4314 felte
1999 4259 2061 4330 (ο)
2098 4259 2285 4314 fusum
2307 4300 2320 4325 ,
2364 4274 2433 4314 ex
2468 4275 2607 4314 auro
2640 4264 2696 4315 et
2733 4259 2973 4331 gemmis
3007 4259 3095 4314 vel
3129 4258 3449 4345 margaritis

95 4341 280 4449 Deum.
297 4350 426 4404 coeli
457 4354 746 4409 contemni
775 4360 830 4411 et
853 4356 1123 4411 diabolica
1150 4358 1609 4413 machinamenta
1631 4376 1727 4414 ve-
1750 4388 1805 4462 Ο
1827 4352 2037 4407 factum
2065 4351 2370 4407 habentem
2394 4351 2455 4406 in
2480 4368 2538 4407 se
2565 4351 2689 4406 auri
2713 4352 2917 4415 SOlidOS
2945 4351 3120 4421 mille,
3147 4341 3322 4422 quam
3346 4366 3449 4422 P81“

100 4439 304 4493 nerari.
338 4443 458 4497 Hoc
484 4446 779 4503 audientes
811 4449 1005 4504 Franci
1029 4450 1400 4522 universaque
1425 4452 1728 4507 multitudo
1752 4439 1805 4462 υ
1828 4460 2076 4499 Bonnam
2096 4460 2259 4498 suam
2272 4443 2501 4498 nomine
2515 4443 2923 4514 Fredovigiam,
2945 4459 3113 4514 quam
3134 4441 3450 4513 Ρτοιίωῖίω

99 4544 224 4589 cum
252 4537 463 4608 gladiis
505 4546 562 4595 et
594 4541 834 4597 fustibus
868 4543 955 4597 vel
995 4543 1149 4597 omni
1187 4543 1419 4598 fremitu
1461 4545 1732 4599 diabolica

99 4632 458 4687 conabantur
485 4634 806 4703 defendere,
831 4640 1020 4690 sancta
1047 4653 1178 4690 vero
1207 4636 1404 4708 regina
1429 4636 1733 4691 immobilis

96 4743 490 4796 perseverans,
522 4732 579 4783 et
603 4728 887 4783 Christum
906 4728 966 4782 in
992 4734 1216 4799 pectore
1247 4734 1491 4799 gestans,
1523 4747 1732 4801 equum

96 4837 265 4890 quem
287 4822 530 4877 sedebat
547 4821 772 4877 inantea
789 4837 905 4875 non
918 4822 1115 4893 movit,
1133 4826 1435 4894 antequam
1457 4827 1512 4877 et
1529 4822 1733 4877 funum

93 4919 493 4985 perureretur,
509 4922 564 4971 et
573 4916 694 4986 ipsa
705 4920 899 4971 orante
910 4915 1059 4970 inter
1069 4932 1126 4970 se
1138 4915 1332 4987 populi
1340 4932 1537 4987 pacem
1548 4915 1733 4971 ﬁrma-

162 5104 234 5175 (a)
262 5102 573 5175 Notandus
592 5101 685 5175 hic
714 5101 872 5175 locus
895 5099 1294 5175 adversusﬁeos
1326 5099 1424 5170 qui
1456 5101 1729 5155 Fortuna-

91 5169 227 5229 tum'
258 5192 328 5230 ex
371 5173 511 5228 albo
548 5171 958 5226 Pictavensium
1003 5169 1728 5240 pontiﬁcum’expungunt,

88 5246 294 5315 quibus
321 5245 370 5299 si
392 5259 521 5298 non
538 5242 741 5315 sufficit
765 5241 923 5315 Pauli
942 5240 1162 5315 diaconi
1187 5242 1505 5315 auctoritas,
1535 5240 1727 5315 lib._11,

87 5312 207 5389 cap.
259 5321 315 5385 9,
368 5319 530 5389 certe
570 5312 910 5367 Baudonivia
959 5312 1262 5367 Fortunato
1301 5312 1528 5382 aqualis
1567 5312 1732 5389 debet

88 5388 272 5441 facere
306 5386 472 5440 satis.

156 5460 227 5528 (ὁ)
260 5458 479 5528 Videas
492 5470 625 5528 Anon
651 5470 771 5508 esse
799 5469 922 5507 rem
936 5451 1493 5528 _novam,__religionis
1522 5468 1730 5507 nomen

80 5522 185 5597 pro
208 5522 367 5583 statu
394 5524 665 5597 religioso
686 5523 971 5594 usurpari,
994 5528 1058 5597 ut
1083 5522 1417 5593 quibusdam
1434 5538 1730 5597 perperam

84 5594 333 5653 ridetur.
368 5594 712 5661 Vide’infra,
738 5610 913 5664 num.
932 5596 984 5661 8,
1012 5596 1067 5646 et
1091 5608 1278 5664 supra,
1310 5608 1469 5646 num.
1500 5595 1584 5646 36.

152 5672 217 5739 (ρ)
258 5668 445 5735 Felte,
486 5665 831 5739 seufeltum,
864 5662 1100 5739 ﬁltrum,
1127 5662 1347 5739 pannus
1370 5667 1462 5739 est
1481 5678 1579 5717 seu
1597 5679 1727 5739 ves-

83 5732 252 5796 tis'ex
279 5732 513 5793 lana'et
530 5736 655 5807 pilis
681 5738 890 5802 coacta,
918 5750 1033 5789 non
1057 5732 1247 5807 tenta:
1281 5732 1726 5807 adcujussimi-

80 5812 396 5868 litudinem
426 5804 598 5861 vestis
631 5822 769 5860 auro
800 5821 863 5858 ac
890 5804 1132 5876 gemmis
1159 5804 1319 5876 fusa,_
1340 5805 1469 5876 felte
1507 5804 1616 5857 dici
1641 5804 1725 5857 vi-

78 5887 269 5940 detur.
304 5883 371 5938 In
391 5895 512 5935 ms.
544 5876 669 5933 cod.
698 5874 1144 5947 d’Héroiwalpro
1162 5876 1291 5944 felte
1307 5874 1516 5947 legitur
1534 5876 1723 5943 cirum,

1829 4536 2104 4603 habebat,
2131 4552 2265 4590 cum
2302 4536 2415 4590 suis
2442 4535 2701 4590 ﬁdelibus
2736 4535 3046 4590 transmisit
3069 4534 3186 4589 viro
3212 4549 3445 4589 venera-

1831 4634 1951 4702 bili,
1979 4633 2191 4701 domno
2213 4631 2411 4686 Joanni
2442 4632 2515 4702 (d)
2543 4632 2793 4686 reclauso
2824 4632 2883 4687 in
2912 4632 3146 4687 Castello
3180 4630 3444 4700 Cainone,

1833 4731 1895 4781 ut
1923 4743 2026 4797 pro
2053 4741 2118 4781 ea
2142 4727 2359 4792 oraret,
2398 4741 2470 4780 ne
2501 4724 2710 4779 iterum
2745 4725 2816 4780 ad
2841 4725 3113 4779 saeculum
3140 4727 3445 4779 revertere-

1831 4823 1953 4889 tur,
2012 4822 2067 4873 et
2114 4823 2324 4873 vestem
2374 4817 2427 4871 ei
2478 4818 2756 4872 cilicinam
2807 4818 3238 4884 transmitteret,
3298 4815 3448 4871 unde

1831 4928 2035 4986 corpus
2060 4928 2227 4967 suum
2256 4911 2499 4967 limaret.
2528 4910 2855 4966 Transmisit
2883 4911 2934 4966 ei
2960 4914 3017 4965 et
3062 4908 3351 4965 rachinam
3382 4908 3447 4979 (ε)

1830 5116 1903 5154 an
1928 5100 2187 5169 scyphum
2207 5101 2234 5152 ?

1902 5166 2086 5239 (d)’De
2130 5169 2381 5223 Iohanne
2415 5169 2633 5223 recluso
2671 5167 2823 5238 apud
2861 5167 3186 5235 Cainonem,
3220 5166 3450 5239 thnon,

1830 5240 1889 5294 in
1911 5236 2172 5294 “conﬁnio
2209 5241 2502 5293 Pictonum
2548 5244 2603 5293 et
2642 5236 2953 5305 Turonum,
2996 5239 3068 5293 ad
3105 5236 3451 5292 conﬂuentes

1830 5310 2095 5380 Vigennte
2119 5315 2176 5364 et
2202 5310 2434 5380 Ligeris,
2470 5309 2739 5380 legendus
2765 5308 3068 5380 Gregorius
3087 5306 3447 5380 Turonensis,

1830 5378 1907 5435 de
1929 5382 2078 5435 Glor.
2106 5378 2292 5445 conf,
2306 5396 2426 5450 cap.
2464 5378 2553 5435 23'.
2586 5382 2794 5434 Prmter
2822 5378 2955 5434 eum
2979 5378 3251 5450 Junianus
3277 5378 3449 5431 abbas

1829 5451 2177 5530 Mariacensis
2208 5449 2547 5530 .Badegundi
2588 5450 2762 5530 etiam
2803 5451 3006 5530 charus
3048 5449 3357 5529 admodum
3395 5451 3453 5502 et

1828 5522 2114 5576 familiaris
2142 5520 2267 5584 fuit,
2290 5520 2406 5592 qui
2432 5521 2760 5592 caracallam
2795 5521 2865 5574 ab
2891 5537 2956 5576 ea
2980 5520 3254 5592 accepisse
3279 5533 3449 5588 supra

1830 5592 1889 5647 in
1916 5592 2161 5663 propriis
2185 5590 2333 5645 Actis
2360 5591 2588 5663 legitur.

1900 5658 1963 5730 (ἒ)
1991 5658 2241 5718 Kachina
2267 5677 2364 5715 seu
2395 5658 2643 5715 rachana
2670 5660 2933 5716 Menardo
2960 5665 3174 5729 nostro,
3215 5659 3274 5713 in
3300 5658 3442 5711 Con-

1828 5731 1980 5788 cord.
2009 5734 2216 5804 regul.,
2248 5748 2377 5804 pag.
2421 5734 2544 5801 922,
2578 5734 2661 5787 est
2696 5731 3112 5804 operimentum
3146 5732 3439 5785 lectorum.

1827 5804 2016 5877 Vossio
2045 5802 2110 5859 de
2141 5803 2303 5860 Vitiis
2341 5817 2522 5877 serm”
2558 5806 2643 5877 est
2672 5802 2836 5858 vestis
2872 5818 2903 5857 e
2928 5817 3127 5877 panno
3165 5811 3344 5877 crasso
3372 5808 3437 5846 ac

1828 5873 1923 5931 vili
1950 5891 1981 5929 a
2011 5890 2191 5947 graeco
2230 5883 2380 5950 ῥάχω.
2412 5874 2559 5948 Lege
2585 5873 2768 5930 Vitam
2793 5872 2970 5930 sancti
2997 5872 3274 5927 Germani.
