3994 6450
545 365 646 420 667
1503 366 1754 425 SANCTA
1791 367 2228 436 RADEGUNDIS,

2268 368 2513 426 REGINA
2550 369 2873 427 FRANCIIE.
3823 366 3931 420 668

551 473 844 544 cilicinam,
867 476 1016 531 unde
1046 479 1102 530 et
1121 472 1352 530 interius
1370 480 1426 532 et
1450 477 1706 549 superius
1726 477 1829 534 sibi
1845 478 1977 534 fecit
2000 479 2162 534 indu-
2182 489 2240 562 Α
2259 477 2416 534 niam
2445 483 2661 550 peteret
2673 479 2851 533 beatae
2867 473 3224 548 Radegundi,
3251 475 3318 530 ut
3332 472 3388 530 ei
3403 473 3753 546 indulgeret
3767 473 3932 545 quod

549 573 824 635 mentum,
853 575 908 622 et
933 569 978 623 si
1003 568 1137 640 quid
1159 568 1226 623 de
1256 584 1440 639 causa,
1473 587 1647 642 quam
1676 571 1928 641 timebat,
1959 590 2156 646 supra-

547 661 726 717 dictus
753 660 838 715 vir
872 662 932 716 in
960 660 1166 732 Spiritu
1208 666 1396 716 sancto
1437 662 1684 732 sentiret,
1712 681 1834 719 eam
1863 666 2159 724 certiorem

545 755 822 811 redderet.
862 755 1022 822 Quod
1061 756 1108 810 si
1141 756 1246 811 hoc
1273 773 1368 812 rex
1395 757 1590 829 vellet,
1631 759 1750 830 ipsa
1779 761 1907 816 ante
1943 766 2160 833 optaret

547 848 720 904 vitam
753 848 936 919 finire,
962 867 1133 922 quam
1171 851 1292 921 regi
1329 856 1550 907 terreno
1576 854 1784 910 iterum
1802 855 1991 926 jungi,
2022 857 2160 928 quia

538 943 659 1014 jam
693 943 844 1015 regis
869 945 1103 1000 cmlestis
1142 947 1510 1018 copulabatur
1547 949 1919 1019 amplexibus.
1961 950 2047 1006 Sic
2073 951 2160 1008 vir

545 1036 645 1094 Dei
675 1041 789 1093 tota
820 1043 980 1094 nocte
1016 1038 1076 1094 in
1111 1039 1312 1111 vigiliis
1335 1046 1392 1097 et
1427 1041 1772 1098 orationibus
1801 1049 2155 1116 pernoctans,

546 1128 852 1201 inspirante
890 1131 994 1186 sibi
1023 1132 1208 1188 divina
1236 1135 1488 1206 potentia
1510 1135 1571 1191 in
1589 1138 1850 1206 crastino,
1873 1139 2172 1196 mandavit

545 1221 596 1277 ei
624 1223 732 1278 hoc
757 1225 906 1295 regis
929 1241 1048 1280 esse
1071 1226 1420 1282 voluntatem
1443 1270 1458 1298 ,
1483 1229 1580 1284 sed
1607 1229 1704 1283 Dei
1736 1247 1850 1286 non
1876 1248 1996 1286 esse
2024 1249 2156 1304 per-

545 1314 812 1371 missum:
845 1322 973 1372 ante
1002 1334 1101 1373 rex
1125 1320 1222 1374 Dei
1239 1320 1452 1390 judicio
1477 1321 1792 1393 puniretur,
1832 1340 2005 1396 quam
2031 1341 2157 1380 eam

543 1406 602 1461 in
628 1409 954 1480 conjugium
983 1412 1276 1482 acciperet.

614 1504 666 1554 5.
702 1502 829 1556 Post
861 1503 967 1558 hoc
997 1503 1209 1560 dictum
1239 1506 1556 1577 supradicta
1592 1507 1821 1563 domina
1853 1509 2155 1581 Radegun-

543 1591 628 1647 dis
651 1598 839 1650 mente
867 1599 982 1650 tota
1011 1596 1227 1652 intenta
1266 1599 1334 1653 ad
1362 1599 1670 1667 Christum,
1701 1601 1950 1670 Pictavis,
1977 1603 2154 1674 inspi-

542 1689 700 1742 rante
727 1690 784 1743 et
813 1693 1142 1760 cooperante
1172 1692 1282 1746 Deo
1303 1734 1316 1761 ,
1349 1693 1757 1748 monasterium
1797 1695 1902 1749 sibi
1928 1711 2032 1766 per
2060 1713 2154 1750 or-

541 1778 884 1837 dinationem
941 1784 1193 1854 prmeelsi
1245 1785 1398 1856 regis
1451 1785 1758 1842 Chlotharii
1809 1787 2152 1859 construxit,

539 1893 710 1948 quam
750 1879 1022 1936 fabricam
1055 1882 1141 1936 vir
1163 1883 1498 1953 apostolicus
1536 1883 1782 1938 Pientius
1828 1884 2155 1956 [Pictavien-

541 1969 636 2041 sis]
679 1973 968 2044 episcopus
1003 1977 1059 2029 et
1090 1976 1423 2046 Austrapius
1459 1975 1574 2030 dux
1609 1991 1712 2046 per
1741 1977 2158 2034 ordinationem

540 2063 885 2120 dominicam
929 2067 1064 2137 [Al.,
1114 2067 1232 2140 Dei]
1289 2068 1544 2122 celeriter
1580 2069 1871 2124 fecerunt:
1910 2069 1969 2125 in
2007 2071 2158 2142 quod

540 2157 946 2212 monasterium
969 2163 1158 2214 sancta
1173 2160 1389 2232 regina,
1411 2161 1609 2216 mundi
1629 2162 1764 2216 falsa
1777 2161 2157 2219 blandimenta

539 2265 836 2320 respuens,
867 2251 1224 2323 gaudensque
1250 2253 1500 2324 ingressa
1529 2258 1644 2321 est,
1675 2254 1772 2308 ubi
1803 2255 2156 2326 perfectionis

539 2347 869 2397 ornamenta
887 2345 1259 2415 conquireret,
1285 2350 1340 2401 et
1364 2363 1629 2418 magnam
1655 2349 2156 2418 congregationem

538 2435 852 2506 puellarum
875 2436 1093 2491 Christo
1121 2454 1410 2508 nunquam
1438 2439 1710 2494 morituro
1739 2456 1940 2510 sponso
1965 2441 2152 2496 trade-

538 2531 640 2583 ret.
681 2529 801 2592 Quo
839 2529 1016 2584 electa
1053 2530 1332 2585 abbatissa
1375 2531 1544 2586 etiam
1582 2533 1900 2602 constituta,
1941 2537 2056 2587 tam
2096 2551 2154 2590 se

536 2637 703 2692 quam
724 2637 824 2676 sua
849 2623 1038 2676 omnia
1059 2623 1180 2693 ejus
1207 2624 1433 2679 tradidit
1459 2625 1682 2680 subdita
1707 2625 1988 2696 potestati,
2013 2631 2068 2680 et
2087 2643 2154 2681 ex

536 2714 762 2784 proprio
779 2714 911 2784 jure
952 2715 1099 2774 nihil
1130 2715 1235 2770 sibi
1262 2733 1568 2784 reservans,
1600 2721 1666 2772 ut
1701 2722 1952 2773 curreret
1979 2734 2152 2789 expe-

534 2809 651 2864 dita
678 2814 807 2881 post
828 2811 1032 2866 Christi
1048 2813 1296 2883 vestigia,
1319 2818 1375 2868 et
1400 2818 1621 2868 tantum
1645 2815 1748 2868 sibi
1775 2815 1900 2886 plus
1921 2821 2155 2885 augeret

533 2901 595 2955 in
633 2903 768 2956 coelo
803 2907 1012 2974 quanto
1040 2905 1225 2975 magis
1259 2905 1623 2960 subtraxisset
1660 2907 1729 2961 de
1767 2906 1990 2961 saeculo.
2031 2909 2154 2962 Mox

536 2993 708 3048 etiam
739 2995 860 3065 ejus
897 3000 1088 3050 sancta
1119 2998 1464 3052 conversatio
1509 2998 1673 3068 coepit
1714 2999 1924 3053 fervere
1953 2999 2010 3053 in
2041 2999 2150 3054 hu-

535 3085 788 3140 militatis
846 3089 1280 3156 conversatione,
1331 3090 1392 3144 in
1439 3091 1724 3145 charitatis
1779 3091 2052 3158 ubertate,
2091 3093 2152 3147 in

535 3179 798 3233 castitatis
827 3179 1058 3249 lumine,
1101 3181 1160 3236 in
1183 3182 1532 3252 jejuniorum
1571 3183 1954 3254 pinguedine:
1993 3188 2050 3239 et
2077 3184 2226 3271 itaC

535 3286 592 3324 se
607 3274 722 3326 toto
734 3287 923 3326 amore
940 3273 1148 3328 coelesti
1163 3275 1392 3330 tradidit
1409 3293 1612 3347 sponso
1629 3318 1642 3342 ,
1663 3279 1727 3330 ut
1744 3277 1921 3331 Deum
1941 3278 2153 3332 mundo

535 3363 697 3417 corde
716 3365 1112 3436 complectens,
1134 3367 1418 3423 Christum
1448 3368 1507 3423 in
1543 3384 1600 3423 se
1627 3367 2002 3424 habitatorem
2033 3385 2151 3426 esse

535 3455 782 3510 sentiret.

602 3555 652 3607 6.
682 3553 785 3608 Sed
811 3553 1033 3609 invidus
1057 3555 1335 3610 bonorum
1362 3553 1600 3610 humani
1622 3557 1846 3627 generis
1864 3555 2149 3626 inimicus,

529 3644 688 3714 cujus
716 3646 1080 3714 voluntatem,
1111 3648 1281 3702 etiam
1306 3649 1443 3703 dum
1461 3647 1522 3703 in
1548 3649 1754 3704 saeculo
1776 3652 1942 3716 esset,
1965 3649 2152 3703 facere

528 3737 816 3794 abhorruit
839 3780 853 3805 ,
883 3756 1007 3795 eam
1044 3741 1306 3812 persequi
1349 3757 1468 3795 non
1507 3741 1760 3796 cessavit.
1799 3741 1951 3797 Sicut
1995 3741 2150 3796 enim

521 3829 642 3900 jam
689 3847 793 3900 per
835 3831 1213 3886 internuntios
1255 3837 1589 3904 cognoverat
1636 3834 1826 3905 (quod
1876 3832 2150 3904 timebat)

531 3922 830 3994 praecelsus
864 3939 965 3978 rex
995 3924 1350 3978 Chlotharius
1384 3941 1512 3979 cum
1543 3925 1658 3980 ﬁlio
1691 3942 1790 3980 suo
1820 3925 2148 3996 praecellen-

531 4014 746 4068 tissimo
783 4014 1062 4085 Sigiberto
1101 4017 1349 4071 Turones
1384 4018 1608 4073 advenit
1644 4017 1803 4089 quasi
1841 4017 2151 4072 devotionis

530 4121 718 4174 causa,
752 4121 864 4176 quo
893 4107 1106 4163 facilius
1135 4109 1366 4164 Pictavis
1391 4111 1694 4179 accederet,
1717 4113 1782 4164 ut
1809 4126 1971 4164 suam
1997 4109 2149 4180 regi-

530 4213 661 4251 nam
689 4197 980 4268 aeciperet.
1003 4202 1122 4264 Quo
1142 4203 1364 4273 cognito
1394 4203 1557 4256 beata
1585 4201 1946 4272 Radegundis
1966 4217 2147 4256 sacra-

530 4289 799 4344 mentales
831 4290 962 4346 fecit
1001 4292 1210 4348 litteras
1257 4293 1361 4349 sub
1385 4293 1789 4348 contestatione
1820 4293 2007 4348 divina
2030 4293 2150 4349 viro

529 4381 832 4452 apostolico
863 4383 1070 4439 domno
1095 4386 1370 4440 Germano
1402 4384 1742 4440 Parisiorum
1764 4385 2000 4440 civitatis
2026 4385 2148 4458 epi-

530 4490 698 4544 scopo
727 4475 827 4547 qui
852 4479 988 4532 tunc
1019 4493 1149 4532 cum
1178 4493 1314 4548 rege
1347 4482 1488 4547 erat,
1527 4492 1665 4549 quas
1709 4494 1814 4549 per
1852 4477 2150 4533 Proculum

2258 572 2318 627 in
2347 589 2411 627 ea
2449 587 2553 642 per
2577 571 2754 627 malos
2792 569 3132 626 consiliarios
3169 572 3525 640 peccaverat.
3573 567 3748 623 Unde
3779 566 3932 622 ultio

2258 665 2444 720 divina
2487 665 2557 719 de
2610 663 2876 735 praesenti
2921 662 2982 718 in
3025 679 3118 718 eos
3165 661 3496 717 vindicavit.
3548 660 3718 716 Sicut
3765 660 3935 715 enim

2256 757 2443 828 Arius,
2480 757 2578 829 qui
2614 762 2806 812 contra
2834 756 3005 812 ﬁdem
3044 755 3383 810 catholicam
3427 757 3682 820 certans,
3724 752 3936 808 omnia

2264 850 2399 922 [Λευ
2433 866 2664 906 omnem
2699 848 3042 922 intestinam]
3087 848 3364 904 intestina
3393 864 3500 903 sua
3523 846 3590 902 in
3623 861 3936 902 secessum

2257 943 2474 998 dimisit
2491 959 2509 1013 ;
2536 943 2615 998 ita
2633 946 2690 998 et
2706 943 2776 998 de
2797 942 2916 998 istis
2944 942 3130 998 evenit
3153 941 3253 1014 qui
3273 944 3474 996 contra
3490 941 3738 998 beatam
3766 939 3932 1011 regi-

2256 1053 2389 1092 nam
2414 1040 2675 1106 egerunt.

2327 1135 2380 1186 7.
2421 1131 2577 1184 Tunc
2613 1145 2714 1184 rex
2761 1127 2967 1183 timens
3023 1127 3122 1182 Dei
3163 1126 3472 1198 judicium,
3519 1125 3667 1198 quia
3718 1124 3937 1196 regina

2258 1223 2436 1294 magis
2464 1222 2561 1277 Dei
2590 1223 2935 1276 voluntatem
2959 1220 3169 1276 fecerat
3192 1235 3371 1292 quam
3401 1235 3572 1274 suam
3601 1219 3760 1274 dum
3794 1233 3937 1273 cum

2257 1333 2322 1372 eo
2352 1319 2700 1371 commorata
2723 1314 2924 1383 fuerat,
2953 1315 3120 1384 rogat
3141 1313 3376 1368 beatum
3401 1312 3625 1378 virum,
3659 1311 3813 1366 illuc
3846 1326 3938 1365 ce-

2255 1408 2447 1463 leriter
2485 1407 2587 1462 ire.
2638 1407 2724 1462 Sic
2772 1408 2858 1460 vir
2907 1405 3244 1477 apostolicus
3289 1405 3540 1460 domnus
3586 1404 3940 1459 Germanus

2254 1501 2484 1556 Pictavis
2508 1499 2756 1568 veniens,
2783 1499 3071 1570 ingressus
3093 1497 3531 1566 monasterium,
3564 1497 3634 1551 in
3668 1496 3937 1551 oratorio

2254 1593 2476 1648 domnae
2501 1591 2687 1647 Mariae
2710 1591 2933 1645 nomini
2956 1589 3210 1645 dedicato
3239 1589 3559 1660 prosternit
3583 1605 3651 1645 se
3682 1589 3766 1643 ad
3795 1605 3936 1644 san-

2254 1691 2357 1740 ctae
2382 1685 2594 1756 reginae
2615 1685 2784 1756 pedes
2813 1699 2914 1754 pro
2942 1698 3078 1754 rege
3105 1682 3328 1737 veniam
3354 1698 3624 1753 poscens.
3655 1683 3771 1736 Illa
3797 1699 3939 1738 vero

2257 1777 2505 1848 gaudens
2549 1793 2607 1832 se
2654 1777 2723 1832 de
2777 1775 2969 1830 saaculi
3011 1775 3268 1830 faucibus
3311 1779 3617 1846 ereptam,
3661 1774 3941 1846 benigne

2255 1870 2528 1941 indulget,
2575 1873 2630 1924 et
2657 1885 2716 1923 se
2759 1869 2830 1923 ad
2867 1869 2963 1923 Dei
3003 1867 3216 1939 aptavit
3251 1867 3594 1924 servitium:
3647 1868 3944 1940 expedita

2249 1964 2370 2034 jam
2407 1963 2566 2034 sequi
2602 1961 2886 2017 Christum
2927 1977 3269 2032 quocunque
3311 1961 3425 2016 iret
3460 1972 3649 2033 quem
3693 1977 3944 2032 semper

2255 2055 2468 2122 dilexit,
2502 2059 2558 2110 et
2589 2057 2778 2109 animo
2813 2054 3012 2108 devoto
3048 2053 3118 2108 ad
3150 2069 3286 2108 eum
3321 2053 3646 2125 percurrit.
3685 2054 3942 2109 Talibus

2257 2164 2391 2218 ergo
2420 2147 2588 2203 rebus
2615 2146 2849 2214 intenta,
2882 2145 3074 2200 addito
3114 2145 3447 2217 vigiliarum
3484 2145 3730 2214 ordine,
3770 2145 3942 2218 quasi

2255 2239 2488 2295 carceris
2515 2256 2572 2294 se
2601 2239 2689 2293 sui
2717 2239 2968 2310 corporis
2996 2239 3128 2293 fecit
3155 2239 3552 2310 pernoctando
3583 2240 3941 2296 custodem.

2255 2335 2321 2386 Et
2353 2349 2483 2386 cum
2511 2336 2656 2386 esset
2677 2330 2800 2384 aliis
2828 2330 3172 2400 misericors,
3208 2330 3317 2385 sibi
3350 2331 3540 2402 judex
3567 2331 3800 2386 effecta
3833 2338 3942 2402 est,

2254 2424 2482 2496 reliquis
2510 2423 2624 2495 pia,
2645 2423 2703 2478 in
2735 2440 2793 2477 se
2809 2423 3142 2478 abstinendo
3173 2439 3391 2493 severa,
3419 2423 3713 2479 omnibus
3741 2425 3942 2496 larga,

2254 2517 2359 2571 sibi
2408 2516 2692 2586 restricta,
2737 2521 2804 2571 ut
2841 2516 3094 2570 confecta
3139 2517 3381 2588 jejuniis
3446 2533 3574 2572 non
3625 2517 3945 2574 sufﬁceret

2253 2610 2359 2664 nisi
2385 2616 2441 2665 et
2469 2611 2538 2666 de
2569 2626 2670 2664 suo
2699 2625 2931 2680 corpore
2961 2609 3366 2681 triumpharet.

2323 2707 2375 2758 8.
2403 2703 2496 2758 His
2525 2703 2700 2774 igitur
2714 2703 2912 2758 studiis
2941 2707 3211 2773 occupata
3239 2719 3346 2774 per
3364 2718 3611 2758 omnem
3643 2705 3935 2774 modum,

2253 2797 2393 2850 sicut
2419 2801 2502 2850 est
2530 2796 2590 2850 in
2619 2796 2762 2850 libro
2791 2796 2976 2868 primo
3012 2795 3363 2866 intimatum,
3397 2797 3630 2851 meruit
3664 2790 3788 2853 soli
3825 2801 3943 2854 Deo

2252 2893 2510 2960 prompte
2535 2904 2748 2944 vacare.
2781 2889 2901 2952 Quo
2922 2893 3113 2944 tamen
3143 2892 3408 2960 tempore
3436 2889 3806 2946 fortioribus
3847 2910 3941 2948 ar-

2252 2982 2360 3036 mis
2417 2981 2633 3049 induta,
2687 2981 2808 3037 sine
2869 2981 3177 3036 cessatione
3235 2982 3625 3053 orationibus,
3685 2984 3942 3057 vigiliis,

2250 3074 2488 3129 lectione
2525 3089 2824 3145 propensa,
2869 3059 3190 3146 peregrinis
3218 3075 3343 3146 ipsa
3373 3075 3534 3130 cibos
3564 3077 3944 3134 ministravit

2251 3173 2320 3226 ad
2351 3188 2604 3226 mensam
2629 3213 2644 3240 ,
2684 3172 2805 3243 ipsa
2835 3171 2949 3226 suis
2991 3172 3259 3226 manibus
3287 3172 3431 3228 lavit
3462 3178 3522 3228 et
3555 3176 3743 3232 tersit
3771 3177 3943 3232 inﬁr-

2250 3269 2507 3320 mantum
2536 3263 2788 3335 vestigia.
2821 3265 2944 3318 Non
2982 3264 3214 3320 famulae
3241 3267 3511 3336 permisit
3538 3267 3662 3322 sibi
3685 3271 3839 3326 dare
3864 3287 3946 3327 so-

2250 3358 2468 3426 latium,
2500 3373 2630 3428 quae
2660 3357 2856 3411 devota
2875 3357 3182 3412 cursitabat
3205 3357 3450 3429 implere
3485 3362 3822 3420 servitium
3849 3385 3863 3420 :
3890 3383 3945 3421 se

2251 3454 2442 3504 autem
2470 3449 2528 3503 in
2545 3452 2660 3503 tam
2677 3447 2854 3503 ardua
2879 3449 3242 3504 abstinentiae
3261 3450 3645 3509 districtione
3673 3458 3942 3526 reclusit,

2249 3557 2428 3612 usque
2456 3557 2568 3612 quo
2596 3540 2892 3596 inﬁrmitas
2918 3543 3210 3612 permisit,
3241 3551 3310 3598 ut
3334 3559 3505 3600 mens
3534 3545 3792 3604 intenta
3827 3552 3944 3608 Deo

2250 3639 2540 3690 terrenum
2563 3633 2684 3704 jam
2709 3650 2813 3688 nec
2841 3633 3157 3706 requireret
3185 3635 3401 3692 cibum.
3436 3637 3777 3698 Lectulum
3809 3661 3945 3698 vero

2251 3727 2526 3797 poenalem
2555 3726 2660 3781 sibi
2685 3726 3017 3794 construxit,
3040 3733 3345 3800 postquam
3383 3730 3714 3802 religionis
3747 3736 3944 3793 induit

2250 3819 2544 3887 habitum;
2568 3835 2684 3873 non
2711 3819 3012 3890 aliquando
3037 3821 3194 3875 illam
3213 3821 3406 3876 mollis
3433 3825 3658 3894 pluma
3684 3829 3943 3900 fulcivit,

2249 3927 2434 3982 neque
2453 3911 2798 3966 linteaminis
2820 3912 2972 3966 nitor
2988 3912 3280 3984 instruxit,
3309 3931 3441 3986 quae
3459 3934 3575 3988 pro
3609 3920 3943 3981 indumen-

2250 4005 2320 4059 tis
2337 4004 2612 4059 universis
2633 4004 2819 4059 cinere
2837 4009 2894 4060 et
2913 4004 3095 4060 cilicio
3115 4010 3315 4062 tenera
3333 4010 3618 4066 membra
3640 4014 3937 4074 domavit.

2249 4098 2326 4150 De
2339 4095 2687 4151 abstinentiae
2703 4097 2892 4167 rigore
2921 4097 3007 4152 vel
3030 4098 3246 4154 servitii
3263 4101 3528 4158 anterior
3545 4105 3722 4164 liber
3755 4113 3942 4166 multa

2249 4189 2455 4244 docuit.
2484 4191 2544 4243 In
2571 4192 2791 4244 tantum
2822 4189 2976 4245 enim
3005 4206 3063 4246 se
3089 4196 3328 4264 propter
3357 4195 3555 4252 Deum
3590 4216 3938 4276 pauperem

2247 4281 2396 4350 fecit,
2453 4284 2514 4336 ut
2562 4280 2775 4337 caeteris
2830 4282 3112 4352 praeberet
3167 4287 3532 4358 exemplum.
3590 4293 3942 4353 Manicham

2247 4390 2417 4446 quam
2445 4373 2677 4428 brachio
2705 4373 2964 4430 indueret
2993 4392 3108 4430 non
3147 4377 3421 4448 habebat,
3454 4381 3580 4438 nisi
3620 4385 3705 4443 de
3756 4391 3944 4463 caliga

2214 4465 2347 4521 'sua
2386 4466 2490 4520 sibi
2529 4467 2665 4520 duas
2702 4465 2833 4522 fecit
2869 4467 3158 4523 manicas:
3208 4471 3308 4525 sed
3349 4471 3432 4527 ita
3476 4490 3540 4529 se
3594 4494 3944 4554 pauperem

527 4582 694 4621 suum
720 4573 983 4639 agentem
1013 4569 1277 4624 secretius
1305 4569 1508 4626 direxit
1545 4587 1674 4625 cum
1704 4571 1902 4625 exenio
1927 4570 2015 4625 vel
2047 4587 2146 4626 eu-
2168 4553 2226 4626 Β
2249 4559 2553 4626 tractabat,
2598 4562 2665 4613 nt
2701 4559 2809 4614 hoc
2844 4575 2949 4614 nec
2989 4559 3272 4617 abbatissa
3321 4563 3398 4636 (δ)
3453 4553 3755 4630 sentiret;
3813 4579 3943 4642 Quis

527 4658 688 4728 logiis
729 4659 820 4730 (α).
860 4663 932 4714 At
968 4661 1064 4716 ubi
1099 4676 1190 4716 eas
1226 4662 1432 4734 relegit
1460 4662 1544 4717 vir
1583 4665 1696 4718 Deo
1733 4664 1932 4734 plenus
1972 4662 2151 4734 lacry-

526 4765 704 4820 mans,
740 4753 1048 4824 prosternit
1093 4770 1150 4809 se
1187 4755 1424 4825 pedibus
1464 4757 1614 4827 regis
1652 4760 1783 4810 ante
1826 4755 2148 4826 sepulcrum

525 4843 672 4898 beati
703 4845 922 4900 Martini
953 4862 1083 4901 cum
1111 4848 1514 4903 contestatione
1544 4848 1752 4914 divina,
1792 4847 1934 4902 sicut
1971 4847 2023 4903 ei
2051 4847 2146 4902 lit-

527 4936 662 4991 teris
699 4936 886 4992 fuerat
925 4937 1269 5018 intimatum,
1307 4946 1374 4995 ut
1410 4940 1646 4995 Pictavis
1686 4955 1801 4994 non
1839 4939 2143 4995 accederet.

526 5027 612 5082 Sic
640 5045 739 5084 rex
774 5015 1170 5087 amaritudine-
1194 5015 1398 5104 plenus
1416 5033 1737 5104 intelligens
1758 5033 1902 5086 hanc
1929 5032 2148 5103 petitio-

526 5135 660 5174 nem
688 5136 805 5175 esse
825 5123 1058 5194 reginae,
1088 5125 1415 5195 paenitentia
1439 5125 1658 5193 ductus,
1693 5124 1856 5179 malis
1885 5124 2145 5179 consilia-

526 5211 625 5265 riis
660 5211 810 5266 istud
839 5219 1120 5284 reputans,
1167 5234 1337 5289 seque
1369 5217 1672 5289 indignum
1705 5217 1967 5287 judicans
1998 5217 2148 5288 quod

525 5302 700 5357 talem
718 5303 923 5360 habere
943 5308 1198 5379 reginam
1212 5310 1422 5365 diutius
1442 5327 1559 5365 non
1575 5310 1892 5378 meruisset,
1907 5313 2150 5380 proster-

527 5395 611 5448 nit
659 5411 717 5449 se
769 5401 825 5452 et
873 5399 968 5455 ille
1019 5407 1149 5458 ante
1191 5403 1388 5458 limina
1427 5403 1605 5458 sancti
1646 5401 1865 5457 Martini
1912 5401 2150 5473 pedibus

526 5488 814 5560 apostolici
854 5493 958 5548 viri
1001 5494 1283 5564 Germani,
1324 5511 1527 5566 rogans
1557 5500 1620 5550 ut
1649 5495 1726 5550 sic
1768 5511 1873 5565 pro
1904 5493 2024 5566 ipso
2051 5508 2146 5548 ve-

593 5601 664 5673 (a)
703 5604 952 5678 Eulogiae
983 5623 1099 5660 non
1140 5623 1363 5676 semper
1392 5625 1494 5678 pro
1537 5623 1684 5680 pane
1715 5607 1951 5680 aliisque
1979 5609 2150 5664 rebus

523 5672 848 5746 benedictis,
885 5677 985 5731 sed
1015 5692 1118 5746 pro
1141 5677 1389 5746 quolibet
1420 5677 1758 5734 munusculo
1780 5695 1848 5732 ex
1877 5680 2149 5735 charitate

522 5744 665 5798 facto
718 5747 880 5816 Apud
931 5744 1322 5813 Fortunatum,
1369 5749 1428 5802 in
1472 5749 1570 5803 lib.
1625 5747 1689 5812 ll,
1742 5748 1923 5806 Carm.
1986 5753 2050 5806 l2
2093 5753 2151 5804 et

525 5830 698 5884 seqq.
745 5815 1026 5887 leguntur
1076 5820 1365 5884 castaneae,
1412 5818 1498 5872 lae
1521 5859 1534 5886 ,
1579 5818 1850 5887 prunellae
1874 5861 1888 5885 ,
1941 5837 2044 5873 ova
2092 5823 2149 5874 et

525 5900 726 5954 prunae
741 5884 800 5939 in
819 5884 1068 5957 eulogias
1087 5887 1426 5945 transmissa.
1451 5884 1530 5944 De
1552 5884 1790 5959 eulogiis
1805 5884 1930 5961 lege
1950 5890 2146 5948 Albas-

2246 4651 2398 4706 enim
2419 4652 2539 4722 ejus
2558 4652 2906 4723 patientiam,
2929 4653 3055 4725 quis
3071 4654 3438 4728 charitatem,
3459 4662 3607 4732 quis
3631 4666 3941 4727 fervorem

2247 4743 2492 4816 spiritus,
2521 4745 2646 4816 quis
2671 4745 3092 4816 discretionem,
3125 4747 3255 4819 quis
3286 4749 3780 4832 benignitatem,
3817 4766 3939 4836 quis

2247 4836 2428 4892 zelum
2451 4843 2726 4905 sanctum,
2750 4838 2875 4910 quis
2885 4839 2949 4910 ju
2957 4856 3090 4911 gem
3120 4841 3578 4904 meditationem
3602 4852 3713 4910 die
3741 4867 3942 4914 noctu-

2245 4946 2354 5000 que
2383 4929 2442 4984 in
2485 4931 2609 5002 lege
2644 4931 2865 4986 Domini
2901 4933 3111 5003 poterit
3149 4935 3446 5006 explicare
3467 4940 3500 4994 ?
3531 4941 3700 5007 Quae
3736 4967 3878 5006 cum
3910 4969 3939 5006 a

2246 5023 2604 5078 meditatione
2658 5024 3006 5094 psalmorum
3062 5031 3162 5080 aut
3217 5029 3663 5099 praedicatione
3714 5059 3941 5100 cessare

2246 5115 2548 5186 videretur,
2574 5115 2772 5171 lectrix
2796 5121 2926 5172 ante
2957 5134 3083 5174 eam
3111 5134 3229 5174 una
3255 5125 3717 5189 monacharum
3748 5137 3942 5210 legere

2247 5223 2359 5262 non
2391 5208 2713 5264 desistebat.
2737 5211 2798 5264 In
2823 5214 3045 5266 tantum
3074 5211 3144 5268 de
3174 5215 3347 5271 corde
3367 5219 3464 5274 vel
3498 5236 3612 5280 ore
3645 5208 3944 5288 illius—Dei

2246 5302 2369 5355 laus
2387 5317 2501 5355 non
2521 5301 2855 5371 discedebat,
2879 5308 2946 5358 ut
2963 5320 3095 5359 cum
3119 5308 3376 5377 quadam
3394 5311 3526 5370 vice
3553 5291 3825 5379 vidisset
3845 5343 3938 5396 po-

2247 5393 2546 5448 sticiariam
2569 5396 2893 5450 monasterii
2910 5400 3309 5456 transeuntem
3328 5406 3585 5465 nomine
3625 5393 3943 5490 Eodegun-

2248 5486 2397 5554 dem,
2416 5486 2514 5542 ubi
2542 5503 2666 5543 eam
2683 5488 2862 5544 voluit.
2877 5490 3184 5564 appellare,
3207 5511 3316 5566 pro
3344 5496 3476 5568 ejus
3500 5507 3777 5567 nomine
3805 5486 3944 5567 Ᾰιιε.

2247 5603 2514 5690 pinaeu'm,
2548 5603 2647 5690 lib.
2681 5620 2719 5672 ι,
2747 5604 3114 5690 observante,
3151 5611 3648 5690 Aet‘blenardum,
3689 5624 3766 5682 in
3799 5627 3942 5683 Con-

2247 5674 2397 5756 cord.
2430 5675 2657 5756 Ijegul.,
2685 5691 2805 5746 cap.
2840 5678 2929 5756 6t,
3027 5674 3169 5756 t,_‘et
3198 5681 3362 5738 alios.

2318 5745 2386 5814 (b)
2436 5745 2619 5823 Prima
2685 5745 3010 5823 monasterii
3064 5745 3299 5808 Sanctae
3355 5755 3566 5814 Crucis
3635 5764 3937 5823 abbatissa

2245 5815 2432 5886 Agnes
2461 5816 2550 5871 cui
2582 5816 2844 5872 successit
2871 5816 3218 5878 Leubovera.
