3994 6390
151 345 254 396 669

1427 342 1592 396 VITA.
1638 341 1832 396 LIBER
1873 341 2229 397 SECUNDUS.

3391 347 3493 402 6'70

146 449 266 504 luia
298 448 584 504 clamavit.
633 450 743 504 Hoc
779 449 982 504 millies
1023 448 1153 504 fecit
1171 466 1189 518 3
1233 465 1525 520 nunquam
1567 449 1636 504 de
1681 465 1776 504 ore
1798 463 1855 536 Α
1876 450 1967 520 cit,
1995 455 2060 506 ut
2089 451 2135 505 si
2163 449 2326 505 alicui
2365 450 2435 506 de
2479 448 2760 506 sororibus
2794 465 3017 507 merum
3053 450 3187 507 dare
3210 452 3491 523 voluisset,

143 543 304 598 illius
321 542 614 612 detractio,
639 559 933 614 nunquam
950 541 1329 611 mendacium,
1350 558 1644 614 nunquam
1663 559 1776 596 ma-

143 637 423 692 ledictum
449 640 646 691 contra
665 636 1140 708 qualemcumque
1167 651 1464 706 personam
1490 634 1774 706 processit:

144 734 203 784 et
230 746 347 784 non
374 729 563 784 solum
589 746 705 784 non
732 729 974 784 detraxit
1007 729 1288 799 cuiquam,
1329 729 1426 783 sed
1459 745 1564 783 nec
1589 729 1774 784 detra-

145 823 386 878 hentem
434 823 716 894 patienter
767 822 1005 877 audivit.
1057 824 1161 877 Pro
1208 822 1674 893 persequentibus
1722 837 1779 876 se

145 932 380 986 semper
393 915 572 970 oravit
590 919 646 969 et
656 931 814 970 orare
827 914 1035 969 docuit.
1056 913 1591 984 Congregationem,
1607 930 1778 985 quam

145 1008 208 1063 in
235 1009 470 1063 nomine
500 1008 728 1062 Domini
766 1008 935 1078 plena
965 1008 1062 1062 Dei
1090 1007 1365 1062 desiderio
1393 1007 1774 1078 congregavit,

143 1101 208 1156 in
230 1105 461 1156 tantum
481 1101 696 1167 dilexit,
719 1105 784 1155 ut
803 1101 972 1155 etiam
988 1104 1246 1171 parentes
1265 1101 1350 1155 vel
1373 1116 1569 1171 regem
1590 1100 1778 1170 conju-

143 1211 284 1266 gem
301 1211 358 1250 se
381 1194 645 1249 habuisse
659 1209 762 1248 nec
783 1193 1253 1249 reminisceretur.
1275 1194 1433 1258 Quod
1451 1194 1778 1264 frequenter

143 1287 314 1342 nobis
344 1288 485 1342 dum
521 1286 849 1358 praidicaret
885 1286 1135 1341 dicebat:
1164 1288 1273 1340 Vos
1309 1286 1452 1356 elegi
1492 1286 1654 1354 ﬁlias,
1682 1302 1777 1340 vos

143 1397 280 1434 mea
306 1380 545 1449 lumina,
574 1395 673 1433 vos
699 1395 828 1434 mea
853 1380 984 1447 vita,
1014 1396 1111 1433 vos
1136 1395 1261 1433 mea
1299 1379 1522 1450 requies
1550 1382 1777 1449 totaque

141 1473 408 1540 felicitas,
439 1489 535 1527 vos
561 1473 781 1527 novella
809 1472 1082 1543 plantatio
1105 1489 1118 1539 ;
1150 1472 1298 1541 agite
1340 1488 1561 1526 mecum
1589 1471 1648 1524 in
1673 1471 1777 1525 hoc

139 1568 380 1632 saeculo,
400 1566 548 1620 unde
568 1566 913 1635 gaudeamus
930 1565 990 1618 in
1009 1565 1222 1618 futuro.
1245 1565 1416 1619 Plena
1434 1563 1564 1630 ﬁde,
1587 1564 1778 1635 pleno-

145 1675 263 1730 que
293 1658 478 1713 cordis
509 1658 713 1713 aﬂ‘ectu
747 1658 1054 1713 serviamus
1089 1657 1326 1712 Domino
1363 1657 1425 1712 in
1467 1658 1693 1736 timore,
1723 1660 1779 1711 et

144 1754 208 1808 in
239 1751 603 1823 simplicitate
625 1751 806 1806 cordis
824 1767 1141 1822 quaeramus
1157 1767 1310 1821 eum,
1333 1756 1398 1806 ut
1423 1767 1552 1806 cum
1578 1749 1779 1804 ﬁducia

1876 545 1944 599 de
1981 561 2083 599 suo
2126 543 2231 598 sibi
2268 544 2492 600 cellario
2531 547 2764 615 tangere
2801 561 2917 599 non
2951 547 3329 616 praesumpsit.
3372 547 3492 610 Quo

1876 637 2098 708 cognito
2118 637 2453 692 venerabilis
2469 637 2768 705 abbatissa,
2792 637 2944 692 dedit
2964 637 3013 692 ei
3033 640 3342 693 tonnellam
3370 645 3493 694 octo

1875 731 2213 800 modiorum,
2251 748 2423 803 quam
2458 732 2636 787 beatae
2679 731 2952 786 Felicitati
2995 721 3231 786 cenasse
3278 733 3348 786 ad
3392 749 3490 788 ex-

1875 839 2108 895 pensam
2133 825 2561 880 commendavit.
2594 825 2668 879 De
2703 823 2984 879 vindemia
3019 841 3198 894 usque
3227 825 3298 879 ad
3323 824 3491 880 aliam

1877 917 2137 971 omnibus
2162 917 2359 972 diebus
2382 917 2706 988 ubicunque
2733 916 2786 971 ei
2820 917 3021 972 Sancta
3047 917 3232 987 jussit,
3263 917 3490 989 dispen-

1876 1010 2033 1077 savit,
2064 1015 2118 1065 et
2153 1027 2444 1082 nunquam
2471 1010 2700 1080 minuit,
2729 1011 2827 1065 sed
2854 1026 3077 1082 semper
3105 1010 3334 1082 aequalis
3359 1027 3489 1081 per-

1875 1104 2102 1158 mansit.
2145 1103 2248 1158 Ubi
2282 1120 2490 1158 novum
2524 1103 2719 1158 vinum
2755 1103 2981 1158 advenit
3015 1104 3165 1175 quod
3203 1103 3494 1160 cellarium

1877 1196 2144 1267 implevit,
2175 1213 2233 1251 se
2254 1197 2498 1251 tonnella
2523 1198 2652 1251 satis
2683 1197 2873 1252 fecisse
2895 1197 3166 1267 credidit;
3191 1201 3322 1253 ante
3346 1215 3490 1270 pon-

1879 1295 2033 1346 tones
2058 1294 2113 1345 et
2146 1294 2335 1345 tonnae
2364 1291 2687 1345 defecerunt
2715 1307 2885 1362 quam
2919 1291 3039 1345 haec
3067 1308 3194 1362 quas
3228 1291 3405 1347 beata:
3433 1292 3494 1347 in

1876 1383 2135 1438 omnibus
2185 1384 2316 1438 fecit
2374 1384 2739 1438 voluntatem.
2802 1383 3071 1439 Dominus
3124 1385 3193 1439 de
3242 1385 3493 1456 quinque

1877 1477 2113 1548 panibus
2165 1481 2222 1532 et
2261 1477 2501 1548 geminis
2536 1477 2781 1547 piscibus
2827 1477 3078 1548 quinque
3124 1477 3275 1548 pavit
3317 1478 3492 1532 millia

1876 1569 2198 1637 hominum,
2253 1575 2309 1624 et
2350 1585 2510 1624 suam
2551 1569 2833 1636 ancillam,
2877 1570 3200 1642 ubicunque
3237 1571 3492 1638 indigere

1875 1663 2049 1734 vidit,
2114 1665 2182 1719 de
2229 1664 2336 1718 hoc
2386 1679 2558 1735 parvo
2617 1662 2821 1735 [supple
2863 1662 3102 1734 vasculo]
3173 1666 3289 1718 toto
3345 1679 3493 1717 anno

1875 1756 2086 1811 refecit.

140 1846 200 1901 ei
234 1821 425 1900 dicere
462 1845 780 1914 possimus:
818 1821 917 1912 Da,
959 1845 1210 1913 Domine,
1251 1844 1404 1916 quod
1444 1842 1776 1915 promisisti,
1797 1821 1853 1893 B
1951 1853 2034 1903 11.
2069 1849 2299 1920 Semper
2326 1851 2394 1904 de
2418 1867 2556 1920 pace
2589 1849 2837 1917 sollicita,
2872 1849 2941 1904 de
2971 1849 3144 1902 salute
3169 1847 3368 1919 patriae
3394 1863 3491 1904 cu-

142 1938 286 2010 quia
306 1937 548 1992 fecimus
569 1938 717 2008 quod
735 1937 972 2008 jussisti.

221 2035 277 2086 9.
308 2033 612 2102 Nunquam
643 2030 913 2100 imposuit
937 2029 1140 2098 facere,
1163 2030 1313 2100 quod
1341 2029 1460 2100 ipsa
1481 2029 1637 2100 prius
1664 2044 1778 2083 non

141 2123 394 2179 fecisset.
435 2123 817 2194 Undecunque
859 2138 1050 2177 servus
1090 2122 1190 2177 Dei
1233 2123 1493 2192 venisset,
1549 2121 1780 2176 sollicite

141 2217 594 2288 percontabatur
641 2216 881 2287 qualiter
933 2215 1170 2270 Domino
1224 2215 1499 2270 serviret:
1548 2216 1595 2270 si
1642 2217 1778 2288 quid

143 2310 285 2365 novi
311 2310 383 2365 ab
410 2326 477 2364 eo
507 2309 821 2380 agnovisset
845 2309 994 2380 quod
1022 2309 1142 2380 ipsa
1186 2325 1298 2362 non
1339 2308 1562 2380 faceret,
1597 2311 1777 2366 conti-

141 2420 266 2459 nuo
295 2420 432 2458 cum
457 2402 613 2457 omni
642 2401 925 2457 alacritate
951 2401 1057 2456 sibi
1080 2401 1235 2472 prius
1254 2402 1522 2473 imposuit
1542 2445 1555 2472 ,
1579 2405 1635 2457 et
1653 2407 1782 2474 post

142 2497 664 2568 congregationem
700 2500 817 2549 tam
855 2495 1024 2549 verbo
1067 2495 1256 2549 docuit
1303 2511 1474 2565 quam
1520 2497 1780 2568 exemplo

141 2591 420 2646 ostendit.
464 2591 608 2644 Cum
639 2592 768 2642 ante
813 2604 937 2643 eam
971 2587 1182 2643 vicibus
1222 2588 1473 2658 psalmus
1509 2592 1776 2658 cessaret,

143 2685 322 2740 lectio
361 2699 657 2754 nunquam
694 2681 960 2750 discessit,
987 2697 1103 2735 non
1143 2681 1252 2749 die,
1298 2698 1411 2735 non
1444 2685 1626 2744 nocte,
1665 2699 1782 2738 non

142 2779 296 2831 dum
329 2776 417 2830 vel
443 2774 743 2846 paululum
772 2790 974 2844 corpus
1008 2790 1171 2827 suum
1205 2773 1416 2828 refecit.
1453 2775 1593 2828 Cum
1619 2775 1781 2830 lectio

141 2869 472 2941 legebatur,
496 2869 588 2922 illa
609 2867 977 2922 sollicitudine
1003 2866 1097 2936 pia
1115 2865 1434 2920 animarum
1460 2872 1782 2923 nostrarum

141 2979 354 3017 curam
389 2977 612 3032 gerens,
652 2959 905 3014 dicebat:
938 2959 990 3014 Si
1032 2975 1146 3012 non
1182 2958 1493 3029 intelligitis
1521 2961 1673 3030 quod
1698 2961 1780 3015 le-

141 3057 332 3128 gitur,
365 3053 502 3125 q'uid
546 3056 630 3106 est
664 3051 815 3122 quod
847 3067 961 3105 non
987 3051 1220 3106 sollicite
1257 3052 1542 3122 requiritis
1578 3069 1781 3122 specu-

141 3151 278 3203 lum
309 3148 632 3202 animarum
663 3149 976 3199 vestrarum
993 3145 1019 3199 ?
1047 3145 1204 3209 Quod
1232 3144 1332 3198 etsi
1361 3145 1546 3198 minus
1571 3161 1673 3215 pro
1698 3162 1783 3201 re-

140 3241 410 3298 verentia
435 3241 787 3310 interrogare
807 3238 1274 3308 przesumcbatur,
1297 3237 1394 3291 illa
1410 3238 1504 3308 pia
1522 3237 1783 3293 sollicitu-

139 3337 287 3390 dine
316 3338 688 3404 maternoque
715 3330 936 3399 affectu,
968 3330 1116 3400 quod
1147 3330 1309 3384 lectio
1337 3330 1675 3396 continebat,
1709 3332 1782 3387 ad

138 3430 366 3486 animae
404 3426 641 3480 salutem
679 3424 989 3495 praedicare
1031 3440 1146 3478 non
1185 3423 1448 3478 cessabat.
1488 3423 1639 3477 Sicut
1663 3423 1782 3494 apis

136 3524 374 3577 diversa
405 3533 612 3590 genera
641 3517 844 3571 ﬂorum
866 3532 1217 3586 congregans
1242 3516 1392 3573 unde
1418 3516 1586 3570 mella
1614 3515 1783 3572 conﬁ-

137 3616 292 3682 ciat;
327 3612 407 3667 sic
432 3611 527 3665 illa
553 3610 622 3663 ab
648 3609 755 3677 his,
785 3625 926 3679 quos
951 3609 1241 3678 invitabat,
1279 3609 1555 3678 spiritales
1584 3610 1778 3663 stude-

134 3706 248 3760 bat
273 3689 505 3772 carpere
533 3698 810 3767 ﬂosculos,
840 3698 990 3752 unde
1018 3697 1153 3750 boni
1181 3696 1366 3767 operis
1391 3697 1640 3751 fructum
1663 3700 1781 3752 tarn

139 3795 260 3852 sibi
313 3809 492 3865 quam
548 3791 664 3845 suis
705 3790 1033 3862 sequacibus
1073 3789 1385 3844 exhiberet.
1431 3791 1574 3843 Dum
1621 3792 1783 3844 nocte

136 3887 316 3960 quasi
361 3886 451 3940 vel
492 3884 661 3938 unius
703 3884 858 3937 horae
904 3882 1148 3953 spatium
1194 3882 1478 3937 videretur
1521 3898 1782 3938 somnum

137 3995 411 4050 carpere,
441 3993 665 4047 semper
682 3977 848 4031 lectio
880 3976 1189 4046 legebatur.
1209 3976 1344 4039 Quae
1372 3975 1615 4046 legebat,
1644 3975 1705 4029 in
1725 3992 1784 4032 se

137 4072 343 4129 somni
376 4085 692 4125 marcorem
726 4069 990 4136 sentiens,
1019 4068 1255 4140 putabat
1291 4084 1414 4123 eam
1433 4069 1553 4138 jam
1578 4069 1781 4140 paulu-

136 4170 278 4222 lum
305 4142 673 4235 requiescere.
692 4162 794 4218 Ubi
815 4179 848 4216 a
861 4162 1094 4217 lectione
1113 4165 1375 4216 cessasset
1391 4177 1549 4217 mens
1569 4163 1786 4217 intenta

133 4261 222 4316 ad
251 4258 565 4325 Christum,
586 4261 860 4326 tanquam
886 4255 930 4309 si
951 4255 1159 4309 diceret
1185 4271 1198 4308 :
1240 4256 1343 4323 Ego
1375 4256 1599 4318 dormio,
1623 4260 1672 4310 et
1697 4270 1785 4310 cor

135 4368 334 4409 meum
378 4351 573 4419 vigilat
609 4349 782 4418 (Cant.
817 4349 890 4418 v),
926 4347 1146 4402 aiebat:
1179 4348 1361 4412 Quare
1401 4350 1588 4403 taces?
1614 4348 1781 4419 Lege,

133 4463 223 4502 ne
245 4459 449 4498 cesses.
465 4445 534 4496 At
554 4439 930 4510 ubisurgendi
949 4439 1152 4494 horam
1171 4439 1416 4494 mediam
1430 4440 1639 4495 faceret
1649 4457 1780 4511 nox,

1878 1942 2047 2008 riosa,
2097 1943 2553 2012 quandoquidem
2598 1943 2743 1996 inter
2779 1958 2836 1995 se
2880 1958 3056 2012 regna
3103 1941 3491 2010 movebantur,

1878 2034 2010 2106 quia
2034 2039 2178 2089 totos
2205 2035 2472 2104 diligebat
2497 2051 2680 2105 rcges,
2708 2051 2811 2104 pro
2845 2033 3098 2089 omnium
3137 2033 3251 2088 vita
3279 2034 3493 2103 orabat,

1880 2131 1934 2182 et
1954 2145 2055 2182 nos
2082 2127 2201 2182 sine
2228 2127 2640 2182 intermissione
2670 2143 2770 2197 pro
2791 2143 2991 2182 eorum
3011 2125 3311 2180 stabilitate
3338 2142 3496 2180 orare

1879 2221 2127 2276 docebat.
2156 2220 2258 2275 Ubi
2284 2237 2377 2274 eos
2402 2221 2549 2275 inter
2583 2235 2641 2274 se
2675 2219 3109 2274 amaritudinem
3142 2235 3365 2273 movere
3393 2235 3498 2272 au-

1879 2313 2066 2382 disset,
2096 2316 2211 2368 tota
2239 2314 2533 2380 tremebat,
2562 2316 2617 2368 et
2643 2313 2835 2384 quales
2861 2313 3074 2368 litteras
3092 2312 3212 2378 uni,
3246 2312 3384 2367 tales
3413 2311 3496 2365 a1-

1878 2406 1985 2461 teri
2013 2406 2307 2477 dirigebat,
2335 2411 2400 2460 ut
2430 2407 2577 2461 inter
2603 2422 2660 2460 se
2689 2422 2801 2460 non
2831 2406 2977 2461 bella
2995 2421 3100 2460 nec
3123 2421 3280 2459 arma
3300 2406 3498 2459 tracta-

1878 2502 2022 2568 rent,
2043 2500 2138 2553 sed
2157 2516 2352 2570 pacem
2380 2499 2674 2554 ﬁrmarent
2699 2502 2761 2553 ut
2785 2498 2966 2568 patria
2991 2515 3062 2552 ne
3087 2498 3316 2568 periret.
3339 2496 3498 2552 Simi-

1877 2591 2005 2646 litcr
2034 2597 2090 2646 et
2111 2593 2180 2646 ad
2204 2608 2400 2646 eorum
2430 2607 2684 2662 proceres
2710 2591 3003 2661 dirigebat,
3025 2594 3090 2646 ut
3107 2590 3386 2661 praecelsis
3413 2605 3497 2644 re-

1881 2685 2042 2754 gibus
2067 2684 2295 2739 consilia
2321 2684 2607 2740 salutifera
2635 2685 3036 2751 ministrarent,
3069 2689 3133 2738 ut
3158 2684 3236 2738 eis
3260 2699 3497 2754 regnan-

1878 2778 2046 2844 tibus,
2076 2777 2269 2848 populi
2295 2782 2350 2832 et
2373 2778 2552 2848 patria
2569 2777 2844 2831 salubrior
2871 2777 3218 2831 redderetur.
3250 2778 3498 2846 Congre-

1881 2870 2090 2940 gationi
2124 2886 2240 2924 sua:
2269 2871 2518 2924 assiduas
2552 2869 2768 2940 vigilias
2816 2869 3178 2940 imponebat:
3209 2872 3264 2923 et
3291 2873 3354 2921 ut
3379 2868 3498 2924 sine

1881 2961 2290 3017 intermissione
2319 2979 2422 3032 pro
2446 2962 2526 3016 eis
2557 2965 2780 3016 orarent
2803 2979 2933 3016 cum
2958 2961 3221 3032 lacrymis
3247 2960 3498 3016 docebat.

1883 3055 1952 3108 Se
1967 3071 2098 3109 vero
2111 3055 2170 3108 in
2184 3071 2332 3126 quan
2340 3058 2461 3109 tum
2473 3055 2726 3110 cruciatu
2741 3055 3042 3126 afﬂigebat,
3061 3053 3186 3124 quis
3197 3053 3306 3107 hoc
3319 3053 3501 3107 verbis

1882 3147 2105 3216 explere
2133 3147 2354 3201 valeat?
2381 3153 2436 3201 et
2465 3147 2846 3202 intercedente
2871 3163 2935 3202 ea
2961 3163 3072 3217 pax
3095 3162 3318 3217 regum,
3345 3145 3500 3199 miti-

1883 3239 2034 3309 gatio
2061 3239 2213 3307 belli,
2237 3239 2383 3293 salus
2398 3239 2595 3310 patriae
2617 3240 2841 3308 aderat;
2872 3245 2935 3293 ut
2960 3239 3081 3309 ejus
3107 3239 3399 3294 obtentum
3419 3237 3501 3292 in-

1879 3331 2216 3402 telligentes,
2235 3332 2594 3386 benedictum
2614 3348 2820 3386 nomen
2848 3331 3068 3385 Domini
3094 3331 3500 3386 collaudarcnt.

1880 3423 2195 3487 Quamlibet
2223 3424 2291 3478 de
2329 3440 2463 3494 pace
2504 3441 2705 3494 regum
2735 3440 2864 3477 cum
2901 3439 3034 3494 rege
3065 3423 3189 3477 coeli
3214 3422 3502 3477 victoriam

1881 3516 2175 3581 obtineret,
2207 3516 2388 3587 magis
2425 3532 2483 3571 se
2519 3518 2632 3571 Deo
2659 3517 2913 3571 devotam
2954 3520 3215 3587 prompte
3251 3515 3500 3586 optabat,

1882 3614 1937 3664 et
1969 3609 2224 3664 omnium
2261 3609 2483 3663 servitio
2529 3609 2900 3679 mancipabat,
2945 3625 3061 3662 non
3095 3623 3297 3662 curans
3338 3607 3504 3678 quale

1880 3702 2213 3773 obsequium
2244 3701 2466 3771 faceret,
2497 3718 2624 3772 quae
2642 3701 2774 3756 totis
2802 3700 3104 3772 [omnibus]
3131 3700 3368 3772 implere
3389 3703 3503 3754 stu-

1882 3795 2048 3848 debat
2094 3793 2414 3849 servitium:
2456 3795 2626 3864 pedes
2662 3793 2918 3848 omnium
2961 3792 3219 3848 manibus
3263 3791 3503 3863 propriis

1881 3887 2088 3956 lavans,
2118 3887 2323 3941 sabano
2343 3891 2570 3956 tergens
2595 3891 2650 3941 et
2673 3887 2948 3952 osculans,
2981 3890 3054 3955 et,
3084 3886 3130 3940 si
3157 3885 3501 3957 permissum

1882 3980 2095 4050 fuisset,
2118 3981 2188 4035 ad
2218 3979 2646 4034 similitudinem
2672 3979 2855 4035 Mariae
2881 3979 3019 4034 fusis
3045 3979 3290 4034 crinibus
3316 3983 3501 4034 exter-

1885 4088 2017 4143 gere
2041 4089 2159 4128 non
2185 4073 2552 4128 retinebatur.
2572 4073 2728 4127 Unde
2756 4089 2859 4143 pro
2888 4077 3001 4128 tam
3028 4072 3317 4128 immensis
3336 4073 3504 4127 bene.

1884 4165 2041 4233 ficiis,
2070 4183 2196 4237 quae
2224 4170 2356 4221 sunt
2380 4165 2438 4221 in
2467 4182 2532 4221 ea
2571 4166 2758 4220 divino
2794 4182 3030 4221 munere
3059 4166 3278 4232 collata,
3313 4165 3502 4220 Domi-

1883 4277 1989 4314 nus
2006 4259 2282 4314 virtutum
2301 4259 2540 4330 largitor
2559 4275 2683 4315 eam
2699 4259 2756 4314 in
2776 4259 3063 4314 miraculis
3077 4258 3369 4315 clariorem
3387 4259 3505 4314 red-

1884 4353 2023 4408 didit
2064 4353 2125 4407 in
2164 4353 2430 4407 Francia:
2465 4351 2560 4407 ubi
2600 4353 2737 4406 dum
2775 4368 3014 4423 regnare
3050 4352 3353 4421 videretur,
3400 4351 3505 4406 sibi

1883 4445 2064 4516 magis
2102 4444 2320 4499 caeleste
2347 4461 2520 4515 quam
2561 4449 2853 4499 terrenum
2875 4443 3205 4514 praeparavit
3235 4458 3502 4513 regnum.

133 4533 2108 4614 quanquamanteatotumimplevissetcursumquzeadhucDFecerat
2150 4537 2255 4591 sibi
2293 4536 2621 4603 oratorium,
2668 4542 2944 4607 quatenus
2996 4535 3207 4589 vicibus
3255 4535 3392 4589 dum
3447 4549 3506 4590 se

135 4647 256 4687 nec
285 4644 548 4700 scporem
587 4630 854 4694 senserat,
886 4626 1007 4696 jam
1047 4630 1241 4696 parata
1275 4626 1344 4680 de
1379 4629 1550 4680 strato
1574 4627 1642 4681 ad
1672 4628 1783 4681 Do-
1815 4623 1823 4630 ’

134 4723 299 4780 mini
328 4720 624 4775 servitium
639 4720 888 4790 gaudens
924 4719 1189 4789 surgebat
1222 4722 1286 4772 ut
1310 4735 1439 4772 cum
1465 4719 1670 4774 ﬁducia
1697 4719 1782 4773 di-

132 4820 310 4873 ceret
335 4832 347 4868 :
378 4815 561 4868 Media
584 4817 733 4867 nocte
759 4813 1040 4880 surgebam
1065 4812 1138 4866 ad
1165 4813 1518 4880 conﬁtendum
1541 4814 1656 4875 tibi,
1690 4816 1788 4868 Do-

131 4912 298 4966 mine
327 4907 495 4978 (Psal.
533 4905 734 4974 cxvm).
769 4905 905 4958 Nam
941 4905 1266 4975 frequenter
1301 4909 1358 4959 et
1389 4905 1635 4959 dormire
1668 4906 1786 4961 visa

131 5007 236 5059 est
256 5005 318 5056 et
339 4999 620 5070 psalmum
641 4999 938 5053 decantare
967 4997 1027 5051 in
1047 4997 1169 5067 ipso
1202 5014 1422 5068 sopore,
1447 4998 1524 5052 ita
1546 5001 1610 5052 ut
1638 5003 1787 5055 recte

131 5101 203 5152 et
234 5092 512 5148 veraciter
539 5091 785 5146 diceret:
825 5091 1105 5146 Meditatio
1140 5092 1312 5146 cordis
1346 5095 1448 5146 mei
1475 5094 1533 5146 in
1569 5107 1784 5161 conspe-

132 5196 242 5246 ctu
289 5191 380 5241 tuo
424 5202 628 5255 semper
674 5185 840 5254 (Psal.
890 5183 1062 5253 xvm).
1097 5183 1394 5240 Charitatis
1438 5189 1628 5239 autem
1665 5185 1788 5254 ejus

132 5281 422 5338 ardorem
463 5295 576 5348 quo
604 5293 803 5332 omnes
831 5277 1092 5332 homines
1121 5277 1336 5346 dilexit,
1369 5277 1496 5348 quis
1534 5294 1787 5348 unquam

131 5371 367 5449 poterit
393 5370 602 5425 imitari
621 5371 648 5425 Τ
674 5370 1166 5440 Resplenduerunt
1184 5369 1242 5423 in
1268 5386 1329 5423 ea
1357 5386 1596 5441 qumque
1615 5371 1789 5424 virtu-

137 5477 258 5535 tes,
296 5463 575 5518 modestia
597 5478 726 5516 cum
752 5462 1104 5531 verecundia,
1130 5461 1399 5532 sapientia
1426 5479 1556 5516 cum
1582 5462 1790 5533 simpli-

133 5562 349 5625 citate,
394 5555 662 5611 severitas
699 5571 829 5608 cum
867 5555 1317 5623 mansuetudine,
1365 5554 1620 5609 doctrina
1657 5572 1787 5610 cum

133 5650 506 5717 humilitate,
542 5647 655 5701 vita
694 5646 936 5718 denique
976 5647 1356 5716 immaculata,
1394 5647 1505 5702 vita
1539 5647 1784 5719 irrepre-

133 5743 471 5808 hensibilis,
499 5740 615 5795 vita
642 5729 864 5796 sibimet
893 5756 1118 5810 semper
1143 5739 1388 5812 aequalis.

227 5841 321 5894 10.
354 5838 416 5891 In
449 5838 675 5890 tantum
705 5851 763 5890 se
787 5837 1112 5891 extrancam
1145 5835 1212 5892 de
1245 5834 1412 5889 rebus
1439 5833 1678 5906 propriis
1702 5835 1785 5892 fe-

1883 4630 2004 4701 regi
2031 4629 2384 4698 subduceret,
2418 4645 2646 4699 semper
2684 4628 2761 4684 ibi
2799 4629 3100 4685 Dominum
3135 4628 3256 4683 coeli
3280 4627 3503 4682 invoca-

1885 4727 1986 4789 ret,
2019 4722 2078 4776 in
2103 4739 2215 4792 quo
2231 4721 2503 4776 beneﬁcia
2522 4722 2621 4776 Dei
2649 4726 2987 4792 praestantur
3006 4722 3077 4776 ad
3094 4721 3506 4776 invocationem

1885 4815 2004 4885 ejus
2029 4814 2296 4882 nominis,
2326 4815 2485 4885 cujus
2514 4816 2738 4870 assidua
2766 4815 2843 4870 ibi
2869 4814 2977 4869 fuit
2998 4815 3193 4869 oratio.

1960 4910 2043 4964 l2.
2085 4910 2384 4980 Postquam
2425 4925 2484 4963 se
2515 4909 2575 4963 in
2614 4909 2950 4964 monasterio
2989 4906 3216 4963 reclusit
3248 4909 3507 4962 matrona

1886 5002 2208 5071 Mammezo,
2244 5002 2494 5071 nomine,
2533 5003 2670 5057 dum
2712 5003 2817 5058 iter
2857 5005 3070 5072 ageret,
3113 5001 3171 5055 in
3203 5000 3364 5055 oculo
3406 5015 3507 5054 suo

1888 5094 2070 5166 gravis
2095 5098 2178 5151 est
2205 5095 2480 5150 sordicula
2509 5095 2782 5167 ingressa.
2813 5095 2916 5150 Ubi
2940 5111 3053 5149 una
3076 5111 3206 5164 vox,
3233 5110 3380 5149 unus
3405 5093 3506 5148 do-

1885 5187 1991 5256 lor,
2021 5204 2167 5242 unus
2204 5188 2431 5258 clamor,
2471 5188 2570 5243 diu
2603 5193 2885 5260 noctuque
2926 5188 3107 5244 inerat
3145 5188 3214 5258 ei,
3247 5191 3313 5243 ut
3347 5203 3510 5242 suam

1885 5279 2107 5334 ﬁdelem
2134 5281 2404 5335 Dominus
2440 5281 2764 5337 declareret.
2803 5283 3137 5354 Quanquam
3173 5281 3250 5336 ibi
3278 5297 3511 5353 corpore

1879 5373 2001 5443 jam
2031 5389 2144 5427 non
2171 5378 2334 5442 esset,
2363 5375 2433 5428 ad
2464 5374 2878 5430 invocationem
2903 5391 3127 5446 quoque
3153 5374 3397 5430 nominis
3421 5373 3509 5428 sui

1887 5464 2131 5536 benigne
2167 5465 2362 5520 adfuit.
2409 5467 2679 5523 Dominus
2726 5468 2913 5540 posuit
2949 5468 3001 5523 ei
3030 5468 3089 5522 in
3129 5485 3315 5538 sensu,
3355 5470 3420 5522 ut
3440 5466 3511 5522 ad

1889 5574 2052 5612 suum
2082 5559 2388 5614 oratorium
2412 5567 2692 5632 pergeret,
2713 5566 2766 5617 et
2792 5563 2861 5617 ad
2885 5562 3005 5632 ejus
3025 5560 3432 5617 invocationem
3450 5573 3509 5612 se

1888 5651 2086 5705 salvari
2104 5653 2372 5708 crederet.
2396 5654 2467 5708 At
2487 5654 2582 5708 ubi
2607 5655 2817 5710 femina
2837 5655 3025 5710 dolore
3057 5654 3222 5727 plena
3247 5651 3506 5707 manibus

1889 5745 2239 5800 servulorum
2267 5763 2496 5802 suorum
2536 5751 2864 5817 sustentata,
2911 5749 3000 5804 vix
3040 5748 3110 5802 ad
3146 5744 3284 5800 illud
3318 5745 3500 5796 orato-
3606 5790 3613 5795 .

1890 5835 2039 5896 rium
2078 5838 2203 5894 duci
2238 5844 2475 5913 poterat,
2508 5841 2914 5900 validissimum
2947 5840 3223 5896 sustinens
3253 5835 3500 5890 dolorem
