3994 6414
461 379 556 434 671
1417 373 1666 428 SANCTA
1705 367 2142 430 RADEGUNDIS,

461 485 592 540 sein
619 483 1000 556 pavimentum
1028 481 1259 554 projecit
1277 485 1333 536 et
1351 482 1589 536 clamare
1615 479 1812 550 coepit:
1837 477 2072 531 Domina
2093 485 2150 558 Α

461 582 839 652 Badegundis,
871 583 1036 636 credo
1063 587 1118 636 te
1143 582 1348 636 virtute
1375 581 1470 636 Dei
1497 597 1616 634 esse
1643 581 1886 650 plenam,
1913 577 2073 646 cujus

459 676 808 729 voluntatem
847 675 1028 744 magis
1059 674 1233 728 fecisti
1269 691 1440 744 quam
1481 673 1814 727 hominum:
1847 670 2074 724 domina

459 769 622 836 bona,
637 767 840 838 pietate
851 767 1037 838 plena,
1053 768 1315 822 miserere
1335 767 1466 833 mei,
1481 765 1711 820 subveni
1731 763 1955 832 infelici,
1975 779 2074 818 ora

459 877 563 932 pro
580 877 672 915 me
691 865 754 916 ut
773 861 914 914 mihi
933 861 1200 915 reddatur
1223 861 1434 928 oculus,
1468 859 1601 930 quia
1627 875 1747 929 prae
1779 857 1934 928 gravi
1953 873 2075 911 cru-

461 953 608 1008 ciatu
635 957 691 1007 et
723 954 912 1008 dolore
946 954 1220 1024 afﬂigitur
1257 953 1447 1006 anima
1479 968 1630 1006 mea.
1675 953 1761 1007 Sic
1802 952 1916 1018 illa,
1945 967 2075 1024 qum

463 1046 682 1101 dolores
706 1047 960 1101 omnium
987 1047 1048 1100 in
1067 1063 1126 1100 se
1150 1046 1265 1100 sola
1299 1045 1510 1116 [solam]
1543 1045 1824 1100 transtulit
1849 1046 1986 1100 dum
2015 1044 2074 1098 in

461 1155 694 1210 corpore
723 1140 848 1207 fuit,
875 1155 1053 1210 usque
1082 1139 1219 1194 dum
1244 1139 1322 1194 eis
1351 1138 1566 1194 mederi
1595 1139 1884 1209 potuisset,
1911 1137 2074 1192 beni-

465 1249 574 1304 gne
603 1232 882 1288 exaudivit
899 1233 968 1287 ad
997 1233 1407 1287 invocationem
1431 1231 1675 1288 nominis
1701 1231 1807 1286 sui.
1842 1231 2074 1286 Domino

461 1326 762 1380 miserante
781 1341 884 1396 per
903 1325 949 1396 ej
959 1343 1024 1380 us
1041 1326 1422 1381 interventum
1442 1326 1600 1380 dolor
1617 1325 1783 1397 fugit,
1808 1325 1956 1380 salus
1983 1326 2078 1380 ad-'

460 1418 632 1487 venit,
663 1418 886 1472 oculum
911 1434 1082 1489 quem
1099 1418 1220 1488 jam
1259 1433 1315 1473 se
1339 1419 1644 1489 perdidisse
1673 1417 1954 1487 credebat,
1984 1434 2073 1472 so-

461 1511 582 1564 lum
609 1511 859 1565 dolorem
885 1511 1150 1578 sentiens,
1177 1527 1379 1566 sanum
1407 1511 1607 1580 recipit
1635 1527 1648 1564 :
1680 1527 1806 1582 quae
1838 1513 1924 1564 tot
1953 1511 2074 1565 die-

462 1604 567 1657 bus
607 1619 710 1658 nec
743 1603 931 1658 cibum
965 1607 1297 1674 sumpserat,
1331 1619 1434 1658 nec
1462 1603 1656 1658 lumen
1695 1603 1806 1658 diei
1842 1603 2074 1670 viderat,

461 1696 698 1766 pedibus
726 1697 839 1750 suis
863 1698 1018 1751 nullo
1044 1701 1384 1752 sustentante
1415 1696 1708 1750 incolumis
1742 1697 1814 1750 ad
1845 1697 2076 1750 domum

465 1806 624 1844 suam
650 1806 869 1844 reversa
886 1795 986 1856 est,
1016 1791 1252 1844 Domino
1276 1805 1454 1861 usque
1484 1789 1544 1844 in
1567 1793 1906 1860 praesentem
1926 1789 2078 1844 diem

466 1882 705 1953 gratiam
728 1899 918 1954 agens.

537 1978 621 2028 l3.
649 1975 956 2046 Adjiciatur
981 1979 1036 2030 et
1059 1975 1210 2029 aliud
1245 1975 1314 2028 ad
1343 1975 1570 2029 laudem
1595 1976 1802 2031 Christi
1831 1976 2076 2030 miracu-

464 2069 586 2121 lum
633 2069 730 2138 qui
773 2085 902 2122 suos
939 2068 1216 2140 trepidare
1255 2069 1377 2122 aliis
1422 2067 1570 2124 facit.
1610 2069 1926 2140 Vinoberga
1966 2060 2081 2123 una

469 2161 589 2230 ejus
626 2161 733 2215 fuit
765 2162 998 2230 famula,
1034 2179 1160 2234 qum
1186 2179 1328 2218 ausu
1365 2164 1665 2219 temerario
1707 2163 1768 2216 in
1816 2163 2081 2218 cathedra

465 2251 644 2306 beataa
681 2254 895 2323 reginae
934 2258 1059 2325 post
1093 2255 1213 2326 ejus
1239 2256 1544 2311 discessum
1577 2257 1769 2310 sedere
1805 2271 2079 2326 praesum-

466 2345 595 2416 psit.
624 2347 742 2410 Quo
769 2348 929 2414 facto,
955 2348 1166 2418 judicio
1205 2349 1305 2404 Dei
1339 2365 1604 2420 percussa
1636 2349 1713 2402 sic
1742 2349 1990 2418 arbebat,
2019 2353 2083 2402 ut

2099 1844 2155 1915 B

465 2440 721 2494 viderent
746 2457 938 2494 omnes
970 2442 1194 2495 fumum
1220 2442 1288 2496 de
1313 2457 1380 2496 ea
1403 2443 1656 2496 in'altum
1681 2441 2003 2513 procedere,
2028 2445 2084 2496 et

465 2533 560 2586 illa
601 2549 790 2587 coram
833 2534 988 2588 omni
1021 2536 1228 2605 p0pulo
1272 2536 1661 2605 proclamaret,
1711 2534 1981 2588 conﬁtens
2024 2551 2082 2588 se

465 2641 756 2694 peccasse;
787 2629 841 2680 et
865 2630 1164 2697 propterea
1205 2627 1445 2694 arderet,
1479 2627 1610 2697 quia
1645 2627 1705 2680 in
1743 2627 1922 2681 beatae
1953 2626 2083 2681 sede

467 2718 814 2772 consederat.
850 2719 1047 2773 Tribus
1077 2720 1276 2774 diebus
1311 2725 1366 2773 et
1393 2719 1574 2773 tribus
1601 2719 1858 2773 noctibus
1887 2717 2080 2772 incen-

465 2811 622 2865 dium
647 2827 808 2880 passa
837 2811 1141 2865 vociferans
1168 2811 1477 2866 clamabat:
1521 2811 1758 2865 Domina
1781 2811 2079 2879 Radegun-

467 2901 572 2970 dis,
619 2903 866 2972 peccavi,
911 2903 1057 2956 male
1097 2905 1206 2974 egi,
1239 2904 1490 2973 indulge,
1525 2903 1796 2974 refrigera
1831 2903 2085 2957 membra

467 2995 609 3048 duro
635 2995 886 3048 cruciatu
911 2999 1107 3049 exusta
1129 3013 1142 3061 ;
1175 2995 1552 3049 misericordia
1573 2996 1748 3066 larga,
1771 2997 1931 3050 bonis
1957 3011 2084 3066 ope-

467 3086 622 3139 ribus
644 3087 902 3155 gloriosa,
926 3104 1052 3158 quae
1070 3088 1329 3141 omnibus
1346 3087 1644 3154 misereris,
1667 3089 1930 3143 miserere
1949 3087 2082 3142 mei.

469 3181 530 3232 In
559 3183 716 3232 tanta
737 3195 904 3248 paena
940 3179 1121 3248 ipsam
1151 3180 1334 3233 omnis
1371 3181 1614 3251 populus
1647 3181 1860 3247 videns,
1887 3196 1990 3252 pro
2022 3197 2085 3234 ea
2105 3198 2158 3270 ρ

467 3271 801 3340 precabatur
828 3276 1116 3341 tamquam
1143 3271 1188 3324 si
1223 3289 1469 3342 praesens
1497 3277 1654 3340 esset,
1687 3273 1878 3327 dicens
1902 3292 1914 3327 :
1945 3273 2086 3336 Quia

469 3363 792 3433 ubicunque
825 3379 892 3417 ex
925 3364 1035 3417 ﬁde
1075 3365 1389 3432 invocatur,
1427 3365 1618 3419 adest:
1660 3366 1886 3420 domina
1913 3366 2080 3435 bona,

469 3471 633 3526 parce
659 3456 710 3509 ei
735 3471 806 3509 ne
825 3459 982 3509 tanto
1003 3457 1247 3510 cruciatu
1277 3457 1474 3511 infelix
1503 3457 1740 3512 deﬁciat.
1768 3458 1854 3513 Sic
1877 3459 2082 3512 beatis-

472 3552 609 3605 sima
626 3552 694 3606 ad
707 3567 897 3621 preces
913 3553 1166 3605 omnium
1180 3553 1426 3623 benigne
1442 3553 1698 3624 indulget
1717 3553 2082 3626 [indulgens],

469 3644 660 3714 ignem
677 3644 986 3698 ferventem
1008 3645 1561 3716 compescuit,sospes
1580 3647 1649 3700 ad
1671 3647 1904 3700 domum
1925 3663 2084 3701 suam

467 3737 669 3792 rediit:
697 3741 753 3790 et
782 3737 858 3790 sic
885 3737 1046 3791 istius
1085 3753 1250 3807 poena
1277 3754 1472 3792 omnes
1509 3737 1641 3792 fecit
1667 3741 1855 3793 cautos
1891 3756 1954 3794 ac
1983 3739 2082 3794 de-

467 3834 642 3885 votos.

541 3923 628 3976 14.
645 3921 868 3977 Suazdas
890 3921 1049 3992 βίης,
1065 3922 1164 3976 lib.
1189 3939 1228 3990 ι,
1247 3937 1408 3976 num.
1430 3922 1510 3994 15]
1543 3923 1600 3977 in
1619 3923 1749 3977 villa
1769 3923 1904 3978 dum
1921 3927 2081 3993 esset,

469 4016 668 4070 devoto
698 4031 762 4068 ac
797 4013 944 4068 fideli
980 4013 1168 4068 animo
1192 4031 1351 4068 mens
1385 4014 1606 4088 [mente]
1634 4017 1848 4071 intenta
1869 4017 2086 4071 ChriSto

469 4107 733 4178 reliquias
753 4109 1076 4161 sanctorum
1095 4107 1352 4161 omnium
1377 4107 1543 4178 plena
1563 4109 1853 4164 devotione
1875 4109 2086 4163 habere

471 4200 720 4269 cupiens,
773 4200 1028 4254 exoranti
1078 4200 1300 4254 advenit
1346 4201 1432 4254 vir
1475 4202 1809 4256 venerabilis
1855 4203 2086 4273 Magnus

469 4292 764 4362 presbyter
804 4307 934 4346 cum
975 4291 1223 4363 reliquiis
1251 4293 1447 4348 domni
1483 4295 1716 4349 Andreze
1760 4297 1817 4348 et
1841 4295 2085 4348 aliorum

470 4401 644 4455 quam
669 4385 1068 4455 plurimorum.
1091 4386 1302 4449 Quibus
1329 4401 1497 4456 super
1516 4385 1687 4440 altare
1713 4387 1927 4457 positis,
1955 4404 2086 4442 cum

467 4481 628 4532 nocte
657 4477 852 4532 devota
875 4478 1066 4548 vigilat
1091 4495 1258 4548 super
1276 4478 1599 4544 formulam,
1633 4483 1687 4533 et
1706 4495 1763 4534 se
1783 4479 1852 4534 ad
1875 4480 2083 4534 oratio-

2183 365 2428 419 REGINA
2467 363 2790 418 FRANCI/E.
3065 365 3078 376 ‘
3735 355 3854 406 671’

2171 477 2226 528 et
2253 489 2390 544 quas
2415 469 2707 544 paradisus
2736 467 2928 535 habet,
2959 465 3080 537 ipsa
3095 465 3294 520 devota
3319 467 3442 519 tam
3473 458 3856 516 muneribus

2171 583 2344 638 quam
2367 565 2627 637 precibus
2647 563 2752 616 sibi
2772 559 3036 614 obtinuit.
3063 559 3208 613 Cum
3227 557 3439 630 quibus
3469 553 3858 611 incessabili-

2171 664 2257 714 ter
2273 659 2400 729 jugi
2427 657 2786 712 meditatione
2805 653 3052 725 psalmos
3079 657 3138 707 et
3153 653 3404 724 hymnos
3425 667 3488 706 se
3511 651 3856 706 decantare

2172 751 2448 806 credebat.

2245 847 2327 898 15.
2345 840 2604 898 Pervenit
2623 839 2848 894 tandem
2869 839 2936 893 ad
2949 854 3074 894 eam
3087 839 3157 892 de
3177 838 3395 892 domno
3415 837 3752 891 Mammete
3771 833 3858 906 (α)

2173 939 2440 1007 martyre,
2479 933 2631 1005 quod
2675 931 3074 1002 Hierosolymis
3113 933 3306 984 sancta
3345 946 3450 984 sua
3491 929 3858 1001 requiesce-

2172 1033 2299 1084 rent
2325 1028 2597 1082 membra.
2635 1026 2760 1080 Haac
2787 1024 3022 1079 audiens
3057 1023 3221 1078 avida
3249 1027 3305 1078 et
3330 1021 3638 1078 sitibunda
3669 1025 3858 1093 pota-

2171 1122 2266 1176 bat
2289 1122 2442 1176 velut
2463 1121 2709 1191 hydrops
2751 1119 2852 1189 qui
2894 1119 3177 1189 quantum
3201 1116 3424 1170 fontem
3452 1115 3671 1184 trahit,
3709 1119 3856 1168 tan-

2172 1219 2296 1270 tum
2332 1213 2450 1268 sitis
2483 1212 2670 1267 addita
2705 1209 2938 1278 crescit;
2969 1209 3074 1264 ista
3101 1210 3172 1263 de
3210 1225 3339 1264 rore
3381 1208 3489 1263 Dei
3527 1208 3672 1280 plus
3715 1223 3856 1262 ma-

2175 1307 2388 1362 defacta
2415 1306 2582 1360 calet.
2610 1303 2938 1358 Transmisit
2965 1303 3154 1357 virum
3179 1301 3580 1356 venerabilem
3609 1301 3858 1355 Reova-

2173 1399 2286 1454 lem
2307 1399 2698 1469 presbyterum
2716 1438 2728 1462 ,
2763 1397 2862 1467 qui
2891 1401 3027 1450 tunc
3062 1394 3353 1449 saecularis
3383 1397 3514 1449 erat
3555 1397 3620 1448 et
3647 1393 3860 1448 adhuc

2175 1495 2453 1562 superstes
2478 1493 2560 1545 est
2583 1504 2834 1560 corpore,
2872 1489 2942 1543 ad
2977 1487 3368 1558 patriarcham
3408 1486 3858 1557 Hierosolymi-

2174 1587 2370 1639 tanum
2399 1598 2628 1654 poscens
2655 1581 2724 1636 de
2744 1580 2894 1636 beati
2923 1580 3244 1634 Mammetis
3271 1579 3650 1650 pignoribus.
3681 1579 3862 1644 Quod

2175 1677 2261 1730 vir
2283 1676 2379 1736 Dei
2403 1675 2645 1746 benigne
2675 1673 2981 1744 suscipiens
3007 1672 3334 1744 rogationes
3351 1673 3577 1744 populo
3603 1671 3862 1738 indixit,

2177 1770 2520 1824 voluntatem
2540 1766 2942 1838 Deiinquirens
2961 1782 2974 1819 :
2995 1765 3160 1819 tertia
3179 1765 3290 1832 die,
3319 1766 3504 1820 missa
3527 1766 3860 1832 celebrata,

2178 1862 2324 1917 beati
2345 1860 2602 1931 martyris
2621 1860 2940 1930 sepulcrum
2962 1874 3094 1912 cum
3115 1857 3276 1912 omni
3295 1859 3518 1929 populo
3537 1859 3711 1928 adiit,
3737 1860 3864 1913 alta

2179 1971 2328 2020 voce,
2371 1954 2540 2024 plena
2577 1953 2687 2007 ﬁde
2725 1951 3050 2021 hujusmodi
3091 1950 3278 2005 verbis
3321 1955 3702 2022 protestatur
3763 1952 3860 2006 di-

2179 2063 2308 2102 cens
2331 2063 2344 2100 :
2371 2049 2572 2100 Precor
2599 2049 2674 2112 te,
2705 2044 2989 2098 confessor
3015 2047 3072 2098 et
3101 2047 3326 2113 martyr
3349 2043 3599 2110 Christi,
3634 2044 3688 2097 si
3717 2060 3864 2099 vera

2180 2145 2260 2194 est
2279 2138 2480 2193 ancilla
2497 2138 2592 2192 Dei
2611 2137 2772 2192 beata
2788 2137 3175 2206 Radegundis,
3199 2135 3536 2191 innotescat
3555 2137 3622 2190 in
3655 2137 3860 2208 genti-

2177 2231 2284 2286 bus
2311 2229 2561 2302 potentia
2585 2234 2682 2284 tua
2701 2271 2714 2296 ,
2747 2228 3012 2300 permitte
3038 2233 3102 2283 ut
3141 2229 3211 2283 de
3251 2229 3506 2299 pignore
3537 2233 3649 2283 tuo
3683 2247 3866 2286 mens

2181 2324 2357 2380 ﬁdelis
2386 2323 2618 2393 accipiat
2656 2322 2806 2393 quod
2844 2321 3041 2392 poscit.
3075 2320 3342 2377 Oratione
3368 2322 3684 2393 completa
3705 2366 3722 2393 ,
3755 2323 3864 2378 ubi

2181 2418 2362 2472 omnis
2385 2417 2630 2487 populus
2650 2431 2816 2468 amen
2835 2413 3147 2485 respondit,
3165 2415 3324 2469 venit
3343 2416 3420 2468 ad
3447 2423 3738 2470 sanctum
3763 2433 3860 2472 se-

2179 2509 2461 2580 pulcrum,
2491 2523 2823 2578 semperque
2853 2507 3030 2561 beatae
3059 2505 3232 2560 ﬁdem
3259 2507 3692 2577 pronuntians,
3727 2513 3866 2563 tan-

2185 2602 2348 2672 gebat
2373 2600 2715 2665 membrum,
2760 2599 2927 2669 quale
2967 2597 3328 2652 beatissimus
3373 2599 3450 2653 ad
3491 2601 3868 2671 petitionem

2183 2696 2404 2749 domnae
2444 2691 2801 2762 Radegundis
2839 2692 2973 2745 dare
3003 2691 3256 2761 juberet.
3295 2692 3512 2763 Tetigit
3555 2693 3624 2748 in
3673 2711 3868 2749 manu

2183 2788 2414 2841 dextera
2426 2784 2674 2854 singulos
2698 2783 2939 2854 digitos:
2967 2783 3066 2836 ubi
3087 2783 3161 2838 ad
3188 2783 3486 2838 minorem
3519 2787 3698 2841 venit
3719 2787 3870 2859 digi-

2181 2883 2324 2944 tum,
2357 2893 2414 2931 se
2439 2877 2594 2930 suavi
2619 2880 2772 2930 tactu
2809 2876 2877 2929 de
2905 2875 3135 2946 propria
3166 2892 3346 2931 manu
3371 2877 3533 2944 tulit,
3567 2885 3642 2933 ut
3675 2880 3872 2936 beatae

2183 2971 2397 3040 reginae
2418 2969 2690 3024 desiderio
2719 2968 3083 3035 satisfaceret,
3113 2973 3170 3022 et
3191 2969 3317 3038 ejus
3337 2970 3726 3026 voluntatem
3753 2974 3868 3028 im-

2183 3063 2562 3135 pleret.Quem
2575 3061 2818 3132 digitum
2828 3061 2913 3114 vir
2925 3061 3266 3132 apostolicus
3277 3077 3410 3116 cum
3427 3063 3620 3134 digno
3633 3065 3874 3122 honore

2183 3157 2357 3211 beatis
2372 3154 2704 3224 Radegundi
2719 3153 2953 3208 direxit:
2971 3154 3040 3208 de
3057 3154 3450 3226 Hierosolyma
3467 3173 3666 3228 usque
3683 3160 3874 3214 Picta-

2183 3249 2264 3302 vis
2279 3249 2340 3303 in
2356 3249 2403 3318 ej
2413 3265 2475 3301 us
2491 3248 2702 3301 honore
2722 3262 2946 3317 semper
2959 3245 3082 3300 laus
3096 3247 3192 3301 Dei
3207 3249 3538 3318 personuit.
3563 3251 3732 3314 Quid
3755 3269 3868 3323 pu-

2182 3345 2266 3396 tas
2287 3357 2456 3412 quam
2482 3339 2704 3394 ardenti
2726 3339 2935 3405 animo,
2966 3355 3141 3409 quam
3171 3339 3330 3395 fideli
3351 3342 3686 3400 devotione
3713 3347 3864 3400 tanti

2183 3434 2436 3506 pignoris
2463 3432 2770 3503 prmmium
2799 3437 3151 3503 exspectans,
3185 3449 3244 3487 se
3270 3434 3654 3490 abstinentiae
3689 3455 3864 3494 man-

2183 3527 2423 3597 cipavit?
2456 3527 2528 3579 At
2558 3525 2656 3578 ubi
2685 3541 2743 3578 se
2775 3525 2940 3579 beata
2975 3525 3178 3595 regina
3213 3525 3324 3580 hoc
3361 3542 3590 3582 munus
3623 3531 3868 3586 caeleste

2184 3619 2458 3690 accepisse
2483 3634 2614 3672 cum
2640 3616 2795 3671 omni
2814 3617 3102 3671 alacritate
3131 3619 3432 3688 gauderet,
3465 3624 3598 3676 tota
3617 3623 3865 3692 hebdo-

2183 3713 2348 3766 mada
2365 3727 2494 3765 cum
2516 3709 3130 3780 omnicongregatione
3151 3726 3212 3764 se
3231 3710 3294 3764 in
3309 3711 3708 3782 psallentium
3729 3717 3870 3788 vigi-

2183 3804 2272 3858 liis
2303 3809 2359 3858 et
2379 3803 2611 3874 jejuniis
2642 3801 2881 3872 aptavit,
2915 3803 3221 3856 Dominum
3251 3800 3624 3862 benedicens
3659 3825 3730 3864 se
3757 3811 3870 3866 tale

2183 3913 2391 3950 munus
2408 3896 2660 3966 accipere
2681 3894 2972 3948 meruisse.
2991 3894 3079 3949 Sic
3097 3896 3250 3950 Deus
3269 3897 3391 3951 suis
3409 3897 3706 3956 ﬁdelibus
3737 3919 3868 3974 quae

2184 3990 2467 4060 postulant
2493 4005 2608 4043 non
2639 3987 2902 4058 abnegat.
2933 3987 3286 4058 Frequenter
3321 3993 3380 4044 et
3407 3991 3678 4048 dulciter
3700 3996 3866 4068 quasi

2185 4084 2246 4138 in
2281 4083 2484 4155 ﬁgura,
2530 4086 2596 4136 ut
2629 4097 2800 4138 nemo
2837 4081 3158 4152 intelligere
3193 4087 3407 4153 posset,
3448 4085 3734 4144 dicebat:
3765 4090 3866 4146 Cui

2184 4177 2506 4231 animarum
2532 4191 2664 4230 cura
2681 4178 2784 4243 est,
2799 4174 3021 4229 fortiter
3039 4175 3270 4230 laudem
3287 4177 3360 4231 ab
3381 4177 3754 4236 hominibus
3777 4183 3868 4238 de-

2185 4269 2279 4323 bet
2297 4269 2516 4324 timere.
2539 4268 2646 4322 Sed
2673 4267 3048 4321 nihilominus
3075 4271 3362 4338 quantum
3393 4270 3498 4324 illa
3527 4272 3654 4328 hoc
3684 4277 3868 4330 vitare
3953 4259 3960 4264 -

2183 4363 2420 4430 volebat,
2448 4365 2604 4415 tanto
2636 4359 2818 4430 magis
2845 4375 2909 4413 ac
2939 4359 3124 4429 magis
3154 4360 3442 4416 virtutum
3463 4363 3736 4437 largitor
3763 4368 3870 4422 sibi

2185 4455 2246 4508 in
2271 4453 2534 4508 omnibus
2561 4453 2788 4507 ﬁdelem
2815 4451 3098 4506 declarare
3129 4454 3438 4510 studebat:
3485 4457 3572 4511 ita
3621 4465 3694 4514 ut
3735 4462 3866 4515 ubi-

468 4585 601 4624 nem
627 4571 946 4640 prosternit,
978 4587 1182 4641 parvus
1208 4587 1376 4643 sepor
1401 4571 1450 4626 ei
1479 4571 1734 4640 accessit,
1766 4572 2007 4642 qualiter
2033 4573 2086 4627 ei
2104 4554 2162 4626 Ῑ)
2185 4562 2406 4643 θΠΠἯῙθ
2437 4546 2697 4600 inﬁrmus
2743 4561 2780 4643 θζ
2816 4561 3156 4643 ίῖιλδθαηίῖίιίῗ
3194 4546 3472 4643 fletentus
3511 4550 3872 4609 ίΠίῙΠΠίῐδῗθ

471 4663 742 4716 Dominus
771 4663 1078 4718 declararet
1103 4669 1294 4719 votum
1335 4681 1500 4719 suum
1541 4664 1838 4735 impletum
1857 4707 1870 4731 ,
1898 4665 2086 4720 dicens

455 4740 536 4809 ad
572 4771 730 4810 eam:
772 4757 1074 4827 Cognosce,
1115 4757 1422 4825 benedicta,
1462 4757 1592 4828 quia
1623 4773 1738 4811 non
1775 4757 1864 4811 hae
1903 4759 2085 4812 solum

466 4847 738 4919 reliquiae,
787 4865 926 4920 quas
969 4849 1260 4919 presbyter
1303 4851 1532 4918 Magnus
1577 4849 1783 4918 attulit,
1825 4850 1918 4904 hic
1955 4855 2086 4906 sunt

469 4944 707 5010 tantum,
739 4941 834 4996 sed
854 4946 1091 5013 quantas
1111 4942 1169 4996 in
1197 4942 1395 4997 Atheia
1428 4941 1649 5014 [Athiés]
1686 4943 1814 4997 villa
1844 4959 2082 5015 congre-

470 5035 634 5105 gasti,
663 5037 794 5088 totae
819 5035 909 5089 hic
943 5038 1342 5090 convenerunt.
1375 5035 1474 5091 Ubi
1508 5036 1696 5090 oculos
1732 5037 1969 5107 aperuit,
1999 5037 2082 5091 vi-

469 5127 550 5180 dit
573 5127 758 5181 virum
779 5129 1292 5197 splendidissimum
1315 5129 1413 5200 qui
1433 5129 1538 5183 hoc
1563 5129 1614 5183 ei
1634 5129 2006 5198 nuntiaverat,
2030 5134 2086 5184 et

471 5220 718 5289 gaudens
744 5219 1046 5276 Dominum
1067 5223 1371 5277 benedixit.
1395 5225 1700 5293 Postquam
1729 5221 1786 5276 in
1808 5227 2085 5278 monaste-

473 5311 622 5364 rium
661 5315 744 5364 est
781 5311 1053 5382 ingressa,
1097 5319 1366 5386 quantam
1401 5315 1821 5370 multitudinem
1861 5320 2081 5370 sancto-

475 5419 604 5456 rum
637 5403 970 5459 ﬁdelissimis
1001 5408 1256 5477 precibus
1283 5408 1724 5478 congregaverit,
1753 5409 1857 5462 hoc
1886 5408 2086 5463 Oriens

471 5499 726 5561 testatur,
769 5499 990 5569 Aquilo,
1033 5503 1250 5567 Auster,
1302 5501 1388 5553 vel
1445 5501 1711 5554 Occidens
1755 5501 2079 5570 proﬁtetur:

471 5588 606 5659 quia
631 5589 874 5662 undique
901 5593 1171 5662 pretiosas
1195 5605 1444 5660 gemmas
1474 5593 1726 5662 coeloque
1751 5593 2081 5660 reconditas,

541 5705 611 5772 (a)
651 5705 834 5760 Vitam
872 5705 1046 5759 sancti
1082 5706 1392 5772 Mamantis,
1447 5723 1546 5762 seu
1591 5707 1899 5760 Mammetis
1937 5723 2082 5761 mar-

471 5775 636 5848 tyris,
684 5777 781 5846 qui
823 5775 974 5848 apud
1027 5775 1337 5848 Cesarzeam
1383 5776 1744 5848 Cappadociae
1795 5778 1993 5848 urbem
2033 5795 2087 5832 ιν

473 5845 651 5899 Nonas
685 5845 958 5916 septemb.
1005 5861 1196 5915 passus
1237 5845 1477 5914 dicitur;
1500 5845 1682 5901 habes
1727 5846 1784 5901 in
1821 5847 2076 5904 biblioth.

2187 4657 2312 4696 eam
2341 4639 2669 4706 invocasset,
2703 4638 2944 4692 salutem
2975 4637 3312 4708 recipiebat.

2259 4737 2343 4788 16.
2375 4732 2469 4786 Vir
2498 4732 2733 4799 illuster,
2763 4731 2872 4784 Leo
2902 4730 3156 4798 nomine,
3188 4731 3262 4785 ad
3295 4733 3634 4791 concilium
3663 4741 3872 4808 synodi

2185 4831 2439 4881 evocatus
2464 4841 2497 4879 a
2521 4823 2653 4878 viris
2687 4823 3007 4894 apostolicis
3043 4823 3280 4878 Leontio
3313 4822 3784 4904 [Burdegalensi]
3817 4835 3868 4885 et

2185 4918 2420 4973 Eusebio
2479 4915 2860 4988 [Sanctonensi]
2921 4915 3219 4986 episcopis,
3276 4915 3424 4970 dum
3471 4919 3596 4974 iter
3646 4929 3867 4994 ageret,

2184 5012 2330 5065 oculi
2355 5012 2475 5081 ejus
2497 5008 2652 5080 gravi
2669 5013 2800 5062 sunt
2817 5007 3058 5078 caligine
3080 5008 3334 5078 obducti,
3361 5013 3695 5082 sanguinis
3717 5015 3868 5071 nube

2183 5103 2449 5175 cooperti,
2479 5107 2542 5156 ut
2566 5117 2680 5156 non
2707 5101 2816 5154 nisi
2841 5117 2874 5153 a
2903 5101 3132 5154 famulis
3163 5103 3532 5158 sustentatus
3565 5115 3864 5180 pergeret,

2183 5197 2409 5269 penitus
2429 5211 2535 5250 nec
2555 5195 2701 5248 viam
2722 5193 2956 5248 videret.
2979 5193 3086 5256 Qui
3103 5193 3407 5264 ingressus
3425 5203 3866 5257 monasterium

2183 5291 2382 5357 beatze,
2405 5289 2508 5342 ubi
2533 5287 2675 5341 ﬁlias
2695 5303 2822 5341 suas
2849 5286 2900 5340 ei
2928 5287 3162 5340 devotus
3189 5287 3436 5342 tradidit
3457 5291 3728 5348 Domino
3755 5311 3868 5350 ser-

2183 5383 2412 5448 vituras,
2445 5380 2696 5436 introivit
2723 5379 2785 5433 in
2809 5378 3121 5432 oratorium
3143 5379 3376 5434 domnae
3397 5381 3612 5439 Mariae
3641 5389 3869 5442 nomini

2186 5476 2501 5530 dedicatum
2533 5491 2546 5527 :
2580 5478 2706 5544 post
2732 5471 3046 5526 orationem
3073 5472 3268 5526 datam
3304 5475 3654 5542 prosternit
3679 5497 3744 5536 se
3773 5482 3874 5535 ﬁde

2184 5569 2386 5639 plenus
2409 5583 2578 5638 supra
2597 5571 2803 5620 sancta:
2831 5563 3102 5633 cilicium,
3126 5564 3372 5620 viriliter
3401 5583 3548 5625 eam
3571 5572 3870 5636 invocans,

2189 5705 2418 5780 Floriac.
2451 5705 2732 5780 Johannes
2755 5703 3023 5780 a_Bosco,
3057 5701 3320 5780 ejusdem
3360 5711 3662 5780 martyris
3689 5717 3870 5768 trans-

2189 5777 2454 5830 lationem
2497 5773 2710 5829 brachii
2755 5771 3036 5843 Lingonas
3077 5771 3288 5828 factam
3335 5771 3555 5833 refert:
3615 5785 3684 5840 In
3733 5787 3864 5840 Mar-

2189 5847 2466 5918 tyrologio
2493 5847 2656 5902 Rom.
2690 5859 2782 5899 xv1
2809 5844 2929 5900 Kal.
2957 5843 3252 5916 Septemb.
3287 5846 3538 5906 colitur.
