3994 6392
144 385 239 436 673

1399 379 1568 434 VlTA.
1610 379 1806 434 LIBER
1845 378 2208 436 SECUNDUS.

3376 385 3478 437 674

135 499 186 547 et
207 491 400 546 tandiu
427 489 772 562 superjacuit
803 495 1106 564 quousque
1147 494 1304 549 dolor
1342 495 1612 564 discessit,
1649 512 1740 550 ca-
1766 507 1824 578 Α
1842 500 1993 549 rator
2019 495 2316 566 logatorios
2340 511 2468 550 cum
2487 495 2788 566 evangeliis
2813 512 2952 550 auro
2973 500 3029 552 et
3059 495 3296 566 gemmis
3317 513 3476 551 orna~

131 585 234 654 ligo
268 584 460 656 fugata
490 588 596 653 est,
638 586 963 657 coagulatus
1000 587 1228 657 sanguis
1272 603 1330 642 se
1371 588 1526 642 venis
1572 589 1745 643 mini-

131 681 422 736 strantibus
463 682 750 752 perduxit,
803 683 1079 754 clarisque
1122 685 1297 739 oculis
1345 685 1442 756 qui
1489 686 1748 740 manibus

132 779 458 830 sustentatus
492 781 745 844 venerat,
785 793 953 830 sanus
1003 777 1187 845 rediit,
1237 778 1304 832 de
1348 778 1527 831 cilicio
1571 779 1746 834 beatae

131 867 312 921 lumen
355 867 587 937 recepit,
630 869 792 922 laetus
819 873 987 940 atque
1027 869 1342 939 incolumis,
1375 871 1443 924 ad
1469 873 1746 941 synodum

132 961 222 1014 ubi
264 967 542 1030 coeperat,
584 961 909 1030 ambulavit,
942 963 1091 1032 quod
1128 969 1254 1034 post
1309 963 1430 1034 ipso
1469 965 1746 1019 referente

130 1053 378 1107 universa
407 1054 655 1123 synodus
687 1054 918 1121 audivit,
948 1071 1011 1107 ac
1058 1055 1187 1109 inde
1231 1056 1556 1126 regrediens
1585 1057 1746 1110 nobis

131 1146 238 1199 haec
263 1163 353 1200 ore
380 1147 613 1216 proprio
642 1147 922 1200 disseruit.
950 1150 1072 1217 Ipsa
1110 1149 1161 1202 ei
1190 1149 1320 1202 fecit
1363 1149 1580 1203 devotio
1611 1151 1740 1203 fun-

129 1240 442 1292 damentum
482 1238 732 1292 basilicae
773 1239 997 1293 domnae
1025 1242 1384 1311 Badegundis
1415 1245 1737 1317 percutere,

132 1332 217 1384 ubi
241 1336 294 1385 et
312 1335 542 1385 centum
559 1331 716 1386 dedit
735 1333 940 1386 solidos
961 1333 1031 1386 ad
1051 1334 1319 1388 fabricam
1339 1334 1518 1404 ipsam
1540 1335 1745 1390 facien-

131 1424 267 1477 dam.
294 1424 497 1487 Quanti
525 1423 740 1478 inﬁrmi
760 1425 838 1478 ad
881 1426 1002 1494 ejus
1028 1426 1436 1480 invocationem
1463 1431 1595 1481 sunt
1622 1428 1743 1480 sani

129 1516 317 1570 redditi
349 1516 476 1586 quis
518 1531 851 1571 enumerare
891 1518 1107 1572 valeat?
1146 1519 1278 1581 Quis
1320 1535 1444 1572 eam
1487 1536 1741 1589 unquam

130 1609 255 1662 vidit
279 1613 333 1662 et
355 1614 648 1664 terrenum
669 1610 959 1664 hominem
989 1627 1107 1665 esse
1133 1611 1369 1666 credidit
1384 1613 1410 1665 ?
1439 1613 1540 1666 Per
1566 1613 1743 1665 Deum

133 1705 243 1759 caali
265 1705 602 1760 ﬁducialiter
626 1712 681 1760 et
706 1707 976 1761 veraciter
1001 1708 1142 1774 dico,
1173 1709 1306 1778 quia
1335 1709 1412 1761 sic
1435 1725 1657 1778 semper
1685 1709 1742 1762 in

130 1796 287 1849 oculis
305 1796 563 1850 omnium
591 1796 988 1867 resplendebat
1011 1814 1142 1851 cum
1172 1799 1359 1852 anima
1386 1799 1570 1852 vultus
1597 1799 1738 1868 ejus,

130 1892 318 1943 utnon
343 1890 630 1943 immerito
657 1890 1001 1944 extrinsecus
1027 1896 1339 1961 appareret,
1371 1892 1522 1962 quod
1542 1892 1742 1946 intrin-
1760 1862 1816 1933 B

131 1997 274 2036 secus
319 1982 642 2052 gerebatur.

197 2079 274 2129 Π.
314 2076 439 2128 Post
481 2079 853 2145 congregatas
880 2079 1198 2129 sanctorum
1223 2075 1506 2146 reliquias,
1543 2076 1590 2128 si
1618 2075 1739 2130 ﬁeri

129 2168 402 2238 potuisset,
445 2168 640 2238 ipsum
674 2167 974 2221 Dominum
1011 2168 1080 2222 de
1123 2169 1250 2222 sede
1286 2169 1592 2237 majestatis
1622 2185 1738 2222 sua:

129 2259 398 2313 visibiliter
411 2259 508 2312 hic
534 2259 789 2313 habitare
809 2259 1148 2329 expetiisset.
1167 2261 1232 2313 Et
1257 2276 1581 2330 quanquam
1607 2277 1740 2314 eum

131 2352 422 2406 carnalibus
445 2353 626 2406 oculis
652 2368 767 2405 non
797 2352 1132 2420 intueretur,
1159 2352 1429 2422 spiritalis
1466 2368 1627 2407 mens
1652 2353 1735 2406 in-

127 2448 264 2499 tenta
291 2445 497 2498 sedulis
525 2444 784 2514 precibus
810 2445 1314 2515 contemplabatur.
1344 2445 1449 2499 Sed
1483 2445 1615 2514 quia
1637 2446 1739 2498 Do-

130 2538 302 2590 minus
322 2554 431 2591 non
457 2537 704 2608 privabit
728 2537 890 2590 bonis
928 2553 1020 2590 eos
1049 2537 1146 2606 pui
1171 2537 1460 2590 ambulant
1489 2537 1546 2590 in
1573 2538 1737 2591 inno-

131 2631 313 2699 centia,
343 2635 397 2684 et
419 2629 523 2701 qui
551 2646 683 2684 eum
710 2645 780 2684 ex
807 2635 923 2684 toto
949 2629 1114 2684 corde
1143 2635 1196 2684 et
1221 2646 1290 2684 ex
1314 2634 1431 2683 tota
1467 2630 1660 2683 anima
1685 2633 1741 2684 et

131 2738 191 2776 ex
217 2727 334 2778 tota
368 2729 563 2779 mente
600 2722 883 2794 quaesierit
915 2722 1079 2792 (Psal.
1133 2723 1374 2791 Lxxxm),
1421 2721 1564 2777 sicut
1617 2723 1738 2776 haec

127 2813 274 2869 beata
297 2817 445 2882 fecit,
477 2816 669 2869 divina
710 2814 1009 2869 clementia
1035 2831 1093 2868 se
1127 2815 1432 2884 benignam
1461 2815 1734 2882 exhibuit,

129 2907 276 2977 eique
301 2910 359 2962 in
383 2925 557 2963 sensu
584 2908 792 2978 posuit,
822 2908 881 2960 in
906 2908 1066 2977 cujus
1095 2913 1318 2978 pectore
1340 2908 1428 2961 die
1455 2912 1738 2977 noctuque

128 3001 518 3071 requiescebat,
562 3006 627 3055 ut
667 3001 811 3054 sicut
855 3001 1018 3054 beata
1054 3000 1278 3067 Helena,
1325 2999 1603 3070 sapientia
1633 3001 1738 3053 im-

127 3090 266 3160 buta,
313 3095 517 3148 timore
546 3092 643 3146 Dei
681 3093 867 3163 plena,
907 3092 1068 3145 bonis
1104 3092 1366 3162 operibus
1393 3091 1633 3161 gloriosa
1667 3091 1737 3145 li-

130 3199 291 3255 gnum
316 3187 583 3254 salutare,
611 3185 708 3239 ubi
731 3185 979 3256 pretium
1007 3185 1203 3239 mundi
1224 3201 1328 3255 pro
1355 3187 1545 3237 nostra
1564 3184 1740 3238 salute
1762 3217 1815 3289 Ο

128 3293 421 3348 appensum
460 3279 649 3332 fuerat
690 3283 752 3332 ut
785 3294 886 3331 nos
918 3277 986 3331 de
1024 3281 1296 3347 potestate
1318 3276 1523 3330 diaboli
1553 3276 1738 3346 eripe-

127 3375 222 3438 ret,
262 3371 612 3443 perquisivit,
646 3370 724 3424 ita
764 3375 848 3436 ut,
892 3369 1139 3438 invento,
1185 3369 1453 3422 ambabus
1482 3369 1742 3422 manibus

127 3463 420 3533 plauderet,
453 3469 515 3519 et
543 3464 603 3518 in
631 3467 782 3517 terra
810 3479 961 3533 genu
979 3463 1124 3516 ﬂexo
1150 3463 1455 3516 Dominum
1488 3462 1743 3516 adoraret

128 3555 217 3610 ubi
254 3558 432 3628 ipsam
464 3557 528 3610 in
570 3561 798 3611 mortuo
837 3556 1098 3610 suscitato
1135 3555 1476 3609 dominicam
1518 3570 1742 3609 crucem

128 3665 285 3719 supra
311 3651 557 3721 positam
577 3649 806 3720 agnovit
830 3649 1020 3702 dicens
1043 3667 1056 3702 :
1090 3651 1152 3703 1n
1176 3651 1399 3702 veritate
1425 3653 1482 3702 tu
1508 3664 1561 3702 es
1597 3649 1745 3705 Chri-

127 3746 228 3797 stus
246 3744 410 3798 Filius
445 3745 562 3810 Dei,
603 3745 700 3811 qui
735 3745 792 3796 in
831 3743 968 3794 hunc
1000 3742 1256 3795 mundum
1280 3743 1492 3801 venisti,
1527 3745 1744 3808 tuosque

127 3838 351 3903 captivos
372 3852 503 3905 quos
529 3838 725 3890 creasti
747 3837 978 3904 pretioso
995 3837 1254 3903 sanguine
1270 3834 1573 3898 redemisti;
1595 3833 1743 3903 quod

127 3927 247 3981 fecit
268 3928 361 3982 illa
387 3929 448 3982 in
473 3928 733 3983 orientali
751 3927 951 3998 patria,
980 3927 1086 3981 hoc
1112 3927 1244 3982 fecit
1269 3925 1430 3981 beata
1451 3926 1744 3995 Radegun-

128 4019 205 4073 dis
228 4021 285 4075 in
312 4022 510 4076 Gallia.

196 4117 274 4169 l8.
302 4115 369 4169 Et
390 4115 524 4187 quia
565 4113 686 4169 sine
711 4113 944 4168 consilio
969 4113 1031 4168 in
1059 4113 1272 4167 mundo
1302 4113 1439 4167 dum
1468 4111 1628 4182 vixit,
1658 4113 1742 4166 ni-

127 4205 202 4259 hil
234 4207 411 4263 facere
452 4207 650 4274 voluit,
704 4207 1011 4261 transmisit
1045 4207 1258 4261 litteras
1298 4206 1369 4260 ad
1418 4205 1742 4276 praacellen-

126 4299 394 4355 tissimum
414 4301 694 4356 domuum
722 4300 1064 4370 Sigibertum
1085 4315 1300 4370 regem,
1325 4299 1485 4369 cujus
1509 4299 1746 4370 imperio

124 4393 292 4462 patria
316 4395 420 4449 ista
446 4395 770 4465 regebatur,
796 4397 863 4447 ut
890 4393 942 4448 ei
965 4393 1318 4464 permitteret
1338 4408 1441 4463 pro
1462 4392 1635 4446 totius
1652 4409 1748 4462 pa-

125 4485 239 4540 tI'lEB
273 4487 450 4543 salute
487 4493 544 4542 et
584 4487 705 4558 ejus
744 4487 907 4557 regni
941 4486 1261 4555 stabilitate,
1305 4485 1528 4556 lignum
1569 4485 1747 4538 crucis

1845 588 1935 643 tis.

1917 685 2002 736 19.
2032 685 2101 736 At
2133 682 2230 736 ubi
2268 681 2508 753 lignum,
2547 683 2648 736 ubi
2689 684 2837 736 salus
2877 683 3076 737 mundi
3102 685 3467 752 pependerat,

1845 775 2078 828 Pictavis
2109 776 2180 846 (a)
2210 775 2490 829 civitatem
2519 792 2650 833 cum
2685 775 3121 846 congregatione
3151 781 3473 830 sanctorum

1845 868 2087 932 advenit,
2117 873 2172 921 et
2193 869 2441 938 pontifex
2464 868 2711 922 locicum
2734 869 2889 922 omni
2915 870 3124 938 populo
3153 869 3344 923 devote
3367 871 3473 923 hoc

1844 960 2011 1013 vellet
2039 961 2328 1030 excipere;
2361 961 2622 1014 inimicus
2649 962 2882 1014 humani
2905 961 3128 1031 generis
3158 978 3259 1031 per
3276 962 3475 1015 satelli-

1844 1058 1926 1106 tes
1950 1069 2077 1106 suos
2106 1053 2242 1121 egit,
2285 1059 2348 1106 ut
2387 1055 2634 1123 pretium
2661 1054 2860 1108 mundi
2890 1054 3247 1123 repellerent,
3285 1071 3388 1108 nec
3416 1055 3474 1108 in

1845 1145 2063 1198 civitate
2092 1145 2339 1215 recipere
2377 1147 2600 1211 vellent,
2629 1147 2869 1216 qualiter
2898 1147 3058 1200 beata
3105 1147 3474 1216 Radegundis

1843 1237 2298 1291 tribulationibus
2328 1239 2660 1308 subjaceret,
2693 1239 2851 1292 aliud
2879 1255 2980 1309 pro
3008 1239 3118 1292 alio
3135 1239 3471 1302 asserentes,

1841 1331 2068 1384 Iudaico
2109 1330 2340 1397 ordine;
2387 1332 2540 1401 quod
2585 1336 2841 1384 nostrum
2880 1348 2995 1384 non
3056 1337 3137 1385 est
3177 1331 3468 1401 disserere,

1843 1426 1950 1496 ipsi
1987 1427 2230 1480 viderint
2263 1445 2276 1479 :
2319 1430 2573 1481 Dominus
2609 1431 2758 1481 novit
2801 1431 2897 1496 qui
2918 1433 3044 1482 sunt
3082 1429 3214 1496 ejus.
3247 1429 3352 1483 Sed
3381 1429 3474 1481 illa

1841 1519 2042 1589 spiritu
2056 1519 2516 1587 fervente,animo
2531 1521 2850 1586 dimicante,
2868 1521 3074 1573 iterum
3098 1521 3168 1574 ad
3184 1521 3471 1591 benignis-

1841 1612 2048 1665 simum
2078 1629 2270 1682 regem
2298 1613 2515 1683 dirigit,
2546 1614 2676 1684 quia
2721 1614 2776 1666 in
2807 1613 3086 1667 civitatem
3115 1613 3354 1668 salutem
3381 1630 3467 1667 re-

1841 1705 2024 1775 cipere
2062 1706 2387 1760 noluerunt.
2432 1707 2662 1760 Interim
2708 1684 3000 1777 quousque
3047 1707 3206 1759 missi
3263 1707 3350 1759 sui
3401 1707 3471 1760 de

1841 1797 2048 1851 domno
2082 1814 2217 1867 rege
2260 1802 2697 1867 reverterentur,
2737 1799 2796 1852 in
2836 1799 3111 1852 Turonico
3147 1815 3247 1852 suo
3273 1816 3466 1853 mona-

1839 1890 2006 1943 sterio
2033 1890 2283 1943 virorum
2312 1891 2462 1961 quod
2490 1891 2756 1959 condidit,
2788 1896 2848 1944 ut
2871 1891 3062 1960 {ipsam
3092 1892 3329 1945 salvaret
3348 1934 3361 1959 ,
3392 1891 3469 1944 ibi

1838 1999 1968 2036 cum
2005 1983 2295 2053 psallentio
2325 1984 2674 2037 sacerdotum
2719 1999 2945 2036 crucem
2987 1984 3207 2036 Domini
3246 1985 3331 2037 vel
3374 1984 3464 2054 pi-

1839 2091 2016 2144 gnora
2042 2080 2366 2129 sanctorum
2396 2075 2828 2129 commendavit.
2859 2076 2978 2128 Non
3008 2075 3286 2129 minorem
3312 2076 3462 2144 inju-

1837 2168 1978 2221 riam
2011 2173 2096 2221 est
2121 2185 2277 2238 passa
2303 2174 2491 2222 sancta
2518 2185 2654 2221 crux
2696 2185 2798 2238 per
2824 2167 3090 2221 invidiam
3115 2209 3128 2235 ,
3157 2185 3332 2238 quam
3359 2169 3464 2221 Do-

1838 2259 2026 2313 minus
2053 2260 2149 2330 qui
2181 2276 2282 2330 per
2308 2276 2598 2314 cursorem
2637 2259 2771 2330 (AL,
2800 2260 3202 2330 percussorem]
3247 2259 3466 2314 ﬁdelem

1837 2356 2066 2406 vocatus
2095 2358 2150 2406 et
2179 2357 2467 2406 revocatus
2494 2358 2622 2406 ante
2653 2353 2902 2422 presides
2928 2358 2982 2407 et
2995 2353 3212 2422 judices
3234 2368 3464 2406 omnem

1840 2445 2111 2499 malitiam
2167 2446 2447 2516 patienter
2511 2445 2794 2511 sustinuit,
2846 2450 2909 2498 ut
2961 2446 3112 2515 quod
3184 2451 3468 2499 creaverat

1837 2554 1954 2591 non
1980 2537 2206 2607 periret.
2236 2539 2295 2590 ln
2321 2542 2531 2606 quanto
2558 2554 2614 2591 se
2637 2537 2885 2590 cruciatu
2901 2538 3105 2606 posuit,
3135 2537 3193 2590 in
3207 2537 3461 2607 jejuniis,

1839 2630 1898 2684 in
1924 2630 2148 2700 vigiliis,
2181 2630 2238 2683 in
2278 2629 2602 2699 profusione
2650 2630 3022 2700 lacrymarum
3065 2634 3179 2684 tota
3225 2645 3461 2700 congre-

1840 2723 1988 2791 gatio
2015 2739 2134 2789 sua,
2177 2723 2234 2776 in
2281 2722 2438 2775 luctu
2486 2728 2541 2776 et
2564 2723 2701 2777 ﬂetu
2745 2722 3008 2776 omnibus
3041 2722 3236 2776 diebus
3285 2739 3461 2793 usque

1838 2832 1949 2886 quo
1975 2815 2218 2884 respexit
2247 2815 2514 2868 Dominus
2540 2815 2921 2868 humilitatem
2949 2815 3174 2868 'ancillze
3207 2832 3339 2881 sum,
3363 2815 3462 2884 qui

1838 2908 1990 2963 dedit
2014 2908 2074 2960 in
2100 2907 2264 2961 corde
2295 2907 2444 2977 regis
2471 2911 2534 2961 ut
2571 2909 2776 2962 faceret
2797 2908 3079 2978 judicium
3110 2914 3167 2962 et
3184 2908 3464 2978 justitiam

1838 3000 1897 3054 in
1925 3001 2109 3054 medio
2136 3000 2329 3071 pOpuli
2348 3002 2374 3054 ‘t
2397 3002 2533 3054 Nam
2553 3001 2783 3054 devotus
2803 3017 2902 3054 rex
2929 3017 3030 3070 per
3049 3001 3269 3054 ﬁdelem
3299 3017 3465 3054 suum

1837 3093 2022 3147 virum
2067 3093 2344 3148 illustrem
2391 3093 2673 3147 Justinum
2731 3094 2993 3147 comitem
3043 3094 3349 3148 transmisit
3395 3093 3467 3148 ad

1839 3189 2030 3243 virum
2064 3191 2434 3260 apostolicum
2477 3191 2752 3244 domuum
2797 3192 3148 3246 Eufromium
3193 3192 3260 3261 (b)
3290 3193 3466 3245 Turo-

1840 3287 1977 3340 nicae
2005 3287 2241 3340 civitatis
2267 3288 2611 3357 episcopum,
2639 3293 2703 3342 ut
2731 3305 2861 3341 cum
2887 3289 3104 3342 honore
3143 3289 3315 3358 digno
3348 3289 3464 3359 glo-

1841 3379 2048 3432 riosam
2095 3396 2320 3433 crucem
2350 3380 2569 3432 Domini
2612 3380 2696 3432 vel
2739 3386 3063 3434 sanctorum
3107 3381 3372 3450 reliquias
3409 3381 3468 3434 in

1842 3473 2180 3525 monasterio
2215 3472 2437 3525 domnae
2468 3472 2827 3541 Badegundis
2852 3473 3246 3542 introponeret
3265 3490 3280 3539 ;
3315 3473 3468 3543 quod

1842 3569 1897 3618 et
1925 3565 2136 3618 factum
2173 3569 2276 3619 est.
2313 3564 2591 3618 Exultavit
2629 3565 2687 3617 in
2719 3565 2923 3634 gaudio
2967 3565 3128 3619 beata
3157 3581 3287 3618 cum
3314 3565 3468 3618 omni

1842 3657 1983 3711 cella
2012 3673 2129 3722 sua,
2162 3673 2331 3728 seque
2366 3657 2470 3710 hoc
2496 3658 2565 3712 de
2603 3657 2754 3712 coalis
2780 3658 2993 3712 donum
3042 3658 3255 3710 bonum
3283 3662 3338 3711 et
3363 3657 3464 3710 da-

1842 3754 1964 3804 tum
2000 3749 2311 3819 perfectum
2341 3766 2455 3803 sum
2480 3750 2922 3821 congregationi,
2944 3767 3116 3820 quam
3143 3750 3214 3803 ad
3248 3749 3467 3803 Domini

1843 3842 2135 3896 servitium
2161 3843 2544 3912 congregavit,
2587 3843 2861 3909 contulit,
2892 3843 2952 3896 in
2997 3843 3198 3913 spiritu
3225 3842 3470 3897 sentiens

1843 3936 1994 4006 quod
2043 3939 2169 4005 post
2216 3934 2336 4004 ejus
2391 3935 2690 3990 transitum
2744 3951 2946 4006 parum
3007 3935 3215 3989 habere
3265 3939 3468 4006 posset.

1843 4031 2194 4099 Quamquam
2221 4027 2315 4081 illa
2350 4045 2480 4082 cum
2507 4045 2639 4099 rege
2666 4029 2787 4084 coeli
2828 4027 3188 4098 gloriaretur,
3217 4029 3365 4083 unde
3390 4027 3468 4082 eis

1845 4121 2142 4175 subvenire
2169 4125 2358 4190 posset
2387 4137 2399 4175 :
2443 4122 2548 4175 hoc
2579 4122 2789 4176 donum
2817 4122 3037 4176 caeleste
3066 4121 3340 4197 prgvitrix
3377 4137 3473 4200 op-
3633 4191 3647 4200 γ’

1846 4215 2003 4283 tima,
2036 4215 2403 4287 gubernatrix
2433 4215 2580 4268 bona
2603 4255 2618 4281 ,
2646 4218 2712 4269 ut
2755 4231 2884 4269 oves
2913 4231 3031 4268 non
3069 4203 3493 4286 usquequaque

1847 4308 2208 4378 relinqueret,
2227 4308 2473 4380 pretium
2501 4308 2699 4362 mundi
2720 4308 2788 4362 de
2813 4308 3050 4379 pignore
3067 4307 3294 4375 Christi,
3318 4307 3470 4378 quod

1847 4397 1915 4451 de
1944 4398 2258 4468 longinqua
2283 4397 2513 4466 regione
2552 4396 2803 4466 expetiit,
2846 4396 2917 4449 ad
2960 4397 3235 4450 honorem
3280 4395 3388 4448 loci
3415 4401 3472 4449 et

1847 4490 2210 4546 salvationem
2251 4489 2446 4560 populi
2489 4505 2592 4543 suo
2626 4490 2687 4543 in
2733 4488 3070 4542 monasterio
3099 4487 3340 4555 dimisit;
3373 4486 3469 4540 ubi

126 4578 335 4634 Domini
371 4581 442 4634 ab
470 4580 811 4651 imperatore
844 4577 1096 4651 [Justino]
1133 4583 1394 4650 expetere
1424 4595 1437 4632 :
1467 4578 1616 4649 quod
1647 4578 1741 4632 ille
1761 4576 1820 4648 D
1841 4578 2046 4633 virtute
2093 4579 2190 4632 Dei
2239 4579 2594 4648 cooperante,
2627 4575 2878 4646 potentia
2920 4575 3044 4629 caali
3088 4575 3467 4644 ministrante,

125 4669 515 4744 benignissime
545 4673 616 4727 ad
638 4672 970 4743 petitionem
997 4677 1202 4727 sanctae
1218 4671 1432 4741 regina:
1450 4687 1742 4738 assensum

123 4769 376 4838 praebuit.
419 4771 517 4824 Illa
558 4769 852 4825 devotione
887 4770 1074 4840 plena,
1116 4768 1393 4824 desiderio
1419 4784 1648 4823 accensa
1672 4769 1741 4822 ad

126 4863 515 4936 imperatorem
551 4883 668 4922 non
715 4883 955 4922 munera
995 4865 1206 4938 dirigit,
1250 4882 1378 4938 quae
1411 4882 1468 4920 se
1511 4871 1742 4936 propter

127 4959 294 5014 Deum
318 4977 628 5032 pauperem
663 4961 821 5030 fecit;
863 4961 960 5015 sed
989 4959 1240 5014 oratione
1271 4959 1580 5028 obtinente,
1613 4974 1741 5012 cum

127 5053 385 5110 comitatu
427 5059 755 5109 sanctorum
796 5069 936 5125 quos
979 5053 1383 5108 incessabiliter
1426 5051 1739 5121 invocabat,

126 5147 315 5201 missos
349 5164 478 5202 suos
521 5147 744 5202 direxit.
792 5147 901 5202 Sed
937 5147 1088 5217 quod
1131 5163 1230 5200 sua
1272 5151 1401 5200 vota
1439 5145 1743 5215 poscebant

127 5238 380 5310 obtinuit,
424 5246 490 5296 ut
520 5241 747 5296 beatum
783 5240 1006 5311 lignum
1042 5239 1222 5294 crucis
1262 5239 1489 5293 Domini
1527 5255 1664 5292 auro
1689 5243 1744 5292 et

129 5329 358 5395 gemmis
410 5334 692 5397 ornatum,
738 5335 794 5384 et
846 5328 1053 5383 multas
1100 5333 1421 5383 sanctorum
1455 5327 1740 5398 reliquias,

127 5434 256 5488 quas
294 5421 488 5476 Oriens
531 5422 824 5488 retinebat,
867 5438 981 5475 uno
1015 5421 1266 5476 residens
1302 5421 1422 5474 loco
1450 5436 1506 5474 se
1535 5420 1742 5474 habere

128 5512 353 5581 gloriata
380 5521 485 5570 est.
515 5515 593 5569 Ad
613 5514 945 5586 petitionem
986 5519 1191 5569 sancta:
1216 5512 1526 5569 transmisit
1561 5513 1741 5583 impe-

194 5671 261 5739 (α)
279 5671 579 5741 Gregorius
595 5670 954 5739 Turonensis,
972 5671 1070 5725 lib.
1100 5673 1152 5739 9,
1174 5688 1222 5725 c.
1254 5671 1320 5724 40
1356 5671 1590 5724 :Delatis
1615 5669 1739 5741 reti--

125 5743 278 5813 quiis,
307 5740 512 5813 inquit,
531 5743 687 5810 petiit
711 5744 900 5810 regina
927 5744 1224 5812 episcopum
1237 5747 1296 5794 ut
1317 5757 1434 5813 cum
1450 5742 1641 5793 honore
1659 5740 1744 5793 de-

129 5811 228 5864 bito
243 5811 542 5880 grandique
551 5813 840 5881 psallentio
857 5815 914 5865 in
933 5811 1310 5867 monasterium
1325 5812 1708 5865 collocarentur
1727 5828 1743 5863 :

126 5883 213 5942 Sed
248 5884 337 5939 ille
371 5883 662 5956 despiciens
697 5885 1081 5952 suggestionem
1123 5884 1254 5954 ejus,
1292 5885 1518 5938 ascensis
1546 5882 1741 5951 equiti-

1841 4687 2122 4726 coecorum
2171 4671 2318 4725 oculi
2353 4671 2546 4723 lumen
2574 4668 2872 4740 recipiunt,
2899 4684 3064 4722 aures
3099 4669 3283 4722 surdae
3319 4673 3469 4738 pate-

1840 4765 2004 4832 ﬁunt,
2033 4768 2325 4819 mutorum
2349 4763 2546 4834 lingua
2569 4763 2638 4817 ad
2661 4778 2829 4817 suum
2854 4762 2999 4817 redit
3019 4761 3296 4831 ofﬁcium;
3319 4762 3472 4816 clau-

1841 4858 1898 4913 di
1923 4857 2232 4928 ambulant,
2261 4857 2542 4912 daemones
2557 4856 2898 4927 eﬁugantur.
2915 4855 3058 4920 Quid
3075 4855 3240 4926 plura
3258 4855 3285 4908 τ
3312 4855 3468 4919 Quis-

1841 4952 1966 5022 quis
1993 4969 2026 5006 a
2049 4967 2404 5022 quacumque
2429 4949 2752 5004 inﬁrmitate
2780 4949 3040 5004 detentus
3073 4964 3142 5002 ex
3169 4947 3278 5003 ﬁde
3304 4964 3468 5004 vene-

1842 5045 1935 5111 rit,
1980 5060 2083 5115 per
2132 5045 2395 5099 virtutem
2439 5048 2648 5098 sanctae
2691 5042 2869 5097 crucis
2913 5057 3082 5096 sanus
3121 5041 3287 5097 redit.
3335 5043 3468 5106 Quis

1842 5143 2011 5209 queat
2030 5137 2214 5192 dicere
2235 5132 2510 5209 quantum
2536 5140 2592 5191 et
2610 5135 2772 5207 quale
2794 5136 3004 5190 donum
3022 5137 3154 5191 huic
3185 5135 3312 5191 urbi
3342 5135 3468 5191 bea-

1843 5237 1898 5286 ta
1927 5231 2206 5285 contulit?
2236 5230 2389 5284 Unde
2419 5228 2672 5300 quisquis
2702 5244 2770 5282 ex
2795 5228 2904 5283 ﬁde
2928 5229 3082 5299 vivit,
3107 5231 3228 5300 ejus
3252 5231 3473 5285 nomini

1843 5324 2140 5378 benedicit.
2172 5322 2703 5377 Praecellentissimis
2728 5322 2881 5376 enim
2907 5322 3150 5378 dominis
3169 5324 3398 5395 regibus
3415 5329 3469 5380 et

1844 5416 2212 5471 serenissimae
2239 5416 2461 5470 domnae
2501 5415 2885 5486 Brunighildte
2918 5417 3148 5487 reginae,
3177 5434 3318 5489 quos
3343 5433 3471 5472 caro

1843 5510 2040 5565 dilexit
2079 5510 2304 5576 affectu,
2349 5514 2405 5563 et
2442 5509 2802 5564 sacrosanctis
2842 5509 3086 5566 ecclesiis
3124 5512 3210 5566 vel
3251 5512 3468 5581 pontiﬁ-
3544 5510 3565 5527 '

1846 5668 1940 5721 bus
1964 5665 2108 5720 uilla:
2134 5682 2187 5721 se
2211 5667 2454 5721 contulit.
2478 5667 2762 5720 Maroveus
2785 5671 2917 5722 tunc
2938 5665 3186 5722 Pictavos
3213 5667 3460 5735 regebat.

1916 5739 1984 5807 (b)
2031 5738 2280 5792 Mortuus
2322 5754 2472 5792 anno
2503 5740 2602 5792 573
2644 5737 2980 5810 Gregorium
3024 5738 3220 5793 habuit
3254 5749 3462 5788 succes-

1845 5824 2028 5862 sorem
2036 5849 2048 5862 .
