3994 6412
454 394 558 445 675

453 499 612 554 cibus
647 513 842 552 earum
880 511 1010 550 cum
1050 492 1450 549 contestatione
1487 494 1674 549 divina
1704 507 1870 547 suum
1915 507 2069 545 com-
2095 502 2154 575 Α

455 591 742 646 mendavit
767 586 1198 642 monasterium.

525 686 614 737 20.
646 683 774 735 Post
809 681 916 734 hoc
949 680 1162 734 donum
1196 677 1414 734 caeleste
1451 683 1742 749 acceptum
1768 675 2074 732 transmisit

453 775 616 830 beata
657 773 854 828 missos
897 789 1046 838 suos,
1095 771 1478 842 supradictum
1504 771 1914 842 presbyterum,
1943 785 2073 823 cum

455 868 599 936 aliis,
631 867 701 922 ad
731 867 1133 936 imperatorem
1161 880 1290 918 cum
1317 863 1559 934 simplici
1579 863 1913 918 vestimento
1944 877 2072 933 gra-

456 959 564 1014 tias
579 975 763 1030 agere.
789 960 852 1012 In
871 957 1161 1012 redeundo
1187 956 1356 1026 coepit
1377 972 1536 1010 mare
1564 955 1826 1010 ﬂuctibus
1840 955 1953 1026 agi,
1977 953 2076 1008 ubi

458 1057 591 1107 sunt
623 1052 799 1106 multa
840 1050 1086 1122 pericula
1110 1049 1278 1120 passi,
1310 1049 1584 1120 procellas
1611 1048 1820 1103 scilicet
1850 1053 1907 1102 et
1930 1052 2074 1102 tem-

455 1149 716 1216 pestates,
746 1145 912 1214 quale
932 1159 990 1197 se
1009 1158 1306 1212 nunquam
1331 1141 1534 1196 vidisse
1558 1142 1912 1209 fatebantur;
1945 1156 2078 1211 qua-

458 1237 718 1308 draginta
763 1236 960 1290 diebus
998 1240 1055 1290 et
1091 1235 1463 1306 quadraginta
1500 1234 1756 1288 noctibus
1795 1233 1857 1288 in
1894 1231 2079 1288 medio

458 1330 602 1384 mari
631 1329 788 1383 navis
815 1344 1012 1383 eorum
1037 1327 1287 1397 periculo
1331 1327 1675 1398 subjacebat.
1713 1328 1837 1380 Jam
1865 1326 1934 1380 de
1967 1325 2082 1380 vita

460 1424 816 1493 desperantes
858 1425 1100 1474 mortem
1143 1436 1262 1490 prae
1299 1420 1474 1474 oculis
1520 1419 1811 1488 habentes,
1840 1418 1990 1472 inter
2024 1433 2082 1472 se

458 1531 655 1586 pacem
673 1515 954 1580 facientes,
977 1512 1241 1584 quiajam
1263 1529 1358 1567 eos
1383 1528 1540 1566 mare
1565 1511 1862 1566 absorbere
1887 1509 2080 1580 cupie-

460 1607 576 1676 bat,
607 1623 664 1662 se
691 1607 940 1661 videntes
975 1605 1034 1659 in
1071 1610 1225 1659 tanto
1264 1604 1539 1676 periculo,
1583 1619 1744 1658 voces
1771 1603 1841 1657 ad
1883 1604 2084 1656 caelum

463 1701 671 1754 dabant
695 1701 998 1753 clamantes
1021 1715 1086 1752 ac
1111 1697 1359 1752 dicentes
1391 1713 1406 1752 :
1431 1697 1666 1751 Domina
1700 1695 2082 1766 Radegundis,

465 1791 696 1846 subveni
740 1791 912 1846 servis
943 1791 1054 1845 tuis
1091 1807 1105 1845 :
1141 1791 1279 1846 dum
1309 1789 1410 1844 tibi
1449 1789 1760 1856 obedimus,
1809 1787 2088 1842 submersi

464 1900 578 1938 non
603 1900 940 1954 pereamus;
971 1882 1148 1937 libera
1185 1899 1287 1936 nos
1325 1881 1394 1936 de
1436 1881 1632 1936 mortis
1669 1880 1917 1950 periculo
1959 1860 2165 1950 quiaB

459 1977 580 2047 jam
607 1992 762 2031 mare
797 1979 1060 2046 paratum
1090 1978 1174 2030 est
1197 1978 1263 2030 ut
1299 1990 1400 2029 nos
1428 1974 1580 2028 vivos
1607 1972 1921 2027 absorbeat.
1955 1971 2088 2026 Ubi-

469 2084 692 2140 cunque
717 2067 974 2123 invocata
1000 2067 1159 2122 fuisti
1187 2066 1418 2122 miserta
1443 2083 1524 2130 es,
1553 2082 1702 2120 nunc
1742 2067 1943 2136 adjuva
1966 2069 2091 2118 tuos

467 2172 542 2211 ne
563 2160 814 2226 pereant.
841 2157 924 2210 Ad
948 2156 1048 2209 has
1073 2171 1233 2211 voces
1259 2155 1322 2209 in
1345 2155 1531 2210 medio
1555 2155 1702 2209 mari
1735 2154 1960 2209 advenit
1995 2169 2088 2207 co-

467 2248 680 2318 lumba,
707 2264 832 2318 que
858 2248 1161 2320 teﬁnavem
1188 2264 1385 2303 eorum
1401 2247 1753 2316 circumiens,
1775 2247 1952 2317 tertia
1975 2246 2092 2300 vice

469 2341 531 2394 in
560 2341 790 2395 nomine
821 2341 1100 2395 Trinitatis
1134 2357 1307 2412 quam
1333 2341 1498 2396 beata
1533 2357 1753 2410 semper
1793 2339 1958 2394 corde
2003 2338 2089 2392 di-

471 2433 630 2501 lexit,
660 2449 791 2488 cum
814 2434 1041 2499 volaret,
1071 2449 1260 2488 servus
1285 2433 1462 2488 beatae
1489 2433 1701 2503 reginas
1731 2431 1960 2486 nomine
1996 2432 2092 2484 Ba-

474 2526 676 2581 nisaios
712 2526 963 2581 extendit
1003 2541 1256 2595 manum,
1297 2527 1366 2580 de
1413 2525 1588 2581 cauda
1641 2525 1760 2595 ejus
1806 2529 1919 2579 tres
1967 2524 2096 2578 tulit

474 2635 706 2689 pennas,
733 2635 872 2690 quas
900 2618 1044 2672 mari
1073 2618 1402 2689 intinguens
1427 2620 1819 2688 tempestatem
1838 2633 2093 2688 compes-

473 2711 588 2766 cuit
617 2717 672 2766 et
698 2712 769 2766 ad
805 2711 1214 2766 invocationem
1260 2711 1506 2766 nominis
1531 2711 1710 2764 beata
1737 2709 2096 2780 Radegundis

475 2805 739 2858 columba
761 2819 889 2874 quae
919 2803 1202 2874 apparuit,
1233 2803 1355 2873 ejus
1387 2803 1630 2857 famulos
1673 2802 1744 2856 de
1788 2801 1986 2856 mortis
2003 2802 2093 2872 ja-

475 2913 590 2952 nua
613 2897 744 2951 vitae
773 2896 1034 2962 reddidit,
1057 2899 1114 2950 et
1132 2896 1279 2950 facta
1305 2911 1365 2950 es
1406 2894 1784 2966 tranquillitas
1814 2911 2021 2965 magna
2039 2895 2099 2948 in

477 2989 662 3044 medio
689 2988 855 3043 mari.
885 2987 969 3041 Illi
995 3003 1126 3042 vero
1150 2989 1259 3042 alta
1301 3004 1434 3042 voce
1469 2987 1770 3042 clamantes
1793 2987 2052 3042 dicebant
2079 3004 2093 3042 :

477 3081 782 3150 Advenisti,
814 3080 962 3134 bona
987 3080 1234 3147 domina,
1261 3080 1466 3150 pietate
1491 3080 1674 3150 plena,
1701 3084 1828 3135 tuos
1853 3080 2099 3150 captivos

481 3173 700 3245 eripere
728 3189 801 3229 ne
841 3173 1103 3229 ﬂuctibus
1143 3176 1554 3243 mergerentur.
1586 3173 1668 3227 Ad
1715 3173 1836 3242 ejus
1875 3172 2098 3227 invoca-

479 3267 696 3322 tionem
726 3283 842 3322 non
871 3272 1093 3322 tantum
1117 3267 1224 3335 sui,
1253 3266 1354 3320 sed
1379 3281 1574 3320 omnes
1601 3269 1734 3320 sunt
1749 3265 1968 3320 liberati
1996 3281 2100 3336 per

481 3360 748 3414 virtutem
760 3359 937 3430 ipsius
955 3361 1178 3414 domum
1198 3358 1572 3428 ttadegundis.
1593 3361 1743 3430 Ipsas
1762 3375 1978 3429 pennas
1990 3359 2101 3412 huc

482 3453 804 3522 attulerant,
832 3457 888 3507 et
913 3451 1208 3507 fabricatas
1221 3450 1327 3521 ipsi
1357 3451 1458 3522 qui
1481 3451 1549 3506 de
1586 3455 1770 3516 morte
1795 3455 1927 3506 sunt
1960 3451 2099 3506 libe-

482 3545 606 3614 rati,
650 3561 753 3616 per
790 3546 910 3600 loca
943 3549 1135 3600 sancta
1186 3543 1370 3598 devoti
1413 3543 1708 3599 dederunt.
1755 3543 2102 3616 Ubicumque

483 3637 736 3692 invocata
763 3639 954 3707 fuerit,
982 3637 1226 3706 benigne
1254 3636 1512 3706 exaudit;
1551 3636 1596 3690 si
1633 3625 1976 3704 febricitans,
2007 3641 2105 3692 aut

481 3731 770 3802 pustulam
793 3731 1027 3799 habens,
1057 3734 1156 3784 aut
1175 3746 1210 3784 a
1234 3744 1570 3800 quacunque
1595 3733 1784 3782 tentus
1801 3729 2100 3783 inﬁrmita-

483 3827 558 3893 te,
581 3839 684 3894 pro
707 3823 1008 3893 interjecto
1030 3821 1456 3892 longinquitatis
1478 3825 1642 3876 terrae
1668 3821 1848 3892 spatio
1875 3821 1946 3876 ad
1981 3837 2105 3876 eam

483 3916 675 3972 venire
707 3931 824 3971 non
869 3914 1166 3985 potuisset,
1212 3914 1442 3968 candela
1481 3913 1540 3968 in
1588 3915 1708 3984 ejus
1750 3914 1983 3968 nomine
2010 3931 2102 3968 ac-

485 4020 649 4064 cenSa
672 4023 902 4062 omnem
925 3992 1141 4062 febrem
1161 4005 1397 4078 depulit.

556 4103 618 4154 2i
634 4141 648 4155 .
680 4100 968 4163 Quantum
995 4114 1153 4153 suam
1179 4097 1676 4170 congregationem
1701 4099 1960 4154 dilexerit
1981 4099 2109 4170 quis

489 4196 650 4252 effari
673 4196 890 4252 valeat?
917 4213 1021 4252 nec
1049 4197 1096 4250 si
1119 4201 1353 4252 centeno
1379 4196 1565 4252 sonitu
1588 4197 1802 4268 linguas
1828 4197 2108 4268 plectrum

490 4293 712 4345 moveat
743 4289 850 4344 hoc
889 4290 1113 4360 explere
1151 4289 1318 4346 valet.
1346 4290 1595 4346 Instituit
1627 4295 1710 4356 ut,
1750 4291 1888 4344 dum
1912 4289 2105 4344 reﬁce-

489 4386 634 4452 rent,
664 4397 887 4453 semper
909 4382 1070 4437 lectio
1107 4383 1411 4454 legeretur,
1447 4385 1514 4438 ut
1556 4399 1670 4438 non
1700 4383 1884 4437 solum
1924 4383 2110 4438 fauces

487 4475 763 4546 accipiant
808 4475 1020 4546 cibum,
1052 4476 1150 4532 sed
1195 4481 1252 4531 et
1274 4492 1438 4532 aures
1467 4476 1702 4531 audiant
1728 4475 1826 4530 Dei
1853 4475 2108 4530 verbum.

2119 3217 2174 3290 C

1417 387 1667 442 SANCTA
1705 377 2168 448 RADEGUNDUS,

2210 377 2455 438 REGINA
2495 376 2818 437 FRANCLE.
3738 367 3854 420 6⁸76

2172 491 2310 546 illud
2337 491 2603 562 signaret,
2634 489 2822 560 aliqua
2855 485 2926 540 de
2963 482 3254 538 sororibus
3291 481 3436 538 vidit
3473 495 3662 550 supra
3700 491 3852 531 mu-

2169 585 2301 638 rum'
2335 583 2510 637 millia
2549 581 2794 636 millium
2831 576 3159 634 daemonum
3197 577 3259 630 in
3290 575 3487 647 specie
3515 583 3857 643 caprarum

2170 681 2349 730 astare
2389 691 2403 730 :
2446 674 2543 729 ubi
2591 677 2782 728 sancta
2836 672 3131 727 dexteram
3179 670 3413 724 beatam
3471 681 3617 721 cum
3668 663 3859 734 signo

2172 769 2350 825 crucis
2377 767 2628 834 elevavit,
2662 763 2846 820 omnis
2876 764 2971 818 illa
3011 762 3323 818 multitudo
3353 761 3717 816 daemonum
3749 755 3854 810 fu-

2175 867 2303 934 gata
2329 875 2608 932 nusquam
2632 857 2972 929 comparuit.

2243 959 2332 1010 23.
2355 951 2533 1010 Simili
2558 952 2724 1006 modo
2749 951 2888 1005 dum
2911 953 3044 1004 ante
3073 963 3238 1002 suam
3259 945 3470 1000 cellam
3492 948 3673 998 nocte
3697 943 3861 996 asta-
3956 939 3964 945 ’

2175 1053 2280 1118 ret,
2310 1061 2532 1118 semper
2557 1045 2721 1099 corde
2746 1047 2802 1098 et
2829 1043 2889 1096 in
2915 1058 3011 1096 ore
3039 1055 3271 1094 cursum
3297 1039 3646 1104 decantans,
3688 1017 3860 1088 intra

2176 1157 2377 1195 arcana
2403 1139 2586 1194 cordis
2615 1137 2703 1192 sui
2732 1140 2943 1190 secrete
2965 1133 3123 1205 jugis
3152 1133 3280 1186 laus
3320 1131 3420 1185 Dei
3447 1126 3857 1200 personabat,

2177 1237 2448 1288 nocturna
2485 1231 2618 1300 avis,
2649 1244 2779 1300 quae
2820 1227 3162 1303 hominibus
3185 1229 3273 1278 est
3306 1224 3570 1294 ingrata,
3614 1219 3849 1274 vocife-

2180 1343 2309 1380 rans
2350 1326 2406 1379 in
2443 1324 2628 1378 medio
2671 1320 3016 1376 monasterio
3057 1319 3117 1372 in
3143 1317 3350 1373 arbore
3393 1331 3455 1370 se
3499 1313 3858 1368 infestabat.

2180 1418 2322 1472 Dicit
2343 1419 2413 1472 ad
2439 1433 2563 1471 eam
2589 1432 2706 1470 una
2746 1415 2814 1468 de
2865 1411 3218 1467 astantibus:
3265 1407 3514 1464 Domina
3551 1407 3760 1473 beata,
3814 1405 3864 1458 si

2175 1510 2361 1580 jubes,
2403 1509 2464 1563 in
2505 1508 2676 1563 verbo
2718 1512 2816 1561 tuo
2856 1503 3018 1575 ejicio
3059 1519 3244 1557 avem.
3291 1503 3436 1564 Quae
3484 1498 3632 1554 dicit
3661 1497 3771 1552 ei:
3805 1497 3864 1551 Si
3955 1519 3970 1534 ί

2181 1606 2364 1670 nocet,
2390 1601 2449 1655 in
2472 1601 2701 1656 nomine
2728 1597 2958 1653 Do‘mini
2983 1596 3142 1664 vade,
3171 1592 3568 1648 nihilominus
3607 1589 3866 1661 signum

2183 1695 2360 1750 crucis
2383 1710 2552 1764 super
2580 1708 2708 1748 eam
2754 1690 2982 1745 faciens.
3023 1686 3352 1743 Ambulavit
3390 1684 3669 1756 dixitque
3715 1682 3816 1736 avi
3847 1697 3863 1734 :

2188 1789 2250 1842 1n
2276 1787 2504 1842 nomine
2539 1783 2758 1840 Domini
2781 1781 2964 1838 nostri
2989 1782 3120 1836 Jesu
3165 1778 3381 1834 Christi
3403 1777 3583 1849 jubet
3609 1775 3870 1831 domina
3899 1827 3916 1845 ι

2187 1877 2568 1950 Radegundis,
2611 1878 2661 1932 si
2705 1892 2821 1930 non
2852 1891 2923 1930 ex
2946 1873 3045 1928 Dei
3073 1877 3236 1944 parte
3271 1870 3509 1940 venisti,
3540 1875 3614 1924 ut
3643 1869 3724 1923 ab
3752 1869 3869 1922 hoc

2186 1973 2306 2027 loco
2331 1971 2596 2036 discedas,
2623 1974 2679 2024 et
2707 1967 2932 2040 penitus
2958 1967 3051 2021 hic
3079 1969 3310 2020 cantare
3340 1979 3464 2018 non
3489 1977 3865 2034 praesumas.

2188 2066 2478 2136 Tanquam
2509 2062 2556 2116 si
2605 2078 2675 2117 ex
2705 2077 2802 2116 ore
2833 2059 2933 2114 Dei
2958 2059 3245 2130 prolatum
3287 2057 3554 2112 audisset
3581 2055 3868 2122 verbum,

2190 2157 2343 2212 dedit
2369 2157 2616 2210 volatum
2640 2157 2697 2209 et
2721 2167 3003 2224 nusquam
3028 2149 3372 2221 comparuit.
3401 2149 3615 2204 Merito
3646 2147 3706 2202 ei
3733 2162 3873 2201 aves

2191 2253 2250 2304 et
2277 2249 2470 2304 bestiae
2497 2246 2786 2312 obediunt,
2815 2245 2948 2317 quia
2979 2245 3075 2299 illa
3101 2258 3408 2314 nunquam
3433 2241 3742 2313 praeteriit
3767 2241 3874 2294 Do-

2191 2341 2329 2395 mini
2362 2340 2592 2396 obedire
2617 2341 2922 2410 praecepto.

2261 2433 2352 2488 24.
2380 2435 2448 2487 Et
2472 2432 2517 2486 si
2537 2448 2639 2503 pro
2663 2429 2994 2485 inﬁrmitate
3021 2428 3323 2500 aliquoties
3349 2425 3740 2500 requieScere
3770 2442 3872 2482 vo-

2191 2525 2406 2595 luisset,
2429 2525 2629 2596 spiritu
2655 2523 2915 2594 vigilanti
2940 2522 3183 2591 dicebat,
3213 2526 3504 2592 tanquam
3532 2521 3875 2576 admonens

2194 2635 2320 2674 eam
2355 2634 2485 2689 quae.
2509 2617 2792 2688 psalmum
2817 2615 3038 2671 dicebat
3064 2631 3078 2668 :
3111 2617 3254 2686 Age,
3277 2615 3392 2668 dic.
3423 2613 3591 2668 Nulli
3613 2613 3874 2668 dubium

2195 2716 2278 2766 est
2297 2711 2448 2782 quod
2474 2709 2802 2782 spiritaliter
2826 2725 2959 2763 cum
2988 2707 3198 2763 sanctis
3234 2707 3550 2778 psallebat,
3575 2711 3684 2762 aut
3709 2712 3872 2761 certe

2197 2821 2299 2860 nec
2323 2819 2488 2874 sopor
2513 2818 2637 2858 eam
2665 2800 2982 2872 superabat.
3011 2801 3166 2855 Mens
3191 2799 3420 2854 intenta
3445 2799 3528 2854 ad
3561 2799 3875 2855 Christum

2196 2898 2522 2968 frequenter
2542 2895 2714 2951 etiam
2740 2895 2804 2948 in
2827 2909 3030 2965 sopore
3053 2893 3257 2964 posita,
3293 2893 3370 2948 de
3401 2893 3617 2948 futuro
3642 2891 3878 2964 judicio

2198 2994 2254 3044 et
2279 2990 2346 3044 de
2383 2993 2593 3044 aeterno
2619 2986 2858 3059 praemio
2883 2986 3220 3058 praedicans,
3251 2986 3682 3057 expergefacta
3704 2985 3881 3040 nobis

2198 3083 2416 3138 dicebat
2433 3099 2446 3136 :
2462 3081 2734 3152 Colligite,
2755 3079 3002 3151 colligite
3023 3079 3279 3134 triticum
3301 3078 3712 3150 dominicum,
3738 3079 3882 3150 quia

2197 3191 2326 3230 vere
2345 3175 2468 3230 dico
2496 3175 2647 3228 vobis
2665 3189 2780 3228 non
2813 3173 2912 3228 diu
2933 3172 3042 3227 erit
3064 3177 3132 3227 ut
3149 3171 3456 3243 colligatis.
3481 3171 3700 3227 Videte
3721 3173 3881 3244 quod

2197 3267 2340 3337 dico,
2394 3267 2634 3338 colligite
2692 3265 2826 3338 quia
2897 3280 3032 3320 vere
3093 3263 3430 3336 quaesitura
3499 3265 3654 3333 estis
3721 3265 3882 3320 istud

2197 3365 2447 3431 tempus;
2494 3375 2644 3428 vere,
2693 3374 2822 3414 vere
2871 3357 3197 3430 quaesituras
3251 3357 3387 3412 estis
3425 3357 3578 3412 istos
3637 3358 3772 3419 dies
3827 3363 3884 3412 et

2198 3453 2359 3507 valde
2397 3452 2817 3508 desideratura.
2851 3451 3014 3516 Quod
3062 3451 3170 3506 etsi
3200 3456 3342 3506 tunc
3378 3451 3632 3523 ignavia
3680 3456 3884 3507 nostra

2199 3546 2308 3600 hoc
2340 3545 2525 3616 tepide
2551 3543 2876 3616 accipiebat,
2902 3543 3026 3614 jam
3053 3546 3246 3600 tamen
3271 3560 3433 3599 nunc
3465 3545 3710 3600 venisse
3743 3563 3879 3616 pro-

2199 3639 2400 3693 bemus
2436 3637 2588 3708 quod
2623 3637 2784 3692 dixit.
2828 3637 2970 3692 Illud
3014 3637 3423 3708 propheticum
3466 3637 3534 3693 in
3561 3640 3751 3696 nobis
3779 3639 3884 3694 im-

2201 3731 2418 3802 pletum
2442 3735 2527 3786 est
2557 3746 2571 3784 :
2615 3733 2834 3786 Mittam
2859 3731 3006 3786 vobis
3029 3732 3235 3798 famem
3258 3733 3320 3784 in
3348 3735 3507 3786 terra
3533 3733 3742 3802 (Amos
3773 3736 3880 3804 v1);

2201 3823 2431 3893 famem,
2443 3822 2768 3894 inquit,non
2780 3824 2940 3894 panis
2957 3828 3015 3880 et
3025 3840 3192 3895 aquae
3209 3823 3310 3879 sed
3323 3824 3618 3880 audiendi
3631 3827 3884 3882 verbum

2203 3917 2322 3972 Dei.
2365 3915 2516 3970 Licet
2557 3915 2984 3986 praedicationes
3025 3932 3168 3988 quas
3210 3916 3467 3972 instituit
3502 3920 3881 3988 recitantur;

2204 4013 2395 4064 tamen
2437 4008 2672 4063 cessavit
2728 4007 2822 4063 illa
2867 4008 3216 4063 incessabilis
3263 4025 3406 4079 vox,
3466 4010 3886 4068 desiderabilis

2205 4101 2532 4169 admonitio,
2545 4101 2724 4156 dulcis
2743 4101 2994 4156 ati‘ectus.
3022 4102 3163 4155 Nam
3180 4101 3418 4173 qualem
3436 4103 3714 4173 vultum,
3737 4107 3885 4162 Deus

2205 4195 2509 4266 plasmator
2532 4194 2715 4249 bone!
2746 4194 2975 4266 qualem
2999 4194 3228 4265 faciem,
3271 4196 3513 4266 qualem
3555 4215 3884 4268 personam

2205 4287 2428 4357 habuit,
2454 4287 2580 4359 quis
2621 4291 2805 4358 potest
2845 4303 3105 4360 unquam
3146 4290 3490 4359 exponere?
3518 4290 3646 4347 Sed
3673 4297 3739 4348 et
3779 4293 3886 4347 hoc

2208 4380 2489 4435 reminisci
2513 4381 2854 4452 supplicium
2877 4385 2980 4436 est.
3012 4382 3124 4435 Nos
3161 4397 3300 4436 vero
3343 4382 3618 4440 humiles
3661 4387 3890 4443 desides

2208 4489 2398 4528 ramus
2425 4473 2487 4528 in
2505 4489 2570 4528 ea
2596 4473 2927 4542 doctrinam,
2959 4474 3228 4544 formam,
3254 4475 3512 4544 vultum,
3536 4494 3887 4548 personam,

485 4568 767 4640 Quidquid
809 4573 908 4624 aut
941 4569 1065 4624 aliis
1095 4570 1368 4640 praecepit
1404 4574 1504 4624 aut
1551 4569 1676 4640 ipsa
1708 4568 1864 4636 fecit,
1917 4568 2108 4624 omnia
2125 4577 2184 4649 D
2207 4565 2515 4634 scientiam,
2543 4566 2832 4638 pietatem,
2868 4565 3204 4637 bonitatem,
3236 4567 3624 4626 dulcedinem
3657 4590 3673 4627 :
3711 4590 3890 4646 quam

487 4667 720 4733 propter
744 4663 920 4718 Deum
947 4678 1172 4733 semper
1195 4663 1474 4733 implevit.
1489 4661 1774 4733 Quidquid
1797 4665 1896 4716 aut
1913 4661 2106 4732 prohi-

485 4753 612 4810 buit
633 4755 776 4826 ﬁeri,
801 4760 900 4810 aut
921 4756 1044 4826 ipsa
1071 4755 1266 4810 vitavit
1306 4755 1508 4825 facere,
1545 4754 1734 4810 omnia
1782 4755 1844 4809 in
1870 4755 1986 4810 zelo
2015 4754 2111 4809 Dei

488 4849 544 4900 et
570 4844 716 4900 nihil
745 4844 1044 4899 carnaliter
1067 4847 1168 4898 aut
1191 4843 1329 4914 egit,
1359 4846 1458 4897 aut
1485 4843 1693 4914 sapuit.
1725 4844 1791 4898 Et
1819 4842 1954 4913 quia
1969 4859 2114 4898 nunu

487 4953 660 5009 quam
685 4938 863 4992 otiosa
884 4936 955 4991 ab
980 4952 1153 5008 Opere
1191 4935 1292 4991 Dei
1324 4951 1443 4991 esse
1468 4935 1660 5004 voluit,
1689 4935 1978 4990 insistebat
2007 4936 2114 4990 uti-

489 5046 600 5101 que
625 5031 882 5100 orationi,
911 5029 1138 5086 lectioni
1162 5033 1220 5086 et
1251 5029 1636 5100 eleemosynis
1672 5046 1736 5084 ac
1773 5027 2114 5100 praedication

488 5123 656 5178 nibus
689 5123 1052 5194 incessanter,
1100 5122 1364 5180 omnibus
1407 5122 1628 5192 diebus,
1682 5125 1743 5176 ut
1777 5121 1931 5177 nulla
1968 5125 2115 5176 esset

489 5230 618 5286 quae
639 5231 698 5270 se
723 5214 792 5271 de
817 5215 1135 5286 ignorantia
1159 5219 1470 5272 excusaret.
1936 5266 1939 5269 .

563 5311 654 5363 22.
679 5309 919 5362 Tantum
945 5309 1186 5381 denique
1213 5309 1428 5366 donum
1454 5309 1515 5363 in
1539 5324 1599 5364 se
1627 5307 1906 5380 largiente
1923 5306 2114 5362 divina

493 5399 674 5470 gratia
701 5399 915 5471 habuit,
943 5405 1008 5457 ut
1033 5403 1366 5458 humilitatis
1409 5401 1747 5472 magistrum
1769 5401 1869 5473 qui
1895 5401 1965 5458 de
1988 5401 2115 5456 cceli

494 5492 630 5547 solio
653 5492 726 5548 ad
749 5497 923 5550 terras
952 5496 1240 5552 descendit
1266 5494 1559 5564 imitando,
1589 5495 1891 5550 Dominum
1911 5511 2106 5566 seque-

492 5591 653 5640 retur
669 5585 730 5640 in
749 5587 968 5658 spiritu,
991 5603 1330 5660 quocunque
1346 5588 1470 5643 iret.
1491 5590 1793 5658 Postquam
1807 5603 2116 5660 congrega~

491 5679 570 5734 tio
597 5695 656 5734 se
681 5681 1016 5736 recondebat
1051 5682 1174 5752 jam
1207 5680 1276 5734 ad
1315 5681 1725 5750 pensationem,
1754 5679 1868 5750 illa,
1893 5684 1960 5735 ut
1981 5696 2111 5752 per-

489 5777 720 5830 noctans
747 5773 808 5828 in
837 5773 1110 5840 oratione,
1132 5789 1232 5826 sua
1248 5777 1436 5826 sancta
1456 5773 1686 5828 dextera
1705 5773 2114 5828 monasterium

491 5881 596 5938 per
622 5865 852 5936 signum
880 5863 1060 5922 crucis
1085 5864 1347 5920 salvabat.
1369 5864 1619 5928 Quadam
1645 5863 1761 5919 vice
1787 5865 1922 5920 dum
1952 5866 2113 5922 beata

2210 4659 2509 4729 specialem
2534 4676 2569 4714 a
2605 4659 2840 4714 Domino
2864 4659 3016 4714 inter
3057 4665 3294 4716 caeteros
3331 4661 3621 4720 homines
3656 4666 3886 4722 habuit.

2277 4755 2367 4807 25.
2395 4753 2573 4816 Quam
2597 4756 2790 4807 sancta
2814 4752 2924 4807 fuit
2946 4753 3066 4808 vita
3086 4753 3233 4824 ejus,
3253 4759 3376 4808 tam
3395 4771 3596 4826 purus
3615 4763 3680 4814 et
3708 4760 3889 4816 dulcis

2208 4849 2480 4916 aspectus.
2511 4849 2655 4900 Ante
2682 4861 2899 4900 annum
2923 4847 3200 4902 transitus
3228 4847 3342 4918 sui,
3371 4849 3530 4904 vidit
3559 4851 3630 4906 in
3653 4854 3788 4909 visu
3817 4855 3890 4908 lo-
3967 4859 3969 4866 ‘

2211 4954 2342 4993 cum
2366 4937 2471 4993 sibi
2497 4942 2778 5008 paratum,
2800 4939 3068 5011 venitque
3089 4939 3162 4994 ad
3179 4955 3313 4996 eam
3325 4941 3575 5011 juvenis
3597 4947 3888 5016 prmdives

2209 5029 2646 5102 pulcherrimus,
2693 5035 2750 5086 et
2783 5031 2944 5103 quasi
2983 5032 3310 5104 juvenilem
3351 5035 3592 5093 habens
3635 5045 3890 5107 aetatem,

2211 5123 2310 5196 qui
2337 5123 2496 5178 suavi
2518 5127 2670 5178 tactu
2695 5123 3022 5196 blandoque
3048 5126 3338 5198 colloquio
3363 5128 3519 5185 dum
3549 5147 3702 5190 cum
3733 5151 3800 5190 ea
3823 5105 3894 5188 lo-
3962 5105 3970 5130 ‘

2211 5221 2498 5288 queretur,
2522 5217 2620 5271 illa
2647 5218 2716 5273 de
2737 5234 2795 5274 se
2811 5219 3018 5288 zelans,
3039 5219 3388 5276 blanditiam
3409 5227 3768 5296 respuebat.
3790 5228 3890 5292 Qui

2211 5309 2353 5364 dixit
2375 5309 2428 5365 ei
2453 5327 2466 5364 :
2488 5310 2634 5374 Quid
2653 5327 2746 5367 me
2771 5312 3052 5367 desiderio
3070 5329 3309 5368 accensa
3337 5331 3480 5370 cum
3506 5321 3704 5376 tantis
3724 5323 3894 5398 lacry-

2210 5402 2320 5456 mis
2335 5419 2519 5474 rogas,
2543 5420 2776 5475 gemens
2795 5405 3060 5476 requiris,
3088 5405 3229 5460 fusis
3249 5409 3534 5478 precibus
3547 5416 3776 5485 poscis,
3793 5431 3891 5486 pro

2210 5511 2303 5550 me
2328 5500 2483 5551 tanto
2507 5501 2562 5551 te
2591 5497 2840 5552 cruciatu
2865 5497 3073 5568 affligis
3095 5499 3198 5570 qui
3225 5515 3464 5572 semper
3490 5505 3611 5560 tibi
3641 5509 3894 5564 adsisto?

2211 5589 2310 5658 Tu,
2343 5605 2569 5660 gemma
2594 5590 2857 5661 pretiosa,
2889 5591 3113 5646 noveris
3138 5596 3194 5647 te
3225 5592 3290 5647 in
3317 5593 3673 5655 diademate
3703 5602 3893 5674 capitis

2211 5681 2323 5736 mei
2351 5682 2597 5753 primam
2625 5699 2744 5738 esse
2772 5699 3081 5755 gemmam.
3113 5684 3264 5739 Nulli
3291 5685 3552 5744 dubium
3575 5695 3750 5765 quod
3778 5696 3891 5768 ipse

2211 5790 2336 5830 eam
2362 5775 2602 5832 visitavit
2627 5776 2722 5832 cui
2748 5793 2808 5832 se
2832 5781 2951 5834 tota
2976 5777 3277 5836 devotione
3312 5782 3571 5842 tradidit
3603 5788 3815 5846 vivens
3841 5788 3891 5842 in

2211 5884 2442 5941 corpore
2468 5874 2524 5926 et
2549 5869 2791 5941 gloriam
2817 5887 2924 5943 qua
2955 5870 3204 5930 fruitura
3225 5879 3352 5931 erat
3391 5877 3448 5932 ei
3473 5883 3773 5940 ostendit.
3800 5882 3893 5939 Sed
