3994 6386
131 357 235 411 677

1403 353 1574 410 VITA.
1615 353 1814 410 LIBER
1849 352 2208 411 SECUNDUS.

128 464 287 517 hunc
323 461 512 517 visum
543 460 812 518 secretius
842 477 973 517 cum
995 461 1410 517 contestatione
1443 462 1662 517 duabus
1683 479 1767 518 sa-
1786 475 1846 548 Α
1865 462 2075 518 Flenda
2097 477 2235 534 ergo
2262 461 2426 516 nobis
2450 460 2577 516 talis
2599 478 2713 517 non
2745 464 2847 530 est,
2874 461 2973 518 sed
2989 461 3310 518 tremenda.
3331 465 3486 518 Ami-

126 555 486 612 tisﬁdelibus
503 554 791 624 disseruit,
815 558 879 610 ut
891 573 950 611 se
962 555 1262 627 superstite
1283 555 1421 610 nulli
1438 561 1762 611 narrarent.

199 650 273 702 Et
297 648 436 720 quia
461 650 650 704 multa
676 652 809 704 sunt
827 649 1011 704 adhuc
1033 649 1169 704 satis
1188 651 1246 704 et
1259 664 1474 720 magna
1494 665 1620 720 quas
1639 664 1767 720 pro-

124 739 261 808 pter
291 737 685 808 prolixitatem
711 737 1094 808 praeterimus,
1125 753 1197 792 ne
1229 737 1520 808 prolixitas
1568 741 1763 793 nostra

127 829 506 885 audientibus
535 830 727 902 potius
749 829 1051 884 fastidium'
1062 833 1502 902 generet,quam
1515 830 1763 885 nitorem

126 923 422 978 sermonis
449 922 588 995 [Al.,
611 923 822 994 sermo]
848 923 1130 978 ostendat.
1145 923 1436 986 Quantum
1458 923 1527 976 de
1540 939 1760 992 amore,

125 1015 201 1069 de
234 1015 631 1084 nutrimentis,
665 1017 735 1070 de
767 1015 1065 1082 charitate,
1106 1015 1176 1070 de
1215 1015 1648 1086 praedicatione,
1690 1016 1762 1070 de

127 1107 293 1162 omni
322 1109 568 1163 omnino
589 1112 787 1164 sancta
809 1107 931 1178 ejus
961 1107 1392 1162 conversatione
1437 1107 1761 1162 reminisci-

123 1216 282 1270 mur,
316 1201 646 1256 cruciamur
670 1205 728 1256 et
755 1201 1016 1255 dolentes
1035 1201 1212 1255 oculis
1233 1200 1495 1254 distensis
1518 1199 1761 1271 requiri-

123 1309 259 1347 mus
296 1296 529 1348 tantam
561 1293 860 1365 pietatem,
917 1293 1018 1347 sed
1071 1309 1177 1347 nec
1233 1292 1556 1347 invenimus
1607 1293 1763 1363 quod

120 1385 514 1458 perdidimus.
546 1385 590 1441 Ο
615 1388 735 1440 tam
758 1385 902 1440 dura
925 1385 1178 1440 conditio
1205 1401 1333 1457 quas
1364 1385 1528 1439 nobis
1569 1385 1758 1439 infeli-

120 1478 289 1533 cibus
320 1479 545 1534 evenit!
575 1495 608 1533 ο
637 1479 868 1549 piisima
893 1479 1150 1546 domina,
1173 1478 1394 1532 utinam
1419 1476 1760 1532 obtinuisses

119 1587 259 1626 cum
285 1572 412 1626 caeli
435 1571 706 1640 Domino,
733 1574 796 1625 ut
821 1573 956 1625 ante
981 1574 1039 1624 te
1085 1587 1223 1626 oves
1263 1587 1405 1641 quas
1448 1586 1762 1641 congrega-

74 1715 90 1729 ,
121 1680 294 1718 veras
346 1663 680 1720 direxissesl
733 1664 832 1731 Tu,
876 1665 1168 1734 pastorem
1221 1663 1438 1718 bonum
1492 1679 1757 1734 sequens,

121 1772 374 1828 gregem
403 1757 653 1812 Domino
681 1755 1031 1811 tradidisses.

1865 555 2039 610 simus
2072 554 2304 626 quidem
2333 553 2390 608 in
2411 554 2678 626 prassenti
2709 556 2914 610 saeculo
2947 555 3243 611 dominam
3271 558 3329 610 et
3357 572 3478 612 ma-

1863 650 2010 702 trem
2044 665 2058 703 :
2087 648 2187 722 sed
2212 647 2271 702 in
2292 664 2538 722 regnum
2564 647 2772 704 Christi
2809 648 3190 720 praemisimus
3226 649 3470 714 interce-

1863 721 2489 796 dentemjtdmirabile
2512 741 2746 812 quidem
2778 741 3052 812 gaudium
3073 742 3208 796 fecit
3225 741 3284 796 in
3306 743 3476 811 melis,

1860 816 1919 886 in
1950 823 2117 888 terris
2145 851 2279 889 vero
2306 833 2730 889 intolerabilem
2756 835 2969 888 luctum
2995 835 3246 906 reliquit.

1935 929 2020 980 27.
2077 927 2318 990 Quando
2359 927 2482 997 ejus
2527 930 2724 981 sancta
2771 927 2964 982 anima
3010 927 3082 981 de
3131 927 3239 982 hoc
3275 930 3479 982 saeculo

1861 1017 2130 1088 migravit
2157 1019 2231 1074 ad
2273 1018 2581 1088 Christum,
2613 1036 2730 1074 non
2776 1023 2901 1074 erat
2938 1019 3015 1074 ibi
3056 1019 3312 1090 pontifex
3348 1020 3476 1075 loci.

1860 1111 2182 1165 Ambulavit
2209 1111 2440 1166 nuntius
2469 1111 2544 1166 ad
2567 1111 2752 1167 virum
2783 1111 3163 1183 “apostolicum
3203 1112 3480 1167 domnum

1861 1204 2198 1275 Gregorium
2223 1205 2516 1259 Turonicas
2549 1204 2786 1259 civitatis
2816 1205 3166 1276 episcopum,
3215 1207 3272 1259 et
3309 1206 3476 1260 adve-

1861 1297 1962 1351 nit.
2009 1297 2122 1352 Sed
2168 1300 2448 1368 quantum
2485 1314 2736 1368 praesens
2774 1297 2915 1351 vidit
2956 1298 3132 1352 oculis
3170 1303 3479 1368 antequam

1860 1406 1989 1444 eam
2019 1389 2304 1460 sepeliret,
2326 1389 2396 1444 de
2423 1390 2546 1460 ejus
2571 1389 2872 1444 virtutibus
2901 1390 2958 1443 in
2993 1389 3138 1444 libro
3175 1389 3476 1445 miraculo-

1857 1497 1986 1535 rum
2016 1481 2194 1552 (Greg.
2228 1485 2422 1537 Turon.
2446 1483 2512 1536 de
2542 1482 2626 1537 Gl.
2652 1484 2859 1550 Confes.
2909 1483 3050 1553 106),
3097 1498 3268 1553 quem
3325 1498 3478 1536 com-

1855 1574 2063 1644 posuit,
2117 1573 2372 1628 inseruit.
2415 1577 2556 1630 Cum
2603 1577 2798 1628 autem
2830 1573 2988 1628 venit
3029 1574 3102 1628 ad
3140 1575 3330 1630 locum
3382 1574 3475 1628 ubi

1857 1669 2116 1721 sanctum
2143 1683 2348 1738 corpus
2365 1667 2596 1737 jacebat
2623 1667 2798 1738 (quod
2825 1666 2946 1738 ipse
2964 1671 3161 1738 postea
3209 1683 3340 1722 cum
3388 1683 3476 1721 sa-

1859 1764 2151 1814 cramento
2186 1761 2509 1830 lacrymans
2548 1759 2794 1827 dicebat,
2839 1760 2992 1830 quod
3041 1759 3100 1814 in
3146 1760 3331 1831 specie
3373 1760 3476 1814 ho-

98 1907 112 1918 ,
197 1853 290 1905 26.
320 1851 452 1904 Jam
481 1849 558 1904 ad
601 1849 914 1920 gloriosum
965 1848 1091 1918 ejus
1131 1849 1396 1903 venimus
1434 1847 1756 1917 transitum,
1779 1837 1836 1909 Β
1859 1848 2029 1906 minis
2049 1851 2373 1922 angelicum
2403 1853 2620 1906 vultum
2655 1851 2894 1923 viderat)
2937 1851 3111 1906 facies
3146 1851 3294 1906 illius
3325 1853 3481 1906 velut

119 1958 306 2014 quem
329 1943 453 1997 sine
465 1942 798 2013 profusione
821 1943 1206 2013 lacrymarum
1221 1940 1411 1996 dicere
1427 1957 1544 1996 non
1561 1957 1758 2012 possu-

115 2051 278 2090 mus.
302 2035 813 2106 Fluuntlacrymse,
837 2035 908 2089 de
926 2034 1056 2088 imis
1072 2033 1338 2088 medullis
1359 2033 1610 2104 gemitus
1625 2049 1758 2104 pro-

115 2130 429 2200 rumpunt,
447 2128 550 2183 sed
563 2128 625 2182 in
643 2128 799 2182 nullo
813 2126 1222 2182 consolationis
1233 2129 1423 2182 locum
1441 2127 1756 2194 inveniunt,

117 2221 267 2276 dum
285 2203 652 2293 plarﬁimus;
673 2221 719 2274 si
733 2220 805 2275 de
829 2221 953 2292 ejus
971 2219 1128 2274 ﬁdeli
1150 2219 1455 2275 devotione
1472 2220 1666 2274 minus
1681 2219 1761 2274 di-

117 2314 336 2382 cimus,
362 2314 492 2384 plus
516 2329 841 2384 peccamus.
872 2314 1060 2384 Usque
1083 2313 1156 2368 ad
1181 2312 1338 2367 diem
1370 2311 1642 2367 transitus
1674 2312 1759 2366 sui

117 2422 455 2477 numquam
482 2405 695 2460 minuit
713 2421 940 2460 cursum
972 2405 1247 2476 implere;
1289 2408 1348 2458 et
1383 2405 1539 2476 quod
1567 2404 1755 2475 coepit,

115 2499 302 2554 corde
324 2497 599 2552 retinuit:
631 2497 767 2570 quia
791 2514 908 2552 non
930 2497 1026 2568 qui
1047 2497 1297 2568 coeperit,
1331 2496 1432 2551 sed
1447 2496 1544 2568 qui
1564 2513 1756 2567 perse-

115 2591 414 2646 veraverit
441 2607 622 2662 usque
645 2591 706 2646 in
735 2590 935 2658 finem,
963 2591 1085 2661 ipse
1113 2589 1298 2644 salvus
1327 2589 1452 2644 erit.
1490 2589 1595 2643 Ubi
1634 2589 1756 2660 jam

117 2684 198 2740 ad
217 2684 407 2738 ﬁnem
427 2683 558 2738 vitm
586 2683 742 2738 venit
761 2686 1022 2738 sanctum
1053 2683 1174 2754 ejus
1195 2683 1612 2754 corpusculum,
1639 2682 1759 2736 lon-

1859 1961 1989 1998 rosa
2011 1947 2068 2000 et
2086 1944 2268 1998 lilium
2297 1944 2584 2015 fulgebat;
2608 1944 2690 1999 ita
2717 1945 3084 1998 tremefactus
3111 1947 3196 1998 est
3218 1961 3284 1998 ac
3321 1947 3479 1998 metu

1859 2053 2184 2104 concussus,
2225 2039 2504 2108 tanquam
2537 2036 2582 2090 si
2613 2040 2744 2091 ante
2777 2036 3142 2108 prasentiam
3169 2036 3351 2090 beata).
3381 2053 3476 2106 ge-

1860 2129 2079 2184 nitricis
2122 2129 2349 2184 Domini
2389 2129 2644 2184 adstaret
2687 2129 2924 2184 devotus
2971 2127 3056 2182 vir
3096 2129 3212 2182 Deo
3255 2129 3478 2199 plenus.

1857 2222 2274 2294 Expectabatur
2296 2221 2551 2293 pontifex
2577 2222 2689 2276 loci
2717 2225 2781 2276 ut
2806 2238 2934 2276 eam
2961 2237 3091 2275 cum
3115 2221 3290 2292 digno
3318 2237 3477 2292 sepe-

1859 2315 1988 2369 liret
2006 2315 2246 2370 honore.
2261 2317 2400 2369 Tota
2421 2314 2795 2386 congregatio
2809 2315 2958 2369 circa
2977 2313 3026 2384 ej
3035 2331 3098 2367 us
3118 2316 3309 2368 torum
3325 2317 3481 2367 stans

1857 2407 2163 2478 psallebat;
2187 2407 2282 2460 ubi
2311 2407 2675 2508 psallentium
2703 2408 2790 2461 vel
2813 2407 3110 2477 paululum
3131 2405 3477 2476 quiescebat,

1857 2499 2231 2554 intolerabilis
2251 2483 2752 2577 pléjrl‘ctusaderat.
2775 2498 2984 2553 Triduo
3029 2501 3356 2569 expectatus
3394 2501 3481 2552 est

1856 2593 2133 2664 pontifex,
2161 2591 2297 2662 quia
2321 2593 2474 2646 vicos
2505 2591 2910 2657 circumiebat;
2939 2590 3041 2644 sed
3062 2590 3194 2661 quia
3232 2607 3347 2644 non
3390 2606 3480 2644 ve-

1859 2685 1961 2752 nit,
1991 2684 2346 2756 supradictus
2370 2684 2455 2738 vir
2473 2683 2817 2756 apostolicus
2842 2683 2913 2738 de
2935 2684 3169 2738 caritate
3192 2683 3326 2736 fisus
3344 2681 3478 2753 quia

115 2794 268 2848 gum
297 2777 540 2832 trahens
560 2775 903 2848 martyrium
933 2791 1037 2847 pro
1063 2791 1260 2830 amore
1303 2773 1566 2841 Domini;
1603 2773 1760 2828 beati
1850 2779 2095 2848 perfecta
2118 2779 2318 2833 caritas
2341 2779 2492 2845 foras
2532 2779 2702 2832 mittit
2737 2780 2978 2832 timorem
3016 2776 3066 2846 (Ι
3092 2779 3246 2830 Joan.
3285 2775 3382 2846 ιν),
3417 2775 3477 2829 in

114 2871 344 2942 [forsan
365 2869 553 2925 beatae
577 2870 638 2925 id
664 2875 742 2926 est
758 2869 1050 2938 Moniales]
1073 2885 1276 2924 omnes
1297 2867 1632 2939 congregati
1649 2868 1758 2921 luc-

111 2966 292 3018 tuose
315 2963 469 3018 circa
488 2961 612 3033 ejus
629 2963 865 3018 thorum
883 2961 1088 3016 ﬂentes
1107 2963 1167 3016 et
1194 2960 1243 3032 ej
1253 2961 1494 3026 ulantes,
1523 2962 1758 3031 pectora

113 3056 287 3115 duris
316 3055 530 3127 pugnis
555 3057 614 3110 et
636 3054 920 3126 lapidibus
941 3054 1233 3122 ferientes,
1253 3069 1420 3108 voces
1455 3051 1528 3107 ad
1557 3053 1756 3107 caelum

114 3148 346 3204 dabant
363 3149 683 3203 clamantes
699 3163 764 3202 ac
785 3146 1070 3202 dicentes:
1101 3145 1442 3213 Domine,ne
1459 3144 1756 3216 permittas

1858 2870 2095 2924 Basilica
2125 2873 2332 2925 sancta:
2359 2870 2545 2926 Marias
2578 2869 2640 2941 (c)
2682 2870 2920 2924 nomine
2961 2867 3210 2934 condita,
3253 2867 3350 2922 ubi
3386 2885 3474 2922 sa-

1858 2980 1954 3019 cra
1971 2963 2258 3034 virginum
2283 2979 2524 3034 corpora
2545 2963 2614 3017 de
2636 2962 2984 3018 monasterio
3011 2978 3112 3016 suo
3131 2960 3474 3028 conduntur,

1859 3073 1987 3112 eam
2013 3073 2144 3112 cum
2165 3056 2340 3127 digno
2372 3056 2629 3126 sepelivit
2656 3056 2898 3111 honore.

1927 3153 2015 3204 28.
2051 3151 2199 3203 Dum
2231 3149 2334 3202 sub
2374 3165 2541 3204 muro
2571 3165 2700 3203 cum
2725 3147 3030 3219 psallentio
3061 3150 3323 3202 sanctum
3359 3146 3480 3216 ejus

116 3195 346 3204 __......_-
366 3195 681 3203 --.κη----
699 3195 763 3202 _-
790 3195 1038 3202 _--__---
1057 3195 1070 3202 -
1101 3195 1438 3213 _-__-_-,-__
1461 3195 1752 3216 rum--."
1930 3195 2015 3204 η.
2052 3195 2199 3203 -..---
2231 3195 2332 3202 η...
2375 3195 2539 3204 -..κη
2574 3195 2700 3203 η...
2725 3195 3027 3219 ,wm---"
3062 3195 3323 3202 ,πω-κ---
3364 3195 3407 3216 η,
3421 3195 3477 3202 κ-

113 3258 233 3298 nos
251 3243 379 3297 tam
399 3257 573 3313 grave
590 3241 868 3296 damnum
881 3239 1022 3311 pati;
1039 3241 1236 3294 lumen
1249 3241 1508 3292 nostrum
1527 3236 1754 3308 recipis,
1777 3195 1832 3270 Ο
1855 3257 2062 3312 corpus
2097 3244 2441 3313 portaretur,
2473 3241 2604 3312 quia
2634 3241 2958 3295 instituerat
2987 3244 3049 3294 ut
3093 3241 3248 3294 nulla
3289 3239 3482 3293 vivens

111 3351 235 3391 nos
265 3351 371 3390 cur
391 3334 454 3389 in
484 3333 739 3388 tenebris
763 3331 1040 3403 relinquis
1058 3331 1086 3387 ‘2
1113 3333 1182 3386 Et
1198 3331 1328 3403 quia
1351 3330 1450 3386 illa
1479 3328 1756 3400 quidquid

109 3427 498 3501 potissimum
517 3428 708 3482 facere
729 3425 927 3494 voluit,
951 3441 1180 3496 semper
1201 3423 1293 3479 die
1308 3423 1514 3479 natalis
1531 3421 1756 3478 Domini

109 3522 322 3577 facere
360 3519 557 3592 elegit,
589 3519 870 3591 gloriosus
905 3517 1181 3573 transitus
1219 3517 1340 3588 ejus
1375 3517 1451 3571 sic
1495 3514 1755 3586 contigit,

108 3616 274 3670 Nam
303 3617 512 3684 quarta
535 3612 682 3667 feria
701 3627 876 3666 mane
902 3611 1092 3682 primo
1109 3611 1236 3665 idus
1259 3611 1562 3680 Augustas,
1599 3607 1758 3678 ‘quod

109 3706 266 3763 fecit
285 3705 444 3760 idem
456 3705 672 3760 mensis
685 3703 806 3758 dies
821 3720 920 3758 xm
935 3703 1030 3774 (α),
1049 3702 1222 3758 clausi
1235 3704 1366 3756 sunt
1378 3701 1427 3772 ej
1436 3717 1498 3756 us
1525 3700 1673 3754 oculi
1686 3699 1756 3771 (b)

110 3803 180 3855 et
205 3797 506 3854 obscurati
525 3801 660 3852 sunt
679 3797 880 3852 nostri.
909 3797 1004 3850 Vae
1031 3795 1195 3850 nobis
1225 3794 1360 3866 quia
1378 3793 1756 3865 peccavimus,

111 3891 414 3949 afﬂictum
438 3894 524 3945 est
545 3890 743 3945 dolore
769 3905 868 3944 cor
884 3891 1166 3957 nostrum,
1193 3887 1451 3942 ﬂevimus
1497 3888 1554 3941 et
1593 3886 1756 3957 plan-

110 3986 345 4057 gimus,
385 3982 541 4055 quod
571 3981 782 4036 diutius
813 3998 926 4035 una
953 3997 1056 4034 nos
1086 3984 1142 4034 te
1167 3981 1380 4036 habere
1403 3997 1521 4036 non
1545 3980 1756 4036 merui-

109 4095 278 4135 mus.
297 4078 491 4148 lpsum
517 4091 692 4130 mane
713 4074 811 4129 ubi
832 4073 998 4129 nobis
1020 4076 1245 4128 tantum
1260 4075 1478 4129 malum
1497 4074 1757 4145 contigit,

111 4171 230 4227 ubi
257 4185 376 4224 una
394 4185 520 4238 vox,
543 4185 690 4223 unus
701 4168 984 4239 planctus,
1001 4183 1148 4222 unus
1161 4167 1378 4222 clamor
1400 4169 1756 4238 caslospene-

109 4263 360 4329 trahat;
387 4261 656 4334 lapidarii
677 4259 773 4332 qui
794 4259 853 4314 in
876 4261 1077 4315 monte
1105 4259 1512 4330 operabantur,
1542 4260 1600 4314 in
1626 4276 1759 4314 aere

109 4358 446 4416 audierunt
473 4357 748 4427 angelum
772 4355 876 4410 Dei
902 4356 1270 4426 loquentem;
1314 4371 1460 4410 unus
1501 4355 1645 4410 dixit
1689 4354 1761 4410 ad

109 4453 302 4509 alios:
335 4449 474 4521 quid
498 4449 730 4504 facitis?
763 4447 1034 4503 dimittite
1065 4464 1196 4502 eam
1231 4447 1454 4516 adhuc;
1505 4447 1640 4520 quia
1673 4448 1762 4502 has

1857 3336 2009 3389 foras
2047 3333 2379 3390 monasterii
2395 3334 2639 3404 januam
2670 3333 3044 3404 egrederetur
3068 3333 3166 3404 (ἀ),
3199 3335 3321 3386 tota
3343 3347 3478 3386 con-

1857 3425 2118 3498 gregatio
2148 3443 2320 3498 supra
2345 3442 2578 3481 murum
2609 3427 2953 3493 lamentans,
3005 3425 3086 3479 ita
3113 3427 3178 3477 ut
3221 3425 3480 3495 planctus

1857 3535 2056 3574 earum
2091 3521 2386 3590 superaret
2429 3518 2617 3590 ipsum
2669 3517 3058 3588 psallentium,
3116 3532 3220 3587 pro
3257 3517 3478 3586 psalmo

1857 3613 2160 3683 lacrymas,
2182 3628 2285 3682 pro
2311 3611 2532 3666 cantico
2553 3610 2858 3680 mugitum,
2883 3614 2941 3664 et
2961 3608 3242 3680 gemitum
3269 3625 3373 3679 pro
3396 3609 3478 3662 al-

1857 3703 2028 3758 leluia
2049 3704 2110 3775 (c)
2124 3703 2463 3758 reddebant.
2487 3703 2854 3773 Rogaverunt
2882 3702 3180 3756 desursum
3199 3703 3266 3754 ut
3285 3699 3482 3754 subtus

1859 3799 2074 3850 turrem
2099 3799 2502 3868 repausaretur
2520 3795 2800 3849 feretrum
2816 3793 2876 3848 in
2902 3810 3014 3866 quo
3025 3793 3195 3848 beata
3210 3792 3480 3864 portaba-

1857 3895 1968 3962 tur,
2006 3893 2254 3964 graviter
2298 3893 2644 3948 sustinentes
2695 3890 2819 3962 ejus
2867 3890 3204 3946 absentiam.
3261 3889 3373 3945 Sed
3421 3892 3484 3944 ut

1859 4003 2023 4042 suam
2054 3987 2283 4040 fidelem
2312 3985 2588 4041 Dominus
2617 3985 2938 4040 declararet
2959 3985 3017 4039 in
3040 3983 3230 4038 medio
3264 3981 3480 4054 populi,

1817 4093 1823 4100 '
1859 4081 1938 4135 ibi
1959 4079 2098 4136 dum
2127 4083 2468 4151 pausaretur
2494 4081 2758 4133 sanctum
2788 4094 3013 4149 corpus,
3040 4092 3255 4132 caecum
3273 4075 3481 4130 illumi-

1861 4173 2039 4228 navit:
2059 4171 2157 4242 qui
2175 4172 2368 4226 multis
2391 4171 2558 4226 annis
2571 4173 2757 4226 lucem
2770 4170 2884 4226 diei
2905 4187 3022 4226 non
3033 4169 3276 4236 viderat,
3289 4169 3484 4224 lumen

1859 4265 2104 4337 recepit;
2134 4265 2231 4337 qui
2253 4265 2327 4319 ad
2348 4281 2552 4320 manus
2573 4267 2786 4320 tractus
2800 4265 3193 4334 venerat,post
3211 4263 3488 4316 feretrum

1861 4359 2016 4412 nullo
2053 4360 2407 4412 sustentante
2455 4357 2672 4424 videns,
2714 4360 2993 4428 tanquam
3040 4355 3084 4408 si
3130 4356 3351 4408 nullum
3393 4354 3490 4410 ha-

1861 4451 2075 4508 buisset
2099 4450 2358 4505 laborem
2384 4451 2700 4517 oculorum,
2743 4449 2816 4504 ad
2863 4451 3122 4504 sanctum
3162 4447 3486 4517 sepulcrum

109 4560 302 4601 voces
338 4543 414 4597 ad
454 4541 685 4597 Domini
722 4543 1109 4612 pervenerunt
1161 4557 1345 4595 aures.
1391 4541 1617 4611 Angeli,
1671 4540 1845 4626 quiD
1868 4543 2026 4610 abiit,
2057 4547 2114 4596 et
2139 4559 2315 4613 usque
2341 4542 2515 4597 hodie
2541 4543 2692 4596 clare
2717 4541 2891 4595 videt.

112 4654 266 4694 eam
295 4635 585 4703 ferebant,
605 4635 1020 4705 respondentes
1047 4633 1312 4688 dixerunt
1341 4649 1354 4688 :
1389 4635 1516 4688 Jam
1550 4633 1765 4688 factum

112 4735 237 4788 est.
271 4728 422 4794 Quid
443 4728 719 4783 faciemus
732 4726 760 4781 ?
782 4728 942 4781 Illam
962 4725 1178 4796 recepit
1197 4725 1515 4797 paradisus,
1538 4726 1634 4780 ubi
1648 4727 1766 4796 glo-

113 4825 321 4880 riatur
346 4837 478 4875 cum
504 4820 769 4876 Domino.
796 4818 1094 4876 Credimus
1137 4818 1291 4890 quod
1321 4835 1426 4874 nos
1451 4835 1567 4873 non
1594 4819 1665 4872 de
1703 4837 1763 4874 se

113 4917 390 4989 separat,
422 4928 550 4986 quae
569 4930 629 4968 se
659 4913 712 4968 ei
739 4913 965 4984 placere
997 4912 1178 4968 voluit
1210 4929 1340 4966 cum
1388 4928 1502 4984 quo
1537 4917 1759 4982 regnat.

199 5075 284 5148 (ᾳ)
317 5073 544 5148 Quarta
557 5072 718 5148 feria
741 5071 1040 5148 Christum
1059 5071 1370 5126 Dominum
1401 5075 1601 5148 natum
1639 5089 1762 5127 esse
1778 5127 1796 5142 κ

113 5143 432 5206 Cedrenus
450 5147 509 5198 et
525 5143 798 5214 Maximus
826 5143 1134 5198 Monachus
1159 5159 1322 5214 asque
1348 5143 1761 5212 existimarunt,

113 5225 189 5275 ut
211 5215 480 5286 Scaliger
629 5230 692 5286 v17
715 5213 786 5266 de
828 5214 1118 5286 emendat.
1158 5213 1336 5284 temp.
1370 5213 1466 5267 ubi
1503 5214 1573 5268 de
1609 5231 1762 5269 anno

117 5287 349 5344 natalis
367 5284 620 5352 Domini,
644 5284 980 5338 observavit.

201 5358 300 5431 (ὑλ
325 5354 633 5431 Gregorius
654 5354 998 5431 Turonensis
1021 5353 1120 5431 lib.
1148 5371 1204 5431 1x
1226 5357 1362 5431 c._2,
1392 5355 1764 5431 obitum‘san-

115 5424 238 5488 cui:
264 5424 646 5496 Radegundis
664 5424 848 5494 illigat
873 5441 1026 5480 anno
1055 5424 1399 5496 duodecimo
1430 5425 1584 5495 regis
1609 5427 1761 5482 Chil-

116 5497 382 5566 deberti,
416 5495 515 5569 qui
547 5496 861 5569 respondet
891 5512 1046 5569 anno
1087 5495 1294 5553 Christi
1333 5513 1385 5550 ι).
1418 5512 1619 5566 Lxxvn,
1649 5513 1762 5569 quo

116 5569 433 5629 dominica
455 5567 647 5621 littera
666 5568 707 5622 E
733 5567 1014 5621 currebat.

199 5641 372 5714 (clln
406 5639 575 5714 illam
615 5636 909 5714 basilicam
946 5637 1121 5693 modo
1160 5642 1370 5714 sanctae
1395 5636 1764 5714 Radegundis

113 5707 357 5772 nomini
389 5709 648 5764 dicatam
677 5707 983 5778 collegium
1012 5709 1418 5764 canonicorum
1449 5707 1716 5764 successit
1747 5727 1760 5764 :

118 5785 248 5844 alia
266 5797 407 5838 vero
433 5778 606 5852 titulo
637 5781 846 5852 sanctae
879 5779 1060 5852 crucis
1087 5779 1362 5850 insignita
1407 5778 1694 5852 hodieque
1731 5797 1766 5834 a

120 5849 684 5916 sanctimonialibus
715 5849 1094 5905 Benedictinis
1115 5853 1444 5922 occupatur.

1933 4639 2020 4691 29.
2051 4637 2129 4689 Ne
2167 4633 2641 4706 praetermittatur
2684 4636 2742 4687 et
2786 4631 2939 4688 aliud
2989 4631 3350 4688 miraculum.
3384 4630 3488 4686 Ubi

1864 4745 1991 4784 eam
2030 4727 2288 4799 sepelivit
2314 4726 2674 4799 supradictus
2715 4726 3032 4798 episcopus,
3067 4721 3489 4796 coopertorium

1865 4837 1981 4876 non
2006 4820 2216 4892 posuit,
2245 4824 2556 4890 antequam
2576 4819 2835 4891 pontifex
2865 4817 2972 4874 loci
3005 4816 3242 4872 veniret.
3270 4817 3486 4871 Liberae

1866 4931 1992 4986 quae
2016 4917 2148 4969 ante
2177 4931 2306 4968 eam
2332 4929 2528 4968 cereos
2558 4915 2949 4984 portaverunt,
2977 4914 3114 4966 totae
3139 4909 3199 4964 in
3229 4925 3370 4982 gyro
3399 4927 3485 4964 see

1937 5074 2017 5153 (αὶ
2040 5075 2254 5153 Nempe
2271 5073 2432 5143 juxta
2446 5072 2722 5153 regulam
2748 5087 2921 5142 quam
2960 5071 3186 5153 sanctus
3217 5067 3490 5153 Caesar-ius

1861 5140 2206 5216 monialibus
2233 5140 2599 5216 praescripsit.
2625 5140 2784 5196 Nam'
2803 5140 3286 5216 recapitulationis
3317 5141 3488 5216 Artic.

1863 5231 1881 5268 I
1923 5215 2120 5268 statuit
2155 5219 2217 5269 ut
2232 5211 2390 5268 nullo
2415 5211 2482 5267 esi
2511 5213 2659 5267 vobis
2686 5227 2850 5283 usque
2875 5211 2951 5266 ad
2973 5217 3194 5267 mortem
3231 5228 3387 5267 suam
3428 5211 3494 5268 de

1861 5287 2183 5340 monasterio
2209 5285 2410 5355 egredi,
2439 5283 2525 5336 vel
2547 5283 2614 5337 de
2640 5285 2762 5353 ipsa
2795 5283 3018 5338 basilica
3043 5285 3100 5336 in
3137 5298 3246 5354 qua
3261 5283 3490 5352 januam

1863 5356 2092 5420 habetis,
2121 5359 2221 5410 aut
2253 5355 2623 5426 permittatur,
2653 5359 2750 5408 aut
2783 5369 2886 5424 per
2920 5356 3149 5424 seipsam
3195 5358 3490 5424 praesumat

1863 5441 2009 5481 eam'e
2015 5468 2028 5480 .

1937 5496 2000 5567 (c)
2027 5497 2182 5550 Hanc
2209 5495 2420 5550 laetitiae
2449 5511 2649 5567 vocem
2667 5494 3057 5567 qlleluz'dolim
3098 5493 3157 5548 in
3198 5492 3490 5567 Exsequiis

1863 5565 2199 5638 usurpatam
2214 5567 2337 5638 jam
2361 5565 2658 5621 annotavit
2681 5565 2982 5638 Menardus
2997 5569 3192 5638 noster
3210 5565 3491 5638 inlibrum

1865 5633 2354 5718 sacramentorum
2372 5654 2385 5692 :
2403 5653 2586 5718 quam.
2600 5652 2796 5718 vocem
2809 5637 3094 5718 praecipue
3113 5635 3172 5718 in
3199 5633 3490 5718 funeribus

1864 5707 2224 5834 sﬁaceﬁ'dptum
2250 5706 2439 5766 Graeci
2455 5707 2662 5779 saepius
2678 5706 3067 5778 ingeminant,
3091 5709 3155 5762 ut
3179 5706 3398 5760 constat
3421 5717 3486 5755 ex

1915 5796 1984 5834 uc
2029 5795 2062 5834 o
2088 5795 2238 5834 omo.

1915 5795 2238 5850 ucnomgio.

3379 357 3478 414 878
3537 434 3600 444 _-
