3994 6404
481 347 581 400 679

1439 341 1690 397 SANCTA
1728 339 2186 407 RADEGUNDUS,
2227 340 2472 396 REGINA
2512 341 2838 396 FRANCIE.

3766 341 3884 392 680

479 449 658 522 pulcri
679 450 996 514 adstabant;
1021 464 1377 520 unaquaeque
1401 449 1459 503 in
1481 467 1580 504 suo
1599 467 1764 504 cereo
1797 465 1960 503 suum
1983 466 2084 504 no-
2109 449 2246 535 Ain
2286 449 2438 504 beati
2479 451 2758 505 Antistitis
2795 447 3031 502 Basilica
3059 447 3471 517 vigilaverunt,
3510 449 3644 501 tota
3690 448 3886 500 nocte

480 561 617 600 men
645 543 818 598 dabat
837 543 1267 612 scriptum,tota3
1285 542 1383 596 uni
1405 559 1470 596 ex
1491 543 1718 598 famulis
1735 543 2089 613 cereosipsos

475 637 637 709 juxta
657 635 1076 689 ordinationem
1105 634 1427 689 tradebant.
1462 636 1546 690 Fit
1573 636 1861 691 contentio
1899 635 1957 690 in
1996 653 2092 706 po-

479 730 614 800 pulo
639 745 652 794 ;
673 728 766 781 alii
795 727 1064 781 dicebant
1085 744 1278 792 cereos
1297 728 1448 799 ipsos
1468 729 1525 782 in
1559 729 1680 798 ejus
1710 731 1968 782 sanctum
2002 745 2089 781 se-

479 822 737 892 pulcrum
756 819 905 874 mitti
921 820 1128 875 debere
1154 863 1167 888 ,
1197 821 1290 874 alii
1314 821 1596 886 dicebant,
1625 838 1760 876 non.
1783 821 2092 876 Dumistud

481 917 768 984 ageretur,
820 914 890 967 de
915 914 1078 984 pueri
1103 913 1334 968 brachio
1363 915 1461 984 qui
1486 917 1636 968 totos
1661 915 1916 970 tenebat.
1947 931 2094 968 unus

482 1006 691 1060 exilivit
715 1006 775 1060 in
821 1007 996 1060 altum
1034 1023 1204 1076 super
1243 1023 1477 1061 omnem
1509 1009 1804 1078 populum,
1849 1011 1905 1062 et
1937 1024 1996 1061 se
2035 1007 2092 1060 in

484 1103 679 1154 sancto
703 1099 960 1169 sepulcro
988 1098 1060 1152 ad
1085 1099 1261 1169 pedes
1273 1099 1454 1154 beatae
1472 1101 1680 1170 posuit,
1696 1104 1752 1153 et
1773 1100 1925 1170 quod
1939 1099 2098 1154 hinsi-

484 1193 730 1259 tabatur,
771 1189 1093 1245 declaravit.
1133 1191 1520 1261 Respicientcs
1562 1193 1634 1246 ad
1675 1209 1906 1259 nomen,
1940 1192 2098 1262 cujus

485 1301 627 1350 esse,
651 1301 866 1350 cereus,
890 1283 1186 1337 inventum
1209 1287 1293 1337 est
1311 1285 1493 1338 Calvae
1513 1301 1745 1338 nomen.
1769 1287 1885 1339 Hoc
1899 1285 2099 1338 videns

485 1378 782 1448 episcopus
807 1377 892 1430 vel
922 1377 1108 1430 omnis
1128 1377 1390 1446 populus,
1437 1377 1790 1431 admirantes
1834 1378 2098 1430 virtutem

483 1470 666 1524 beatae
697 1469 1084 1539 Radegundis,
1122 1469 1364 1523 Domino
1400 1469 1833 1524 benedixerunt.
1863 1470 2100 1534 Quanta:

485 1568 614 1634 post
633 1563 754 1632 ejus
784 1561 1086 1616 transitum
1115 1562 1190 1615 ibi
1227 1565 1358 1615 sunt
1399 1563 1564 1616 factae
1606 1563 1858 1628 virtutes,
1903 1562 2102 1632 quanti

489 1654 824 1710 daemoniaci
862 1654 1105 1720 liberati,
1146 1654 1342 1724 quanti
1383 1654 1772 1710 febricitantes
1809 1657 1940 1708 sunt
1973 1655 2102 1708 red-

489 1748 590 1802 diti
615 1748 864 1815 sanitati,
892 1747 1017 1817 quis
1046 1763 1387 1801 enumerare
1419 1748 1606 1801 valeat
1620 1747 1646 1800 ‘I

2188 543 2564 614 energumeni
2595 544 3014 608 clamaverunt;
3045 539 3197 595 inter
3223 557 3372 612 quos
3399 540 3697 594 mulieres
3725 539 3888 594 duas

2189 636 2439 706 graviter
2475 635 2782 690 infestabat
2813 633 3096 701 inimicus,
3128 634 3421 705 praecipue
3458 651 3586 688 una
3623 636 3888 686 tantum

2191 729 2592 796 bacchabatur,
2608 732 2671 782 ut
2685 729 2743 782 in
2763 727 2886 797 ejus
2901 727 3134 781 fremitu
3147 730 3269 781 tota
3281 730 3578 781 tremeret
3594 725 3888 780 basilica.

2191 823 2499 892 Postquam
2514 821 2647 875 inde
2667 821 2752 874 vir
2769 819 3111 874 venerabilis
3122 819 3492 890 Arnegisilus
3507 820 3710 874 abbas
3728 817 3891 872 basi-

2195 914 2314 969 lica:
2331 915 2510 968 beatae
2530 913 2745 984 reginaa
2757 929 2886 968 cum
2906 912 3020 966 suis
3034 912 3330 968 Monachis
3349 912 3550 979 exivit,
3585 913 3669 966 ad
3702 927 3888 965 suam

2195 1008 2408 1062 vadens
2449 1007 2742 1061 basilicam
2771 1023 2997 1066 cursum
3037 1005 3304 1076 implere,
3349 1022 3539 1076 quam
3578 1005 3688 1058 illa
3742 1003 3892 1058 satis

2198 1101 2490 1169 dilexerat,
2528 1100 2677 1170 ipsas
2698 1103 2825 1170 post
2853 1117 2912 1153 se
2939 1099 3213 1153 mulieres
3241 1098 3570 1152 audierunt
3600 1099 3888 1152 claman-

2197 1197 2304 1260 tes,
2352 1193 2568 1247 Venite.
2625 1193 2761 1256 Quae
2814 1193 3085 1262 ingressa:
3128 1191 3431 1245 basilicam
3467 1191 3893 1245 vociferantes

2200 1286 2473 1339 domnam
2499 1285 2913 1353 Radegundem
2947 1288 3009 1337 ut
3033 1284 3115 1337 eis
3134 1288 3404 1354 parceret
3426 1283 3890 1353 supplicabant.

2201 1379 2323 1433 Una
2345 1396 2410 1431 ex
2439 1378 2566 1444 illis,
2594 1394 2722 1447 quae
2750 1376 2976 1447 gravius
3005 1377 3413 1445 tribulabatur,
3440 1377 3576 1448 jam
3602 1379 3707 1428 ter
3752 1375 3890 1445 qui-

2202 1488 2308 1524 nos
2332 1471 2548 1524 habens
2575 1486 2758 1524 annos
2789 1485 2854 1523 ex
2880 1486 2993 1540 quo
3023 1486 3153 1523 eam
3181 1469 3419 1539 spiritus
3452 1485 3736 1538 nequam
3781 1467 3888 1520 ﬂa-

2203 1563 2472 1634 gellabat,
2497 1579 2627 1616 cum
2654 1563 2942 1616 matutina
2967 1561 3288 1628 dicebatur,
3320 1561 3572 1615 saeviens
3595 1560 3892 1614 inimicus

2204 1673 2300 1709 vas
2330 1656 2483 1726 quod
2504 1656 2808 1722 invaserat,
2831 1654 3084 1724 reliquit.
3106 1655 3206 1708 llla
3235 1654 3353 1708 alia
3371 1655 3449 1708 ad
3472 1653 3730 1708 tertiam
3749 1657 3892 1707 ante

2208 1749 2416 1802 ostium
2438 1747 2611 1817 ipsius
2634 1747 2877 1801 basilicae
2895 1750 2981 1799 est
3004 1746 3268 1815 liberata,
3303 1751 3362 1800 et
3393 1747 3554 1800 ultra
3578 1746 3892 1817 nequissi—

559 1844 645 1895 30.
673 1843 748 1895 De
775 1839 1103 1910 Burgundia
1137 1856 1266 1893 cum
1285 1839 1404 1894 viro
1431 1839 1740 1910 apostolico
1762 1839 2006 1894 Leifasto
2032 1838 2106 1910 (α)
2127 1819 2184 1890 Β
2207 1858 2333 1896 mus
2357 1840 2534 1894 hostis
2555 1839 2637 1893 eis
2669 1855 2874 1894 nocere
2911 1856 3028 1894 non
3052 1840 3248 1894 valuit.
3273 1839 3470 1903 Quam
3498 1840 3682 1910 larga
3715 1843 3810 1892 est
3840 1842 3894 1894 et

489 1934 754 2005 episc0po
778 1933 1012 1986 veniens
1033 1933 1156 2002 ejus
1177 1932 1325 1986 abba
1339 1931 1571 1986 nomine
1592 1931 1772 1999 Abbo,
1801 1932 1937 1986 dum
1966 1935 2110 1986 esset

490 2025 727 2082 Pictavis
743 2025 800 2078 in
819 2025 1065 2091 civitate,
1085 2023 1520 2078 dentisincurrit
1551 2025 1801 2079 validum
1833 2025 2108 2079 dolorem.

494 2120 592 2174 Die
614 2121 902 2188 noctuque
922 2133 1034 2170 una
1055 2133 1178 2184 vox,
1203 2135 1348 2171 unus
1369 2118 1532 2172 dolor
1551 2117 1739 2171 inerat
1759 2117 1832 2184 ei,
1864 2121 2114 2171 mortem

495 2211 723 2266 evenire
751 2209 854 2263 sibi
883 2212 1086 2280 optans
1120 2213 1183 2262 ut
1202 2213 1362 2264 tanto
1385 2213 1605 2264 careret
1636 2210 1853 2264 dolore.
1885 2210 1990 2274 Qui
2033 2209 2114 2263 in-

495 2304 746 2375 spirante
775 2303 879 2356 sibi
910 2302 1101 2356 divina
1126 2302 1518 2357 misericordia
1539 2304 1760 2372 rogavit
1789 2321 1846 2356 se
1874 2303 2003 2356 duci
2045 2302 2116 2356 ad

493 2400 700 2451 sanctae
726 2394 1058 2450 basilicam:
1099 2395 1194 2448 ubi
1223 2395 1532 2464 ingressus,
1570 2411 1698 2450 cum
1730 2395 1842 2448 ﬁde
1882 2412 1940 2448 se
1984 2399 2116 2448 ante

494 2491 754 2544 sanctum
780 2489 1100 2558 sepulcrum
1125 2491 1290 2542 terrae
1311 2488 1568 2558 projecit,
1592 2491 1838 2541 mortem
1855 2505 1972 2558 prae
1993 2505 2120 2542 ocu-

493 2582 561 2636 lis
610 2581 848 2647 habens,
896 2581 1109 2651 pallam
1162 2581 1518 2651 corporalem
1569 2581 1814 2651 desuper
1860 2583 2121 2634 sanctum

494 2674 781 2728 tumulum
809 2672 1098 2726 mordicus
1126 2672 1525 2742 apprehendit.
1549 2671 1656 2736 Qui
1677 2675 1895 2742 septem
1923 2672 2122 2726 diebus

499 2784 604 2821 nec
627 2766 822 2820 cibum
842 2768 1178 2835 sumpserat,
1210 2781 1316 2818 nec
1342 2781 1542 2818 somno
1577 2765 1731 2818 reﬁci
1775 2767 2020 2835 poterat,
2063 2764 2122 2817 in

499 2861 608 2914 hoc
635 2873 826 2913 morsu
852 2874 1024 2928 sopor
1051 2858 1316 2924 accessit;
1357 2857 1522 2911 dolor
1553 2857 1828 2924 discessit,
1856 2874 2028 2910 sanus
2055 2857 2124 2910 ad

500 2951 812 3022 hospitium
853 2950 1040 3004 rediit.
1085 2950 1250 3013 Quod
1287 2953 1416 3019 post
1459 2950 1581 3020 ipso
1616 2951 1900 3003 referente
1938 2951 2126 3020 plures

501 3045 912 3114 cognoverunt,
954 3041 1049 3094 ubi
1075 3059 1134 3094 se
1160 3042 1448 3096 fatebatur
1473 3041 1545 3094 de
1583 3042 1783 3096 mortis
1815 3042 1994 3112 janua
2025 3059 2128 3112 per

501 3137 771 3190 virtutem
797 3135 1022 3188 damna:
1039 3134 1404 3202 Radegundis
1429 3151 1550 3188 esse
1570 3137 1914 3189 revocatum.

576 3232 636 3284 3t
651 3270 664 3284 .
692 3229 760 3282 Et
779 3228 913 3299 quia
938 3244 1063 3282 mos
1085 3230 1170 3280 est
1185 3226 1242 3280 in
1264 3227 1567 3280 festivitate
1589 3227 1740 3281 beati
1771 3227 1963 3282 Hilarii
2001 3228 2130 3282 reli-

507 3322 632 3393 quis
648 3321 997 3377 Monasteriis
1017 3319 1378 3374 circumcirca
1409 3319 1698 3390 proximis,
1722 3337 1848 3390 qua:
1874 3324 2007 3374 sunt
2028 3321 2124 3388 ibi,

507 3431 686 3485 usque
705 3415 762 3468 in
784 3413 1034 3468 mediam
1049 3416 1276 3466 noctem
1295 3412 1514 3482 vigilias
1530 3413 1840 3478 celebrare;
1855 3414 1925 3467 de
1937 3413 2128 3467 media

509 3513 674 3562 nocte
693 3506 1082 3577 unusquisque
1101 3505 1272 3559 abbas
1287 3522 1414 3559 cum
1429 3505 1544 3559 suis
1564 3505 1832 3560 fratribus
1863 3506 1936 3560 ad
1965 3523 2129 3561 suum

505 3601 810 3656 revertitur
826 3599 1234 3654 manasterium
1259 3615 1483 3652 cursum
1504 3598 1810 3652 celebrare.
1846 3599 2129 3663 Quamdiu

581 3769 677 3848 (ει)Δ
701 3769 976 3848 Leifastus
989 3838 999 3848 .
1022 3783 1126 3848 seu.
1158 3767 1413 3848 Lefastus
1467 3765 1763 3848 episcopus
1777 3767 2125 3848 “Ed-uensis,

509 3837 772 3918 Q’Autun,
795 3843 924 3918 post
946 3837 1377 3918 Soiagriumtqui
1403 3853 1556 3918 anno
1579 3853 1642 3890 nc
1676 3837 1834 3918 obiit,
1868 3840 1930 3890 ut
1959 3838 2132 3918 sentit

509 3907 765 3965 Carolus
794 3907 846 3963 Ie
888 3908 1088 3964 Cointe
1141 3907 1198 3960 in
1247 3908 1452 3961 Annal.
1496 3909 1692 3961 Franc.
1751 3907 1824 3962 ad
1873 3924 1967 3962 an.
2005 3911 2126 3974 600,

2211 1933 2366 1987 dives
2391 1932 2780 1986 misericordia
2807 1933 2905 1986 Dei
2929 1949 3056 2002 quae
3088 1949 3220 1986 suos
3255 1932 3447 1986 vereri
3470 1933 3648 1998 facit,
3675 1936 3740 1986 et
3768 1933 3898 1985 loca

2212 2026 2451 2096 requirit
2470 2026 2588 2094 ipse
2627 2025 2898 2078 virtutum
2944 2025 3183 2095 largitor
3223 2041 3290 2079 ac
3331 2025 3757 2096 dispensator,
3800 2026 3898 2078 ubi

2211 2136 2316 2191 per
2335 2136 2466 2172 suos
2494 2118 2690 2171 ﬁdeles
2720 2134 2881 2172 suam
2909 2118 3164 2172 ostendit
3199 2118 3559 2188 potentiam.
3614 2118 3712 2173 Ad
3749 2117 3900 2171 basi-

2213 2212 2382 2266 licam
2403 2211 2583 2264 sancti
2612 2210 2716 2263 viri
2739 2214 2869 2264 sunt
2899 2210 2995 2264 alii
3024 2210 3273 2278 liberati,
3303 2211 3400 2264 alii
3437 2198 3593 2265 vera
3630 2211 3896 2265 basilicae

2217 2305 2444 2358 domnae
2484 2303 2851 2372 Radcgundis
2877 2307 3010 2356 sunt
3029 2300 3274 2358 directi:
3319 2307 3383 2356 ut
3422 2303 3584 2358 sicut
3635 2306 3901 2375 aequales

2219 2397 2402 2468 gratia
2427 2400 2609 2463 erant,
2641 2397 2718 2450 ita
2740 2396 2974 2467 mqualis
2995 2401 3053 2450 et
3080 2396 3261 2450 virtus
3292 2397 3754 2451 ostenderetur.

2289 2493 2374 2543 32.
2399 2489 2534 2552 Quis
2562 2489 2711 2542 male
2739 2489 2977 2556 habens,
3009 2489 3274 2559 quamvis
3295 2489 3415 2543 vita
3442 2489 3837 2561 desperatus,
3859 2491 3902 2542 si

2217 2583 2428 2654 pallam
2457 2581 2837 2635 subteriorem
2863 2586 3054 2636 custos
3071 2582 3338 2652 ejusdem
3359 2583 3514 2636 sacri
3539 2583 3810 2654 sepulcri
3823 2583 3902 2636 in-

2221 2674 2456 2728 tinxitin
2475 2674 2649 2728 calice
2664 2691 2849 2745 aquae,
2865 2680 2922 2729 et
2942 2675 3103 2728 dedit
3123 2675 3176 2730 ei
3196 2675 3567 2730 febricitanti
3593 2678 3899 2748 poculum,

2224 2784 2338 2821 non
2377 2767 2569 2820 statim
2603 2771 2664 2820 ut
2700 2767 2844 2820 bibit
2885 2772 3018 2822 ante
3066 2772 3334 2823 sanctum
3380 2769 3514 2838 ejus
3554 2772 3899 2841 sepulcrum

2217 2861 2416 2932 jacens
2447 2877 2618 2930 sopor
2647 2861 2902 2927 accessit,
2927 2861 3165 2916 morbus
3189 2862 3478 2916 recessit?
3509 2864 3762 2920 Christo
3791 2865 3899 2917 lar-

2225 2953 2415 3023 giente
2439 2953 2701 3008 omnibus
2722 2952 2922 3007 diebus
2948 2954 3005 3008 in
3025 2955 3264 3009 nomine
3287 2955 3475 3025 ipsius
3492 2957 3797 3012 DominiJ
3803 2974 3896 3010 esu

2226 3045 2428 3100 Christi
2463 3045 2538 3099 ibi
2566 3048 2762 3100 multm
2781 3047 3016 3101 virtutes
3057 3049 3226 3117 ﬁunt,
3281 3049 3442 3103 unde
3477 3051 3762 3104 recessit.
3796 3051 3903 3104 Nos

2228 3155 2454 3209 quoque
2485 3139 2656 3192 etiam
2695 3139 2850 3194 ﬁdeli
2893 3140 3198 3196 devotione
3239 3145 3298 3196 et
3333 3141 3669 3198 sedulitate
3713 3143 3902 3200 debita

2227 3248 2570 3286 veneramur
2595 3231 2652 3284 in
2683 3232 2867 3300 terris,
2894 3233 3054 3303 cujus
3075 3235 3277 3289 anima
3313 3236 3715 3305 conﬁdimus,
3766 3253 3902 3308 gau-

2229 3324 2430 3378 demus
2459 3327 2516 3377 et
2545 3325 2859 3395 gloriamur
2885 3327 3041 3398 quod
3064 3329 3421 3400 praefulgeat
3445 3330 3513 3383 in
3550 3330 3742 3399 celis,
3781 3330 3900 3402 ipso

2227 3419 2536 3488 praestante
2573 3417 2668 3488 qui
2695 3435 2824 3472 cum
2851 3421 3016 3474 Patre
3044 3425 3102 3474 et
3131 3421 3352 3492 Spiritu
3403 3427 3626 3480 sancto
3677 3425 3818 3478 vivit
3852 3428 3900 3474 et

2229 3513 2434 3580 regnat
2459 3509 2515 3563 in
2545 3512 2751 3566 saecula
2772 3514 3130 3569 saeculorum.
3154 3517 3368 3570 Amen.

2229 3775 2464 3854 num-7.
2495 3772 2917 3854 Sammarthani
2947 3777 3280 3854 Auspicium
3312 3778 3480 3854 inter
3519 3781 3825 3854 Siagrium
3855 3788 3904 3837 et

2227 3840 2517 3917 Lefastum
2551 3843 2768 3917 locant:
2789 3845 2894 3917 sed
2920 3840 3081 3917 prior
3093 3849 3398 3906 sententia
3420 3852 3500 3906 ob
3525 3840 3902 3910 Baiidonivize

2229 3913 2456 3966 aetatem
2485 3915 2864 3984 praeferenda.

520 4099 3888 4132 m

519 4115 3893 4151 W

1061 4281 1500 4357 SANCTfE
1552 4283 2260 4382 BADEGUNDIS,
2311 4287 2740 4362 REGINfE
2790 4292 3326 4370 FRANCUE.

1592 4457 2408 4585 TESTAMEN
2415 4463 2733 4590 TUM
2762 4568 2790 4619 ,

879 4793 1876 4946 EPISTOLA“
1973 4679 2246 4949 ABE
2369 4806 3496 4970 EPISCOPOS.

583 5159 924 5255 Hancinitio
951 5132 1220 5255 institutae
1251 5162 1709 5255 congregationis
1738 5180 1852 5220 suae
1883 5183 1986 5238 pro
2015 5168 2136 5237 ejus
2161 5171 2334 5241 tutela
2363 5176 2418 5228 et
2443 5171 2738 5230 stabilitate
2765 5176 3006 5249 scripsit,
3034 5179 3400 5255 concilioque
3424 5187 3766 5250 Turonensi
3785 5210 3898 5249 con-

513 5247 851 5302 ﬁrmandam
877 5248 1076 5303 absens
1105 5250 1323 5306 obtulit.

511 5401 610 5468 ﬁt}
636 5400 757 5453 Non
783 5399 946 5456 video
961 5403 1114 5483 quod
1131 5408 1356 5530 tempus
1369 5406 1500 5462 huic
1519 5408 1772 5490 epistolae
1791 5411 1978 5482 aptius
2001 5430 2135 5468 con-

515 5473 702 5530 ﬂuat.
735 5485 907 5530 quam
950 5475 1149 5528 concdi
1181 5492 1218 5530 ιι
1293 5487 1611 5530 uronensns:
1642 5482 1781 5530 Cum
1813 5484 1963 5530 enim
2011 5485 2135 5530 scri-

515 5473 907 5550 gruat,_quam
950 5473 1149 5550 concili
1181 5473 1611 5550 11__'_i‘uronensisl
1642 5482 1782 5534 Cum
1813 5473 1965 5537 enim
2011 5485 2139 5538 scri-

510 5543 612 5611 pta
661 5541 742 5620 sit
775 5541 847 5594 ad
885 5543 1176 5620 episcopos
1212 5547 1522 5620 illosuipsos
1562 5551 1737 5620 (quod
1798 5569 1862 5605 ex
1911 5555 2135 5610 illorum

509 5615 786 5692 rescripto
819 5617 993 5692 patet)
1039 5615 1417 5692 qui_concilio
1455 5615 1766 5674 Turonensi
1813 5623 2136 5689 adfuerunt,

510 5683 814 5754 verisimile
843 5687 927 5736 est
947 5683 1075 5738 tum
1100 5685 1171 5738 ad
1196 5702 1292 5738 eos
1332 5687 1586 5754 missam,
1626 5707 1754 5742 cum
1798 5709 1910 5746 una
1952 5683 2141 5750 essent

510 5751 572 5806 in
603 5769 672 5807 eo
694 5754 939 5832 _c_o_ncilio_
957 5757 1311 5832 congregati.
1343 5757 1450 5820 Qui
1467 5751 1694 5832 hancin
1713 5761 1970 5832 longiora
1993 5771 2139 5821 tem-

512 5839 653 5895 pora
679 5824 968 5890 differunt,
989 5828 1045 5878 et
1062 5828 1190 5893 post
1222 5842 1402 5879 annos
1433 5827 1630 5896 viginti
1656 5824 1841 5898 paulov
1854 5840 1984 5888 ante
2020 5837 2138 5892 obi-

2238 5420 3900 5512 EB???$293934?!chrevertimini:spx-aeternam

2403 5507 2447 5581 ἐι
2469 5489 2748 5581 ﬁregorio
2763 5488 3083 5581 Turone‘nsi
3101 5488 3899 5581 refelluntur—,iqui‘i'nitid

2241 5561 2453 5648 stitutﬁ
2475 5561 2559 5648 a‘b
2583 5567 2651 5615 ‘ea
2670 5567 3158 5648 Icongregationis
3182 5571 3435 5648 _editam

2241 5630 2944 5724 83?;3‘1’0119‘3fliﬂlni‘19ﬁ
2965 5637 3479 5719 animadvertunt.
3492 5630 3900 5724 ἷιῖὗίἰίόἷπὶιὶιέ

2242 5704 2569 5778 episcopum
2595 5704 2680 5772 (ut
2705 5704 2775 5756 de
2811 5707 3033 5760 caeteris
3057 5709 3154 5779 qui
3195 5727 3319 5768 una
3369 5704 3901 5779 rescribim‘tﬂnihil

2243 5769 2445 5844 dicam)
2475 5788 2543 5844 ea
2588 5776 2849 5844 tempora
2881 5793 2997 5831 non
3033 5781 3320 5844 attigisse.
3368 5792 3638 5844 totoque
3679 5767 3900 5844 amolius

2243 5796 2445 5840 uicum)
2474 5796 2543 5852 ea
2593 5796 2849 5844 tempora
2881 5796 2997 5831 non
3033 5796 3320 5859 attigisse,
3368 5796 3638 5865 totoque
3679 5796 3900 5866 amplius

2243 5839 2523 5896 decenmo
2553 5849 2758 5900 sanrtw
2789 5847 3160 5917 Radegundis
3192 5853 3427 5914 obitum
3451 5868 3842 5933 praevertisse.
