3994 6408
119 385 216 438 681

1619 382 1902 438 ΝΟΤΙἸἸΑ.

3383 390 3484 442 682

189 488 456 544 Dominis
485 490 718 557 sanctis,
741 493 798 544 et
821 491 1134 560 apostolica
1165 490 1297 544 sede
1329 480 1684 560 d'lgnissimis
1702 489 1758 542 in
1781 503 1840 573 Α
1861 504 2056 558 prome
2079 487 2289 541 mentis
2301 487 2488 542 studio
2507 489 2768 559 cogitans
2792 489 2968 543 etiam
2994 489 3067 543 de
3086 490 3330 546 aliarum
3349 508 3482 562 pro-

116 582 350 640 Christo
395 583 681 654 patribus,
737 583 1006 639 omnibus
1060 583 1338 654 episcopis
1395 582 1762 653 Radegundis

117 671 435 742 peccatrix.

190 766 485 835 Congrum
515 764 1012 835 provisionistunc
1029 763 1370 820 roboraliter
1391 762 1464 818 ad
1491 762 1758 816 effectum

116 857 310 914 tendit
331 857 654 925 exordium,
671 875 803 914 cum
821 857 1188 928 generalibus
1199 856 1475 928 patribus,
1502 854 1757 922 medicis,

116 967 186 1006 ac
227 950 584 1022 pastoribus,
626 950 786 1006 ovilis
828 951 932 1006 sibi
977 949 1266 1005 commissi
1305 965 1476 1006 causa
1530 948 1761 1002 auribus

119 1043 396 1110 traditur,
420 1059 742 1114 eorumque
762 1043 1020 1098 sensibus
1048 1042 1758 1111 commcndatur,quorum

117 1136 494 1207 participatio
526 1136 597 1190 de
620 1137 898 1190 charitate
922 1135 1246 1202 consilium,
1269 1135 1338 1188 de
1357 1137 1638 1204 potestate
1652 1133 1762 1186 suf-

114 1229 480 1298 fragium,de
503 1229 763 1284 oratione
785 1229 1111 1282 ministrare
1129 1227 1757 1298 poteritinterventum.

114 1323 189 1376 Et
215 1323 500 1392 quoniam
529 1322 666 1376 olim
694 1321 891 1376 vinclis
930 1321 1222 1375 laicalibus
1267 1321 1544 1387 absoluta,
1569 1319 1760 1374 divina

116 1415 467 1486 providente
484 1418 542 1468 et
555 1415 870 1486 inspirante
889 1414 1219 1479 clementia,
1234 1413 1307 1468 ad
1327 1413 1620 1484 religionis
1633 1429 1763 1468 nor-

114 1524 284 1563 mam
301 1509 421 1562 visa
446 1524 576 1562 sum
602 1507 921 1563 voluntarie
949 1507 1092 1562 duce
1119 1507 1340 1563 Christo
1364 1505 1664 1571 translata;
1694 1523 1759 1560 ac
1787 1505 1790 1513 ’

193 1651 219 1681 ⁸
245 1654 432 1708 Soror
454 1651 639 1706 sancti
657 1647 886 1706 Ciesarii
908 1658 928 1704 :'
957 1653 1054 1703 aut
1082 1652 1234 1703 certe
1249 1648 1448 1718 junior
1471 1649 1672 1714 altera,
1715 1650 1758 1702 si

112 1727 270 1793 degit
291 1725 471 1794 legas.
489 1725 622 1778 Duas
641 1721 922 1794 siquidem
944 1719 1467 1794 ejusdemsnominis
1480 1723 1538 1772 et
1557 1735 1758 1772 mune-

113 1789 210 1849 ris
237 1789 504 1850 Caesarie:
546 1789 798 1847 fuerunt.
831 1793 954 1846 Una
980 1789 1160 1846 Sancti
1187 1789 1413 1843 Carsarii
1457 1806 1757 1858 germana,

113 1882 301 1947 quam
333 1864 616 1947 Caesarius
637 1864 816 1943 frater
836 1861 1066 1947 condito
1085 1879 1117 1914 a
1139 1877 1197 1920 se
1218 1859 1569 1947 monasterio
1592 1859 1761 1938 abba-

113 1930 324 1990 tissam
345 1933 628 2006 praefecit,
663 1933 828 2006 eique
859 1933 1142 2006 regulam,
1178 1931 1280 1984 sub
1322 1945 1434 2000 qua
1479 1946 1610 2006 cum
1647 1930 1762 1982 suis

110 1999 364 2072 viveret,
403 2003 674 2060 instituit.
705 1999 993 2058 Fosterior
1032 2003 1232 2067 altera,
1271 1999 1398 2071 qua:
1438 1999 1636 2070 priori,
1675 2016 1762 2053 su-

1860 581 2127 647 fectibus,
2162 584 2225 634 ut
2255 585 2552 635 annuente
2575 582 2814 637 domino
2837 597 2970 636 mea
2985 581 3273 638 desideria
3297 583 3484 640 efﬁce-

1859 677 2060 727 rentur
2082 673 2318 744 reliquis
2332 675 2650 744 prot'utura,
2672 674 3004 730 instituente
3027 679 3198 746 atque
3219 691 3484 734 remune-

1857 769 2023 820 rante
2049 767 2573 836 prmcellentissimo
2600 767 2816 822 domno
2838 784 2973 837 rege
2995 769 3261 835 Clotario,
3285 786 3484 825 mona-

1861 859 2094 912 sterium
2115 861 2434 929 puellarum
2451 860 2677 915 Pictava
2696 861 2836 915 urbe
2855 860 3142 927 constitui,
3166 863 3485 917 conditum-

1861 968 1992 1022 que,
2023 955 2300 1021 quantum
2320 952 2874 1007 mihimuniﬁcentia
2903 953 3115 1023 regalis
3141 958 3226 1008 est
3251 955 3477 1024 largita,

1861 1044 2010 1098 facta
2034 1044 2346 1098 donatione
2378 1045 2589 1100 dotavi.
2629 1047 2863 1116 Insuper
2901 1046 3336 1116 congregationi
3379 1064 3482 1118 per

1860 1151 1956 1190 me
1992 1137 2214 1191 Christo
2255 1141 2557 1206 prmstante
2594 1139 2845 1193 collectas
2886 1139 3180 1208 regulam,
3221 1139 3326 1193 sub
3368 1155 3481 1210 qua

1861 1232 2056 1284 sancta
2085 1229 2326 1285 Caesaria
2353 1229 2606 1300 deguit',
2631 1234 2736 1285 etc.

1930 1323 2158 1391 Reliqua
2201 1323 2401 1376 videsis
2455 1328 2578 1376 tom.
2624 1324 2858 1392 praeced.
2901 1325 3002 1378 col.
3056 1327 3178 1386 5'22,
3227 1325 3322 1379 ubi
3373 1325 3482 1380 hac

1860 1415 2084 1484 epistola
2113 1431 2148 1468 (ι
2173 1414 2424 1482 Gregorio
2456 1417 2754 1470 Turonensi
2777 1419 3033 1482 refertur.

1859 1647 2094 1720 perstite
2118 1648 2303 1720 adhuc
2329 1649 2572 1706 Ca~sario
2601 1650 2902 1715 defunctze,
2932 1649 2988 1703 in
3019 1651 3318 1705 abbatissa:
3353 1670 3477 1708 mu-

1863 1719 1997 1790 nere
2024 1719 2309 1786 successit,
2337 1725 2398 1774 ut
2417 1723 2614 1774 auctor
2633 1723 2718 1773 est
2737 1721 3050 1790 Cyprianus
3071 1721 3128 1774 in
3155 1722 3278 1776 Vita
3301 1725 3482 1778 sancti

1860 1789 2108 1863 Qaasarii,
2134 1791 2582 1863 quampoesariaa
2603 1789 3002 1863 hujus’rogatu
3029 1793 3367 1863 composuit.
3395 1795 3480 1848 Ab

1861 1860 1965 1914 hac
1996 1860 2200 1934 eadem
2215 1861 2584 1934 Radegundis
2609 1862 2868 1934 regulam
2879 1861 3128 1934 Cassarii,
3157 1860 3329 1934 quam
3353 1881 3475 1920 mo-

1862 1931 2106 1984 nasterio
2139 1947 2240 1985 suo
2264 1932 2535 1999 traderet,
2564 1931 2794 2002 expetit.
2819 1933 2936 1987 JAC.
2971 1932 3125 1988 Sum.

111 2143 3470 2176 mm

613 2310 1580 2439 DEGRETUM
1697 2253 3020 2467 'EPISCOPORUM,

733 2535 898 2588 QUOD
943 2533 1249 2580 SUSCEPTA
1288 2533 1504 2577 ΒΕΑΤΕ
1543 2531 1931 2578 MDEGUNDIS
1971 2531 2273 2578 EPISTOLA
2316 2531 2874 2578 CONSCRIPSERUNT.

187 2675 450 2732 Dominae
487 2673 859 2742 beatissimee,
879 2678 937 2729 et
983 2674 1043 2728 in
1091 2673 1310 2728 Christo
1349 2671 1600 2727 ecclesiae
1627 2671 1756 2726 ﬁliae
1775 2686 1832 2758 B
1855 2688 2068 2728 mensa:
2085 2671 2394 2728 divinitatis
2425 2671 2719 2743 provisura
2743 2671 3020 2739 remedia,
3043 2676 3152 2728 etc.

107 2739 500 2839 itadegundi,
537 2739 930 2838 Euphronius,
981 2769 1372 2833 Praetextatus,
1414 2767 1755 2831 Germanus,

115 2862 290 2928 Felix,
306 2861 736 2928 Domitiannus,
759 2861 1036 2915 Victorius
1057 2863 1116 2914 et.
1130 2861 1464 2927 Domnolus,
1488 2857 1756 2930 episcopi.

187 2953 449 3010 Sollicita
466 2958 601 3008 sunt
621 2952 842 3024 jugiter
867 2953 1016 3008 circa
1057 2969 1238 3024 genus
1276 2953 1600 3008 humanum
1647 2954 1755 3008 im-

1925 2767 2153 2834 Reliqua
2179 2767 2378 2820 videsis
2407 2767 2563 2833 Greg.
2593 2767 2792 2819 Turon.
2841 2766 2934 2820 lib.
2971 2781 3044 2829 Ix,
3090 2781 3210 2836 cap.
3251 2769 3340 2834 39,
3371 2765 3471 2820 col.

1859 2861 1959 2913 516
1981 2864 2104 2914 tom.
2127 2859 2362 2928 praeced.

1282 3278 1366 3323 AN
1369 3278 1450 3324 ΝΟ
1497 3277 1712 3324 DOle
1755 3275 2318 3324 DLXXIII-DLXXVII.
2673 3273 2680 3282 ”

98 3421 3463 3740 .JEEEEEW

830 3881 1289 3968 NOTITIA
1375 3883 1518 3968 EX
1607 3848 1942 3967 LI‘BRO
2032 3839 2778 3968 PONTIFICALI.

185 4157 575 4214 Benedictus'
599 4158 834 4214 natione
853 4161 1144 4216 Romanus
1157 4178 1223 4216 ex
1248 4166 1410 4232 patre
1433 4162 1744 4230 Bonifacio,
1768 4175 1822 4249 ρ
1849 4160 2076 4233 eodem]
2112 4164 2370 4231 tempore
2413 4175 2556 4230 gens
2583 4157 3142 4229 Langobardorumc.
3163 4155 3368 4211 invasit
3391 4159 3473 4212 to-

115 4250 264 4305 sedit
289 4269 480 4307 annos
511 4252 538 4292 ι)
563 4255 812 4322 quatuor
831 4253 928 4324 (α),
956 4269 1217 4308 mensem
1261 4271 1458 4322 unum,
1502 4254 1623 4309 dies
1665 4255 1742 4310 vi-

113 4343 257 4412 ginti
289 4349 423 4399 octo
455 4345 610 4414 [Cod.
640 4347 788 4410 Luc.,
831 4346 1085 4418 novem].
1119 4346 1386 4417 Ejusdem
1419 4346 1567 4419 [ϐοά.
1597 4350 1744 4411 Luc.,

1845 4257 1964 4310 tam
1979 4253 2220 4322 Italiam,
2241 4253 2520 4323 simulque
2543 4255 2602 4307 et
2620 4253 2803 4307 fames
2821 4250 3018 4318 nimia,
3043 4253 3106 4304 ut
3128 4249 3302 4305 etiam
3321 4251 3469 4306 mul-

1845 4347 2029 4402 titudo
2051 4351 2367 4403 castrorum
2390 4364 2450 4402 se
2475 4346 2728 4402 traderet
2745 4343 3156 4416 Langobardis,
3176 4346 3239 4397 ut
3249 4348 3469 4414 tempe-

1413 4503 1608 4558 ΝΟΤίΕ
1646 4501 1959 4558 SEVERINI
1999 4501 2178 4557 BlNIl.

179 4617 203 4647 ⁸
230 4615 376 4670 Cum
399 4610 665 4670 Romana
694 4615 860 4672 sedes
889 4616 962 4670 ob
991 4619 1270 4672 tumultus
1289 4619 1519 4673 bellicos
1552 4637 1741 4674 vacas-

113 4685 196 4758 set
233 4700 470 4758 menses
503 4684 702 4740 decem
740 4691 797 4758 et
838 4689 952 4741 tres
982 4687 1122 4757 dies,
1169 4689 1530 4758 Benedictus,
1573 4707 1744 4758 quem

113 4753 288 4830 graeci
316 4755 612 4830 Bonosum
625 4756 946 4830 nominant,
962 4753 1184 4812 creatus
1198 4763 1282 4813 est
1297 4753 1552 4830 pontifex
1567 4753 1656 4815 die
1685 4765 1743 4814 l6

111 4821 256 4903 idaii,
283 4827 672 4903 a_nno__t1hristi
691 4821 1091 4903 Redemptoris
1108 4833 1230 4884 573.
1261 4821 1436 4900 Hujus
1481 4835 1743 4903 tempore

111 4891 477 4970 Langobardi
497 4897 751 4953 maxima
771 4916 834 4970 ex
856 4891 1016 4970 parte
1038 4900 1322 4956 idolorum
1341 4891 1621 4957 cultores:
1650 4904 1747 4956 Ec-

111 4962 349 5043 clesiam
381 4966 509 5021 dira
537 4962 931 5038 persecutione
949 4975 1243 5043 vexarunt,
1268 4973 1391 5026 loca
1412 4991 1569 5027 sacra
1585 4973 1746 5027 effos-

109 5041 535 5116 sjssanctorum
550 5043 867 5116 magtyrum
891 5041 1158 5116 sepulcris
1179 5044 1574 5113 profanarunt,
1605 5043 1742 5116 acdi-

109 5104 234 5183 licia
256 5108 314 5160 in
337 5109 630 5183 suburbiis
650 5104 854 5183 Romae,
873 5104 1200 5180 dii-uerunt,
1241 5117 1501 5168 sanetum
1542 5104 1744 5168 Cerbe-

112 5180 270 5258 nium
283 5180 623 5258 episcopum
635 5197 762 5235 cum
775 5182 888 5235 suis
901 5183 1117 5258 clericis
1131 5183 1187 5236 in
1201 5185 1458 5258 exsilium
1473 5186 1746 5258 fugarunt

115 5250 408 5318 octoginta
423 5251 930 5324 rusticos,quorum
947 5255 1330 5324 quadraginta
1356 5250 1745 5310 immolatitias

113 5331 312 5396 sarnes
343 5321 675 5396 comedere,
703 5321 804 5396 alii
835 5321 1007 5396 caput
1035 5321 1220 5395 capras
1242 5325 1482 5380 adorare
1519 5343 1740 5380 recusa-

114 5383 284 5468 bant,
299 5391 582 5468 supplicio
610 5383 810 5468 mortis
836 5383 1170 5468 affecerunt.
1206 5397 1316 5468 liae
1347 5398 1743 5468 persecutione

115 5471 182 5509 ea
211 5463 494 5516 miracula
531 5463 899 5535 contigerunt
921 5483 1049 5535 qua:
1097 5466 1158 5520 in
1188 5463 1362 5522 libris'
1382 5468 1743 5534 dialogorum

114 5541 344 5613 {cce-use
353 5536 488 5613 ntur
500 5533 660 5613 apud
670 5533 1390 5613 eumdem—_Qregoriumde
1410 5533 1604 5613 sancto
1620 5542 1746 5613 Cer-

114 5594 284 5680 bonio
308 5594 600 5680 episeopo,
628 5603 885 5680 Santulo,
911 5594 1154 5680 aliisque
1175 5608 1544 5680 presbyteris.
1572 5609 1741 5680 Justi-

115 5682 217 5746 nus
229 5676 923 5750 imperatorAnastasium
937 5676 1378 5750 Antiochenum,
1396 5679 1469 5750 ob
1481 5679 1745 5748 quaedam

116 5743 355 5820 crimina
375 5743 456 5798 illi
474 5745 700 5820 objegta
716 5747 1058 5820 depositum,
1075 5749 1366 5820 relegavit.
1388 5743 1516 5813 Qua
1531 5766 1591 5803 re
1613 5766 1744 5804 eum

115 5815 582 5896 magnamapud
603 5815 807 5896 Demn—
827 5815 1108 5896 offensam
1145 5815 1354 5874 merito
1396 5821 1742 5896 incursisset,

120 5886 313 5936 omnia
339 5886 420 5939 illi
453 5886 727 5957 deinceps
762 5887 820 5943 in
841 5889 1006 5960 pejus
1033 5906 1203 5944 ruere
1221 5895 1532 5960 coeperunt.
1561 5886 1747 5946 Persae

442 5984 717 6049 PATROL.
763 5986 996 6052 LXXII.

1845 4636 2057 4690 magna
2097 4622 2287 4690 strage
2316 4615 2628 4690 exercitum
2659 4617 2780 4690 ejus
2812 4616 3258 4690 prostraverunt.
3291 4613 3471 4690 _Cujus

1844 4691 1928 4744 rei
1949 4685 2388 4744 ‘nuntium'dum
2423 4687 2497 4740 ad
2523 4685 2706 4757 ipsum
2736 4685 3144 4757 imperatorem
3181 4685 3470 4757 perlatum

1845 4764 2012 4826 esset,
2060 4763 2253 4814 mente
2297 4751 2654 4812 abalienatus
2702 4751 2834 4823 fuit,
2878 4751 3468 4826 dilucidisinterdum

1845 4824 2156 4885 intervallis
2179 4830 2250 4884 ad
2283 4829 2574 4883 modicum
2613 4828 2891 4882 duntaxat
2920 4824 3194 4895 temporis
3222 4826 3470 4894 spatium

1844 4903 2200 4978 resipiscens.
2243 4900 2327 4954 Ab
2356 4901 2469 4978 _l_i_oc
2511 4898 2988 4978 _maloneorporis
3053 4896 3341 4978 liberatus.
3383 4900 3470 4950 est

1845 4969 2078 5043 quando
2109 4971 2182 5026 ad
2210 4970 2636 5043 conciliandum
2662 4970 2768 5043 sibi
2793 4969 3046 5043 divinum
3080 4983 3294 5043 numen
3327 4971 3468 5043 tem-

1843 5035 2000 5114 plum
2023 5041 2292 5097 exstruxit
2313 5039 2940 5114 DeigcnitrieiMarim,‘
2963 5054 3088 5114 quae
3239 5039 3466 5114 tantum

1845 5108 2159 5168 sanctitatis
2200 5108 2485 5184 praestitit,
2521 5115 2600 5184 _ut
2641 5110 2888 5164 dilucido
2927 5108 3224 5184 i_nte_r_v_allo
3247 5109 3464 5184 potius,

1845 5186 2060 5239 cunctis
2088 5179 2242 5238 recte
2279 5181 2584 5252 dispositis,
2625 5185 2836 5235 statum
2875 5179 3200 5249 reipublicae
3243 5179 3302 5232 in
3343 5183 3467 5234 tuto

1845 5257 2168 5310 collocaret.
2202 5256 2308 5324 (Ea:
2332 5253 2553 5308 miscell.
2579 5253 2748 5321 Hist.)

1917 5329 1942 5367 ι)
1973 5326 2152 5379 Annis
2173 5318 2436 5394 quatuor,
2463 5339 2662 5394 mense
2681 5318 2796 5394 uno
2811 5323 2868 5375 et
2887 5319 3090 5394 viginti
3116 5318 3470 5394 octqdiebus

1845 5397 2039 5450 sedem
2061 5391 2408 5466 pontiﬁciam
2431 5393 2651 5466 tenuit:
2673 5392 2826 5466 Obiit
2855 5391 3008 5466 enim
3037 5407 3190 5466 anno
3228 5391 3470 5448 Redem-

1845 5468 2024 5539 ptoris
2050 5462 2228 5520 nostri
2254 5470 2376 5530 577,
2404 5464 2588 5534 pridie
2611 5463 2897 5518 Kalendas
2923 5462 3182 5529 Augusti.

1917 5551 1940 5579 ο
1973 5539 2094 5602 Quo
2122 5542 2379 5607 tempore
2409 5535 2771 5607 Langobardi
2818 5534 2876 5588 in
2927 5533 3144 5607 Italiam
3183 5533 3447 5607 venerint

1845 5626 2018 5680 supra
2039 5607 2149 5680 dixi
2175 5603 2412 5680 ini—notis
2433 5606 2511 5680 _ad
2537 5603 2722 5680 Vitam
2750 5604 3004 5680 Joannis.
3035 5603 3163 5658 Haec
3187 5603 3466 5680 Anastasii

1844 5674 2085 5734 fortasse
2117 5675 2492 5748 intelligenda
2510 5681 2642 5730 sunt
2661 5676 2729 5748 de
2752 5675 3089 5748 eorumdem
3116 5674 3465 5748 grassatione

1845 5751 1960 5815 illa,
1997 5767 2170 5820 quam
2203 5741 2430 5803 sanctus
2469 5747 2776 5818 Gregorius
2806 5747 2958 5802 inter
2999 5741 3173 5799 saevas
3205 5741 3462 5798 Ecclesiae

1845 5820 2274 5892 persecutiones
2301 5822 2632 5892 enumerat.

1881 5911 1884 5918 ·
1921 5894 1995 5962 (a)
2021 5891 2240 5946 Eadem
2263 5891 2438 5946 habet
2457 5889 2594 5945 Cod.
2627 5885 2734 5943 ms.
2767 5885 3040 5956 Hardysil.
3072 5885 3232 5941 LABB.

3071 5985 3147 6042 ‘22
