3994 6408
475 371 574 422 683

813 363 1161 420 BENEDICTI
1195 361 1384 416 ΡΑΡᾹΞ
1429 360 1452 414 l
1490 359 1579 416 AD
1615 358 2059 415 GRANDENSEM
2100 355 2575 413 PATRIARCIIAM
2612 355 2948 412 EPISTOLzE
2988 351 3476 410 FRAGMENTUM.

3784 347 3903 401 68's

478 491 605 528 rare
637 474 828 544 posset
856 470 1106 540 inopiam
1149 467 1334 522 famis.
1365 468 1529 531 Quod
1565 468 1697 521 dum
1736 466 2094 538 cognovisset
2114 477 2171 550 Α
2191 465 2421 519 basilica
2447 465 2598 518 beati
2629 465 2776 518 Petri
2795 462 3038 534 apostoli
3058 458 3612 531 secretario,pridie
3639 457 3902 511 Kalen-

474 567 726 622 Justinus
749 563 893 634 [€0d.
914 561 1440 633 Luc.,Justinianus]
1463 560 2089 630 piissimusimperator,

479 660 613 730 quia
631 659 807 710 Roma
825 655 1246 726 periclitaretur
1258 655 1410 708 fame
1429 653 1842 707 etmortalitate
1866 651 1948 723 [In
1963 652 2090 706 Cod.

477 753 604 805 Luc.
645 751 791 802 deest
834 752 892 802 et
940 746 1333 818 mortalitate],
1379 745 1532 800 misit
1571 747 1626 798 in
1666 747 1990 814 Egyptum,
2039 745 2098 796 et

483 841 743 897 oneravit
769 857 941 894 naves
973 841 1284 906 frumento,
1319 843 1375 892 et
1400 837 1714 892 transmisit
1745 837 2010 890 Romam.
2030 837 2098 888 Et

479 935 555 989 sic
586 935 852 988 misertus
881 937 966 987 est
991 934 1138 986 Deus
1161 932 1352 985 Italia}.
1386 933 1448 984 In
1481 930 1599 984 istis
1619 930 1909 984 laboribus
1936 931 1992 982 et
2019 928 2100 982 af-

2192 559 2293 612 das
2315 558 2554 628 Augusti
2583 559 2667 627 [In
2697 559 2822 614 Cod.
2854 560 2984 612 Luc.
3009 557 3157 610 deest
3177 555 3365 626 pridie
3395 551 3732 608 Kalendas
3763 553 3905 607 Au-

2192 651 2383 722 gusti].
2418 650 2514 704 Hic
2545 651 2679 704 fecit
2721 651 3151 705 ordinationem
3193 664 3376 702 unam
3426 663 3541 717 per
3581 659 3905 700 mensem

2193 741 2576 809 decembrem,
2610 743 2971 814 presbyteros
2997 741 3356 814 quindecim,
3391 739 3709 793 diaconos
3735 739 3904 800 tres,

2194 835 2489 906 episcopos
2514 853 2618 906 per
2662 835 2885 888 diversa
2924 837 3049 889 loca
3087 850 3336 888 numero
3377 831 3603 902 viginti
3653 845 3903 884 unum.

2194 930 2261 982 Et
2299 928 2538 982 cessavit
2584 928 2944 998 episcopatus
3001 943 3235 982 menses
3280 929 3422 992 tres,
3479 924 3612 978 dies
3659 923 3906 977 decem

479 1026 820 1081 ﬂictionibus
854 1025 1068 1096 positus
1103 1024 1251 1096 [ϐοά.
1274 1026 1428 1086 Luc.,
1457 1023 1545 1076 his
1572 1022 1788 1093 diebus]
1822 1021 2101 1075 sanctissi-
2203 1019 2350 1092 [Cod.
2379 1023 2506 1074 Luc.
2527 1021 2688 1074 addit
2712 1020 2814 1074 sub
2841 1021 2933 1074 die
2964 1023 3032 1074 30
3060 1019 3279 1074 mensis
3297 1016 3487 1089 Julii].

480 1136 608 1174 mus
629 1119 963 1172 Benedictus
975 1134 1122 1188 papa
1139 1120 1398 1171 mortuus
1418 1119 1521 1170 est.
1542 1115 1650 1180 Qui
1669 1116 1920 1184 sepultus
1937 1118 2023 1168 est
2041 1113 2099 1166 in
3189 1113 3198 1121 °

477 1271 3893 1310 ﬂ

1611 1429 1918 1498 JOANNI
1963 1427 2355 1496 DOMINICI
2399 1426 2690 1495 MANSI.

792 1588 904 1660 IN
970 1585 1701 1660 FRAGMENTUM
1768 1585 2320 1660 EPISTOLIE
2391 1584 2952 1659 BENEDICTI
3019 1583 3561 1658 CENSURA.

551 1869 948 1932 Longiusculum
973 1867 1316 1932 fragmentum
1352 1868 1582 1931 epistolaa
1608 1867 1874 1918 Benedicti
1901 1883 2047 1931 papa:
2081 1883 2144 1918 ex
2169 1869 2392 1918 Gratiani
2418 1869 2565 1933 palea
2610 1867 2675 1918 ad
2716 1882 2833 1918 can.
2868 1871 2948 1927 18,
2984 1882 3034 1916 c.
3069 1866 3153 1927 27,
3197 1879 3250 1929 q.
3286 1869 3339 1926 2,
3387 1864 3479 1913 hic
3529 1863 3796 1913 exhibeo
3840 1864 3914 1912 ab

488 1950 728 2000 omnibus
752 1949 961 2012 quidem
995 1963 1091 1998 ceu
1117 1948 1472 2012 apocryphum
1499 1949 1770 2012 rejectum,
1797 1949 1888 1997 sed
1913 1948 2094 1997 dubito
2128 1963 2191 1998 an
2219 1951 2422 1998 merito.
2448 1949 2748 2011 Quanquam
2775 1948 2915 1998 enim
2951 1946 3263 2011 suspicionis
3289 1959 3398 1994 suae
3424 1944 3622 1994 titulus
3654 1944 3814 2008 ipse,
3859 1948 3920 1994 ut

489 2029 542 2078 in
568 2029 728 2078 Editis
749 2028 956 2091 legitur,
991 2029 1179 2076 mereri
1204 2033 1392 2092 potest,
1417 2029 1716 2092 ambiguum
1747 2033 1822 2078 est
1845 2033 2016 2078 tamen
2041 2042 2164 2078 num
2189 2030 2420 2078 sincerus
2443 2030 2667 2078 Gratiani
2700 2029 2875 2077 Codex
2921 2028 3162 2077 eumdem
3201 2025 3447 2090 praeferat
3483 2025 3582 2088 qui
3621 2025 3685 2073 in
3736 2025 3918 2073 Editis

490 2113 720 2171 apparet.
749 2108 1022 2156 Gratianus
1048 2107 1184 2156 enim
1214 2108 1380 2157 editus
1407 2108 1674 2172 epistolam
1701 2109 1834 2158 hanc
1861 2110 2017 2158 latam
2041 2109 2248 2171 prtet‘ert
2274 2111 2588 2158 Patriam/2w
2615 2109 2882 2167 Grarlensi,
2908 2108 2994 2170 qui
3029 2121 3153 2156 sane
3188 2105 3498 2170 patriarcha
3533 2105 3844 2154 Benedicti
3894 2104 3915 2152 Ι

489 2190 636 2236 etate
665 2185 830 2234 audiri
853 2187 1085 2235 nondum
1110 2192 1352 2249 coeperat.
1383 2188 1574 2236 Verum
1600 2187 1653 2236 in
1687 2202 1805 2236 meo
1834 2189 2028 2237 decreti
2073 2188 2280 2247 Codice,
2316 2189 2453 2251 quod
2492 2191 2682 2238 sarculo
2725 2189 2838 2251 ipso
2881 2189 3128 2246 Gratiani,
3176 2187 3258 2234 vel
3307 2186 3460 2234 initio
3508 2186 3918 2246 succedentis,

493 2265 742 2328 scriptum
758 2280 864 2314 non
889 2265 1029 2314 inani
1063 2267 1362 2328 coniectura
1395 2267 1650 2330 suspicor,
1677 2269 1745 2316 ita
1769 2269 1886 2330 lego
1913 2283 1926 2316 :
1961 2268 2254 2317 Benedictus
2286 2283 2456 2316 servus
2477 2284 2734 2317 servorum
2765 2271 2858 2316 Dei
2880 2269 2946 2317 N.
2973 2269 3214 2316 salutem.
3246 2267 3305 2315 ln
3331 2265 3585 2328 margine
3614 2279 3767 2314 vero
3787 2266 3920 2324 alia,

495 2349 550 2393 ut
575 2345 830 2406 suspicor,
857 2345 944 2392 sed
971 2359 1116 2408 mque
1138 2347 1346 2408 antiqua
1376 2362 1529 2396 manu
1557 2348 1784 2396 additum
1809 2353 1886 2396 est
1913 2363 1926 2396 :
1955 2348 2240 2396 Graduenu‘
2273 2350 2603 2411 patriarcha,
2630 2354 2680 2396 et
2711 2351 2976 2397 Donn’m’co
3011 2349 3124 2412 ejus
3164 2347 3525 2408 su/fraganeo.
3566 2345 3776 2394 Lectio
3817 2347 3920 2394 ista

495 2424 817 2486 praacipuum
844 2431 1202 2486 argumentum
1227 2427 1472 2475 adversus
1512 2427 1859 2476 sinceritatem
1902 2427 2054 2490 hujus
2089 2428 2316 2490 epistolae
2355 2433 2583 2477 enervat.
2627 2428 2820 2476 Verum
2859 2428 3030 2476 adhuc
3071 2431 3377 2490 perseverat
3415 2425 3697 2488 suspicio,
3749 2426 3810 2474 in
3853 2440 3917 2474 eo

494 2503 631 2567 quod
658 2503 962 2552 Benedictus
985 2519 1185 2554 servum
1213 2520 1474 2554 servorum
1505 2507 1594 2554 Dei
1619 2521 1728 2554 sese
1756 2508 1998 2568 appellat,
2025 2521 2177 2568 quem
2203 2522 2324 2556 sane
2352 2508 2553 2556 titulum
2583 2509 2801 2568 cmpisse
2836 2508 2996 2565 aiunt,
3022 2521 3051 2555 a
3089 2511 3271 2556 sancto
3309 2505 3606 2568 Gregorio.
3663 2509 3741 2554 At
3789 2519 3919 2554 cum

492 2584 635 2632 testis
659 2583 768 2646 ejus
791 2583 1118 2632 institutionis
1141 2600 1171 2634 a
1205 2590 1382 2634 sancto
1414 2586 1664 2648 Gregorio
1691 2592 1874 2649 empta:
1900 2587 2124 2635 Joannes
2167 2587 2414 2636 diaconus
2450 2589 2686 2637 sileretur
2730 2588 2955 2650 scriptor
2988 2589 3151 2636 multo
3195 2586 3468 2634 recentior
3514 2590 3689 2634 (etate
3736 2585 3920 2634 sancti

493 2663 745 2724 Gregorii,
769 2664 924 2712 unica
949 2663 1058 2726 ejus
1083 2665 1358 2714 auctoritas
1382 2665 1506 2714 tanti
1539 2667 1840 2715 aestimanda
1867 2680 1971 2714 non
2009 2671 2104 2730 est,
2143 2671 2198 2716 ut
2238 2667 2461 2716 validum
2505 2682 2568 2717 ex
2610 2682 2671 2716 ea
2715 2670 3078 2728 argumentum
3127 2670 3314 2715 contra
3357 2665 3508 2714 illam
3567 2664 3918 2714 deducatur.

488 2744 753 2806 Utcunque
799 2757 882 2792 res
917 2743 1101 2793 habeat
1137 2758 1273 2803 sese,
1309 2759 1428 2794 cum
1461 2759 1528 2794 ex
1567 2747 1810 2794 Gratiano
1861 2746 2076 2794 minime
2113 2752 2317 2796 constet
2353 2748 2559 2796 cuinam
2600 2748 2881 2796 Benedicto
2930 2746 3211 2796 tribuenda
3253 2746 3487 2808 epistola
3532 2745 3629 2803 sit,
3684 2747 3918 2795 alterius

494 2822 707 2871 fortasse
736 2822 999 2872 Benedicti
1026 2823 1276 2888 scriptum
1301 2828 1410 2873 erat
1438 2825 1717 2876 sincerum.
1748 2826 2013 2875 Variantes
2039 2840 2152 2889 quae
2177 2828 2230 2878 in
2253 2829 2442 2878 ansulis
2465 2828 2739 2892 adscriptae
2764 2831 2904 2889 sunt,
2938 2827 3187 2876 Romanis
3227 2826 3436 2876 decreti
3482 2827 3918 2876 correctoribus

499 2901 773 2952 debentur.

1275 3239 2261 3363 BENEDIGTI
2357 3143 2880 3364 PAPE
2984 3243 3053 3360 I

688 3461 1363 3544 FRAGMENTUM
1435 3467 1926 3548 EPISTOL/E
1999 3473 2130 3550 AD
2202 3472 2854 3552 GRANDENSEM
2927 3467 3597 3548 PATRIARCHA
3621 3468 3743 3547 M.

1192 3767 1436 3824 PALEA.

575 3857 912 3912 Benedictus
938 3859 1144 3913 Servus
1175 3877 1464 3916 servorum
1491 3863 1588 3917 Dei
1607 3861 1632 3892 ⁸
1673 3864 1989 3919 Grandensi
2020 3883 2119 3936 pa-

502 3949 766 4004 triarchae
783 3951 1049 4015 salutem,
1083 3954 1192 4006 etc.

577 4043 686 4096 Lex
716 4041 918 4095 divina:
944 4043 1366 4097 constitutionis
1384 4048 1759 4115 apostolicam
1787 4050 2124 4104 cathedram

511 4134 649 4204 [Al.,
668 4133 884 4204 sedem]
911 4135 1079 4187 totius
1101 4137 1288 4204 posuit
1309 4138 1460 4191 orbis
1481 4143 1760 4194 terrarum
1787 4143 2124 4212 magistram

513 4225 660 4296 [Cod.
688 4227 838 4286 Luc.,
861 4227 1310 4301 magistratum],
1347 4236 1405 4284 ut
1433 4233 1710 4302 quidquid
1737 4234 1943 4304 ubique
1972 4237 2125 4290 loco-

506 4334 634 4372 rum
660 4317 972 4386 dubitatur,
995 4321 1064 4373 ab
1083 4337 1146 4373 ea
1165 4322 1312 4376 ratio
1335 4324 1591 4392 ejusdem
1611 4326 1951 4395 requiratur.
1973 4330 2124 4382 Atl'a-

507 4416 598 4465 tus
631 4415 716 4464 est
747 4415 938 4464 autem
985 4429 1087 4466 nos
1130 4415 1244 4466 suis
1293 4415 1494 4469 litteris
1543 4418 1801 4486 ejusdem
1841 4421 2127 4474 cathedra!

508 4521 806 4569 sessorem,
837 4521 900 4556 ac
929 4511 1327 4574 percunctatus
1355 4513 1439 4562 est
1467 4510 1697 4579 quidam
1732 4516 1946 4566 vestras
1994 4515 2126 4584 [Al.,

510 4597 607 4668 vir]
642 4597 877 4651 nomine
901 4601 1169 4666 Joannes,
1201 4617 1303 4669 pro
1331 4603 1616 4655 connubio
1645 4604 1772 4657 tilia:
1801 4622 1913 4660 sum
1941 4623 2131 4676 super-

509 4691 680 4743 stitis:
709 4691 866 4759 cujus
881 4708 1042 4745 soror
1063 4692 1334 4746 defuncta
1357 4695 1580 4748 cuidam
1605 4695 2128 4768 juveni,Stephano

511 4783 767 4852 nomine,
787 4783 1138 4853 simplicibus
1159 4785 1342 4838 verbis
1359 4788 1546 4840 fuerat
1565 4787 1928 4858 desponsata,
1959 4795 2016 4844 et
2035 4810 2131 4846 an-

511 4881 743 4946 tequam
791 4877 863 4930 ad
909 4877 1136 4946 nuptias
1178 4879 1522 4947 perveniret,
1565 4886 1750 4935 morte
1796 4890 2125 4953 praeventa:

509 4974 701 5023 utrum
715 4969 1067 5023 scilicetcum
1084 4970 1508 5041 eodemjuvene
1523 4975 1698 5044 possit
1715 4977 2130 5032 matrimonum

511 5063 786 5115 celebrari
821 5064 1137 5132 superstitis
1168 5065 1315 5131 tilize,
1345 5083 1450 5119 nec
1482 5083 1574 5120 ne.
1602 5068 1860 5138 Namque
1893 5073 2132 5124 testatus

2142 3789 2197 3860 B
2222 3778 2382 3830 umori
2408 3791 2537 3837 sum,
2564 3780 2614 3829 et
2643 3778 2803 3828 erunt
2823 3773 2930 3827 duo
2955 3774 3016 3826 in
3036 3786 3202 3825 carne
3229 3786 3344 3824 una
3373 3769 3542 3840 (Gen.
3569 3768 3662 3840 ιι).
3689 3767 3919 3833 Quibus

2223 3868 2407 3922 verbis
2437 3867 2684 3921 innotuit
2713 3883 2830 3920 non
2857 3866 3024 3919 aliter
3043 3864 3234 3918 virum
3268 3867 3326 3916 et
3361 3863 3714 3917 mulierem
3747 3876 3919 3934 posse

2225 3961 2344 4014 lieri
2360 3977 2534 4013 unam
2549 3959 2920 4024 carnem,nisi
2937 3956 3381 4026 earnalicopula
3397 3955 3511 4008 sibi
3531 3956 3917 4010 cohaereant.

2225 4054 2864 4122 Quiergonequaquam
2881 4051 3085 4104 mistus
3107 4053 3511 4102 estextranea!
3542 4049 3804 4102 mulieri
3827 4049 3920 4102 fce-

2227 4147 2360 4200 dere
2394 4145 2652 4216 nuptiali,
2687 4162 2799 4215 quo
2826 4147 2991 4214 pacto
3019 4159 3123 4214 per
3143 4143 3305 4196 nuda
3338 4143 3708 4212 sponsionis
3742 4141 3917 4195 verba

2227 4244 2462 4309 possunt
2494 4255 2606 4290 una
2631 4254 2762 4291 caro
2784 4237 2930 4303 fieri,
2974 4237 3309 4290 nullatenus
3347 4236 3633 4289 valemus
3673 4233 3917 4290 intueri.

2227 4331 2628 4401 Propinquitas
2653 4331 2808 4384 enim
2834 4329 3132 4400 sanguinis
3153 4329 3346 4382 verbis
3369 4327 3619 4395 dicitur,
3639 4345 3777 4384 non
3795 4345 3918 4380 ver-

2227 4425 2312 4478 bis
2337 4424 2598 4491 efiicitur,
2624 4423 2722 4476 sed
2750 4422 2897 4494 [Cod.
2935 4426 3086 4484 Luc.,
3112 4437 3230 4476 non
3255 4421 3452 4475 verbis
3472 4421 3782 4489 efﬁcitur,
3799 4419 3915 4488 sed]

2228 4533 2415 4586 neque
2435 4517 2686 4569 osculum
2701 4513 3563 4586 paritpropinquitatem,quod
3597 4513 3913 4586 [AL,quia]

2229 4611 2443 4663 nullam
2458 4610 2593 4663 facit
2611 4608 2907 4679 sanguinis
2923 4606 3768 4670 commixtionem.Quoniam
3789 4622 3917 4660 vero

2229 4703 2305 4756 ita
2335 4720 2562 4773 prorsus
2589 4719 2711 4755 sese
2736 4702 2910 4755 habet
2935 4717 3026 4754 res
3049 4701 3292 4755 Joannis
3321 4700 3516 4767 istius,
3555 4705 3632 4755 ut.
3651 4703 3808 4756 velit
3837 4719 3915 4753 se-

2229 4795 2479 4849 cundam
2514 4795 2690 4848 tiliam
2715 4795 2822 4848 illis
2871 4793 3086 4864 nuptiis
3135 4795 3442 4863 copulare,
3497 4794 3603 4848 cui
3650 4797 3914 4866 primam

2223 4890 2345 4959 jam
2374 4889 2702 4942 decreverat
2727 4887 3099 4957 desponsare,
3134 4903 3385 4940 censura
3415 4889 3759 4957 apostolici
3799 4905 3914 4942 ma-

2231 4982 2499 5051 gistratus
2527 4981 2991 5034 mandamushoc
3013 4981 3232 5050 absque
3268 4979 3445 5033 ullius
3471 4981 3767 5037 criminis
3790 4981 3914 5035 vitio

2231 5092 2393 5144 posse
2417 5074 2559 5141 ﬁeri,
2582 5074 2625 5126 si
2649 5074 2942 5143 utriusque
2965 5073 3145 5143 partis
3165 5072 3388 5126 sederit
3417 5075 3760 5130 voluntati.
3781 5077 3914 5130 Nam

512 5156 680 5225 hujus
693 5155 1068 5209 reirationem
1090 5157 1242 5226 apud
1260 5160 1564 5213 voshaberi
1587 5161 2130 5231 ambiguam.Quam
2153 5151 2207 5224 C
2233 5183 2334 5220 cur
2377 5167 2769 5236 prohibeatur,
2798 5166 2952 5236 quod
2981 5166 3424 5236 prohibendum
3452 5167 3615 5236 [Αι.,
3655 5169 3910 5240 prohibi-

514 5250 630 5301 Deo
661 5247 900 5300 docente
923 5249 1215 5303 reddimus
1244 5251 1328 5304 his
1360 5253 1544 5305 verbis
1569 5255 1962 5311 certissimam.
1991 5259 2129 5312 Pro-

515 5341 791 5410 tOpIastus
816 5339 927 5407 ille,
961 5341 1118 5396 radix
1155 5348 1211 5396 et
1239 5345 1400 5413 origo
1430 5351 1632 5406 nostro.
1656 5345 1800 5417 [ϐοά.
1844 5351 1996 5417 Luc.,
2026 5368 2128 5405 no-

515 5432 652 5501 stra]
684 5432 993 5487 detractam
1017 5435 1123 5490 sibi
1142 5440 1357 5490 costam
1383 5437 1440 5491 in
1460 5439 1764 5494 mulierem
1787 5441 1984 5496 videns
2021 5445 2134 5498 for-

516 5530 754 5591 matam,
770 5528 1100 5596 prophetico
1117 5529 1315 5597 spiritu
1334 5529 1483 5584 inter
1494 5532 1602 5584 alia
1623 5535 1858 5602 protulit
1879 5552 1890 5588 :
1907 5537 2132 5606 Propter

514 5621 610 5673 hoc
648 5621 910 5688 relinquet
941 5622 1091 5674 homo
1120 5625 1335 5689 patrem
1367 5627 1418 5676 et
1461 5630 1707 5693 matrem,
1743 5632 1793 5680 et
1839 5629 2134 5686 adhaerebit

586 5767 714 5839 {De
732 5765 843 5839 hoc
874 5763 1041 5839 titulo
1068 5766 1124 5815 ut
1157 5766 1242 5839 est
1267 5763 1322 5816 in
1350 5765 1554 5839 Codice
1584 5768 1839 5839 Lucensi,
1872 5775 2132 5839 superius

514 5834 648 5888 dixi.
685 5836 854 5887 Deest
870 5849 1004 5886 vero
1031 5833 1089 5886 in
1119 5833 1326 5887 eodem
1349 5835 1553 5890 Codice
1595 5855 1700 5894 vox
1728 5833 1906 5909 palea.
1938 5833 2127 5901 MANSI.

2230 5261 2375 5328 tum]
2393 5277 2687 5330 nunquam
2705 5265 2900 5313 sancta
2923 5259 3218 5329 Scriptura
3237 5259 3512 5313 declarat
3536 5261 3566 5315 “.7
3583 5263 3719 5318 Sed
3735 5277 3910 5333 neque

2231 5353 2539 5406 mundana:
2583 5355 2759 5423 leges,
2793 5353 3232 5406 connumeratis
3276 5354 3564 5423 personis
3599 5374 3746 5426 quia
3777 5357 3914 5410 inter

2231 5464 2289 5500 se
2318 5447 2544 5516 nuptias
2573 5448 2732 5501 nonb
2763 5447 3135 5515 contrahunt,
3171 5446 3242 5500 de
3272 5446 3645 5516 hujusmodi
3702 5446 3908 5520 aliquid

2232 5541 2444 5594 dicunt.
2476 5542 2554 5594 Ne
2597 5557 2735 5610 ergo
2781 5540 3083 5609 abnegelis
3125 5540 3288 5611 quod
3335 5542 3716 5611 negandum
3770 5543 3912 5598 nulla

2232 5634 2453 5688 ratione
2483 5635 2698 5689 docetis
2731 5631 2866 5704 [Al.,
2898 5634 3287 5704 monstratis].

2302 5777 2328 5818 ιι
2357 5780 2418 5832 In
2450 5779 2588 5834 Cod.
2617 5779 2748 5833 Luc.
2783 5777 2944 5850 deest
2969 5794 3102 5842 non,
3134 5783 3193 5833 et
3235 5780 3536 5850 sequitur,
3579 5781 3908 5839 contrahunt

2231 5849 2297 5901 de
2327 5867 2384 5903 re
2409 5851 2738 5917 hujusmodi.
2764 5849 2932 5902 Idem.
