3994 6406
723 720 730 726 .
893 531 1880 740 nnnnmc'rr
1977 581 2500 748 mira:
2603 624 2671 741 ι

321 823 1202 966 EPISTOLAa
1297 827 1531 964 ΑΙ)
1625 828 1734 965 Β

1833 830 2167 966 ΝΠ)
2263 827 3258 972 EPISCOPUM.

671 1145 909 1209 Probat
939 1165 1022 1210 ex
1063 1147 1264 1210 sacris
1291 1147 1546 1223 litteris,
1583 1165 1917 1211 summam
1946 1147 2330 1212 Trinitatem
2367 1149 2690 1213 unitatem
2727 1167 2891 1214 esse.

174 1275 665 1330 Reverendissimo
690 1278 851 1332 fratri
877 1279 1136 1350 episcopo
1165 1279 1335 1334 David
1359 1321 1373 1349 ,
1403 1280 1734 1335 Benedictus
1755 1293 1814 1365 Α
1834 1285 1970 1336 Deus
1999 1283 2190 1343 Israel,
2223 1285 2320 1352 qui
2341 1283 2486 1336 sedes
2527 1297 2686 1352 super
2728 1283 3000 1337 cherubim
3040 1282 3168 1352 (Isa.
3209 1283 3454 1353 xxxvn)?

107 1369 344 1422 salutem
374 1369 433 1423 in
461 1369 718 1426 Domino.

176 1462 540 1532 Respondere
584 1463 785 1517 litteris
831 1464 1026 1517 vestris
1050 1465 1272 1534 plenius
1317 1465 1593 1536 cogitavi;
1637 1466 1734 1520 sed

107 1570 232 1608 cum
262 1555 373 1609 hoc
398 1555 726 1623 meditarer,
749 1559 939 1611 tantus
959 1573 1047 1611 me
1063 1557 1222 1612 dolor
1237 1559 1440 1629 tetigit,
1471 1564 1532 1613 ut
1556 1559 1736 1630 magis

107 1647 237 1703 flere
263 1664 442 1719 quam
484 1647 701 1720 aliquid
741 1648 950 1717 dicere,
996 1650 1302 1704 delectatus
1343 1653 1468 1706 sim.
1516 1652 1622 1706 Sed
1663 1670 1734 1708 ne

104 1741 358 1795 funditus
380 1746 718 1810 remaneret,
742 1757 921 1812 pauca
940 1741 1095 1796 vobis
1114 1744 1417 1798 rescribere
1434 1745 1643 1812 curavi,
1665 1746 1735 1800 ad

106 1833 319 1906 potiora
351 1850 448 1888 vos
487 1837 740 1904 tempora
783 1851 1031 1904 congrue
1058 1834 1317 1890 invitans.
1361 1838 1518 1900 Quod
1541 1843 1732 1892 autem

105 1928 306 1982 litterae
354 1933 470 1981 tua:
517 1933 684 1981 testes
717 1932 868 1996 sunt,
901 1929 1176 1998 quosdam
1201 1929 1348 1982 intra
1387 1931 1734 2000 provinciam

106 2020 373 2074 Baeticam
398 2036 541 2087 esse,
565 2019 662 2090 qui
680 2019 954 2089 dicerent,
975 2021 1265 2074 neminem
1291 2023 1560 2077 veraciter
1576 2041 1735 2094 posse

104 2113 364 2184 probare,
393 2113 727 2166 Trinitatem
768 2113 1043 2166 unitatem
1081 2113 1224 2183 ﬁeri,
1255 2122 1384 2168 cum
1411 2132 1595 2186 neque
1625 2120 1736 2171 tres

105 2223 302 2276 unum,
325 2222 517 2278 neque
543 2222 724 2259 unum
749 2205 808 2259 in
834 2205 1014 2259 tribus
1041 2211 1226 2276 posset
1250 2224 1593 2279 quemquam
1611 2227 1737 2280 pro-

103 2299 221 2370 prie
245 2299 566 2371 approbare
611 2315 626 2352 :
672 2309 810 2368 quas
856 2299 927 2352 ob
975 2316 1186 2368 causas,
1233 2299 1588 2356 dilectissime
1633 2303 1732 2372 ﬁli,

103 2393 356 2446 consulta
407 2391 510 2446 tibi
557 2391 876 2461 apostolica:
908 2392 1054 2444 sedis
1082 2393 1337 2446 misimus
1363 2435 1378 2462 ,
1409 2399 1474 2448 ut
1511 2399 1610 2448 aut
1647 2395 1736 2449 his

104 2502 193 2541 eos
212 2485 281 2539 ad
314 2489 533 2539 rectam
571 2483 740 2538 ﬁdem
769 2483 1014 2538 converti
1049 2484 1235 2554 facias,
1281 2489 1380 2539 aut
1407 2486 1476 2540 ab
1505 2487 1737 2541 ecclesia

102 2585 406 2650 antequam
435 2577 609 2648 pestis
635 2577 756 2631 haec
788 2577 952 2631 latius
979 2577 1318 2648 divulgetur,
1357 2580 1612 2650 repellas.
1642 2580 1736 2634 His

1835 1374 1889 1428 Si
1916 1374 2100 1427 unitas
2127 1391 2242 1428 non
2267 1379 2368 1443 est,
2395 1391 2568 1444 quare
2599 1393 2612 1428 :
2641 1378 2738 1444 qui
2757 1376 2924 1436 sedes,
2946 1374 3106 1440 dixit,
3131 1380 3186 1430 et
3208 1392 3324 1430 non
3354 1375 3452 1446 qui

1834 1467 2056 1533 sedetis,
2071 1467 2396 1536 etadjunxit
2417 1466 2625 1538 [Labb.,
2645 1466 2940 1540 abstraxit]
2956 1467 2984 1522 ?
3011 1467 3065 1522 Si
3083 1467 3320 1522 Trinitas
3339 1485 3454 1523 non

1834 1564 1938 1628 est,
1967 1576 2138 1630 quare
2168 1559 2226 1614 in
2253 1561 2578 1631 Regnorum
2620 1561 2765 1614 libro
2810 1559 3032 1628 dicitur,
3080 1563 3296 1614 Domine
3322 1565 3458 1616 Deus

1833 1655 2178 1721 omnipotens,
2217 1657 2356 1707 Deus
2392 1655 2580 1716 Israel,
2615 1669 2874 1708 sermones
2915 1655 2998 1708 tui
3029 1654 3211 1722 ﬁdeles
3236 1659 3363 1708 sunt
3389 1655 3464 1722 (II

1834 1747 1960 1812 Reg.
1992 1760 2088 1813 vn,
2121 1746 2204 1800 III
2235 1748 2363 1814 Reg.
2391 1747 2546 1816 vni)?
2572 1745 2626 1800 Si
2651 1745 2835 1798 unitas
2867 1762 2980 1798 non
3007 1751 3108 1813 est,
3147 1762 3321 1816 quare
3349 1749 3453 1810 tui,

1834 1836 2057 1906 dicitur,
2089 1843 2144 1892 et
2169 1854 2307 1904 non,
2335 1837 2523 1905 vestri,
2561 1839 2746 1908 potius
2773 1838 3104 1892 intimetur?
3130 1838 3186 1892 Si
3213 1839 3454 1894 Trinitas

1835 1947 1947 1983 non
1974 1935 2072 1998 est,
2105 1947 2206 1984 cur
2233 1930 2292 1982 in
2335 1930 2552 2000 psalmo
2584 1947 2711 1985 Lvm
2749 1933 3007 1984 cantatur
3033 1948 3045 1984 :
3079 1934 3294 1986 Domine
3321 1937 3457 1990 Deus

1833 2027 2116 2084 virtutum,
2164 2025 2302 2076 Deus
2337 2024 2524 2084 Israel,
2564 2024 2778 2077 intende
2819 2023 2894 2076 ad
2934 2025 3240 2077 visitandas
3282 2040 3458 2081 omnes

1835 2118 2054 2185 gentes?
2095 2115 2150 2168 Si
2197 2115 2380 2169 unitas
2410 2131 2523 2168 non
2567 2122 2670 2184 est,
2711 2131 2884 2185 quare
2927 2117 3142 2169 intende
3169 2117 3374 2186 posuit,
3402 2123 3459 2171 et

1835 2225 1969 2276 non,
1998 2207 2290 2277 intendite,
2319 2213 2384 2262 ut
2419 2208 2752 2278 praedicatus
2779 2213 2882 2275 est,
2906 2207 3187 2262 intimavit
3205 2209 3232 2262 ?
3257 2209 3312 2263 Si
3337 2208 3454 2263 Tri-

1833 2301 1978 2355 nitas
2003 2317 2116 2354 non
2141 2305 2243 2366 est,
2271 2317 2444 2371 quare
2470 2301 2530 2354 in
2550 2299 2880 2370 Apocalypsi
2904 2300 3070 2354 tertio
3095 2301 3236 2354 dixit
3273 2317 3286 2355 :
3315 2304 3457 2358 San-

1833 2399 1966 2456 ctus,
1979 2398 2212 2455 sanctus,
2227 2398 2461 2456 sanctus,
2479 2397 2726 2448 Dominus
2748 2397 2882 2447 Deus
2893 2396 3239 2462 omnipotens,
3255 2397 3458 2463 quiest,

1834 2492 1884 2540 et
1898 2488 1992 2554 qui
2003 2491 2118 2540 erat
2135 2485 2320 2553 (Apoc.
2350 2486 2460 2553 1v)?
2491 2485 2542 2540 Si
2565 2485 2750 2538 unitas
2765 2501 2877 2537 non
2899 2487 3002 2549 est,
3017 2501 3189 2554 quare
3206 2502 3340 2555 non,
3359 2484 3460 2556 qui

1835 2584 1985 2645 sunt,
2015 2577 2323 2648 pluraliter,
2354 2578 2584 2646 sed,qui
2597 2582 2732 2638 erat,
2761 2577 3116 2647 designavit?
3139 2577 3195 2632 Si
3215 2578 3456 2632 Trinitas

105 2649 314 2742 (frater)
344 2670 768 2740 Scripturarum
797 2670 1131 2724 testimoniis
1167 2649 1432 2742 (Ithaciusi
1457 2673 1585 2728 adv.
1622 2676 1734 2730 Va-
1755 2649 1812 2722 B
1837 2687 1954 2725 non
1983 2676 2082 2738 est,
2115 2687 2289 2740 quare
2315 2670 2373 2724 in
2409 2669 2840 2724 Deuteronomio
2871 2669 3083 2723 dictum
3113 2673 3197 2723 est
3224 2686 3238 2724 :
3274 2673 3457 2726 Domi-

106 2765 394 2833 rimadum,
426 2781 478 2818 c.
512 2762 560 2833 1)
607 2763 885 2818 unitatem
914 2763 1195 2818 Trinitatis
1237 2781 1497 2836 agnosce,
1543 2769 1600 2820 et
1637 2767 1736 2820 de-

104 2858 218 2913 sine
268 2857 616 2912 Arianorum
664 2856 997 2928 pravitatem
1053 2857 1250 2928 sequi,
1306 2862 1368 2912 ut
1417 2858 1486 2912 ab
1543 2859 1739 2913 eadem

102 2951 275 3021 possis
328 2955 695 3023 peccatorum
747 2949 1164 3020 indulgentiam
1212 2951 1546 3022 promereri,
1601 2951 1740 3006 Isaia

102 3045 380 3116 propheta
405 3044 628 3099 dicente
657 3060 671 3097 :
721 3043 858 3100 Vide
897 3047 1180 3097 Dominum
1221 3044 1446 3098 sabaoth
1473 3045 1740 3099 sedentem

101 3153 259 3208 super
278 3139 539 3193 thronum
567 3137 850 3200 excelsum,
868 3142 918 3190 et
935 3138 1205 3206 seraphim
1231 3137 1448 3192 stabant
1471 3140 1526 3190 in
1542 3140 1736 3192 circui—

103 3237 157 3284 tu
185 3232 302 3300 ejus
330 3249 348 3285 :
377 3247 476 3286 sea:
499 3231 603 3284 ala:
629 3232 746 3292 uni,
787 3234 837 3282 et
868 3245 962 3284 sea:
987 3230 1091 3283 alw
1117 3230 1298 3284 alteri.
1333 3231 1549 3286 Duabus
1591 3233 1734 3285 vela-

104 3324 229 3378 bant
253 3326 456 3392 faciem
482 3323 614 3392 ejus,
643 3322 854 3376 duabus
873 3326 1052 3376 autem
1077 3323 1327 3376 vetabant
1347 3324 1509 3392 pedes
1539 3323 1668 3392 ejus,
1691 3330 1740 3378 et

101 3418 310 3472 duabus
334 3417 617 3472 rotabant.
649 3416 1053 3471 Iit-clamabant
1086 3416 1160 3470 ad
1187 3417 1526 3480 alterutrum,
1555 3419 1736 3472 dicen-

102 3515 173 3565 tes
201 3529 217 3564 :
245 3513 506 3572 Sanctus,
532 3515 772 3570 sanctus,
793 3514 1048 3574 sanctus;
1080 3511 1332 3564 Dominus
1359 3513 1494 3564 Deus
1515 3511 1740 3566 sabaoth

101 3603 224 3673 (Isa.
271 3604 371 3675 vi).
409 3603 472 3658 Si
500 3602 740 3656 Trinitas
765 3618 880 3655 non
911 3606 1012 3669 est,
1045 3618 1218 3672 quare
1261 3603 1447 3670 tertio,
1488 3608 1734 3674 sanctus,

98 3697 404 3751 dixerunt?
433 3697 501 3750 Et
526 3695 571 3749 si
600 3695 786 3749 unitas
811 3711 929 3749 non
949 3700 1050 3762 est,
1081 3711 1253 3764 quare
1283 3696 1384 3749 sub
1413 3697 1557 3749 trina
1582 3713 1738 3766 repe-

97 3791 292 3845 titione
319 3804 509 3844 unum
526 3789 702 3842 Deum
725 3804 787 3841 ac
805 3787 1107 3841 Dominum
1135 3787 1472 3842 iutimarunt
1489 3789 1516 3842 ?
1542 3789 1598 3844 Si
1623 3789 1738 3843 Tri-

97 3884 243 3937 nitas
272 3900 392 3937 non
423 3887 528 3948 est,
571 3897 673 3934 cur
696 3881 756 3934 in
789 3881 1066 3935 Geneseos
1092 3881 1296 3935 dicitur
1333 3898 1347 3934 :
1402 3884 1552 3936 Dixit
1577 3885 1734 3944 Deus,

95 3978 224 4043 fecit
251 3980 416 4038 Deus,
438 3981 489 4029 et
511 3975 780 4028 benedixit
801 3977 934 4028 Deus
963 3974 1166 4044 (Genes.
1198 3975 1272 4045 1)?
1297 3973 1351 4028 Si
1386 3990 1518 4028 vero
1549 3974 1735 4028 unitas

97 4086 211 4123 non
240 4073 348 4137 est,
379 4083 558 4139 quare
588 4066 754 4121 tertio
783 4067 944 4135 dixit,
977 4069 1140 4136 Deus,
1163 4072 1219 4122 et
1244 4084 1357 4121 non
1380 4051 1514 4122 (deos
1540 4069 1732 4138 plura-

96 4162 226 4217 liter
250 4159 713 4216 commendavit?
743 4161 808 4213 Et
843 4159 890 4213 si
922 4159 1162 4214 Trinitas
1189 4177 1303 4214 non
1330 4165 1432 4229 est,
1471 4178 1648 4233 quare
1677 4161 1735 4216 in

98 4255 287 4310 Exodo
315 4255 540 4308 dictum
581 4258 662 4307 est
686 4253 896 4307 tertio:
947 4256 1180 4315 Domine,
1229 4254 1458 4316 domine,
1502 4255 1730 4317 domine,

95 4351 388 4404 miserator
415 4352 467 4401 et
495 4347 792 4400 misericors
837 4347 1030 4415 (Exod.
1061 4347 1274 4416 xxxrv)?
1317 4347 1373 4401 Si
1401 4347 1587 4400 unitas
1615 4363 1733 4401 non

97 4447 198 4508 est,
225 4457 412 4512 quare
441 4439 578 4494 dum
605 4438 772 4494 tertio
803 4439 1028 4505 diceret,
1054 4439 1312 4507 Domine,
1338 4445 1528 4510 postea
1556 4440 1729 4494 mise-

95 4542 253 4593 rator
277 4537 652 4608 singulariter
669 4537 832 4604 dixit,
856 4539 913 4590 et
935 4553 1049 4590 non
1071 4537 1442 4604 miseratores,
1461 4542 1526 4592 ut
1542 4539 1730 4609 plures

93 4631 445 4698 ostenderet,
477 4629 798 4684 intimavit?
824 4629 878 4684 Si
893 4629 1133 4683 Trinitas
1158 4647 1275 4684 non
1302 4637 1402 4697 est,
1439 4647 1540 4684 cur
1566 4630 1735 4684 Abra-

92 4724 227 4780 ham
255 4725 328 4779 ad
359 4722 548 4778 ilicem
575 4723 819 4778 Mambre
841 4722 1058 4792 sedens,
1081 4723 1371 4794 tribusque
1414 4739 1731 4792 occurrens,

92 4820 194 4872 uni
224 4819 467 4879 domine,
498 4816 640 4870 dixit
674 4818 874 4884 (Genes.
905 4816 1090 4886 xviii);
1131 4821 1186 4870 et
1218 4833 1333 4870 non
1375 4816 1455 4886 (ut
1502 4817 1732 4886 viderat)

91 4915 274 4970 tribus
297 4913 656 4968 salutationis
676 4914 1008 4984 obsequium
1028 4913 1312 4968 reddidit?
1337 4914 1391 4968 Si
1412 4913 1596 4967 unitas
1618 4930 1734 4968 non

91 5008 196 5071 est,
241 5020 428 5076 quare
477 5020 609 5058 cum
658 5004 792 5058 Mos.
817 5003 1008 5070 (Exod.
1042 5003 1142 5073 ιιι),
1175 5007 1311 5058 Deus
1346 5003 1645 5066 Abraham,
1683 5008 1733 5056 et

89 5100 228 5153 Deus
263 5099 454 5160 Isaac,
485 5103 535 5150 et
581 5100 713 5152 Deus
755 5098 938 5159 Iacob,
980 5095 1146 5151 tertio
1183 5096 1410 5163 diceret,
1455 5097 1734 5152 unitatem

91 5191 423 5259 ostendens,
457 5191 568 5244 Hoc
590 5191 726 5244 mihi
753 5205 946 5244 nomen
971 5194 1066 5252 est,
1107 5189 1278 5258 dixit;
1331 5196 1387 5244 et
1425 5205 1562 5259 non,
1607 5191 1732 5243 Haec

91 5291 225 5340 sunt
249 5289 456 5340 nostra
482 5283 734 5351 nomina,
757 5282 1109 5354 designavit?
1136 5281 1192 5337 Si
1219 5283 1459 5338 Trinitas
1485 5299 1597 5337 non
1627 5286 1729 5353 est,

91 5395 266 5450 quare
298 5375 475 5431 David
506 5376 672 5430 tertio
696 5376 837 5430 dixit
881 5393 894 5430 :
933 5376 1218 5432 Benedicat
1250 5392 1344 5430 nos
1388 5379 1546 5439 Deus,
1597 5380 1733 5431 Deus

89 5477 290 5535 noster,
325 5470 610 5525 benedicat
649 5485 742 5523 nos
784 5472 918 5524 Deus
963 5469 1181 5538 (Psalm.
1229 5470 1412 5538 xcvi)?
1450 5470 1520 5534 Si.
1545 5468 1733 5523 unitas

89 5582 205 5619 non
231 5571 341 5631 est,
387 5578 569 5634 quare
604 5577 758 5628 cum,
796 5565 933 5618 Deus
985 5563 1148 5616 tertio
1176 5562 1542 5632 nominasset,
1576 5563 1730 5618 bene-

89 5659 260 5722 dicat,
291 5663 354 5712 et
379 5671 525 5724 non,
557 5655 909 5723 benedicant,
939 5655 1196 5727 adjunxit
1217 5656 1244 5710 ?
1273 5655 1328 5710 Si
1355 5654 1594 5710 Trinitas
1617 5672 1733 5710 non

91 5758 196 5823 est,
237 5767 346 5807 cur
373 5747 548 5804 Isaias
589 5747 774 5802 denuo
819 5748 1006 5804 dixit:
1046 5751 1266 5806 Domine
1310 5752 1446 5806 Deus
1487 5749 1730 5813 sabaoth,

1834 2780 1933 2818 nus
1959 2767 2094 2818 Deus
2125 2767 2276 2826 tuus,
2319 2766 2456 2818 Deus
2493 2765 2790 2818 misericors
2835 2767 2932 2826 est,
2983 2767 3035 2816 et
3068 2764 3254 2816 audiet
3285 2780 3459 2819 vocem

1837 2863 1987 2911 tuam
2017 2856 2248 2926 (Deuter.
2280 2855 2390 2926 iv)?
2415 2856 2470 2911 Si
2499 2856 2680 2909 unitas
2701 2872 2818 2910 non
2841 2860 2944 2924 est,
2967 2872 3140 2926 quare
3161 2857 3346 2910 audiet
3364 2873 3460 2928 po-

1837 2949 1966 3016 suit,
2001 2952 2057 3002 et
2091 2965 2206 3002 non
2242 2949 2491 3017 audient,
2522 2948 2839 3003 intimavit?
2865 2949 2918 3003 Si
2944 2949 3183 3002 Trinitas
3212 2966 3326 3004 non
3355 2957 3458 3016 est,

1837 3059 2010 3114 quare
2034 3042 2093 3096 in
2119 3043 2247 3096 Jesu
2272 3043 2418 3096 Nave
2443 3042 2645 3096 dicitur
2669 3042 2814 3096 libro
2837 3058 2852 3096 :
2888 3045 3144 3098 Dominus
3169 3047 3306 3098 Deus
3332 3043 3458 3099 deo-

1835 3151 1956 3190 rum
1983 3141 2062 3190 est
2085 3135 2254 3206 (Iosue
2281 3152 2354 3204 11;
2383 3138 2536 3190 Deut.
2566 3136 2656 3206 x)?
2697 3135 2754 3189 Si
2793 3136 2977 3189 unitas
3007 3153 3122 3190 non
3157 3141 3257 3202 est,
3287 3124 3465 3208 quare

1836 3235 1932 3292 est,
1963 3228 2125 3293 dixit,
2155 3234 2209 3283 et
2243 3246 2381 3296 non,
2427 3235 2578 3295 sunt,
2607 3245 2764 3282 more
2795 3228 3094 3283 locutionis
3120 3229 3378 3286 induxit?
3408 3231 3463 3286 Si

1835 3322 2075 3376 Trinitas
2111 3339 2226 3376 non
2265 3327 2368 3391 est,
2407 3337 2581 3392 quare
2603 3322 2749 3375 Elias
2777 3322 2988 3376 orando
3010 3323 3109 3390 (III
3127 3327 3255 3392 Reg.
3283 3326 3459 3394 xvm),

1837 3418 2074 3479 Domine,
2101 3416 2331 3478 domine,
2368 3416 2576 3469 domine
2612 3419 2746 3470 Deus
2771 3416 2958 3478 Israel,
2993 3417 3204 3470 ostende
3247 3419 3376 3486 quia
3404 3423 3464 3472 tu

1837 3525 1887 3564 es
1916 3512 2052 3564 Deus
2080 3524 2246 3571 meus,
2279 3507 2464 3562 dixit?
2490 3507 2547 3562 Si
2576 3508 2763 3561 unitas
2787 3524 2901 3560 non
2927 3513 3028 3575 est,
3058 3525 3252 3579 quare,
3282 3515 3458 3564 osten-

1836 3604 1920 3664 de,
1949 3607 2005 3656 et
2042 3617 2160 3655 non
2197 3600 2491 3670 ostendite,
2539 3601 2767 3670 posuit?
2805 3600 2858 3655 Si
2907 3600 3144 3654 Trinitas
3187 3618 3302 3654 non
3351 3607 3457 3670 est,

1835 3711 1936 3748 cur
1963 3694 2340 3748 Mardochmus
2371 3693 2580 3747 orando
2611 3693 2834 3762 (Esther.
2864 3695 2998 3764 xm),
3029 3695 3266 3756 Domine,
3285 3695 3456 3748 domi-

1834 3804 1898 3842 ne
1919 3792 2052 3842 Deus
2070 3789 2416 3857 omnipotens,
2439 3789 2618 3841 omnia
2638 3789 2696 3840 in
2709 3791 2971 3856 potestate
2997 3792 3092 3840 tua
3113 3792 3261 3850 sunt,
3284 3788 3460 3842 dixit?

1835 3881 1890 3936 Si
1919 3881 2104 3936 unitas
2127 3897 2242 3934 non
2285 3885 2386 3948 est,
2437 3895 2612 3950 quare
2649 3881 2707 3932 in
2751 3884 2845 3934 tua
2894 3880 3099 3950 posuit,
3143 3885 3200 3934 et
3238 3897 3355 3934 non
3397 3881 3460 3936 in

1833 3977 2035 4041 vestra,
2091 3973 2370 4045 signavit?
2423 3973 2482 4028 Si
2530 3973 2770 4026 Trinitas
2811 3990 2927 4028 non
2980 3979 3082 4042 est,
3136 3990 3236 4028 cur
3285 3975 3458 4030 etiam

1833 4068 2027 4122 Iudith
2055 4067 2266 4122 orando
2295 4067 2439 4120 dixit
2467 4083 2480 4121 :
2510 4070 2726 4121 Domine
2750 4069 2886 4122 Deus
2910 4069 3146 4122 omnium
3170 4069 3456 4132 virtutum,

1833 4164 2029 4231 respice
2068 4163 2125 4214 in
2165 4164 2458 4215 orationem
2505 4177 2681 4215 meum
2739 4161 2963 4231 (Iudith.
3012 4161 3123 4232 1x)?
3166 4161 3224 4216 Si
3273 4162 3462 4216 unitas

1834 4271 1950 4310 non
1977 4259 2080 4321 est,
2128 4271 2323 4324 quare,
2372 4257 2591 4324 respice,
2639 4253 2844 4324 posuit,
2891 4258 2948 4308 et
2992 4271 3128 4323 non,
3177 4255 3456 4325 respicite,

1832 4347 2181 4418 designavit?
2220 4347 2276 4402 Si
2313 4347 2550 4400 Trinitas
2592 4363 2705 4400 non
2748 4352 2851 4414 est,
2903 4363 3079 4418 quare
3117 4346 3176 4400 in
3218 4348 3461 4403 Ieremia

1831 4441 2055 4509 dicitur,
2082 4443 2338 4495 Dominus
2375 4443 2510 4495 Deus
2545 4445 2716 4494 vester
2751 4443 2886 4494 Deus
2928 4455 3097 4494 veram
3123 4443 3200 4494 est
3245 4439 3453 4508 (Ierem.

1833 4535 1922 4602 x)?
1949 4533 2004 4588 Si
2033 4533 2219 4587 unitas
2245 4549 2359 4586 non
2385 4537 2486 4599 est,
2518 4549 2710 4602 quare,
2734 4549 2900 4586 veras:
2923 4538 3018 4594 est,
3051 4532 3214 4598 dixit,
3241 4538 3452 4602 etnon,

1832 4643 2074 4696 veraces,
2099 4627 2284 4696 potius
2307 4624 2630 4679 intimavit?
2659 4625 2714 4680 Si
2745 4625 2983 4678 Trinitas
3010 4641 3124 4678 non
3149 4630 3252 4693 est,
3281 4641 3456 4696 quare

1832 4720 1892 4775 in
1917 4719 2245 4790 Apocalypsi
2272 4719 2540 4790 scriptum
2569 4723 2654 4772 est
2685 4735 2698 4772 ε
2737 4721 2992 4773 Dominus
3030 4722 3166 4774 Deus
3209 4723 3260 4773 et
3286 4721 3453 4788 spiri-

1834 4821 1917 4870 tus
1940 4815 2328 4884 prophetarum
2351 4814 2498 4866 misit
2521 4813 2771 4881 angelum
2789 4829 2962 4878 suum,
2995 4812 3266 4866 ostendere
3288 4815 3456 4868 servis

1830 4912 1944 4964 suis
1977 4924 2096 4978 qua
2115 4911 2318 4976 oportet
2339 4909 2458 4975 ﬁeri
2475 4910 2575 4960 cito
2604 4907 2788 4976 (Apoc.
2817 4904 2896 4977 1)?
2915 4905 2971 4959 Si
2997 4905 3182 4958 unitas
3205 4921 3320 4960 non
3349 4911 3452 4974 est,

1832 5018 2006 5072 quare
2035 5017 2164 5055 cum
2191 5002 2415 5054 Patrem
2441 5003 2496 5053 et
2520 4998 2722 5052 Filium
2742 5004 2798 5053 et
2823 4997 3093 5069 Spiritum
3113 4999 3452 5067 nominasse,

1829 5097 1978 5150 misit
2005 5097 2278 5156 Dominus,
2311 5093 2471 5162 dixit,
2499 5097 2555 5146 et
2577 5109 2710 5160 non,
2740 5091 3036 5158 miserunt,
3055 5091 3157 5144 sub
3179 5095 3457 5162 praetextu

1831 5189 2005 5242 trium
2018 5203 2382 5258 personarum
2396 5192 2450 5240 et
2464 5186 2760 5240 nominum
2773 5185 3124 5240 introduxit?
3145 5185 3200 5240 Si
3215 5185 3456 5238 Trinitas

1831 5297 1945 5334 non
1971 5286 2074 5349 est,
2106 5297 2281 5351 quare
2323 5279 2384 5332 in
2428 5278 2856 5334 Denteronomio
2898 5277 3106 5332 dicitur
3146 5297 3160 5332 :
3205 5281 3458 5333 Dominus

1832 5378 1968 5429 Deus
1996 5378 2166 5428 vester
2191 5375 2275 5426 hic
2300 5378 2394 5436 est,
2423 5376 2558 5427 Deus
2589 5373 2759 5442 (Deut.
2788 5371 2882 5441 x)?
2917 5371 2971 5426 Si
2997 5371 3183 5424 unitas
3209 5388 3325 5426 non
3353 5377 3456 5442 est,

1831 5483 2024 5539 quare,
2054 5469 2152 5522 Hic
2177 5472 2272 5534 est,
2301 5465 2462 5531 dixit,
2490 5470 2546 5520 et
2569 5482 2702 5533 non,
2726 5465 2784 5518 lii
2809 5469 2959 5531 sunt,
2983 5463 3189 5534 plurali
3214 5481 3456 5519 numero

1832 5559 2176 5632 designavit?
2203 5559 2261 5614 Si
2289 5557 2528 5612 Trinitas
2565 5575 2684 5612 non
2713 5563 2816 5628 est,
2847 5573 3021 5630 quare
3052 5557 3112 5611 in
3143 5559 3342 5612 eodem
3365 5557 3454 5612 di-

1831 5653 1977 5707 citur
2003 5653 2146 5707 libro
2180 5669 2193 5706 :
2225 5654 2476 5708 Dominus
2502 5655 2640 5707 Deus
2671 5657 2792 5706 tuus
2813 5694 2830 5715 ,
2863 5655 2997 5706 Deus
3025 5666 3254 5721 magnus
3279 5655 3330 5704 et
3351 5663 3454 5719 po-

1833 5750 1942 5802 tens
1970 5751 2046 5802 est
2073 5746 2254 5818 (Ibid)
2267 5747 2294 5801 ?
2311 5746 2370 5802 Si
2393 5745 2578 5801 unitas
2594 5761 2709 5800 non
2729 5750 2831 5814 est,
2851 5760 3045 5816 quare,
3056 5756 3283 5811 magnus
3294 5745 3344 5796 et
3351 5752 3452 5808 po-

168 5904 196 5933 "
224 5903 391 5959 Falsa
418 5903 481 5953 et
505 5899 892 5955 commentitia
915 5900 986 5956 ab
1011 5901 1212 5958 eodem
1236 5903 1538 5959 Mercatore
1568 5901 1814 5972 farrago.
1837 5901 2011 5957 LABB.
