3994 6406
153 390 258 448 689

814 390 1134 454 EPISTOLA
1171 398 1396 466 PRIMA,
1437 401 1524 454 AD
1561 385 1867 456 smmum
1897 378 2292 456 'GRE'GORIUM
2340 400 2578 457 PAPAM.

3416 401 3518 460 690

149 515 291 608 doro
321 513 636 608 Hispalensi
666 515 736 572 de
765 516 969 590 Script.
995 519 1204 574 Eccles.
1242 533 1364 592 cap.
1395 523 1484 588 29,
1515 537 1626 592 pag
1657 563 1670 576 .
1695 524 1782 592 89,
1807 507 1867 608 Ᾰ
1887 523 2152 577 stinctnm
2176 522 2246 576 ab
2279 523 2520 577 aemulis.
2551 523 2626 576 De
2655 523 2925 578 Liciniani
2951 519 3236 596 opusculis
3261 529 3319 580 et
3341 526 3515 581 Pseu-

149 607 292 660 etin
341 607 412 664 iis
446 608 735 681 prmeipue
763 609 1062 682 epistolam
1101 612 1170 665 de
1201 611 1559 667 Sacramento
1598 614 1785 684 bapti-

148 697 377 769 smatis,
426 701 498 757 ad
547 699 881 774 Eutropium
935 703 1214 774 abbatem,
1269 708 1468 776 postea
1521 705 1788 760 Valentiae

147 791 508 866 episcopum,
537 793 636 864 qui
676 793 746 850 ab
785 811 850 849 eo
887 795 1142 867 petierat,
1171 813 1344 868 quare
1383 797 1672 868 baptizatis
1707 799 1789 854 in-

145 885 404 940 fantibus
453 885 776 944 chrismatis
832 889 1024 942 unctio
1075 889 1467 946 tribueretur?
1517 891 1614 944 sed
1665 891 1787 946 haec

143 975 388 1048 epistola
403 978 635 1050 periisse
662 979 903 1035 videtur.
927 981 1124 1036 Subdit
1152 983 1416 1052 Isidorus,
1434 982 1787 1038 Licinianum

142 1071 639 1145 Constantinopoli
675 1073 1023 1144 occubuisse,
1069 1071 1304 1145 veneno,
1355 1079 1417 1132 ut
1457 1077 1666 1144 ferunt,
1697 1094 1790 1135 ex-

1886 614 2192 668 domaximi
2219 613 2279 670 in
2316 613 2591 669 Chronico
2631 614 2776 672 circa
2823 617 2921 671 illa
2971 616 3226 688 ﬁngendi
3268 618 3514 690 licentia,

1885 723 2000 760 non
2043 723 2221 777 pauca
2248 707 2462 762 notavit
2488 707 2831 762 clarissimus
2858 709 3134 764 Antonius
3179 709 3320 764 Bibl.
3358 709 3512 782 Hisp.

1885 800 2005 853 Vet.
2035 799 2133 854 lib.
2164 815 2236 868 1v,
2279 816 2402 870 cap.
2443 803 2497 865 2,
2544 817 2600 871 p.
2631 804 2758 866 2H,
2790 807 2896 856 etc.
2930 803 3234 874 Epistolam
3275 803 3345 858 ad
3377 805 3512 859 Gre-

1887 891 2109 962 gorium
2144 909 2350 963 papam
2375 893 2443 947 de
2470 893 2613 948 libro
2641 895 2988 964 Regularum
3031 896 3197 968 eruit,
3225 895 3513 970 ediditque

1886 983 2188 1039 Dacherius
2226 985 2491 1060 Spicileg.
2519 991 2638 1042 tom
2667 987 2731 1056 ll,
2759 1003 2892 1060 pag.
2920 989 3046 1048 368.

1069 1347 1465 1426 LICINIANI,
1516 1350 2204 1420 CARTHAGINENSIS
2249 1355 2625 1434 EPISCOPI,

329 1487 891 1582 EPISTOLA
959 1491 1338 1595 PRIMA,
1397 1495 1549 1584 AD
1614 1495 2136 1590 SANCTUM
2203 1498 2864 1593 GREGORIUM
2931 1501 3340 1594 PAPAM.

1475 1627 1570 1699 (De
1608 1629 1754 1686 libro
1799 1632 2195 1708 Regularum.)

1613 1745 2024 1760 *—

209 1809 458 1866 Domino
482 1809 806 1866 beatissimo
830 1811 1101 1886 Gregorio
1127 1831 1287 1889 papae
1313 1815 1628 1872 Licinianus
1653 1817 1774 1888 epi-
1798 1831 1853 1904 B
1877 1817 1988 1874 vita
2005 1817 2125 1875 sine
2153 1818 2462 1892 [Ms.‘Tolet.
2491 1821 2603 1877 sive
2631 1821 2706 1896 in]
2735 1823 3002 1894 potentia,
3021 1824 3291 1895 quoniam
3312 1825 3506 1880 omnia

128 1919 365 1976 scopus.

205 1995 450 2052 Librum
473 1998 820 2070 Regularum
847 2016 880 2054 a
901 1999 1202 2055 Sanctitate
1231 2003 1328 2054 tua
1353 2001 1588 2069 editum,
1621 2005 1678 2057 et
1707 2003 1777 2058 ad

123 2105 237 2144 nos
265 2089 460 2144 divina
491 2091 672 2162 gratia
714 2091 1026 2164 opitulante
1067 2093 1370 2164 perlatum,
1402 2099 1558 2149 tanto
1597 2095 1776 2150 liben-

125 2184 250 2236 tius
275 2182 545 2254 legimus,
576 2189 788 2256 quanto
817 2185 876 2240 in
906 2202 972 2239 eo
1008 2185 1285 2256 spiritales
1323 2187 1550 2258 regulas
1592 2187 1773 2244 inesse

125 2275 558 2346 cognoscimus.
589 2276 723 2340 Quis
748 2293 864 2332 non
891 2277 1158 2333 libentius
1176 2279 1346 2350 legat,
1375 2279 1476 2337 ubi
1497 2268 1626 2351 jugi
1651 2296 1769 2336 me-

123 2367 413 2423 ditatione
439 2368 779 2424 medicinam
805 2370 1014 2424 animas
1055 2387 1170 2424 suae
1204 2369 1468 2440 inveniat,
1509 2372 1610 2426 ubi
1635 2389 1768 2428 con-

123 2461 372 2532 temptis
415 2461 588 2531 hujus
613 2461 804 2518 seaculi
829 2462 999 2518 rebus
1025 2463 1246 2518 caducis
1273 2464 1333 2518 in
1366 2480 1466 2518 sua
1485 2465 1770 2520 mutabili-

121 2559 246 2609 tate
283 2553 658 2622 variantibus,
705 2555 775 2610 ad
821 2559 1048 2610 seternae
1073 2557 1201 2610 vitae
1243 2557 1538 2611 stationem
1577 2559 1769 2612 oculos

119 2645 347 2702 mentis
369 2646 586 2718 aperiat
603 2647 630 2702 ?
656 2647 823 2702 Liber
846 2647 938 2702 hic
959 2653 1090 2703 tuus
1115 2649 1372 2704 omnium
1401 2655 1484 2704 est
1504 2651 1633 2704 aula
1657 2651 1769 2706 vir-

119 2743 348 2795 tutum.
375 2739 492 2794 Illic
523 2741 826 2810 prudentia
841 2741 990 2795 inter
1004 2741 1219 2796 bonum
1245 2746 1302 2797 et
1329 2741 1541 2796 malum
1557 2743 1763 2798 discre-

117 2831 350 2888 tionem
376 2829 576 2886 limitis
609 2831 776 2904 ﬂ‘git:
819 2833 1038 2904 justitia
1077 2834 1382 2906 unicuique
1423 2851 1522 2889 sua
1547 2835 1762 2906 tribuit,

118 2927 272 2981 dum
317 2927 431 2980 Deo
457 2925 728 2994 animam,
773 2941 1088 2999 corpusque
1136 2927 1340 2980 animas
1389 2927 1598 2982 subdit.
1652 2928 1766 2982 lllic

115 3017 412 3073 fortitudo
439 3017 611 3072 etiam
635 3015 697 3072 in
726 3017 973 3073 adversis
1003 3023 1060 3072 et
1087 3018 1148 3073 in
1181 3019 1462 3090 prosperis
1486 3020 1766 3090 reperitur

118 3127 366 3182 semper
385 3109 638 3181 aequalis,
661 3126 788 3182 quae
813 3126 917 3165 nec
943 3112 1002 3164 in
1025 3110 1320 3166 contrariis
1344 3113 1642 3184 frangitur,
1661 3129 1766 3168 nec

1875 1927 2012 1965 vana
2039 1913 2142 1966 sub
2175 1913 2309 1968 sole.
2355 1913 2464 1968 Sed
2510 1931 2650 1986 opus
2680 1915 2894 1986 ipsum,
2935 1917 3086 1989 quod
3111 1933 3214 1988 per
3239 1915 3505 1972 eumdem

1873 2004 2152 2060 honorem
2176 2005 2261 2059 vel
2287 2007 2594 2078 potentiam
2619 2008 2701 2076 fit,
2731 2007 2774 2060 si
2803 2012 2952 2062 recte
2979 2013 3148 2078 atque
3179 2009 3391 2064 utiliter
3415 2008 3500 2077 ﬁt,

1873 2095 1930 2149 id
1970 2103 2072 2166 est,
2099 2101 2165 2152 ut
2207 2097 2386 2152 valeat
2416 2099 2487 2153 ad
2533 2115 2658 2152 eam
2699 2100 2937 2154 salutem
2975 2100 3329 2154 subditorum
3373 2117 3504 2172 quas

1873 2187 2184 2244 secundum
2213 2191 2391 2244 Deum
2427 2195 2580 2246 est.»
2606 2193 2843 2263 Propter
2867 2192 3022 2263 quod
3057 2191 3136 2246 ait
3157 2193 3452 2264 Apostolus
3483 2210 3499 2248 :

1871 2283 1975 2348 Qui
2025 2285 2386 2351 episcopatum
2441 2283 2734 2346 desiderat,
2790 2299 2921 2353 opus
2971 2284 3164 2339 bonum
3207 2285 3499 2340 desiderat.

1869 2373 2159 2446 Exponere
2187 2373 2366 2429 voluit
2389 2373 2526 2447 quid
2552 2375 2623 2430 sit
2649 2375 2963 2448 episcopus,
3001 2376 3134 2448 quia
3171 2393 3380 2432 nomen
3415 2382 3500 2432 est

1868 2466 2072 2536 operis,
2124 2483 2240 2520 non
2293 2467 2561 2522 honoris:
2614 2469 2870 2522 Grmcum
2925 2473 3010 2523 est
3049 2469 3222 2538 enim,
3268 2474 3324 2524 et
3365 2469 3498 2524 inde

1867 2558 2100 2612 ductum
2139 2559 2492 2627 vocabulum,
2553 2561 2703 2631 quod
2748 2560 2840 2615 ille
2879 2560 2977 2631 qui
3027 2561 3364 2632 praeﬁcitur,
3415 2562 3496 2616 eis

1865 2650 2070 2721 quibus
2087 2650 2393 2722 praeficitur
2409 2652 2840 2722 superintendit,
2858 2668 3051 2706 curam
3069 2653 3276 2708 scilicet
3295 2669 3494 2708 eorum

1867 2759 2069 2814 gerens
2096 2759 2109 2798 :
2139 2743 2430 2815 episcopus
2463 2741 2582 2816 [Ms.
2621 2745 2810 2811 Tolet.,
2839 2743 3188 2816 episcopatus
3219 2747 3491 2818 episcopi]

1865 2835 2074 2908 quippe
2103 2835 2339 2890 intentio
2363 2841 2466 2891 est.
2497 2837 2644 2908 Ergo
2673 2837 3019 2908 episc0pum,
3048 2838 3094 2892 si
3123 2839 3362 2893 velimus
3383 2839 3490 2893 La-

1863 2928 1998 2997 tine,
2027 2929 2490 3000 superintendere
2521 2928 2643 3000 [Ms.
2676 2929 2866 2993 Tolet.,
2905 2929 3485 3004 superintendentem]

1864 3037 2095 3092 possum
2121 3021 2328 3078 dicere.
2365 3023 2433 3078 Ut
2457 3021 2732 3093 intelligat
2759 3037 2874 3076 non
2899 3039 2958 3078 se
2986 3039 3106 3078 esse
3141 3023 3488 3094 episcopum,

1863 3113 1963 3185 qui
1988 3131 2232 3185 praeesse
2261 3115 2464 3170 dixerit
2497 3114 2616 3187 [Ms.
2653 3117 2842 3178 Tolet.,
2871 3115 3174 3189 dilexerit],
3203 3133 3317 3170 non
3351 3133 3488 3188 pro-

115 3207 182 3259 in
213 3204 503 3275 prosperis
527 3205 824 3258 exaltatur.
854 3204 970 3258 Illic
996 3204 1372 3275 temperantia
1409 3205 1661 3259 furorem
1691 3206 1762 3260 li-
1785 3187 1838 3260 C
1864 3205 2042 3260 desse.
2087 3207 2166 3260 Ita
2221 3207 2375 3262 enim
2427 3209 2497 3262 ab
2547 3209 2732 3262 studio
2777 3187 3179 3280 cognoscendae
3240 3187 3490 3264 veritatis

113 3297 344 3352 bidinis
403 3297 646 3368 frangit,
693 3296 1044 3368 discreteque
1103 3297 1478 3368 voluptatibus
1532 3299 1766 3353 modum

112 3390 395 3462 imponit.
427 3389 542 3445 Illic
595 3393 797 3444 cuncta
834 3405 963 3460 quas
1004 3389 1075 3444 ad
1115 3389 1242 3444 vita:
1275 3394 1502 3444 aeternae
1545 3391 1766 3462 partici-

109 3485 289 3556 pium
316 3483 608 3554 pertinent
633 3481 1065 3554 comprehendis
1091 3498 1105 3536 :
1139 3487 1196 3536 et
1219 3497 1334 3536 non
1361 3483 1546 3538 solum
1580 3487 1766 3555 pasto-

111 3577 286 3632 ribus
311 3575 576 3646 regulam
588 3573 810 3630 vivendi
827 3570 1116 3642 describis,
1131 3575 1228 3630 sed
1255 3575 1430 3631 etiam
1455 3575 1546 3630 his
1569 3575 1670 3646 qui
1680 3593 1766 3632 re-

112 3668 365 3742 giminis
377 3667 632 3727 ofﬁcium
643 3667 870 3722 nullum
887 3667 1002 3724 hab
1009 3671 1124 3735 ent,
1142 3667 1368 3724 vivendi
1393 3669 1650 3740 regulam
1669 3669 1765 3724 tri-

109 3762 274 3818 buis.
290 3761 513 3816 Habent
533 3760 686 3815 enim
703 3765 954 3831 pastores
969 3760 1028 3814 in
1047 3761 1560 3832 quadripartitatua
1581 3762 1764 3817 distri-

1861 3313 2030 3353 nemo
2058 3301 2411 3371 prohibetur,
2439 3301 2590 3372 quod
2611 3301 2680 3355 ad
2702 3301 2984 3356 laudabile
3003 3302 3250 3372 pertinet
3274 3303 3486 3356 otium:

1862 3391 2016 3446 locus
2044 3408 2174 3446 vero
2200 3393 2475 3463 superior,
2511 3393 2630 3447 sine
2656 3410 2769 3464 quo
2804 3393 2925 3464 regi
2962 3393 3206 3464 populus
3243 3411 3360 3448 non
3393 3411 3490 3465 po-

1863 3488 1987 3554 test,
2017 3485 2118 3538 etsi
2144 3485 2222 3539 ita
2247 3489 2507 3540 teneatur
2539 3490 2708 3556 atque
2747 3484 3170 3540 administretur
3211 3491 3273 3540 ut
3305 3487 3484 3554 decet,

1861 3583 2055 3632 tamen
2071 3577 2399 3632 indecenter
2422 3577 2726 3649 appetitur.
2753 3579 3136 3642 Quamobrem
3162 3577 3341 3632 otium
3362 3595 3488 3633 san-

1861 3674 2016 3726 ctum
2082 3671 2290 3742 quaerit
2339 3671 2581 3726 Charitas
2629 3687 2642 3725 :
2698 3670 3076 3742 percipiendae
3130 3687 3195 3726 ac
3258 3671 3486 3727 tuendae

1861 3763 2173 3818 vacandum
2199 3767 2284 3818 est
2307 3763 2528 3818 veritati
2561 3761 2680 3834 [Ms.
2705 3764 2894 3830 Tolct.,
2916 3763 3163 3818 veritatis
3192 3764 3485 3834 negotium

109 3855 364 3910 butione
392 3853 588 3924 quales
612 3854 682 3908 ad
706 3855 812 3908 hoc
837 3853 1090 3908 ofﬁcium
1104 3853 1330 3909 veniant
1346 3855 1568 3925 ;quales
1586 3854 1762 3910 vitam
1853 3857 2075 3928 justum
2101 3855 2332 3928 suscipit
2373 3855 2671 3910 necessitas
2702 3855 3032 3928 charitatis].
3065 3856 3118 3912 Si
3155 3861 3344 3910 autem
3383 3855 3488 3910 im-

110 3951 332 4022 gerant
353 3963 486 4002 cum
511 3947 776 4002 venerint
797 3964 814 4016 ;
841 3947 1084 4018 qualiter
1105 3947 1192 4001 vel
1213 3945 1400 4018 qualia
1415 3947 1648 4002 doceant
1667 3964 1684 4016 ;
1707 3953 1763 4002 et

107 4059 192 4098 ne
207 4041 269 4096 in
283 4043 444 4094 tanto
455 4041 782 4094 sacerdotali
793 4040 1038 4095 culmine
1051 4040 1556 4112 extollantur,quid
1569 4045 1756 4110 agant.

190 4136 549 4188 Attestantur
587 4131 721 4187 huic
758 4133 983 4188 eximias
1023 4131 1292 4187 doctrinae
1331 4133 1504 4187 sancti
1541 4132 1760 4204 antiqui

105 4230 317 4284 Patres
365 4223 638 4296 doctores,
693 4225 1126 4296 defensoresque
1170 4225 1450 4294 Ecclesiae,
1495 4225 1757 4295 Hilarius,

106 4318 477 4388 Ambrosius,
506 4320 876 4390 Augustinus,
907 4319 1210 4390 Gregorius
1243 4318 1616 4372 Nazianzenus
1645 4335 1658 4372 :
1699 4314 1760 4372 hi

107 4427 326 4468 omnes
349 4411 738 4466 testimonium
759 4411 862 4466 tibi
875 4411 1152 4484 praebent,
1173 4411 1594 4481 sicutapostolis
1621 4427 1761 4482 prae-

107 4503 379 4557 buerunt
401 4499 716 4571 prophetae.
748 4499 989 4554 Hilarius
1017 4503 1240 4554 sanctus
1279 4499 1434 4567 dicit,
1473 4516 1760 4572 exponens

108 4593 299 4648 verba
344 4593 594 4664 Apostoli
646 4590 886 4648 doctoris
937 4591 1215 4664 gentium.
1248 4593 1328 4646 lta
1365 4593 1575 4647 etenim
1631 4609 1760 4664 quae

107 4685 374 4759 prOpria:
391 4685 703 4756 disciplina:
720 4690 776 4740 et
788 4701 1016 4740 morum
1035 4689 1185 4751 sunt,
1217 4685 1286 4739 ad
1314 4685 1605 4740 sacerdotii
1632 4702 1754 4740 me-

106 4781 300 4836 ritum
329 4777 492 4834 utilia
517 4795 636 4832 esse
667 4779 964 4850 signiﬁcat,
993 4779 1037 4832 si
1067 4778 1237 4833 etiam
1265 4779 1388 4832 11830
1417 4794 1544 4848 qum
1571 4778 1641 4833 ad
1661 4778 1758 4833 do-

106 4872 320 4928 cendte
346 4887 411 4926 ac
443 4872 708 4927 tenendae
743 4871 875 4926 ﬁdei
920 4869 1567 4926 scientiamnecessaria
1603 4873 1754 4940 sunt,

101 4968 272 5022 inter
320 4964 540 5036 reliqua
579 4981 695 5019 non
739 4963 1016 5020 deerunt:
1061 4964 1192 5036 quia
1233 4980 1349 5018 non
1397 4963 1586 5018 statim
1619 4962 1756 5018 boni

103 5061 294 5129 atque
323 5057 477 5112 utilis
504 5057 808 5112 sacerdotis
833 5062 936 5126 est,
969 5060 1070 5112 aut
1089 5057 1487 5112 tantummodo
1515 5056 1759 5112 scienter

110 5152 248 5225 [Ms.
322 5152 486 5206 Tolet.
557 5150 908 5224 innocenter]
961 5165 1130 5221 agere
1148 5191 1162 5218 ,
1214 5153 1314 5204 aut
1362 5150 1757 5204 tantummodo

104 5245 365 5300 scienter
387 5243 727 5314 praedicare;
756 5259 882 5298 cum
912 5248 968 5298 et
995 5243 1264 5297 innocens
1292 5247 1513 5296 tantum
1533 5242 1620 5296 sui
1647 5242 1758 5296 suf-

105 5335 270 5392 ﬁciat
296 5336 346 5390 si
375 5334 495 5408 [Ms.
526 5335 713 5407 Τοῖσι]
748 5335 854 5389 sibi
887 5335 1146 5406 proﬁciat
1182 5334 1312 5403 nisi,
1355 5334 1550 5388 doctus
1577 5335 1667 5403 sit,
1701 5339 1759 5389 et

102 5432 316 5486 doctus
341 5428 450 5482 nisi
478 5428 733 5482 doctrina
761 5427 1018 5483 vivendo.

184 5523 502 5578 Attestatur
531 5521 665 5576 huic
697 5519 818 5592 [Ms.
852 5522 1040 5584 Talea,
1091 5521 1149 5576 Si
1173 5521 1488 5574 doctrinam
1522 5520 1759 5576 vivendo

97 5631 231 5675 non
283 5614 536 5684 adjuvet,
585 5613 820 5668 omnino
869 5613 973 5668 sibi
1015 5613 1159 5668 nihil
1201 5613 1398 5684 prosit.
1455 5616 1760 5668 Attestatur

99 5709 268 5777 huic,
295 5707 432 5777 etc.]
461 5707 605 5761 libro
631 5685 730 5760 tuo
755 5713 982 5761 sanctus
1010 5706 1339 5761 Ambrosius
1363 5705 1423 5759 in
1456 5705 1568 5760 illis
1598 5706 1760 5760 libris

101 5816 259 5878 quos
284 5801 420 5855 fecit
459 5799 530 5854 de
553 5798 784 5854 Ofﬁciis.
806 5801 1115 5854 Attestatur
1141 5804 1366 5854 sanctus
1405 5799 1758 5869 Augustinus

101 5899 352 5956 dicens:
386 5913 416 5944 «
453 5893 519 5948 In
543 5891 763 5950 actione
782 5905 908 5951 non.
924 5883 1200 5952 amandus
1225 5896 1311 5954 est
1333 5893 1516 5952 honor
1552 5892 1612 5950 in
1651 5891 1760 5950 hac

1857 3949 2109 4020 ponitur,
2139 3948 2490 4020 suscipienda
2513 3953 2598 4002 est
2625 3953 2858 4020 propter
2883 3949 3169 4003 charitatis
3193 3949 3488 4004 necessita-

1859 4047 1996 4097 tem.
2024 4043 2128 4097 Sed
2156 4058 2260 4096 nec
2287 4042 2364 4096 sic
2383 4041 2713 4096 omnimodo
2732 4041 2978 4096 veritatis
2996 4041 3118 4114 [Ms.
3145 4041 3488 4104 Tolet.,veri-

1857 4134 1978 4207 tati]
2010 4133 2302 4189 delectatio
2331 4134 2640 4189 deserenda
2667 4141 2768 4202 est,
2795 4151 2870 4189 ne
2895 4135 3223 4190 sutrahatur
3251 4135 3345 4190 illa
3365 4149 3488 4189 sua-

1858 4228 2014 4295 vitas,
2047 4230 2104 4283 et
2129 4227 2482 4298 opprimatur
2503 4229 2606 4282 ista
2632 4228 2950 4283 necessitas.
3041 4221 3045 4228 ’

1927 4323 2237 4380 Attestatur
2260 4319 2561 4392 Gregorius
2589 4325 2831 4390 sanctus,
2867 4321 3024 4392 cujus
3050 4323 3259 4393 stylum
3294 4338 3489 4394 seque-

1858 4411 1956 4481 ris,
1994 4413 2154 4483 cujus
2181 4415 2440 4484 exemplo
2467 4414 2792 4468 delitescere
2841 4413 3122 4485 cupiebas,
3167 4420 3231 4468 ut
3269 4415 3488 4485 pondus

1860 4506 2148 4560 sacerdotii
2169 4506 2494 4574 declinares,
2525 4507 2677 4576 quod
2702 4505 2866 4577 quale
2890 4507 2960 4561 sit
2981 4507 3041 4560 in
3078 4511 3195 4562 toto
3217 4507 3362 4561 libro
3385 4512 3487 4561 tuo

1858 4598 2070 4670 liquide
2111 4598 2466 4668 declaratur;
2507 4603 2698 4653 tamen
2744 4603 2934 4669 portas
2971 4600 3122 4670 quod
3176 4597 3484 4655 metuebas.

1854 4689 2078 4746 Pondus
2097 4689 2250 4744 enim
2273 4696 2436 4745 tuum
2457 4707 2679 4745 sursum
2704 4691 2904 4760 fertur,
2925 4708 3038 4746 nou
3059 4692 3350 4746 deorsum:
3369 4707 3486 4747 non

1855 4783 2005 4854 quod
2045 4789 2100 4838 te
2125 4783 2196 4838 ad
2220 4781 2337 4837 ima
2361 4786 2602 4854 premat,
2629 4783 2726 4838 sed
2753 4785 2903 4855 quod
2930 4785 2999 4839 ad
3024 4787 3172 4838 astra
3201 4785 3482 4852 sustollat;

1854 4877 1992 4931 dum
2015 4892 2119 4947 per
2147 4875 2240 4931 Dei
2267 4875 2525 4948 gratiam,
2555 4882 2612 4930 et
2637 4876 2972 4932 obedientize
3013 4875 3303 4945 meritum,
3348 4893 3485 4949 ope-

1854 4969 2044 5040 risque
2081 4967 2214 5023 boni
2249 4969 2630 5036 efﬁcientiam,
2653 4969 2717 5024 ﬁt
2761 4986 2926 5024 suave
2969 4969 3119 5041 quod
3165 4986 3268 5041 per
3301 4969 3484 5026 imbe-

1854 5061 2140 5116 cillitatem
2175 5063 2484 5116 humanam
2509 5061 2807 5117 videbatur
2847 5063 3056 5117 habere
3098 5061 3487 5134 gravedinem.

1855 5155 2002 5208 Dicis
2023 5155 2177 5209 enim
2205 5171 2270 5208 ea
2295 5170 2424 5226 qua:
2451 5157 2761 5210 consonant
2784 5155 3054 5226 apostolis
3088 5161 3145 5210 et
3171 5153 3490 5228 apostolicis

1855 5243 1988 5301 viris
2019 5263 2034 5301 :
2061 5245 2302 5318 pulcher
2325 5247 2478 5302 enim
2517 5249 2758 5318 pulchra
2789 5247 2999 5314 dixisti,
3031 5255 3089 5304 et
3141 5249 3200 5304 in
3239 5248 3328 5304 his
3355 5249 3489 5320 pul-

1856 5341 2057 5394 chrum
2080 5343 2136 5394 te
2161 5355 2280 5394 esse
2305 5340 2618 5396 ostendisti.
2649 5341 2785 5396 Nolo
2812 5357 2948 5412 ergo
2979 5345 3034 5397 te
3058 5341 3305 5398 similare
3331 5341 3489 5398 inde-

1857 5444 1986 5482 coro
2027 5427 2229 5500 pictori
2272 5429 2512 5499 pulchra
2556 5429 2849 5500 pingenti;
2879 5430 3014 5502 quia
3063 5430 3332 5502 spiritalis
3387 5431 3490 5486 do-

1857 5522 2037 5576 ctrina
2062 5538 2095 5574 a
2119 5521 2362 5591 spiritali
2389 5524 2580 5576 mente
2610 5522 3004 5594 proﬁciscitur.
3035 5524 3164 5578 Plus
3209 5523 3492 5594 plerisque

1858 5614 2168 5669 aestimatur
2192 5614 2373 5685 pictor
2391 5614 2564 5668 homo
2583 5631 2757 5686 quam
2783 5615 3092 5671 inanimata
3114 5617 3336 5688 pictura
3359 5631 3373 5668 :
3393 5613 3490 5668 sed

1858 5707 1962 5760 hoc
1987 5721 2105 5761 non
2130 5705 2495 5773 assentationi
2533 5709 2633 5760 aut
2658 5708 2975 5762 adulationi
3003 5713 3247 5780 reputes,
3280 5706 3378 5759 sed
3403 5719 3491 5757 ve-

1859 5798 2037 5867 ritati;
2069 5799 2202 5870 quia
2230 5815 2333 5853 nec
2377 5815 2466 5853 me
2502 5799 2662 5854 decet
2696 5799 2816 5870 [Ms.
2850 5802 3039 5864 Τοῖά,
3069 5797 3307 5870 oportet]
3334 5807 3490 5849 men-

1856 5891 1970 5965 tiri,
2011 5907 2128 5948 nec
2155 5896 2210 5950 te
2256 5892 2416 5950 decet
2452 5892 2659 5949 falsum
2694 5893 2920 5951 laudare
2959 5891 3080 5964 [Ms.
3125 5890 3312 5952 Tolet.,
3353 5885 3490 5942 falsa
