3994 6412
465 364 561 416 691

1915 343 2230 400 LlClNlANl

3772 335 3898 390 692

461 464 726 544 laudari].
763 464 908 532 Ergo
950 459 1116 531 plane
1155 456 1284 510 licet
1324 453 1467 508 ﬁdus
1497 454 1618 524 [Ms.
1659 451 1848 514 Tolet.,
1876 449 2075 526 foedus]
2103 463 2161 536 Α
2181 450 2304 506 talis
2333 452 2624 508 ordinetur
2655 453 2756 524 qui
2775 467 2893 508 non
2917 451 3104 520 debet,
3131 453 3232 505 aut
3257 465 3377 504 non
3411 445 3491 503 sit
3557 443 3676 518 qui
3706 456 3898 498 sacra

467 564 523 615 et
545 561 618 626 te,
647 561 702 610 et
727 553 917 608 omnia
957 557 1054 606 tua
1089 549 1325 620 pulchra
1361 544 1650 616 conspexi,
1687 549 1744 598 et
1785 547 1994 598 memet
2018 543 2078 599 in

464 647 939 722 comparationem
964 643 1050 698 tui
1079 641 1210 696 satis
1237 640 1564 695 indecorum
1589 637 1720 692 vidi.

499 831 518 847 ’
535 838 690 894 Unde
717 849 914 907 precor
941 847 1042 904 per
1063 830 1300 902 gratiam
1327 827 1442 897 Dei,
1475 843 1600 898 quae
1625 826 1686 879 in
1711 829 1764 880 te
1787 823 2078 892 exuberat,

461 938 527 989 ut
576 947 689 986 non
730 943 957 998 respuas
995 925 1428 994 deprecantem;
1463 920 1559 974 sed
1598 919 1840 972 libenter
1885 918 2080 972 doceas

463 1042 590 1098 qua:
611 1040 701 1078 me
720 1023 898 1075 fateor
921 1018 1200 1088 ignorare.
1230 1013 1633 1085 Compellimur
1661 1011 1813 1066 enim
1839 1009 2080 1064 necessi‘

463 1123 575 1174 tate
601 1118 783 1170 facere
810 1111 960 1184 quod
985 1111 1180 1164 doceas
1225 1106 1344 1179 [1113.
1379 1108 1566 1168 Tolet.,
1595 1105 1731 1159 dicis
1760 1120 1873 1158 non
1909 1101 2077 1174 ﬁeri].

461 1211 678 1266 Peritus
703 1207 855 1261 enim
881 1205 1018 1258 dum
1047 1218 1161 1256 non
1187 1200 1466 1270 reperitur
1495 1199 1594 1270 qui
1614 1198 1682 1252 ad
1713 1197 1959 1252 ofﬁcium
1987 1213 2077 1249 sa-

460 1302 740 1360 cerdotale
767 1298 972 1362 veniat,
997 1295 1132 1366 quid
1153 1293 1403 1348 ﬂendum
1425 1293 1527 1361 est,
1548 1291 1658 1345 nisi
1680 1295 1740 1344 ut
1763 1289 2077 1360 imperitus,

459 1401 524 1451 ut
549 1413 652 1466 ego
681 1409 828 1459 sum,
855 1389 1146 1444 ordinetur
1163 1387 1190 1440 τ
1214 1387 1382 1440 Jubes
1409 1389 1473 1439 ut
1497 1401 1612 1438 non
1639 1383 1928 1437 ordinetur
1965 1381 2078 1434 im-

457 1489 689 1561 peritus.
717 1485 823 1540 Sed
843 1484 1144 1554 pertractet
1168 1479 1469 1550 prudentia
1496 1483 1612 1545 tua,
1633 1493 1704 1530 ne
1725 1476 1868 1530 forte
1893 1475 1962 1528 ad
1991 1491 2084 1544 pe-

458 1581 646 1637 ritiam
678 1579 795 1650 UHs.
829 1577 1016 1636 Tolet.,
1044 1572 1176 1644 non]
1203 1571 1444 1625 sufﬁciat
1465 1569 1517 1623 ei
1547 1569 1686 1623 scire
1705 1570 1896 1622 Jesum
1925 1566 2084 1620 Chri-

463 1679 632 1739 stum,
667 1676 723 1726 et
757 1671 908 1724 hunc
947 1666 1276 1721 cruciﬁxum
1313 1679 1326 1717 :
1370 1662 1416 1715 si
1463 1665 1654 1716 autem
1699 1677 1815 1714 non
1857 1659 2081 1727 sufﬁcit,

461 1782 630 1820 nemo
656 1763 764 1818 erit
790 1762 850 1815 in
869 1761 973 1814 hoc
1001 1759 1144 1813 libro
1177 1757 1296 1829 [Ms.
1329 1757 1516 1817 Tolet.,
1545 1753 1682 1825 loco]
1729 1753 1827 1824 qui
1868 1752 2083 1823 peritus

2180 545 2446 616 mysteria
2471 545 2715 602 celebret
2738 547 2826 600 vel
2857 545 3162 601 ministret.

2250 646 2391 700 Ante
2441 657 2647 710 paucos
2687 655 2867 694 annos
2902 639 3160 694 Leander
3196 636 3512 709 episcopus
3559 631 3901 704 Spalensis

2181 753 2436 792 remeans
2487 736 2557 790 de
2601 734 2738 788 urbe
2775 733 2951 804 regia,
2999 731 3142 786 vidit
3177 747 3283 785 nos
3319 726 3718 801 praeteriens,
3783 724 3901 796 qui

2180 830 2321 885 dixit
2343 830 2504 884 nobis
2529 829 2738 882 habere
2777 825 2899 899 [Ms.
2937 826 3126 888 Τοῖα..
3162 823 3241 897 se]
3278 822 3563 878 homilias
3609 837 3648 874 a
3673 822 3900 874 vestra

2181 922 2532 978 Beatitudine
2563 921 2738 976 editas
2767 920 2834 974 de
2861 919 3009 972 libro
3045 917 3226 971 sancti
3250 917 3375 971 Job.
3411 917 3482 971 Et
3516 915 3670 986 quia
3701 911 3898 966 festi-

2179 1031 2320 1070 nans
2340 1014 2687 1086 pertransiit,
2709 1011 2946 1067 minime
2973 1027 3065 1065 eas
3088 1010 3418 1081 petentibus
3449 1007 3632 1062 nobis
3663 1011 3898 1060 osten-

2181 1109 2282 1164 dit.
2312 1111 2504 1162 Postea
2537 1123 2669 1160 vero
2713 1104 2992 1176 scripsisti
3030 1103 3081 1157 ei
3133 1104 3202 1157 de
3233 1103 3388 1156 trina
3435 1100 3791 1168 tinctione;
3827 1099 3896 1153 in

2181 1217 2296 1271 qua
2316 1199 2550 1270 epistola
2574 1215 2866 1252 memoras
2905 1195 3256 1266 displicuisse
3284 1194 3444 1248 vobis
3482 1193 3647 1247 illud
3695 1208 3895 1264 opus,

2181 1293 2276 1347 sed
2305 1293 2408 1346 hoc
2435 1290 2728 1346 salubriori
2767 1290 3000 1344 consilio
3033 1287 3296 1343 statuisse
3338 1290 3408 1341 ut
3449 1287 3518 1340 in
3563 1286 3898 1340 librorum

2183 1385 2354 1440 ductu
2387 1383 2507 1456 [Ms.
2535 1385 2721 1446 Tolct.,
2739 1382 2958 1454 ductus]
2985 1399 3076 1436 eas
3098 1386 3536 1451 transponeres.
3562 1379 3900 1432 Habemus

2183 1495 2316 1532 sane
2346 1477 2566 1531 libellos
2596 1493 2691 1530 sex
2718 1475 2897 1530 sancti
2932 1474 3126 1528 Hilarii
3171 1473 3426 1544 epismpi
3453 1471 3895 1538 Pictaviensis,

2183 1587 2326 1642 quos
2352 1571 2420 1625 de
2447 1571 2635 1625 Graeco
2668 1568 2929 1639 Origenis
2955 1567 3017 1622 in
3041 1567 3313 1622 Latinum
3341 1566 3522 1620 vertit
3559 1582 3576 1619 :
3611 1565 3731 1620 sed
3763 1580 3898 1618 non

2183 1663 2374 1717 omnia
2404 1663 2717 1716 secundum
2743 1661 3002 1715 ordinem
3025 1659 3158 1714 libri
3188 1659 3373 1713 sancti
3410 1659 3522 1713 Job
3562 1657 3898 1728 exposuit.

2184 1759 2248 1810 Et
2274 1756 2402 1810 satis
2436 1755 2610 1808 miror
2651 1754 2942 1807 hominem
2979 1753 3380 1807 doctissimum
3437 1757 3498 1806 et
3557 1756 3900 1820 sanctum,

463 1875 580 1914 esse
607 1857 845 1924 dicatur;
877 1869 1046 1907 nemo
1075 1849 1392 1919 eritutiquc
1423 1847 1696 1916 sacerdos,
1725 1845 1772 1898 si
1795 1845 1901 1898 nisi
1931 1843 2082 1914 peri—
2103 1821 2160 1892 B
2183 1853 2248 1903 ut
2275 1849 2343 1902 de
2375 1847 2550 1900 stellis
2576 1847 2808 1900 mtenias
2841 1845 3100 1916 Origenis
3128 1845 3494 1900 transferret.
3528 1845 3716 1913 Mihi,
3756 1860 3904 1898 nsa-

461 1957 552 2007 tus
577 1966 694 2004 esse
716 1963 830 2002 non
861 1945 1044 2000 debet.
1077 1941 1318 2014 Bigamis
1347 1939 1499 1993 enim
1535 1944 1730 2010 aperta
1771 1938 1955 1991 fronte
1993 1953 2083 1990 re-

469 2043 738 2108 sistimus,
758 2055 829 2092 ne
852 2037 1267 2090 sacramentum
1289 2033 1485 2102 utique
1511 2035 1921 2100 corrumpatur.
1946 2029 2089 2094 Quid

467 2136 515 2193 si
552 2134 720 2188 unius
754 2130 946 2185 uxoris
975 2127 1058 2181 vir
1087 2131 1215 2180 ante
1258 2141 1514 2193 uxorem,
1564 2125 1860 2177 mulierem
1893 2114 2090 2192 tetige-

464 2227 591 2283 rit?
619 2225 762 2290 Quid
797 2223 843 2276 si
885 2236 1124 2276 uxorem
1168 2235 1283 2272 non
1324 2216 1605 2283 habuerit,
1651 2220 1706 2270 et
1745 2220 1938 2268 tamen
1971 2214 2088 2268 sine

463 2318 717 2376 mulieris
743 2321 896 2370 tactu
921 2330 1038 2368 non
1055 2311 1268 2366 fuerit?
1295 2310 1596 2365 Consulare
1632 2325 1733 2362 nos
1777 2309 1918 2378 διδ-ιο
1964 2311 2085 2376 tuo,

465 2417 528 2467 ut
578 2427 694 2466 non
726 2408 1032 2480 puniamur
1065 2421 1168 2458 nec
1211 2408 1422 2471 nostro,
1469 2418 1572 2454 nec
1614 2401 1797 2454 alieno
1837 2405 2084 2471 peccato.

461 2505 632 2559 Valde
660 2501 811 2557 enim
837 2498 1162 2564 metuimus,
1193 2512 1264 2550 ne
1293 2511 1396 2565 per
1419 2493 1806 2548 necessitatem
1831 2509 1897 2546 ea
1929 2492 2090 2546 facia-

463 2615 590 2653 mus
615 2613 740 2668 quaa
770 2603 887 2648 nOn
914 2591 1203 2647 debemus.
1239 2590 1374 2642 Ecce
1415 2586 1794 2640 obediendum
1825 2589 1908 2640 est
1939 2603 2088 2656 prae-

466 2690 640 2762 ceptis
666 2688 797 2758 tuis,
843 2691 908 2741 ut
935 2685 1057 2739 talis
1085 2682 1200 2750 ﬁat,
1233 2680 1410 2753 qualis
1449 2679 1568 2750 [Ms.
1603 2680 1788 2746 Tolet.,
1819 2678 2086 2749 qualem),

465 2782 772 2856 apostolica
809 2780 972 2834 docet
1001 2775 1298 2831 auctoritas
1327 2792 1340 2828 :
1368 2777 1424 2828 et
1447 2788 1563 2826 non
1601 2772 1883 2842 reperitur
1911 2771 2090 2842 qualis

464 2875 778 2946 quaeritur;
809 2869 1044 2925 cessabit
1071 2884 1206 2938 ergo
1227 2866 1363 2920 ﬁdes
1383 2881 1510 2936 quae
1537 2867 1757 2918 constat
1781 2879 1848 2916 ex
1873 2863 2086 2933 auditu,

467 2966 706 3022 cessabit
728 2963 1059 3034 baptismus,
1090 2960 1134 3014 si
1161 2976 1276 3013 non
1303 2957 1474 3012 fuerit
1499 2957 1598 3028 qui
1622 2956 1882 3027 baptizet.
1907 2957 2091 3011 Cessa-

466 3061 614 3114 bunt
646 3058 743 3111 illa
773 3057 1118 3110 sacrosancta
1154 3050 1438 3122 mysteria,
1467 3067 1594 3120 quae
1632 3067 1735 3120 per
1777 3049 2091 3104 sacerdotes

469 3152 614 3208 ﬁunt
638 3154 694 3206 et
718 3149 1023 3204 ministros.
1052 3147 1114 3200 In
1133 3149 1374 3216 utroque
1397 3142 1714 3214 periculum
1739 3145 1964 3213 manet;
1991 3147 2093 3198 aut

2188 1941 2430 1994 ctissime
2456 1942 2634 2005 Pater,
2658 1939 2815 1992 nullo
2844 1943 3006 2008 pacto
3031 1939 3254 1992 suaderi
3281 1943 3497 2008 potest,
3523 1943 3598 1993 ut
3626 1938 3903 1992 credam

2187 2039 2332 2087 astra
2373 2033 2495 2086 coeli
2537 2032 2766 2102 spiritus
2809 2029 2930 2102 [Με.
2981 2033 3172 2093 Tolet.,
3217 2030 3457 2104 habere]
3521 2031 3904 2098 rationales,

2189 2142 2316 2198 qua:
2339 2141 2522 2196 neque
2549 2141 2680 2178 cum
2707 2125 3144 2195 angelis,neque
3173 2140 3308 2177 cum
3336 2124 3708 2178 hominibus
3739 2125 3908 2179 facta

2189 2235 2308 2273 esse
2333 2218 2620 2288 Scriptura
2658 2223 2848 2271 sancta
2873 2217 3137 2270 declarat.
3171 2217 3459 2288 Dignetur
3479 2235 3642 2290 ergo
3685 2219 3904 2274 Beati-

2189 2311 2322 2364 tudo
2349 2315 2532 2364 vestra
2562 2327 2704 2381 opus
2745 2309 2929 2380 ipsum
2960 2309 3028 2364 de
3056 2310 3206 2364 libro
3252 2309 3437 2365 sancti
3476 2311 3632 2381 Job;
3692 2313 3812 2366 sed
3849 2318 3910 2368 et

2189 2403 2326 2457 alios
2351 2403 2525 2458 libros
2549 2403 2806 2469 morales,
2838 2419 2980 2473 quos
3009 2403 3206 2456 fecisse
3235 2407 3292 2456 te
3319 2419 3632 2458 memoras
3661 2405 3736 2459 in
3789 2405 3909 2460 hoc

2188 2495 2332 2550 libro
2381 2496 2750 2566 Regularum,
2809 2495 3106 2566 exiguitati
3166 2493 3286 2565 [Ms.
3349 2497 3555 2559 Tolet.,
3632 2498 3906 2569 nostrae)

2188 2588 2590 2642 transmittere.
2623 2587 2726 2641 Tui
2754 2587 2910 2642 enim
2950 2604 3168 2654 sumus,
3212 2593 3314 2642 tua
3357 2589 3562 2659 legere
3615 2589 3904 2646 delecta-

2187 2697 2338 2735 mur.
2365 2680 2618 2750 Optabile
2644 2696 2891 2752 namque
2917 2685 3002 2734 est
3028 2679 3174 2734 mihi
3203 2686 3261 2734 et
3298 2681 3702 2752 praeclarum,
3740 2685 3911 2739 sicut

2188 2777 2319 2826 tuus
2342 2772 2644 2843 Gregorius
2669 2772 2768 2841 ait,
2800 2789 2982 2842 usque
3011 2773 3081 2826 ad
3111 2773 3380 2827 ultimam
3409 2773 3655 2830 discere
3686 2793 3902 2832 senec-

2188 2869 2387 2920 tutem.
2416 2865 2760 2920 Incolumem
2787 2881 3054 2918 coronam
3079 2870 3328 2920 vestram
3367 2866 3444 2921 ad
3473 2869 3904 2926 erudiendam

2190 2958 2488 3012 Ecclesiam
2516 2974 2676 3012 suam
2703 2963 2892 3013 sancta
2919 2957 3164 3012 Trinitas
3193 2959 3347 3012 Deus
3383 2975 3767 3018 conservare
3807 2963 3904 3018 di-

2191 3055 2418 3122 gnetur,
2445 3051 2589 3106 sicut
2617 3056 2899 3124 optamus,
2928 3049 3252 3106 beatissime
3279 3053 3456 3108 Pater
3514 3052 3654 3126 [Ms.
3682 3059 3902 3121 Tolet.,

2191 3143 2359 3216 Papa]
2373 3184 2386 3198 .

1962 3381 2309 3447 LICINIAN
2314 3381 2337 3445 Ι

929 3516 1482 3611 EPISTOLA
1559 3516 1677 3620 II,
1753 3517 1904 3607 AD
1977 3514 2679 3607 EPIPHANIUM
2754 3515 3394 3622 DIACONUM,

577 3685 639 3729 IN
682 3683 806 3738 QUA
849 3680 1235 3728 OSTENDITUR
1279 3679 1559 3726 ANGELOS
1601 3679 1678 3724 ET
1719 3677 1952 3723 ANIMAS
1996 3677 2382 3722 RATIONALES
2427 3678 2577 3721 ESSE
2621 3678 2918 3736 SPIRITUS,
2968 3678 3108 3723 SIVE
3151 3679 3386 3726 TOTIUS
3435 3683 3782 3732 CORPORIS

1864 3779 1874 3786 -
1974 3759 2055 3801 EX
2061 3757 2288 3802 PERTES
2297 3786 2310 3799 .

1681 3857 1795 3928 (Ex.
1835 3873 1942 3912 ms.
1984 3855 2246 3912 Ecclesiae
2282 3856 2616 3927 Toletanze.)

542 4074 781 4131 Domino
835 4077 1025 4127 sancto
1092 4072 1256 4128 fratri
1298 4071 1610 4145 Epiphanio
1654 4072 1912 4142 diacono,
1949 4071 2090 4126 Lici-
2113 4083 2166 4158 ρ
2192 4072 2596 4143 cognoscimus,
2629 4073 2781 4144 quod
2807 4077 3020 4144 quanto
3048 4079 3454 4146 congruenter
3474 4081 3902 4151 responderis,

475 4167 678 4222 nianus
705 4172 760 4221 et
780 4167 1014 4221 Severus
1041 4165 1251 4236 exigui.

547 4259 724 4315 Lectis
743 4259 942 4314 litteris
961 4259 1089 4328 tuis,
1113 4259 1285 4313 frater
1299 4257 1645 4327 charissime,
1675 4259 1877 4330 grandi
1902 4275 2094 4313 sumus

474 4353 844 4410 admiratione
877 4352 1134 4423 permoti,
1169 4368 1235 4406 eo
1275 4353 1424 4423 quod
1463 4352 1766 4423 quemdam
1809 4351 1993 4405 virum
2033 4352 2094 4408 in

473 4452 628 4504 tanto
655 4445 980 4500 sacerdotali
1008 4445 1254 4500 culmine
1283 4445 1668 4513 constitutum,
1699 4445 1857 4515 cujus
1887 4462 2096 4501 nomen

475 4542 544 4596 ob
579 4540 948 4596 reverentiam
979 4539 1099 4610 ejus
1135 4539 1317 4594 dicere
1365 4539 1650 4607 nolumus,
1698 4539 1905 4593 sentire
1944 4539 2097 4594 dicas

473 4638 860 4690 creaturarum
886 4632 1031 4686 nihil
1059 4648 1177 4686 esse
1207 4632 1356 4703 quod
1387 4630 1663 4702 spirituali
1702 4631 1930 4686 nomine
1960 4648 2092 4686 cen-

473 4733 680 4796 sea'tur,
710 4740 1049 4796 omnemque
1087 4729 1347 4780 naturam
1373 4741 1500 4796 quae
1525 4741 1638 4778 non
1667 4729 1750 4780 est
1774 4724 1922 4796 quod
1952 4725 2095 4778 Deus

472 4825 573 4887 est,
597 4818 867 4891 corporali
897 4818 1063 4872 modo
1088 4821 1309 4872 tantum
1343 4816 1493 4870 ﬁniri
1515 4834 1531 4885 ;
1557 4821 1611 4871 et
1631 4822 1864 4888 excepto
1909 4817 2091 4871 Trini—

471 4919 582 4970 tate
612 4914 748 4981 Deo,
781 4928 895 4966 non
921 4911 1105 4964 solum
1133 4909 1543 4964 irrationalium
1566 4909 1796 4980 spiritus
1813 4909 2098 4980 jumento-

471 5023 622 5075 rum,
643 5007 913 5074 ferarum,
942 5005 1029 5059 vel
1053 5003 1262 5072 avium,
1289 5004 1373 5057 vel
1404 5003 1773 5074 reliquorum,
1805 5003 1865 5057 in
1892 5004 2096 5076 quibus

473 5105 557 5156 est
581 5099 891 5154 secundum
924 5099 1238 5170 Scripturas
1277 5095 1502 5168 spiritus
1529 5097 1674 5166 vitae,
1704 5113 1896 5151 verum
1926 5097 2096 5152 etiam

473 5191 832 5247 rationalium
861 5190 1090 5262 spiritus
1133 5190 1464 5262 angelorum
1508 5191 1594 5245 vel
1634 5191 1950 5260 hominum,
1982 5207 2097 5246 non

474 5285 678 5338 debere
707 5283 810 5338 dici
842 5283 1088 5353 spiritus,
1120 5283 1216 5338 sed
1242 5301 1492 5354 corpora,
1520 5286 1788 5356 tanquam
1841 5284 2098 5339 homines

472 5393 585 5430 non
593 5376 711 5446 jam
729 5392 799 5430 ex
813 5375 1010 5446 spiritu
1021 5380 1078 5429 et
1089 5393 1340 5447 corpore,
1361 5377 1454 5432 sed
1482 5394 1550 5432 ex
1567 5377 1782 5432 duobus
1797 5377 2100 5433 subsistant

2195 4165 2379 4218 omnis
2406 4165 2503 4236 qui
2526 4165 2838 4236 Scripturas
2867 4169 3087 4222 sanctas
3124 4167 3322 4239 legere
3365 4173 3427 4224 et
3469 4173 3734 4229 credere
3775 4182 3902 4231 stu-

2194 4257 2306 4326 det,
2337 4257 2626 4328 intelligit.
2656 4259 2824 4313 Addis
2854 4259 3052 4328 etiam,
3081 4265 3148 4314 ut
3189 4261 3300 4315 tibi
3341 4261 3533 4318 libros
3572 4265 3748 4322 beati
3781 4272 3900 4323 Au-

2197 4350 2426 4422 gustini,
2457 4352 2552 4405 sed
2573 4353 2629 4406 et
2659 4355 2995 4406 czeterorum
3027 4353 3125 4423 qui
3149 4354 3220 4409 de
3252 4355 3363 4409 hac
3391 4373 3458 4411 re
3488 4357 3903 4430 deﬁnierunt,

2194 4447 2661 4515 quantoscunque
2699 4445 2910 4500 habere
2937 4445 3224 4515 videmur,
3271 4447 3347 4502 ad
3395 4450 3906 4509 convincendum

2194 4539 2399 4608 virum,
2429 4541 2528 4612 qui
2560 4542 3020 4612 responsionibus
3061 4543 3174 4598 tuis
3207 4545 3558 4603 nullatenus
3597 4555 3906 4609 assentire

2195 4633 2480 4704 dignatur,
2513 4635 2896 4690 transmittere
2927 4637 3240 4692 debeamus
3264 4654 3278 4692 :
3313 4640 3407 4694 vel
3435 4648 3609 4698 certe
3638 4647 3831 4702 nobis
3861 4649 3907 4702 si

2194 4726 2403 4798 aliquid
2426 4727 2690 4782 divinitus
2707 4728 2879 4784 fuerit
2897 4729 3266 4801 inspiratum,
3291 4736 3358 4787 ut
3381 4735 3746 4795 scribamus
3768 4741 3906 4798 hor-

2195 4820 2353 4874 taris.
2377 4821 2532 4875 Unde
2564 4821 2700 4876 sciat
2728 4822 2989 4877 sanctitas
3015 4829 3221 4891 vestra,
3262 4825 3312 4879 si
3359 4827 3561 4884 otium
3612 4841 3906 4890 nostrum

2195 4929 2310 4967 non
2337 4914 2696 4984 perturbaret
2726 4915 3004 4986 temporis
3041 4917 3310 4988 qualitas,
3343 4923 3404 4975 et
3447 4921 3678 4980 liceret
3723 4933 3804 4984 ut
3843 4929 3905 4983 li-

2194 5005 2323 5060 bros
2341 5007 2586 5076 eosdem,
2609 5023 2751 5078 quos
2772 5024 3075 5080 memoras,
3099 5010 3462 5068 haberemus
3483 5015 3552 5072 in
3576 5029 3903 5094 promptu,

2195 5099 2468 5154 voluntati
2495 5105 2605 5154 tute
2642 5101 2879 5156 voluisse
2924 5119 3145 5174 parere.
3179 5105 3292 5160 Sed
3332 5107 3477 5178 quia
3509 5126 3648 5167 non
3687 5132 3902 5186 possu-

2195 5209 2322 5246 mus
2349 5193 2498 5264 quod
2523 5193 2800 5264 volumus,
2835 5195 2894 5250 id
2919 5196 3122 5252 saltem
3147 5197 3424 5256 volumus
3467 5206 3650 5276 quod
3699 5227 3906 5282 possu-

2195 5302 2324 5340 mus
2360 5303 2373 5340 :
2405 5290 2461 5342 et
2486 5286 2588 5342 tibi
2613 5303 2729 5342 non
2752 5305 2880 5360 quae
2907 5305 3010 5344 nos
3031 5289 3140 5361 ipsi
3169 5291 3541 5351 voluntatem
3571 5309 3906 5374 sequentes

2197 5383 2447 5434 nostram
2523 5380 2758 5436 deﬁnire
2813 5381 3194 5452 potuerimus,
3271 5388 3562 5462 quodque
3623 5395 3905 5466 [Videtur

473 5469 824 5540 corporibus,
856 5473 911 5522 et
943 5469 1129 5539 angeli
1156 5471 1545 5526 tantummodo
1565 5471 1820 5542 corporei
1839 5487 1958 5526 esse
1985 5488 2099 5527 cre-
2116 5449 2174 5523 D
2201 5472 2502 5540 legendum,
2523 5473 2620 5528 sed
2646 5474 2814 5546 quod}
2842 5475 2903 5530 in
2925 5449 3268 5544 memoriam
3287 5449 3579 5540 nostram
3719 5449 3905 5547 senio-

473 5564 696 5618 dantur.
720 5562 832 5615 Hoc
858 5559 1028 5615 etiam
1051 5560 1110 5615 in
1131 5562 1440 5633 prejudicio
1459 5563 1778 5618 animarum
1797 5565 2096 5632 adducens,

471 5655 622 5730 quod
647 5654 692 5708 si
719 5654 918 5708 locales
945 5653 1146 5722 forent,
1175 5657 1422 5726 profecto
1447 5662 1502 5711 et
1549 5658 1857 5726 corporales
1891 5658 2094 5713 forent.

543 5749 698 5806 Unde
719 5747 902 5802 subito
932 5754 1265 5820 praeventus,
1299 5750 1571 5803 nonnulla
1598 5749 1917 5804 testimonia
1943 5751 2092 5807 Scri-

469 5850 764 5919 pturarum
789 5845 978 5898 contra
1007 5843 1113 5899 hoc
1139 5841 1464 5913 opposuisse
1499 5841 1717 5913 scriptis
1743 5843 1854 5898 tuis
1883 5845 2093 5901 inserta

2200 5581 2329 5618 rum
2354 5555 2678 5621 nostrorum
2707 5566 3136 5624 deﬁnitionibus
3174 5571 3530 5645 colligentes
3573 5597 3902 5640 coacerva-

2199 5657 2402 5729 vimus,
2437 5659 2682 5714 scribere
2711 5661 2964 5732 profecto
2995 5663 3352 5720 curabimus.

2265 5751 2371 5807 Sed
2396 5769 2548 5808 nunc
2585 5753 2709 5824 jam
2751 5753 3043 5809 videamus
3080 5757 3224 5828 quid
3261 5758 3336 5814 de
3361 5764 3611 5836 angelis
3646 5770 3904 5827 Psalmo-

2193 5845 2442 5918 graphus
2471 5846 2618 5904 dicat
2637 5864 2650 5902 :
2677 5848 2783 5918 Qui
2796 5848 2938 5917 facit
2957 5848 3188 5926 (inquit)
3205 5854 3440 5928 angelos
3457 5871 3600 5918 suos
3627 5868 3898 5938 spiritus.

3943 5816 3966 5850 ὑ
