3994 6416
143 375 252 425 693

1115 381 1434 438 EPISTOLA
1483 383 1546 448 ll,
1598 384 1684 438 AD
1731 383 2143 439 EPIPHANIUM
2192 385 2553 445 DIACONUM.

3408 390 3511 446 694

143 485 202 574 et
224 481 508 538 ministros
535 497 661 540 suos
697 487 970 554 flammam
1011 488 1172 556 ignis.
1202 489 1468 543 Advertet
1491 489 1667 560 igitur
1691 489 1789 561 qui
1809 501 1868 574 Α
1887 491 2170 562 intelligit,
2199 492 2286 546 vel
2311 492 2691 563 ratiocinatur,
2719 494 3027 550 secundum
3039 496 3189 566 quod
3217 494 3352 552 dicit
3368 499 3513 569 Apo-

144 573 294 629 dicit
321 577 564 648 angelos
592 595 890 651 corporeos
925 597 1062 648 esse,
1105 581 1236 653 quia
1269 582 1410 636 dixit
1451 602 1469 637 :
1517 585 1620 650 Qui
1652 585 1790 650 facit
1850 573 1853 574 ⁷
1887 585 2061 639 stolas
2088 602 2101 638 :
2139 589 2304 640 Testis
2331 591 2407 640 est
2437 589 2575 641 enim
2599 589 2736 642 mihi
2761 591 2916 651 Deus,
2943 591 3030 643 cui
3042 593 3213 644 servio
3235 593 3294 644 in
3314 594 3516 662 spiritu

144 669 393 737 Angelos
435 686 560 726 suos
598 674 844 743 spiritus,
891 691 1007 729 non
1045 691 1302 746 corpora.
1340 675 1592 746 Angelus
1631 677 1787 731 enim

145 761 371 832 Graece,
402 765 600 820 Latine
628 770 850 822 nuntius
878 767 1104 838 dicitur,
1143 769 1200 823 id
1230 773 1330 836 est,
1371 769 1469 839 qui
1511 769 1641 824 facit
1683 770 1788 840 spi-

142 856 301 911 ritus
326 875 459 914 suos
488 861 736 916 nuntios.
773 862 1076 932 PrOpterea
1100 866 1156 917 et
1181 862 1466 932 apostolus
1496 863 1699 917 Paulus
1717 863 1790 917 ad

145 949 422 1006 Hebrteos
461 953 544 1007 ait
573 972 586 1008 :
621 957 808 1012 Nonne
832 970 1008 1010 omnes
1033 959 1158 1010 sunt
1185 955 1649 1010 administratores
1673 958 1786 1026 spi-

143 1045 296 1098 ritus
325 1047 386 1100 in
403 1049 768 1102 ministerium
796 1051 950 1104 missi
962 1051 1184 1119 propter
1205 1064 1289 1103 eos
1312 1051 1410 1118 qui
1425 1049 1792 1104 hereditatem

146 1141 385 1208 capiunt
409 1141 609 1195 salutis
629 1143 658 1194 ?
683 1142 744 1195 In
770 1142 974 1212 angelo
991 1141 1146 1196 enim
1170 1158 1379 1196 nomen
1403 1141 1572 1196 ofﬁcii
1591 1141 1791 1196 intelli-

150 1231 264 1302 git,
297 1231 358 1285 in
378 1233 584 1304 spiritu
609 1233 808 1288 scilicit
829 1251 1039 1289 nomen
1059 1239 1298 1290 naturai.
1330 1234 1596 1290 Similiter
1619 1235 1790 1290 etiam

146 1323 215 1377 in
239 1325 398 1379 Actis
434 1327 818 1397 apostolorum
847 1329 1020 1382 Lucas
1046 1329 1115 1382 de
1139 1329 1401 1400 Philippo
1439 1328 1614 1383 refert
1637 1327 1792 1399 quod

145 1417 400 1487 angelus
439 1419 512 1474 sit
535 1421 588 1474 ei
614 1421 854 1487 locutus,
905 1425 966 1476 ut
997 1421 1359 1476 descenderet
1397 1421 1456 1476 in
1499 1437 1794 1475 occursum

145 1511 412 1582 λεὼίορί
440 1514 733 1584 eunucho;
765 1519 823 1570 et
860 1517 988 1585 post
1028 1515 1322 1586 paululum
1369 1515 1524 1580 dicit,
1552 1518 1791 1584 praeter-

147 1603 338 1659 misso
367 1607 604 1661 nomine
625 1608 818 1680 angeli
846 1625 860 1662 :
891 1611 1043 1663 Dixit
1064 1613 1242 1662 autem
1263 1610 1486 1678 spiritus
1505 1609 1792 1678 Philippo:

149 1699 392 1761 Accede,
419 1705 472 1755 et
495 1700 730 1770 adjunge
749 1705 798 1756 te
822 1701 896 1755 ad
917 1717 1133 1756 currum
1151 1701 1530 1756 istum.Videat
1547 1701 1796 1771 profecto

146 1807 335 1862 quem
379 1793 644 1864 superius
689 1793 910 1849 dixerat
955 1795 1256 1864 angelum,
1300 1797 1495 1864 postea
1535 1793 1795 1864 spiritum

146 1885 504 1957 nuncupari.
1621 1946 1627 1957 ,

227 1979 339 2035 Sed
369 1984 426 2034 et
449 1980 520 2034 de
553 1980 772 2051 angelis
814 1980 998 2048 malis,
1033 1979 1290 2051 quamvis
1317 1979 1385 2034 de
1413 1979 1675 2034 societate
1702 1979 1798 2033 bo-

143 2089 373 2129 norum
398 2074 734 2144 angelorum
760 2073 1113 2140 desciverint,
1128 2077 1320 2127 tamen
1334 2072 1467 2144 quia
1488 2072 1656 2126 unius
1667 2075 1800 2126 sunt

145 2172 405 2232 naturae,
433 2170 626 2222 sancta
668 2166 956 2237 Scriptum
993 2165 1185 2220 multis
1221 2165 1354 2219 locis
1388 2181 1502 2219 non
1540 2181 1636 2219 eos
1678 2181 1800 2219 cor-

146 2276 324 2332 pora,
353 2261 452 2314 sed
485 2259 718 2330 spiritus
747 2275 866 2313 esse
907 2259 1098 2313 refert.
1130 2259 1334 2312 Paulus
1361 2259 1647 2328 apostolus
1674 2258 1752 2312 ait
1779 2275 1792 2312 :

149 2353 318 2422 Quod
343 2369 452 2407 non
475 2355 548 2407 sit
570 2353 720 2406 nobis
744 2353 1048 2406 colluctatio
1068 2351 1324 2405 adversus
1353 2367 1567 2404 carnem
1593 2355 1642 2404 et
1665 2365 1796 2404 san-

148 2449 401 2517 guinem,
427 2445 522 2500 sed
547 2445 804 2499 adversus
823 2446 1095 2514 principes
1125 2447 1175 2497 et
1208 2447 1516 2512 potestates,
1544 2443 1798 2497 adversus

147 2539 360 2594 mundi
381 2543 608 2592 rectores
632 2538 971 2592 tenebrarum
1000 2537 1192 2590 harum
1220 2554 1235 2589 :
1269 2539 1455 2589 contra
1482 2537 1800 2604 spiritualia

150 2634 424 2702 nequitias
460 2633 519 2685 in
561 2631 875 2685 caelestibus.
908 2629 960 2684 Si
991 2628 1168 2699 igitur
1193 2644 1427 2697 corpora
1451 2632 1654 2696 essent,
1681 2643 1800 2682 non

150 2724 420 2796 spiritus,
447 2739 568 2778 non
595 2722 826 2777 dixisset
868 2737 882 2776 :
929 2726 1114 2775 contra
1159 2721 1475 2790 spiritualia
1512 2723 1798 2789 nequitiae;

151 2817 282 2884 sed,
317 2819 514 2871 contra
541 2814 853 2886 corporalia
869 2813 1158 2884 nequitiae.
1185 2814 1249 2867 Et
1265 2813 1532 2866 Dominus
1547 2812 1607 2866 in
1630 2814 1800 2867 Evan-

154 2911 341 2982 gelio,
365 2912 498 2968 Cum
525 2911 753 2980 spiritus
779 2906 1001 2978 (inquit)
1029 2905 1336 2960 immundus
1377 2908 1568 2960 exierit
1605 2907 1674 2960 ab
1703 2907 1798 2960 ho-

151 3007 332 3066 mine,
355 3004 602 3058 ambulat
620 3018 718 3072 per
743 3002 858 3055 loca
883 3003 1162 3069 inaquosa,
1190 3014 1430 3068 quaerens
1464 3001 1724 3068 requiem,
1751 3003 1804 3053 et

149 3113 270 3153 non
301 3099 556 3158 inveniet,
571 3099 621 3150 et
641 3095 834 3150 deinde
852 3093 1014 3147 vadet
1033 3097 1082 3146 et
1095 3097 1327 3147 assumet
1348 3097 1548 3161 septem
1570 3095 1802 3162 spiritus

149 3192 448 3261 nequiores
475 3205 548 3244 se.
580 3189 648 3242 Et
671 3189 732 3242 in
754 3189 1084 3256 Regnorum
1109 3185 1270 3239 libris
1295 3185 1558 3238 scribitur
1588 3201 1601 3238 :
1627 3187 1800 3254 Egre-
1823 3222 1876 3295 Ο

151 3286 294 3340 diar
323 3282 547 3354 (inquit)
573 3286 625 3336 et
641 3297 727 3336 ero
740 3283 966 3352 spiritus
990 3280 1226 3334 mendam
1242 3281 1300 3332 in
1324 3293 1412 3332 ore
1429 3280 1665 3332 omnium
1676 3293 1803 3348 pro-

147 3379 455 3450 phetarum
483 3375 614 3444 ejus.
652 3376 718 3430 Et
743 3373 908 3428 alibi:
936 3375 1174 3443 Spiritus
1196 3373 1570 3439 fornicationis
1596 3371 1802 3441 decepit

153 3485 270 3526 eos.
300 3471 383 3524 En
409 3469 580 3522 habet
603 3484 720 3522 non
748 3467 929 3521 solum
955 3465 1187 3536 angelos
1207 3465 1614 3534 bonos,verum
1633 3463 1804 3518 etiam

151 3563 401 3634 angelos
424 3561 605 3616 malos
631 3559 860 3632 spiritus
889 3557 1228 3629 nuncupari.

236 3659 308 3712 Et
331 3655 466 3727 quia
489 3654 687 3723 multa,
727 3653 797 3708 de
841 3653 1102 3707 thesauro
1131 3649 1548 3721 Scripturarum
1574 3651 1806 3719 propter

151 3752 503 3808 brevitatem
531 3747 808 3802 sermonis
843 3761 1021 3817 pauca
1048 3745 1180 3799 inde
1205 3745 1568 3814 decerpenles
1591 3784 1606 3810 ,
1650 3757 1801 3812 prae-

151 3843 561 3910 termittimus,
577 3856 652 3895 ne
679 3839 966 3894 fastidium
993 3837 1202 3892 scilicet
1226 3836 1544 3908 legentibus
1575 3849 1806 3906 genere-

155 3955 319 4003 mus,
335 3937 458 4007 ipse
479 3933 575 4006 qui
591 3934 822 4004 angelos
849 3931 1080 4002 spiritus
1106 3947 1218 3984 non
1240 3945 1358 3984 esse
1384 3928 1580 3994 credit,
1603 3927 1802 3981 saltem

153 4031 342 4087 unius
372 4027 682 4084 testimonii
719 4027 1053 4098 paupertate
1087 4023 1330 4078 laetetur.
1359 4021 1610 4076 Proferat
1635 4020 1682 4074 si
1704 4035 1803 4073 us-

155 4125 325 4198 piam
351 4121 772 4192 Scripturarum
791 4117 1029 4190 reperiri
1049 4116 1297 4188 potuerit
1320 4114 1550 4186 angelos
1575 4129 1690 4167 non
1715 4112 1808 4167 de-

155 4220 304 4274 bere
334 4214 569 4286 spiritus
587 4211 875 4284 appellari.
907 4212 1307 4265 Verumtamen
1334 4207 1466 4278 quia
1510 4207 1617 4261 hoc
1645 4205 1804 4260 inve-

155 4311 293 4366 nire
322 4308 648 4362 nullatenus
671 4304 900 4376 poterit,
940 4303 1130 4358 credat
1156 4301 1462 4356 multifarie
1502 4299 1806 4370 multisque

157 4401 358 4460 modis
387 4400 498 4454 dici
541 4398 788 4470 spiritus.
834 4397 1050 4452 Dicitur
1085 4395 1318 4466 spiritus
1342 4394 1511 4460 Deus,
1544 4391 1699 4464 quod
1725 4396 1808 4446 est

156 4501 288 4552 tota
322 4492 581 4560 Trinitas,
610 4490 922 4546 secundum
949 4488 1103 4560 quod
1147 4487 1358 4558 legitur
1403 4486 1463 4540 in
1506 4484 1806 4556 Evangelio

151 4587 438 4646 Joannis:
473 4588 604 4644 Cum
639 4587 772 4640 Deus
800 4585 1027 4654 spiritus
1070 4585 1165 4636 est.
1215 4579 1428 4634 Dicitur
1468 4583 1524 4633 et
1567 4577 1883 4657 SpiritusD

157 4685 341 4749 Deus,
371 4678 472 4751 qui
498 4682 583 4734 est
607 4676 773 4732 tertia
793 4675 854 4729 in
880 4674 1154 4729 'l‘rmitate
1177 4689 1435 4744 persona,
1457 4670 1554 4742 qui
1576 4669 1807 4742 proprie

155 4773 493 4848 appellatur
522 4771 763 4841 Spiritus
793 4772 1029 4830 sanctus,
1071 4765 1291 4821 dicente
1335 4763 1598 4836 Apostolo
1635 4781 1648 4818 :
1709 4763 1812 4818 Ubi

157 4873 356 4925 autem
403 4867 631 4936 spiritus
662 4863 896 4923 Domini,
933 4861 1012 4914 ibi
1053 4861 1291 4914 libertas.
1335 4860 1401 4912 Et
1436 4857 1645 4912 iterum
1690 4871 1705 4910 :
1749 4857 1810 4912 Si

157 4965 296 5036 quis
327 4963 508 5014 autem
526 4959 781 5028 spiritum
805 4955 1007 5012 Christi
1023 4969 1128 5008 non
1155 4953 1334 5014 habet,
1355 4953 1440 5006 hic
1458 4966 1563 5004 non
1578 4954 1656 5004 est
1673 4949 1807 5018 ejus.

156 5055 390 5112 Dicitur
417 5057 475 5106 et
499 5049 730 5122 spiritus
754 5047 990 5120 angelus
1017 5062 1030 5100 :
1059 5047 1165 5112 Qui
1178 5047 1318 5112 facit
1341 5042 1566 5115 (inquit)
1593 5043 1811 5112 angelos

157 5163 295 5207 suos
336 5147 582 5217 spiritus.
629 5141 786 5197 Unde
821 5140 943 5211 jam
988 5137 1248 5210 superius
1280 5136 1598 5192 testimonia
1623 5134 1812 5190 redhi-

159 5241 426 5300 buimus.

245 5333 462 5388 Dicitur
487 5334 545 5386 et
590 5329 819 5402 spiritus
843 5327 1038 5382 anima
1060 5323 1312 5380 hominis
1336 5323 1647 5378 secundum
1673 5320 1811 5376 illud

161 5425 408 5486 Genesis
434 5442 448 5480 :
476 5425 750 5480 Fomavit
773 5424 942 5492 igitur
983 5421 1240 5474 Dominus
1280 5421 1416 5472 Deus
1461 5418 1724 5472 hominem
1749 5414 1814 5470 de

164 5527 309 5580 limo
329 5524 504 5581 term,
520 5521 574 5574 et
590 5517 884 5586 inspiravit
901 5517 958 5568 in
977 5515 1174 5582 faciem
1193 5511 1304 5581 ejus
1322 5511 1654 5581 spiraculum
1666 5511 1812 5570 vitae,

163 5623 224 5674 et
248 5617 437 5684 factus
460 5615 538 5666 est
565 5611 718 5665 homo
757 5611 816 5663 in
853 5609 1092 5663 animam
1128 5607 1410 5672 viventem.
1445 5603 1512 5656 Et
1555 5601 1816 5656 Salomon

162 5710 255 5767 ait
283 5724 300 5763 :
332 5707 462 5774 Quis
485 5706 584 5760 scit
607 5705 658 5759 si
680 5703 904 5774 spiritus
930 5700 1142 5754 Domini
1167 5697 1407 5753 ascendit
1429 5709 1641 5750 sursum
1659 5696 1688 5748 φ

249 5799 470 5856 Dicitur
509 5801 566 5851 et
600 5795 832 5868 spiritus
874 5807 1056 5858 mens,
1107 5806 1236 5862 qua:
1275 5793 1360 5843 est
1409 5787 1581 5842 veluti
1625 5786 1818 5840 oculus

169 5895 421 5963 animae;
451 5891 509 5947 id
535 5893 620 5944 est
660 5887 993 5956 intellectus,
1027 5885 1182 5943 unde
1221 5885 1420 5940 cuncta
1444 5877 1820 5952 intelligibilia

1884 693 2016 733 meo.
2044 679 2223 742 Quem
2247 678 2388 733 dixit
2422 679 2514 734 hic
2547 679 2840 752 spiritum,
2873 681 3007 736 alibi
3033 687 3280 737 mentem
3312 685 3510 755 appel-

1885 769 1982 836 lat,
2011 770 2247 825 dicendo
2280 787 2294 826 :
2336 773 2448 842 Ego
2474 777 2656 827 autem
2695 777 2868 828 mente
2912 776 3084 828 servio
3129 775 3234 844 legi
3279 777 3396 831 Dei.
3447 777 3516 832 Et

1887 861 2095 917 iterum
2126 880 2140 918 :
2171 867 2276 922 Nos
2305 870 2484 920 autem
2513 865 2738 936 (inquit)
2776 881 2960 922 sumus
3006 869 3368 931 circumcisio,
3417 871 3515 940 qui

1886 958 2084 1026 spiritu
2109 959 2216 1010 Deo
2243 959 2519 1012 servimus.

1962 1048 2174 1102 Dicitur
2199 1053 2254 1104 et
2281 1050 2508 1120 spiritus
2534 1051 2613 1104 vis
2639 1051 2899 1123 quaedam
2928 1051 3134 1107 animm
3154 1059 3351 1109 mente.
3370 1054 3510 1110 infe-

1888 1140 2024 1207 rior,
2045 1141 2145 1195 ubi
2169 1145 2394 1196 cunctas
2413 1143 2763 1214 imaginatur
2779 1144 3170 1200 similitudines
3189 1162 3516 1219 corporum,

1891 1233 2200 1289 secundum
2251 1235 2392 1290 illud
2430 1236 2679 1307 Apostoli
2722 1253 2736 1290 :
2781 1239 2954 1293 Orabo
3003 1240 3224 1308 spiritu,
3273 1241 3434 1295 orabo
3468 1246 3520 1296 et

1891 1332 2084 1381 mente.

1964 1419 2177 1474 Dicitur
2200 1424 2256 1474 et
2282 1419 2513 1490 spiritus
2547 1421 2805 1476 omnium
2849 1423 3183 1479 animalium
3219 1425 3517 1482 irrationa-

1891 1511 2054 1579 lium,
2083 1513 2394 1568 secundum
2421 1513 2561 1568 illud
2597 1515 2823 1569 Genesis
2852 1531 2866 1570 :
2905 1519 3266 1587 Universaque
3297 1519 3520 1592 (inquit)

1882 1605 2134 1674 jumenta
2158 1608 2215 1660 in
2239 1621 2404 1674 genus
2427 1621 2604 1670 suum,
2630 1612 2680 1661 et
2709 1623 2858 1663 omne
2878 1609 3022 1678 quod
3046 1615 3284 1665 movetur
3301 1613 3358 1665 in
3375 1617 3522 1668 terra

1892 1701 1951 1752 in
1987 1713 2174 1764 genere
2209 1713 2326 1760 suo,
2374 1704 2724 1770 cunctumque
2761 1703 2982 1756 volatile
3027 1703 3314 1757 secundum
3361 1708 3525 1774 genus

1893 1805 2069 1854 suum,
2125 1793 2386 1846 universae
2437 1808 2592 1856 aves,
2652 1809 2934 1864 omnesque
2977 1797 3213 1850 volucres
3272 1799 3526 1866 ingressas

1817 1863 1873 1933 Β
1896 1888 2024 1938 sunt
2067 1885 2143 1938 ad
2187 1887 2296 1941 Noe
2334 1887 2394 1938 in
2435 1901 2636 1954 arcam,
2667 1887 2793 1941 bina
2817 1893 2867 1942 et
2897 1889 3046 1950 bina,
3083 1904 3150 1942 es:
3183 1891 3327 1943 omni
3364 1905 3524 1946 carne

1894 1978 1953 2030 in
1978 1993 2086 2046 qua
2114 1981 2232 2030 erat
2259 1979 2483 2046 spiritus
2507 1981 2653 2032 vitae.
2687 1982 2748 2032 Et
2790 1979 2958 2049 paulo
2985 1985 3112 2050 post
3139 1997 3154 2034 :
3203 1984 3528 2052 Consumpta

1897 2073 1974 2123 est
2003 2071 2174 2122 omnis
2215 2085 2338 2123 caro
2377 2085 2496 2139 quae
2545 2071 2858 2125 movebatur
2894 2086 3054 2142 super
3102 2077 3322 2136 terram,
3369 2077 3525 2128 volu-

1895 2175 2064 2224 crum,
2095 2163 2479 2224 animantium,
2521 2163 2832 2226 bestiarum,
2873 2167 3213 2234 omniumque
3247 2157 3529 2234 rcptilium

1899 2265 2018 2318 qua
2039 2253 2259 2318 reptant
2286 2265 2445 2319 super
2475 2255 2694 2312 terram,
2730 2254 2970 2306 universi
2992 2254 3244 2315 homines,
3271 2259 3320 2308 et
3339 2260 3532 2309 cuncta

1897 2343 1954 2395 in
1981 2343 2176 2410 quibus
2202 2344 2532 2412 spiraculum
2567 2347 2692 2397 vita:
2723 2349 2819 2406 est,
2847 2347 2906 2398 in
2942 2349 3089 2399 terra
3123 2350 3337 2400 mortua
3375 2350 3523 2402 sunt.

1967 2434 2162 2488 Videat
2187 2434 2366 2505 igitur
2393 2436 2489 2506 qui
2518 2436 2732 2490 nullam
2758 2441 3080 2492 creaturam
3109 2438 3242 2515 dicit
3267 2455 3385 2493 esse
3415 2438 3528 2510 spi-

1898 2527 2092 2592 ritum,
2147 2527 2370 2598 quantis
2417 2528 2752 2582 testimoniis
2792 2545 3078 2584 sacrarum
3105 2531 3528 2601 Scripturarum

1899 2619 2286 2687 convincatur;
2337 2623 2394 2674 et
2444 2620 2664 2675 desinat
2711 2621 2894 2675 dicere
2945 2627 3153 2692 praeter
3196 2623 3528 2678 Trinitatem

1898 2711 2142 2777 Domini,
2192 2728 2360 2766 omne
2387 2713 2534 2784 quod
2565 2729 2680 2767 esse
2708 2716 2906 2784 potest,
2939 2729 3144 2786 corpus
3185 2730 3320 2770 esse.
3349 2716 3530 2770 Omne

1898 2805 2156 2859 videlicet
2183 2821 2408 2876 corpus,
2452 2809 2508 2860 et
2545 2805 2723 2859 altum
2752 2809 2808 2860 et
2833 2807 3032 2874 latum,
3062 2811 3119 2862 et
3146 2808 3380 2878 longum
3422 2811 3526 2875 est,

1900 2897 2151 2952 inveniat
2194 2902 2250 2952 et
2293 2898 2438 2952 dicat
2486 2902 2681 2952 utrum
2708 2899 2994 2970 tripedalis
3029 2916 3102 2954 an
3129 2900 3531 2971 quatripedalis

1902 2991 1973 3046 sit
1997 2991 2186 3045 anima
2211 2991 2460 3045 hominis
2489 2991 2575 3046 vel
2601 2991 2830 3062 spiritus
2853 2991 3060 3063 angeli,
3093 2993 3242 3047 dicat
3264 2993 3436 3048 etiam
3460 3009 3530 3048 ex

1903 3101 2014 3156 quo
2043 3085 2321 3140 elemento
2347 3085 2551 3139 habeat
2575 3084 2942 3139 substantiam
2977 3101 2992 3140 :
3019 3086 3265 3156 exceptis
3290 3091 3532 3157 quatuor

1903 3177 2212 3246 elementis,
2253 3181 2404 3232 terra
2451 3177 2682 3244 scilicet,
2731 3182 2787 3232 et
2832 3193 2997 3248 aqua,
3045 3194 3194 3247 aere,
3243 3179 3332 3232 vel
3373 3178 3530 3250 igne,

1902 3272 2052 3326 unde
2082 3271 2188 3325 alia
2214 3275 2503 3342 compacta
2531 3274 2662 3324 sunt
2687 3287 2942 3340 corpora,
2967 3271 3115 3325 dicat
3140 3271 3403 3342 quintum
3428 3271 3530 3325 ali-

1903 3365 2053 3436 quod
2095 3364 2442 3418 elementum
2465 3363 2614 3418 unde
2641 3364 2844 3434 angelo
2881 3364 2968 3418 vel
3015 3364 3222 3418 animus
3269 3365 3531 3419 substan-

1901 3459 2040 3512 tiam
2085 3458 2198 3512 det.
2251 3457 2358 3512 Sed
2401 3456 2536 3527 quia
2576 3455 2830 3510 invenire
2873 3472 2988 3510 non
3043 3461 3245 3526 potest,
3285 3456 3536 3512 fortassis

1903 3551 2035 3622 quia
2054 3549 2112 3604 in
2133 3548 2428 3604 elementis
2451 3547 2813 3602 excellentior
2825 3565 2922 3602 aer
2935 3548 3023 3602 vel
3044 3547 3194 3618 ignis
3215 3551 3318 3614 est,
3341 3565 3532 3603 aerem

1903 3647 2001 3698 aut
2027 3643 2219 3714 ignem
2243 3641 2449 3712 allegat
2472 3645 2734 3694 naturam
2765 3641 2972 3694 animae
2999 3656 3117 3695 esse
3147 3641 3413 3706 hominis,
3440 3641 3531 3696 vel

1904 3736 2163 3807 spiritum
2195 3734 2402 3806 angeli,
2443 3738 2500 3788 et
2522 3750 2637 3788 non
2663 3733 2838 3804 pudet
2862 3737 2927 3788 ut
2959 3733 3220 3788 credatur
3253 3733 3384 3788 inde
3411 3749 3532 3790 esse

1903 3829 2150 3883 animam
2177 3826 2448 3895 hominis,
2478 3831 2576 3881 aut
2597 3825 2858 3898 spiritum
2885 3826 3092 3898 angeli,
3121 3826 3274 3881 unde
3303 3831 3388 3881 est
3403 3843 3529 3881 cor-

1903 3939 2010 3993 pus
2036 3920 2252 3993 pecoris
2285 3921 2369 3975 vel
2406 3918 2676 3974 hominis.
2719 3920 2896 3974 Omne
2935 3919 3112 3990 igitur
3151 3935 3355 3990 corpus
3381 3920 3534 3990 quod

1904 4014 2057 4084 vivit,
2100 4030 2170 4068 ex
2209 4018 2453 4084 quatuor
2493 4011 2786 4066 elementis
2821 4012 3073 4066 subsistit
3103 4028 3116 4066 :
3148 4028 3350 4083 corpus
3379 4012 3536 4068 enim

1905 4103 2132 4174 proprie
2160 4101 2406 4173 pertinet
2427 4101 2497 4156 ad
2521 4105 2753 4168 terram,
2783 4101 2990 4154 humor
3007 4100 3076 4155 ad
3097 4117 3324 4171 aquam,
3351 4117 3449 4155 aer
3463 4101 3534 4155 ad

1904 4197 2226 4269 pulmones,
2241 4211 2412 4266 quem
2431 4193 2714 4265 accipiunt
2733 4199 2788 4248 et
2804 4194 3048 4250 reddunt
3067 4196 3338 4266 tanquam
3351 4193 3532 4264 folles,

1905 4289 2055 4360 ignis
2075 4289 2146 4344 ad
2178 4289 2384 4343 oculos.

1974 4384 2083 4438 Nec
2109 4387 2332 4436 moveat
2356 4380 2507 4453 quod
2532 4379 2799 4447 diximus,
2823 4395 2974 4436 omne
3002 4395 3191 4450 corpus
3217 4381 3361 4450 quod
3377 4383 3532 4445 vivit,

1905 4491 2036 4530 cum
2062 4479 2118 4530 et
2145 4475 2372 4529 arbores
2413 4473 2604 4528 vivant
2646 4477 2702 4528 et
2730 4473 2920 4527 oculos
2965 4489 3081 4527 non
3122 4472 3388 4540 habeant,
3429 4489 3535 4528 nec

1904 4568 2056 4623 unde
2081 4583 2270 4622 aerem
2295 4566 2573 4637 accipiant
2597 4570 2653 4620 et
2677 4565 2937 4620 reddant.
2965 4565 3197 4620 Certum
3217 4569 3300 4619 est
3324 4565 3536 4622 scilicet

1905 4659 2054 4733 quod
2077 4660 2180 4715 ista
2205 4675 2319 4714 non
2344 4659 2590 4714 habeant
2605 4676 2622 4726 ;
2649 4662 3044 4713 verumtamen
3071 4661 3128 4712 et
3146 4657 3282 4728 ipsa:
3305 4673 3375 4712 ex
3400 4673 3535 4729 qua-

1905 4760 2036 4810 tuor
2073 4751 2365 4808 elementis
2391 4756 2645 4806 constare
2670 4751 2952 4806 videntur.
2997 4751 3436 4821 Quantacunque
3465 4751 3538 4806 sit

1905 4846 2211 4920 proceritas
2257 4845 2492 4912 arboris,
2538 4843 2650 4899 nisi
2695 4844 2809 4898 fixa
2837 4842 3116 4899 radicibus
3145 4842 3465 4899 continetur
3503 4859 3538 4898 a

1907 4944 2077 5010 terra,
2104 4939 2271 4995 arbor
2295 4954 2414 4993 esse
2459 4953 2574 4992 non
2613 4940 2816 5008 potest,
2857 4938 2915 4990 et
2955 4935 3065 4990 nisi
3107 4951 3255 5008 aqua
3297 4935 3368 4990 ab
3407 4951 3536 4991 aere

1909 5037 2140 5088 attracta
2163 5048 2268 5104 per
2292 5031 2566 5086 medullas
2593 5029 2808 5084 arboris
2847 5045 3023 5100 usque
3049 5028 3116 5082 ad
3151 5028 3536 5085 summitatem

1909 5126 2078 5182 fuerit
2102 5125 2391 5198 perducta,
2424 5123 2609 5178 vivere
2633 5123 2954 5178 nullatenus
2978 5124 3190 5192 potest:
3226 5126 3281 5176 et
3305 5121 3414 5176 nisi
3439 5139 3538 5178 aer

1909 5219 1980 5275 ab
2003 5219 2136 5290 igne
2163 5217 2335 5274 fuerit
2376 5216 2696 5283 calefactus,
2725 5231 2933 5286 aquam
2961 5215 3144 5270 levare
3193 5231 3306 5270 non
3334 5219 3536 5286 potest.

1913 5313 2164 5384 Denique
2211 5311 2340 5366 ideo
2379 5309 2640 5365 autumni
2695 5308 2904 5379 frigore
2946 5308 3103 5380 lapsa
3141 5309 3348 5364 cadunt
3382 5310 3537 5378 folia,

1913 5407 2044 5478 quia
2069 5421 2167 5460 aer
2193 5421 2308 5460 non
2335 5403 2479 5458 sicut
2505 5419 2678 5458 verno
2703 5407 2802 5458 aut
2832 5401 3023 5458 ωε,ὶίνο
3053 5405 3309 5474 tempore
3337 5403 3538 5458 calefa-

1914 5505 2036 5556 ctus
2063 5503 2274 5556 tantam
2300 5497 2414 5552 vim
2442 5497 2632 5564 habet,
2650 5501 2714 5552 ut
2733 5513 2942 5568 aquam
2969 5495 3038 5551 ad
3064 5495 3356 5568 superiora
3379 5497 3541 5552 arbo-

1917 5595 1992 5649 ris
2019 5594 2214 5659 elevet,
2242 5596 2300 5646 et
2326 5590 2664 5646 viriditatem
2689 5589 2834 5645 foliis
2858 5592 3070 5659 servet;
3103 5591 3200 5646 sed
3227 5590 3494 5662 paulatim
3519 5629 3534 5656 ,

1915 5688 2153 5742 hiberno
2177 5692 2430 5757 tempore
2454 5684 2804 5752 succedente,
2831 5683 3176 5756 frigefactas,
3202 5699 3346 5754 aqua
3368 5681 3438 5734 ad
3456 5680 3541 5734 in-

1917 5781 2120 5836 feriora
2145 5780 2506 5846 descendens,
2536 5778 2703 5832 arbor
2729 5777 2951 5833 arescit.

1991 5875 2137 5945 Ergo
2189 5889 2305 5930 non
2355 5870 2805 5947 improbabiliter
2841 5869 3090 5928 diximus
3133 5879 3298 5920 omne
3335 5878 3538 5935 corpus
