3994 6412
445 366 552 418 695

446 469 636 524 vivens
670 483 741 523 ex
791 467 1032 537 quatuor
1079 462 1371 520 elementis
1417 462 1738 517 subsistere.
1793 459 2062 524 Quocirca
2081 469 2140 544 Α

447 561 756 619 absurdum
780 563 882 628 est,
903 559 960 612 et
975 573 1010 610 a
1025 556 1270 612 veritatis
1289 554 1486 625 regula
1503 555 1770 620 alienum,
1792 556 1858 608 ut
1874 551 2063 606 anima

446 651 518 706 de
565 648 754 718 aliquo
789 646 1197 702 elementorum
1221 643 1428 700 horum
1454 643 1712 700 credatur
1737 639 2058 698 subsistere.

446 743 508 800 Si
532 757 683 796 omne
706 743 986 809 peccatum
1012 737 1247 807 (dicente
1275 735 1558 807 Apostolo)
1597 733 1950 803 quodcunque
1977 735 2060 800 fe-

445 837 577 893 cerit
604 835 776 895 homo,
791 836 946 888 extra
961 845 1148 899 corpus
1165 834 1261 891 est,
1279 829 1468 886 anima
1487 843 1616 899 quae
1634 842 1862 897 peccare
1883 829 2068 896 potest

444 927 638 998 utique
667 941 866 996 corpus
892 939 1006 978 non
1031 927 1132 989 est,
1163 923 1304 976 sicut
1327 920 1622 992 Apostolus
1649 919 1768 990 ipse
1787 919 1868 974 ait
1891 937 1911 972 :
1937 921 2060 976 Cor-

438 1035 571 1092 pore
597 1019 802 1081 absens,
826 1019 1024 1086 spiritu
1049 1019 1225 1070 autem
1244 1029 1502 1084 praesens,
1523 1011 1744 1083 judicat
1773 1011 2065 1072 hominem

445 1113 508 1182 in
536 1116 691 1168 tanta
727 1115 1004 1166 terrarum
1050 1106 1406 1177 longitudine
1457 1105 1820 1176 disparatum,
1869 1104 2067 1174 procul

447 1205 619 1262 dubio
648 1203 841 1260 anima
864 1200 1056 1256 localis
1083 1215 1201 1256 non
1229 1205 1332 1254 est.
1361 1199 1415 1258 Si
1439 1214 1644 1268 corpus
1665 1196 1844 1252 occidi
1861 1200 2064 1268 potest,

443 1298 652 1364 anima,
682 1295 991 1350 secundum
1027 1293 1179 1366 quod
1206 1292 1472 1347 Dominus
1523 1291 1583 1345 in
1629 1290 1928 1360 Evangelia
1963 1289 2064 1359 ait,

444 1390 620 1446 occidi
661 1405 778 1444 non
823 1391 1034 1459 potest;
1083 1385 1334 1458 profecto
1359 1384 1552 1440 anima
1575 1400 1703 1454 quae
1732 1382 1909 1437 occidi
1947 1397 2065 1436 non

443 1485 646 1555 potest,
673 1497 874 1552 corpus
898 1495 1013 1535 non
1040 1483 1142 1535 est.
1171 1479 1228 1534 Si
1255 1477 1444 1537 animo.
1479 1477 1669 1547 imago
1698 1476 1795 1534 Dei
1820 1479 1903 1529 est
1929 1475 2064 1544 (ipse

443 1576 656 1647 quippe
681 1574 856 1630 dicit:
888 1575 1170 1629 Faciamus
1213 1573 1477 1626 hominem
1519 1571 1598 1624 ad
1635 1571 1924 1637 imaginem
1960 1583 2060 1620 no-

441 1673 612 1726 stram
641 1672 692 1722 et
717 1667 1128 1722 similitudinem
1151 1665 1430 1732 nostram),
1472 1667 1528 1717 et
1548 1661 1682 1720 fecit
1703 1661 1848 1715 Deus
1875 1659 2063 1714 homi-

442 1777 576 1818 nem
603 1760 673 1816 ad
698 1759 1002 1829 imaginem
1027 1775 1210 1826 suam,
1261 1760 1316 1812 et
1357 1757 1504 1811 Deus
1545 1755 1910 1824 incorporeus
1939 1755 2024 1807 est
2043 1769 2062 1820 ;

441 1853 691 1925 profecto
719 1827 926 1920 anima,
950 1867 1080 1922 quae
1105 1851 1298 1921 imago
1324 1849 1422 1903 Dei
1449 1852 1550 1912 est,
1581 1863 1784 1918 corpus
1812 1862 1930 1903 non
1955 1849 2062 1900 est.
2086 1827 2141 1898 Β

441 1947 613 2002 Porro
639 1946 687 2000 si
711 1945 900 2000 anima
926 1960 1128 2014 corpus
1151 1951 1252 2012 est,
1297 1943 1484 2012 imago
1524 1941 1625 1994 Dei
1667 1955 1782 1994 non
1824 1944 1928 1994 est.
1956 1937 2066 1994 Sed

441 2039 577 2110 quia
603 2054 802 2096 verum
828 2040 914 2091 est
935 2036 1248 2107 imaginem
1271 2035 1372 2090 Dei
1401 2050 1519 2089 esse
1547 2033 1817 2100 animam,
1846 2035 1902 2087 et
1927 2047 2062 2085 con-

440 2130 680 2186 trarium
733 2129 1036 2199 Scripturae
1081 2132 1287 2184 sanctae
1327 2127 1445 2181 dici
1485 2142 1600 2182 non
1637 2129 1840 2195 potest,
1876 2124 2066 2178 anima

441 2239 646 2294 corpus
673 2238 792 2278 non
813 2226 918 2276 est.
955 2261 958 2266 -

513 2316 622 2370 Sed
665 2315 726 2369 in
773 2313 1097 2368 defensione
1138 2313 1454 2367 animarum
1493 2325 1890 2382 corporearum
1928 2308 2066 2363 illud

439 2408 684 2463 maxime
709 2413 962 2462 astruere
987 2407 1222 2475 videtur,
1244 2405 1399 2476 quod
1421 2405 1612 2458 anima
1630 2403 1988 2458 contineatur
2003 2401 2065 2456 in

437 2504 582 2557 loco.
613 2503 896 2572 Rogamus
919 2499 1111 2570 itaque
1154 2498 1489 2568 respondeat
1513 2513 1548 2550 a
1583 2513 1696 2568 quo
1736 2495 1856 2549 loco
1881 2494 2062 2549 conti-

439 2593 564 2649 neri
588 2593 838 2648 animam
876 2609 1056 2663 posse.
1101 2591 1156 2647 Si
1184 2608 1216 2645 a
1241 2605 1476 2662 corpore
1517 2606 1640 2658 suo,
1692 2605 1828 2658 ergo
1860 2588 2064 2642 melius

439 2692 525 2744 est
547 2702 750 2758 corpus
775 2685 927 2756 quod
953 2684 1222 2754 continet,
1252 2699 1424 2756 quam
1450 2683 1639 2738 anima
1664 2697 1791 2752 quae
1817 2680 2066 2735 continet

439 2797 658 2852 corpus.
693 2779 1093 2834 Verumtamen
1117 2777 1252 2848 quia
1277 2775 1480 2830 melius
1507 2791 1626 2830 esse
1655 2789 1858 2843 corpus
1877 2772 2064 2827 anima

439 2873 756 2928 absurdum
801 2875 884 2926 est
917 2870 1138 2938 dicere;
1168 2885 1304 2940 ergo
1330 2883 1444 2923 non
1469 2867 1662 2922 anima
1687 2865 2006 2921 continetur
2030 2881 2062 2918 a

437 2980 694 3036 corpore,
727 2963 825 3018 sed
848 2962 1038 3017 anima
1054 2961 1306 3016 continet
1331 2976 1551 3031 corpus.
1580 2960 1636 3014 Si
1663 2959 1732 3013 ab
1763 2958 1953 3012 anima
1980 2973 2063 3012 re-

441 3059 614 3128 gitur,
657 3056 707 3110 si
744 3054 1074 3123 viviﬁcatur,
1119 3058 1329 3124 quanto
1380 3052 1564 3124 magis
1609 3058 1665 3107 et
1705 3051 2061 3106 continetur?

437 3151 548 3206 Nec
577 3148 728 3204 enim
755 3149 832 3202 sic
857 3147 1061 3218 implet
1083 3161 1284 3216 corpus
1310 3146 1460 3216 quod
1477 3145 1744 3214 continet,
1767 3145 1911 3199 sicut
1936 3149 2063 3198 uter

438 3185 548 3206 μευ
577 3185 728 3204 eum.
755 3185 832 3202 σιν
859 3185 1061 3218 μμνιυυ
1083 3185 1167 3200 w.
1180 3185 1284 3216 μυ
1310 3185 1460 3216 ,μνη
1478 3185 1744 3214 ννημηυυ,
1767 3185 1911 3199 -.......
1939 3185 2055 3198 ων.

438 3241 665 3312 ίωριρτὶ
689 3241 910 3295 videtur
933 3256 1096 3310 aqua,
1124 3243 1188 3294 ut
1212 3242 1433 3293 tantum
1457 3239 1695 3294 interius
1723 3238 1816 3308 sit,
1837 3251 1950 3296 non
1971 3253 2062 3292 ex-
2081 3185 2138 3259 Ο

437 3333 634 3390 terius.
667 3335 803 3388 Tota
829 3332 1005 3404 igitur
1031 3331 1219 3386 anima
1243 3331 1480 3386 interius
1507 3335 1610 3399 est,
1641 3334 1756 3386 tota
1792 3331 2060 3399 exterius,

437 3430 593 3482 tanta
613 3431 697 3480 est
722 3425 782 3480 in
803 3425 1021 3480 minore
1041 3425 1294 3496 corporis
1322 3427 1498 3494 parte,
1520 3427 1731 3495 quanta
1747 3424 1806 3478 in
1825 3423 2058 3493 majore.

436 3518 493 3575 Si
509 3518 665 3573 enim
677 3521 926 3573 extrema
941 3518 1188 3587 corporis
1203 3533 1332 3588 pars
1347 3517 1433 3571 vel
1453 3516 1632 3586 digito
1650 3520 1742 3570 tan
1750 3520 1930 3585 gatur,
1949 3519 2064 3570 tota

437 3611 624 3666 sentit.
654 3613 722 3666 Et
748 3627 878 3665 cum
905 3627 1100 3664 sensus
1129 3609 1376 3680 corporis
1404 3608 1665 3679 quinario
1689 3624 1929 3663 numero
1957 3607 2063 3663 dis-

435 3703 624 3776 pertiti
665 3703 798 3773 sint,
825 3703 924 3757 illa
951 3703 1244 3774 dispertita
1279 3717 1394 3756 non
1419 3707 1504 3755 est
1533 3700 1592 3756 in
1617 3701 1874 3755 sensibus
1903 3717 1918 3754 :
1945 3706 2063 3755 tota

435 3789 626 3868 itaque
653 3796 824 3866 videt,
851 3799 972 3850 tota
991 3795 1168 3864 audit;
1198 3799 1317 3850 tota
1343 3794 1558 3860 odorat,
1579 3797 1698 3848 tota
1723 3794 1924 3864 tangit,
1945 3799 2062 3849 tota

437 3892 625 3960 gustat
651 3905 665 3944 ι
695 3893 754 3946 et
792 3905 923 3943 cum
949 3904 1151 3958 corpus
1177 3891 1366 3942 movet
1403 3887 1523 3956 ipsa
1568 3902 1669 3957 per
1713 3887 1921 3958 locum,
1948 3903 2061 3943 non

436 3987 692 4037 movetur
717 3981 840 4052 ipsa
862 3981 925 4034 in
952 3980 1096 4034 loco.

511 4073 780 4138 Quocirca
803 4073 963 4128 valde
1000 4072 1272 4127 veraciter
1291 4075 1405 4126 tres
1438 4071 1832 4143 intelliguntur
1853 4073 2060 4127 motio-

436 4183 539 4222 nes
558 4171 897 4221 naturarum
928 4183 942 4220 :
975 4183 1088 4220 una
1113 4165 1210 4220 Dei
1235 4206 1248 4234 ,
1293 4181 1421 4236 quae
1449 4181 1554 4220 nec
1586 4165 1648 4219 in
1671 4171 1925 4236 tempore
1953 4171 2058 4234 est,

436 4275 539 4314 nec
565 4259 626 4314 in
659 4259 779 4314 loco
811 4277 825 4315 :
861 4259 969 4312 alia
993 4258 1219 4330 spiritus
1247 4257 1555 4325 rationalis,
1593 4275 1722 4329 quae
1756 4262 1976 4312 tantum
2002 4259 2061 4313 in

437 4356 690 4423 tempore
716 4357 820 4407 est.
863 4352 974 4408 Sed
1011 4351 1243 4406 forsitan
1272 4351 1632 4422 respondebit
1661 4369 1678 4404 :
1705 4353 1774 4405 Ut
1807 4351 1943 4422 quid
1970 4367 2059 4406 re-

435 4445 683 4516 quiritur
697 4461 732 4498 a
747 4461 841 4500 me
857 4447 1067 4516 quanta
1081 4444 1269 4499 anima
1291 4443 1684 4516 magnitudine
1705 4443 2058 4513 extendatur,

435 4553 566 4592 cum
587 4538 864 4593 veraciter
887 4541 1094 4610 pateat,
1125 4541 1286 4592 extra
1323 4551 1525 4608 corpus
1569 4552 1735 4590 suum
1781 4552 1899 4591 esse
1941 4545 2135 4618 nonD

1439 381 1466 416 μ
1511 373 1716 410 Ι’-ι,-,ἰ

352 4633 366 4656 ¹
433 4648 618 4702 posse,
641 4635 697 4686 et
723 4631 1035 4686 secundum
1062 4630 1511 4702 magnitudinem
1536 4629 1783 4700 corporis
1811 4629 2058 4684 animam
2137 4673 2146 4678 .

433 4724 744 4794 quantitate
767 4723 919 4779 ﬁniri
935 4724 962 4779 ?
988 4726 1134 4795 Ergo
1161 4723 1208 4778 si
1225 4724 1390 4794 juxta
1413 4723 1788 4794 quantitatem
1807 4722 2058 4794 corporis

431 4817 715 4888 quantitas
741 4822 823 4872 est
865 4817 1071 4872 animae
1087 4859 1102 4884 ,
1131 4821 1288 4872 tanto
1315 4817 1553 4888 quisque
1595 4815 1798 4870 debeat
1821 4829 1939 4870 esse
1965 4832 2055 4870 sa-

432 4909 696 4980 pientior,
747 4915 959 4982 quanto
1005 4908 1180 4964 fuerit
1220 4925 1458 4980 corpore
1501 4907 1789 4980 grandior.
1816 4909 1886 4962 At
1926 4924 2058 4963 vero

433 5018 562 5058 cum
589 5003 922 5075 plerumque
945 5019 1242 5059 cernamus
1269 5001 1632 5074 sapientiores
1651 5017 1770 5057 esse
1789 5001 2054 5072 minores,

431 5111 605 5166 quam
633 5111 868 5168 corpore
894 5096 1242 5169 grandiores,
1269 5093 1494 5151 nonest
1519 5095 1723 5150 animos
1749 5097 2057 5152 secundum

433 5187 681 5258 corporis
691 5190 1064 5259 quantitatem
1077 5190 1379 5262 quantitas.
1387 5192 1561 5244 Porro
1572 5188 1830 5256 autem,si
1841 5192 2057 5244 tantam

431 5280 885 5350 magnitudinem
911 5283 1115 5338 habeat
1139 5282 1346 5353 anima,
1375 5287 1644 5354 quantam
1673 5299 1901 5353 corpus;
1923 5299 2058 5354 quo~

432 5373 602 5427 modo
627 5373 688 5426 in
715 5389 951 5444 parvum
971 5391 1172 5447 corpus
1190 5382 1372 5431 tantas
1393 5392 1695 5447 corporum
1713 5376 2056 5446 granditates

432 5465 751 5537 imaginum
777 5467 1069 5524 continet?
1087 5471 1172 5523 An
1201 5486 1314 5525 non
1330 5485 1524 5526 omnes
1544 5469 1965 5540 magnitudines
1983 5471 2057 5525 ci-

433 5559 672 5614 vitatum
701 5575 840 5630 quas
865 5561 1141 5632 novimus,
1171 5563 1468 5633 montium,
1499 5562 1821 5630 ﬂuminum,
1851 5563 1975 5618 coeli
1999 5568 2056 5619 et

425 5656 612 5721 terrae,
640 5651 730 5706 vel
755 5653 1103 5726 reliquarum
1125 5657 1445 5728 specierum
1458 5655 1648 5710 animo
1661 5653 2012 5712 continemus
2026 5657 2053 5712 ?

423 5746 558 5808 Quis
578 5745 748 5802 etiam
773 5747 926 5804 locus
947 5753 1062 5805 tam
1086 5750 1313 5820 grandis
1330 5749 1536 5803 animae
1554 5763 1684 5801 cum
1705 5751 1858 5802 tanta
1873 5750 2054 5820 spatia

422 5837 676 5900 locorum
717 5841 1008 5900 continet?
1048 5842 1154 5898 Sed
1192 5841 1327 5912 quia
1362 5840 1482 5912 ipsa
1529 5855 1732 5911 corpus
1787 5856 1900 5896 non
1947 5847 2050 5911 est,

1828 382 1835 399 ο
1889 352 2203 408 [ΔΕΙΝΙΔΝΙ

3753 343 3876 394 696

2159 458 2350 514 omnia
2377 458 2500 512 loca
2530 456 2826 512 illocaliter
2867 455 3138 510 continet.
3166 455 3225 510 Si
3249 469 3350 508 vas
3375 451 3574 524 igitur
3609 466 3662 504 -a
3715 462 3878 504 vase

2162 550 2532 616 contineatur,
2576 549 2714 604 illud
2741 547 2994 620 profecto
3021 548 3213 603 minus
3237 549 3325 602 est
3352 545 3516 617 quod
3555 542 3874 610 interius,

2160 643 2299 700 illud
2324 643 2510 713 majus
2537 647 2622 698 est
2645 642 2796 712 quod
2822 641 3087 697 exterius.
3107 640 3407 706 Quomodo
3425 653 3581 708 ergo
3610 635 3874 703 anima,

2163 737 2305 790 sicut
2346 735 2552 791 dicitur
2591 749 2826 805 parvum
2869 751 3092 805 corpus,
3145 738 3336 788 tantas
3383 729 3880 802 magnitudines

2163 845 2466 899 corporum
2492 829 2786 884 continet?
2825 829 2894 882 Et
2919 827 3128 882 idcirco
3157 827 3268 882 rite
3293 825 3570 880 creditur
3611 822 3873 891 extima,

2163 922 2534 992 quantitatem
2555 921 2792 989 nullam,
2815 919 3148 992 qualitatem
3165 918 3384 974 habere
3407 918 3628 983 ullam,
3653 917 3878 970 Deum

2163 1031 2266 1070 nec
2289 1015 2657 1085 quantitatem
2691 1030 2794 1070 nec
2819 1013 3152 1085 qualitatem
3187 1011 3406 1067 habere
3435 1011 3626 1082 :quia
3656 1009 3877 1080 igitur

2164 1109 2394 1179 aequalis
2422 1109 2534 1162 Deo
2562 1124 2677 1164 non
2704 1112 2804 1176 est,
2823 1107 3157 1178 qualitatem
3181 1105 3420 1174 habere;
3447 1105 3598 1176 quia
3623 1118 3878 1174 corpus

2163 1218 2280 1257 non
2303 1206 2405 1270 est,
2435 1201 2810 1272 quantitatem
2836 1217 2954 1255 non
2973 1199 3206 1256 habere.
3292 1235 3296 1242 ς
3673 1221 3678 1229 ·

2233 1295 2374 1348 Cum
2399 1293 2570 1348 etiam
2609 1293 2836 1364 cogitet,
2866 1293 2914 1346 si
2939 1296 3158 1364 potest,
3185 1291 3330 1362 quid
3365 1292 3445 1346 sit
3491 1291 3562 1347 in
3597 1303 3874 1362 geome—

2163 1387 2286 1442 triae
2311 1385 2603 1456 disciplina
2629 1391 2927 1456 punctum,
2957 1385 3092 1456 quid
3121 1385 3185 1441 in
3215 1385 3364 1440 linea
3390 1426 3404 1451 ,
3435 1399 3583 1456 qua:
3611 1383 3874 1438 nullam

2163 1479 2336 1534 habet
2372 1479 2754 1544 latitudinem,
2793 1477 3011 1534 nullam
3049 1477 3442 1544 altitudinem,
3485 1477 3602 1532 sed
3651 1477 3876 1531 solum

2163 1572 2331 1628 habet
2383 1571 2836 1642 longitudinem;
2893 1571 3115 1628 auferat
3159 1571 3346 1626 etiam
3400 1570 3874 1641 cogitationem

2163 1665 2234 1719 ab
2262 1664 2518 1720 omnium
2547 1678 2739 1718 rerum
2771 1679 3174 1734 corporearum
3195 1705 3210 1732 ,
3249 1663 3525 1734 quamvis
3555 1664 3872 1718 minutis-

2164 1757 2454 1824 simarum,
2483 1772 2662 1826 usque
2691 1756 2760 1812 ad
2785 1755 2950 1812 ﬁlum
2974 1773 3220 1822 araneze,
3254 1756 3416 1828 quod
3441 1773 3559 1827 pro
3593 1757 3872 1812 modulo

2165 1866 2264 1903 suo
2290 1854 2345 1904 et
2368 1848 2722 1903 latitudinem
2762 1853 2819 1902 et
2855 1849 3214 1904 altitudinem
3259 1849 3483 1904 habere
3530 1849 3876 1919 dignosci-

2163 1947 2274 1996 tur.
2308 1943 2530 1996 Etcum
2554 1941 2897 1996 intellexerit
2924 1943 3073 1996 hanc
3097 1942 3331 2012 lineam,
3352 1958 3544 2012 quam
3575 1942 3879 1998 diximus

2162 2051 2278 2088 non
2301 2050 2420 2088 esse
2444 2050 2792 2104 corpoream,
2813 2034 3210 2106 intelligatque
3232 2051 3360 2090 rem
3383 2035 3876 2105 incorporeum,

2161 2126 2438 2196 intelligat
2478 2141 2681 2196 corpus
2707 2142 2821 2180 non
2851 2141 3004 2194 esse;
3038 2127 3323 2197 intelligat
3350 2142 3506 2196 rem,
3536 2145 3692 2199 quas
3733 2130 3880 2200 regi

2163 2219 2221 2273 in
2248 2235 2481 2290 corpore
2509 2218 2895 2287 confirmatur,
2923 2235 3128 2290 corpus
3147 2236 3270 2274 esse
3305 2233 3426 2276 non
3455 2237 3675 2292 posse.
3711 2225 3882 2293 Apo-

2163 2311 2335 2366 stolus
2370 2311 2522 2366 enim
2555 2312 2632 2366 ait
2664 2331 2680 2366 :
2731 2313 2868 2379 Quos
2900 2315 3178 2382 praesciuit
3210 2313 3664 2383 praedestinavit
3731 2331 3878 2370 oon-

2160 2407 2358 2471 formes
2391 2408 2510 2474 ﬁeri
2531 2407 2786 2475 imaginis
2816 2405 2946 2460 Filii
2970 2406 3103 2474 ejus.
3135 2405 3430 2476 Intelligat
3454 2406 3666 2476 igitur
3697 2409 3880 2480 quod

2161 2497 2456 2568 Apostolus
2484 2499 2564 2552 ait
2607 2515 2621 2552 :
2669 2500 2774 2565 Qui
2821 2498 3060 2552 adhaeret
3107 2501 3386 2554 meretrici
3429 2515 3626 2554 unum
3656 2517 3881 2572 corpus

2163 2593 2412 2658 efﬁcitur;
2465 2594 2560 2660 qui
2605 2595 2786 2646 autem
2837 2591 3078 2648 adhaeret
3128 2595 3358 2647 Domino
3396 2608 3550 2648 unus
3605 2597 3880 2664 spiritus

2162 2688 2258 2738 est.

2230 2777 2582 2846 Quapropter
2609 2776 2920 2831 secundum
2959 2782 3132 2833 recte:
3156 2777 3294 2833 ﬁdei
3321 2778 3649 2836 catholicas
3701 2782 3876 2840 veri-

2162 2873 2358 2934 tatem,
2384 2868 2664 2923 credimus
2693 2869 2994 2924 Dominum
3025 2870 3444 2942 incorporeum
3476 2871 3712 2932 fecisse
3758 2876 3874 2931 ali-

2161 2977 2272 3033 qua
2307 2961 2636 3032 incorporea
2658 3002 2672 3029 ,
2710 2962 2901 3034 aliqua
2947 2978 3224 3034 corporea
3245 3005 3260 3032 ,
3317 2967 3750 3036 praeposuisse
3809 2971 3878 3024 in

2163 3071 2366 3125 genere
2403 3071 2806 3125 corporearum
2841 3071 3040 3110 rerum
3085 3057 3394 3113 rationalia
3449 3059 3874 3118 irrationabi-

2159 3142 2325 3212 libus,
2345 3141 2721 3214 intelligibilia
2745 3159 2860 3198 non
2888 3143 3553 3217 intelligentibus,justa
3583 3147 3873 3222 injustis,

2159 3241 2310 3290 recta
2363 3237 2546 3306 pravis
2568 3275 2583 3304 ,
2650 3235 2991 3293 immortalia
3051 3238 3416 3294 mortalibus.
3488 3241 3558 3296 In
3632 3259 3876 3312 genere

2159 3328 2334 3399 igitur
2357 3345 2552 3384 rerum
2573 3344 2972 3399 corporearum
2989 3371 3005 3399 ,
3034 3330 3320 3392 sensibilia
3360 3331 3872 3408 insensibilibus,

2160 3421 2404 3476 viventia
2423 3437 2540 3475 non
2566 3421 2879 3478 viventibus
2896 3463 2912 3492 ,
2940 3423 3188 3478 coelestia
3213 3427 3619 3484 terrestribus
3641 3465 3658 3496 ,
3699 3447 3873 3488 mas-

2161 3514 2412 3568 culinum
2451 3513 2747 3583 feminino,
2771 3515 3024 3572 maxime
3050 3516 3343 3572 valentem
3395 3519 3618 3578 minus
3651 3524 3874 3582 valen-

2161 3605 2310 3662 tiori.
2921 3645 2923 3648 ι

2231 3699 2337 3754 Sed
2379 3699 2500 3754 haec
2548 3700 2788 3755 dicimus
2817 3701 3179 3760 ostendentes
3225 3703 3368 3774 quid
3422 3705 3668 3764 habeat
3713 3713 3873 3767 ordo

2160 3797 2396 3858 natura},
2424 3809 2543 3848 non
2565 3793 2705 3864 quid
2731 3799 2995 3850 nostrum
3019 3800 3236 3850 asserat
3265 3801 3702 3858 commodum.
3723 3805 3876 3870 Quis

2159 3901 2275 3942 non
2313 3885 2486 3941 etiam
2511 3885 2674 3940 malit
2699 3887 2908 3942 habere
2934 3904 3144 3958 panem
3173 3905 3354 3960 quam
3383 3893 3656 3964 sorices,
3689 3914 3872 3969 gem-

2159 3993 2314 4034 mam
2334 3994 2506 4049 quam
2549 3979 2820 4034 famulam
2837 3981 2865 4035 τ
2895 3983 2952 4035 et
2977 3981 3326 4054 plerumque
3363 3984 3562 4041 etiam
3589 3992 3875 4062 amplius

2159 4071 2498 4142 appenditur
2517 4087 2695 4142 equus
2720 4089 2894 4144 quam
2925 4089 3120 4131 servus
3145 4116 3160 4144 ,
3193 4075 3338 4134 dum
3361 4079 3606 4136 scilicet
3632 4085 3874 4157 utilitas

2160 4163 2519 4235 appenditur,
2541 4179 2657 4220 non
2681 4166 2819 4221 ordo
2845 4167 3111 4222 creantis.

2229 4257 2336 4312 Sed
2353 4256 2472 4326 jam
2506 4257 2589 4312 vel
2618 4273 2770 4314 nunc
2798 4259 3071 4330 accipiat,
3100 4261 3447 4320 charissima
3475 4265 3706 4340 frater,
3766 4273 3874 4345 qui

2160 4353 2212 4404 te
2233 4349 2466 4406 minime
2491 4350 2688 4405 audire
2713 4351 3007 4422 detractat,
3023 4356 3289 4410 sanctum
3309 4359 3494 4430 atque
3526 4365 3874 4436 egregium

2158 4443 2583 4514 praedicatorem
2614 4443 2924 4500 antistitem
2949 4447 3346 4516 Augustinum
3382 4469 3397 4504 :
3430 4456 3493 4507 et
3527 4454 3687 4512 licet
3713 4475 3876 4530 pene

2156 4535 2216 4590 in
2255 4535 2516 4590 omnibus
2560 4535 2843 4606 opusculis
2869 4537 3006 4606 suis,
3054 4538 3152 4594 ubi
3192 4557 3334 4596 eum
3384 4559 3577 4600 causa
3625 4553 3871 4624 exegit,

2158 4627 2409 4684 animam
2433 4629 2520 4682 vel
2547 4629 2815 4700 angelum
2839 4630 3085 4688 instruat
3111 4632 3576 4710 incorporeum,
3607 4659 3871 4702 verum-

2157 4725 2347 4776 tamen
2395 4721 2528 4792 quia
2567 4723 2835 4793 angustia
2875 4724 3153 4795 temporis
3189 4727 3362 4796 (sicut
3390 4729 3534 4800 jam
3561 4735 3873 4810 diximus)

2159 4819 2419 4884 coarctat,
2438 4813 2610 4870 libros
2638 4815 2760 4886 ejus
2781 4831 2886 4871 nec
2903 4816 3064 4872 vobis
3083 4821 3513 4894 transmittere,
3538 4843 3667 4886 nec
3687 4834 3870 4890 nobis

2155 4909 2345 4978 legere
2370 4911 2546 4978 vacat,
2583 4924 2761 4979 pauca
2805 4909 2979 4966 etiam
3024 4928 3155 4983 quae
3191 4914 3364 4970 nobis
3391 4933 3472 4974 ex
3515 4919 3710 4980 libris
3743 4928 3871 4998 ejus

2158 5001 2228 5056 ad
2253 5001 2765 5073 incorporalitatem
2789 5003 2998 5060 animae
3016 5009 3116 5062 aut
3129 5007 3326 5079 angeli
3356 5016 3784 5076 astruendam
3807 5022 3870 5077 in

2157 5099 2407 5150 mentem
2432 5095 2685 5165 veniunt,
2715 5095 2958 5153 scribere
2985 5099 3338 5159 curavimus.
3368 5103 3440 5161 In
3469 5105 3646 5166 libro
3678 5113 3870 5186 igitur

2157 5187 2254 5259 qui
2279 5186 2508 5243 titulum
2528 5187 2718 5258 habet,
2736 5189 2812 5244 De
2829 5207 3054 5246 summo
3069 5192 3245 5262 bono,
3264 5211 3452 5268 supra
3469 5214 3869 5264 memoratus

2157 5280 2386 5335 antistes
2415 5297 2430 5335 :
2463 5303 2492 5331 «
2520 5281 2720 5336 Omnis
2757 5286 2964 5338 natura
3007 5284 3238 5359 (inquit)
3281 5293 3392 5344 aut
3440 5294 3722 5364 spiritus
3767 5309 3869 5358 aut

2156 5390 2356 5445 corpus
2385 5378 2496 5444 est;
2543 5374 2773 5446 spiritus
2797 5375 3288 5436 incommutabilis
3325 5383 3490 5442 Deus
3519 5396 3648 5460 est,
3682 5396 3868 5467 spiri-

2157 5467 2296 5522 ritus
2315 5467 2730 5524 commutabilis
2747 5469 2895 5524 facta
2911 5473 3136 5542 natura,
3160 5475 3262 5529 sed
3279 5492 3550 5548 corpore
3569 5487 3866 5548 melior.»

2159 5561 2217 5614 In
2241 5560 2386 5615 libro
2430 5561 2601 5616 etiam
2641 5562 2712 5617 de
2745 5562 3081 5634 Virginitate
3125 5571 3344 5625 sanctae
3381 5571 3625 5646 Mariae,
3683 5599 3867 5653 quem

2154 5653 2226 5708 ad
2251 5654 2610 5710 Volusianum
2635 5653 2896 5726 scripsit:
2931 5678 2958 5706 α
2990 5657 3048 5714 Si
3075 5663 3276 5716 autem
3317 5661 3570 5738 (inquit)
3605 5677 3866 5745 quidam

2153 5747 2428 5802 rationem
2457 5748 2616 5803 reddi
2641 5747 2747 5804 sibi
2774 5748 3056 5821 ﬂagitant,
3089 5757 3392 5824 quomodo
3423 5759 3594 5818 Deus
3621 5767 3866 5826 homini

2153 5841 2452 5912 permistus
2491 5841 2582 5914 sit,
2627 5845 2693 5898 ut
2735 5857 2848 5902 una
2872 5841 3038 5902 ﬁeret
3081 5862 3332 5918 persona
3379 5851 3667 5932 Christi;
3729 5881 3865 5922 cum
