3994 6412
153 389 250 442 697

1035 429 1041 439 .
1135 385 1454 450 EPISTOLA
1492 389 1558 456 ll,
1597 388 1686 445 AD
1725 387 2134 457 ERIPIIANIUM
2173 381 2555 458 DlACDNUM-,
2619 425 2658 462 ,;
2707 443 2714 456 ,

3401 382 3504 443 698

149 494 255 549 hoc
280 492 454 552 simul
486 493 617 551 ﬁeri
643 495 976 566 oportuerit,
1003 494 1164 566 quasi
1201 495 1482 552 rationem
1510 495 1618 566 ipsi
1647 497 1788 557 redr.
1801 508 1860 584 Α
1878 495 1940 551 in
1961 495 2081 551 toto
2129 511 2302 567 quam
2341 495 2404 552 in
2447 493 2656 565 aliquo,
2685 497 2744 561 et
2765 495 2882 550 tam
2927 505 3203 565 magnum
3232 490 3294 546 in
3327 506 3502 562 parvo

146 588 284 642 dant
321 587 393 642 de
447 602 510 644 re
549 603 682 658 quae
729 587 982 659 quotidie
1027 588 1118 656 ﬁt,
1153 589 1439 660 quomodo
1479 589 1783 646 misceatur

143 681 339 734 anima
372 679 617 750 corpori,
655 685 718 735 ut
763 697 874 734 una
915 697 1159 752 persona
1199 681 1297 736 ﬁat
1335 681 1603 736 hominis.
1641 683 1781 736 Nam

143 773 292 826 sicut
314 772 376 826 in
418 773 638 828 unitate
681 789 941 845 personae
980 773 1168 828 anima
1207 773 1392 829 utitur
1433 791 1686 846 corpore,
1717 779 1782 829 ut

140 867 320 920 homo
349 865 453 934 sit;
482 865 562 920 ita
604 865 666 920 in
709 865 924 921 unitate
971 883 1229 938 personae
1253 867 1404 926 Deus
1445 867 1626 924 utitur
1668 868 1772 922 ho-

141 960 302 1014 mine
355 963 424 1014 ut
465 959 719 1013 Christus
770 959 918 1014 sit.»
973 960 1040 1014 Et
1081 965 1211 1030 post
1254 959 1548 1030 paululum
1598 959 1775 1014 dicit:

145 1073 174 1105 α
193 1055 443 1108 Persona
489 1051 741 1108 hominis
776 1051 1020 1110 mistura
1051 1056 1135 1130 est
1159 1051 1366 1108 animae.
1405 1056 1462 1110 et
1493 1053 1774 1128 corporis;

139 1162 390 1216 persona
417 1147 609 1200 autem
641 1145 848 1200 Christi
871 1145 1108 1200 mistura
1135 1149 1220 1200 est
1245 1145 1344 1200 Dei
1371 1149 1426 1201 et
1464 1143 1727 1200 hominis.
1748 1165 1776 1196 ι)

140 1240 210 1294 Et
233 1243 364 1310 post
389 1239 724 1310 paululum:
761 1239 1200 1293 «Verumtamen
1248 1239 1490 1293 duarum
1515 1239 1777 1309 incorpo-

137 1347 380 1391 rearum
401 1347 600 1388 rerum
627 1331 941 1389 commistio
956 1331 1174 1386 facilius
1193 1331 1346 1386 credi
1371 1331 1580 1402 debuit,
1605 1347 1778 1404 quam

134 1425 316 1480 unius
334 1425 687 1496 incorporea:
703 1427 760 1478 et
783 1423 1012 1478 alterius
1036 1439 1338 1495 corporeae.
1361 1425 1502 1478 Nam
1527 1424 1572 1478 si
1591 1424 1781 1478 anima

135 1519 201 1572 in
264 1534 366 1572 sua
409 1523 614 1572 natura
653 1533 770 1571 non
811 1516 1047 1586 fallitur,
1101 1517 1487 1588 incorpoream
1535 1533 1594 1571 se
1660 1531 1778 1572 esse

133 1609 598 1683 comprehendit.
621 1609 794 1664 Multo
811 1609 994 1680 magis
1008 1609 1406 1680 incorporeum
1430 1614 1515 1664 est
1533 1609 1777 1664 Verbum

1879 604 2052 660 quam
2090 588 2152 644 in
2196 603 2424 659 magno.
2473 588 2595 643 Non
2621 587 2796 660 igitur
2844 585 3031 642 localis
3069 589 3153 641 est
3199 584 3405 640 anima.
3438 585 3508 645 Et

1880 680 2152 752 quidquid
2206 681 2426 736 illocale
2469 683 2572 749 est,
2635 695 2970 750 corporeum
3014 694 3130 733 non
3176 682 3278 732 est.
3328 677 3506 748 Igitur

1879 774 2068 828 anima
2105 789 2308 845 corpus
2352 789 2466 828 non
2518 777 2621 850 est.
2651 775 2790 827 Item
2842 773 3246 827 ratiocinatur:
3301 770 3505 826 Anima

1877 867 2170 927 rationalis
2198 870 2301 938 est,
2323 871 2380 922 et
2420 867 2860 925 substantialiter
2885 865 3031 921 inest
3053 865 3258 920 anima:
3288 863 3505 920 ratioci-

1879 957 2022 1026 nari,
2050 965 2106 1014 et
2136 959 2276 1014 ratio
2305 955 2672 1031 incorporalis
2700 964 2869 1032 atque
2918 958 3148 1013 illocalis
3178 962 3296 1013 est:
3327 957 3504 1029 igitur

1861 1052 2243 1124 incorporalis
2285 1056 2369 1107 est
2409 1053 2616 1111 anima.
2673 1055 2810 1111 Item
2848 1053 3108 1126 voluntas
3133 1051 3340 1106 anima:
3367 1051 3502 1106 sub-

1879 1145 2083 1200 stantia
2102 1146 2224 1216 ejus
2257 1151 2358 1214 est,
2389 1149 2446 1201 et
2478 1146 2524 1200 si
2559 1149 2674 1201 tota
2703 1145 2824 1200 vult
2847 1146 3057 1214 anima,
3099 1147 3215 1200 tota
3245 1144 3502 1200 voluntas

1879 1243 1981 1308 est,
2013 1241 2074 1293 et
2095 1238 2354 1294 voluntas
2397 1255 2599 1310 corpus
2645 1255 2762 1294 non
2809 1243 2909 1294 est.
2941 1239 3119 1310 Igitur
3171 1237 3360 1292 anima
3386 1253 3500 1292 non

1879 1335 1963 1386 est
1985 1347 2209 1403 corpus.
2240 1333 2377 1386 Item
2401 1331 2673 1389 memoria
2699 1331 2928 1386 illocalis
2943 1331 3203 1406 quaedam
3226 1329 3502 1404 capacitas

1879 1429 1980 1494 est,
2009 1440 2136 1496 quae
2159 1441 2262 1479 nec
2291 1424 2652 1480 multitudine
2676 1424 3109 1480 recordabilium
3141 1417 3498 1490 distenditur,

1873 1531 1980 1570 nec
2037 1517 2322 1588 paucitate
2386 1521 2684 1582 tenuatur,
2729 1521 2785 1572 et
2837 1516 3264 1588 incorporaliter
3331 1515 3500 1570 etiam

1877 1605 2253 1676 corporalium
2278 1605 2676 1661 reminiscitur.
2706 1605 2772 1660 Et
2801 1621 2932 1660 cum
2968 1604 3228 1659 meminit
3254 1603 3498 1673 animus,

133 1704 260 1775 Dei,
291 1721 357 1762 ac
383 1719 486 1776 per
505 1704 611 1758 hoc
639 1702 804 1758 Verbi
831 1701 930 1759 Dei
959 1707 1016 1756 et
1039 1702 1245 1757 animae
1266 1703 1586 1757 credibilior
1612 1703 1782 1758 debet
1875 1701 2026 1752 totus
2067 1698 2348 1767 meminit,
2377 1701 2436 1753 et
2472 1703 2622 1754 totus
2645 1698 2918 1754 memoria
2961 1701 3064 1767 est,
3093 1698 3191 1769 qui
3239 1696 3504 1752 meminit

133 1813 259 1854 esse
297 1797 640 1866 commistio,
686 1813 859 1867 quam
901 1795 1109 1850 animae
1147 1799 1202 1851 et
1249 1795 1514 1868 corporis.
1563 1793 1670 1850 Sed
1718 1793 2065 1868 in‘-totus:
2099 1797 2155 1848 et
2179 1791 2453 1846 memoria
2471 1807 2672 1862 corpus
2696 1795 2931 1846 nonest.
2950 1791 3071 1845 Non
3095 1789 3272 1862 igitur
3296 1802 3499 1860 corpus

130 1891 305 1950 nobis
357 1889 492 1966 ipsis
545 1865 875 1961 experimur
930 1887 1099 1957 illud;
1151 1885 1209 1943 in
1263 1865 1484 1944 Christo
1548 1888 1776 1944 credere
1797 1865 1852 1936 B
1876 1887 1960 1938 est
1983 1881 2225 1938 animus.
2253 1885 2392 1938 Item
2431 1899 2632 1954 corpus
2665 1899 2769 1938 nec
2795 1883 3210 1955 appropinquat
3237 1883 3371 1950 Deo,
3393 1893 3498 1936 nec

121 1984 442 2056 jubemur:
495 1983 542 2037 si
591 1987 781 2052 autem
833 1985 1140 2051 utrumque
1188 1979 1352 2035 nobis
1417 1981 1775 2051 inexpertum

129 2076 492 2136 credendum
520 2075 948 2150 praeciperetur,
978 2072 1115 2144 quid
1149 2073 1358 2128 horum
1386 2073 1549 2128 citius
1575 2073 1769 2128 crede-

129 2186 332 2226 remus
357 2171 387 2224 ?
424 2167 718 2233 Quomodo
759 2184 874 2222 non
915 2167 1227 2222 fateremur
1267 2167 1380 2222 duo
1423 2166 1772 2238 incorporea,

127 2279 312 2335 quam
355 2277 541 2316 unum
593 2261 991 2334 incorporeum
1039 2259 1397 2330 alterumque
1440 2275 1774 2329 corporeum

119 2355 356 2412 facilius
408 2353 658 2428 potuisse
711 2353 1038 2409 misceri?»
1102 2354 1230 2407 Haec
1289 2349 1594 2424 disputatio
1641 2366 1776 2406 vera

126 2449 355 2504 ratione
372 2446 696 2520 plenissima
721 2446 916 2518 magni
941 2443 1205 2501 antisritis
1233 2443 1548 2500 incredulos
1575 2441 1780 2514 provoi

125 2559 268 2597 cans
297 2541 370 2596 ad
395 2539 570 2594 ﬁdem
597 2539 766 2594 ducet
794 2557 810 2608 ;
853 2542 918 2594 ut
941 2537 1151 2594 scilicet
1195 2537 1338 2592 sicut
1385 2537 1623 2592 credunt
1657 2536 1774 2590 ani-

125 2651 292 2690 mam
322 2633 718 2704 incorpoream
762 2631 1006 2703 corpori,
1043 2635 1106 2686 ut
1130 2647 1240 2685 una
1283 2646 1520 2700 persona
1548 2629 1644 2685 fiat
1675 2629 1773 2684 ho—

126 2728 309 2782 minis
333 2769 348 2795 ,
401 2725 650 2797 potuisse
702 2724 970 2794 misceri;
1028 2725 1209 2779 multo
1268 2723 1485 2777 facilius
1543 2722 1772 2778 credere

125 2821 347 2878 debent
372 2817 621 2873 Verbum
641 2817 738 2873 Dei
764 2815 1184 2890 incorporeum,
1200 2816 1548 2890 incorporeas
1569 2813 1772 2870 animae

123 2913 391 2987 potuisse
418 2911 666 2968 misceri.

199 3009 269 3062 In
295 3005 442 3060 libro
469 3005 643 3063 etiam
667 3004 732 3058 de
757 3005 976 3074 Origine
995 3005 1209 3064 animae,
1233 3017 1403 3075 quem
1427 3001 1498 3058 ad
1517 3006 1772 3057 sanctum

125 3101 552 3171 Hieronymum
613 3097 1007 3170 presbyterum
1069 3095 1328 3168 scripsit,
1384 3096 1772 3166 incorpoream

121 3209 376 3298 quoque,
541 3189 1032 3298 εξηίφειηχίρςιιιίιε
1064 3193 1115 3298 εξ
1136 3187 1412 3298 adi/ﬁala
1437 3185 1768 3243 ιατάίοτεδαε
1789 3188 1844 3297 ε
1869 3185 2118 3291 iii-gat;
2145 3185 2602 3296 ’ἇέλέέηᾞὲιὲξέεῐ
2619 3185 2920 3296 {asa
2939 3185 3496 3298 agitauisse

113 3286 460 3360 persuaderi
483 3288 673 3355 potest,
705 3283 838 3338 mihi
873 3283 1252 3363 tamenfateor
1285 3297 1390 3337 esse
1423 3297 1766 3352 persuasum.

118 3383 260 3435 Haec
290 3377 465 3433 verba
486 3376 638 3432 beati
662 3367 961 3447 Augustini
989 3375 1296 3430 ostendunt
1316 3375 1440 3428 illos
1467 3390 1582 3428 non
1602 3390 1768 3446 posse

118 3471 452 3542 intelligere
501 3468 708 3524 animus
773 3467 1284 3539 incorporalitatem
1306 3509 1319 3536 ,
1371 3467 1470 3538 qui
1537 3465 1769 3538 ingenio

117 3563 340 3640 pusillo
366 3579 480 3617 non
507 3561 697 3616 valent
719 3560 1018 3633 sejungere
1049 3576 1316 3632 corporea
1333 3559 1403 3614 ab
1425 3559 1770 3630 incorporeis

119 3659 304 3714 rebus
329 3673 348 3710 :
376 3653 513 3728 quia
537 3653 746 3708 scilicet
771 3656 991 3708 tantum
1017 3653 1266 3724 corporis
1291 3651 1546 3708 sensibus
1567 3649 1764 3719 dediti,

119 3751 275 3806 nihil
297 3766 419 3804 esse
462 3747 788 3803 existimant
811 3745 962 3820 quod
999 3761 1118 3802 non
1142 3762 1244 3816 per
1287 3761 1481 3799 sensus
1518 3743 1768 3816 corporis

108 3843 451 3921 percepisse
475 3829 860 3896 meminerint.
889 3837 1322 3910 Scripsitautem
1335 3837 1486 3892 idem
1503 3837 1768 3910 egregius

121 3940 338 3992 Doctor
356 3935 570 3994 librum
598 3935 667 3990 de
693 3933 1006 4005 quantitate
1027 3931 1254 4000 animae,
1277 3930 1470 3988 multis
1497 3933 1552 3984 et
1569 3929 1764 3984 multi-

117 4030 376 4104 plicibus
411 4026 888 4102 diaputationibus
927 4025 1220 4096 refertum,
1249 4024 1309 4079 in
1349 4041 1462 4096 quo
1496 4023 1644 4078 inter
1668 4038 1768 4078 caa-

117 4103 252 4182 tera
282 4123 354 4178 de
379 4103 840 4194 incorporalitate
867 4117 1073 4173 a'nimae
1101 4117 1364 4190 disputat.
1397 4137 1425 4168 α
1444 4117 1565 4170 Non
1591 4114 1764 4186 enim,

119 4219 232 4286 ait,
268 4215 386 4270 ullo
407 4214 598 4282 modo,
629 4218 726 4268 aut
759 4211 950 4283 longa,
979 4215 1077 4266 aut
1106 4210 1238 4280 lata,
1273 4215 1372 4265 aut
1403 4207 1563 4282 quasi
1591 4207 1769 4263 valida

115 4306 468 4380 suspicanda
493 4311 578 4361 est
610 4305 801 4360 anima
835 4319 1164 4376 corporea.»
1195 4304 1302 4357 Ista
1345 4305 1495 4371 sunt,
1527 4306 1592 4356 ut
1623 4301 1767 4356 mihi

113 4403 374 4470 videtur,
405 4403 462 4456 et
487 4399 556 4455 de
595 4397 1000 4454 consuetudine
1043 4413 1348 4468 corporum
1399 4395 1480 4450 sic
1516 4393 1767 4449 animam

115 4494 466 4568 quaerimus,
499 4492 740 4563 ideoque
776 4489 928 4544 bene
968 4488 1297 4561 praecipitur
1340 4489 1509 4544 etiam
1547 4485 1608 4542 in
1649 4504 1766 4558 my—
1801 4521 1808 4530 ε

116 4587 339 4655 steriis,
389 4591 452 4641 ut
492 4584 682 4640 omnia
729 4599 966 4655 corpora
1009 4585 1355 4651 contemnat,
1393 4581 1843 4657 univer'soqueD

116 4681 264 4738 huic
294 4678 514 4734 mundo
547 4675 854 4746 renuntiet,
884 4675 1002 4748 qui,
1045 4679 1110 4730 ut
1145 4675 1422 4744 videmus,
1462 4689 1768 4744 corporeus

117 4779 232 4843 est,
271 4772 534 4844 quisquis
563 4787 626 4825 se
653 4770 829 4825 talem
857 4769 1016 4824 reddi
1055 4767 1354 4836 desiderat,
1383 4767 1562 4838 qualis
1597 4783 1631 4820 a
1655 4767 1768 4820 Deo

113 4871 314 4925 factus
343 4870 448 4934 est,
489 4863 548 4919 id
573 4869 658 4920 est
700 4861 896 4916 similis
936 4863 1071 4916 Deo.
1121 4861 1243 4914 Non
1283 4859 1436 4914 enim
1469 4859 1575 4913 alia
1617 4857 1764 4912 salus

113 4960 338 5017 animae
363 4963 467 5026 est,
506 4960 606 5012 aut
647 4953 952 5023 renovatio,
980 4957 1079 5008 aut
1120 4951 1504 5010 reconciliatio
1545 4950 1765 5006 auctori
1833 4965 1864 4977 "

118 5071 256 5110 5110.

197 5142 568 5212 Claudianus,
594 5141 683 5196 vir
707 5109 1132 5208 disertiSsimus,
1162 5137 1338 5195 edidit
1365 5137 1544 5192 libros
1567 5133 1636 5190 de
1679 5137 1767 5190 In-

113 5235 528 5310 corporalitate
549 5234 764 5290 animae
780 5238 920 5303 tres,
935 5232 1090 5288 omni
1111 5231 1448 5305 eloquentiae
1469 5227 1766 5300 splendore

109 5333 414 5404 fulgentes
438 5344 452 5380 :
483 5328 544 5382 in
569 5328 778 5400 quibus
812 5327 961 5382 inter
985 5331 1188 5382 caetera
1228 5323 1447 5397 ingenii
1474 5322 1560 5376 sui
1590 5321 1764 5376 docu-

111 5428 325 5482 menta
367 5419 840 5494 praeclarissima:
893 5420 1095 5489 Omne,
1151 5417 1355 5490 inquit,
1405 5411 1626 5470 illocale
1671 5412 1764 5468 in-

1874 1977 2083 2032 recedit
2101 1989 2133 2029 a
2164 1975 2304 2046 Deo;
2335 1977 2559 2030 animus
2583 1982 2774 2030 autem
2799 1981 2855 2031 et
2876 1976 3164 2048 proximat
3189 1981 3245 2030 et
3265 1975 3496 2046 longin-

1874 2073 2009 2140 quat
2037 2069 2362 2137 illocaliter;
2390 2069 2568 2139 igitur
2617 2067 2840 2123 animus
2886 2067 3082 2123 localis
3109 2085 3224 2122 non
3252 2072 3351 2122 est.
3374 2086 3400 2119 ιι
3430 2068 3499 2122 Et

1873 2161 2156 2216 hactenus
2181 2161 2250 2216 de
2288 2159 2741 2232 incorporalitate
2771 2159 2976 2215 animus
3012 2160 3359 2231 disputatum
3401 2158 3496 2214 sit.

1944 2299 2242 2356 Videamus
2287 2299 2548 2370 deinceps
2570 2303 2767 2354 utrum
2791 2299 3024 2356 assertio
3040 2303 3231 2356 nostra
3255 2313 3322 2353 eo
3349 2297 3500 2370 quod

1872 2392 2202 2462 angelorum
2241 2396 2444 2446 natura
2467 2393 2539 2449 sit
2567 2392 2918 2463 incorporea,
2946 2392 3135 2464 aliquo
3172 2390 3495 2446 testimonio

1871 2485 2184 2540 roboratur.
2213 2487 2414 2540 Beatus
2463 2488 2616 2540 certe
2663 2484 3033 2555 Augustinus,
3063 2485 3192 2538 licet
3213 2483 3277 2537 in
3301 2482 3494 2538 multis

1871 2577 2148 2649 opusculis
2171 2581 2382 2632 astruat
2404 2577 2636 2649 angelos
2655 2577 3048 2648 incorpoream
3071 2592 3190 2630 esse
3207 2580 3491 2643 naturam,

1871 2672 2259 2726 veruntamem
2283 2669 2343 2724 in
2369 2669 2511 2724 libro
2538 2669 2820 2724 Trinitatis
2845 2685 2960 2724 non
3003 2669 3188 2724 solum
3213 2685 3282 2724 ex
3305 2668 3496 2730 incor-_

1870 2779 2064 2834 poreo,
2096 2779 2291 2817 verum
2317 2763 2492 2818 etiam
2530 2778 2598 2818 ex
2628 2778 2917 2834 corporeo,
2945 2762 3003 2816 id
3033 2767 3118 2817 est
3171 2778 3242 2816 ex
3280 2761 3494 2833 duplici

1870 2855 2198 2924 substantia,
2225 2871 2320 2910 eos
2348 2871 2468 2910 esse
2497 2860 2796 2924 asseverat,
2826 2859 2890 2909 ut
2909 2871 2977 2912 ex
3006 2869 3118 2910 una
3142 2855 3212 2910 ad
3237 2853 3337 2910 Dei
3364 2869 3494 2910 con-

1872 2948 2297 3020 templationem
2319 2964 2436 3003 non
2460 2949 2741 3026 recedant,
2773 2949 3088 3004 secundum
3121 2947 3270 3019 quod
3299 2945 3492 3001 Domi-

1869 3058 1979 3098 nus
2007 3041 2065 3098 in
2093 3041 2394 3113 Evangelio
2419 3057 2549 3096 cum
2565 3041 2636 3096 de
2661 3057 2775 3100 non
2797 3040 3236 3098 condemnandis
3252 3038 3498 3111 parvulis

1869 3141 2064 3206 ageret
2094 3151 2108 3190 :
2143 3135 2285 3202 Quia.
2325 3135 2509 3203 angeli.
2532 3149 2712 3189 eorum
2734 3150 2938 3206 semper
2965 3135 3150 3190 vident
3173 3135 3372 3200 faciem
3397 3135 3499 3190 Pa-

1867 3320 1927 3374 in
1955 3323 2256 3390 conspectu
2274 3319 2574 3373 hominum
2595 3318 2864 3374 veraciter
2887 3325 3215 3392 appareant.
3238 3318 3324 3374 Sic
3343 3317 3498 3374 enim

1868 3412 2097 3468 inlibro
2137 3428 2176 3468 ιι
2227 3411 2480 3482 ejusdem
2519 3411 2744 3481 aperis:
2801 3433 2829 3462 ‹‹
2857 3414 3242 3478 Assumentes,
3286 3410 3490 3483 inquit,

1867 3505 2056 3576 angeli
2099 3503 2445 3576 corporalem
2492 3503 2736 3575 speciem
2765 3521 2800 3560 a
2825 3507 3081 3562 creatura
3129 3519 3398 3576 corporea
3427 3503 3492 3572 in

1866 3614 2034 3654 usum
2077 3596 2377 3654 ministerii
2423 3595 2530 3663 sui,
2559 3596 2704 3652 sicut
2731 3597 2933 3670 cuique
2985 3613 3128 3668 opus
3177 3601 3342 3662 esset,
3395 3601 3496 3657 aut

1865 3691 2054 3763 ipsum
2079 3707 2282 3763 corpus
2297 3706 2463 3748 suum
2482 3693 2574 3747 cui
2593 3707 2707 3748 non
2727 3691 3064 3760 subduntur,
3086 3689 3184 3746 sed
3201 3688 3492 3747 subditum

1867 3790 2090 3856 regunt,
2119 3785 2179 3842 in
2205 3787 2417 3857 species
2455 3804 2593 3859 quas
2617 3786 2809 3842 volent
2843 3782 3296 3852 accommodatas
3325 3786 3494 3852 atque

1867 3881 2024 3948 aptas
2052 3878 2368 3935 actionibus
2405 3881 2522 3936 suis
2569 3879 2936 3942 immutantes
2975 3880 3144 3948 atque
3192 3878 3492 3944 vertentes,

1867 3973 2177 4029 secundum
2229 3973 2560 4031 attributam
2597 3972 2705 4028 sibi
2733 3988 2767 4028 a
2808 3971 3070 4026 Creatore
3123 3968 3489 4040 potentiam.»

1868 4065 2007 4118 Item
2031 4063 2088 4118 in
2116 4063 2262 4120 libro
2277 4081 2340 4120 ιιι
2357 4083 2528 4137 supra
2554 4069 2998 4122 memoratorum
3018 4063 3297 4118 librorum
3316 4061 3494 4118 :«Non

1867 4156 2050 4211 solum
2074 4157 2274 4228 malos,
2306 4158 2514 4231 inquit,
2541 4159 2641 4214 sed
2681 4173 2786 4214 nec
2819 4157 3000 4212 bonos
3042 4155 3276 4227 angelos
3301 4153 3386 4210 fas
3411 4157 3496 4209 est

1866 4249 2056 4320 putari
2105 4256 2402 4318 creatores,
2451 4253 2516 4320 si,
2543 4268 2649 4323 pro
2699 4249 3009 4306 subtilitate
3061 4248 3149 4304 sui
3197 4263 3393 4304 sensus
3439 4250 3497 4302 et

1865 4343 2138 4413 corporis,
2163 4344 2378 4403 semina
2404 4361 2598 4400 rerum
2623 4345 2860 4399 istarum
2885 4341 3047 4398 nobis
3073 4341 3376 4396 occultiora
3394 4356 3494 4394 no-

1863 4439 2120 4492 verunt.»
2152 4438 2220 4492 Et
2242 4437 2412 4508 paulo
2437 4442 2594 4509 post:
2627 4459 2654 4486 «
2672 4438 2808 4502 Quze
2834 4435 2895 4490 in
2925 4433 3077 4488 ccelis
3105 4437 3258 4502 sunt,
3283 4431 3490 4504 inquit,

1865 4545 1980 4584 non
2035 4529 2462 4601 investigamus,
2500 4547 2613 4601 quo
2661 4545 2855 4584 rerum
2901 4543 3129 4599 genere,
3158 4530 3215 4581 et
3259 4541 3495 4596 corpora

1867 4621 2125 4691 angelica
2153 4621 2462 4680 secundum
2497 4620 2790 4692 propriam
2834 4619 3188 4690 dignitatem,
3211 4622 3492 4684 eteorum

1865 4713 2124 4786 quaedam
2145 4713 2445 4785 corporalis
2463 4714 2608 4768 actio
2633 4712 3010 4767 continetur.»
3039 4713 3180 4764 Item
3197 4709 3341 4764 libro
3364 4727 3486 4779 vm,
3524 4698 3530 4705 ’

1867 4805 2070 4862 docens
2090 4805 2392 4862 Dominum
2423 4823 2538 4861 non
2567 4822 2682 4861 esse
2710 4821 2932 4876 corpus,
2960 4820 3065 4859 nec
3091 4803 3236 4860 sicut
3275 4803 3490 4875 cogita-

1867 4903 1980 4966 tur,
2006 4899 2222 4972 inquit:
2257 4921 2285 4950 «
2303 4899 2490 4970 angeli
2515 4899 2716 4954 mundi
2740 4897 2970 4969 spiritus
2993 4897 3236 4952 coelestia
3252 4912 3494 4968 corpora

1867 4987 2226 5063 inspirantes,
2268 4976 2436 5064 atque
2464 4992 2537 5048 ad
2585 4991 2879 5046 arbitrium
2927 5006 3040 5062 quo
3075 4989 3326 5044 serviunt
3378 4989 3492 5043 Deo

1866 5091 2168 5155 mutantes,
2197 5075 2366 5157 atque
2388 5101 2452 5140 se
2471 5088 2772 5152 vertentes,
2799 5099 2906 5138 nec
2931 5082 2978 5138 si
3005 5099 3202 5138 omnes
3221 5099 3352 5138 cum
3380 5081 3494 5137 sint

1867 5179 2045 5233 millia
2071 5177 2322 5234 millium
2353 5179 2416 5232 in
2441 5193 2621 5233 unum
2652 5175 2865 5232 collecti
2888 5191 3036 5230 unus
3063 5175 3221 5246 ﬁant,
3248 5191 3354 5230 nec
3383 5175 3492 5230 tale

1867 5269 2082 5342 aliquid
2109 5269 2252 5326 Deus
2279 5275 2381 5340 est,
2403 5282 2508 5325 nec
2535 5269 2582 5324 si
2608 5269 2832 5324 eosdem
2875 5268 3106 5340 spiritus
3133 5267 3253 5324 sine
3293 5285 3490 5340 corpo-

1865 5363 2022 5418 ribus
2050 5363 2282 5434 cogites,
2310 5363 2460 5434 quod
2485 5362 2718 5434 quidem
2747 5361 2954 5420 carnali
2997 5361 3322 5434 cogitationi
3351 5361 3495 5418 difﬁ-

1865 5455 2142 5510 cillimum
2171 5461 2273 5510 est.

110 5529 466 5590 corporeum
507 5528 731 5585 quoque
783 5515 887 5570 est.
926 5513 1098 5566 Porro
1125 5511 1238 5574 vita
1283 5508 1534 5580 corporis
1576 5505 1766 5562 anima
1815 5549 1830 5574 ,
1869 5505 1874 5578 ς

108 5616 226 5680 est,
256 5611 317 5665 et
346 5609 408 5662 in
433 5621 669 5678 corpore
699 5605 835 5661 vivit
859 5623 876 5674 ;
907 5608 964 5660 et
1001 5610 1121 5660 tam
1146 5603 1281 5658 vivit
1306 5601 1496 5656 anima
1517 5601 1578 5655 in
1602 5605 1770 5681 parte.

110 5699 400 5776 corporis,
421 5713 603 5771 quam
621 5699 680 5753 in
703 5703 820 5754 toto
842 5713 1112 5770 corpore;
1139 5700 1362 5752 tantum
1380 5709 1516 5766 ergo
1543 5693 1672 5747 vitae
1701 5692 1762 5748 in

109 5801 287 5872 parte
314 5791 571 5864 corporis
610 5794 716 5858 est,
743 5795 1020 5862 quantum
1048 5791 1106 5846 in
1133 5791 1248 5845 toto
1277 5803 1528 5862 corpore,
1560 5791 1616 5841 et
1653 5787 1764 5842 vita

113 5894 252 5952 haec
276 5886 479 5946 annua
488 5887 610 5944 est:
633 5899 748 5946 nec
767 5883 948 5945 locale
975 5889 1060 5942 est
1075 5883 1228 5967 quod
1247 5886 1364 5944 tam
1388 5895 1660 5952 magmun
1679 5883 1766 5938 est

1934 5599 2226 5670 Memores,
2261 5597 2458 5667 frater,
2490 5585 2708 5652 dilectae
2751 5597 3047 5653 sententia:
3086 5597 3329 5664 Domini,
3361 5597 3490 5667 quia

1865 5691 2106 5746 duorum
2133 5693 2232 5746 aut
2257 5691 2432 5746 trium
2449 5690 2747 5746 hominum
2767 5690 3156 5746 testimonium
3175 5703 3372 5744 verum
3394 5687 3484 5756 sit,

1865 5783 2038 5838 labori
2067 5789 2259 5840 nostro
2277 5783 2334 5839 in
2358 5787 2512 5840 arcto
2535 5789 2787 5856 tempore
2815 5783 3189 5856 providentes,
3210 5781 3310 5834 hos
3341 5777 3480 5832 duos

1865 5877 2364 5950 excellentissimos
2417 5879 2760 5951 tractatores,
2792 5881 2857 5933 ut
2902 5873 3131 5934 facilius
3171 5868 3376 5942 credat,
3427 5869 3486 5952 in
