3994 6408
479 387 579 438 699

1139 383 1370 439 SANCTI
1417 382 1664 438 VERANI
1711 381 2099 446 SENTENTIA,
2140 381 2228 436 DE
2264 381 2624 437 CASTITATE
2674 379 3137 436 SACERDOTUM.

3767 378 3880 429 700

477 497 750 564 quantum
778 489 1057 561 quivimus
1080 505 1148 543 ex
1173 488 1451 560 opusculis
1476 505 1672 544 eorum
1698 487 1972 542 memoria
1996 503 2085 542 re-
2110 499 2168 572 Α
2187 488 2344 553 Quod
2381 488 2426 542 si
2455 487 2543 542 his
2571 487 2815 543 noluerit
2846 484 3138 552 assentire,
3174 499 3278 540 nec
3311 482 3740 556 plurimorum
3786 487 3880 538 te-

477 586 686 647 tinere,
744 582 948 652 scripta
998 597 1099 652 per
1149 598 1245 634 vos
1294 582 1631 636 notescenda
1679 581 2086 635 mandavimus.

2189 581 2380 649 stium,
2413 581 2459 634 si
2486 580 2742 650 producti
2766 579 3000 647 fuerint,
3035 578 3309 634 assentire
3337 576 3597 632 curabit.

1363 870 1760 945 LICINIANI,
1807 868 2492 934 CARTHAGINENSIS
2535 867 2914 945 EPISCOPI,

912 1033 1464 1126 EPISTULA
1529 1033 1679 1138 III,
1752 1035 1902 1126 AD
1969 1033 2660 1127 VINCENTIUM
2735 1029 3383 1124 EPISCOPUM

1818 1215 2178 1260 ΕΒΟΞῙΤΑΝΛΕ
2219 1215 2473 1259 INSULIE.

549 1331 795 1398 Contra
833 1350 936 1395 eos
973 1335 1091 1416 qui
1127 1334 1473 1404 credebant
1498 1332 1798 1414 epistolas
1826 1332 1904 1394 de
1951 1333 2108 1394 caelo
2147 1331 2446 1394 cecidisse
2486 1331 2554 1392 in
2599 1331 2988 1393 memoriam
3028 1326 3242 1390 sancti
3279 1325 3478 1391 Petri
3504 1324 3784 1391 Roma.

1460 1467 1623 1530 (Nunc
1644 1464 1868 1531 primum
1893 1463 2028 1512 edita
2048 1477 2110 1512 ex
2131 1463 2226 1514 Ms.
2247 1461 2496 1512 Ecclesia)
2521 1461 2815 1525 Toletanis.)
2881 1519 2893 1526 _

535 1731 686 1782 Inter
711 1727 887 1782 varias
915 1727 1342 1783 tribulationum
1384 1729 1671 1800 angustias
1710 1743 1828 1783 non
1857 1744 1961 1783 nos
1987 1727 2077 1798 pi-
2101 1739 2156 1810 Β
2180 1729 2460 1796 torquere,
2489 1725 2546 1778 et
2583 1724 2654 1778 ad
2697 1721 3054 1778 excitandam
3104 1717 3413 1774 libidinem
3454 1715 3884 1789 nugatoribus

469 1821 608 1891 guit,
649 1825 882 1890 cogente
925 1821 1196 1876 charitate
1237 1821 1473 1890 Christi,
1516 1823 1636 1876 haec
1675 1823 2084 1893 qualiacunque

466 1917 616 1980 sunt,
647 1913 717 1968 ad
767 1914 1126 1968 Sanctitatem
1151 1919 1394 1968 vestram
1436 1915 1603 1969 verba
1639 1915 1905 1986 dirigere,
1948 1915 2082 1969 insi-

465 2011 704 2060 nuantes
754 2006 1028 2076 accepisse
1077 2023 1178 2060 nos
1222 2007 1434 2061 litteras
1479 2012 1622 2076 tuas,
1669 2013 1725 2062 et
1771 2009 1840 2062 de
1885 2013 2084 2062 vestrae

467 2098 746 2168 sospitatis
787 2099 936 2152 bono
982 2099 1216 2169 gavisos.
1245 2100 1348 2154 Sed
1377 2099 1436 2153 in
1461 2099 1518 2154 id
1544 2117 1656 2154 non
1686 2100 1919 2155 minime
1949 2118 2082 2154 con-

464 2189 667 2244 tristati
710 2207 940 2258 sumus,.
955 2193 1102 2262 quod
1139 2191 1351 2246 litteras
1377 2193 1690 2262 cujusdam,
1715 2210 1856 2264 quas
1882 2195 1951 2248 ad
1978 2211 2084 2248 nos

469 2282 764 2350 direxistis,
794 2283 935 2337 sicut
985 2289 1098 2338 tum
1132 2284 1384 2339 indicant
1430 2286 1648 2352 litterae,
1677 2285 2001 2356 susceperis,
2031 2291 2086 2341 et

469 2374 536 2428 de
563 2375 828 2430 tribunali
847 2377 1066 2446 pOpulis
1087 2393 1178 2431 eas
1209 2378 1400 2431 feceris
1425 2379 1768 2433 annuntiari.
1793 2381 1908 2448 Ego
1931 2379 2083 2433 enim

468 2483 600 2520 mox
629 2484 660 2521 a
709 2473 762 2523 te
804 2471 1156 2524 transmissas
1213 2471 1422 2541 accepi,
1456 2471 1516 2524 in
1567 2473 1861 2541 praesentia
1911 2471 2086 2542 ipsius

467 2561 766 2631 perlatoris
791 2563 1083 2616 exordium
1115 2563 1438 2618 litterarum
1465 2563 1714 2634 ipsarum
1761 2565 1956 2634 legens
1982 2582 1998 2633 ;
2031 2569 2087 2619 et

462 2669 582 2706 non
634 2655 910 2723 patienter
947 2656 1149 2722 ferens,
1179 2673 1281 2710 nec
1329 2657 1567 2726 dignum
1614 2657 1823 2710 dueens
1870 2658 2086 2710 na'nias

467 2745 616 2816 ipsas
642 2748 948 2818 perlegere,
994 2750 1180 2802 statim
1225 2749 1381 2815 scidi,
1409 2755 1464 2802 et
1489 2765 1581 2802 eas
1621 2750 1677 2802 in
1708 2753 1918 2802 terram
1951 2766 2084 2820 pro-

462 2838 595 2907 jeci,
616 2839 900 2894 admirans
929 2842 1079 2910 quod
1108 2841 1195 2895 his
1222 2841 1482 2895 credulus
1512 2841 1704 2908 fueris,
1735 2845 1790 2894 et
1810 2845 1939 2911 post
1955 2859 2083 2911 pro-

467 2931 772 3002 phetarum
801 2933 1080 3000 vaticinia,
1109 2939 1166 2988 et
1208 2934 1410 2987 Christi
1433 2933 1771 3004 ‘Evangelia,
1804 2935 2084 3004 apostolo-

468 3040 712 3094 rumque
739 3024 860 3093 ejus
891 3026 1178 3094 Epistolas,
1209 3028 1395 3080 nescio
1426 3027 1584 3096 cujus
1609 3027 1851 3080 hominis
1877 3007 2086 3082 litteras

468 3117 572 3169 sub
591 3116 821 3171 nomine
846 3118 1052 3172 Christi
1089 3118 1278 3188 factas,
1308 3120 1428 3190 ejus
1455 3135 1571 3173 esse
1599 3119 1897 3174 credideris
1918 3138 1934 3188 ;
1985 3121 2084 3174 ubi
2105 3094 2158 3167 Ο

468 3225 572 3264 nec
614 3226 798 3265 sermo
843 3211 1093 3283 elegans,
1145 3229 1250 3266 nec
1291 3212 1546 3267 doctrina
1595 3228 1728 3266 sana
1770 3214 1978 3283 poterit
2003 3229 2086 3268 re-

468 3314 663 3370 perm.

537 3394 600 3446 In
626 3393 905 3464 principio
930 3393 1105 3465 ipsius
1133 3394 1379 3465 epistolae
1409 3395 1650 3465 legimus
1674 3398 1740 3450 ut
1766 3395 1882 3450 dies
1902 3395 2088 3450 Domi-

466 3485 628 3540 nicus
656 3486 890 3542 colatur.
937 3487 1070 3551 Quis
1107 3487 1263 3542 enim
1307 3487 1672 3556 Christianus,
1703 3504 1816 3542 non
1856 3493 2088 3558 propter

465 3579 654 3650 ipsum
707 3579 878 3647 diem,
918 3580 1013 3634 sed
1055 3585 1287 3651 propter
1337 3580 1805 3635 resurrectionem
1856 3581 2085 3635 Domini

464 3671 636 3726 nostri
661 3673 786 3726 Jesu
817 3673 1042 3740 Christi,
1075 3690 1142 3728 eo
1174 3675 1324 3745 quod
1347 3673 1406 3728 in
1435 3673 1556 3744 ipso
1580 3690 1613 3728 a
1639 3675 1878 3728 mortuis
1904 3691 2088 3728 resur-

467 3764 630 3832 rexit,
658 3767 1184 3821 reverendissimum
1217 3783 1330 3820 non
1365 3767 1569 3820 habeat
1592 3767 1620 3820 ?
1653 3767 1779 3833 Sed,
1809 3771 2086 3838 quantum

467 3857 664 3927 sentio,
691 3859 816 3913 ideo
840 3875 1016 3912 novus
1041 3860 1144 3913 iste
1183 3859 1518 3928 praedicator
1565 3859 1668 3913 hoc
1715 3859 1866 3925 dicit,
1897 3864 1961 3913 ut
1984 3877 2086 3914 nos

460 3951 744 4020 judaizare
793 3952 1112 4021 compellat,
1164 3954 1228 4004 ut
1270 3951 1460 4004 nullus
1492 3951 1595 4004 sibi
1643 3952 1701 4006 in
1745 3953 1943 4006 eodem
1995 3953 2086 4006 die

467 4043 780 4097 necessaria
820 4043 998 4097 victus
1032 4048 1333 4114 praeparet,
1364 4049 1462 4097 aut
1485 4043 1631 4097 viam
1675 4045 1946 4098 ambulet.
1979 4045 2085 4100 Sed

467 4137 573 4188 hoc
609 4151 781 4206 quam
825 4136 1131 4206 pessimum
1179 4137 1268 4202 sit,
1301 4137 1572 4191 Sanctitas
1618 4141 1714 4190 tua
1751 4137 2082 4207 perpendat.

469 4227 694 4281 Utinam
721 4228 962 4297 populus
981 4228 1327 4282 Christianus
1356 4229 1401 4282 si
1414 4229 1503 4282 die
1524 4229 1644 4298 ipso
1665 4231 1954 4283 ecclesiam
1971 4246 2085 4284 non

465 4319 804 4390 frequentat,
839 4320 1064 4390 aliquod
1097 4320 1280 4390 operis
1318 4321 1546 4388 faceret,
1576 4325 1633 4374 et
1674 4337 1788 4374 non
1836 4321 2080 4376 saltaret.

467 4413 766 4483 Meliusque
795 4418 914 4467 erat
937 4413 1054 4467 viro
1091 4413 1321 4468 hortum
1357 4413 1559 4481 facere,
1589 4412 1696 4467 iter
1722 4429 1910 4484 agere,
1952 4430 2080 4468 mu-

466 4504 588 4558 lieri
613 4506 803 4560 colum
845 4511 1058 4572 tenere,
1087 4511 1142 4560 et
1185 4522 1321 4572 non,
1348 4509 1415 4560 ut
1463 4506 1690 4573 dicitur,
1720 4506 1945 4574 ballare,
1974 4507 2080 4561 sal-

466 4603 602 4664 tare,
636 4604 692 4654 et
727 4599 979 4654 membra
1001 4615 1035 4652 a
1059 4600 1172 4654 Deo
1207 4599 1352 4654 bene
1383 4599 1605 4654 condita
1642 4599 1896 4654 saltando
1939 4600 2083 4654 male

2183 1818 2536 1873 cantionibus
2563 1815 2932 1887 proclamare.

2254 1911 2408 1965 Absit
2427 1926 2561 1980 ergo
2579 1926 2611 1963 a
2639 1909 2939 1963 Sanctitate
2960 1911 3057 1961 tua
3076 1907 3184 1960 hoc
3205 1905 3469 1973 credere,
3493 1907 3568 1958 ut
3597 1903 3884 1973 epistolae

2184 2024 2335 2062 nunc
2361 2007 2520 2061 nobis
2546 2006 2841 2060 mittantur
2868 2022 2900 2058 a
2937 2004 3180 2058 Christo.
3209 2001 3474 2058 Sufﬁciat
3497 1999 3673 2054 enim
3712 1998 3885 2072 quod

2184 2101 2400 2154 locutus
2441 2104 2525 2154 est
2557 2099 2616 2152 in
2659 2098 2948 2170 prOphetis
2974 2113 3077 2168 per
3104 2113 3161 2150 se
3211 2095 3429 2166 ipsum,
3465 2099 3525 2148 et
3575 2110 3702 2164 per
3743 2109 3885 2146 suos

2183 2193 2480 2264 apostolos.
2509 2193 2648 2246 Nam
2674 2197 2731 2245 et
2767 2191 2857 2244 his
2900 2207 3013 2244 non
3054 2189 3275 2243 litteras
3321 2186 3801 2242 transmittebat
3854 2203 3886 2239 e

2184 2287 2340 2351 coelo,
2373 2285 2468 2339 sed
2493 2283 2703 2354 Spiritu
2741 2288 2930 2337 sancto
2958 2298 3158 2337 eorum
3200 2280 3375 2334 corda
3405 2279 3724 2351 replebat.
3763 2280 3883 2333 Ex-

2185 2377 2357 2448 ceptis
2371 2377 2524 2431 enim
2554 2376 2746 2430 decem
2774 2374 3088 2446 preceptis,
3117 2390 3246 2445 quas
3269 2373 3330 2426 in
3356 2371 3585 2428 tibulis
3621 2371 3888 2442 lapideis

2186 2469 2519 2523 mirabiliter
2539 2469 2670 2523 data
2712 2473 2862 2536 sunt,
2893 2467 2966 2522 ad
3011 2467 3234 2520 nullum
3271 2465 3732 2537 prophetarum
3785 2470 3888 2518 aut

2183 2562 2567 2634 apostolorum
2608 2561 2870 2632 Epistolas
2901 2559 3091 2614 missa:
3116 2563 3251 2613 sunt
3277 2558 3348 2612 de
3378 2558 3550 2612 caelo.
3587 2559 3734 2612 Non
3770 2557 3884 2628 igi-

2183 2659 2278 2708 tur
2302 2655 2494 2709 credas
2537 2670 2665 2724 quae
2697 2669 2992 2723 nunquam
3041 2651 3188 2706 facta
3216 2652 3503 2721 leguntur
3533 2667 3548 2704 :
3603 2668 3739 2722 que
3775 2655 3884 2706 etsi

2183 2748 2326 2800 facta
2356 2752 2558 2812 essent,
2581 2751 2709 2818 post
2735 2745 3212 2817 praedicationem
3250 2744 3557 2814 Evangelii
3603 2745 3753 2815 jam
3784 2762 3886 2799 ne-

2183 2839 2419 2894 cessaria
2437 2856 2550 2893 non
2581 2842 2731 2892 sunt.
2753 2840 2818 2892 Et
2842 2838 2887 2892 si
2904 2839 3048 2892 forte
3077 2837 3270 2906 ipsum
3297 2853 3520 2890 nomen
3550 2854 3807 2893 novum
3829 2845 3883 2894 te

2183 2933 2492 2998 delectavit,
2521 2931 2652 3002 quia
2679 2931 2797 3002 ipsa
2836 2930 3091 3000 epistola,
3123 2929 3269 2984 sicut
3311 2929 3643 2985 simulator
3687 2932 3882 3003 scrip-

2183 3025 2314 3095 psit,
2348 3025 2416 3079 de
2446 3025 2584 3078 caelo
2628 3023 2916 3078 descendit
2945 3007 3118 3093 super
3153 3022 3334 3076 altare
3379 3023 3615 3078 Christi
3648 3025 3719 3079 in
3751 3043 3878 3080 me-

2185 3118 2364 3172 moria
2392 3117 2569 3171 sancti
2594 3117 2741 3171 Petri
2763 3115 3024 3187 apostoli,
3048 3115 3186 3170 scito
3208 3115 3423 3170 diaboli
3456 3133 3593 3170 esse
3619 3118 3884 3190 ﬁgmen-

2183 3216 2326 3275 tum,
2350 3213 2407 3264 et
2429 3225 2659 3264 omnem
2686 3209 3027 3279 scripturam
3061 3207 3343 3278 divinam,
3375 3210 3744 3280 epistolam,
3786 3218 3885 3266 aut

2185 3303 2444 3374 epistolas
2487 3318 2606 3357 esse
2657 3301 2933 3371 caelestes,
2985 3305 3042 3356 et
3083 3301 3156 3357 ad
3195 3318 3301 3356 nos
3350 3302 3425 3358 de
3471 3305 3636 3359 ccelo
3701 3306 3885 3360 fuisse

2183 3395 2558 3450 transmissas.

2255 3488 2530 3542 Emendet
2553 3503 2688 3559 ergo
2711 3488 2863 3559 quod
2891 3493 3108 3544 temere
3137 3487 3384 3543 credidit
3410 3489 3731 3548 Sanctitas
3759 3498 3879 3562 tua,

2186 3585 2243 3636 et
2267 3581 2326 3635 in
2355 3581 2656 3651 prmsentia
2684 3580 2882 3652 populi
2907 3581 3092 3652 ipsam
3118 3581 3450 3652 epistolam,
3484 3583 3538 3638 si
3568 3591 3669 3640 est
3698 3604 3881 3658 penes

2184 3678 2261 3741 te,
2288 3673 2539 3728 rescinde
2571 3689 2586 3728 :
2637 3678 2694 3728 et
2722 3674 2828 3728 hoc
2854 3680 2910 3728 te
2944 3673 3218 3744 poeniteat
3247 3676 3411 3746 quod
3449 3676 3529 3732 de
3580 3681 3879 3735 tribunali

2185 3783 2310 3821 eam
2333 3767 2532 3822 feceris
2572 3766 2814 3834 recitari,
2841 3767 2994 3821 beati
3045 3768 3289 3838 apostoli
3335 3784 3608 3840 sequens
3658 3774 3878 3828 doctri-

2185 3875 2341 3924 nam,
2370 3859 2524 3930 quod
2549 3859 2700 3913 inter
2725 3865 2927 3912 caetera
2961 3859 3033 3913 ad
3059 3859 3288 3914 Galatas
3318 3861 3566 3932 scripsit
3599 3881 3615 3918 :
3662 3868 3734 3923 Si
3757 3869 3883 3936 quis

2183 3953 2631 4020 evangeliwverit
2665 3953 2813 4006 vobis
2837 3957 3038 4022 praeter
3077 3953 3140 4006 id
3179 3953 3330 4022 quod
3355 3959 3702 4026 accepistis,
3745 3976 3880 4014 ana-

2187 4045 2361 4098 thema
2385 4047 2477 4098 sit.
2507 4044 2612 4098 Sed
2633 4048 2688 4098 et
2718 4043 2858 4099 illud
2879 4045 3254 4115 Evangelium
3281 4048 3484 4101 omnis
3516 4049 3625 4105 lex
3650 4057 3716 4106 et
3742 4069 3878 4123 pro-

2183 4137 2368 4207 pheta:
2395 4152 2571 4207 usque
2599 4136 2669 4190 ad
2698 4137 2976 4191 Joannem
3007 4138 3545 4208 prophetaverunt.
3580 4144 3880 4217 Deinceps

2184 4232 2226 4283 si
2258 4247 2368 4300 qua
2398 4245 2541 4282 nova
2564 4229 2654 4282 vel
2690 4229 2956 4283 inusitata
2997 4230 3291 4301 divulgata
3334 4233 3597 4303 fuerint,
3630 4239 3877 4293 omnino

2181 4321 2492 4392 abjicienda
2531 4327 2585 4376 et
2609 4322 2934 4376 detestanda
2979 4323 3258 4378 Sanctitas
3295 4330 3400 4379 tua
3439 4331 3713 4386 noverit.
3767 4331 3878 4386 Ora

2182 4431 2285 4484 pro
2328 4413 2508 4481 nobis,
2537 4414 2762 4470 domine
2805 4420 2998 4470 sancte
3041 4415 3186 4471 etin
3226 4417 3470 4474 Christo
3520 4423 3877 4479 charissirue

2181 4507 2372 4562 frater.

1494 4743 3872 4772 Μ

2754 4757 2757 4758 ν
2964 4757 2977 4758 ,
3000 4757 3015 4758 η
3066 4757 3872 4772 xw

2464 4775 2467 4776 ,
2696 4775 3876 4792 ,n,i,m_________

1745 4919 1911 4966 ANNO
1951 4921 2166 4967 DOMINI
2197 4921 2486 4968 DLXXXVI
2496 4951 2510 4967 .

951 5063 1996 5268 SANCTUS
2099 5025 3365 5276 'VERANUS.

470 5363 3864 5402 Ἦ

1107 5487 1598 5554 OBSERVATIO
1645 5487 2022 5554 SIBMONDI
2066 5487 2145 5552 IN

2187 5487 2542 5565 SEQUENS
2585 5487 2967 5554 FRAGMEN
2972 5490 3166 5556 TUM.

677 5632 892 5711 apparet
919 5627 1055 5677 hanc
1080 5631 1382 5682 sententiam
1407 5632 1459 5683 in
1483 5632 1683 5696 synodo
1710 5632 1881 5695 aliqua
1904 5633 2095 5682 dictam
2120 5646 2152 5682 a
2170 5633 2373 5682 Verano
2395 5632 2661 5697 episcopo.
2689 5633 2789 5683 Sed
2815 5635 2964 5698 cujus
2987 5635 3129 5686 sedis
3155 5637 3317 5689 fuerit
3341 5643 3682 5711 episcopus,
3703 5652 3872 5701 Codex

465 5707 627 5756 sancti
654 5707 914 5768 Germani,
942 5709 1078 5757 unde
1105 5715 1348 5772 excerpta
1375 5716 1472 5770 est,
1502 5723 1610 5760 non
1634 5711 1890 5772 exprimit.
1924 5714 2053 5762 Cum
2087 5712 2188 5762 hoc
2215 5713 2333 5761 loco
2359 5712 2696 5774 intexeretur,
2726 5714 2972 5764 veniebat
3000 5715 3053 5764 in
3080 5723 3322 5768 mentem
3359 5707 3628 5777 Veram-us
3657 5731 3873 5780 Cabelli-

466 5789 634 5838 censis
675 5789 970 5854 episcOpus,
1004 5787 1097 5851 qui
1134 5790 1381 5852 proximae
1425 5789 1628 5854 synodo
1669 5789 2028 5840 Matisconensi
2066 5803 2104 5842 It
2144 5793 2438 5842 subscribit.
2466 5794 2615 5842 Nunc
2653 5807 2778 5842 vero
2817 5795 2986 5858 aptius
3021 5797 3189 5846 tribui
3215 5812 3379 5862 posse
3410 5803 3648 5858 videtur
3671 5812 3872 5860 Verane

469 5867 813 5935 Lugdunensl,
843 5869 910 5920 ad
937 5881 1089 5935 quem
1115 5874 1314 5920 exstant
1342 5869 1502 5920 Hilari
1523 5881 1672 5932 papa:
1697 5869 1942 5936 ερίεῐοὶω,
1967 5872 2032 5923 ab
2070 5885 2234 5938 coque
2261 5877 2372 5923 tum
2396 5872 2556 5940 dicta,
2581 5887 2702 5925 cum
2727 5873 2780 5924 in
2807 5875 3010 5940 synodo
3034 5876 3412 5942 provinciales
3436 5897 3578 5938 suos
3605 5891 3872 5945 ωωειω.
