3994 6418
451 593 1156 724 SANCTI
1253 595 1988 723 VEBANI
2083 593 3249 722 SENTENTIA.

652 821 715 864 IN
757 819 985 874 ALIQUA
1026 821 1218 866 HUIUS
1259 819 1564 865 TEMPORIS
1608 817 1848 863 SYNODO
1891 818 2091 875 DICTA,
2140 819 2217 862 DE
2259 817 2596 864 CASTITATE
2639 817 3061 863 SACEBDOTUM.

239 938 498 991 Veranus
522 936 817 1009 episcopus
843 938 984 993 dixit
1015 955 1028 994 :
1055 938 1186 1004 Quis
1211 939 1603 1011 praesidentem
1635 938 1802 994 sacris
1821 946 1880 1020 Α
1900 936 2044 992 doch
2068 953 2184 991 non
2209 937 2374 1008 prius
2388 954 2562 1010 panes
2589 935 2986 1009 propositionis
3005 934 3250 1004 tradidit,
3273 949 3442 1006 quam
3464 949 3524 988 se

155 1027 472 1099 altaribus,
503 1035 673 1102 atque
701 1032 771 1086 ad
812 1031 932 1103 ipsa
971 1036 1162 1086 sancta
1213 1037 1533 1087 sanctorum
1572 1032 1804 1087 honoris

154 1121 472 1194 privilegio
505 1124 824 1179 venientem
863 1125 1264 1196 indignissimis
1303 1125 1616 1180 carnalium
1641 1126 1802 1180 volu-

153 1219 397 1286 ptatum
421 1217 793 1272 contaminari
829 1216 1103 1272 illecebris
1130 1218 1412 1288 patiatur;
1440 1235 1502 1272 ac
1543 1218 1647 1272 sub
1683 1218 1803 1290 ipso

156 1307 294 1378 conj
304 1309 487 1379 ugalis
512 1309 754 1364 licentiae
769 1309 1000 1365 nomine
1019 1311 1334 1382 acquiescat
1351 1311 1677 1382 quempiam
1698 1311 1804 1366 cle-

153 1400 442 1469 ricorum,
475 1407 532 1456 et
557 1403 858 1457 sacerdotis
883 1419 1053 1474 agere
1079 1403 1354 1473 ofﬁcium,
1386 1407 1444 1458 et
1477 1403 1663 1458 mariti
1691 1404 1800 1458 im-

154 1493 326 1564 plere
345 1509 645 1564 personam
664 1512 680 1564 ;
700 1512 830 1550 cum
846 1495 1154 1567 puriﬁcatis
1170 1497 1420 1566 corporis
1437 1501 1604 1567 atque
1623 1496 1802 1551 animi

155 1585 430 1640 moribus
465 1588 644 1640 multa
699 1587 1040 1658 cogitatione
1085 1589 1581 1658 perpendendum,
1630 1605 1800 1660 quam

154 1677 410 1732 idoneus
449 1695 570 1734 esse
608 1679 776 1734 debet
811 1679 858 1734 is
893 1680 992 1752 qui
1031 1681 1100 1735 ad
1145 1681 1476 1735 celebranda
1503 1681 1799 1752 mysterio-

154 1787 300 1826 rum
324 1771 449 1825 loca
473 1787 590 1826 non
616 1773 801 1826 solum
827 1789 930 1842 pro
957 1773 1090 1841 suis,
1117 1789 1316 1828 verum
1340 1773 1509 1827 etiam
1534 1790 1638 1843 pro
1661 1773 1798 1828 alie-

154 1863 252 1918 nis
279 1865 528 1936 peccatis
554 1865 958 1920 intercessurus
980 1865 1211 1920 accedit.
1241 1867 1618 1936 Incongruum
1633 1865 1803 1937 siqui-

157 1957 301 2011 dem
327 1957 474 2012 mihi
501 1957 742 2026 videtur,
787 1959 857 2012 de
899 1958 1184 2029 conjugali
1229 1961 1350 2012 toro
1391 1959 1638 2028 aliquem
1665 1975 1796 2012 con-

153 2055 504 2120 surgentem
545 2051 878 2106 altariorum
907 2055 1064 2122 septa
1089 2055 1404 2122 penetrare.
1453 2051 1559 2122 Ipsi
1600 2051 1798 2122 utique

152 2143 471 2198 illuminati
515 2153 573 2200 et
617 2145 766 2200 docti
801 2145 870 2200 de
901 2145 1113 2216 Spiritu
1139 2149 1326 2200 sancto
1347 2187 1360 2213 ,
1390 2145 1600 2216 optime
1625 2145 1800 2199 nostis

1903 1033 1960 1084 et
1984 1046 2188 1100 pueros
2215 1046 2342 1084 suos
2375 1030 2496 1102 jam
2523 1030 2611 1085 die
2637 1030 2806 1084 tertio
2833 1028 3074 1084 mundos
3099 1043 3216 1082 esse
3247 1043 3281 1082 a
3315 1025 3520 1082 mulie-

1901 1121 2060 1176 ribus
2100 1121 2396 1192 fateretur;
2444 1123 2569 1194 quis
2611 1123 2999 1176 immaculatas
3033 1121 3168 1192 agni
3219 1135 3413 1175 carnes
3453 1118 3525 1173 ad

1901 1215 2138 1270 salutem
2179 1216 2378 1270 mundi
2421 1217 2696 1287 praestitas
2737 1220 2864 1286 post
2893 1214 3219 1286 passionum
3259 1212 3523 1285 inquina-

1900 1311 2112 1376 menta,
2145 1308 2231 1362 vel
2261 1308 2431 1362 etiam
2474 1309 2676 1364 audeat
2705 1309 3069 1363 consecrare?
3094 1308 3297 1362 Beatus
3321 1305 3523 1362 Paulus

1899 1401 2182 1470 apostolus
2222 1401 2280 1455 in
2308 1402 2540 1456 veritate
2565 1418 2668 1456 nos
2693 1406 3035 1456 contestatur
3059 1401 3248 1455 dicens
3275 1415 3290 1454 :
3320 1399 3523 1454 Probet

1899 1508 1958 1547 se
2003 1493 2388 1564 unusquisque
2433 1495 2843 1559 ministrorum,
2893 1500 2949 1548 et
2990 1494 3068 1548 sic
3109 1509 3314 1564 panem
3357 1491 3522 1546 illum

1899 1591 2209 1656 prmsumat
2244 1587 2445 1642 otferre
2473 1588 2522 1656 (Ι
2541 1588 2658 1642 Cor.
2687 1592 2787 1656 x1).
2815 1589 3019 1642 Notum
3046 1586 3202 1641 vobis
3231 1591 3348 1652 est,
3377 1585 3522 1639 circa

1898 1677 2020 1732 loca
2041 1678 2406 1734 beatitudinis
2430 1685 2651 1747 vestra},
2684 1681 2788 1735 sub
2820 1695 3162 1752 magnorum
3190 1680 3421 1733 Patrum
3447 1676 3528 1731 di-

1899 1771 2150 1842 sciplina,
2180 1773 2590 1828 monachorum
2616 1773 3082 1844 congregationes
3107 1787 3227 1827 esse
3249 1787 3365 1826 non
3391 1785 3521 1842 par-

1897 1880 2014 1933 vas,
2043 1865 2193 1919 unde
2219 1865 2289 1920 ad
2316 1866 2627 1936 supplenda
2663 1865 3000 1920 clericorum
3025 1865 3207 1920 ofﬁcia
3249 1863 3308 1918 in
3337 1879 3524 1934 prom-

1899 1962 2000 2027 ptu
2029 1962 2113 2011 est
2153 1958 2300 2011 viros
2329 1958 2510 2012 bonos
2549 1957 2781 2012 assumi.
2821 1958 3016 2012 Utilior
3040 1963 3126 2012 est
3151 1957 3304 2012 enim
3330 1957 3388 2010 in
3416 1957 3518 2010 Ec-

1899 2049 2070 2103 clesia
2094 2066 2406 2120 paucorum
2433 2050 2715 2105 bonorum
2746 2051 2918 2106 electa
2945 2051 3220 2121 probatio,
3249 2066 3418 2120 quam
3441 2066 3524 2105 er-

1897 2143 2086 2196 raticaa
2128 2143 2504 2197 multitudinis
2543 2143 2844 2214 praesentia
2884 2143 3252 2214 conglobata;
3298 2159 3362 2196 ac
3396 2142 3522 2212 plus

155 2235 494 2290 oblaturum
521 2237 788 2308 spiritalis
821 2237 1075 2292 sacriﬁcii
1097 2236 1350 2291 victimas
1370 2237 1520 2308 quali
1546 2239 1800 2307 oporteat
1828 2307 1849 2308 ἡ
1900 2235 2280 2290 mditicationis
2319 2235 2562 2291 afferunt
2605 2252 2730 2290 rara
2773 2235 2994 2290 virtutis
3033 2235 3290 2306 exempla
3309 2276 3323 2304 ,
3351 2251 3522 2306 quam

153 2329 300 2400 igne
327 2307 592 2400 ﬂagrare.
635 2329 691 2385 Si
717 2331 872 2385 enim
897 2330 956 2384 in
981 2331 1105 2401 lege
1139 2330 1333 2397 veteri,
1363 2307 1600 2384 abidum
1626 2345 1794 2384 evan-
1817 2307 2179 2399 Bpopularis
2238 2329 2480 2384 licentiae
2539 2328 2833 2384 abundans
2879 2333 2938 2385 et
3001 2328 3314 2384 incorrecta
3369 2343 3520 2400 praa-
3573 2380 3582 2397 ,

155 2422 362 2493 gelicas
389 2423 750 2494 perfectionis
775 2423 1082 2478 auctoritas
1109 2423 1459 2494 praefulgeat,
1489 2427 1679 2476 sancto
1701 2423 1798 2476 Da-

153 2515 277 2585 vid,
307 2531 441 2570 cum
466 2515 620 2587 fugae
646 2515 974 2572 necessitate
1021 2521 1395 2588 premeretur,
1425 2515 1678 2570 sacerdos
1699 2515 1798 2570 Sa-

1895 2420 2163 2491 sumptio.

1548 2853 1712 2900 ANNO
1745 2853 1960 2899 DOMINI
1992 2853 2134 2898 DXC.

498 2891 1791 3238 PELAGIili

1888 2891 2816 3200 "iam
2929 3003 3200 3202 II.

1239 3294 1492 3376 (Μαηεὶ
1519 3293 1823 3360 Collectio
1855 3293 2100 3360 Concz'l.
2135 3301 2289 3356 tom.
2321 3293 2472 3375 IX.)

854 3647 1355 3752 NOTITIA,
1431 3645 1576 3729 EX
1660 3644 1996 3728 LIBRO
2087 3642 2835 3729 PONTIFICALI.

227 3801 492 3874 Pelagius
536 3799 564 3829 ⁸
604 3797 832 3855 natione
880 3799 1166 3855 Romanus
1204 3813 1273 3852 ex
1309 3799 1470 3867 patre
1508 3795 1785 3868 Vinigildo
1805 3807 1861 3880 ρ
1891 3791 2036 3866 [ϐοά.
2082 3795 2234 3856 Luc.,
2281 3792 2600 3864 Unigeldo],
2649 3793 2792 3849 sedit
2827 3809 3006 3848 annos
3042 3793 3256 3864 decem,
3297 3809 3516 3850 menses

1460 3954 1656 4009 ΝΟΤίΕ
1694 3949 2004 4008 SEVERINI
2043 3948 2220 4004 BlNII.

225 4069 252 4098 ³
281 4065 416 4119 Post
438 4062 787 4116 vacationem
812 4061 987 4116 trium
1007 4060 1289 4115 mensium
1317 4063 1375 4116 et
1388 4060 1653 4114 undecim
1673 4059 1788 4115 die-

145 4151 313 4201 rum,
368 4133 461 4187 die
510 4136 567 4187 ll
618 4132 944 4187 Novembris
997 4132 1130 4186 anni
1180 4136 1280 4186 577
1325 4136 1451 4202 post
1495 4131 1786 4186 Christum

143 4211 290 4261 natu
302 4220 378 4268 m,
390 4203 708 4274 sublegitur
727 4203 986 4274 Pelagius
994 4203 1189 4274 junior
1205 4201 1582 4274 ejusinominis
1595 4217 1788 4256 secun-

143 4277 263 4333 dus
290 4271 581 4330 Romanus
613 4271 885 4344 pontifex,
914 4279 1069 4344 patre
1099 4271 1396 4342 Vinigildo,
1423 4277 1498 4338 et,
1531 4277 1596 4326 ut
1621 4278 1784 4343 puta-

143 4354 252 4402 tur
277 4363 348 4400 ex
366 4343 1260 4415 nomine,Gothicopotiusquam
1282 4345 1534 4398 Romano
1557 4359 1783 4415 genere.

142 4417 521 4474 Pontilicatus
537 4415 685 4468 illius
717 4412 912 4469 incidit
930 4414 990 4468 in
1010 4412 1332 4468 calamitosa
1351 4412 1624 4484 tempora,
1657 4412 1783 4484 qui-

142 4491 262 4544 bus
285 4485 640 4556 Langobardi
664 4485 874 4556 Italiam
900 4485 1207 4556 vastabant,
1235 4490 1403 4555 atque
1431 4482 1786 4556 occidentalis

147 4555 671 4626 Ecclesia,’propter
687 4555 965 4626 synodum
987 4571 1064 4608 va
1089 4555 1218 4609 sede
1236 4555 1555 4626 apostolica
1579 4569 1784 4624 appro-

143 4632 368 4694 batam,
392 4625 515 4681 diro
542 4625 842 4681 schismate
865 4641 1050 4697 usque
1079 4625 1154 4697 ad
1171 4625 1437 4697 Hibernos
1451 4625 1782 4697 divisaerat.

144 4700 252 4755 His
290 4699 648 4752 consulturus
697 4695 1367 4768 pontifex'sanctissimus
1383 4737 1433 4768 ,_
1451 4695 1697 4768 consilio
1721 4697 1788 4768 et

143 4769 369 4826 auxilio
399 4769 574 4822 sancti
603 4764 858 4838 Gregorii
883 4767 1214 4838 successoris
1253 4766 1342 4838 sui
1379 4765 1588 4838 librum
1614 4764 1787 4838 edidit

142 4857 260 4924 pro
287 4838 486 4924 quinta
509 4835 743 4908 synodo;
765 4854 938 4924 quam
957 4837 1275 4924 defendens.
1292 4836 1394 4924 ait,
1417 4836 1530 4924 tria
1544 4835 1788 4924 capitula

143 4905 281 4966 'ure
305 4905 628 4980 meritoque
653 4905 1025 4963 condemnata
1049 4923 1187 4962 esse.
1228 4907 1480 4961 Meminit
1515 4906 1686 4976 hujus
1713 4905 1783 4959 li-

133 4931 291 5038 belli
318 4983 542 5034 sanctus
555 4980 856 5038 Gregorius
873 4978 932 5032 in
953 4977 1185 5038 epistola
1203 4977 1273 5032 ad
1296 4977 1584 5038 Hibernos,
1615 4987 1783 5038 quem

193 4981 291 5036 elli
318 4977 932 5050 sanctus'Gregoriusin
953 4977 1185 5050 epistola
1203 4977 1273 5050 ad
1296 4977 1584 5039 Hibernos,
1615 4985 1795 5050 quem
1810 4977 1824 4984 ’

143 5052 319 5130 infra_
323 5051 482 5130 inter
494 5046 770 5130 epistolas
794 5046 1171 5130 Pelagiinunc
1190 5046 1440 5130 primum
1462 5065 1530 5130 εξ
1551 5046 1783 5130 Annali-

144 5126 260 5198 bus
283 5116 598 5198 Beroniiin
622 5121 820 5198 _l_u_c_em
849 5116 1160 5198 emittimus
1190 5116 1208 5172 Ξ
1235 5118 1304 5172 de
1329 5135 1443 5198 quo
1470 5119 1637 5198 plura
1662 5116 1786 5171 vide

143 5193 305 5250 infra
333 5191 392 5246 in
434 5191 582 5246 notis
618 5191 854 5244 ibidem.
903 5190 1078 5260 Hujus
1117 5189 1536 5258 temporibusa
1576 5189 1786 5242 Joanne

145 5279 328 5321 sacras
348 5264 613 5318 Romanae
635 5260 892 5315 Ecclesiae
918 5260 1244 5330 presbytero
1277 5263 1529 5313 erectum
1556 5263 1638 5330 est
1667 5274 1787 5330 ora-

1886 4055 2242 4132 conditorum
2261 4054 2540 4132 arbitrum
2560 4071 2701 4132 esse,
2723 4057 2800 4132 ita
2822 4058 2960 4132 utin
2979 4057 3157 4114 alium
3175 4075 3334 4132 teque
3354 4060 3516 4132 pium

1885 4143 2053 4200 usum
2081 4127 2174 4180 illa
2195 4129 2416 4180 mutare
2438 4127 2630 4200 possit,
2653 4127 2699 4182 si
2721 4128 2776 4182 id
2797 4130 2938 4183 ratio
2968 4127 3320 4200 persuadeat.
3341 4127 3514 4186 Iusti-

1883 4214 1999 4269 nus
2013 4197 2318 4269 imperator
2344 4197 2603 4269 precibus
2623 4201 2828 4252 sanctze
2852 4197 3039 4254 Mariae
3060 4201 3294 4269 virginis
3313 4203 3519 4257 mentis

1886 4267 2111 4322 sanitati
2131 4267 2441 4344 restitutus,
2469 4268 2768 4344 designato
2789 4287 3105 4344 successore
3125 4267 3367 4340 Tiberio,
3391 4276 3519 4344 post

1886 4344 2106 4421 exactos
2134 4337 2360 4421 imperii
2402 4337 2902 4421 annos'sexdecim
2935 4358 3276 4421 mensesque
3314 4337 3518 4399 novem

1885 4425 2016 4462 cum
2035 4409 2381 4484 dimidio,_ex
2412 4409 2518 4462 hac
2537 4410 2649 4462 vita
2671 4411 2916 4484 recessit.
2935 4409 3518 4484 Tiberius—antequam

1885 4484 2268 4552 coronaretur,
2290 4478 2834 4552 locasanctaobivit,
2857 4482 3078 4552 Sophia:
3097 4483 3288 4536 uxoris
3312 4478 3516 4538 Justini

1885 4549 2114 4603 insidias
2136 4548 2230 4602 Dei
2261 4547 2472 4602 auxilio
2493 4549 2684 4617 evasit,
2708 4555 2764 4604 et
2796 4547 2948 4605 dum'
2964 4552 3322 4607 insidiantem
3349 4554 3516 4608 bonis

1885 4619 2524 4695 omnibusgspoliassett
2561 4620 2846 4695 eamdem_
2870 4621 2930 4674 in
2971 4623 3227 4676 ordinem
3271 4624 3512 4695 redegit.

1885 4689 2039 4762 Unde
2076 4688 2448 4762 factum_sine
2493 4689 2662 4762 dubio
2699 4691 2851 4762 quod
2889 4707 3004 4745 non
3053 4695 3271 4747 tantum
3320 4688 3516 4750 con'tra

1885 4760 2094 4836 hostes,
2124 4759 2220 4812 sed
2248 4757 2736 4836 etiamadversus—
2754 4761 3012 4836 iteratam
3055 4763 3281 4836 Sophim
3317 4766 3514 4836 conju-

1883 4831 2166 4906 rationem
2178 4845 2309 4906 cum
2322 4830 2346 4882 J
2357 4829 2638 4906 ustiniano
2654 4833 2679 4884 J
2687 4832 2857 4886 ustini
2877 4840 3114 4904 cognato
3133 4829 3275 4889 inita
3284 4851 3358 4901 m,
3377 4829 3520 4906 pras-

1885 4902 2030 4976 clare
2057 4900 2444 4976 triumpharit.
2479 4901 2575 4955 Hic
2611 4918 2742 4976 cum
2771 4900 3141 4974 aegrotantem
3178 4900 3517 4976 Eutychium

1883 4970 2564 5047 Constantinopolitanum
2580 4970 3412 5047 episcopimﬁonstantinopoli
3426 4977 3522 5032 be-

1883 5042 2262 5096 nedictionem
2290 5041 2360 5094 ab
2389 5057 2454 5096 eo
2491 5041 2882 5114 percepturus,
2912 5041 3205 5114 invisisset,
3237 5041 3518 5104 intellexit

1885 5129 1944 5167 se
1963 5117 2091 5182 post
2113 5117 2358 5182 quatuor
2378 5128 2601 5167 menses
2621 5130 2689 5168 ex
2708 5115 2811 5168 hac
2831 5115 2942 5169 vita
2961 5119 3331 5172 evocandum.
3347 5121 3518 5182 Quar-

1884 5189 1941 5238 to
1962 5199 2154 5238 mense
2175 5183 2505 5236 adveniente
2525 5183 2584 5237 in
2613 5186 2878 5240 morbum
2899 5186 3174 5253 incidens,
3195 5189 3518 5246 Mauritium

1885 5253 2042 5332 civili
2063 5259 2119 5308 et
2163 5253 2434 5332 castrensi
2447 5253 2662 5332 .militia
2691 5256 2946 5332 clarum,
2987 5259 3266 5314 catholica
3291 5277 3519 5332 quoque

144 5334 378 5412 torium.
408 5333 566 5412 ,αριξά
601 5332 856 5412 thermas
893 5322 1266 5412 Ᾱεξίρὲίξξίειε».
1288 5330 1438 5400 quod
1467 5329 1640 5412 saxis
1668 5327 1782 5412 “si,
1803 5333 1863 5406 D
1885 5323 2158 5412 ΐωίεξίὶίὲἓ
2188 5322 2882 5412 ἒξῖέιέιιὲἓέυὲἓι¹υξίνςξιιν
2901 5328 3186 5410 Caesarem.
3213 5322 3384 5412 οτθῖιιε
3403 5322 3518 5412 βει-

142 5398 771 5466 ιηοηειοὶιίεήἱηιίωω,
797 5398 1384 5472 inserviretjlludq—ue
1413 5399 1682 5454 reditibus
1707 5398 1785 5472 lo_-

143 5475 716 5546 cupletavit,_scripto
741 5473 811 5527 de
841 5472 933 5546 his
945 5471 1216 5546 omnibus
1227 5469 1602 5546 testamento:
1631 5469 1783 5546 quod

141 5540 287 5604 cuin
317 5544 540 5616 Pelagio
569 5540 732 5616 papae
755 5543 1072 5616 tradidisset
1089 5582 1104 5608 ,
1133 5558 1203 5596 ex
1226 5541 1331 5616 hac
1362 5541 1472 5596 vita
1496 5540 1778 5616 migravit.

141 5620 191 5674 G
201 5634 260 5672 re
265 5609 751 5688 goriussucéessor
763 5613 972 5688 Pelagii
989 5617 1203 5688 mutata
1213 5611 1298 5664 vol
1302 5627 1317 5688 ε
1322 5616 1432 5666 tnta
1439 5616 1492 5665 te
1505 5609 1703 5688 testato
1709 5609 1783 5664 ris

138 5692 211 5744 in
239 5679 440 5742 eodem
461 5701 642 5739 sacras
667 5679 1214 5754 virgines—collocavit
1235 5681 1338 5754 sub
1359 5697 1493 5754 cura
1507 5679 1782 5754 religiosa;

139 5759 384 5818 feminae
427 5759 598 5811 Bona:
637 5751 946 5808 abbatissae.
991 5755 1224 5808 Exstant
1266 5753 1335 5806 de
1385 5751 1474 5806 his
1518 5751 1780 5806 omnibus

147 5830 335 5900 ipsius
373 5826 552 5880 sancti
576 5824 829 5900 Gregorii
857 5825 1000 5895 epist
1045 5824 1189 5900 libro
1214 5839 1305 5877 vn.
1336 5823 1496 5900 Unde
1516 5821 1781 5891 intelligis

143 5892 477 5959 Romanum
501 5892 824 5971 pontiﬁcem
850 5892 1315 5954 testamentorum
1345 5893 1415 5952 ad
1441 5892 1562 5967 pias
1586 5906 1780 5949 causas

1883 5393 2051 5473 taque
2077 5394 2159 5448 illi
2188 5409 2361 5473 uxore
2398 5393 2940 5473 tiliagonstantina,
2986 5399 3295 5473 imperium
3332 5393 3518 5460 eidem

1881 5463 1984 5541 pro
2009 5465 2136 5541 dote
2165 5463 2488 5541 assignavit.
2523 5466 2708 5541 Iliense
2749 5463 3002 5540 Augusto
3031 5463 3167 5526 anni
3198 5475 3322 5541 586,
3351 5474 3516 5529 Tibe-

1882 5536 1998 5590 rius
2021 5535 2352 5610 _imperator
2391 5535 2683 5610 piissimus
2722 5535 2931 5610 magno
2988 5541 3178 5598 dolore
3233 5535 3514 5598 bonorum

1881 5604 2142 5682 omnium
2164 5604 2234 5657 ab
2261 5604 3007 5682 imperioinquietofprout
3031 5613 3091 5666 in
3119 5615 3330 5668 somnis
3355 5614 3510 5669 vide-

1880 5681 1988 5751 rat,
2121 5680 2382 5751 pacatum
2423 5676 2654 5751 caeleste
2677 5676 2920 5751 regnum
2947 5684 3190 5738 transiit.
3218 5683 3507 5738 Mauritius

1879 5746 2185 5818 imperium
2210 5747 2468 5818 adeptus,
2491 5763 2595 5818 per
2620 5746 2834 5806 litteras
2861 5753 2932 5808 ad
2960 5755 3312 5808 Theodorum
3331 5753 3510 5807 archi-

1879 5817 2221 5892 mandritam
2249 5817 2406 5892 datas
2431 5817 2658 5892 rogavit
2689 5838 2794 5892 pro
2825 5837 2884 5876 se
2911 5825 3086 5891 orari,
3117 5827 3180 5876 ut
3205 5821 3508 5890 imperium

1879 5889 1936 5946 in
1967 5904 2100 5962 pace
2126 5887 2293 5960 tueri,
2321 5894 2378 5944 et
2403 5889 2473 5944 ab
2499 5887 2754 5947 hostibus
2776 5887 3082 5948 defendere
3099 5887 3305 5964 posset:
