3994 6412
156 361 261 414 ’7Οὸ

1444 360 1780 418 ΕΡΙΒΤΟΙΑΕ
1817 361 1903 421 ΕΤ
1939 361 2246 418 DECRETA

3421 364 3521 420 706

166 466 418 536 Imperet
471 481 612 541 ergo
662 465 743 524 illi
789 467 934 526 Deus
977 469 1180 526 nostris
1221 469 1484 524 velociter
1535 469 1800 542 periculis
1821 481 1878 571 Α
1899 471 2032 540 quia
2058 470 2157 541 qui
2173 469 2435 541 nequiter
2455 473 2635 541 agunt
2651 467 3199 543 exterminabuntur,
3229 471 3285 526 et
3306 466 3523 524 inimici

161 557 490 632 subvenire,
518 565 834 637 antequam
857 562 1272 620 nefandissimte
1309 563 1492 634 gentis
1519 563 1796 617 exercitus
1839 557 1852 571 ’
1899 563 1998 617 Dei
2051 580 2182 616 mox
2234 569 2294 618 ut
2345 563 2776 629 exaltabuntur,
2830 563 2972 617 sicut
3019 561 3210 617 fumus
3262 560 3524 617 deﬁcient

158 650 300 717 loca,
333 668 450 723 que
499 653 688 708 adhuc
729 670 764 708 a
803 655 1090 727 republica
1141 655 1484 724 detinentur,
1527 657 1642 709 Deo
1695 654 1799 708 sibi

159 744 470 812 contrario,
499 747 654 817 quod
679 747 844 812 absit,
869 749 1206 819 prasvaleant
1235 764 1530 820 occupare.
1559 747 1798 818 Presby-

162 841 358 892 terum
387 837 411 865 ⁸
439 843 638 904 autem
662 839 730 894 ad
759 857 881 910 nos,
923 841 1039 896 Deo
1081 841 1402 912 adjuvante,
1445 839 1797 894 retransmit-

161 933 282 986 tere
311 929 524 986 festina
549 950 567 986 :
595 933 730 1004 quia
757 937 815 990 et
839 933 900 990 in
941 935 1278 990 monasterio
1303 939 1402 988 tuo
1431 937 1486 990 et
1506 933 1562 988 in
1608 949 1796 1004 opere,

163 1022 254 1076 cui
284 1037 423 1078 eum
451 1023 894 1095 praeposuimus,
926 1027 1274 1082 necessarius
1303 1042 1421 1082 esse
1447 1025 1678 1082 omnino
1705 1041 1798 1080 co-

167 1116 486 1185 gnoscitur.
517 1117 654 1173 Data
675 1134 730 1172 1v
753 1119 938 1172 Nonas
965 1119 1238 1188 Octobris,
1269 1119 1572 1176 indictione
1601 1121 1654 1173 3.

605 1231 927 1289 EPISTOLA
963 1234 1010 1286 ιι
1057 1231 1215 1305 [Olim
1251 1234 1378 1305 IV],

263 1339 334 1378 AD
365 1337 760 1380 AUNACHABIUM
792 1341 1095 1382 EPISCOPUH
1123 1341 1623 1382 AUTISIODORENSEM
1651 1326 1678 1366 δ

163 1418 375 1484 Regum
445 1419 776 1472 Francorum
827 1419 985 1484 ﬁdem
1031 1419 1386 1474 orthodoxam
1435 1418 1796 1479 commendat,

199 1549 202 1556 ι
239 1489 602 1559 hortaturque
625 1493 685 1542 ut
720 1490 832 1544 illis
871 1491 1120 1552 suadeat,
1166 1506 1232 1544 ne
1271 1506 1388 1544 cum
1431 1489 1802 1559 Langobardis

237 1557 421 1622 foedus
448 1559 706 1622 habeant,
734 1565 783 1614 et
812 1559 876 1614 de
901 1561 1147 1630 reliquiis
1175 1577 1310 1630 quas
1337 1563 1524 1614 mittit.

239 1669 619 1726 Dilectissimo
643 1670 805 1726 fratri
843 1673 1088 1728 Aunario
1120 1672 1377 1744 Pelagius
1424 1671 1579 1726 urbis
1607 1672 1799 1731 Romze

161 1779 491 1834 episcopus.

1899 655 2118 726 (Psalm.
2165 672 2326 711 XXXVI
2361 699 2374 724 ,
2405 662 2461 710 et
2504 656 2840 727 generaliter
2879 655 3151 728 peribunt
3208 659 3399 726 gentes
3453 653 3522 708 de

1897 752 2050 802 terra
2076 749 2216 818 ejus.
2245 750 2482 819 Propter
2517 748 2672 820 quod
2698 764 2791 802 vos
2834 747 3118 815 decuerat,
3147 746 3243 818 qui
3273 747 3380 801 illic
3427 762 3519 800 ca-

1900 841 2122 896 tholica:
2172 841 2428 896 membra
2453 841 2584 896 estis
2636 840 2912 909 Ecclesiae,
2939 840 3040 894 uni
3087 839 3309 912 corpori
3353 838 3525 894 unius

1899 933 2092 1003 capitis
2122 934 2526 1004 gubernatione
2555 934 2878 1004 conjuncta,
2915 931 3178 988 omnibus
3207 929 3411 1004 quibus
3435 931 3517 986 vi-

1899 1025 2055 1080 ribus
2079 1025 2361 1096 valeretis,
2390 1026 2511 1097 paci
2539 1026 2827 1097 quietique
2852 1029 3056 1080 nostrae
3075 1041 3178 1096 pro
3201 1023 3320 1095 ipsa
3345 1023 3522 1080 sancti

1901 1117 2142 1190 Spiritus
2161 1118 2378 1174 unitate
2397 1134 2750 1174 concurrere.
2774 1119 2882 1173 Nec
2903 1117 3058 1172 enim
3079 1117 3360 1172 credimus
3379 1118 3517 1174 otio-

1900 1226 2048 1280 sum,
2075 1227 2180 1265 nec
2213 1209 2331 1265 sine
2360 1228 2568 1282 magna
2609 1211 2812 1266 divina:
2852 1210 3222 1282 providentiae
3267 1210 3516 1266 admira-

1899 1302 2051 1358 tione
2077 1303 2432 1376 dispositum,
2452 1302 2604 1373 quod
2623 1302 2795 1357 vestri
2822 1319 2982 1374 reges
3007 1303 3263 1357 Romano
3280 1302 3522 1374 imperio

1899 1395 1960 1450 in
1987 1395 2312 1450 orthodoxae
2337 1395 2466 1450 ﬁdei
2496 1395 2840 1450 confessione
2875 1398 3008 1451 sunt
3035 1394 3244 1449 similes
3269 1413 3284 1464 ;
3319 1395 3427 1449 nisi
3460 1399 3520 1450 ut

1899 1487 2033 1542 huic
2053 1488 2200 1556 urbi,
2224 1505 2293 1544 ex
2319 1505 2430 1559 qua
2449 1488 2633 1542 fuerat
2657 1487 2912 1554 oriunda,
2940 1488 3026 1542 vel
3044 1487 3321 1542 universas
3352 1487 3519 1542 Italiae

1897 1580 2194 1652 ﬁnitimos,
2250 1581 2650 1652 adjutoresque
2699 1584 3009 1652 praastaret.
3075 1580 3273 1636 Cavete
3319 1580 3516 1650 igitur,

1900 1673 2227 1728 charissime
2265 1674 2460 1742 frater,
2491 1690 2563 1728 ne
2605 1673 2738 1730 dum
2787 1672 3014 1744 regibus
3051 1672 3248 1728 vestris
3283 1671 3521 1743 juvandi

1899 1783 2002 1820 nos
2027 1767 2204 1842 virtus
2231 1765 2302 1821 sit
2327 1766 2456 1820 data
2495 1765 2782 1836 divinitus,
2815 1765 3108 1820 charitatis
3145 1770 3348 1820 vestrae
3377 1765 3522 1820 circa

242 1855 553 1912 Laudande
579 1861 695 1910 tute
738 1856 1026 1912 charitatis
1067 1861 1191 1911 vota
1239 1855 1564 1926 relegimus,
1597 1856 1802 1926 quibus
1821 1841 1878 1918 B
1901 1876 2002 1913 nos
2026 1841 2218 1913 levitas
2245 1865 2552 1930 arguatur:
2584 1859 2683 1930 qui
2709 1858 2816 1912 illis
2841 1864 2898 1914 et
2925 1858 2984 1913 in
3011 1857 3141 1928 ﬁde,
3172 1861 3228 1914 et
3251 1858 3314 1928 in
3341 1857 3522 1913 consi-

163 1953 243 2014 te,
273 1949 387 2004 nisi
417 1949 647 2020 gentilis
685 1953 875 2006 motus
908 1949 1220 2018 obsisteret,
1251 1949 1321 2003 ad
1349 1965 1449 2002 nos
1481 1949 1673 2003 venire
1702 1967 1798 2004 vo-

167 2041 343 2097 luisse
370 2041 679 2112 signiﬁcas.
711 2041 861 2097 Licet
889 2042 1042 2098 enim
1078 2041 1424 2112 spiritaliter,
1453 2047 1510 2096 et
1552 2041 1718 2096 simul
1745 2045 1802 2096 et

165 2150 354 2188 unum
377 2141 605 2206 semper
644 2134 820 2188 simus
846 2133 907 2188 in
928 2133 1189 2200 Domino,
1217 2139 1606 2189 verumtamen
1631 2133 1800 2188 etiam

161 2227 498 2300 praesentias
525 2227 851 2299 corporales
877 2231 932 2282 et
967 2227 1314 2298 antiquiores
1337 2231 1544 2297 patres,
1571 2233 1628 2282 et
1652 2227 1802 2297 ipsos

159 2319 435 2392 quaesisse
460 2320 783 2376 invenimus
815 2320 1114 2392 apostolos.
1144 2320 1250 2375 Sed
1294 2320 1430 2374 dum
1471 2323 1566 2373 tua
1591 2317 1803 2374 deside-
1843 2361 1852 2366 .

160 2414 271 2481 ria,
305 2429 619 2486 causasque
661 2412 866 2484 quibus
909 2413 1208 2468 obstareris
1247 2428 1578 2482 exponeres,
1611 2412 1800 2468 mirati

158 2522 364 2562 sumus
388 2505 581 2562 minus
606 2511 662 2562 te
690 2506 834 2562 illud
865 2506 1017 2576 quod
1046 2505 1180 2578 ipsis
1209 2499 1463 2560 obviaret
1488 2505 1798 2560 excusatio-

160 2599 334 2654 nibus
355 2599 683 2656 attendisse.
707 2599 763 2654 Si
784 2598 937 2654 enim
963 2599 1177 2654 mundo
1194 2597 1569 2653 venerabilem
1587 2598 1802 2668 judica-

159 2692 236 2746 tis
251 2691 408 2768 hanc
433 2692 658 2760 urbem,
690 2691 736 2749 si
757 2691 828 2758 ad
852 2707 1052 2762 pacem
1071 2691 1215 2746 sedis
1231 2689 1550 2762 apostolicse
1577 2695 1800 2746 cuncta-

161 2801 303 2839 rum
317 2801 519 2856 regere
544 2783 932 2840 moderamina
951 2783 1312 2840 ecclesiamun
1329 2783 1676 2854 praedicatis;
1700 2799 1802 2838 cur

160 2895 287 2936 non
313 2881 371 2932 et
397 2877 788 2934 tribulationes
807 2881 1045 2947 nostras,
1075 2881 1132 2932 et
1154 2877 1487 2947 temporales
1514 2877 1800 2948 angustias

161 2970 462 3027 charitatis
507 2971 890 3042 compassione
932 2969 1234 3040 gemiscitis
1259 2970 1287 3024 ‘l
1339 2969 1572 3025 scientes
1613 2969 1801 3025 divino

158 3080 272 3136 per
286 3064 619 3137 Apostolum
637 3062 800 3120 nobis
813 3078 910 3118 ore
927 3061 1184 3118 mandari
1211 3057 1378 3132 [Ro-1n.
1408 3077 1524 3130 xm,
1556 3063 1676 3120 Gal.
1698 3063 1772 3135 VI]
1785 3103 1800 3130 ,

1900 1951 2009 2018 liis,
2035 1957 2218 2006 vestro
2245 1951 2551 2006 sacerdotio
2589 1951 2667 2004 sic
2698 1951 2928 2020 devotis,
2958 1951 3194 2006 suadere
3231 1949 3382 2018 talia,
3422 1955 3520 2006 aut

1901 2043 2209 2116 negligitis,
2239 2049 2338 2098 aut
2361 2043 2614 2098 differtis.
2644 2043 2835 2098 Sacras
2854 2048 3044 2097 autem
3063 2041 3349 2114 reliquias,
3379 2059 3519 2117 quas

1901 2141 1957 2191 et
1983 2140 2083 2192 tua
2107 2129 2368 2202 Charitas,
2401 2141 2457 2190 et
2484 2135 2922 2207 gloriosissimus
2947 2133 3097 2189 ﬁlius
3129 2138 3322 2190 noster
3359 2135 3524 2206 petiit

1903 2223 2246 2294 dirigendae,
2269 2239 2398 2278 cum
2423 2222 2730 2278 cohaerenti
2753 2223 2858 2278 sibi
2885 2222 3318 2278 sanctiﬁcatione
3343 2225 3524 2278 trans.

1900 2316 2174 2371 misimus.
2205 2317 2440 2390 Pr0pter
2455 2317 2604 2388 quod
2629 2316 2808 2372 nihilo
2836 2315 3024 2370 minus
3049 2315 3437 2384 admonemus,
3457 2319 3523 2372 ut

1901 2425 2142 2482 quorum
2181 2407 2447 2463 virtutem
2480 2407 2751 2480 quaeritis,
2783 2425 2980 2464 eorum
3023 2409 3233 2480 templa
3255 2426 3288 2463 a
3330 2407 3516 2480 pollu-

1898 2501 2055 2556 tione
2082 2499 2339 2572 gentium
2368 2501 2618 2571 liberari,
2646 2499 2706 2556 in
2737 2506 3010 2572 quantum
3040 2501 3194 2555 vobis
3229 2505 3312 2557 est
3335 2489 3518 2574 possi¥

1897 2593 2028 2664 bile,
2061 2593 2334 2648 festinetis
2357 2611 2370 2649 :
2405 2599 2460 2648 et
2485 2595 2681 2648 vestris
2710 2593 2940 2664 regibus
2963 2593 3365 2649 instantissime
3390 2609 3513 2650 sua-

1899 2687 2097 2756 deatis,
2125 2691 2400 2760 quatenus
2431 2686 2500 2740 ab
2529 2686 2788 2741 amicitiis
2817 2691 2872 2742 et
2900 2685 3295 2758 conjunctione
3321 2687 3513 2744 nefan-

1899 2779 2115 2836 dissimi
2138 2778 2336 2846 hostis,
2360 2779 2876 2852 Langobardorum,
2896 2777 3105 2834 salubri
3125 2797 3182 2834 se
3201 2767 3516 2851 provisione

1901 2888 2196 2944 segregare
2215 2872 2508 2942 festinent;
2529 2889 2602 2927 ne
2621 2873 2758 2927 dum
2776 2871 3004 2927 illorum
3018 2871 3278 2927 vindictae
3297 2877 3520 2945 tempus

1901 2965 2214 3035 advenerit,
2237 2965 2380 3020 sicut
2403 2970 2460 3022 et
2479 2967 2654 3020 celere
2678 2963 2801 3020 ﬁeri
2817 2963 3003 3020 divina
3017 2963 3372 3022 miseratione
3393 2983 3521 3022 con-

1900 3056 2146 3130 ﬁdimus,
2166 3075 2366 3114 eorum
2385 3059 2554 3114 etiam
2576 3057 2660 3113 illi
2680 3057 3040 3114 inveniantur
3054 3076 3172 3116 esse
3191 3059 3515 3131 participes:

157 3163 231 3214 ut
261 3173 372 3212 nos
397 3157 643 3212 invicem
683 3154 1005 3228 diligamus,
1031 3159 1097 3210 ut
1122 3171 1295 3210 onera
1329 3154 1574 3210 invicem
1610 3160 1803 3210 nostra
1822 3195 1873 3228 η
1901 3152 2033 3226 quia
2058 3150 2330 3224 scriptum
2372 3156 2486 3206 est:
2543 3133 2662 3209 Non
2693 3151 2864 3206 solum
2885 3215 2888 3218 ,
2907 3153 3005 3222 qui
3031 3168 3094 3206 ea
3132 3153 3347 3220 faciunt
3374 3155 3402 3207 ?
3426 3151 3520 3209 sed

163 3195 231 3214 μ..
261 3195 372 3212 au.
397 3195 643 3212 μωνυμ.
683 3195 1005 3228 magna“,
1037 3195 1097 3210 ..υ
1123 3195 1295 3210 ws...
1329 3195 1574 3210 ............
1610 3195 1803 3210 ..νυυω
1902 3195 2033 3226 ιν...
2058 3195 2330 3224 -....,.......
2373 3195 2486 3206 νυν.
2543 3195 2662 3209 ......
2693 3195 3002 3222 mam,”
3032 3195 3094 3206 -..
3132 3195 3344 3220 ,w......
3374 3195 3386 3207 .
3426 3195 3516 3209 νιν.

157 3255 488 3324 portemus,
511 3255 578 3304 ut
605 3249 824 3322 quoties
849 3247 1090 3304 fratrum
1117 3247 1438 3320 quicunque
1465 3247 1670 3320 uritur,
1700 3265 1802 3304 nos
1821 3195 1876 3270 Ο
1901 3247 2061 3300 etiam
2082 3247 2178 3314 qui
2199 3248 2534 3300 consentiunt
2557 3243 2882 3313 facientibus
2918 3245 3215 3315 puniendos
3245 3245 3420 3317 (Rom.
3451 3247 3516 3315 ι).

163 3358 416 3400 uramur
445 3359 459 3396 :
493 3342 634 3398 dum
656 3357 802 3412 pene
826 3341 889 3396 in
919 3345 1222 3414 conSpectu
1247 3342 1429 3396 vestro
1455 3343 1646 3394 tantus
1675 3357 1799 3396 san-

158 3437 301 3508 guis
323 3435 716 3492 innocentium
753 3433 824 3489 sit
851 3434 1080 3502 effusus,
1109 3434 1187 3488 ita
1229 3449 1384 3488 sacra
1411 3433 1690 3488 violentur
1715 3434 1796 3488 al-

155 3529 334 3598 taria,
379 3529 462 3584 ita
515 3528 802 3582 catholica:
837 3527 968 3582 ﬁdei
1018 3525 1088 3580 ab
1133 3525 1448 3582 idololatris
1476 3526 1800 3582 insultetur.

155 3604 439 3679 Novimus
466 3625 524 3676 et
547 3637 664 3690 vos,
693 3620 844 3691 quod
870 3618 1200 3690 temporalia
1222 3618 1328 3673 ista
1353 3618 1576 3692 ﬂagella
1612 3619 1724 3674 sint
1749 3625 1804 3675 et

153 3715 235 3770 ad
263 3698 682 3787 probationem,
714 3712 878 3774 sicut,
899 3711 968 3766 de
1007 3711 1211 3766 caelesti
1253 3711 1586 3766 confidimus
1641 3711 1804 3766 mise-

156 3805 412 3876 ratione,
439 3805 736 3877 proﬁciant
759 3823 778 3874 ;
807 3809 864 3860 et
883 3804 1228 3878 proximum,
1255 3803 1449 3858 sicuta
1484 3803 1641 3860 vobis
1664 3805 1800 3859 scri-

157 3907 348 3972 bitur,
386 3903 663 3972 Dominus
685 3905 882 3958 noster
912 3903 982 3958 de
1004 3900 1363 3958 tribulatione
1379 3900 1474 3956 det
1499 3901 1808 3974 gaudium;

238 4020 268 4050 ⁸
306 4017 733 4086 Maximianum,
779 4017 849 4073 de
889 4033 1002 4088 quo
1048 4020 1284 4074 sanctus.
1317 4015 1619 4086 Gregorius
1659 4016 1804 4073 Dial.

190 4093 269 4148 ib.
307 4107 390 4148 III.
421 4107 472 4146 c.
509 4093 598 4146 36.

298 4091 1100 4240 inscriptiohut
1121 4155 1333 4238 legitur
1351 4155 1562 4240 Pelagii
1572 4155 1736 4240 Papae
1753 4154 1806 4212 Π

157 4233 421 4304 epistola.
440 4227 909 4304 Autisiodol‘ensis
938 4229 1181 4304 episcopi
1192 4227 1396 4304 verum
1423 4231 1489 4304 et
1503 4227 1801 4304 antiquum

155 4298 380 4360 nomen
409 4301 815 4369 Aunacharius,
847 4317 952 4370 pro
971 4298 1105 4370 quo
1125 4298 1430 4370 interdum,
1453 4299 1806 4370 Aunaharius

156 4381 223 4432 et
249 4375 594 4442 Aunaarius,
616 4378 674 4428 et
689 4367 988 4442 Aunarius,
1002 4367 1200 4442 uthoc
1228 4370 1370 4442 loco,
1391 4369 1536 4442 sicut
1555 4384 1624 4442 ex
1641 4367 1804 4442 Chlo-

157 4445 419 4503 tathario
446 4438 660 4498 factum
701 4439 996 4497 Clotarius.
1027 4439 1274 4496 Alteram
1330 4438 1542 4510 Pelagii
1569 4439 1803 4510 hujusce

163 4528 340 4589 papae
367 4511 437 4568 ad
465 4513 776 4594 Annalium
825 4511 1118 4594 epistolam
1159 4510 1325 4594 paulo
1367 4509 1800 4594 post‘exhibebi-

157 4581 304 4643 imis
329 4602 402 4641 ex
443 4602 574 4656 pag.
605 4585 707 4638 420
743 4581 885 4656 torni
931 4584 950 4636 ι
985 4581 1337 4636 bibliotheca:
1389 4585 1598 4635 nostra:
1642 4595 1799 4634 novae

157 4675 312 4714 mss.
337 4655 636 4712 librorum.
663 4657 779 4710 Jac.
809 4655 963 4710 Sum.

240 4741 265 4769 ε
323 4727 466 4782 Cum
519 4725 860 4781 innotuisset
927 4721 1151 4793 Pelagio
1221 4719 1474 4793 Romano
1552 4719 1804 4793 pontiﬁci

158 4797 505 4856 Mauricium
590 4797 992 4866 imperatorem
1042 4791 1171 4866 post
1205 4791 1799 4866 _Tiberum_'corona—

159 4877 322 4935 tuin,
351 4872 494 4922 teste
521 4863 716 4921 sancto
741 4865 1010 4934 Gregorio
1036 4864 1096 4918 in
1130 4863 1361 4934 epistola
1395 4863 1466 4918 ad
1504 4863 1802 4932 Eulogium

159 4945 228 4998 et
276 4941 560 4994 Joannem
608 4935 1296 5006 Constantinopolitanum
1315 4975 1328 5002 ,
1361 4949 1568 5006 novum
1602 4935 1623 5006 _(
1639 4938 1808 5006 prout

162 5013 245 5066 lie
253 5010 302 5064 ri
315 5025 656 5064 consuevere
663 5011 706 5079 ἱ)
715 5003 1012 5079 diaconum
1025 5004 1366 5079 cardinalem
1377 5003 1801 5079 apocrisiarium

162 5081 414 5138 nomine
450 5075 817 5134 Laurentium
842 5077 913 5132 ad
939 5091 1072 5132 eum
1101 5075 1271 5146 misit.
1304 5075 1601 5146 Gregorius
1628 5075 1808 5144 igitur

162 5160 442 5227 tempore
455 5148 662 5204 Tiberii
681 5150 778 5202 illo
793 5163 1030 5227 munere
1047 5147 1189 5226 bene
1207 5145 1804 5227 functus,.magnisque

160 5215 513 5281 mulieribus
547 5235 836 5276 sacrarum
857 5217 1252 5288 reliquiarum,
1279 5217 1510 5288 brachio
1527 5215 1804 5288 nimiium

163 5297 230 5351 S.
260 5293 494 5357 Andrae,
522 5295 579 5346 et
615 5290 795 5360 capite
832 5288 890 5344 S.
924 5285 1087 5342 Lucae
1137 5287 1493 5360 evangelista:
1538 5285 1802 5360 donatus,

162 5369 311 5438 post
333 5355 551 5438 obitum
577 5355 784 5438 Tiberii
803 5361 1041 5438 Romam
1065 5355 1309 5438 reddiit,'
1321 5355 1508 5438 ibique
1528 5357 1689 5438 jussu
1711 5359 1808 5438 Pe-

163 5424 316 5506 lagii
345 5434 614 5506 adversus
637 5432 968 5506 ingruentes
991 5429 1064 5484 ob
1093 5428 1203 5506 tria
1227 5424 1471 5498 capitula
1488 5424 1808 5506 schismati-
1843 5471 1848 5477 .

163 5499 273 5563 eos
303 5505 514 5575 stylum
532 5499 804 5575 exercuit.
835 5503 1041 5575 Eorum
1053 5499 1309 5553 omnium
1337 5503 1505 5575 caput
1529 5499 1637 5551 fuit
1663 5500 1806 5551 Pau-

163 5580 331 5633 linus
356 5570 726 5645 hquileiensis
755 5571 1000 5645 antistes,
1028 5574 1341 5645 posteaque
1353 5570 1475 5645 ejus
1502 5585 1802 5645 successor,

162 5647 313 5705 inde
343 5637 474 5699 vero
495 5643 755 5699 Severus.
785 5641 859 5696 De
893 5637 1269 5710 hisa‘postolis
1311 5637 1580 5710 Diaconus
1618 5637 1714 5710 lib.
1747 5637 1804 5693 m

165 5736 305 5789 cap.
343 5719 422 5789 to,
445 5715 516 5770 de
547 5709 1110 5789 gestisALangobar’d.
1138 5710 1262 5789 haec
1287 5709 1510 5789 scribit:
1555 5709 1816 5789 Pelagius.

155 5781 494 5864 papaEliae
891 5785 1134 5864 episcopo
1168 5782 1374 5864 nolenti
1415 5783 1524 5864 tria
1565 5781 1811 5864 capitula

172 5851 629 5923 Chalcedonensis
649 5854 844 5922 synodi
875 5851 1136 5923 suscipere
1163 5851 1368 5923 (potius
1393 5851 1605 5908 nolenti
1635 5851 1810 5906 trium

1816 4557 1877 4630 D
1902 4557 2502 4653 ιῖἔηῖἓὶῗρὶῖβὲῑὲέίῖ

1900 3339 2046 3392 Deus
2073 3342 2128 3391 te
2156 3333 2499 3392 incolumem
2529 3335 2821 3405 custodiat,
2845 3335 3166 3392 charissima
3191 3337 3385 3394 frater.
3415 3340 3518 3410 Da-

1901 3433 2024 3485 tum
2055 3447 2114 3484 ιιι
2153 3429 2337 3484 Nonas
2379 3428 2661 3496 Octobres,
2693 3429 3006 3501 imperante
3049 3429 3256 3484 domno
3296 3431 3518 3486 Tiberio

1899 3517 2386 3604 Constantinopoli
2410 3525 2689 3595 Augusto,
2719 3539 2867 3577 anno
2891 3523 2944 3576 '7.

2272 3625 2590 3680 EPISTOLA
2637 3636 2662 3664 ο
2711 3625 2778 3678 Ill
2835 3622 2993 3695 [Olim
3025 3625 3114 3698 η.

2043 3731 2162 3780 ρυλε
2190 3733 2281 3772 EST
2306 3734 2470 3774 PRIMA
2497 3734 2565 3772 AD
2595 3733 2756 3774 ELIAM
2781 3733 2846 3771 ET
2869 3732 3148 3772 EPISCOPOS
3175 3733 3374 3774 ΙΒἸἬΙΔΞ.

1975 3808 2354 3865 Dilectissimis
2371 3810 2636 3869 fratribus
2657 3807 2800 3864 Elia!
2815 3807 3050 3882 aliisque
3073 3811 3369 3884 episcopis,
3396 3811 3522 3870 uni-

1902 3902 2074 3958 versis
2112 3902 2242 3958 ﬁliis
2282 3903 2343 3960 in
2384 3903 2636 3959 Ecclesiae
2679 3901 2852 3958 lstriae
2896 3903 3152 3974 partibus
3180 3907 3517 3976 constitutis,

1903 4018 2277 4089 capitulorum
2303 4017 2731 4090 damnationem,
2749 4019 2808 4074 in
2838 4019 3040 4090 quinta
3074 4020 3288 4090 synodo
3313 4021 3526 4080 factam:

1902 4090 2212 4160 approbare
2233 4095 2288 4144 et
2305 4095 2489 4145 ratam
2513 4089 2742 4160 habere)
2771 4089 3052 4160 epistolam
3069 4089 3204 4146 satis
3227 4094 3411 4148 utilem
3425 4097 3522 4148 mi-

1900 4159 1992 4222 sit;
2020 4176 2184 4229 quam
2212 4161 2394 4215 beatus
2423 4161 2705 4229 Gregorius
2728 4159 2853 4214 cum
2892 4159 3070 4215 adhuc
3105 4167 3235 4216 esset
3268 4163 3524 4219 diaconus

1900 4233 2133 4303 scripsit.
2163 4231 2290 4285 Hinc
2337 4231 2572 4301 epistola
2600 4231 2777 4303 sancti
2807 4231 3028 4303 Pelagii
3047 4248 3081 4285 a
3109 4233 3379 4303 Gregorio
3419 4235 3522 4290 διά-ι

1901 4300 2013 4382 huc
2039 4300 2646 4382 diacono‘conscripta,
2678 4300 3153 4382 ejusdemplane
3189 4300 3413 4382 gigneris
3437 4311 3526 4362 est

1874 4373 2066 4453 ‘cujus
2104 4376 2227 4427 erat
2265 4372 2366 4427 illa
2407 4371 2786 4453 beatiLepnis
2829 4371 3048 4452 decima
3086 4371 3526 4453 ad_Flavianum

1902 4441 2455 4514 scriptagiquaecum
2486 4442 2738 4514 epistolae
2763 4442 2994 4497 nomine
3020 4441 3241 4514 scripta
3258 4449 3420 4512 esset,
3449 4446 3520 4500 ob

1904 4513 1991 4566 sui
2017 4512 2454 4582 amplitudinem
2469 4512 2646 4583 atque
2673 4516 2971 4583 tractatum
2997 4512 3183 4566 tomus
3209 4513 3520 4572 dicebatur.

2528 4582 2764 4656 epistola
2790 4583 2860 4656 ab
2889 4582 3012 4656 ipso
3038 4589 3230 4656 sancto
3254 4585 3527 4656 Gregorio“

1902 4600 2043 4638 nam
2069 4600 2124 4637 et
2147 4600 2269 4653 ipsa
2295 4600 2502 4652 reiagu
2528 4600 2764 4708 estmons
2790 4600 2860 4636 an
2889 4600 3012 4654 ιρεο
3038 4600 3230 4638 sancto
3254 4600 3520 4656 uregono

1901 4653 2044 4732 liber
2071 4657 2525 4732 estnnuncu‘pata,
2553 4669 2620 4732 *ς
2649 4669 2762 4732 quo
2788 4653 2859 4708 ad
2887 4653 3187 4732 _Hibern_iie
3229 4655 3520 4732 episcopos

1903 4721 2272 4798 dumscribit,
2291 4721 2526 4798 epistola
2551 4721 2758 4798 36,_Iib.
2781 4739 2864 4798 11.,
2887 4722 3006 4798 haec
3023 4724 3222 4798 habet:
3259 4721 3326 4781 Ut
3352 4721 3524 4798 igitur

1902 4796 1968 4850 de
1993 4794 2162 4868 tribus
2177 4795 2452 4868 capitulis,
2473 4795 2668 4868 animis
2685 4796 2876 4868 oestn's
2893 4794 3082 4868 ablata
3098 4794 3390 4868 dubietate,
3403 4811 3522 4868 pos—

1905 4869 1977 4920 sit
1991 4867 2294 4932 satisfactio
2310 4865 2652 4920 abundanter
2677 4865 2928 4931 infundi;
2950 4865 3145 4919 librum
3158 4879 3313 4934 quem
3334 4865 3524 4922 de'liac

1902 4953 1960 4991 re
1988 4940 2183 4992 sancte
2217 4939 2481 4990 memoria
2508 4937 2742 4990 decessor
2775 4950 2919 4990 meus
2945 4937 3196 5005 Pelagius
3213 4953 3368 5006 papa
3387 4941 3520 4994 scri—

1860 5049 1865 5054 .
1899 5011 2105 5078 pserat,
2137 5007 2282 5061 vobis
2309 5008 2442 5060 utile
2457 5007 2707 5076 judicavi
2733 5008 3090 5078 transmittere
3117 5025 3135 5060 :
3165 5023 3320 5076 quem
3347 5011 3396 5062 si
3419 5026 3518 5078 ρο-
3571 5033 3584 5050 τ’

1903 5077 2369 5150 ὲὶτοᾷυοῑῃηταηέεε
2409 5078 2731 5150 defensionis
2771 5077 2949 5130 studio
2989 5091 3123 5146 puro
3167 5077 3522 5150 vigilantique

1905 5148 2058 5203 corde
2085 5149 2358 5202 volueritis
2383 5149 2630 5216 relegere,
2659 5159 2778 5200 eum
2799 5159 2891 5200 vos
2914 5159 3014 5215 per
3031 5151 3214 5202 omnia
3231 5148 3524 5214 secuturos,

1904 5225 1955 5274 et
1981 5219 2058 5272 ad
2079 5222 2339 5273 unitatem
2372 5223 2613 5272 nostram
2658 5232 2959 5272 reversuros
3000 5219 3172 5272 nihilo
3210 5223 3384 5276 minus
3417 5237 3524 5278 esse

1904 5288 2105 5360 conﬁdo
2133 5306 2150 5342 :
2181 5289 2414 5360 Quantas
2443 5290 2632 5360 autem
2661 5291 2806 5360 esset
2829 5287 3094 5360 efﬁcacia:
3128 5289 3272 5344 liber
3301 5290 3422 5359 iste,
3454 5307 3526 5348 ex

1905 5357 1993 5412 his
2021 5373 2147 5428 qua:
2171 5375 2303 5432 mox
2318 5357 2478 5432 idem
2513 5357 2812 5432 Gregorius
2830 5358 3031 5432 subdit
3048 5359 3366 5432 intelligere
3390 5357 3520 5432 pos-

1906 5443 2122 5496 sumus,
2153 5428 2248 5482 ubi
2277 5428 2356 5482 ait
2384 5445 2398 5482 :
2421 5431 2658 5500 Parrasi
2675 5433 2796 5500 post
2825 5429 2984 5498 hujus
3013 5430 3142 5484 libri
3170 5428 3442 5488 lectionem
3465 5436 3522 5488 in

1905 5516 1968 5555 ea
1993 5517 2102 5569 qua
2125 5502 2247 5554 estis
2275 5500 2550 5554 volueritis
2569 5499 2950 5554 deliberatione
2972 5504 3274 5569 persistere,
3293 5506 3407 5558 sine
3429 5503 3524 5560 duo

1909 5571 1992 5625 bio
2021 5586 2125 5624 non
2150 5572 2354 5624 rationi
2375 5585 2610 5640 Operam,
2629 5571 2722 5624 sed
2746 5571 3093 5640 obstinationi
3111 5588 3202 5627 vos
3227 5574 3358 5628 dare
3381 5589 3522 5628 mon-

1903 5643 2109 5696 stratis.
2144 5642 2292 5696 Hanc
2322 5640 2618 5710 epistolam
2646 5639 3055 5694 illustrissimus
3093 5641 3387 5696 cardinalis
3417 5644 3519 5694 Ba-

1907 5711 2390 5792 ropiusunancum
2413 5711 2636 5792 duabus
2661 5711 3022 5792 sequentibus
3038 5713 3290 5792 ejusdem
3315 5711 3521 5792 Pelagii

1909 5799 1942 5836 a
1979 5783 2200 5837 Nicolao
2232 5782 2408 5838 Fabro
2443 5781 2754 5838 Parisiensi’
2779 5783 2899 5838 viro
2931 5781 3252 5838 doctissimo
3289 5781 3516 5848 accepit.

1979 5854 2123 5908 Cum
2131 5852 2449 5912 adhibitum
2463 5853 2600 5907 satis
2610 5853 2754 5908 bene
2768 5856 3141 5925 praeparatum
3152 5851 3522 5920 pharmacum
