3994 6410
461 381 561 433 707

459 485 722 557 Pelagius
751 481 1044 554 episcopus
1074 484 1278 534 sancta
1304 479 1561 535 Ecclesia
1597 479 1880 535 catholicae
1921 479 2072 534 urbis
2093 488 2153 560 Α

461 581 671 634 Roma.

527 669 682 734 Quod
708 668 776 721 ad
803 666 1160 721 dilectionem
1183 670 1446 732 vestram,
1473 665 1675 719 fratres
1694 663 1908 736 ﬁliique
1933 664 2069 718 cha-

457 759 682 828 rissimi,
710 764 899 813 nostra
925 758 1136 812 tardius
1163 757 1366 828 scripta
1397 757 1716 827 dirigimus,
1746 773 1862 810 non
1889 758 2067 811 male-

457 856 595 908 vola
621 851 938 918 voluntatis,
967 856 1064 905 aut
1097 849 1558 904 dissimulationis
1582 850 1668 902 vel
1706 849 2070 920 negligentia

455 947 624 1002 fuisse
650 945 930 1012 credatur,
958 944 1074 1010 sed,
1105 943 1246 996 sicut
1268 942 1466 1007 nostis,
1484 942 1810 1012 temporalis
1833 942 2070 1012 qualitas

457 1044 513 1094 et
540 1039 756 1094 hostilis
784 1037 1080 1091 necessitas
1123 1036 1396 1089 hactenus
1421 1034 1730 1106 impedivit.
1760 1036 1900 1088 Nam
1927 1035 2072 1088 sicut

454 1134 533 1188 ait
579 1129 844 1185 Dominus
881 1146 983 1199 per
1024 1128 1387 1198 prophetam:
1436 1128 1695 1196 Nunquid
1742 1128 2070 1181 obliviscitur

454 1225 646 1280 mulier
671 1224 843 1292 ﬁlium
869 1223 1010 1275 uteri
1028 1223 1116 1274 sui
1143 1223 1265 1288 (lsa.
1295 1219 1477 1290 XLIX)?
1504 1221 1623 1272 Non
1650 1236 1784 1290 ergo
1801 1220 2066 1274 credatur

453 1335 554 1372 nos
580 1316 856 1370 viscerum
884 1316 1206 1368 nostrorum
1251 1311 1582 1366 divisionem
1608 1329 1721 1366 non
1748 1329 1878 1366 cum
1908 1312 2068 1382 gravi

453 1409 590 1465 ﬂetu
617 1425 682 1462 ac
709 1406 920 1478 gemitu
945 1405 1213 1460 doluisse:
1243 1405 1338 1458 sed
1365 1405 1604 1473 utinam,
1636 1405 1968 1473 charissimi,
1995 1405 2065 1458 il-

451 1502 694 1557 luminet
717 1501 982 1554 Dominus
1009 1499 1194 1552 oculos
1221 1498 1404 1551 cordis
1433 1497 1618 1564 vestri,
1650 1500 1715 1550 ut
1738 1497 1913 1550 nostri
1940 1514 2065 1551 cor-

454 1594 538 1650 dis
580 1594 819 1666 gemitus
858 1608 960 1662 pro
1003 1591 1160 1644 vobis
1201 1590 1388 1644 videre
1442 1590 1682 1660 possitis.
1731 1593 1858 1656 Quis
1907 1593 2065 1653 enim,

453 1688 599 1742 sicut
635 1687 712 1740 ait
751 1685 947 1739 beatus
997 1683 1279 1754 apostolus
1310 1682 1383 1751 (Il
1418 1685 1534 1739 Cor.
1567 1683 1704 1752 xxr),
1738 1685 2064 1750 inﬁrmatur,

451 1784 502 1833 et
540 1794 632 1847 ego
661 1793 768 1830 non
806 1777 1085 1844 inﬁrmor?
1113 1777 1231 1844 quis
1270 1775 1700 1836 scandalizatur,
1729 1780 1780 1828 et
1820 1791 1912 1844 ego
1963 1791 2067 1828 non

449 1873 616 1926 uror?
641 1873 710 1924 Et
734 1869 871 1922 alibi
896 1870 942 1935 (I
966 1869 1085 1924 Cor.
1124 1868 1218 1936 xu)
1251 1885 1264 1921 :
1298 1869 1436 1934 Quia
1463 1869 1678 1939 patitur
1714 1883 1880 1921 unum
1909 1883 2066 1922 mem-
2086 1869 2140 1940 Β

451 1965 623 2026 brum,
641 1964 1042 2030 compatiuntur
1060 1963 1236 2014 omnia
1256 1960 1511 2013 membra.
1534 1961 1727 2013 Postea
1742 1977 1876 2031 ergo
1894 1977 2066 2030 quam

450 2058 594 2111 Deus
622 2055 974 2124 omnipotens
989 2069 1090 2124 pro
1114 2052 1375 2106 felicitate
1396 2051 1843 2106 Christianorum
1865 2054 2067 2123 princi-

450 2165 586 2220 pum
613 2147 938 2218 perlabores
949 2151 1117 2216 atque
1139 2143 1574 2198 sollicitudinem
1590 2145 1686 2198 ﬁlii
1701 2145 2066 2200 nostricxcel-

449 2239 738 2295 lentissimi
753 2238 1044 2309 Sniaragdi
1063 2235 1286 2292 exarchi
1303 2241 1360 2290 et
1373 2236 1701 2290 chartularii
1715 2238 1854 2291 sacri
1869 2239 2064 2309 palatii

446 2350 641 2404 pacem
653 2330 1053 2386 nobisinterim
1067 2329 1155 2382 vel
1174 2329 1425 2398 quietem
1443 2329 1651 2382 donare
1673 2330 1936 2400 dignatus
1958 2335 2058 2398 est,

447 2442 576 2480 cum
605 2423 760 2479 omni
783 2421 1150 2478 sollicitudine
1178 2421 1506 2475 festinamus
1533 2423 1830 2492 prasentia
1863 2423 1934 2476 ad
1967 2441 2062 2478 vos

445 2519 650 2588 scripta
679 2517 943 2587 dirigere,
975 2515 1266 2568 hortantes
1292 2518 1348 2567 et
1377 2514 1752 2583 obsecrantes,
1786 2531 1857 2568 ne
1885 2515 1942 2568 in
1970 2515 2058 2569 di-

443 2611 652 2665 visione
679 2608 930 2664 ecclesia
961 2607 1192 2660 ulterius
1219 2607 1519 2678 quisquam
1565 2607 1783 2662 studeat
1827 2625 2058 2678 perma-

441 2719 600 2758 nere.
619 2703 727 2756 Nos
754 2701 908 2755 enim
937 2699 1245 2754 secundum
1262 2701 1641 2771 evangelicam
1664 2717 1858 2754 vocem
1877 2702 2060 2756 stude-

442 2812 570 2850 mus
608 2791 947 2849 fraternitati
973 2809 1036 2845 ac
1073 2792 1362 2846 dilectioni
1407 2795 1627 2861 vestra,
1674 2793 1732 2846 in
1783 2799 2059 2863 quantum

439 2887 714 2958 fragilitas
737 2891 926 2940 nostra
952 2884 1175 2952 sufﬁcit,
1203 2901 1332 2955 qua
1374 2885 1536 2938 nobis
1555 2885 1709 2954 jussa
1744 2891 1896 2952 sunt,
1925 2903 2056 2940 cum

439 2979 754 3034 sinceritate
785 2977 966 3031 cordis
986 2976 1280 3031 humiliter
1306 2976 1598 3032 exhibere.
1622 2977 1805 3031 Nostis
1827 2978 1978 3032 enim
1998 2979 2058 3033 in

439 3071 746 3142 Evangelio
777 3069 1082 3124 Dominum
1111 3070 1558 3140 proclamantem
1600 3070 1742 3139 (Luc.
1777 3072 1932 3139 xxn):
1974 3074 2057 3128 Si-

437 3181 580 3228 mon,
601 3166 802 3231 Simon,
825 3178 936 3217 ecce
953 3161 1186 3217 Satanas
1213 3165 1466 3232 empeti'cit
1493 3167 1678 3224 vos,ut
1697 3164 1955 3218 cribrarct
1983 3166 2053 3218 si-

437 3262 527 3312 cut
555 3225 823 3322 triticum;
859 3271 951 3324 ego
979 3260 1155 3309 autem
1182 3225 1371 3322 rogavi
1391 3271 1492 3324 pro
1518 3260 1565 3309 te
1592 3257 1826 3318 Patrem,
1851 3261 1913 3310 ut
1947 3274 2052 3312 non
2072 3225 2126 3299 Ο

343 3404 348 3410 ,
435 3351 647 3420 deﬁciat
669 3351 798 3418 ﬁdes
815 3354 930 3410 tua,
959 3353 1008 3402 et
1037 3353 1094 3402 tu
1114 3363 1388 3402 conversus
1418 3350 1668 3416 conﬁrma
1694 3351 1895 3415 fratres
1915 3356 2046 3405 tuos.

503 3443 880 3508 Considerate,
913 3441 1246 3509 charissimi,
1271 3441 1401 3511 quia
1430 3441 1634 3494 veritas
1680 3443 1909 3496 mentiri
1938 3460 2052 3498 non

431 3537 628 3607 potuit,
659 3551 762 3590 nec
798 3535 936 3588 ﬁdes
963 3533 1114 3588 Petri
1148 3533 1207 3587 in
1237 3539 1512 3588 aternum
1557 3535 1807 3604 quassari
1848 3536 2052 3604 poterit

430 3631 514 3684 vel
543 3629 782 3683 mutari:
809 3644 943 3682 nam
969 3643 1098 3681 cum
1129 3643 1330 3680 omnes
1363 3626 1665 3696 discipulos
1691 3627 1944 3681 diabolus
1979 3629 2049 3684 ad

429 3721 868 3777 excribrandum
889 3719 1226 3790 poposcerit,
1246 3736 1348 3790 pro
1369 3720 1484 3772 solo
1503 3721 1664 3774 Petro
1692 3737 1750 3773 se
1773 3721 2048 3776 Dominus

428 3831 650 3886 rogasse
677 3816 936 3880 testatur,
963 3817 1018 3866 et
1042 3812 1110 3866 ab
1139 3828 1204 3866 eo
1231 3812 1405 3864 voluit
1433 3817 1658 3866 cateros
1683 3813 2003 3868 conﬁrmari
2027 3832 2044 3883 ;

427 3907 516 3960 cui
543 3907 712 3960 etiam
751 3922 854 3976 pro
886 3904 1086 3974 majori
1135 3903 1434 3958 dilectione
1467 3921 1637 3974 quam
1687 3922 1803 3976 pra
1831 3907 2046 3960 cateris

426 3999 662 4052 Domino
710 3997 990 4064 exibebat,
1039 3995 1448 4066 pascendamm
1491 3997 1680 4050 ovium
1727 3998 2045 4052 sollicitudo

429 4089 729 4144 commissa
755 4093 864 4142 est:
895 4087 986 4142 cui
1017 4094 1071 4142 et
1097 4089 1274 4142 claves
1291 4089 1454 4158 regni
1481 4090 1750 4144 calorum
1781 4091 2039 4159 tradidit;

428 4184 484 4236 et
508 4197 680 4250 super
718 4197 890 4251 quem
921 4180 1218 4234 Ecclesiam
1264 4197 1426 4234 suam
1475 4181 1882 4236 adiﬁcaturum
1925 4199 2043 4238 esse

425 4268 706 4338 promisit,
735 4285 838 4323 nec
865 4274 1050 4338 portas
1067 4269 1274 4322 inferni
1295 4269 1560 4323 adversus
1581 4286 1709 4324 eam
1738 4273 2042 4340 praevalere

424 4365 654 4416 testatus
700 4367 783 4416 est
810 4363 1023 4430 (Matth.
1059 4363 1164 4430 i6).
1205 4361 1311 4415 Sed
1338 4360 1470 4432 quia
1507 4363 1767 4416 inimicus
1804 4364 2042 4418 humani

424 4456 646 4526 generis
661 4472 836 4526 usque
863 4455 920 4509 in
939 4455 1112 4508 ﬁnem
1138 4455 1328 4508 saculi
1355 4472 1468 4508 non
1491 4455 1725 4525 quiescit
1750 4456 1809 4510 in
1823 4457 2042 4511 Domini

421 4547 720 4602 Ecclesiam
750 4549 898 4603 bono
927 4548 1128 4602 semini
1156 4548 1605 4618 superseminare
1633 4549 1862 4617 zizania,
1885 4551 2035 4606 ideo-

420 4655 531 4712 que
558 4657 628 4696 ne
649 4642 791 4696 forte
808 4643 1108 4714 quisquam
1129 4642 1376 4712 maligno
1402 4642 1586 4696 studio
1613 4642 1800 4714 aliqua
1815 4643 1882 4698 de
1908 4644 2040 4699 ﬁdei

418 4739 624 4788 nostra
651 4734 974 4806 integritate
1001 4734 1204 4789 diaboli
1243 4735 1604 4805 instigatione
1647 4735 1861 4806 ﬁngere
1891 4755 2036 4808 pra—

418 4827 721 4897 sumpserit
756 4833 812 4882 et
839 4826 1248 4898 argumentari,
1277 4831 1333 4880 et
1375 4844 1444 4881 ex
1470 4828 1574 4881 hoc
1600 4828 1767 4881 vestri
1802 4829 2036 4886 fortasse

415 4916 711 4972 videantur
723 4916 899 4970 animi
926 4915 1262 4986 perturbari,
1275 4917 1649 4970 necessarium
1659 4916 1680 4986 j
1692 4917 2035 4973 udicavimus

370 4994 376 5002 ’
415 5025 518 5079 per
541 5013 876 5080 prasentem
907 5007 1199 5078 epistolam
1229 5011 1500 5076 nostram,
1531 5012 1585 5062 et
1615 5009 1683 5062 ad
1712 5009 1918 5063 viscera
1941 5028 2034 5065 vos

414 5101 609 5155 matris
637 5101 891 5155 Ecclesia
926 5106 989 5154 ut
1031 5101 1236 5155 reverti
1279 5101 1549 5170 debeatis,
1597 5119 1727 5156 cum
1772 5103 2034 5174 lacrymis

415 5193 720 5259 exhortari,
737 5199 791 5247 et
807 5193 874 5246 de
892 5194 1020 5248 ﬁdei
1047 5200 1252 5248 nostra
1277 5194 1598 5264 integritate
1624 5195 1782 5249 vobis
1796 5197 2033 5252 satisfac-

414 5284 658 5338 ctionem
683 5290 933 5338 nostram
966 5287 1219 5357 mittere;
1266 5292 1540 5358 quatenus
1575 5289 1730 5342 nulla
1773 5291 1947 5360 possit
1972 5292 2030 5345 in

415 5375 676 5429 cordibus
702 5377 894 5430 vestris
923 5379 992 5432 de
1035 5380 1195 5434 nobis
1229 5398 1528 5436 remanere
1575 5382 1836 5452 suspicio,
1867 5387 1930 5438 ut
1971 5384 2031 5438 in

413 5467 584 5522 divini
611 5469 1000 5540 tremendique
1029 5471 1226 5542 judicii
1257 5474 1346 5528 die
1372 5475 1440 5530 de
1476 5475 1852 5531 taciturnitate
1902 5493 2031 5532 mea

411 5577 542 5616 reus
565 5560 802 5616 inveniri
827 5579 940 5617 non
968 5566 1196 5636 possim.

409 5677 614 5758 animis
636 5679 1286 5758 Schismaticorummale
1305 5683 1515 5758 affectis
1535 5682 1683 5758 pihil
1713 5685 2024 5758 prodesset,

405 5751 657 5824 imitatus
682 5751 972 5824 Pelagium
999 5755 1040 5820 Ι,
1063 5753 1326 5824 adversus
1353 5753 1501 5824 ipsos
1531 5751 1898 5824 Smara'gdum
1930 5751 2028 5810 Ita-

405 5817 496 5896 lia
537 5817 845 5896 exarchuni
881 5817 1165 5896 Ravenna
1202 5817 1503 5892 degentem
1538 5817 1874 5892 exagitavit:
1928 5826 2024 5896 qui

405 5886 556 5942 haud
595 5890 839 5959 impigre
888 5891 1115 5945 eosdem
1141 5886 1398 5946 coercere
1440 5886 1738 5962 aggressus
1765 5901 1878 5963 est,
1918 5886 2022 5950 nec

1827 372 2085 428 PELAGII
2123 371 2312 428 PAPE
2351 370 2397 428 ΙΙ

3759 365 3889 416 708

2243 480 2348 532 Nos
2377 478 2529 534 enim
2557 477 2716 532 illam
2736 475 2908 533 ﬁdem
2932 474 3266 547 praedictam
3285 479 3590 544 tenemus,
3627 477 3696 528 et
3721 487 3890 526 cum

2173 571 2588 643 omni'puritate
2603 570 2963 624 conscientia
2985 585 3163 641 usque
3179 569 3250 624 ad
3268 568 3580 640 sanguinis
3610 565 3894 621 effusio-

2171 680 2301 718 nem
2331 664 2703 732 defendimus,
2753 680 2882 734 qua
2923 662 2994 717 ab
3039 663 3308 734 apostolis
3360 662 3610 730 tradita,
3648 665 3724 715 et
3763 675 3895 730 per

2171 773 2514 810 successores
2539 771 2736 810 eorum
2762 755 3154 809 inviolabiliter
3173 755 3479 822 custodita,
3515 751 3892 808 reverenda

2170 850 2391 903 Nicana
2419 849 2663 920 synodus
2689 853 3073 904 trecentorum
3103 847 3305 902 decem
3334 851 3393 902 et
3421 851 3562 900 octo
3595 847 3888 900 Patrum

2170 943 2412 1013 suscepit
2439 948 2607 1013 atque
2638 941 2866 1013 reliquit
2887 939 3142 1013 [redegit]
3171 940 3230 994 in
3251 940 3626 1011 symbolum,
3656 939 3782 994 sed
3818 943 3890 992 et

2167 1035 2779 1106 Constantinopolitana
2799 1039 3027 1088 centum
3044 1040 3100 1088 et
3123 1033 3559 1106 quinquaginta
3595 1035 3883 1088 Patrum

2167 1128 2270 1182 sub
2296 1128 2404 1198 pia
2439 1129 2727 1182 memoria
2761 1127 3069 1182 Theodosio
3123 1126 3346 1181 seniore
3399 1126 3690 1198 principe
3759 1124 3868 1178 fa-

2167 1225 2365 1288 ctum;
2397 1219 2567 1273 etiam
2612 1219 2891 1290 Ephesina
2931 1218 3139 1291 prima,
3171 1218 3263 1272 cui
3303 1218 3598 1289 praesedit
3651 1217 3882 1272 beatae

2167 1311 2570 1366 recordationis
2587 1312 2965 1382 praedecessor
2981 1317 3175 1365 noster
3185 1311 3538 1365 Calestinus
3555 1311 3884 1364 Romana

2165 1404 2321 1457 urbis
2360 1405 2608 1471 antistes,
2641 1408 2697 1458 et
2738 1403 2973 1474 Cyrillus
3012 1403 3417 1458 Alexandrina
3471 1403 3828 1474 episcopus
3859 1420 3876 1456 :

2167 1497 2266 1550 sed
2291 1501 2346 1551 et
2373 1496 2836 1551 Chalcedonensis
2861 1503 3255 1551 sexcentarum
3285 1496 3542 1568 triginta
3573 1503 3878 1567 patrum,

2168 1606 2294 1660 qua
2324 1589 2426 1643 sub
2455 1590 2564 1659 pia
2596 1589 2881 1643 memoria
2909 1590 3188 1644 Marciano
3217 1590 3588 1661 imperatore
3624 1606 3876 1644 conve-

2165 1681 2283 1735 nit:
2312 1681 2515 1751 cuique
2545 1685 2751 1735 sancta
2774 1681 3173 1736 recordationis
3201 1699 3350 1753 papa
3376 1683 3492 1737 Leo
3527 1700 3650 1754 per
3679 1684 3878 1756 lega-

2170 1777 2251 1827 tos
2274 1774 2509 1828 vicarios
2537 1791 2663 1827 suos
2703 1775 3003 1845 prasedit;
3047 1779 3103 1829 et
3130 1779 3193 1829 ut
3217 1775 3596 1830 diversarum
3645 1777 3880 1833 haere-

2164 1883 2289 1920 sum
2320 1867 2638 1920 damnanda
2677 1867 2940 1938 exigebat
2977 1867 3309 1937 adversitas,
3343 1869 3629 1924 eamdem
3660 1869 3879 1926 fidem

2166 1975 2278 2013 uno
2314 1960 2621 2028 eodemque
2659 1976 2827 2013 sensu
2867 1961 3176 2014 clamanter
3228 1959 3600 2034 [clamantes]
3669 1964 3879 2018 latius

2164 2051 2477 2106 ediderunt.
2509 2052 2614 2106 Sed
2659 2057 2718 2106 et
2754 2051 3047 2122 epistolam
3073 2053 3336 2124 pradicti
3365 2053 3564 2109 beata
3596 2072 3866 2112 memo-

2164 2143 2261 2197 ria
2292 2145 2489 2198 Leonis
2514 2145 2582 2199 ad
2606 2145 2936 2199 Flavianum
2969 2146 3708 2218 Constantinopolitanum
3745 2151 3881 2222 epi-

2162 2252 2396 2306 scopum
2428 2237 2634 2304 datam,
2662 2254 2790 2308 qua
2817 2241 2874 2292 et
2901 2243 3090 2292 tomus
3114 2240 3466 2310 appellatur,
3497 2258 3620 2312 per
3641 2243 3878 2298 omnia

2161 2344 2514 2398 veneramur,
2541 2335 2818 2398 tenemus,
2854 2330 3235 2400 defendimus,
3274 2337 3454 2403 atque
3493 2335 3876 2392 secundum

2161 2421 2280 2491 ejus
2314 2425 2593 2491 tenorem,
2631 2423 2931 2492 adjuvante
2977 2423 3245 2489 Domino,
3294 2425 3755 2495 praedicamus.
3797 2431 3874 2485 Et

2161 2513 2303 2567 sicut
2329 2515 2903 2584 pradecessornoster
2923 2531 3072 2586 sape
3099 2515 3282 2572 dictus
3301 2517 3494 2574 beata
3518 2523 3876 2578 memoria

2157 2622 2299 2676 papa
2326 2606 2433 2660 Leo
2463 2608 2738 2677 synodum
2779 2609 3310 2664 Chalcedonensem
3357 2613 3643 2684 suscepit
3669 2621 3874 2688 atque

2156 2698 2420 2765 ﬁrmavit,
2458 2699 2535 2754 ita
2564 2706 2620 2754 et
2644 2717 2744 2754 nos
2771 2718 2874 2771 per
2903 2701 3118 2772 omnia,
3147 2708 3427 2774 operante
3455 2705 3681 2762 divina
3715 2725 3870 2780 gra-

2159 2791 2252 2860 tia,
2284 2807 2638 2861 veneramur,
2661 2793 3011 2848 custodimus
3041 2797 3210 2865 atque
3239 2796 3664 2855 defendimus.

2225 2885 2278 2938 Si
2305 2885 2432 2954 quis
2481 2888 2672 2939 autem
2711 2891 2907 2940 contra
2951 2887 3096 2941 hanc
3140 2888 3316 2942 ﬁdem
3363 2895 3470 2945 aut
3501 2893 3707 2963 sapit,
3761 2901 3873 2951 aut

2154 2975 2350 3045 credit,
2379 2981 2477 3030 aut
2505 2977 2703 3032 docere
2739 2979 3037 3050 prasumit
3089 2982 3417 3036 secundum
3467 2987 3870 3044 earumdem

2152 3069 2382 3122 Patrum
2406 3070 2759 3140 sententiam,
2787 3072 3124 3127 damnatum
3152 3080 3325 3145 atque
3362 3077 3870 3136 anathematiza-

2151 3165 2275 3216 tum
2300 3177 2356 3216 se
2383 3178 2502 3216 esse
2529 3169 2848 3233 cognoscat.
2874 3165 2995 3220 Non
3023 3183 3164 3238 ergo
3191 3167 3508 3238 patiamini
3536 3170 3728 3228 falsis
3769 3193 3869 3231 su-

2151 3254 2491 3324 spicionibus
2520 3261 2616 3310 aut
2636 3258 2959 3313 rumoribus
2987 3260 3176 3313 denuo
3207 3261 3447 3330 agitari,
3486 3269 3550 3318 et
3587 3264 3660 3320 in
3696 3268 3864 3324 divi-

2149 3347 2307 3401 sione
2352 3349 2605 3402 Ecclesia
2650 3350 2928 3405 malorum
2973 3352 3278 3407 hominum
3329 3359 3865 3424 persuasionibus

2151 3439 2324 3510 (quod
2367 3446 2580 3495 avertat
2623 3443 2912 3514 Dominus)
2941 3461 3257 3500 remanere.
3291 3447 3444 3511 Quid
3482 3452 3666 3508 enim
3697 3472 3861 3510 vasa

2149 3536 2351 3586 sancta
2383 3534 2639 3588 Ecclesia
2661 3535 2873 3590 unitate
2901 3537 3152 3592 dividitis
3168 3539 3196 3593 ‘l
3223 3541 3464 3610 quando
3485 3544 3658 3601 nihil
3683 3552 3858 3618 novi,

2147 3625 2288 3678 nihil
2320 3623 2487 3696 [quod
2512 3627 2672 3696 absit]
2702 3629 3054 3684 contrarium
3085 3630 3142 3685 in
3172 3631 3324 3686 dicta
3353 3633 3643 3694 Ecclesia
3695 3659 3859 3714 pra-

2147 3717 2319 3771 dicari
2345 3719 2676 3788 cognoscitis
2701 3721 2788 3774 vel
2814 3724 3042 3778 teneri?
3072 3724 3181 3778 Sed
3207 3741 3390 3780 unam
3420 3732 3858 3808 eamdemque

2146 3811 2334 3880 ﬁdem,
2354 3827 2480 3881 qua
2509 3812 2577 3864 ab
2606 3815 2866 3882 apostolis
2894 3816 3118 3885 tradita,
3149 3823 3206 3872 et
3231 3834 3266 3872 a
3293 3823 3524 3877 sanctis
3559 3827 3857 3886 Patribus

2145 3907 2200 3956 et
2218 3903 2498 3973 praedictis
2525 3911 2766 3975 quatuor
2791 3908 3016 3977 synodis
3046 3910 3356 3980 explanata
3391 3918 3589 3986 atque
3625 3925 3858 3980 conﬁr-

2146 4001 2292 4049 mata
2316 3996 2682 4067 dignoscitur,
2711 3999 3090 4056 sincerissime
3127 4005 3316 4058 teneri
3355 4010 3554 4079 atque
3597 4013 3858 4073 defendi

2143 4089 2324 4142 modis
2351 4090 2612 4144 omnibus
2651 4093 3075 4164 comprobatur.
3107 4096 3212 4150 Ubi
3257 4113 3405 4169 ergo
3435 4102 3514 4156 de
3549 4105 3708 4162 ﬁdei
3755 4111 3856 4166 ﬁr-

2143 4181 2336 4236 mitate
2362 4183 2518 4236 nulla
2542 4183 2697 4238 vobis
2716 4185 2923 4254 poterit
2948 4188 3188 4258 quastio
3215 4192 3304 4246 vel
3332 4195 3614 4265 suspicio
3648 4219 3850 4272 gene-

2143 4275 2274 4344 rari,
2298 4275 2356 4329 in
2400 4276 2614 4331 unitate
2656 4277 2808 4346 ﬁdei,
2841 4284 3010 4350 atque
3051 4281 3111 4336 in
3163 4283 3292 4338 sinu
3335 4295 3570 4346 sancta
3624 4299 3852 4353 matris

2141 4368 2433 4422 catholica
2476 4372 2644 4440 atque
2694 4373 3014 4441 apostolica
3045 4375 3307 4431 Ecclesia
3333 4397 3747 4450 permanere.
3784 4393 3845 4446 Si

2139 4461 2272 4530 quid
2298 4461 2440 4516 forte
2469 4479 2650 4516 causa
2679 4466 2780 4530 est,
2812 4466 2965 4520 unde
2995 4469 3168 4522 vestri
3207 4473 3612 4532 scandalizati
3649 4483 3849 4539 animi

2138 4554 2455 4622 videantur,
2483 4561 2774 4611 manentes
2801 4557 2860 4612 in
2889 4560 3127 4616 unitatis
3163 4563 3478 4637 charitate,
3513 4572 3739 4644 eligite
3773 4579 3846 4632 de

2136 4647 2401 4700 fratribus
2431 4664 2494 4702 ac
2535 4649 2662 4702 ﬁliis
2711 4651 2936 4720 nostris,
2967 4670 3110 4725 quos
3162 4656 3234 4710 ad
3279 4675 3412 4730 nos,
3449 4662 3846 4736 inquirendo

2145 4738 2230 4810 [in
2271 4741 2606 4812 quaerendo]
2649 4741 2718 4798 de
2761 4745 2967 4814 quibus
3019 4751 3358 4822 movemini,
3396 4759 3844 4821 transmittere

2136 4831 2383 4930 debeatis
2411 4851 2425 4901 ;
2455 4839 2510 4888 et
2530 4835 2716 4930 parati
2741 4853 2936 4930 sumus
2979 4843 3303 4898 secundum
3343 4854 3843 4930 praceptiongm

2135 4925 2493 4996 apostolicam
2530 4925 2578 4998 [Ι
2599 4931 2740 4983 Pctr.
2771 4929 2876 5002 Ill],
2911 4936 2968 4986 et
3004 4949 3138 4988 cum
3159 4935 3453 4994 charitate
3486 4959 3607 4998 eos
3642 4925 3840 5006 susei-

2135 5035 2289 5088 pere,
2323 5025 2377 5073 et
2396 5036 2526 5073 cum
2553 5020 2870 5078 humilitate
2897 5025 2970 5078 ad
2995 5027 3203 5096 placita
3225 5032 3670 5095 satisfactionis
3699 5045 3838 5101 red—

2133 5111 2262 5165 dere
2278 5111 2581 5181 rationem;
2613 5120 2668 5168 et
2686 5115 2807 5170 sine
2821 5117 3012 5188 aliquo
3031 5119 3462 5190 impedimento
3479 5146 3640 5189 cum
3669 5139 3838 5193 omni

2132 5203 2446 5273 dilectione,
2477 5206 2705 5276 quando
2731 5210 2938 5264 reverti
2963 5213 3272 5282 voluerint,
3301 5219 3634 5284 voluntate.
3653 5231 3840 5287 since-

2129 5296 2351 5350 rissima
2377 5299 2650 5368 relegare.

2199 5390 2505 5445 Audiamus
2531 5395 2723 5447 autem
2751 5393 3044 5452 Doctorem
3086 5402 3357 5470 gentium
3381 5407 3781 5474 clamantem
3815 5434 3828 5475 :

2127 5484 2278 5538 Sicut
2326 5487 2601 5554 accepistis
2649 5488 2920 5544 Christum
2963 5493 3146 5546 Iesum
3199 5499 3544 5568 Dominum,
3589 5511 3658 5564 in
3711 5516 3835 5583 ipso

2128 5576 2420 5639 ambulate,
2447 5579 2686 5633 radicati
2713 5584 2762 5633 et
2791 5585 3220 5654 superadiﬁcati
3250 5591 3308 5644 in
3337 5595 3493 5663 ipso,
3537 5607 3601 5656 et
3637 5576 3834 5676 conﬁr-

2129 5690 2375 5778 g‘fsgsimt’
2408 5709 2699 5778 9⁸99⁵(Ῑωῖ
2721 5694 3488 5778 ἀεῖρεὲξτθηῖθωηβοειθείειω
3532 5721 3832 5778 morbum

2126 5765 2822 5890 ξιξειξῖηξξξιεεειξξῖίξξξῖε
3120 5773 3224 5830 ιιδ-
3345 5796 3485 5854 σου.
3518 5790 3632 5861 2:,
