3994 6392
132 340 234 394 709

1418 337 1758 392 EPlSTOLlE
1794 335 1878 392 ET
1915 335 2241 392 DECRETA.

3388 336 3492 392 740

131 445 267 500 mati
281 445 345 500 in
373 441 500 514 ﬁde,
533 441 674 498 sicut
701 441 992 506 didicistis,
1023 443 1365 498 abundantes
1386 445 1444 498 in
1462 447 1766 511 gratiarum
1789 455 1845 527 Α
1866 459 1976 498 una
2007 459 2100 513 spe
2124 443 2421 497 vocationis
2451 447 2657 497 vestrae.
2694 444 2842 497 Unus
2868 439 3148 506 Dominus,
3179 455 3296 497 una
3331 443 3485 512 ﬁdes,

130 540 360 593 actione.
404 537 596 594 Videte
620 553 687 592 nc
715 539 835 606 quis
861 553 952 592 vos
983 537 1218 606 decipiat
1235 553 1338 606 per
1369 538 1768 606 philosophiam

130 637 178 686 et
205 634 430 686 inanem
451 631 760 699 fallaciam,
794 647 890 685 nec
923 631 997 684 ad
1023 633 1408 684 contentionem
1447 636 1545 684 aut
1575 646 1763 700 super-

128 727 267 793 fluas
313 725 638 794 quastiones
676 728 856 778 vestra
896 723 1126 778 ulterius
1175 723 1358 778 studia
1391 727 1766 777 convertantur

131 817 350 886 (Coloss.
385 816 467 886 ιι).
501 817 712 870 Vocem
745 816 1008 886 ejusdem
1032 815 1422 887 apostolicum
1444 815 1765 870 humilitate

131 909 318 964 cordis
359 909 680 976 attendite;
713 909 793 963 sic
825 910 982 963 enim
1014 909 1268 964 scribens
1301 909 1374 962 ad
1404 909 1765 963 Timotheum

132 1003 209 1056 ait
231 1019 244 1056 :
278 1002 493 1057 Stultus
513 1007 694 1057 autem
714 1007 765 1056 et
775 1005 890 1057 sine
915 1003 1204 1072 disciplina
1225 1004 1543 1072 quaestiones
1564 1002 1762 1064 devita,

129 1097 296 1150 sciens
324 1097 462 1164 quia
486 1100 750 1163 generant
777 1096 926 1160 lites;
953 1111 1166 1150 servum
1203 1101 1381 1150 autem
1414 1096 1630 1149 Domini
1657 1110 1768 1148 non

129 1191 334 1258 oportet
364 1189 586 1256 litigare
607 1188 685 1259 (II
715 1190 850 1242 Tim.
887 1187 974 1258 n);
999 1191 1056 1241 et
1076 1188 1284 1242 iterum
1309 1187 1382 1242 ad
1403 1186 1760 1242 Corinthios:

135 1282 193 1338 Si
216 1283 340 1350 quis
365 1286 549 1336 autem
569 1281 787 1335 videtur
813 1283 954 1336 inter
989 1297 1082 1335 vos
1107 1283 1463 1335 contentiosus
1489 1295 1618 1342 esse,
1658 1295 1765 1334 non

133 1375 292 1428 talem
326 1374 777 1428 consuetudinem
823 1390 932 1428 non
977 1375 1252 1436 habemus,
1303 1389 1472 1443 neque
1527 1373 1766 1426 Ecclesia

131 1469 226 1521 Dei
251 1467 301 1537 (Ι
325 1466 450 1522 Cor.
486 1465 592 1537 x1);
625 1469 682 1520 et
729 1466 938 1521 iterum
982 1469 1107 1536 post
1155 1466 1308 1520 alia:
1350 1468 1473 1520 Non
1507 1470 1584 1520 est
1623 1468 1762 1520 Deus

134 1560 512 1622 dissensionis,
542 1561 637 1613 sed
653 1561 830 1630 pacis.

200 1651 578 1708 Considerate
596 1651 898 1722 ergo,quia
910 1651 1234 1724 quicunque
1249 1653 1305 1706 in
1321 1668 1458 1723 pace
1473 1653 1532 1706 et
1547 1651 1762 1706 unitate

132 1744 394 1800 Ecclesiae
427 1761 544 1800 non
575 1745 768 1809 fuerit,
801 1745 1108 1799 Dominum
1143 1745 1356 1800 habere
1379 1761 1496 1798 non
1528 1743 1756 1814 poterit.

1866 553 2032 591 unum
2065 537 2354 606 baptisma,
2385 552 2528 591 unus
2553 539 2695 591 Deus
2722 541 2773 590 et
2795 539 2954 591 Pater
2980 538 3238 598 omnium,
3272 538 3368 605 qui
3389 550 3484 590 su-

1859 646 1958 698 per
1977 632 2181 690 omnia,
2211 634 2263 684 et
2275 645 2380 699 per
2409 631 2608 691 omnia,
2639 635 2688 684 et
2725 631 2786 682 in
2807 629 3054 683 omnibus
3082 629 3235 682 nobis
3269 627 3484 698 (Ephes.

1864 723 1938 792 v).
1969 723 2036 776 Et
2076 722 2213 776 dum
2249 724 2391 776 tales
2435 721 2860 777 exhortationes
2900 721 3240 792 apostolicae
3283 720 3493 776 habea-

1865 832 2012 882 mus,
2047 815 2172 885 quis
2220 831 2324 868 nos
2370 815 2660 885 separabit
2702 831 2736 867 a
2779 813 3074 879 charitate,
3123 829 3248 883 qua:
3291 815 3377 868 est
3427 813 3487 867 in

1863 908 2082 962 Christo
2112 909 2243 962 lesu
2273 907 2516 962 Domino
2548 910 2743 962 nostro
2762 906 2788 960 ‘l
2819 906 2876 961 Si
2907 906 3060 960 enim
3093 922 3222 960 cum
3251 905 3483 960 humili-

1865 1003 1980 1053 tate
2021 1002 2079 1053 et
2114 1000 2252 1054 ﬂetu
2295 1000 2603 1070 diligenter
2643 999 3017 1065 intendimus,
3059 998 3488 1053 consideramus

1866 1096 1923 1146 et
1938 1091 2310 1163 intelligimus
2333 1093 2488 1163 quod
2506 1093 2598 1146 ille
2618 1092 2689 1146 sit
2708 1091 3010 1146 insidiator
3034 1095 3248 1158 noster,
3272 1091 3342 1145 de
3373 1107 3486 1162 quo

1865 1184 2083 1238 dictum
2109 1187 2220 1238 est:
2241 1185 2378 1250 Quia
2405 1186 2752 1239 adversarius
2768 1190 2938 1239 vester
2949 1184 3218 1246 diabolus,
3243 1186 3382 1238 sicut
3409 1185 3487 1238 leo

1862 1281 2084 1347 rugiens
2100 1280 2290 1332 circuit
2309 1293 2554 1348 quaerens
2574 1294 2728 1347 quem
2754 1279 2964 1331 devoret
2987 1277 3034 1347 (Ι
3045 1278 3158 1331 Pet.
3177 1276 3260 1347 v);
3293 1275 3382 1330 cui
3395 1292 3486 1330 se-

1864 1370 2114 1425 cundum
2135 1370 2394 1441 ejusdem
2417 1370 2656 1441 apostoli
2682 1369 3158 1435 exhortationem,
3173 1385 3304 1422 cum
3327 1367 3486 1422 omni

1864 1481 1968 1518 nos
1987 1463 2293 1518 concordia
2315 1466 2372 1517 et
2393 1463 2612 1516 unitate
2632 1462 2691 1516 in
2707 1461 3043 1516 fortitudine
3056 1461 3192 1515 ﬁdei
3217 1460 3483 1515 resistere

1864 1561 2035 1627 atque
2056 1555 2286 1610 obviare
2320 1572 2552 1610 necesse
2574 1557 2677 1608 est.
2697 1555 2967 1625 Exemplo
2989 1553 3144 1607 enim
3167 1569 3369 1608 omnes
3397 1553 3482 1607 di-

1864 1649 2123 1714 dicimus,
2139 1648 2670 1703 charissimifratres
2689 1664 2753 1702 ac
2769 1647 2889 1714 ﬁlii,
2911 1648 3128 1717 quanta
3139 1647 3294 1700 mala
3311 1662 3488 1717 quan-

1862 1745 2034 1812 taque
2051 1742 2277 1811 ﬂagella
2299 1741 2639 1795 divisionem
2653 1739 2912 1794 Ecclesiae
2932 1739 3146 1793 fuerint
3160 1739 3479 1794 subsecuta.

131 1841 270 1893 Item
309 1838 384 1893 ad
417 1839 649 1894 Galatas
681 1837 934 1892 scribens
965 1839 1046 1892 ait
1079 1856 1091 1893 :
1134 1839 1238 1905 Qui
1278 1855 1345 1892 em
1380 1839 1484 1906 ﬁde
1525 1813 1672 1899 sunt,
1705 1813 1837 1890 ΜΒ
1863 1835 2020 1889 Unde
2061 1835 2120 1888 iu
2153 1834 2326 1904 ipsius
2357 1833 2770 1900 misericordia,
2803 1832 2936 1887 licet
2965 1831 3208 1902 indigni,
3241 1831 3482 1886 conﬁdi-

131 1937 254 1986 sunt
267 1933 374 2000 filii
385 1931 628 1986 Abrahae
640 1931 782 2002 (Gal.
802 1930 902 2000 in).
919 1931 1228 1987 Providens
1239 1934 1434 1984 autem
1449 1929 1759 2000 Scriptura,

132 2025 264 2096 quia
313 2041 380 2078 ex
425 2023 539 2078 ﬁde
575 2023 852 2094 justiﬁcat
894 2027 1095 2094 gentes
1143 2025 1310 2091 Deus,
1358 2022 1763 2093 praenuntiavit

129 2117 389 2183 Abrahae,
427 2115 561 2186 quia
594 2117 971 2171 benedicentur
997 2119 1054 2170 in
1082 2121 1130 2171 te
1155 2131 1334 2171 omnes
1355 2121 1534 2183 gentes
1551 2115 1758 2186 (Genes.

133 2209 276 2281 xxu).
316 2209 504 2278 Igitur
533 2209 629 2280 qui
663 2225 728 2263 ex
761 2209 872 2263 ﬁde
905 2213 1055 2276 sunt,
1087 2209 1503 2263 benedicentur
1533 2226 1662 2264 cum
1691 2209 1757 2262 ﬁ-

133 2302 241 2357 deli
258 2302 580 2357 Abraham.
596 2301 782 2366 Quam
797 2319 935 2372 ergo
955 2302 1377 2356 excusationem
1398 2301 1549 2372 apud
1572 2301 1761 2356 Domi-

133 2412 266 2450 num
285 2399 418 2466 post
435 2399 780 2466 praesentem
804 2394 1254 2449 satisfactionem
1275 2399 1528 2450 nostram
1548 2394 1760 2450 habere

131 2488 362 2544 ulterius
401 2488 663 2559 potestis,
690 2488 921 2558 quando
958 2489 1113 2542 nulla
1139 2488 1298 2542 vobis
1310 2489 1380 2542 de
1401 2487 1535 2541 ﬁdei
1555 2491 1761 2541 nostrai

131 2581 456 2636 sinceritate
476 2581 792 2652 etpuritate
806 2581 1092 2636 contraria
1113 2580 1354 2652 suspicio
1381 2579 1709 2635 remanebit
1733 2579 1760 2634 ?

130 2674 328 2730 Audite
345 2677 692 2746 potestatem
709 2677 763 2728 et
777 2678 1242 2728 commonentem
1257 2674 1522 2728 eumdem
1538 2676 1761 2744 aposto-

133 2768 280 2823 lum:
311 2769 496 2824 Nolite
524 2769 728 2832 seduci,
763 2773 1111 2838 corrumpunt
1126 2783 1294 2823 mores
1322 2768 1480 2822 bonos
1495 2768 1762 2835 colloquia

133 2863 272 2916 mala
294 2863 340 2931 (Ι
359 2861 484 2917 Cor.
508 2860 617 2932 xv).
632 2861 759 2915 Non‘
771 2877 910 2932 ergo
931 2861 1442 2916 circumveniamur
1461 2878 1494 2915 a
1525 2860 1757 2926 Satana,

134 2971 246 3010 non
273 2954 436 3010 enim
469 2955 806 3025 ignoramus
836 2953 1246 3024 cogitationem
1277 2954 1420 3024 ejus.
1453 2953 1595 3008 Cum
1625 2951 1762 3006 dile-

134 3047 314 3102 ctione
331 3063 477 3119 ergo
506 3048 766 3102 fraterna
789 3049 846 3100 et
872 3046 1196 3101 humilitate
1214 3047 1331 3101 Deo
1347 3045 1577 3118 placita,
1597 3043 1642 3097 si
1663 3060 1755 3098 cu-

127 3141 217 3211 jus
238 3142 384 3196 forte
406 3139 588 3195 animi
612 3140 980 3194 scandalizari
1001 3139 1266 3194 videntur
1285 3139 1343 3193 in
1389 3139 1603 3210 aliquo,
1631 3154 1758 3191 ma-
1781 3170 1835 3244 Ο

135 3251 271 3289 nens
284 3234 343 3288 in
362 3233 604 3289 unitatis
617 3233 915 3300 charitate,
931 3233 1228 3304 perquirat
1242 3236 1414 3303 atque
1429 3233 1756 3302 cognoscat.

133 3327 267 3382 Nam
300 3328 450 3382 sicut
467 3327 670 3382 beatus
687 3327 930 3382 Jacobus
955 3327 1246 3398 apostolus
1267 3325 1378 3379 ait:
1419 3326 1520 3380 Ubi
1542 3325 1684 3378 zelus
1711 3327 1761 3377 et

133 3424 414 3484 contentio,
469 3421 548 3474 ibi
587 3424 635 3476 et
669 3422 1035 3474 inconstantia
1071 3425 1122 3474 et
1161 3435 1310 3474 omne
1355 3433 1487 3488 opus
1526 3431 1760 3486 pravum

131 3514 265 3585 (Jac.
298 3515 416 3585 ιιι);
454 3513 736 3568 etiterum
768 3514 978 3567 Doctor
1007 3513 1303 3583 gentium:
1333 3512 1460 3578 Quis
1483 3527 1574 3565 vos
1601 3512 1761 3579 impe-

133 3607 265 3663 divit
289 3608 556 3663 charitati
581 3622 689 3662 non
719 3606 966 3661 obedire:
990 3607 1278 3674 persuasio
1311 3605 1420 3658 haec
1447 3619 1552 3658 non
1575 3605 1654 3656 est
1687 3617 1762 3662 ex

133 3716 186 3754 eo
213 3704 307 3771 qui
329 3703 546 3756 vocavit
564 3715 656 3755 vos
679 3719 696 3754 :
721 3699 988 3754 modicum
1007 3701 1332 3766 fermentum
1348 3703 1514 3753 totam
1526 3715 1758 3758 massam

133 3797 425 3864 corrumpit
464 3792 608 3864 (Gal.
641 3792 726 3863 v);
761 3795 820 3846 et
850 3791 1021 3846 alibi:
1057 3793 1168 3859 Ego
1200 3791 1404 3860 conﬁdo
1430 3794 1488 3846 in
1515 3795 1755 3858 Domino,

132 3888 270 3956 quod
294 3887 438 3942 nihil
455 3886 616 3940 aliud
630 3888 894 3955 sapiatis;
923 3887 1020 3954 qui
1030 3889 1207 3939 autem
1232 3885 1756 3957 conturbatvospor-

135 3981 264 4035 tabit
283 3981 567 4050 judicium
593 3982 916 4049 quicumque
935 3983 1015 4033 est
1032 3979 1124 4032 ille
1153 3977 1359 4048 (Ibid.);
1393 3982 1452 4032 et
1481 3978 1539 4032 in
1570 3980 1760 4035 subse-

135 4074 330 4144 quenti
359 4073 478 4128 ait:
515 4075 735 4128 Utinam
763 4071 1158 4127 abscinduntur
1183 4072 1280 4140 qui
1306 4087 1398 4126 vos
1435 4074 1760 4130 conturbant

135 4165 344 4237 (1bid.)l
377 4167 450 4221 Et
478 4181 705 4220 rursum
733 4165 1056 4219 admonens
1084 4163 1254 4218 dicit:
1285 4163 1438 4230 Quod
1462 4167 1512 4220 si
1533 4167 1759 4222 invicem

133 4260 404 4322 mordetis,
420 4265 471 4314 et
490 4259 784 4321 comeditis,
797 4259 971 4313 videte
982 4273 1047 4312 ne
1058 4258 1126 4312 ab
1138 4259 1360 4312 invicem
1371 4263 1764 4315 consumamini

136 4351 336 4422 (Ibid);
358 4357 417 4406 et
437 4352 670 4406 iterum:
692 4352 754 4407 Si
768 4353 968 4422 spiritu
981 4353 1231 4412 vivimus,
1251 4353 1451 4420 spiritu
1466 4357 1515 4406 et
1527 4354 1760 4408 ambule-

137 4460 282 4511 mus;
313 4462 424 4500 non
449 4449 751 4516 efﬁciamur
769 4447 955 4499 inanis
969 4445 1155 4512 gloria:
1174 4445 1379 4513 cupidi,
1401 4447 1621 4500 invicem
1640 4462 1760 4514 pro-

1859 1945 2008 1994 mus,
2041 1927 2174 1997 quia
2203 1927 2249 1979 si
2283 1925 2588 1981 Ecclesiam
2618 1941 2780 1979 suam
2814 1924 3069 1978 adunare
3090 1930 3261 1994 atque
3287 1925 3484 1994 paciﬁ-

1860 2037 1990 2074 care
2031 2019 2394 2084 concesserit,
2428 2017 2626 2073 omnia
2663 2034 2696 2071 a
2743 2016 2908 2070 nobis
2949 2032 3076 2086 quas
3119 2033 3224 2086 pro
3266 2015 3484 2070 delictis

1861 2113 2069 2167 nostris
2119 2111 2468 2182 suscepimus
2515 2110 2764 2180 ﬂagella,
2816 2108 3056 2162 celerius
3094 2111 3484 2176 removentur,

1861 2209 1918 2259 et
1961 2205 2150 2258 unitas
2195 2221 2259 2258 ac
2299 2203 2539 2257 ﬁrmitas
2581 2201 2737 2272 pacis
2780 2199 3041 2255 Ecclesiae
3083 2215 3288 2271 pacem
3321 2198 3487 2254 nobis

1861 2303 1917 2353 et
1943 2299 2325 2368 temporalem
2358 2296 2580 2350 obtinet
2607 2297 2666 2348 et
2693 2298 2989 2348 aeternam.

1928 2389 2353 2446 Tantummodo
2371 2405 2664 2460 rogamus,
2688 2391 2746 2440 et
2767 2387 3152 2454 obsecramus,
3188 2388 3245 2440 et
3273 2402 3376 2456 per
3394 2385 3480 2440 di-

1859 2485 2053 2538 vinum
2072 2500 2172 2538 vos
2195 2481 2674 2550 tremendumque
2695 2479 2790 2534 Dei
2805 2479 3085 2548 judicium
3105 2478 3478 2548 obtestamur,

1862 2577 1954 2630 ubi
1967 2575 2073 2630 sibi
2091 2575 2277 2629 nullus
2297 2572 2602 2628 hominum
2617 2571 2827 2642 poterit
2842 2570 3195 2640 argumentis
3210 2571 3295 2624 vel
3313 2588 3478 2626 excu-

1859 2669 2172 2724 sationibus
2197 2666 2528 2731 subvenire;
2558 2682 2629 2718 ne
2651 2663 2886 2718 ulterius
2907 2679 3009 2734 per
3027 2679 3126 2716 vos
3139 2663 3242 2716 Dei
3261 2663 3480 2718 divida-

1859 2766 1952 2816 tur
1969 2757 2769 2825 Ecclesia,-sedhasreditatem
2787 2755 3016 2811 Domini
3036 2755 3333 2810 communi
3353 2772 3482 2827 pos-

1859 2855 2144 2909 sideamus
2181 2856 2238 2906 et
2268 2856 2570 2904 teneamus
2601 2848 2808 2903 studio.
2843 2849 2979 2912 Quae
3009 2852 3202 2902 autem
3247 2847 3321 2902 sit
3359 2849 3481 2920 ejus

1859 2946 2184 3014 haereditas,
2221 2944 2396 3015 ipsius
2415 2942 2588 2996 verba
2610 2957 2735 3012 quas
2755 2941 2829 2995 ad
2851 2940 3157 3011 discipulos
3177 2941 3329 2996 dicta
3349 2945 3481 2996 sunt

1859 3041 2158 3095 audiamus
2179 3055 2192 3093 :
2227 3041 2414 3092 Pacem
2438 3051 2609 3090 meam
2635 3035 2702 3089 do
2721 3035 2890 3096 vobis,
2906 3049 3096 3103 pacem
3116 3050 3288 3090 meam
3309 3035 3477 3089 relin-

1859 3149 1964 3203 quo
1988 3133 2136 3186 vobis
2167 3129 2501 3202 (Joan.x1v);
2537 3130 2594 3181 et
2623 3127 2832 3182 iterum
2861 3143 2874 3180 :
2931 3128 2996 3180 In
3031 3127 3126 3180 hoc
3169 3132 3482 3194 cognoscent

1859 3241 2034 3280 omnes
2053 3227 2185 3295 quia
2204 3225 2307 3277 mei
2333 3225 2458 3276 estis
2481 3221 2758 3289 discipuli,
2791 3221 2840 3273 si
2858 3219 3194 3274 dilectionem
3222 3220 3474 3274 habueri-

1860 3323 1929 3374 tis
1968 3319 2042 3373 ad
2077 3319 2301 3371 invicem
2347 3315 2522 3384 (Joan.
2559 3312 2697 3380 xui).
2726 3312 2973 3380 Idipsum
2999 3317 3198 3375 autem,
3230 3311 3373 3366 sicut
3399 3311 3478 3366 ait

1857 3413 1965 3466 Vas
1996 3407 2308 3470 electionis,
2336 3407 2579 3460 dicamus
2609 3420 2808 3466 omnes,
2853 3408 2902 3457 et
2940 3419 3048 3457 non
3078 3406 3189 3458 sint
3228 3407 3289 3458 in
3325 3405 3475 3460 vobis

1857 3506 2163 3570 schismata,
2195 3503 2362 3555 simus
2387 3503 2563 3552 autem
2586 3497 2820 3566 perfecti
2841 3497 2901 3550 in
2925 3495 3105 3550 eodem
3130 3511 3291 3550 sensu
3334 3501 3385 3550 et
3416 3499 3479 3552 in

1857 3597 2042 3652 eadem
2067 3596 2291 3650 scientia
2311 3593 2359 3663 (Ι
2387 3591 2504 3646 Cor.
2529 3589 2588 3662 ι),
2611 3593 2666 3642 ut
2691 3589 2749 3642 in
2780 3589 2970 3642 sinum
2989 3587 3189 3642 matris
3213 3588 3475 3644 Ecclesiae

1857 3686 2191 3760 congregati
2221 3685 2538 3740 efﬁciamur
2569 3699 2716 3735 unus
2754 3696 2911 3751 grex,
2964 3683 3022 3734 et
3063 3679 3232 3734 unius
3266 3681 3474 3736 Christi

1857 3781 2100 3855 pastoris
2129 3777 2386 3835 custodia
2416 3776 2486 3830 ab
2518 3774 2786 3830 omnibus
2825 3771 3072 3827 externis
3117 3772 3472 3844 internisque

1857 3875 2035 3931 hostis
2055 3872 2275 3928 insidiis
2296 3870 2418 3940 ejus
2439 3867 2793 3939 protectione
2815 3869 2985 3936 atque
3003 3865 3336 3920 defensione
3360 3881 3474 3920 ser-

1856 3985 2056 4024 vemur
2085 3965 2266 4020 illaesi.
2289 3965 2417 4018 Haec
2437 3965 2631 4016 autem
2665 3959 2737 4014 ad
2767 3976 2864 4014 vos
2894 3958 3202 4012 direximus
3234 3975 3336 4030 per
3365 3959 3475 4014 fra-

1857 4046 2006 4118 trem
2029 4064 2086 4115 et
2105 4059 2506 4130 coepiscopum
2526 4057 2785 4109 nostrum
2799 4052 3182 4123 Redemptum
3211 4055 3267 4106 et
3290 4051 3477 4116 Quod-

1855 4155 2148 4210 vultdeum
2161 4152 2431 4206 abbatem
2453 4146 2788 4202 monasterii
2803 4145 3037 4215 majoris
3052 4143 3302 4200 basilicas
3319 4145 3476 4200 beati

1855 4248 2005 4304 Petri
2027 4243 2288 4318 apostoli,
2307 4259 2450 4315 quos
2469 4243 2655 4296 vestra
2675 4237 2903 4294 dilectio
2925 4241 2983 4292 et
3001 4238 3341 4310 complacita
3359 4237 3474 4293 Deo

1857 4341 2134 4397 charitate
2172 4336 2458 4408 suscipiat,
2503 4337 2562 4388 et
2603 4331 2677 4387 ad
2716 4349 2822 4386 nos
2853 4348 2982 4385 cum
3013 4331 3247 4385 unitatis
3275 4334 3477 4386 vestrm

1859 4433 2067 4507 gaudio
2083 4433 2204 4486 sine
2226 4446 2391 4485 mora
2411 4425 2616 4482 reverti
2637 4425 2894 4478 dimittat
2915 4439 2928 4478 :
2957 4426 3240 4494 quatenus
3259 4438 3474 4493 cogno-

135 4544 402 4600 vocantes,
423 4513 650 4594 invicem
664 4536 1404 4593 invidentes.Alteraltarius
1416 4553 1576 4592 onera
1585 4513 1836 4608 porte-D
1860 4531 2080 4582 scenles
2123 4523 2491 4578 ἀίιθοιίοηθω
2538 4521 2716 4588 atque
2755 4513 3142 4608 Obedienﬁfam
3181 4513 3475 4570 Charilaus

135 4647 270 4696 mus,
283 4637 335 4686 et
359 4633 439 4686 sic
466 4632 880 4701 adimplebimus
895 4632 1060 4698 legem
1083 4631 1284 4688 Christi
1305 4630 1516 4702 (Ibid);
1539 4635 1596 4684 et
1622 4632 1758 4686 alibi

135 4721 287 4778 idem
325 4725 621 4796 apostolus
651 4724 730 4778 ait
762 4741 774 4778 :
806 4725 978 4780 Flecto
1011 4739 1191 4790 genua
1220 4739 1339 4777 mea
1367 4723 1442 4777 ad
1473 4727 1757 4780 Dominum

132 4817 342 4872 Patrem
360 4820 575 4873 Domini
601 4820 776 4872 nostri
796 4820 922 4872 Iesu
952 4818 1170 4878 Christi,
1185 4832 1252 4871 ea:
1270 4832 1373 4886 quo
1394 4819 1565 4871 omnis
1575 4823 1757 4886 pater-

132 4911 274 4964 nitas
290 4913 348 4964 in
375 4911 521 4966 ccelis
548 4917 597 4966 et
623 4913 682 4965 in
709 4916 856 4965 terra
876 4911 1207 4978 nominatur,
1223 4913 1283 4964 ut
1299 4911 1386 4965 det
1402 4910 1550 4964 vobis
1575 4927 1756 4966 secun-

135 5001 257 5056 dum
277 5003 502 5058 divitias
527 5005 714 5072 gloria
739 5019 852 5058 suae
871 5005 1145 5065 virtutem,
1169 5003 1504 5058 corroborari
1522 5020 1625 5073 per
1639 5004 1758 5072 Spi-

135 5097 296 5151 ritum
323 5097 444 5165 ejus
471 5099 530 5151 in
568 5099 878 5152 interiorem
897 5097 1182 5159 hominem,
1202 5097 1449 5150 habitare
1481 5096 1754 5151 Christum

129 5203 226 5255 per
251 5190 413 5259 ﬁdem
442 5192 501 5244 in
539 5191 792 5244 cordibus
819 5191 1040 5252 vestris,
1073 5191 1132 5243 in
1157 5190 1419 5244 charitate
1447 5191 1686 5244 radicati
1709 5195 1759 5245 et

133 5281 377 5346 fundati,
401 5287 462 5336 ut
483 5284 708 5352 possitis
733 5282 1173 5352 comprehendere
1199 5297 1318 5336 cum
1343 5283 1591 5337 omnibus
1607 5298 1761 5338 sanc-

133 5375 200 5427 tis
241 5374 457 5444 (Ephes.
493 5375 590 5446 ιιι).
627 5377 694 5430 Et
725 5377 855 5445 post
891 5375 1038 5430 alia:
1065 5375 1288 5432 Obsecro
1329 5379 1513 5446 itaque
1547 5391 1638 5430 vos
1665 5391 1756 5442 ego

132 5469 337 5522 vinctus
382 5471 444 5521 in
481 5471 719 5530 Domino,
763 5473 824 5522 ut
864 5469 1027 5535 digne
1065 5469 1348 5524 ambuletis
1393 5471 1451 5522 in
1485 5470 1758 5522 vocatione

133 5574 239 5626 qua
264 5563 444 5614 vocati
466 5563 612 5625 estis,
627 5577 747 5615 cum
773 5563 920 5614 omni
930 5561 1232 5616 humilitate
1248 5566 1298 5615 et
1320 5561 1756 5624 mansuetudine,

133 5665 250 5705 cum
309 5655 586 5722 patientia
631 5657 1012 5724 supportantes
1067 5655 1295 5708 invicem
1345 5655 1406 5707 in
1457 5654 1756 5715 charitate,

133 5744 351 5800 solliciti
396 5760 611 5800 servare
645 5749 908 5801 unitatem
957 5748 1184 5817 spiritus
1221 5749 1281 5800 in
1328 5746 1544 5801 vinculo
1579 5749 1756 5816 pacis.

139 5837 314 5893 Unum
343 5853 539 5907 corpus
569 5843 621 5894 et
653 5854 796 5895 unus
840 5840 1090 5908 spiritus,
1130 5841 1271 5895 sicut
1306 5841 1484 5895 vocati
1530 5840 1658 5894 estis
1702 5840 1762 5895 in

1855 4624 2079 4686 vestrae,
2112 4631 2242 4673 cum
2273 4612 2483 4671 sanctis
2513 4609 2734 4681 angelis
2763 4607 3149 4663 communiter
3175 4611 3346 4678 atque
3375 4623 3473 4662 ve-

1855 4713 2062 4768 raciter
2092 4710 2282 4764 dicere
2316 4719 2681 4761 mereamur:
2715 4701 2901 4757 Gloria
2943 4702 3004 4754 in
3032 4700 3308 4755 altissimis
3347 4701 3471 4767 Deo,

1855 4812 1906 4862 et
1931 4809 1988 4861 in
2009 4811 2155 4860 terra
2172 4818 2292 4874 pax
2318 4798 2619 4855 hominibus
2647 4796 2796 4850 bona:
2817 4793 3114 4848 voluntatis
3145 4793 3293 4864 (Luc.
3320 4791 3400 4864 ιι).

2273 4914 2604 4972 EPISTOLA
2633 4912 2700 4967 1v
2745 4908 2911 4982 [Olim
2945 4907 3050 4980 VI]

2085 5027 2204 5077 ουιε
2233 5027 2327 5066 EST
2357 5024 2594 5064 SECUNDA
2624 5022 2692 5060 AD
2723 5017 3014 5058 EPISCOPOS
3043 5012 3251 5057 ISTRIB.

1857 5105 2243 5166 Dilectissimis
2271 5101 2540 5158 fratribus
2569 5098 2702 5152 Elim
2731 5097 2820 5150 vel
2853 5094 2975 5149 aliis
3004 5090 3281 5166 episcopis
3301 5091 3476 5151 Istrite

2362 5171 2624 5241 Pelagius
2654 5167 2968 5238 episcopus.

1928 5268 2462 5328 Dilectionisvestra:
2474 5280 2576 5334 per
2587 5278 2685 5315 eos
2697 5277 2839 5331 quos
2850 5254 3131 5313 direxistis
3146 5257 3354 5330 scripta
3365 5275 3483 5315 sus-

1857 5367 2131 5439 cepimus,
2155 5359 2492 5428 relectisque
2505 5355 2594 5409 his
2607 5351 2763 5425 gravi
2791 5369 2986 5407 sumus
2998 5368 3243 5407 mazrore
3257 5355 3315 5406 et
3327 5352 3480 5407 dolo-

1859 5478 1919 5516 re
1936 5455 2208 5531 perculsi:
2226 5469 2359 5508 cum
2384 5465 2573 5520 neque
2589 5447 2676 5502 his
2699 5463 2825 5518 qua:
2843 5463 2948 5500 nos
2973 5445 3131 5500 vobis
3153 5445 3480 5517 scripsimus

1858 5549 2254 5624 respondistis,
2287 5561 2496 5616 neque,
2529 5545 2592 5596 ut
2611 5543 2926 5595 fraternam
2945 5538 3215 5594 decuerat
3231 5538 3476 5592 charita-

1859 5651 1996 5713 tem,
2019 5642 2154 5699 ﬁdei
2181 5643 2389 5696 nostras
2409 5634 2796 5691 satisfactione
2814 5635 3077 5704 suscepta
3097 5631 3171 5686 ad
3195 5629 3476 5684 unitatem

1858 5736 2118 5795 Ecclesiae
2136 5729 2461 5790 revertendi
2492 5726 2882 5784 obedientiam
2903 5721 3338 5785 commodastis;
3370 5734 3476 5789 po-

1859 5838 2074 5889 stremo
2110 5845 2216 5884 nec
2234 5843 2332 5884 eos
2357 5825 2525 5880 aliter
2545 5821 2640 5892 qui
2656 5821 2942 5875 venerunt
2965 5815 3210 5884 dirigere
3241 5809 3472 5882 pertuli-
