3994 6412
445 369 541 426 '7“

1811 345 2077 406 ramea
2113 345 2304 405 PAPE
2338 345 2414 429 ιι¹

3752 326 3873 379 ’712

447 476 632 543 stis,ut
649 463 1600 544 apertissimamlucidissimamque
1616 458 2060 515 satisfactionem
2085 465 2145 542 Α
2163 457 2485 520 maverunt,
2515 451 2621 506 nisi
2649 455 2709 506 ut
2741 442 3234 504 inviolabilisﬁdei
3255 435 3535 497 deﬁnitio
3559 449 3877 495 servare-

449 584 508 622 se
535 567 868 638 paterentur
893 561 1182 632 accipere:
1214 557 1314 612 sed
1337 555 1545 626 scripto
1582 553 1746 608 nobis
1769 551 1932 622 quasi
1979 566 2067 604 ca-

448 661 710 732 pitulare,
743 656 829 710 vel
863 653 1231 708 interdictum
1263 649 1452 721 potius
1485 645 1879 710 ostenderunt,
1924 641 2066 696 nihil

448 751 769 822 injunctum
785 747 891 802 sibi
911 763 945 800 a
964 745 1121 800 vobis
1137 743 1290 798 aliud
1303 743 1642 806 asserentes,
1659 737 1766 790 nisi
1792 738 1853 790 ut
1867 737 2067 789 vestra:

445 840 851 898 tantummodo
882 841 1071 893 essent
1090 838 1410 908 portatores
1439 832 1712 903 epistolae.
1745 831 1805 882 In
1840 843 1953 900 qua
1980 829 2065 881 ta-

447 951 583 992 men
603 935 820 989 nullam
843 931 1078 986 rationis
1099 926 1548 984 satisfactionem
1573 923 1840 994 quaesisse
1859 935 1957 974 vos
1984 921 2068 972 le-

449 1029 621 1102 gitur,
655 1027 756 1082 sed
779 1025 934 1080 velut
953 1022 1273 1094 judicatum
1308 1018 1445 1090 quid
1478 1015 1641 1070 nobis
1685 1012 2068 1084 expressisset,

450 1121 605 1194 quod
633 1135 806 1192 quam
835 1132 1073 1188 pravum
1103 1115 1192 1182 sit,
1214 1127 1386 1184 quam
1408 1110 1705 1180 injustam,
1723 1108 2071 1174 Petrumque

450 1213 660 1284 regulis
679 1207 1061 1275 inimicum,si
1090 1204 1382 1261 volueritis
1413 1203 1487 1258 ad
1516 1200 1908 1271 cognitionem
1926 1195 2070 1249 veri-

449 1308 584 1362 tatis
599 1305 890 1370 accedere,
911 1298 1370 1372 splendidissime
1390 1311 1521 1350 cum
1541 1293 1730 1347 divino
1751 1290 1956 1346 auxilio
1970 1305 2070 1359 po-

450 1399 608 1454 testis
639 1396 953 1452 addiscere.
999 1392 1161 1448 Unde
1194 1407 1298 1446 nos
1327 1405 1460 1444 cum
1493 1387 1777 1458 propheta
1801 1385 2074 1453 lacryma-

449 1491 641 1548 biliter
686 1487 953 1544 convenit
982 1487 1330 1540 exclamare:
1384 1481 1655 1546 Obmutui,
1687 1484 1736 1532 et
1757 1477 2074 1530 humiliatus

447 1602 587 1648 sum,
620 1589 666 1640 et
691 1583 822 1638 silui
845 1595 879 1635 a
907 1581 1078 1641 bonis,
1108 1583 1158 1631 et
1187 1577 1340 1630 dolor
1361 1574 1539 1629 cordis
1559 1573 1664 1626 mei
1691 1572 1978 1624 renovatus
2002 1569 2077 1620 est

452 1677 620 1750 (Psal.
653 1673 894 1745 xxxviii).
943 1671 1267 1726 Renovatus
1323 1670 1408 1721 est
1463 1665 1626 1719 dolor
1656 1662 1844 1717 cordis
1875 1657 2074 1723 nostri,

453 1770 684 1844 quando
705 1765 988 1823 diuturnas
1005 1761 1295 1818 divisionis
1307 1758 1641 1813 scandalum
1659 1754 1896 1810 minime
1917 1753 2078 1806 tanto

452 1829 587 1941 fidei
607 1864 830 1932 fulgore
851 1857 1170 1929 superatur,
1200 1853 1446 1907 maxime
1463 1849 1596 1921 quia
1627 1859 1934 1919 pravorum
1965 1844 2068 1897 ho-
2092 1829 2146 1904 C

451 1957 678 2012 minum
709 1949 1077 2024 persuasione
1110 1945 1354 2017 decepti,
1394 1943 1604 2014 scripta
1639 1939 1804 1994 nobis
1844 1934 2078 1991 diversis

455 2045 668 2113 infecta
695 2042 974 2114 contagiis
999 2037 1315 2095 direxistis:
1351 2041 1411 2090 et
1435 2033 1591 2106 quod
1615 2033 1675 2087 in
1697 2029 1950 2102 epistolis
1979 2029 2080 2082 Pa-

454 2147 609 2196 trum
647 2138 910 2210 quaedam
957 2131 1290 2188 testimonia
1339 2145 1459 2183 non
1511 2127 1831 2195 incongrua
1870 2122 2076 2186 solum,

457 2233 560 2289 sed
589 2247 696 2286 nec
726 2230 800 2284 ad
830 2241 1060 2282 causam
1090 2221 1440 2296 pertinentia
1467 2217 1732 2274 tentastis
1782 2217 2036 2270 inserere
2063 2255 2076 2278 ,

457 2327 540 2381 ita
565 2329 628 2379 ut
657 2339 763 2378 nec
795 2319 1058 2376 ordinem
1085 2313 1566 2379 testimoniorum,
1601 2310 1698 2381 qui
1719 2309 1777 2362 in
1798 2307 1937 2378 ipsis
1967 2305 2081 2376 epi-

456 2418 614 2476 stolis
641 2415 894 2481 Patrum,
929 2409 1250 2476 servaretis,
1285 2407 1495 2478 quippe
1527 2409 1590 2458 ut
1619 2402 1772 2474 quod
1807 2400 2079 2470 scriptum

458 2512 693 2569 nomine
725 2505 958 2564 alterius
987 2505 1192 2569 fuerat,
1227 2499 1459 2555 alterius
1479 2495 1727 2552 nominis
1753 2495 1916 2548 titulo
1945 2505 2075 2562 pro-

459 2609 730 2663 meretur.
753 2605 815 2656 In
837 2617 950 2672 quo
977 2595 1272 2652 evidenter
1292 2590 1507 2646 dictum
1525 2589 1684 2644 vobis
1704 2585 2078 2658 apostolicum

457 2699 682 2756 constat
720 2691 939 2767 aptari:
989 2691 1286 2748 Nescientes
1332 2699 1502 2754 neque
1548 2683 1612 2736 de
1661 2681 1852 2751 quibus
1905 2679 2080 2732 dicent

459 2809 630 2863 neque
655 2791 720 2844 de
749 2787 944 2858 quibus
969 2785 1248 2852 afﬁrmant
1275 2779 1320 2849 (1
1353 2780 1488 2832 Tim.
1524 2777 1583 2844 1).

532 2881 699 2950 Quod
729 2879 962 2952 quidem
991 2892 1107 2930 non
1135 2876 1336 2926 vestras
1379 2867 1613 2924 malitia
1658 2866 1744 2920 vel
1789 2863 2080 2919 calliditati

461 2973 746 3036 credimus
777 2967 1198 3033 ascribendum,
1223 2963 1324 3018 sed
1339 2977 1560 3017 veneno
1577 2958 1757 3014 hostis
1784 2955 2081 3026 malignis-

462 3069 592 3129 simi
620 3063 994 3142 perspicimus
1022 3057 1388 3130 exquisitum,
1422 3053 1520 3125 qui
1549 3051 1762 3106 zizania
1796 3049 2079 3103 seminare

462 3182 568 3238 per
595 3177 729 3216 vasa
759 3159 857 3214 ira:
879 3170 1056 3226 usque
1083 3153 1142 3206 in
1171 3151 1346 3205 ﬁnem
1374 3145 1582 3213 saeculi,
1617 3144 1676 3198 in
1699 3141 1800 3197 Dei
1829 3139 2081 3195 Ecclesia

464 3234 581 3314 non
629 3252 884 3326 quiescit.
927 3249 1003 3303 Ex
1048 3261 1162 3317 quo
1209 3239 1606 3311 intelligimus,
1655 3234 2081 3290 fraternitatem

463 3354 711 3406 vestram
742 3342 1028 3417 epistolas,
1062 3337 1132 3393 de
1180 3335 1384 3406 quibus
1421 3329 1689 3404 posuistis
1733 3326 2080 3393 testimonia,

465 3459 581 3498 non
606 3439 842 3510 legisse;
872 3448 1060 3504 neque
1093 3428 1249 3484 enim
1283 3427 1328 3480 si
1359 3424 1514 3479 vobis
1563 3435 1764 3476 eorum
1805 3419 2084 3489 scriptura

462 3535 768 3600 'constaret,
787 3529 883 3585 illa
900 3543 1028 3598 quae
1049 3520 1405 3594 apertissime
1421 3532 1524 3589 pro
1537 3514 1670 3569 ﬁdei
1683 3511 2082 3568 tantummodo

463 3646 634 3686 causa
654 3627 785 3681 sunt
802 3619 1009 3694 posita,
1027 3616 1151 3672 aliis
1175 3625 1492 3684 congruere
1515 3607 1827 3678 ﬁngeretis,
1849 3607 2086 3676 propter

464 3719 620 3796 quod
645 3720 716 3774 ab
735 3731 929 3772 errore
950 3707 1262 3775 divisionis,
1279 3706 1340 3760 in
1361 3717 1533 3775 quem
1543 3700 1700 3756 falsis
1721 3697 2086 3770 opinionibus

463 3790 760 3878 incidistis,
801 3809 1002 3864 hortor
1033 3807 1091 3858 et
1121 3804 1256 3872 opto
1288 3813 1388 3852 vos
1429 3794 1668 3849 celerius
1709 3790 1982 3860 revocari,
2030 3792 2087 3843 et

465 3929 573 3969 non
595 3901 760 3984 (sicut
775 3903 1048 3976 scriptum
1073 3897 1178 3968 est)
1191 3897 1390 3966 jugum
1409 3907 1529 3946 cum
1552 3889 1858 3960 inﬁdelibus
1895 3887 2086 3941 ducere

465 4007 543 4080 (II
567 3978 686 4060 Cor.
707 3993 923 4074 v1),sed
952 3991 1034 4048 illi
1063 3992 1271 4045 iterum
1287 3987 1430 4058 jugo
1450 3985 1749 4038 mansueta
1779 3982 1924 4036 colla
1954 3978 2084 4033 sub-

466 4075 718 4162 mittere,
751 4087 822 4146 de
854 4103 966 4160 quo
1017 4085 1137 4156 ipse
1173 4079 1446 4138 Dominus
1500 4075 1637 4131 dicit
1668 4093 1681 4130 :
1712 4077 1910 4142 Iugum
1947 4075 2088 4127 enim

468 4169 652 4245 meum.
676 4199 838 4240 suave
873 4181 971 4242 est,
1011 4183 1060 4231 et
1099 4191 1233 4230 onus
1264 4188 1434 4228 meum
1469 4171 1577 4225 leve
1609 4174 1687 4223 est
1721 4167 1934 4238 (Matth.
1972 4165 2082 4232 XI);

471 4279 626 4358 quod
658 4277 812 4333 nullo
844 4272 1018 4330 modo
1040 4269 1250 4341 poterit
1275 4265 1400 4337 quis
1429 4265 1518 4318 vel
1545 4263 1696 4316 ferre
1721 4260 1810 4312 vel
1843 4257 2082 4320 discere,

469 4351 576 4432 nisi
597 4373 786 4428 eidem
807 4365 948 4440 jugo
970 4359 1260 4419 eharitatis
1287 4356 1524 4413 vinculis
1550 4351 2082 4421 fueritsubjugatus,

466 4466 574 4544 ipsi
613 4459 776 4522 oneri
811 4477 916 4534 per
949 4454 1314 4513 dilectionem
1360 4448 1570 4521 quippe
1603 4449 1666 4500 ut
1701 4443 1934 4516 Spiritali
1966 4459 2082 4496 sar-

467 4535 610 4618 c—inw
638 4560 882 4623 mentes,
917 4553 1208 4615 humeros,
1257 4545 1517 4614 viresque
1562 4536 1897 4592 subdiderit.
1933 4535 2162 4618 SieutB

467 4641 718 4724 namque
738 4644 1072 4704 animositas
1085 4633 1444 4696 abscissionis
1463 4632 1818 4688 intellectum
1833 4629 1968 4684 facit
1985 4643 2090 4699 per

468 4721 796 4818 superbiam
817 4739 1110 4809 colligare,
1143 4733 1223 4788 ita
1259 4729 1612 4798 recuperatae
1648 4721 1940 4778 charitatis
1981 4722 2084 4775 hu-

467 4814 680 4897 militas
727 4837 952 4890 mentes
997 4829 1056 4882 in
1105 4825 1322 4880 unitate
1371 4819 1504 4874 ﬁdei
1559 4818 1986 4888 perseveranter
2013 4814 2086 4868 ad

470 4932 862 5004 cognitionem
890 4920 1146 4978 veritatis
1175 4915 1478 4972 illuminat.

538 4999 776 5094 Dropter
805 5015 959 5090 quod
989 5011 1358 5086 praesentium
1386 5003 1771 5078 portatoribus
1800 5015 1942 5070 quos
1971 4999 2085 5054 fra-

466 5091 706 5176 ternitas
725 5115 910 5168 vestra
938 5107 1160 5172 direxit,
1186 5107 1244 5158 et
1264 5117 1330 5154 ex
1357 5097 1656 5176 Codicibus
1676 5098 1733 5148 et
1753 5111 1820 5148 ex
1839 5091 2088 5163 antiquis

467 5174 768 5286 polypticis
789 5197 1162 5275 [polyptichis]
1196 5191 1387 5250 scrinii
1409 5174 1618 5246 sancta:
1646 5187 1796 5241 sedis
1821 5184 2086 5256 apostoli-

469 5281 550 5358 cae
574 5281 801 5354 relecta
831 5295 964 5348 sunt
992 5291 1200 5362 aliqua,
1247 5285 1450 5358 quibus
1492 5281 1790 5337 evidenter
1827 5281 2082 5348 apparet,

472 5393 615 5451 nihil
649 5405 848 5446 eorum
884 5403 1009 5458 quae
1035 5385 1092 5438 in
1122 5385 1308 5437 vestra
1346 5373 1612 5450 posuistis
1641 5372 1880 5444 epistola
1917 5384 2088 5424 causa

469 5488 647 5543 trium
675 5481 1051 5554 capitulorum
1079 5472 1384 5531 convenire
1416 5470 1719 5532 ullatenus,
1761 5467 1858 5519 aut
1890 5462 2083 5516 verisi-

470 5580 684 5637 militer
719 5572 993 5647 coaptari.
1036 5570 1286 5636 Ideoque
1331 5577 1560 5617 necesse
1613 5561 1699 5612 est
1741 5573 1838 5610 vos
1885 5571 2086 5610 omnes

471 5672 738 5752 epistolas
753 5663 1054 5740 synodales
1067 5655 1303 5714 sollicite
1321 5654 1734 5726 vigilanterque
1753 5661 2084 5718 percurrere

468 5737 532 5822 ut
563 5737 881 5820 evidentius
931 5749 1270 5824 agnoscatis,
1309 5747 1443 5818 quia
1491 5741 1673 5798 sancti
1711 5742 1905 5796 Patres
1945 5737 2085 5795 nihil

469 5859 624 5915 aliud
655 5857 726 5910 de
753 5839 1206 5908 Chalcedonensi
1237 5837 1454 5909 synodo
1483 5838 1540 5890 in
1571 5834 1685 5888 suis
1709 5833 1960 5903 epistolis
1989 5834 2082 5887 ﬁr-

2099 3177 2158 3259 D

2165 554 2276 604 tur.
2300 549 2442 602 Nam
2463 546 2534 600 ad
2546 545 2815 600 eamdem
2834 541 3121 614 spiodum
3140 531 3639 592 conﬁrmandam
3653 529 3880 582 beata?

2166 638 2580 696 recordationis
2593 635 3202 708 praedecessor'noster
3218 644 3378 701 papa
3395 627 3520 682 Leo
3545 621 3878 682 scribens,

2166 735 2319 788 inter
2343 733 2454 786 alia
2473 731 2552 786 sic
2573 731 2684 785 ait:
2715 749 2743 781 ι(
2766 731 2844 784 Ne
2867 744 3007 799 ergo
3023 741 3132 797 per
3149 722 3450 793 malignos
3471 717 3882 786 interpretes

2170 825 2481 881 dubitabile
2508 824 2790 889 videatur,
2819 824 3014 876 utrum
3027 833 3155 890 quae
3173 817 3233 870 in
3257 811 3494 886 synodo
3519 804 3886 866 Chalcedo-

2169 919 2332 973 nensi
2355 934 2457 989 per
2475 916 2924 972 unanimitatem
2941 915 3196 967 vestram
3214 909 3286 962 de
3308 906 3432 961 ﬁde
3455 905 3705 958 statuta
3727 902 3887 952 sunt

2171 1011 2558 1084 approbarim,
2589 1011 2712 1064 haec
2740 1007 2812 1063 ad
2849 1021 3054 1062 omnes
3091 1005 3302 1074 fratres
3345 1005 3408 1054 et
3451 995 3885 1066 coepiscopos

2171 1109 2417 1171 nostros,
2448 1102 2544 1173 qui
2569 1101 2842 1172 praedicto
2871 1097 3115 1154 concilio
3141 1093 3584 1156 interfuerunt,
3631 1085 3886 1156 scripta

2173 1195 2372 1262 direxi,
2405 1211 2534 1266 qua:
2562 1193 3004 1262 gloriosissimus
3028 1193 3088 1243 et
3124 1183 3646 1243 clementissimus
3697 1177 3881 1250 prin-

2173 1305 2325 1360 ceps,
2352 1288 2496 1342 sicut
2510 1286 2763 1358 poposci,
2785 1285 2845 1339 in
2873 1283 3143 1338 notitiam
3173 1281 3436 1334 vestram
3461 1274 3737 1329 mittere
3763 1285 3881 1342 pro

2174 1381 2467 1436 catholica:
2518 1379 2652 1433 ﬁdei
2703 1393 2902 1432 amore
2954 1373 3330 1446 dignabitur;
3377 1373 3450 1424 ut
3481 1371 3552 1422 et
3583 1367 3884 1420 fraterna

2174 1473 2511 1528 universitas
2541 1477 2598 1526 et
2635 1471 2899 1526 omnium
2928 1467 3190 1523 ﬁdelium
3224 1463 3412 1519 corda
3442 1459 3883 1530 cognoscunt,

2176 1584 2268 1621 me
2303 1583 2416 1620 non
2449 1566 2632 1620 solum
2662 1580 2766 1634 per
2795 1563 3003 1617 fratres
3035 1559 3134 1630 qui
3175 1558 3364 1612 vicem
3415 1569 3642 1608 meam
3701 1565 3884 1604 exse-

2177 1659 2290 1714 cuti
2315 1663 2465 1725 sunt,
2499 1657 2600 1711 sed
2625 1656 2799 1710 etiam
2833 1671 2937 1725 per
2966 1650 3382 1724 probationem
3404 1651 3750 1718 gestorum
3786 1659 3884 1713 sy-

2180 1751 2496 1817 nodalium,
2518 1747 2808 1820 propriam
2828 1747 3126 1800 vobiscum
3148 1742 3414 1798 mouisse
3440 1737 3854 1794 sententiam
3873 1752 3887 1790 :

2171 1845 2230 1899 in
2257 1845 2376 1898 sola
2397 1841 2664 1896 videlicet
2682 1841 2816 1895 ﬁdei
2846 1855 3018 1894 causa
3073 1836 3254 1908 (quod
3283 1851 3446 1904 saepe
3501 1829 3890 1898 dicendum)

2177 1941 2410 2008 propter
2440 1951 2614 2006 quam
2647 1933 2918 2004 generale
2949 1930 3282 1996 concilium,
3325 1931 3388 1981 et
3433 1941 3509 1980 ex
3547 1928 3890 1996 praecepto

2178 2027 2796 2086 Christianissimorum
2857 2023 3212 2096 principum,
3273 2023 3337 2075 et
3404 2035 3476 2074 ex
3557 2032 3890 2072 consensu

2179 2121 2502 2194 apostolicae
2543 2120 2714 2186 sedis,
2747 2117 2964 2190 placuit
2994 2112 3368 2186 congregari.
3404 2133 3436 2162 »
3479 2110 3648 2183 [Huc
3687 2125 3892 2181 usque

2178 2215 2350 2270 verba
2381 2214 2559 2268 sancti
2591 2211 2840 2281 Leonis]

2247 2307 2362 2363 Sed
2392 2323 2464 2361 ne
2493 2307 2642 2360 forte
2673 2303 2884 2359 animis
2901 2301 3103 2356 vestris
3119 2300 3320 2371 aliqua
3341 2299 3552 2354 adhuc
3587 2296 3893 2352 videatur

2179 2400 2417 2472 quaestio
2436 2402 2534 2454 aut
2554 2398 2818 2452 dubietas
2833 2410 3162 2462 remanere,
3187 2392 3454 2464 apertius
3479 2406 3639 2462 quae
3664 2389 3756 2446 ad
3777 2389 3893 2444 Ma-

2177 2493 2395 2548 ximum
2440 2491 2812 2546 Antiochense
2852 2488 3118 2542 Ecclesiae
3161 2485 3498 2540 antistitem
3549 2483 3892 2554 scripserit

2178 2586 2396 2658 pariter
2421 2583 2744 2639 curavimus
2774 2581 3051 2636 indicare.
3079 2582 3216 2635 Post
3242 2577 3513 2650 plurima
3547 2576 3788 2648 itaque
3813 2576 3893 2628 sic

2180 2679 2291 2734 ait:
2315 2699 2344 2729 ‹‹
2372 2678 2431 2734 Si
2450 2677 2588 2748 quid
2605 2674 2827 2730 saneab
2859 2673 2946 2727 his
2963 2673 3262 2739 fratribus,
3287 2687 3440 2741 quos
3465 2669 3552 2724 ad
3593 2673 3890 2724 sanctam

2179 2769 2462 2842 synodum
2483 2769 2602 2824 vice
2635 2783 2768 2822 mea
2787 2767 2938 2834 misi,
2969 2768 3184 2837 praeter
3203 2763 3264 2818 id
3293 2763 3461 2834 quod
3499 2763 3593 2816 ad
3623 2778 3889 2817 causam

2180 2863 2313 2918 ﬁdei
2341 2863 2684 2934 pertinebat,
2706 2863 2933 2931 gestum
2957 2873 3082 2912 esse
3095 2856 3470 2928 perhibetur,
3496 2855 3762 2911 nullius
3781 2855 3892 2910 erit

2179 2955 2505 3011 ﬁrmitatis:
2553 2955 2689 3025 quia
2717 2953 2794 3007 ad
2823 2953 2933 3006 hoc
2969 2951 3201 3006 tantum
3231 2949 3307 3004 ab
3341 2948 3710 3020 apostolica
3746 2949 3890 3004 Sede

2182 3049 2380 3103 directi
2411 3050 2543 3102 sunt
2571 3050 2633 3100 ut
2665 3045 2866 3100 excisis
2909 3042 3249 3110 hmresibus,
3288 3041 3626 3097 catholica:
3673 3045 3888 3098 essent

2180 3141 2315 3196 ﬁdei
2359 3141 2711 3194 defensores.
2761 3135 3051 3209 Quidquid
3086 3134 3250 3190 enim
3293 3138 3526 3206 praeter
3583 3116 3894 3208 speciales

2180 3250 2376 3290 causas
2407 3231 2770 3304 synodalium
2801 3229 3181 3284 conciliorum
3214 3227 3291 3282 ad
3325 3244 3609 3283 examen
3646 3230 3890 3301 episco-

2182 3329 2309 3399 pale
2341 3327 2614 3392 defertur,
2646 3327 2838 3395 potest
2857 3321 3220 3394 dijudicandi
3239 3321 3475 3376 habere
3493 3322 3888 3388 rationem,»

2183 3424 2289 3474 etc.
2323 3420 2484 3486 Ecce,
2535 3418 2678 3472 sicut
2719 3415 2980 3487 superius
3031 3415 3252 3469 dictum
3303 3417 3416 3481 est,
3475 3417 3891 3486 cognoscitis,

2182 3512 2389 3567 fratres
2419 3509 2756 3576 charissimi,
2775 3508 2918 3563 nihil
2949 3507 3108 3562 aliud
3129 3523 3283 3578 saepe
3300 3507 3508 3561 fatum
3528 3509 3890 3579 praedeces-

2184 3619 2376 3659 sorem
2405 3607 2688 3668 nostrum,
2715 3615 2890 3672 quam
2911 3615 2982 3654 ea
3003 3613 3135 3670 quae
3165 3598 3240 3652 de
3257 3599 3404 3653 ﬁdei
3426 3600 3756 3657 ﬁrmitate
3781 3602 3886 3656 de.

2182 3697 2346 3752 ﬁnita
2375 3699 2526 3764 sunt,
2559 3695 2949 3762 conﬁrmasse,
2978 3693 3138 3764 quod
3166 3707 3321 3763 pene
3345 3691 3413 3747 in
3437 3695 3756 3750 omnibus
3775 3695 3894 3768 epi-

2185 3791 2344 3846 stolis
2371 3789 2514 3860 ejus,
2545 3789 2590 3843 si
2615 3786 2927 3852 volueritis,
2942 3786 3171 3857 plenius
3187 3785 3448 3856 potestis
3463 3801 3884 3860 cognoscere.

2183 3885 2325 3938 Nam
2342 3882 2574 3954 privatae
2594 3895 2802 3947 causas,
2831 3895 2962 3952 quas
2977 3879 3096 3934 illic
3113 3882 3246 3950 post
3267 3878 3728 3938 deﬁnitionem
3749 3882 3893 3938 ﬁdei

2185 3979 2324 4031 actae
2353 3978 2503 4043 sunt,
2535 3989 2652 4029 non
2685 3973 2870 4028 solum
2899 3972 3146 4027 minime
3178 3971 3620 4044 confirmavit,
3677 3977 3793 4031 sed
3839 3979 3896 4030 et

2183 4069 2480 4125 retractari
2529 4071 2700 4138 atque
2743 4064 3044 4136 dijudicari
3093 4065 3410 4120 concessit.
3469 4069 3547 4122 In
3603 4069 3892 4140 encycliis

2184 4177 2319 4216 vero
2341 4159 2518 4232 (quod
2537 4165 2624 4214 est
2648 4158 3064 4231 episcopalium
3083 4158 3358 4213 collectio
3391 4159 3794 4232 litterarum,
3828 4179 3890 4216 ex

2185 4254 2392 4325 quibus
2413 4253 2603 4324 aliqua
2617 4253 2677 4306 in
2694 4251 2917 4322 scriptis
2934 4251 3141 4306 vestris
3152 4251 3522 4308 testimonia.
3541 4255 3891 4328 incongrue

2185 4346 2449 4402 similiter
2466 4344 2752 4416 posuistis)
2769 4345 2924 4399 unde
2945 4349 3108 4399 mota
3124 4343 3198 4399 sit
3218 4361 3426 4414 causa,
3446 4348 3555 4402 vel
3601 4349 3760 4421 quid
3783 4350 3890 4421 pite

2185 4439 2602 4495 recordationis
2614 4439 2726 4493 Leo
2740 4437 3059 4508 imperator
3074 4453 3182 4508 per
3200 4438 3526 4494 universas
3539 4443 3893 4512 provincias

2186 4531 2576 4588 sacerdotibus
2605 4530 2893 4602 scripserit
2921 4529 3307 4599 consulendo,
3344 4536 3456 4586 aut
3483 4537 3779 4604 qualiter
3819 4536 3888 4590 ab

2187 4625 2323 4696 ipsis
2347 4639 2621 4694 responsa
2650 4623 2984 4694 susceperit,
3019 4623 3189 4678 nobis
3223 4641 3478 4696 quoque
3501 4631 3890 4693 tacentibus,

2188 4733 2388 4772 eorum
2437 4717 2683 4771 lectione
2738 4715 3000 4770 valebitis
3044 4716 3278 4786 plenius
3334 4717 3694 4778 informari
3739 4741 3758 4778 :
3837 4726 3892 4776 ut

2187 4811 2344 4864 nulla
2369 4809 2440 4863 de
2470 4813 2675 4863 caetero
2705 4809 2766 4862 in
2796 4808 2998 4863 vestris
3039 4809 3316 4864 cordibus
3354 4813 3679 4885 malignae
3723 4833 3890 4871 exco-

2188 4902 2390 4974 gitatio
2423 4902 2717 4972 pravitatis
2749 4903 2941 4956 locum
2962 4901 3364 4974 subreptionis
3409 4905 3738 4966 inveniat.
3785 4911 3892 4964 Nos

2188 4995 2344 5049 enim
2371 4997 2608 5064 propter
2636 4993 3026 5065 prolixitatem
3052 4995 3228 5066 hujus
3257 4996 3542 5068 epistolas
3605 5003 3890 5058 ordinem

2187 5104 2370 5142 causa:
2405 5087 2582 5158 ipsius
2625 5087 3042 5142 declinavimus
3089 5087 3378 5144 indicare.
3425 5092 3604 5149 Nam
3657 5097 3712 5152 si
3765 5113 3888 5151 cum

2187 5181 2376 5235 studio
2405 5180 2718 5246 charitatis,
2751 5196 2880 5250 quae
2909 5197 2946 5234 a
2989 5181 3160 5235 nobis
3197 5182 3588 5255 scribuntur,
3645 5207 3792 5246 cum
3835 5190 3891 5243 ti-

2187 5289 2349 5328 more
2381 5272 2610 5328 Domini
2631 5273 2872 5327 sollicite
2899 5273 3330 5346 vigilanterque
3351 5279 3698 5351 relegetis,
3727 5285 3888 5339 facile

2187 5366 2442 5420 sentietis
2499 5369 2778 5436 quantum
2838 5365 2912 5420 sit
2974 5367 3304 5437 periculum
3367 5387 3483 5440 pro
3560 5378 3889 5448 superﬂuis

2187 5458 2617 5530 quaestionibus,
2649 5463 2707 5512 et
2736 5459 3148 5514 haireticorum
3181 5461 3561 5522 defensione
3596 5473 3889 5544 capitulo-

2185 5567 2338 5620 rum,
2373 5551 2572 5606 tandiu
2599 5552 2672 5606 ab
2703 5551 3012 5606 universali
3041 5554 3304 5610 Ecclesia
3333 5567 3708 5632 segregari.

2258 5645 2440 5699 Nolite
2456 5661 2594 5715 ergo
2609 5660 2806 5699 amore
2815 5645 3137 5715 jactantiae,
3153 5663 3288 5718 quas
3305 5653 3636 5722 superbia-
3657 5676 3889 5732 semper

2187 5742 2273 5794 est
2292 5739 2569 5809 proxima,
2595 5739 2654 5793 in
2675 5738 3080 5796 obstinationis
3095 5742 3239 5798 vitio
3255 5761 3680 5822 permanere,
3708 5773 3886 5828 quan-

2187 5833 2260 5887 do
2288 5833 2346 5886 in
2385 5832 2476 5886 die
2497 5833 2694 5902 judieii
2725 5833 2916 5887 nullus
2948 5839 3208 5890 vestrum
3231 5853 3531 5898 excusare
3567 5863 3644 5902 se
3673 5852 3881 5905 valeat.
