3994 6404
73 422 177 476 ’713

1349 412 1687 473 EPISTOLAZ
1734 410 1818 469 ET
1859 411 2183 470 DECRETA.

3339 418 3441 472 ’714

73 531 128 583 et
158 541 358 598 neque
383 523 722 582 Theodorus
746 525 1192 597 Mopsuestenus,
1222 541 1409 597 neque
1448 525 1559 580 Iba
1599 523 1716 594 epi-
1739 521 1877 611 Ain
1918 521 2164 575 Ecclesia
2213 536 2330 574 non
2379 524 2507 576 est:
2552 519 2624 575 ad
2668 537 2913 592 regnum
2962 520 3259 592 pervenire
3321 541 3438 579 non

74 621 243 686 stola,
282 636 417 690 qua
451 621 524 674 ab
555 619 892 674 adversariis
921 623 1004 673 est
1033 619 1274 690 prolata,
1300 623 1432 673 ante
1467 619 1713 672 tribunal

75 712 221 768 tanti
241 712 464 782 judicis
484 711 643 767 vobis
675 713 860 767 valeat
891 711 1212 766 subvenire.
1248 711 1481 766 Doctori
1521 711 1715 782 itaque

76 806 346 877 gentium
377 822 706 877 pareamus,
743 805 840 876 qui
867 806 923 859 in
953 805 1142 875 prima
1159 805 1233 859 ad
1248 803 1574 861 Corinthios
1594 804 1713 875 epi-

75 900 222 954 stola
255 898 431 953 dicit:
451 900 807 953 Emulamini
834 899 1162 952 charismata
1185 899 1426 961 meliora,
1462 903 1512 952 et
1541 899 1717 952 adhuc

77 993 520 1047 excellentiorem
547 993 692 1045 viam
711 992 860 1046 vobis
883 992 1183 1046 demonstro
1212 992 1260 1060 (Ι
1285 992 1404 1046 Cor.
1443 991 1559 1060 xu).
1583 992 1717 1055 Qua

78 1101 216 1156 ergo
251 1085 488 1154 majora
517 1084 649 1150 sint,
685 1087 742 1138 et
763 1100 794 1138 a
828 1101 886 1138 se
916 1084 1368 1139 demonstranda
1395 1084 1714 1154 promittat,

80 1195 142 1231 ex
169 1178 354 1248 ipsius
374 1193 516 1232 voce
551 1177 852 1231 audiamus
884 1177 1160 1231 intentius
1190 1194 1202 1231 :
1233 1177 1294 1233 Si
1325 1179 1524 1244 linguis
1545 1179 1714 1232 homi-

79 1287 205 1324 num
237 1273 440 1340 loquar
470 1275 522 1324 et
546 1271 877 1338 angelorum,
911 1271 1224 1325 charitatem
1251 1276 1428 1326 autem
1469 1287 1576 1325 non
1617 1272 1712 1325 ha-

83 1365 252 1425 beam,
282 1365 475 1430 factus
501 1379 621 1416 sum
647 1365 787 1417 sicut
811 1379 880 1418 as
905 1379 1126 1426 sonans,
1153 1369 1250 1418 aut
1276 1365 1580 1433 cymbalum
1606 1366 1714 1418 tin-

78 1459 249 1510 niens.
301 1459 374 1511 Et
413 1457 463 1510 si
499 1456 736 1510 habuero
776 1458 1136 1525 prophetiam,
1171 1461 1222 1511 et
1261 1459 1496 1512 noverim
1537 1459 1718 1511 omnia

78 1551 358 1617 mysteria,
396 1554 448 1602 et
495 1551 544 1603 si
581 1549 815 1602 habuero
854 1565 1059 1604 omnem
1095 1549 1274 1618 ﬁdem,
1314 1553 1394 1604 ita
1423 1555 1484 1605 ut
1513 1555 1716 1604 montes

79 1645 438 1709 transferam,
463 1646 514 1696 et
539 1643 588 1695 si
613 1642 938 1695 distribuero
961 1644 1018 1696 in
1039 1643 1181 1696 cibos
1204 1659 1512 1712 pauperum
1537 1658 1716 1697 omnes

77 1736 373 1801 facultates
395 1750 564 1801 meas,
585 1739 635 1788 et
654 1737 704 1788 si
721 1735 998 1788 tradidero
1019 1751 1210 1804 corpus
1233 1752 1406 1789 meum
1423 1741 1482 1790 ut
1503 1737 1714 1798 ardeat,

77 1827 402 1881 charitatem
463 1831 644 1881 autem
683 1843 791 1881 non
834 1827 1089 1894 habuero,
1136 1829 1277 1882 nihil
1312 1831 1445 1882 mihi
1495 1831 1718 1899 prodest

1817 616 2047 686 poterit,
2091 614 2186 686 qui
2217 630 2344 668 eam
2376 631 2503 685 qua
2540 620 2852 686 regnatura
2884 618 2970 669 est
2999 615 3324 688 dereliquit.
3370 619 3440 673 Et

1817 710 1946 778 post
1988 707 2145 762 alia:
2195 707 2336 761 Cum
2378 708 2495 761 Deo
2536 725 2772 762 manere
2827 725 2944 762 non
3012 713 3269 780 possunt,
3336 711 3436 782 qui

1818 817 1940 854 esse
1970 801 2027 854 in
2061 801 2307 855 Ecclesia
2337 801 2440 855 Dei
2465 801 2816 856 unanimiter
2845 803 3171 871 noluerunt,
3196 803 3439 858 ardeant

1816 893 1948 947 licet
1978 893 2226 947 ﬂammis
2269 897 2325 947 et
2355 893 2582 964 ignibus
2611 895 2825 962 traditi,
2865 895 2954 948 vel
2997 895 3203 965 objecti
3245 896 3440 951 bestiis

1819 986 2042 1040 animas
2071 1003 2202 1040 suas
2230 990 2485 1057 ponant:
2519 1004 2635 1042 non
2657 988 2765 1041 erit
2794 989 2890 1042 illa
2921 987 3055 1042 ﬁdei
3085 1005 3317 1057 corona,
3341 991 3440 1044 sed

1817 1095 1986 1150 pana
2024 1080 2306 1150 perﬁdia;
2343 1097 2447 1134 nec
2491 1081 2772 1151 religiosa
2816 1081 3038 1135 virtutis
3081 1083 3261 1136 exitus
3316 1075 3438 1154 glo-

1817 1171 2032 1240 riosus‘,
2082 1173 2181 1226 sed
2231 1172 2644 1243 desperationis
2701 1174 2962 1228 interitus
3005 1191 3017 1229 :
3076 1175 3253 1230 occidi
3315 1176 3442 1231 talis

1817 1268 2025 1336 potest,
2056 1265 2321 1319 coronari
2352 1282 2468 1320 non
2499 1269 2704 1336 potest.

1888 1360 2032 1411 ltem
2056 1358 2347 1428 ejusdem:
2379 1361 2466 1412 An
2499 1376 2621 1412 esse
2654 1359 2762 1412 sibi
2793 1377 2921 1414 cum
2939 1361 3160 1415 Christo
3181 1361 3436 1430 videtur,

1819 1450 1914 1520 qui
1944 1450 2214 1505 adversus
2245 1452 2568 1506 sacerdotes
2599 1452 2804 1507 Christi
2836 1453 3009 1507 facit?
3041 1454 3214 1524 quise
3245 1472 3279 1509 a
3301 1455 3440 1509 cleri

1817 1543 1939 1613 ejus
1982 1548 2040 1597 et
2067 1545 2248 1615 plebis
2278 1545 2549 1599 societate
2580 1546 2864 1601 secernit?
2909 1549 3084 1601 Arma
3113 1547 3208 1602 ille
3237 1552 3440 1603 contra

1816 1637 1996 1690 Deum
2022 1641 2232 1708 portat,
2265 1643 2465 1694 contra
2493 1640 2594 1694 Dei
2634 1639 3066 1711 dispositionem
3105 1644 3392 1712 repugnat
3424 1659 3436 1696 :

1806 1729 1994 1801 hostis
2025 1731 2216 1785 altaris
2247 1733 2513 1787 adversus
2558 1734 2897 1788 sacriﬁcium
2939 1735 3146 1790 Christi
3188 1735 3436 1802 rebellis,

1815 1839 1919 1893 pro
1947 1823 2059 1877 ﬁde
2088 1825 2356 1894 perﬁdus,
2388 1843 2492 1896 pro
2531 1827 2810 1897 religione
2841 1827 3168 1898 sacrilegus,
3211 1828 3436 1882 inobse-

80 1920 236 1990 (Ibid.
297 1919 440 1989 xm);
489 1922 548 1973 et
588 1920 796 1974 iterum
834 1936 847 1974 :
880 1921 1057 1982 Fides,
1109 1936 1248 1990 spes,
1299 1923 1558 1985 charitas,
1608 1903 3442 1993 triaBquensservus,ﬁliusimpius,fraterinimicus,contemp-

80 2013 205 2075 hac,
239 2014 425 2081 major
463 2017 644 2067 autem
676 2015 759 2067 his
802 2014 1038 2067 charitas
1075 2013 1276 2084 (Ibid).
1321 2015 1504 2078 Quam
1545 2014 1721 2085 igitur

83 2109 212 2160 ante
245 2105 565 2160 Dominum
593 2105 852 2176 poteritis
887 2105 1101 2159 habere
1151 2106 1440 2174 ﬁduciam,
1485 2109 1716 2178 quando

83 2199 300 2252 nullum
325 2199 667 2253 scandalum
693 2197 957 2269 generari
979 2199 1138 2253 vobis
1159 2199 1228 2253 de
1253 2199 1386 2254 ﬁdei
1408 2204 1615 2254 nostra
1638 2201 1720 2255 in-

85 2291 349 2360 tegritate
368 2295 696 2358 cernentes,
717 2291 890 2344 tantis
917 2292 1270 2362 temporibus
1289 2309 1392 2363 per
1403 2293 1719 2364 superﬂuas

83 2384 431 2454 quastiones
453 2384 526 2437 ab
549 2383 796 2437 Ecclesia
820 2383 938 2450 Dei,
964 2400 1089 2454 qua
1113 2401 1227 2438 una
1249 2388 1350 2452 est,
1374 2389 1431 2438 et
1461 2402 1494 2439 a
1513 2387 1716 2440 frater-

84 2492 154 2530 na
185 2475 470 2530 charitate
507 2491 606 2530 vos
637 2475 814 2530 dividi
843 2475 1078 2530 duratis.
1109 2477 1212 2531 Ubi
1246 2493 1496 2548 namque
1528 2477 1598 2533 sit
1625 2495 1715 2532 ec-

83 2569 248 2623 clesia
277 2569 614 2635 constituta,
658 2569 790 2622 licet
817 2569 992 2639 ipsius
1019 2569 1242 2623 Domini
1268 2586 1403 2624 voce
1429 2571 1489 2624 in
1521 2575 1717 2626 sancto

86 2663 390 2732 Evangelio
403 2661 478 2715 sit
492 2661 924 2732 apertum,quid
945 2665 1140 2716 tamen
1158 2661 1359 2716 beatus
1371 2664 1718 2734 Augustinus

87 2755 337 2824 ejusdem
366 2753 677 2809 dominica
703 2771 930 2809 memor
954 2755 1253 2809 sententia
1285 2755 1590 2825 deﬁnierit,
1625 2775 1719 2812 au-

88 2846 323 2901 diamus.
354 2849 418 2901 In
451 2847 541 2900 his
557 2863 828 2918 namque,
849 2847 948 2914 ait,
972 2864 1094 2902 esse
1123 2849 1222 2902 Dei
1241 2849 1550 2904 Ecclesiam
1581 2867 1717 2905 con-

88 2940 360 3007 stitutam,
399 2940 501 3011 qui
539 2940 769 2994 sedibus
810 2941 1132 3010 apostolicis
1169 2958 1272 3012 per
1304 2944 1718 2998 successionem

27 3027 31 3060 *
87 3034 390 3102 prasulum
435 3031 746 3103 prasidere
792 3038 1124 3088 noscuntur.
1170 3036 1238 3088 Et
1275 3035 1602 3107 quicunque
1647 3038 1716 3091 ab

27 3119 32 3154 ε
89 3127 422 3180 earumdem
457 3126 682 3180 sedium
713 3143 772 3179 se
805 3128 1213 3182 communione
1245 3130 1333 3182 vel
1379 3130 1717 3184 auctoritate

28 3215 35 3250 λ
89 3219 468 3290 suspenderit,
487 3235 610 3273 esse
628 3219 686 3272 in
709 3219 1014 3274 schismate
1039 3220 1484 3276 demonstratur.
1505 3224 1572 3276 Et
1591 3226 1720 3294 post

89 3311 210 3365 alia.
237 3313 468 3366 Positus
488 3312 647 3382 foris,
679 3313 904 3366 etiamsi
935 3329 1038 3383 pro
1065 3314 1269 3368 Christi
1298 3315 1531 3370 nomine
1561 3332 1716 3370 mor-

91 3405 211 3457 tuus
229 3405 600 3472 fueris,'inter
618 3406 883 3459 membra
896 3405 1099 3460 Christi
1124 3405 1258 3478 [non
1274 3409 1712 3482 numeraberis].

87 3496 280 3551 Patere
309 3514 417 3568 pro
450 3498 694 3565 Christo,
729 3498 955 3552 harens
985 3499 1229 3570 corpori,
1257 3517 1451 3572 pugna
1483 3517 1586 3572 pro
1617 3519 1712 3556 ea-

36 3601 38 3624 ε
90 3589 218 3658 pite.
252 3590 364 3646 Sed
393 3594 454 3645 et
473 3591 676 3644 beatus
703 3591 1017 3662 Cyprianus
1041 3593 1308 3664 egregius
1322 3598 1541 3665 martyr
1565 3595 1623 3650 in
1654 3597 1718 3650 li-

36 3683 40 3700 "
87 3673 184 3736 Βτο
206 3699 381 3754 quem
405 3684 479 3738 de
501 3684 736 3738 unitatis
753 3685 988 3740 nomine
1023 3685 1284 3753 titulavit,
1321 3687 1473 3742 inter
1500 3688 1610 3742 alia
1638 3689 1715 3743 sic

94 3773 220 3829 dicit
243 3792 256 3830 :
281 3777 598 3832 Exordium
621 3777 692 3831 ab
715 3777 934 3832 unitate
950 3778 1344 3849 proficiscitur;
1360 3783 1417 3834 et
1436 3781 1714 3852 primatus

89 3866 249 3924 Petro
295 3870 489 3938 datur,
527 3873 588 3925 ut
627 3887 742 3924 una
786 3871 991 3926 Christi
1033 3873 1279 3926 Ecclesia
1332 3877 1390 3927 et
1441 3875 1714 3930 cathedra

42 3963 46 3998 ⁵
94 3967 475 4018 monstretur:
506 3967 565 4017 et
589 3968 847 4035 pastores
866 3967 998 4019 sunt
1019 3982 1240 4033 omnes,
1274 3966 1375 4020 sed
1403 3983 1536 4038 grex
1569 3985 1714 4023 unus

44 4057 48 4094 ί
98 4055 431 4124 ostenditur,
473 4057 568 4129 qui
620 4057 692 4112 ab
729 4058 1002 4130 apostolis
1041 4059 1302 4114 unanimi
1336 4063 1712 4117 consensione

44 4151 48 4184 ἲ
97 4151 373 4216 pascatur.
406 4151 477 4205 Et
500 4153 631 4222 post
673 4167 854 4222 pauca
894 4169 907 4206 :
944 4153 1097 4207 Hanc
1138 4154 1398 4208 Ecclesiae
1435 4156 1712 4210 unitatem

93 4241 182 4310 qui
215 4258 330 4298 non
360 4246 544 4312 tenet,
575 4249 774 4299 tenere
813 4261 873 4299 se
908 4245 1082 4300 ﬁdem
1113 4245 1334 4302 credit?
1373 4248 1480 4312 Qui
1525 4250 1714 4304 cathe-

93 4331 249 4389 dram
279 4337 456 4404 Petri,
489 4354 660 4409 super
679 4354 855 4409 quam
883 4338 1132 4393 Ecclesia
1158 4339 1397 4395 fundata
1422 4345 1526 4410 est,
1555 4342 1714 4396 dese-

49 4459 53 4470 ι
90 4427 175 4494 rit,
201 4432 258 4482 et
283 4430 517 4498 resistit,
537 4431 597 4485 in
624 4431 874 4487 Ecclesia
889 4450 948 4486 se
975 4449 1096 4487 esse
1119 4433 1396 4489 conﬁdit?
1423 4436 1561 4490 ltem
1583 4441 1712 4507 post

52 4529 55 4564 ἑ
89 4518 234 4576 alia:
274 4521 363 4577 Ad
408 4524 566 4594 pacis
600 4525 900 4594 pramium
941 4526 1242 4596 pervenire
1288 4544 1403 4584 non
1452 4531 1708 4599 possunt,

53 4623 57 4656 τ
87 4612 213 4680 quia
241 4631 444 4685 pacem
475 4617 704 4672 Domini
733 4617 1032 4674 discordia
1060 4620 1252 4674 furore
1281 4625 1576 4692 ruperunt.

54 4717 59 4752 ς
155 4707 292 4762 Item
323 4725 390 4763 ex
419 4710 629 4765 eodem
658 4711 802 4767 libro
829 4712 907 4766 sic
929 4711 1011 4766 ait
1041 4729 1055 4768 :
1087 4712 1173 4767 Ad
1205 4714 1545 4769 sacriﬁcium
1576 4732 1706 4770 cum

88 4797 428 4858 dissentione
447 4803 744 4858 venientes
757 4808 988 4860 revocat
1005 4805 1075 4860 ab
1098 4807 1282 4875 altari,
1306 4811 1362 4862 et
1373 4808 1540 4878 jubet
1553 4809 1708 4880 prius

58 4894 431 4950 :concordare
475 4913 607 4951 cum
647 4898 846 4965 fratre,
890 4901 1024 4952 tunc
1063 4915 1194 4954 cum
1222 4917 1362 4970 pace
1399 4901 1709 4956 redeuntes

60 5025 62 5036 .
89 4983 324 5042 Domino
355 5005 566 5044 munus
588 4990 793 5046 offerre
821 4992 1035 5063 (Matth.
1052 4993 1126 5064 v);
1167 4994 1302 5064 quia
1331 5011 1436 5049 nec
1466 4994 1540 5049 ad
1569 4995 1707 5051 Cain

61 5091 66 5130 ι
89 5091 323 5136 munera
342 5084 590 5154 respexit
607 5085 753 5138 Deus
775 5085 1094 5158 (Genes.1v);
1113 5104 1300 5159 neque
1315 5089 1471 5142 enim
1495 5088 1706 5144 habere

62 5169 392 5230 Dominum
421 5181 689 5248 pacatum
710 5183 957 5250 poterat,
988 5181 1085 5252 qui
1127 5199 1255 5236 cum
1291 5183 1465 5236 fratre
1505 5199 1706 5254 pacem

63 5277 185 5332 iper
205 5267 307 5322 zeli
336 5268 685 5326 discordiam
716 5290 833 5328 non
861 5271 1126 5329 habebat.
1161 5275 1345 5339 Quam
1386 5276 1491 5329 sibi
1532 5276 1709 5346 igitur

89 5368 280 5425 pacem
307 5362 657 5432 promittunt
682 5365 898 5421 inimici
927 5367 1167 5422 fratrum
1188 5368 1217 5422 ?
1259 5371 1393 5433 Qua
1434 5370 1706 5425 sacriﬁcia

68 5452 366 5509 Icelebrare
389 5474 448 5510 se
469 5459 917 5515 creduntamuli
937 5461 1340 5517 sacerdotum?
1361 5463 1566 5518 Secum
1584 5481 1706 5518 esse

69 5542 365 5608 gChristum
391 5567 520 5606 cum
545 5552 765 5608 collecti
794 5555 1010 5610 fuerint
1031 5555 1360 5626 Opinantur,
1388 5557 1449 5610 hi
1478 5557 1572 5628 qui
1609 5573 1703 5612 ex-

70 5635 172 5698 ,tra
199 5639 505 5699 Ecclesiam
534 5645 927 5717 colliguntur?
952 5650 1113 5704 Tales
1141 5650 1315 5704 etiam
1358 5650 1402 5704 si
1438 5651 1604 5705 occisi
1645 5651 1704 5706 in

71 5732 443 5794 gconfessione
461 5737 711 5794 nominis
727 5741 959 5810 fuerint,
973 5744 1200 5798 macula
1215 5743 1322 5798 ista
1353 5760 1457 5798 nec
1470 5744 1704 5816 sangui-

74 5836 158 5894 gne
193 5825 456 5885 abluitur.
481 5831 840 5903 lnexpiabilis
885 5839 944 5890 et
975 5836 1163 5907 gravis
1203 5839 1370 5910 culpa
1407 5837 1702 5894 disaordia

76 5930 193 5978 anec
215 5923 478 5990 passione
503 5929 799 5996 purgatur.
830 5929 965 5985 Esse
981 5933 1202 6006 martyr
1231 5948 1350 5990 non
1377 5935 1584 6006 potest,
1607 5931 1704 6007 qui

408 6019 682 6088 ΡΑτιιοι..
731 6025 964 6094 LXXII.

1738 3267 1792 3340 C

1821 2008 1890 2062 tis
1911 2009 2186 2080 episcopis
2207 2014 2264 2064 et
2283 2011 2376 2064 Dei
2397 2012 2785 2066 sacerdotibus
2807 2013 3112 2079 derelictis,
3136 2014 3442 2068 constitue-

1819 2117 1881 2155 re
1915 2101 2090 2155 audet
2114 2102 2269 2156 aliud
2286 2104 2484 2158 altare.
2512 2106 2651 2158 Item
2677 2105 2835 2174 cujus
2855 2122 3059 2176 supra:
3081 2106 3248 2176 Pejus
3265 2107 3438 2160 schis-

1820 2194 1991 2247 matis
2021 2195 2240 2248 crimen
2267 2200 2371 2264 est,
2391 2213 2566 2267 quam
2593 2197 2746 2266 quod
2770 2197 2825 2251 hi
2849 2198 2944 2268 qui
2963 2198 3440 2266 sacriﬁcaverunt,

1820 2287 1917 2357 qui
1948 2290 2144 2342 tamen
2177 2289 2233 2342 in
2262 2289 2598 2359 poenitentia
2619 2290 2876 2344 criminis
2913 2291 3206 2346 constituti
3246 2291 3440 2346 Domi-

1819 2396 1958 2433 num
1990 2380 2170 2450 plebis
2200 2382 2678 2437 satisfactionibus
2706 2383 3102 2454 deprecantur.
3121 2385 3219 2438 Hic
3251 2385 3440 2438 Eccle-

1819 2471 1902 2525 sia
1928 2474 2200 2543 quaritur
2227 2478 2283 2528 et
2319 2479 2574 2545 rogatur,
2608 2476 2720 2530 illic
2764 2477 3026 2531 Ecclesia
3065 2481 3438 2548 repugnatur.

1819 2565 1916 2619 Hic
1945 2569 2135 2636 potest
2163 2569 2470 2622 necessitas
2491 2568 2682 2636 fuisse,
2716 2570 2828 2624 illic
2848 2572 3110 2624 voluntas
3130 2574 3358 2624 tenetur
3383 2571 3441 2624 in

1819 2659 2050 2712 scelere.
2067 2660 2164 2714 Hic
2186 2661 2282 2732 qui
2299 2663 2490 2732 lapsus
2507 2665 2610 2728 est,
2627 2662 2730 2716 sibi
2745 2666 2969 2717 tantum
2987 2664 3201 2730 nocuit,
3218 2663 3328 2718 illic
3345 2664 3442 2734 qui

1818 2751 2084 2806 haresim
2115 2754 2203 2806 vel
2226 2753 2472 2808 schisma
2495 2756 2682 2809 facere
2712 2761 2970 2824 conatur,
3001 2757 3210 2810 multos
3245 2776 3441 2816 secum

1819 2844 2100 2900 trahendo
2124 2845 2367 2917 decepit.
2389 2847 2494 2917 “Hic
2513 2848 2719 2904 anima
2733 2850 2898 2904 unius
2912 2855 2998 2905 est
3014 2853 3312 2923 damnum,
3333 2855 3443 2910 illic

1817 2937 2134 3008 periculum
2160 2940 2562 3010 plurimorum.
2582 2944 2744 2997 Certe
2773 2960 2829 2997 se
2846 2960 3108 3015 peccasse
3123 2948 3214 3002 hic
3235 2949 3440 3004 intelli-

1818 3029 1904 3100 git
1933 3033 1991 3083 et
2015 3032 2255 3102 plangit,
2280 3033 2374 3088 ille
2393 3037 2622 3088 tumens
2636 3035 2690 3088 in
2707 3042 2939 3107 peccato
2957 3057 3080 3107 suo,
3111 3044 3163 3094 et
3185 3041 3321 3112 ipsis
3338 3042 3442 3096 sibi

1818 3123 2040 3177 delictis
2056 3125 2349 3195 placens,a
2363 3132 2548 3182 matre
2560 3129 2706 3183 ﬁlios
2722 3135 3006 3202 segregat,
3026 3150 3160 3188 oves
3171 3152 3203 3188 a
3213 3139 3443 3206 pastore

1818 3216 2101 3286 sollicitat,
2141 3219 2241 3272 Dei
2275 3225 2634 3276 sacramenta
2669 3223 2970 3292 disturbat,
3002 3230 3059 3280 et
3089 3245 3218 3281 cum
3251 3229 3442 3300 lapsus

1818 3310 1994 3364 semel
2021 3312 2356 3380 peccaverit,
2375 3314 2466 3367 ille
2482 3315 2734 3384 quotidie
2752 3322 2967 3387 peccat.
2991 3321 3289 3377 Postremo
3317 3324 3441 3394 lap-

1818 3419 1912 3456 sus
1931 3405 2272 3474 martyrium
2303 3407 2675 3476 postmodum
2704 3415 3038 3466 consecutus
3067 3418 3255 3484 potest
3276 3415 3443 3486 regni

1815 3497 2096 3566 promissa
2131 3498 2422 3569 percipere
2453 3516 2466 3554 :
2494 3500 2589 3554 ille
2631 3501 2676 3555 si
2722 3506 2879 3557 extra
2919 3506 3228 3560 Ecclesiam
3267 3509 3445 3562 fuerit

1817 3590 2050 3658 occisus,
2085 3591 2156 3644 ad
2184 3592 2443 3647 Ecclesia
2477 3610 2593 3648 non
2626 3599 2814 3665 potest
2837 3599 3076 3668 pramia
3118 3601 3438 3670 pervenire.

1884 3684 2029 3737 Item
2057 3684 2154 3755 qui
2179 3701 2351 3756 supra
2379 3703 2392 3740 :
2428 3687 2591 3750 Quod
2617 3689 2660 3742 si
2687 3689 2748 3744 in
2777 3690 3077 3761 Scripturis
3099 3695 3308 3748 sanctis
3332 3697 3441 3749 fre-

1815 3779 2057 3847 quenter
2087 3782 2145 3832 et
2169 3778 2378 3850 ubique
2411 3779 2710 3852 disciplina
2744 3784 3090 3856 pracipitur,
3142 3791 3199 3842 et
3241 3789 3443 3844 funda-

1815 3873 2077 3925 mentum
2106 3871 2402 3942 religionis
2433 3890 2466 3927 a
2503 3875 2638 3929 ﬁdei
2679 3877 3077 3934 observatione
3121 3898 3186 3936 ac
3212 3878 3438 3937 'timore

1812 3963 2206 4034 proficiscitur,
2249 3965 2388 4036 quid
2432 3967 2691 4038 cupidius
2733 3973 3024 4042 appetere,
3074 3973 3213 4044 quid
3247 3977 3436 4048 magis

1813 4056 1955 4110 velle
2001 4074 2065 4111 ac
2103 4060 2302 4113 tenere
2350 4076 2454 4114 nos
2489 4063 2774 4130 convenit,
2827 4082 3003 4135 quam
3045 4070 3106 4121 ut
3153 4068 3438 4124 radicibus

1813 4149 2016 4204 fortius
2043 4151 2184 4219 ﬁxis,
2215 4155 2272 4206 et
2317 4152 2618 4210 domiciliis
2655 4158 2864 4212 nostris
2915 4177 3086 4231 super
3129 4166 3309 4232 petra
3349 4181 3436 4220 ro-

1812 4242 1995 4297 busta
2012 4245 2165 4299 mole
2184 4245 2456 4315 solidatis,
2479 4248 2799 4305 inconcussi
2829 4252 2903 4306 ad
2927 4256 3204 4324 procellas
3234 4274 3298 4312 ac
3327 4261 3440 4312 tur—

1811 4336 1973 4391 bines
2003 4338 2190 4392 saculi
2217 4342 2451 4408 stemus,
2485 4345 2547 4396 ut
2575 4343 2647 4396 ad
2685 4345 2787 4400 Dei
2828 4363 3071 4402 munera
3107 4367 3213 4420 per
3247 4351 3438 4405 divina

1811 4435 2099 4502 pracepta
2126 4433 2319 4486 venire
2344 4434 2626 4503 possimus
2643 4436 2671 4489 ?

1883 4525 1950 4576 Et
1973 4524 2104 4578 ideo
2137 4525 2438 4580 hortamur
2461 4527 2830 4585 dilectionem
2859 4535 3126 4602 vestram,
3173 4537 3231 4590 et
3269 4535 3433 4592 obse-

1724 4631 1785 4703 D
1808 4634 2051 4684 eramus,
2077 4620 2138 4671 ut
2163 4621 2281 4672 tam
2312 4619 2585 4674 terribilia
2613 4623 2844 4678 Patrum
2865 4626 3194 4682 testimonia
3224 4647 3436 4700 cogno-

1809 4713 2050 4777 scentes,
2075 4711 2230 4764 nullo
2258 4711 2432 4767 modo
2463 4714 2762 4784 patiamini
2799 4718 3034 4774 ulterius
3063 4721 3122 4775 in
3150 4721 3426 4780 divisione

1809 4804 2069 4858 Ecclesia
2093 4805 2397 4875 persistere
2422 4823 2434 4874 ;
2455 4807 2628 4862 sedin
2646 4809 2861 4865 viscera
2882 4817 3091 4869 sancta
3119 4817 3321 4870 matris
3340 4835 3430 4872 ca-

1807 4897 2034 4952 tholica
2050 4902 2222 4969 atque
2244 4901 2570 4971 apostolica
2587 4905 2815 4974 regredi
2841 4908 2962 4961 tota
2992 4909 3202 4963 mentis
3239 4911 3428 4966 inten-

1807 4990 1963 5045 tione
1994 4994 2239 5046 celerate
2273 4992 2657 5067 [eccelerate):
2693 5001 2754 5052 ut
2778 4999 3016 5055 radicati
3053 5002 3110 5056 in
3151 5004 3430 5060 charitate

1809 5085 2045 5139 unitatis
2067 5090 2238 5158 atque
2254 5088 2478 5142 fundati
2492 5089 2682 5144 dicere
2703 5109 3032 5148 mereamur
3060 5112 3072 5150 :
3105 5101 3237 5153 Ecce
3262 5118 3426 5170 quam

1809 5178 2002 5233 bonum
2033 5185 2084 5234 et
2111 5196 2274 5250 quam
2291 5183 2619 5250 jucundum,
2648 5185 2893 5240 habitare
2924 5191 3128 5255 fratres
3163 5196 3220 5248 in
3263 5211 3429 5252 unum

1809 5270 1972 5343 (Psal.
2003 5269 2236 5344 cxxxu):
2277 5276 2556 5330 veraciter
2591 5279 3012 5337 exclamantes:
3045 5286 3324 5354 Repletum
3354 5297 3434 5348 est

1805 5367 2006 5433 gaudio
2037 5383 2094 5420 os
2121 5373 2384 5432 nostrum,
2413 5375 2462 5424 et
2489 5371 2678 5438 lingua
2706 5379 2890 5428 nostra
2913 5379 3241 5436 exultatione
3259 5383 3426 5456 (Psal.

1808 5461 1986 5531 cxxv).
2017 5460 2230 5524 Quibus
2259 5462 2520 5518 breviore
2548 5465 2783 5535 quidem
2810 5470 2974 5540 stylo,
2997 5473 3317 5532 abundanti
3347 5483 3432 5535 ta-

1805 5569 1943 5608 men
1982 5555 2260 5609 charitate
2297 5558 2604 5627 responsis,
2637 5563 2695 5613 et
2720 5561 2790 5616 de
2823 5563 3200 5624 fraternitatis
3231 5579 3430 5628 vestra

1805 5647 2114 5716 mentibus,
2140 5652 2196 5703 et
2218 5648 2290 5704 de
2311 5650 2513 5706 divina
2535 5653 2941 5713 misericordia
2967 5660 3177 5718 virtute
3199 5667 3432 5720 conﬁdi-

1805 5754 1953 5807 mus,
1967 5757 2065 5794 vos
2083 5745 2290 5797 sancta
2311 5743 2476 5798 citius
2495 5747 2803 5803 reformari
2817 5749 3214 5810 indubitanter
3230 5759 3416 5812 Eccle-

1805 5832 1921 5888 sia.
1951 5833 2011 5890 Si
2042 5837 2237 5890 tamen
2263 5853 2368 5908 pro
2399 5838 2609 5894 nostris
2634 5840 2821 5898 adhuc
2841 5843 3061 5901 delictis
3087 5849 3304 5921 aliquid
3319 5849 3421 5904 ini-

1803 5927 1985 5984 micus
2008 5928 2336 5985 animarum
2354 5932 2513 5987 vobis
2530 5933 2927 5992 obstinationis
2946 5938 3123 6008 (quod
3140 5941 3303 6011 absit)
3325 5947 3423 5997 aut

3039 6043 3117 6103 23
