3994 6470
498 386 600 441 715

1868 378 2130 436 PELAGII
2163 378 2354 436 ΡΑΡᾸΞ
2391 377 2438 436 Π

3795 380 3896 435 ’716

498 489 802 548 dubietatis
825 486 1100 557 intulerit,
1123 488 1434 545 secundum
1460 490 1613 561 quod
1639 489 2114 544 interlocutiono-
2133 503 2191 575 Α
2211 491 2384 560 longo
2415 488 2706 544 divisionis
2735 506 2840 543 usu
2871 489 3088 560 quanto
3107 485 3324 544 mentis
3346 483 3580 561 frigore
3606 486 3899 542 fraterni-

497 590 612 640 stra
646 588 936 654 gestorum
968 582 1119 654 apud
1156 599 1259 637 nos
1285 583 1612 638 habitorum
1646 599 1912 654 suprema
1955 599 2112 637 com-

494 677 779 748 plectitur,
813 681 870 730 et
907 675 1050 730 sicut
1074 676 1542 731 excellentissimo
1575 675 1810 731 domino
1839 676 1956 730 ﬁlio
2007 693 2111 730 no-

493 775 610 825 stro
642 769 961 840 Smaragdo
979 770 1219 824 exarcho
1241 770 1411 823 Italiae
1429 769 1746 840 supplicare
1768 769 2108 835 curavimus,

491 863 796 917 instructas
819 863 928 916 huc
953 862 1027 916 ad
1051 879 1154 916 nos
1175 879 1468 932 personas,
1503 862 1706 932 quibus
1730 861 1950 916 facilius
1978 862 2110 915 red-

493 956 686 1010 denda
715 955 1154 1026 recipiendaque
1182 955 1254 1008 sit
1277 955 1444 1022 ratio,
1473 955 1700 1009 mittere
1731 956 2018 1022 festinate,
2050 958 2114 1008 ut

493 1051 651 1103 nulla
689 1049 955 1118 deinceps
1001 1065 1308 1102 consensus
1345 1048 1516 1102 vestri
1567 1048 1828 1102 dubietas
1847 1047 2108 1118 supersit,

492 1145 592 1196 aut
630 1141 886 1207 tarditas,
933 1141 979 1193 si
1027 1141 1107 1194 eis
1158 1141 1466 1195 satisfactio
1494 1142 1665 1212 plena
1689 1141 1981 1194 reddatur.
2013 1141 2110 1194 Vel

493 1235 540 1288 si
570 1251 672 1305 pro
701 1233 1121 1303 longinquitate
1164 1235 1440 1302 locorum,
1459 1235 1546 1288 vel
1579 1237 1903 1304 temporum
1927 1233 2107 1303 quali-

491 1330 608 1380 tate
639 1325 953 1397 pavescitis,
985 1325 1099 1380 illic
1129 1328 1414 1381 Ravennae
1461 1328 1563 1380 ﬁat
1614 1325 1988 1396 congregatio
2029 1343 2111 1379 sa-

491 1419 810 1485 cerdotum,
843 1435 954 1489 quo
987 1435 1090 1472 nos
1117 1418 1293 1472 etiam
1327 1419 1424 1489 qui
1452 1420 1577 1473 loco
1607 1422 1800 1472 nostro
1824 1418 2107 1484 intersint,

493 1511 786 1567 divinitate
806 1511 1070 1582 propitia,
1104 1511 1439 1581 dirigemus,
1473 1529 1507 1566 a
1537 1511 1742 1582 quibus
1772 1511 2107 1566 satisfactio-

494 1622 628 1659 nem
649 1604 1038 1675 plenissimam
1069 1604 1338 1674 capiatis;
1374 1621 1445 1658 ne
1467 1605 1710 1675 amplius
1735 1604 1946 1658 animae
1973 1605 2108 1657 sim-

489 1680 664 1770 plices
713 1697 904 1750 divisae
963 1713 997 1750 a
1049 1700 1246 1750 sancta
1315 1697 1565 1752 Ecclesia
1636 1715 1740 1768 pro
1811 1697 2110 1768 superﬂuis

491 1790 898 1862 quaestionibus
943 1793 1064 1843 tam
1111 1791 1285 1860 longa
1323 1789 1704 1844 obstinatione
1746 1793 2107 1857 remaneant,

2209 585 2297 636 tas
2326 586 2512 636 vestra
2539 583 2838 653 torpuerit,
2882 600 3010 653 quae
3045 599 3151 637 nec
3197 581 3492 637 confricta
3543 581 3898 636 recalescit.

2212 675 2360 739 Quid
2389 675 2565 746 igitur
2589 675 2742 730 inter
2779 676 2902 730 haec
2928 675 3160 744 faciam,
3191 675 3302 730 nisi
3331 679 3398 730 ut
3431 691 3548 746 pro
3601 674 3790 729 vobis
3830 673 3902 728 ad

2208 768 2487 839 lacrymas
2509 767 2740 822 vertar?
2759 768 2904 832 Quia
2917 769 3072 823 enim
3089 770 3181 824 leo
3206 768 3453 840 rugiens
3485 767 3720 823 circuit
3743 785 3901 838 quaa-

2209 878 2343 915 rens
2378 877 2548 932 quem
2595 861 2829 916 devoret
2860 861 2910 932 (Ι
2939 863 3082 916 Petr.
3116 863 3193 932 v),
3242 861 3359 916 scio
3416 865 3480 916 et
3519 878 3634 916 vos
3665 864 3904 914 stantes

2211 959 2368 1008 extra
2397 955 2587 1008 caulas
2613 955 2804 1008 ovium
2833 953 3260 1026 (devorandos).
3295 956 3426 1009 Non
3460 955 3751 1026 demptis
3780 955 3899 1008 fru-

2211 1047 2391 1100 ctibus
2420 1047 2686 1117 palmites
2713 1047 2971 1114 attendo,
3005 1048 3106 1102 sed
3129 1047 3417 1102 abscissos
3439 1065 3476 1102 a
3510 1047 3736 1102 radice
3771 1046 3905 1100 vitis

2211 1141 2442 1210 aspicio.
2460 1141 2532 1194 Et
2549 1139 2820 1194 sudantes
2847 1157 2946 1195 vos
2969 1141 3267 1211 operarios
3293 1157 3505 1208 cerno,
3545 1141 3662 1194 sed
3684 1144 3903 1194 tamen

2208 1233 2470 1287 laborare
2491 1235 2648 1286 extra
2664 1233 2891 1287 vineam
2908 1250 3026 1288 non
3045 1233 3271 1304 ignoro.
3290 1236 3438 1289 Ecce
3455 1237 3737 1304 urgente
3759 1234 3904 1300 ﬁne,

2209 1329 2412 1379 cuncta
2429 1328 2742 1391 vastantur,
2762 1325 2835 1380 ad
2863 1326 3238 1380 solitudinem
3259 1331 3423 1381 terra
3445 1327 3796 1398 redigitur,
3824 1331 3908 1380 at-

2211 1417 2510 1489 que(utita
2522 1417 2782 1489 dixerim)
2802 1420 3056 1490 procella
3082 1419 3278 1474 diluvii
3295 1419 3610 1474 mundum
3639 1420 3903 1483 subruit,

2210 1515 2268 1564 et
2293 1514 2481 1564 vestra
2505 1511 2833 1565 fraternitas
2855 1529 3054 1566 arcam
3085 1512 3257 1583 fugit.
3295 1513 3446 1567 Cum
3485 1513 3783 1568 Jeremia
3830 1513 3908 1566 di-

2209 1620 2368 1658 cam:
2403 1604 2532 1669 Quis
2560 1605 2711 1658 dabit
2741 1608 2910 1674 capiti
2941 1621 3053 1659 meo
3085 1621 3289 1674 aquam
3315 1612 3368 1660 et
3399 1608 3592 1661 oculis
3620 1609 3774 1660 meis
3787 1609 3910 1674 fon-

2209 1701 2312 1750 tem
2339 1697 2699 1765 lacrymarum
2719 1697 2847 1768 (Jer.
2879 1697 2986 1766 1x);
3022 1701 3080 1752 et
3103 1715 3340 1752 rursum
3367 1716 3382 1753 :
3409 1700 3740 1754 Deducant
3767 1702 3912 1754 oculi

2208 1791 2381 1842 nostri
2443 1791 2729 1857 lacrymas,
2771 1795 2822 1844 et
2853 1791 3136 1860 palpebrae
3182 1797 3386 1846 nostra
3413 1792 3701 1860 deﬂuant
3747 1797 3912 1862 aquis

493 1859 598 1938 nec
641 1901 742 1954 per
787 1899 904 1949 vos,
948 1899 1090 1953 quos
1123 1881 1398 1936 dominici
1437 1883 1628 1953 gregis
1671 1883 1836 1937 decet
1864 1899 1985 1936 esse
2015 1859 2186 1953 pa-B
2211 1881 2423 1952 (Ibid.);
2464 1881 2650 1936 dicam
2689 1899 2820 1936 cum
2849 1859 3196 1937 illoiiterum
3233 1901 3247 1938 :
3297 1885 3550 1939 Plorabo
3588 1893 3648 1940 et
3690 1859 3915 1956 requie-

489 1979 690 2042 stores,
723 1992 855 2030 oves
879 1993 912 2030 a
932 1975 1104 2047 septis
1131 1975 1523 2030 ecclesiasticis
1544 1980 1848 2045 evagantes
1885 1975 2108 2047 rapacis

489 2073 607 2144 lupi
633 2072 898 2127 dentibus
923 2076 1357 2128 consumantur.

903 2215 1235 2272 EPISTOLA
1269 2216 1315 2269 V
1349 2215 1508 2287 [Olim
1540 2215 1690 2288 VH],

597 2335 714 2382 QUAE
740 2335 836 2375 EST
861 2335 1051 2374 TERTIA
1082 2335 1151 2373 AD
1177 2333 1338 2373 ELIAM
1361 2333 1422 2372 ET
1458 2333 1754 2373 EPISCOPOS
1793 2333 1998 2372 ISTRIAZ.

489 2423 666 2489 Hujus
693 2423 928 2492 epistolae
955 2421 1197 2492 meminit
1219 2420 1402 2486 beatus
1420 2419 1706 2492 Gregorius
1736 2420 1828 2473 lib.
1854 2435 1912 2486 ιι,
1951 2421 2102 2488 epist.

557 2496 645 2559 36,
683 2494 757 2547 ad
785 2495 1055 2561 episcopos
1095 2491 1384 2551 Hiberniae,
1423 2507 1585 2558 quam
1618 2491 1814 2543 librum
1844 2492 2104 2558 appellat.

554 2565 690 2617 Eam
715 2564 786 2616 ab
815 2563 996 2615 eodem
1023 2562 1172 2614 beato
1205 2561 1477 2626 Gregorio,
1500 2577 1618 2614 cum
1634 2561 1811 2614 adhuc
1831 2567 1966 2614 esset
1993 2561 2109 2614 dia-

557 2649 720 2688 conus
744 2634 1002 2700 scriptam
1016 2634 1188 2696 fuisse
1217 2635 1429 2684 nomine
1453 2633 1660 2697 Pelagii
1674 2647 1856 2699 papw,
1883 2636 2110 2684 testatur

553 2705 759 2758 Paulus
807 2703 1192 2768 Warnefridus
1230 2703 1324 2754 lib.
1357 2718 1415 2756 ω
1443 2703 1509 2755 de
1538 2703 1708 2758 Gestis
1734 2702 2110 2768 Langobardo-

553 2790 695 2835 rum,
723 2789 840 2842 cap.
874 2775 958 2836 10,
994 2773 1069 2824 al.
1095 2775 1182 2824 20.

556 2890 944 2946 Dilectissimis
985 2889 1276 2958 fratribus,
1319 2889 1473 2955 Eliee,
1528 2889 1615 2943 vel
1665 2889 1940 2944 universis
1987 2889 2104 2960 epi-

411 3037 424 3055 .,
487 2983 670 3054 scopis
710 2983 768 3036 in
811 2982 987 3036 Istrize
1035 2981 1291 3053 partibus
1324 2981 1666 3050 constitutis,
1697 2982 1961 3053 Pelagius
1995 2981 2107 3054 epi-

486 3093 708 3147 scopus.

557 3171 597 3224 Ι.
625 3169 904 3222 Virtutum
929 3169 1116 3220 mater
1144 3167 1391 3221 Charitas
1419 3169 1468 3239 (Ι
1485 3171 1604 3226 Cor.
1649 3167 1790 3240 xm),
1833 3184 1960 3239 quae
1996 3169 2103 3222 Be-

487 3261 800 3332 demptoris
822 3261 906 3313 sui
926 3259 1096 3314 lucris
1116 3260 1386 3327 serviens,
1413 3278 1538 3330 quae
1561 3277 1857 3331 nunquam
1889 3277 1957 3314 ea
1979 3277 2105 3331 quae

486 3371 588 3408 sua
619 3357 749 3408 sunt
775 3352 996 3424 quaerit,
1026 3351 1308 3406 desiderio
1328 3353 1621 3408 anhelanti
1647 3370 1738 3407 me
1757 3353 1982 3424 impulit
2009 3354 2108 3408 du-

486 3447 623 3501 dum
664 3443 1009 3500 fraternitati
1053 3449 1253 3498 vestra:
1305 3447 1478 3516 plena
1535 3445 1850 3510 dulcedinis
1899 3446 2108 3516 scripta

485 3538 893 3605 transmittere,
923 3554 1048 3608 quin
1075 3537 1356 3607 disjuncta
1380 3537 1476 3591 diu
1497 3538 1717 3609 possint
1748 3555 1848 3592 suo
1880 3537 2108 3608 corpori

483 3631 685 3686 Christi
703 3631 962 3685 membra
973 3631 1278 3684 sociare.ln
1295 3630 1498 3701 quibus
1513 3632 1639 3701 plus
1651 3631 1912 3702 precibus
1933 3647 2106 3701 quam

485 3724 720 3780 monitis
743 3725 1004 3794 loquens,
1024 3723 1231 3777 affectu
1255 3740 1366 3794 quo
1389 3723 1556 3791 valui,
1577 3723 1861 3778 exhortari
1896 3723 2105 3791 curavi,

489 3819 552 3872 ut
589 3833 732 3888 quos
779 3820 942 3887 aptos
975 3815 1345 3870 discutienda:
1379 3815 1591 3870 rationi
1617 3816 1970 3888 prmviderit,
1997 3817 2108 3872 huc

485 3909 722 3964 Dilectio
748 3910 937 3962 vestra
967 3906 1260 3978 dirigeret,
1291 3911 1573 3978 quatenus
1600 3907 1658 3962 in
1685 3909 1860 3963 trium
1883 3909 2100 3981 capitu-

486 4003 677 4057 lorum
707 3999 960 4070 negotio,
1003 4000 1090 4053 vel
1121 4016 1362 4071 qumque
1395 4005 1589 4071 aperta
1633 4005 1765 4056 sunt
1805 4020 2110 4075 cognosce-

490 4098 640 4160 rent,
671 4094 758 4147 vel
779 4109 1021 4163 quaeque
1048 4093 1240 4146 forsan
1263 4093 1502 4148 obscura
1520 4095 1869 4163 viderentur,
1889 4097 2011 4151 haec
2029 4097 2110 4151 eis

491 4185 716 4242 collatio
748 4185 994 4256 pacificee
1021 4184 1353 4240 intentionis
1383 4186 1656 4258 aperiret:
1684 4188 1922 4254 tandem
1958 4190 2104 4244 Dile—

491 4279 694 4334 ctionis
739 4281 936 4332 vestrm
988 4278 1195 4349 scripta
1253 4279 1493 4350 suscepi,
1545 4296 1671 4350 quas
1719 4298 1835 4335 non
1872 4284 2111 4338 rationis

491 4388 689 4427 causas
719 4374 1061 4441 quaererent,
1098 4371 1197 4425 sed
1233 4371 1547 4425 deliberata
1585 4373 1739 4442 apud
1781 4390 1880 4428 vos
1905 4375 2112 4444 judicii

493 4463 778 4520 sententia
803 4464 1174 4535 imperarent.
1205 4465 1318 4518 Iloc
1351 4468 1542 4518 autem
1575 4465 1728 4535 quod
1763 4483 1862 4521 vos
1898 4469 2110 4525 audere

494 4563 563 4618 de
577 4568 762 4616 vestra
777 4557 1059 4629 sapientia
1070 4557 1254 4622 video,
1277 4558 1478 4624 fateor,
1499 4557 1698 4613 dolens
1713 4559 1912 4628 miror;
1926 4565 1983 4616 et
1996 4563 2113 4633 qui-

494 4657 624 4712 dem
652 4673 755 4728 per
784 4653 1052 4726 epistolas
1073 4652 1352 4720 exempla,
1378 4653 1439 4704 ut
1466 4657 1624 4721 puto,
1650 4653 1902 4707 ostendit
1919 4655 2109 4710 humi-

493 4751 686 4818 litatis,
711 4747 924 4804 amoris
946 4745 1234 4816 specimen
1255 4743 1489 4814 praebui.
1515 4744 1628 4798 Sed
1648 4745 1784 4800 dum
1799 4747 1935 4801 nihil
1960 4749 2113 4820 apud

493 4863 591 4900 vos
611 4842 800 4914 reperi
831 4835 1241 4894 admonitionis
1267 4852 1412 4889 mem
1437 4837 1612 4890 verba
1637 4839 1934 4908 proficere,
1967 4842 2114 4896 ﬂens

496 4951 844 5011 gemensque
867 4949 994 4988 cum
1018 4929 1302 5002 propheta
1325 4945 1501 4999 cogor
1531 4931 1848 4986 exclamare
1879 4950 1890 4988 :
1938 4934 2110 4990 Cura-

493 5035 666 5087 vimus
704 5028 1046 5095 Babylonem,
1075 5027 1126 5078 et
1160 5039 1268 5076 non
1297 5027 1375 5076 est
1405 5028 1603 5077 sanata
1649 5021 1774 5094 (Jer.
1794 5028 1884 5094 L1).
1915 5027 2112 5097 Ignem

497 5125 776 5196 quantum
815 5117 963 5172 valui
1009 5115 1302 5172 charitatis
1342 5115 1598 5182 accendi,
1649 5120 1707 5170 et
1755 5121 1930 5174 tantae
1987 5121 2116 5175 scis-

500 5215 673 5270 sionis
699 5228 931 5266 exurere
960 5209 1284 5280 rubiginem
1311 5209 1492 5275 volui;
1531 5209 1630 5262 sed
1661 5209 1960 5282 impletam
1988 5232 2114 5286 pro-

501 5310 688 5380 phetae
715 5304 1058 5358 sententiam
1091 5301 1334 5374 peccatis
1374 5302 1730 5373 exigentibus
1772 5305 1984 5375 inveni,
2018 5309 2116 5380 qui

502 5401 615 5455 ait:
647 5401 872 5454 Frustra
899 5398 1143 5464 conﬂavit
1174 5398 1450 5464 con/lator,
1481 5399 1660 5451 scoriae
1689 5399 1805 5466 ejus
1847 5415 1955 5454 non
1987 5407 2118 5457 sunt

500 5496 826 5563 consumptae
846 5490 967 5558 (Jer.
999 5490 1093 5558 1v).
1126 5490 1288 5543 Nulla
1307 5489 1364 5542 in
1393 5491 1678 5562 rescriptis
1720 5490 1960 5548 ﬂamma
1989 5495 2118 5550 cha-

501 5587 684 5642 ritatis
713 5583 998 5656 aspicitur,
1023 5583 1237 5636 nullam
1257 5583 1341 5634 vel
1363 5587 1490 5652 post
1511 5586 1839 5656 exemplum
1862 5587 2114 5643 dulcedi-

501 5697 636 5737 nem
652 5678 917 5734 redolent
935 5676 993 5730 in
1023 5673 1240 5728 cunctis
1254 5674 1366 5726 suis
1393 5677 1770 5746 sermonibus,
1799 5679 1939 5734 nihil
1963 5683 2117 5752 quod

500 5776 573 5831 ad
604 5788 807 5846 pacem
847 5767 1162 5840 perVeniat,
1213 5769 1394 5820 sonat.
1443 5769 1704 5836 Pensate,
1750 5788 1962 5843 quaeso,
2008 5777 2117 5831 hoc

498 5868 672 5940 (quod
697 5865 887 5918 dicere
906 5858 1014 5912 nisi
1036 5856 1287 5930 singultu
1310 5857 1760 5932 interrumpente
1794 5883 1909 5920 non
1931 5869 2114 5936 valeo)

2204 1975 2522 2038 scam.Quia
2551 1975 2707 2029 enim
2737 1975 2994 2046 quietem
3024 1977 3352 2032 concordiae
3375 1977 3441 2031 in
3460 1981 3687 2034 vestro
3731 1978 3912 2034 corde

2207 2084 2324 2122 non
2342 2067 2764 2134 invenio,fessae
2781 2069 2961 2123 menti
2984 2070 3269 2140 lacrymas
3283 2073 3512 2125 sterno.
3543 2071 3714 2136 Qum
3748 2074 3911 2127 enim

2204 2161 2322 2214 mei
2351 2160 2580 2231 spiritus
2600 2161 2829 2231 requies
2855 2179 2977 2215 esse
3009 2165 3221 2234 potest,
3254 2163 3301 2216 si
3331 2163 3406 2217 ab
3442 2166 3708 2220 occulto
3736 2167 3913 2220 hoste

2206 2251 2482 2306 inﬂictum
2511 2255 2714 2308 vulnus
2733 2255 2956 2308 mederi
2984 2271 3101 2310 non
3124 2256 3366 2326 potest?
3392 2258 3552 2311 Ecce
3573 2258 3646 2312 in
3678 2260 3917 2314 cunctis

2206 2346 2404 2400 mundi
2419 2347 2674 2416 partibus
2693 2349 2889 2402 sancta
2911 2350 2970 2401 et
2987 2348 3330 2402 universalis
3347 2350 3636 2406 Ecclesia
3650 2353 3915 2406 unitatis

2207 2455 2322 2492 sum
2348 2439 2525 2492 radiis
2550 2439 2750 2510 fulget,
2786 2439 2886 2493 sed
2906 2444 3105 2495 tamen
3137 2441 3330 2496 adhuc
3360 2443 3678 2500 umbram
3701 2449 3920 2501 vestra:

2207 2531 2497 2585 divisionis
2523 2531 2783 2586 sustinet.
2815 2533 3039 2604 Ubique
3066 2534 3126 2588 in
3165 2534 3302 2588 ﬁdei
3355 2539 3524 2590 statu
3557 2539 3914 2608 perdurat;

2208 2623 2306 2678 sed
2319 2624 2573 2694 gaudere
2589 2641 2719 2678 eam
2741 2624 2811 2678 de
2841 2643 2945 2679 sua
2957 2629 3140 2681 salute
3156 2627 3441 2698 prohibet
3453 2631 3729 2699 vulnus,
3755 2633 3916 2704 quod

2207 2716 2277 2770 de
2308 2721 2494 2770 vestra
2515 2717 2860 2772 abscissione
2882 2719 3112 2773 tolerat.
3128 2721 3330 2790 Neque
3359 2721 3537 2776 enim
3565 2741 3816 2780 sanum
3835 2744 3919 2780 ca-

2205 2812 2309 2879 put
2330 2809 2578 2863 brachiis
2599 2811 2970 2865 mcerentibus
2993 2811 3244 2882 gaudet;
3273 2830 3386 2868 nec
3414 2832 3481 2868 se
3513 2818 3722 2887 quasi
3756 2819 3916 2874 inco-

2205 2903 2362 2955 lume
2393 2919 2513 2956 esse
2533 2907 2728 2973 pectus
2742 2904 2986 2971 lintatur,
3009 2921 3141 2959 cum
3159 2906 3589 2976 subjectorum
3605 2913 3919 2966 viscerum

2207 2995 2498 3049 doloribus
2525 2996 2781 3066 tangitur
2804 3013 2817 3062 ;
2852 3000 2974 3050 tota
3004 3014 3258 3068 namque
3282 3002 3572 3072 corporis
3600 3022 3918 3078 compago

2207 3088 2470 3155 afﬁcitur,
2494 3087 2536 3141 si
2559 3105 2690 3159 pars
2712 3088 2835 3158 ejus
2851 3091 2936 3143 vel
2961 3094 3223 3145 extrema
3240 3093 3918 3170 laceratur.Quidquid

2207 3196 2344 3250 ergo
2368 3184 2452 3234 est
2473 3181 2626 3251 quod
2647 3181 2819 3235 aliam
2843 3183 2965 3252 pati
2986 3183 3181 3250 sentit,
3206 3184 3266 3238 in
3281 3202 3347 3240 se
3379 3187 3744 3246 harmonia
3784 3193 3918 3248 chao

2206 3273 2388 3326 ritatis
2415 3273 2669 3336 attrahit,
2699 3274 2875 3328 Paulo
2904 3278 3242 3344 attestante,
3262 3278 3364 3348 qui
3400 3279 3495 3334 ait
3526 3298 3542 3336 :
3589 3287 3673 3339 Et
3707 3289 3768 3340 si
3788 3286 3921 3355 quid

2198 3368 2414 3434 patitur
2436 3382 2604 3419 unum
2627 3367 2941 3429 membrum,
2971 3372 3390 3439 compatiuntur
3401 3380 3632 3431 caetera
3661 3380 3920 3434 membra

2207 3458 2258 3528 (Ι
2281 3461 2397 3515 Cor.
2416 3458 2510 3526 x1).
2532 3459 2644 3512 Nos
2670 3458 2863 3529 itaque
2887 3477 3104 3527 sumus,
3135 3461 3237 3532 qui
3258 3467 3465 3519 vestro
3502 3467 3745 3526 dolore
3770 3475 3922 3525 tran-

2207 3550 2485 3620 sllgimur,
2522 3567 2626 3605 nos
2644 3551 2958 3621 quivestris
2989 3553 3367 3609 scissionibus
3387 3565 3921 3619 secamur.Tanto

2206 3643 2380 3712 igitur
2411 3643 2637 3698 damnis
2664 3645 2864 3698 vestris
2884 3645 3097 3700 festina
3134 3646 3432 3704 debemus
3477 3658 3921 3713 consolatione

2208 3752 2556 3804 succurrere,
2594 3740 2808 3808 quanto
2842 3754 2928 3808 ea,
2960 3755 3065 3810 per
3105 3741 3476 3798 charitatem
3528 3749 3840 3820 cogimur
3867 3753 3922 3804 ut

2209 3833 2402 3882 nostra
2428 3828 2659 3883 sentire.
2694 3831 2838 3883 Nam
2876 3829 2985 3884 etsi
3018 3830 3256 3887 differre
3296 3834 3578 3894 forsitan
3611 3843 3922 3906 volumus,

2208 3937 2468 3992 superna
2498 3921 2906 3993 increpationis
2932 3940 3070 3978 voce
3098 3929 3425 3996 terremur,
3467 3947 3622 4002 qua:
3663 3935 3926 4008 ignavos

2207 4019 2464 4085 pastores
2495 4013 2797 4086 increpans
2813 4015 2984 4071 dicit:
3011 4019 3166 4084 Quod
3190 4022 3454 4086 fractum
3494 4034 3661 4093 erat,
3696 4047 3824 4086 non
3858 4034 3926 4084 a1-

2209 4108 2440 4174 ligastis,
2465 4113 2514 4162 et
2534 4108 2679 4178 quod
2699 4109 2970 4177 abjectum
2994 4127 3106 4165 non
3132 4113 3478 4180 reduxistis,
3525 4127 3586 4175 et
3620 4125 3799 4192 quod
3804 4141 3924 4195 per-

2209 4201 2382 4254 ditum
2407 4217 2511 4254 non
2539 4204 2823 4270 quaesistis.
2856 4201 2914 4257 Si
2943 4202 3177 4258 differre
3201 4207 3519 4278 volumus,
3566 4213 3926 4272 indiscreta»

2212 4292 2556 4347 inventionis
2571 4293 3080 4366 increpamur,qua
3093 4313 3202 4368 per
3216 4301 3615 4371 prophetam
3632 4309 3930 4365 Dominus

2213 4385 2349 4440 dicit
2371 4402 2384 4441 :
2411 4388 2692 4456 Numquid
2711 4391 2895 4443 resina
2916 4405 3026 4443 non
3043 4395 3124 4444 est
3147 4394 3208 4445 in
3221 4391 3486 4459 Galaad,
3526 4409 3644 4458 aut
3675 4407 3930 4459 medie";

2210 4495 2315 4533 non
2343 4485 2418 4534 est
2450 4481 2564 4534 ibi?
2586 4481 2762 4546 Quare
2787 4497 2910 4549 ergo
2938 4499 3049 4536 non
3080 4489 3160 4538 est
3190 4486 3446 4544 obducta
3492 4496 3775 4552 cicatrix
3812 4502 3932 4569 ﬁlix

2131 4580 2190 4652 ι)
2206 4574 2402 4642 populi
2427 4575 2532 4628 mei
2557 4573 2764 4644 (Ezech.
2801 4575 3029 4646 xxxnv)?
3076 4576 3228 4640 Quid
3263 4581 3436 4636 enim
3468 4601 3598 4656 per
3627 4593 3931 4659 resinam,

2213 4683 2339 4737 quae
2373 4667 2700 4720 fomentum
2725 4667 2876 4737 ignis
2910 4671 3016 4736 est,
3061 4685 3192 4741 quae
3235 4675 3297 4726 et
3340 4673 3408 4728 in
3463 4692 3928 4741 ornamentum

2212 4756 2420 4812 domus
2443 4775 2737 4813 marmora
2760 4759 3036 4832 dissipata
3079 4763 3420 4837 conjungit,
3478 4772 3618 4829 nisi
3671 4779 3934 4834 Charitas

2213 4849 2584 4921 designatur?
2613 4851 2752 4916 Quae
2781 4853 2912 4906 etin
2940 4869 3143 4910 amore
3176 4857 3364 4913 corda
3392 4870 3777 4938 succendit,
3810 4878 3930 4927 etut

2213 4946 2469 4997 sanctam
2495 4944 2805 4999 Eeclcsiam
2843 4947 3082 5001 unitatis
3122 4957 3502 5011 ornamento
3561 4972 3931 5038 componat.

2214 5035 2504 5091 discordes
2534 5037 2836 5092 hominum
2861 5043 3090 5095 mentes
3116 5059 3226 5112 per
3253 5045 3425 5115 pacis
3455 5049 3532 5105 in
3565 5071 3640 5110 se
3669 5035 3932 5114 studium

2214 5129 2390 5199 ligat?
2415 5129 2563 5193 Quid
2593 5147 2697 5201 per
2722 5131 2958 5200 Galaad,
2983 5151 3113 5204 quin
3145 5152 3398 5193 acervus
3432 5144 3820 5208 testimonii
3867 5156 3937 5207 in.

2213 5224 2581 5292 terpretatur,
2609 5223 2719 5278 nisi
2740 5225 2798 5278 in
2825 5225 3139 5298 Scripturaa
3173 5246 3358 5286 sacrae
3401 5236 3840 5302 altitudinem
3868 5247 3936 5300 in-

2216 5331 2449 5370 numera
2465 5317 2882 5372 sententiarum
2895 5318 3154 5376 densitas
3171 5322 3361 5380 dicit?
3388 5327 3568 5392 Quid
3583 5340 3934 5408 pel-medici

2214 5409 2572 5476 vocabulum,
2605 5410 2714 5464 nisi
2743 5412 3140 5484 unusquisque
3161 5417 3558 5486 praedicator
3578 5429 3612 5482 ’ἶ
3647 5430 3819 5497 Quid
3847 5451 3935 5506 per

2217 5518 2332 5554 non
2349 5501 2653 5556 obductam
2673 5504 2803 5558 ﬁlia:
2824 5505 3172 5577 cicatricem,
3199 5509 3314 5564 nisi
3335 5516 3535 5588 culpa
3559 5524 3788 5594 plebis
3812 5501 3932 5583 θξιιε

2217 5594 2318 5648 Dei
2339 5596 2530 5650 oculos
2563 5596 2714 5651 nuda
2733 5601 3093 5654 monstratur
3110 5601 3139 5655 ‘l
3173 5603 3399 5661 Resina
3423 5625 3598 5684 ergo
3633 5619 3708 5674 in
3733 5620 3931 5677 Galaad

2217 5685 2462 5742 defuisse
2494 5689 2923 5759 convincitur,si
2940 5709 3048 5763 pro
3073 5697 3460 5757 ostendenda
3483 5711 3934 5782 veritate,cum

2216 5783 2370 5835 tanta
2397 5781 2587 5836 adsint
2615 5781 2922 5854 Scripturae
2946 5801 3122 5842 sacrae
3137 5790 3536 5868 testimonia,
3568 5781 3930 5864 associgndo

2215 5889 2314 5928 vos
2339 5878 2550 5929 sanctae
2570 5876 2852 5942 Ecclesiae,
2876 5895 3256 5953 nequaquam
3293 5885 3494 5960 digne
3523 5899 3799 5960 ardoris
3825 5906 3934 5958 Cha.
