3994 6402
113 372 219 424 ’717

1387 370 1723 427 ΕΡΙΞΤΟῙΑΞ
1761 369 1846 426 ΕΤ
1883 369 2210 426 DECRETA.

3379 374 3480 426 718

108 478 242 531 ritas
271 474 623 546 exhibetur;
653 480 708 532 et
731 476 883 532 velut
903 477 1132 532 absente
1162 479 1379 534 medico
1391 480 1620 534 cicatrix
1641 496 1754 534 non
1775 492 1834 564 Α
1854 479 2012 533 disti:
2046 479 2191 532 nihil
2220 493 2448 549 prorsus
2473 477 2540 532 de
2570 477 2714 532 bene
2742 477 3062 548 compositis
3089 480 3477 533 rcctractetur.

109 571 438 636 obducitur,
469 569 532 624 in
558 571 947 625 exhortatione
980 577 1252 640 cessante,
1280 577 1450 626 tantae
1477 573 1756 626 scissionis

111 664 274 732 culpa
295 663 462 716 nullo
479 663 756 717 velamine
779 664 1166 734 subsequentis
1191 665 1342 734 pacis
1361 666 1628 735 operitur.
1649 667 1754 720 Sed

104 757 222 826 jam
249 762 490 826 tempus
523 763 627 824 est,
673 757 792 826 ipsa
829 774 931 810 nos
977 758 1398 828 susceptionum
1442 765 1753 812 vestrarum

110 850 348 902 vulnera
368 849 634 919 tangere,
665 850 855 920 eisque
876 855 1101 904 auctore
1133 851 1242 904 Deo
1266 851 1640 906 medicamina
1663 869 1754 922 pa-

111 943 326 996 tefactae
358 941 620 996 veritatis
649 943 939 997 adhibere.

181 1035 359 1088 ll.Per
373 1051 443 1087 ea
455 1051 586 1105 quae
603 1033 711 1104 piae
723 1036 1010 1089 memoriae
1025 1035 1321 1090 Iustiniani
1335 1035 1602 1106 principis
1617 1040 1754 1090 tem-

112 1127 338 1199 poribus
377 1131 507 1180 acta
525 1132 678 1196 sunt,
711 1127 1036 1182 fraternitas
1078 1133 1261 1181 vestra
1290 1129 1605 1198 suspicatur
1631 1146 1753 1182 san-

111 1225 255 1274 ctam
267 1219 796 1274 Chalcedonensem
810 1221 1087 1290 synodum
1103 1221 1274 1274 fuisse
1289 1223 1631 1276 convulsam.
1646 1222 1750 1276 Sed

110 1314 248 1367 absit
273 1313 381 1366 hoc
395 1313 766 1366 aChristiano
795 1330 986 1383 opere,
1004 1313 1362 1367 aChristiana
1387 1314 1746 1385 cogitatione.

109 1408 167 1458 In
181 1406 302 1475 ipsa
318 1405 544 1476 quippe
569 1405 813 1472 Nica'ena,
831 1407 1465 1476 Constantinopolitana,
1485 1424 1547 1460 ac
1568 1407 1751 1477 prima

111 1498 352 1568 synodus
380 1497 670 1568 Ephesina
696 1497 917 1551 ﬁrmata
937 1503 1020 1552 est
1036 1516 1052 1567 ;
1084 1505 1139 1552 et
1163 1499 1416 1570 quisquis
1443 1500 1600 1552 illam
1627 1517 1750 1570 par-

110 1598 220 1644 tem
235 1590 428 1660 aliqua
453 1591 770 1644 convellere
797 1591 1015 1660 nititur,
1038 1591 1160 1644 illas
1179 1591 1453 1645 nimirum
1472 1592 1745 1659 funditus,

115 1701 236 1754 quae
265 1699 370 1754 per
397 1683 552 1737 hanc
594 1683 829 1737 ﬁrmatae
864 1689 1012 1752 sunt,
1042 1683 1327 1738 destruere
1362 1690 1616 1738 conatur.
1646 1685 1748 1739 Cui

113 1776 416 1846 suspicioni
439 1776 502 1830 in
533 1777 755 1846 scriptis
782 1777 978 1830 vestris
1003 1794 1071 1831 ex
1110 1777 1286 1830 sancti
1323 1778 1746 1848 praedecessoris

1856 572 2129 628 Ultimum
2152 589 2280 625 vero
2306 589 2339 624 a
2365 571 2518 624 vobis
2550 572 2782 642 ponitur
2809 570 3214 637 testimonium,
3242 571 3395 641 quod
3421 571 3480 626 in

1853 665 2028 735 priori
2055 665 2176 735 ejus
2225 665 2486 736 epistola,
2535 665 2604 718 de
2643 682 2756 736 qua
2794 665 2972 717 multa
3005 664 3129 734 jam
3158 665 3481 719 testimonia

1853 758 2067 828 prolata
2084 760 2324 826 fuerant,
2365 758 2703 826 continetur,
2729 758 2981 828 primum
3019 757 3226 811 dicitur
3255 759 3432 828 (Ibid.)
3459 775 3473 811 :

1853 851 1985 913 Quae
2005 851 2125 920 jam
2152 851 2430 922 patefacta
2461 855 2593 903 sunt
2617 866 2893 920 quaerere,
2915 866 3040 920 quae
3069 850 3317 919 perfecta
3347 855 3479 904 sunt

1852 948 2172 1010 retractare,
2187 949 2242 997 et
2262 960 2389 1014 quae
2409 949 2540 996 sunt
2557 943 2787 997 deﬁnita
2804 943 3137 1011 convellere,
3159 943 3294 1012 quid
3322 942 3476 996 aliud

1853 1041 1954 1104 est,
1983 1053 2156 1106 quam
2181 1037 2248 1091 de
2287 1037 2503 1106 adeptis
2532 1038 2772 1106 gratiam
2801 1053 2915 1090 non
2942 1036 3173 1105 referre,
3203 1040 3260 1090 et
3287 1036 3357 1088 ad
3382 1036 3472 1089 in-

1853 1128 2102 1182 terdictas
2127 1129 2342 1183 arboris
2393 1129 2585 1183 cibum
2633 1129 2918 1200 improbos
2968 1128 3248 1200 appetitus
3274 1129 3474 1182 morti-

1850 1221 1986 1275 ferae
2027 1221 2348 1292 cupiditatis
2395 1222 2695 1276 extendere
2721 1224 2747 1276 ?
2789 1223 2917 1275 Haec
2964 1226 3114 1289 sunt,
3145 1221 3346 1275 fratres
3396 1221 3476 1274 di-

1850 1314 2153 1382 lectissimi,
2181 1331 2308 1385 quae
2343 1315 2492 1368 beati
2535 1315 2734 1368 Leonis
2773 1315 2842 1368 ad
2871 1315 3113 1368 Leonem
3158 1313 3473 1384 principem

1849 1407 2020 1461 verba
2063 1408 2365 1478 posuistis;
2420 1425 2550 1479 quae
2579 1409 2840 1462 videlicet
2879 1407 2950 1461 ab
2982 1424 3047 1461 eo
3078 1424 3178 1477 pro
3222 1407 3472 1462 custodia

1847 1499 2075 1555 illibatae
2119 1501 2268 1570 ﬁdei,
2322 1518 2437 1555 non
2481 1507 2672 1555 autem
2709 1518 2812 1570 pro
2860 1501 3039 1554 causis
3077 1500 3466 1570 episcoporum

1848 1593 2196 1663 specialibus,
2224 1611 2352 1664 quae
2377 1595 2526 1664 apud
2553 1595 2959 1650 Lhalcedoncm
2990 1598 3159 1664 gestae
3181 1599 3330 1662 sunt,
3347 1611 3470 1664 pro-

1844 1685 2124 1741 feruntur.
2155 1687 2293 1740 Nam
2323 1687 2454 1757 quia
2494 1704 2596 1758 pro
2623 1687 2796 1742 solius
2825 1687 2957 1740 ﬁdei
2994 1687 3328 1740 intemerata
3367 1687 3467 1739 ob-

1845 1779 2152 1833 servatione
2183 1779 2406 1847 dixerit,
2428 1781 2780 1850 pensandum
2811 1785 2894 1834 est
2922 1779 2981 1834 in
3011 1779 3207 1834 eadem
3237 1779 3470 1849 cpistola

111 1869 282 1923 nostri
309 1869 518 1923 Leonis
544 1869 793 1940 epistolis
817 1887 880 1923 ac
906 1869 1167 1940 encycliis
1196 1869 1511 1923 testimonia
1540 1871 1744 1940 adjun-
1765 1869 1822 1941 Β
1846 1871 1980 1942 quid
2007 1871 2316 1942 praemisit;
2345 1872 2422 1926 ait
2452 1873 2624 1942 enim,
2652 1874 2723 1927 ad
2748 1873 3010 1927 eumdem
3041 1871 3361 1942 principem
3392 1872 3468 1926 lo-

113 1963 260 2032 gitis,
279 1965 342 2015 ut
356 1962 662 2032 prmfatam
681 1967 930 2016 sanctam
943 1963 1453 2017 Chalcedonensem
1471 1964 1746 2034 synodum

109 2056 376 2109 illibatam
395 2055 608 2110 debere
633 2055 918 2110 observari
933 2059 1296 2110 monstretur.
1329 2056 1465 2119 Quae
1489 2057 1742 2127 quidem,

110 2148 306 2201 fratres
354 2148 700 2214 charissimi,
733 2166 802 2202 ex
848 2148 1038 2218 paucis
1065 2149 1313 2218 epistolis
1359 2155 1582 2219 sumpta
1611 2167 1742 2220 per-

111 2241 283 2294 mixto
309 2241 518 2296 ordine
541 2242 886 2312 confusoque
906 2241 1186 2311 posuistis,
1209 2245 1274 2294 ut
1298 2241 1434 2296 dum
1453 2243 1746 2312 interjecta

110 2335 211 2387 alia
230 2334 486 2404 epistola,
529 2335 603 2388 ad
640 2335 748 2388 alia
773 2334 974 2405 prioris
1009 2335 1263 2405 epistolae
1294 2335 1460 2389 verba
1503 2335 1742 2389 recurri-

111 2431 218 2493 tur,
243 2427 402 2498 quasi
434 2443 512 2481 ex
539 2427 734 2480 multis
763 2427 1017 2496 epistolis
1049 2428 1265 2496 prolata
1295 2427 1642 2482 viderentur.
1676 2430 1742 2482 Et

113 2520 261 2573 valde
292 2520 600 2589 miramur,
629 2537 732 2574 cur
768 2519 1087 2573 fraternitas
1114 2525 1293 2574 vestra
1323 2520 1392 2573 de
1432 2525 1547 2574 tam
1579 2521 1744 2592 [sicut

112 2612 367 2685 diximus)
401 2613 602 2683 paucis
631 2612 879 2684 epistolis
908 2629 1022 2666 non
1052 2630 1234 2683 pauca
1260 2613 1582 2683 sumpserit,
1611 2631 1742 2668 cum

114 2709 318 2759 constet
361 2707 520 2777 quod
569 2707 637 2760 de
677 2711 882 2760 sanctas
912 2707 1375 2760 Chalcedonensis
1402 2707 1601 2776 synodi
1626 2707 1738 2760 illi-

113 2797 232 2851 bata
251 2799 621 2853 veneratione
647 2802 704 2853 et
717 2799 1199 2869 praedecessorum
1221 2803 1543 2853 nostrorum
1565 2817 1742 2854 asser-

113 2891 184 2943 tio
224 2891 554 2960 innumera,
601 2896 658 2946 et
703 2893 1013 2945 multorum
1055 2893 1285 2946 Patrum
1328 2909 1628 2946 consensus
1681 2893 1739 2947 in

113 2985 386 3054 encycliis,
433 2985 598 3056 quasi
646 2985 909 3056 quaedam
944 3000 1000 3039 se
1048 2986 1280 3055 mundo,
1327 2987 1489 3040 nobis
1536 2985 1740 3041 infudit

119 3073 328 3147 [Forsan
357 3077 641 3132 sumendo
687 3079 786 3132 lux
839 3078 1050 3132 mundo
1096 3095 1152 3133 se
1183 3095 1240 3134 n.
1274 3079 1424 3150 inf.).
1473 3080 1578 3134 Sed
1605 3080 1740 3150 quia

113 3185 326 3241 semper
351 3171 761 3226 dictandiordo
791 3176 944 3225 tanta
973 3171 1200 3226 sibimet
1225 3172 1574 3228 connexione
1611 3174 1738 3227 sub-

1845 1981 2022 2034 quens
2052 1963 2265 2035 (Ibid.):
2299 1965 2477 2035 Supra
2497 1982 2690 2020 curam
2713 1983 2903 2019 rerum
2935 1965 3332 2034 temporalium
3384 1981 3469 2018 re-

1845 2057 2062 2127 ligiosae
2110 2057 2476 2127 providentiae
2526 2059 2864 2112 famulatum
2890 2057 3090 2112 divinis
3138 2060 3195 2110 et
3239 2057 3468 2110 aeternis

1845 2141 2298 2216 dispositionibus
2341 2152 2764 2216 perseveranter
2791 2145 3134 2216 impenditis,
3168 2148 3229 2197 ut
3263 2145 3471 2198 scilicet

1843 2239 2112 2292 catholica
2140 2239 2298 2305 ﬁdes,
2329 2256 2454 2310 quae
2493 2240 2810 2293 humanum
2856 2255 3032 2309 genus
3057 2237 3176 2292 sola
3208 2237 3466 2305 viviﬁcat,

1843 2331 1957 2384 sola
1985 2331 2307 2400 sanctiﬁcat,
2353 2333 2415 2386 in
2459 2349 2575 2387 una
2623 2332 2966 2386 confessione
3005 2335 3332 2402 permaneat
3365 2347 3382 2398 ;
3415 2333 3470 2384 et

1842 2423 2208 2478 dissensiones
2225 2441 2350 2495 quae
2375 2425 2443 2479 de
2473 2429 2824 2479 terrenarum
2854 2423 3187 2495 opinionum
3201 2422 3468 2476 varietate

1841 2522 2168 2587 nascuntur,
2197 2535 2228 2570 a
2259 2518 2537 2572 soliditate
2579 2517 2729 2571 illius
2765 2523 2958 2588 petrae,
2989 2533 3157 2587 supra
3183 2531 3357 2592 quam
3385 2514 3464 2568 ci-

1841 2613 1976 2667 vitas
2001 2614 2096 2668 Dei
2123 2614 2448 2683 aediﬁcatur,
2483 2615 2804 2685 abigantur.
2825 2614 2897 2683 (Si
2925 2613 3098 2684 igitur
3127 2613 3318 2681 ﬁdem,
3346 2612 3462 2666 fra-

1839 2711 1950 2761 tres
1993 2708 2323 2776 charissimi,
2353 2708 2412 2762 in
2451 2709 2666 2763 cunctis
2719 2708 2915 2762 mundi
2945 2707 3196 2778 partibus
3233 2721 3350 2760 uno
3401 2721 3465 2758 ac

1839 2799 2016 2854 solido
2042 2806 2186 2854 statu
2213 2801 2402 2872 vigere
2428 2817 2542 2854 non
2581 2801 2905 2868 cerneretis,
2937 2801 3269 2854 convulsum
3293 2798 3461 2870 quid-

1839 2909 2011 2964 quam
2037 2893 2105 2948 de
2133 2900 2328 2948 sancta
2354 2895 2786 2948 Chalcedonensi
2814 2894 3025 2964 synodo
3064 2898 3212 2947 recte
3245 2892 3461 2946 dicere-

1839 2986 1929 3040 tis.
1964 2989 2036 3040 Αἰ
2070 2991 2366 3059 postquam
2396 2988 2537 3042 nihil
2579 3003 2730 3042 nunc
2757 2987 2913 3041 aliud
2959 2985 3065 3040 nisi
3101 2985 3169 3040 de
3198 2984 3456 3056 personis

1835 3080 2045 3152 agitur,
2078 3081 2221 3134 nihil
2271 3081 2340 3136 de
2376 3086 2565 3136 sancta
2615 3079 3078 3135 Chalcedonensis
3110 3079 3307 3150 synodi
3352 3078 3462 3132 ﬁde

1837 3173 2107 3244 quaeritis,
2134 3173 2523 3228 auctoritatem
2543 3177 2769 3244 patrum
2796 3172 2956 3244 quasi
2982 3171 3269 3243 sequendo
3299 3170 3464 3226 decli-

106 3239 381 3334 juaigitur,
403 3271 470 3320 ut
496 3270 554 3319 et
568 3265 943 3335 praecedentia
968 3265 1438 3336 subsequentibus
1467 3267 1732 3335 serviant,
1757 3239 1810 3313 Ο
1834 3239 1973 3320 nati.
2005 3239 2255 3337 Namque
2284 3271 2350 3320 ut
2386 3239 2584 3320 iisdem
2623 3239 2832 3320 beatus-
2847 3266 2956 3320 Leo
3003 3239 3338 3333 ostenderet,
3366 3280 3457 3319 re-

113 3362 163 3410 et
190 3359 590 3429 subsequentia
613 3375 680 3412 ex
705 3358 1151 3428 praecedentibus
1167 3360 1612 3429 suspendantur:
1639 3377 1734 3416 eo-

113 3465 233 3504 rum
271 3468 504 3506 sensum
533 3469 662 3523 quae
689 3453 904 3522 prolata
932 3457 1082 3518 sunt,
1110 3453 1312 3506 melius
1347 3454 1666 3524 pandimus,
1689 3455 1734 3508 si

112 3541 249 3596 infra
293 3561 582 3616 supraque
629 3546 900 3614 legentes,
929 3544 1015 3598 vel
1044 3561 1155 3615 quo
1189 3546 1441 3615 tendant,
1473 3547 1558 3600 vel
1584 3547 1734 3602 unde

112 3637 402 3705 pendeant,
433 3639 909 3692 demonstremus.

179 3730 326 3783 HLA
351 3731 653 3786 dilectione
679 3730 854 3801 igitur
873 3735 1052 3785 vestra
1078 3731 1328 3802 primum
1346 3731 1732 3787 testimonium

115 3823 277 3878 sancti
305 3823 736 3894 praedecessoris
763 3824 938 3878 nostri
980 3825 1174 3878 Leonis
1209 3823 1457 3895 ponitur,
1497 3826 1648 3896 quod
1673 3826 1730 3880 in

115 3913 224 3982 ejus
249 3917 483 3986 epistola
527 3917 729 3971 ultima
763 3917 1082 3972 continetur
1142 3916 1344 3988 (Epist.
1375 3919 1442 3971 78
1473 3920 1548 3972 ad
1573 3922 1729 3974 Leon.

115 4008 282 4078 imp.],
309 4027 424 4081 quo
449 4011 559 4065 ait:
591 4012 666 4065 De
693 4011 860 4065 rebus
884 4011 1298 4082 apudNicaeam
1328 4015 1384 4065 et
1401 4012 1550 4082 apud
1577 4013 1733 4066 Chal-

115 4101 373 4160 cedonem
391 4104 538 4158 sicut
555 4105 671 4160 Deo
692 4104 903 4174 placuit
923 4104 1186 4174 deﬁnitis,
1213 4105 1434 4159 nullum
1455 4107 1732 4160 audemus

115 4191 249 4249 inire
270 4202 591 4268 tractatum,
614 4203 886 4269 tanquam
911 4198 1081 4253 dubia
1100 4200 1184 4252 vel
1197 4200 1423 4253 inﬁrma
1451 4200 1579 4268 sint,
1603 4217 1730 4271 quae

114 4289 260 4342 tanta
287 4307 388 4360 per
415 4291 689 4362 Spiritum
719 4297 974 4346 sanctum
995 4292 1118 4347 ﬁxit
1147 4294 1469 4347 auctoritas.
1503 4294 1623 4362 (Cui
1651 4311 1732 4348 se-

115 4381 356 4437 cundum
381 4385 770 4440 testimonium
799 4402 867 4440 ex
903 4402 969 4440 ea
1012 4387 1248 4457 epistola
1283 4402 1316 4439 a
1342 4386 1498 4440 vobis
1525 4388 1611 4458 adj
1623 4404 1728 4441 un-

115 4473 279 4546 gitur,
302 4478 452 4548 quod
474 4479 586 4532 illic
613 4479 785 4550 paulo
811 4479 1070 4551 superius
1096 4480 1356 4546 habetur,
1387 4497 1500 4550 quo
1526 4481 1730 4535 dicitur

119 4562 288 4641 [Ibid.]
317 4587 330 4624 :
362 4571 503 4635 Quia
539 4572 683 4627 sicut
706 4579 896 4627 sancte
923 4574 1302 4644 veraciterque
1332 4573 1566 4640 dixistis,
1595 4591 1726 4645 per-
1747 4606 1806 4678 D

113 4661 270 4716 t‘ectio
306 4663 741 4734 incrementum,
771 4673 829 4722 et
867 4666 1238 4738 adjectionem
1282 4667 1574 4738 plenitudo
1614 4684 1728 4722 non

114 4753 342 4826 recipit.)
369 4759 679 4828 lnterjectis
712 4765 904 4814 autem
931 4760 1148 4815 duobus
1172 4760 1504 4814 testimoniis
1529 4760 1597 4815 de
1625 4777 1726 4816 en-

115 4847 290 4914 cycliis
315 4853 639 4924 assumptis,
671 4854 892 4924 praefati
923 4855 1345 4924 praedecessoris
1373 4853 1550 4908 nostri
1589 4855 1726 4909 Leo-

114 4939 194 4991 nis
221 4940 353 4996 item
394 4945 466 4999 ad
493 4946 735 5000 Leonem
759 4935 1310 5018 principem'scripto
1347 4953 1528 5002 vestro
1563 4949 1730 5004 verba

117 5033 452 5102 replicantur
475 5039 680 5109 quibus
708 5039 950 5094 dicitur:
999 5041 1298 5111 Legitimas
1328 5041 1596 5095 divinitus
1637 5042 1726 5096 in-

117 5125 342 5191 spiratas
365 5132 788 5187 constitutiones
812 5133 952 5187 velle
980 5149 1225 5203 movere,
1255 5150 1369 5188 non
1395 5139 1478 5188 est
1514 5135 1729 5205 paciﬁci

115 5214 370 5292 hominis,
402 5225 498 5279 sed
523 5225 763 5294 rebellis,
784 5226 1002 5282 dicente
1029 5227 1284 5298 apostolo
1309 5245 1323 5282 :
1383 5229 1570 5284 Verbis
1603 5245 1726 5283 con-

118 5312 337 5377 tendere,
364 5318 438 5372 ad
451 5319 589 5373 nihil
609 5324 686 5374 est
702 5321 852 5382 utile,
875 5323 983 5375 nisi
1001 5321 1076 5374 ad
1098 5321 1488 5376 subversionem
1507 5323 1729 5376 audien-

118 5404 244 5457 tium
289 5408 380 5478 (Π
416 5414 547 5467 Tim.
579 5429 617 5467 ιι
639 5413 678 5483 ).
721 5414 863 5466 Nam
901 5414 947 5467 si
976 5414 1240 5468 humanis
1271 5415 1728 5486 persuasionibus

119 5509 328 5568 semper
351 5503 657 5576 disceptare
683 5507 756 5560 sit
780 5507 1042 5576 liberum,
1084 5524 1384 5580 nunquam
1405 5509 1595 5564 deesse
1623 5526 1726 5580 po-

118 5590 297 5647 terunt
323 5597 420 5666 qui
449 5599 666 5653 veritati
693 5600 936 5654 audeant
962 5602 1253 5656 resultare.
1287 5603 1374 5672 (Et
1394 5602 1516 5672 ejus
1533 5619 1728 5658 rursus

117 5680 182 5735 ad
207 5700 334 5742 eum
360 5707 376 5743 :
403 5691 527 5746 Non
546 5691 692 5746 sinas
715 5697 908 5748 contra
934 5693 1180 5749 dexterae
1204 5695 1606 5766 omnipotentis
1627 5697 1725 5751 Dei

117 5774 422 5851 triumphos
441 5784 699 5841 redivivis
715 5802 990 5859 exurgere
1011 5789 1258 5844 motibus
1285 5789 1534 5845 extincta
1553 5794 1732 5846 certa-

118 5867 306 5944 mina).
332 5874 500 5949 Cujus
519 5876 703 5934 adhuc
727 5879 1114 5964 testimonium
1151 5887 1279 5954 post
1304 5899 1485 5956 pauca
1531 5883 1724 5940 subdi-

1835 3358 2059 3414 tractari
2087 3376 2212 3429 quae
2236 3359 2482 3430 perfecta
2518 3363 2648 3412 sunt
2685 3375 2802 3412 non
2831 3357 3021 3412 deberi
3047 3374 3060 3424 ;
3092 3374 3205 3429 qua
3231 3358 3351 3410 haec
3377 3357 3462 3412 in-

1835 3453 2084 3508 tentione
2132 3454 2402 3520 dixisset,
2454 3451 2605 3506 illico
2648 3451 2894 3506 subdidit
2950 3450 3126 3520 (Ibid.)
3161 3465 3174 3503 :
3205 3449 3348 3513 Quia
3387 3449 3459 3504 ad

1833 3561 2031 3616 pacem
2079 3545 2406 3600 universalis
2443 3544 2698 3598 Ecclesiae
2726 3585 2740 3614 ,
2790 3548 2845 3596 et
2890 3543 2961 3596 ad
3007 3541 3316 3596 custodiam
3363 3558 3454 3596 ca-

1831 3639 2056 3694 tholicae
2081 3639 2212 3693 ﬁdei
2253 3655 2386 3692 cura
2412 3637 2730 3708 dignamini
2772 3634 3093 3690 sollicitiore
3137 3634 3320 3689 vivere
3349 3635 3460 3704 [re-

1833 3733 2087 3803 spicere].
2115 3732 2262 3796 Quid
2296 3731 2470 3803 igitur
2500 3747 2630 3785 cum
2673 3729 2998 3800 prohiberet
3045 3727 3272 3782 deﬁnita
3309 3743 3446 3782 con-

1832 3826 1982 3894 velli,
2009 3825 2449 3880 admonitionem
2491 3823 2746 3894 protinus
2775 3823 2843 3877 de
2871 3821 3124 3876 custodia
3167 3821 3453 3876 catholicae

1831 3918 1962 3973 ﬁdei
1988 3919 2297 3990 subjunxit,
2331 3921 2389 3973 et
2414 3917 2544 3989 quia
2571 3933 2685 3972 non
2711 3917 2815 3971 hoc
2841 3915 2910 3970 de
2939 3915 3302 3969 retractandis
3327 3930 3455 3970 cau-

1832 4012 1906 4067 sis
1934 4013 2284 4084 specialibus,
2316 4011 2414 4067 sed
2451 4011 2520 4065 de
2549 4011 2663 4064 sola
2706 4009 2834 4064 ﬁdei
2880 3992 3226 4080 professione
3275 4007 3449 4062 dixis-

1831 4112 1934 4176 set,
1963 4106 2264 4160 indicavit?
2286 4106 2380 4160 illa
2410 4121 2655 4176 namque
2675 4119 2826 4158 nunc
2853 4103 2912 4157 in
2936 4107 3116 4156 vestra
3136 4102 3450 4173 quaestione

1830 4205 2138 4267 vertentur,
2167 4217 2293 4271 quae
2320 4199 2438 4270 ipse
2463 4215 2686 4270 quoque
2714 4197 3092 4268 praedecessor
3117 4201 3306 4249 noster
3328 4195 3455 4248 bea-

1830 4296 1920 4347 tus
1944 4295 2054 4348 Leo
2084 4292 2388 4364 dijudicat;
2435 4292 2572 4347 dum
2591 4308 2706 4346 non
2730 4291 2838 4345 nisi
2865 4307 2929 4344 ea
2954 4305 3080 4360 quae
3106 4288 3258 4360 apud
3284 4289 3450 4342 Chal-

1831 4387 2102 4442 cedonem
2131 4387 2200 4441 de
2225 4386 2334 4440 ﬁde
2362 4390 2493 4440 sunt
2519 4389 2744 4453 statuta,
2769 4383 3082 4437 conﬁrmat.
3103 4385 3223 4453 Ipse
3243 4381 3453 4452 quippe

1829 4480 1901 4534 ad
1927 4479 2247 4534 Anatolium
2291 4477 2916 4548 Constantinopolitanae
2941 4475 3096 4529 urbis
3123 4475 3450 4544 episcopum

1829 4572 2095 4642 scribens,
2118 4573 2256 4626 dum
2278 4587 2410 4625 eum
2429 4571 2498 4624 dc
2527 4570 2771 4641 quodam
2794 4585 2938 4623 novo
2957 4583 3095 4621 ausu
3123 4565 3448 4636 corriperet,

1829 4669 1964 4724 dicit
1997 4669 2184 4738 (Epist.
2240 4667 2375 4735 58):
2406 4665 2476 4718 Ut
2524 4665 2773 4716 sanctam
2836 4659 3115 4732 synodum
3154 4659 3224 4712 ad
3272 4658 3451 4713 extin-

1829 4762 2115 4834 guendam
2143 4760 2326 4814 solum
2347 4756 2629 4824 haeresim,
2652 4759 2709 4810 et
2727 4755 2795 4809 ad
2817 4752 3301 4808 confirmationem
3320 4751 3451 4806 fidei

1827 4856 2114 4912 catholicae
2139 4853 2322 4908 studio
2354 4849 2810 4906 Christianissimi
2840 4847 3110 4920 principis
3136 4861 3449 4916 congrega-

1827 4955 1964 5017 tam,
2018 4948 2079 5004 in
2129 4946 2478 5002 occasionem
2538 4943 2780 4998 ambitus
2847 4941 3056 4995 trahas.
3097 4941 3180 5009 (Et
3225 4954 3452 4993 rursum

1833 5043 2041 5114 (Ibid.):
2069 5044 2149 5096 Ita
2187 5039 2344 5095 abuti
2369 5038 2544 5093 voluit
2565 5036 2799 5091 concilio
2840 5033 3113 5106 synodali,
3140 5036 3207 5087 ut
3251 5032 3452 5086 fratres

1828 5138 1888 5192 in
1923 5135 2054 5191 ﬁdei
2095 5132 2484 5190 tantummodo
2527 5129 2754 5201 negotio
2785 5131 3130 5196 convocatos,
3161 5129 3218 5180 et
3261 5125 3454 5180 deﬁni-

1830 5231 1996 5286 tionis
2025 5229 2145 5300 ejus
2171 5244 2354 5297 causa,
2383 5243 2512 5298 quae
2531 5228 2650 5279 erat
2669 5223 2935 5290 curanda,
2956 5222 3270 5293 pertractos
3289 5218 3450 5289 [deﬁ-

1826 5324 2040 5380 nitione
2082 5323 2203 5393 ejus
2223 5336 2426 5388 causae,
2460 5335 2518 5390 q.
2545 5334 2594 5372 e.
2625 5333 2673 5372 c.
2699 5315 3068 5388 perfunctos],
3110 5313 3180 5368 ad
3223 5329 3453 5367 consen-

1827 5417 2082 5474 tiendum
2105 5415 2207 5470 sibi
2221 5417 2321 5468 aut
2335 5411 2692 5484 depravando
2717 5410 3052 5476 traduceret,
3071 5412 3170 5462 aut
3188 5407 3453 5462 terrendo

1829 5511 2231 5582 compelleret).
2259 5507 2365 5572 Qui
2391 5511 2456 5561 ut
2482 5504 2625 5560 nihil
2664 5521 2721 5558 se
2749 5501 3076 5558 omnimodo
3113 5501 3182 5556 de
3225 5500 3452 5556 Chalce-

1829 5605 2066 5662 donensi
2094 5602 2304 5676 synodo
2341 5600 2640 5671 suscipere,
2686 5597 2797 5652 nisi
2825 5597 2892 5653 de
2936 5596 3048 5650 sola
3075 5595 3186 5650 ﬁde
3233 5599 3453 5665 gestum

1827 5700 2031 5769 fuerat,
2076 5698 2508 5764 demonstraret,
2564 5693 2750 5748 eidem
2800 5690 3037 5763 synodo‘
3064 5688 3330 5754 scribens,
3376 5683 3454 5736 ait

1831 5795 2020 5864 (Epist.
2042 5793 2166 5864 61):
2213 5791 2284 5847 Ut
2322 5795 2378 5846 et
2418 5790 2669 5844 fraterna
2699 5784 3056 5849 universitas,
3089 5785 3144 5836 et
3193 5775 3449 5834 omnium

1827 5886 2081 5943 ﬁdelium
2121 5886 2289 5942 corda
2335 5885 2694 5957 cognoscant,
2731 5894 2847 5935 non
2876 5877 3056 5932 solum
3084 5887 3188 5944 per
3223 5869 3444 5936 fratres,
