3994 6416
495 358 596 414 ’719

1884 353 2142 410 PELAGII
2180 349 2370 410 PAPaE
2408 355 2452 411 Π

3795 348 3900 402 7'20

495 466 592 537 qui
609 464 790 520 vicem
816 477 1007 518 meam
1029 461 1247 516 executi
1275 463 1425 530 sunt,
1455 461 1553 517 sed
1585 463 1758 517 etiam
1787 479 1890 532 per
1910 479 2112 533 appro-
2132 484 2190 556 Α
2213 467 2310 516 aut
2334 463 2544 516 violare
2568 476 2768 515 eorum
2787 475 2914 530 quae
2943 458 3012 512 ab
3040 473 3110 512 ea
3138 457 3293 512 recte
3322 456 3462 512 sunt
3485 455 3549 510 et
3567 451 3901 509 inviolabi-

490 559 783 612 bationem
804 558 1096 626 gestorum
1118 555 1482 626 synodalium
1504 557 1796 627 propriam
1819 555 2109 609 vobiscum

493 651 663 705 inisse
690 647 1058 715 sententiam,
1083 647 1140 701 in
1169 649 1288 702 sola
1311 647 1574 702 videlicet
1593 647 1727 702 ﬁdei
1745 664 1932 714 causa,
1956 647 2110 718 quod

492 759 640 813 stepe
667 740 976 795 dicendum
1009 743 1111 794 est.
1149 740 1273 810 (Qui
1303 757 1439 810 ergo
1481 741 1609 794 unit
1646 757 1776 794 cum
1798 740 2107 796 Chalcedo-

491 835 656 890 nensi
693 833 913 903 synodo
941 832 998 886 in
1027 834 1147 886 sola
1175 833 1310 886 ﬁdei
1341 850 1510 887 causa
1549 835 1874 899 convocata,
1908 836 2110 886 cuncta

491 944 617 1000 quae
644 927 757 980 illic
787 925 1106 996 specialiter
1132 930 1293 996 gesta
1319 929 1470 994 sunt,
1501 943 1560 980 se
1586 927 1782 997 procul
1809 925 1981 980 dubio
2014 942 2106 979 ex-

486 1023 755 1074 traneum
773 1019 1146 1073 demonstrat.
1167 1018 1303 1072 Hinc
1316 1022 1401 1072 est
1417 1035 1643 1072 rursum
1660 1018 1813 1088 quod
1829 1034 1956 1071 cum
1971 1034 2111 1088 prae-

487 1111 606 1168 fato
643 1111 907 1166 Anatolio
941 1111 1010 1165 de
1039 1110 1370 1181 recipiendo
1395 1111 1579 1166 Attico
1610 1111 1942 1182 presbytero
1971 1110 2104 1164 scri-

486 1205 644 1271 bere,
679 1203 814 1258 dicit
843 1204 1033 1274 (Epist.
1065 1205 1181 1274 77):
1205 1205 1288 1257 Ita
1317 1207 1381 1257 ut
1401 1203 1878 1258 Chalcedonensis
1904 1203 2107 1274 synodi

488 1297 886 1352 deﬁnitionem
917 1296 988 1350 de
1017 1296 1151 1362 ﬁde,
1184 1297 1274 1350 cui
1296 1296 1470 1350 etiam
1502 1297 1728 1351 dilectio
1756 1301 1851 1350 tua
1871 1296 2109 1350 subscri-

480 1391 673 1446 bendo
699 1389 1004 1456 consensit,
1030 1405 1204 1460 quam
1227 1389 1552 1460 apostolica
1575 1389 1723 1442 sedis
1741 1389 1989 1451 ﬁrmavit
2011 1405 2105 1443 au-

484 1483 734 1550 ctoritas,
766 1483 1103 1553 proﬁteatur
1128 1498 1187 1535 se
1219 1499 1324 1552 per
1343 1481 1539 1536 omnia
1567 1481 1968 1552 servaturum.)
1999 1481 2104 1546 Qui

483 1575 961 1632 Chalcedonensis
987 1573 1190 1644 synodi
1212 1574 1605 1628 deﬁnitionem
1628 1574 1840 1641 dicens,
1862 1574 2107 1644 Vigilan-

482 1673 572 1723 ter
615 1669 812 1733 etiam,
847 1667 917 1720 de
947 1667 1081 1733 ﬁde,
1123 1682 1239 1720 non
1273 1666 1533 1734 adderet,
1566 1667 1674 1720 nisi
1715 1683 1932 1734 causas,
1977 1683 2104 1737 quae

480 1762 591 1816 illic
635 1759 958 1831 specialiter
997 1763 1172 1814 motae
1213 1761 1462 1827 fuerant,
1513 1760 1876 1830 reprobasset
1904 1761 2103 1828 (solam

2209 555 2340 608 liter
2381 554 2661 624 deﬁnita.)
2692 556 2763 606 At
2791 554 2964 622 longe
2998 554 3084 606 est
3128 551 3307 617 aliud,
3337 566 3463 605 non
3497 563 3692 620 posse
3725 562 3898 600 com-

2210 647 2428 701 moveri
2459 663 2525 700 ea
2539 663 2663 717 quae
2683 645 2912 700 decreta
2924 648 3075 712 sunt,
3099 648 3157 698 et
3175 659 3292 698 non
3308 659 3486 714 posse
3505 639 3900 696 commoveri

2211 756 2277 794 ea
2307 756 2430 810 quae
2450 742 2602 793 recte
2623 743 2678 792 et
2699 738 3122 808 inculpabiliter
3140 739 3278 790 sunt
3295 737 3562 792 decreta.
3595 734 3902 789 Sciebant

2210 833 2364 886 enim
2408 832 2511 886 viri
2537 832 2870 899 doctissimi,
2903 848 2971 886 ea
3001 847 3130 902 qua:
3160 831 3275 884 illic
3317 832 3490 901 gesta
3523 829 3795 882 fuerant
3828 827 3898 880 de

2209 925 2390 980 causis
2440 925 2794 996 specialibus,
2851 941 2885 978 a
2931 923 3359 995 praedecessore
3408 925 3630 976 nostro
3687 921 3898 974 Leone

2207 1021 2437 1089 recepta
2464 1017 2802 1072 omnimodo
2821 1033 2936 1072 non
2958 1017 3164 1082 fuisse;
3189 1021 3249 1071 et
3272 1016 3499 1070 idcirco
3532 1013 3899 1068 cautissime

2209 1111 2479 1176 scribunt,
2510 1110 2859 1165 commoveri
2891 1113 2990 1164 aut
3017 1109 3219 1164 violari
3246 1126 3378 1180 quas
3411 1109 3585 1162 recte
3620 1107 3703 1160 ab
3732 1122 3809 1160 ea
3843 1109 3901 1158 et

2206 1203 2627 1274 inculpabiliter
2645 1203 2882 1257 deﬁnita
2911 1205 3064 1270 sunt,
3095 1219 3212 1256 non
3247 1201 3456 1256 deberi
3485 1217 3500 1266 ;
3539 1215 3622 1253 ne
3657 1198 3710 1252 si
3757 1215 3900 1252 cun-

2206 1300 2295 1350 cta
2324 1296 2667 1350 conﬁrmare
2690 1313 2749 1350 se
2773 1295 3051 1361 dicerent,
3071 1295 3379 1348 sententiae
3398 1309 3567 1363 saepe
3604 1291 3725 1346 fati
3747 1308 3900 1363 prae-

2205 1388 2516 1442 decessoris
2570 1388 2749 1442 nostri
2791 1387 2998 1442 Leonis
3045 1387 3368 1441 obviarent.
3403 1385 3590 1440 Unde
3645 1388 3714 1439 et
3777 1384 3896 1438 illic

2205 1481 2353 1536 illico
2383 1481 2773 1552 subjungunt:
2802 1483 2884 1534 Ita
2915 1479 3211 1551 sapiamus
3231 1495 3499 1550 semper,
3539 1477 3710 1532 sicut
3740 1479 3896 1548 sapit

2205 1574 2514 1646 apostolica
2543 1575 2937 1629 Romanorum
2970 1573 3122 1628 sedis
3151 1573 3456 1643 Ecclesia.)

2271 1669 2334 1721 V.
2362 1669 2494 1722 Post
2523 1668 2645 1722 haec
2670 1683 2898 1738 quoque
2926 1668 3189 1738 exempla
3219 1666 3498 1736 ejusdem
3535 1665 3893 1736 praedeces-

2203 1761 2346 1815 soris
2375 1760 2556 1814 nostri
2581 1760 2786 1815 Leonis
2806 1759 2880 1814 ad
2909 1759 3180 1814 Basilium
3212 1759 3573 1830 episcopum
3609 1759 3900 1813 testimo-

479 1853 854 1908 nihilominus
877 1852 1177 1922 exciperet)
1201 1853 1274 1923 (a)
1303 1869 1430 1923 quae
1457 1853 1508 1906 ei
1525 1853 1891 1923 singulariter
1911 1851 2098 1922 displi-
2116 1844 2172 1915 B
2197 1853 2357 1907 nium
2389 1853 2674 1924 posuistis,
2699 1869 2812 1923 quo
2837 1852 2950 1907 ait:
2985 1852 3233 1907 Obsecro
3262 1852 3684 1906 Dilectioncm
3719 1855 3896 1906 tuam

479 1950 692 2002 cerent.
722 1948 795 1999 At
823 1948 1130 2016 postquam
1181 1944 1323 1998 nihil
1366 1945 1521 1998 aliud
1569 1945 1791 2015 synodi,
1819 1945 1927 1998 nisi
1964 1943 2098 1998 ﬁdei

478 2038 874 2093 deﬁnitionem
905 2037 1156 2107 recepit:
1191 2036 1328 2106 quid
1359 2039 1445 2090 est
1471 2037 1645 2104 aliud,
1675 2037 1784 2091 nisi
1805 2037 1960 2108 quod
1989 2053 2095 2091 cas-

476 2135 603 2186 tera
631 2147 759 2202 quae
784 2129 896 2184 illic
922 2129 1244 2200 specialiter
1273 2133 1432 2184 mota
1457 2133 1608 2196 sunt,
1647 2129 1956 2184 refutavit?
1998 2131 2099 2184 Ne-

423 2261 436 2276 .
479 2239 588 2295 que
613 2223 766 2277 enim
795 2221 839 2277 si
874 2223 1061 2289 vellet,
1091 2238 1265 2276 unam
1285 2222 1688 2276 tantummodo
1707 2239 1936 2277 causam
1957 2238 2098 2292 pras-

474 2318 576 2372 fati
611 2316 861 2371 Anatolii
903 2303 1326 2386 reprehendere
1357 2318 1668 2381 vereretur,
1695 2315 1789 2386 qui
1819 2315 1966 2368 hanc
1993 2331 2095 2370 suo

467 2409 684 2482 judicio
703 2426 820 2464 non
837 2409 1233 2478 approbatam,
1255 2411 1312 2462 et
1327 2408 1705 2462 serenissimis
1722 2408 2092 2478 principibus,

473 2508 528 2558 et
559 2503 775 2558 auctori
807 2503 928 2573 ejus
959 2501 1148 2555 eidem
1179 2502 1443 2556 Anatolio
1475 2518 1591 2556 non
1621 2505 1704 2554 est
1731 2501 1940 2555 veritus
1962 2501 2093 2554 scri-

471 2598 583 2670 ptis
629 2595 1077 2650 discurrentibus
1131 2594 1401 2648 indicare.
1448 2596 1589 2649 Cum
1619 2609 1752 2648 vero
1797 2597 1855 2647 ct
1897 2595 1968 2648 de
1999 2593 2096 2648 illa

471 2691 712 2762 praefato
738 2688 1003 2742 Anatolio
1032 2687 1248 2757 private
1275 2687 1545 2757 loquitur,
1575 2689 1634 2740 et
1662 2703 1884 2740 rursum
1920 2686 1994 2740 ad
2011 2703 2096 2756 sy-

471 2783 691 2838 nodum
713 2782 986 2846 scribens,
1002 2779 1156 2850 quod
1176 2779 1246 2833 de
1273 2781 1394 2834 sola
1409 2779 1521 2832 ﬁde
1549 2782 1774 2850 gestum
1803 2780 2010 2845 fuerat,
2034 2795 2092 2832 se

471 2876 724 2946 recipere
753 2875 1094 2939 conﬁtetur;
1141 2875 1366 2926 constat
1400 2872 1554 2942 quod
1585 2874 1643 2926 et
1665 2871 1994 2926 Anatolium
2021 2872 2092 2924 de

472 2967 705 3040 speciali
733 2966 990 3021 criminis
1016 2981 1186 3019 causa
1215 2964 1529 3034 redarguit,
1559 2967 1616 3017 et
1641 2968 1844 3018 cuncta
1873 2964 2093 3034 privata

476 3060 730 3131 negotia,
761 3075 888 3130 qua:
917 3060 1074 3112 mota
1112 3058 1169 3111 in
1223 3056 1442 3128 synodo
1496 3057 1742 3124 fuerant,
1795 3055 2091 3112 retractari

471 3153 769 3209 concessit.

539 3248 624 3300 IV.
685 3247 930 3300 Rursum
966 3244 1024 3298 in
1073 3243 1281 3314 scripto
1331 3246 1518 3298 vestro
1572 3241 1967 3298 testimonium
2023 3199 2166 3296 acC

471 3340 793 3410 exemplum
820 3339 890 3392 de
913 3337 1177 3408 encycliis
1202 3337 1452 3408 ponitur,
1477 3336 1632 3408 quod
1653 3337 1815 3390 multi
1839 3335 2090 3406 episcopi

469 3433 636 3488 simul
655 3433 877 3486 dicunt:
891 3433 1083 3502 Neque
1111 3447 1290 3484 unum
1307 3429 1424 3484 iota
1441 3432 1527 3483 vel
1547 3431 1769 3501 apicem
1787 3445 2090 3500 possumus

469 3530 566 3582 aut
595 3541 979 3592 commovere,
1020 3527 1120 3578 aut
1147 3527 1501 3578 commutare
1545 3540 1743 3578 eorum
1783 3539 1909 3594 quae
1937 3522 2089 3593 apud

469 3619 890 3676 Chalcedonem
918 3617 1146 3672 decreta
1177 3620 1326 3670 sunt.
1351 3616 1466 3687 (Cui
1493 3617 1645 3670 aliud
1671 3633 1899 3687 quoque
1931 3617 2086 3670 testi-

467 3716 730 3772 monium
761 3711 921 3784 quasi
943 3727 1008 3764 ex
1029 3710 1236 3765 eadem
1263 3709 1502 3780 epistola
1523 3709 1906 3779 subjunxistis,
1935 3710 2089 3781 quod

467 3809 731 3864 videlicet
744 3803 993 3861 Anatolii
1006 3802 1651 3872 Constantinopolitanae
1667 3803 1822 3858 urbis
1839 3803 2087 3874 episcopi

470 3919 590 3958 esse
619 3917 738 3956 non
790 3897 1027 3952 dubium
1063 3898 1166 3962 est,
1213 3911 1326 3965 quo
1359 3895 1438 3949 ait
1466 3912 1478 3950 :
1512 3896 1588 3949 De
1637 3895 2087 3952 Chalcedonensi

469 4012 602 4050 vero
631 3993 830 4048 sancta
853 3989 1072 4061 synodo
1100 3988 1246 4054 dico,
1277 3988 1549 4058 quoniam
1597 3988 1786 4060 ipsum
1831 4005 2086 4060 quaerere

471 4087 730 4152 omnino,
760 4087 858 4138 aut
893 4081 1180 4136 revolvere
1213 4081 1428 4151 aliquid
1473 4099 1670 4136 eorum
1699 4099 1825 4152 quas
1853 4083 1924 4136 ab
1963 4082 2088 4152 ipsa

471 4179 634 4236 ﬁnita
662 4181 814 4245 sunt,
837 4175 1136 4231 hominum
1164 4179 1248 4228 est
1275 4174 1664 4229 insidiantium
1686 4175 2085 4230 tantummodo

471 4272 750 4337 Ecclesiis,
781 4274 837 4324 et
875 4268 1176 4324 universali
1219 4268 1423 4324 Christi
1457 4267 1628 4338 paci.)
1657 4269 1712 4322 In
1736 4285 1848 4338 quo
1878 4268 2086 4322 revolvi

472 4371 529 4424 et
558 4364 796 4422 convelli
847 4362 1168 4434 prohibeat,
1221 4361 1341 4432 ipse
1373 4360 1713 4430 subjungat;
1771 4361 1852 4414 ait
1893 4363 2082 4416 enim;

471 4461 712 4527 Quando
734 4455 1045 4528 apostolica
1071 4454 1306 4525 quidem
1325 4457 1382 4507 et
1400 4456 1634 4524 paterna
1653 4453 1925 4524 dogmata
1947 4454 2084 4509 olim

2197 1950 2260 2000 ut
2297 1946 2776 2001 Chalcedonensis
2831 1945 3037 2016 synodi
3079 1945 3530 2001 deﬁnitionibus
3583 1945 3654 1999 in
3727 1946 3898 1999 nullo

2195 2038 2454 2094 animum
2472 2039 2764 2105 relaxatis;
2789 2043 2846 2092 et
2862 2045 2990 2109 quae
3006 2055 3072 2092 ex
3092 2037 3290 2092 divina
3310 2041 3452 2092 sunt
3469 2037 3896 2110 inspiratione

2197 2133 2536 2202 composita,
2589 2133 2745 2186 nulla
2791 2131 3096 2202 patiamini
3149 2131 3413 2186 novitate
3449 2131 3774 2186 temerari
3817 2133 3894 2196 (et

2195 2241 2453 2278 rursum:
2483 2226 2553 2279 Ut
2577 2229 2770 2278 autem
2794 2225 2972 2295 possit
2988 2225 3112 2278 haec
3129 2225 3463 2278 exhortatio
3488 2225 3574 2278 ad
3596 2226 3896 2280 omnium

2193 2318 2434 2372 fratrum
2461 2321 2518 2371 et
2543 2317 3014 2388 coepiscoporum
3044 2317 3316 2372 notitiam
3341 2317 3715 2387 pervenire,
3765 2318 3900 2372 dili-

2195 2414 2399 2480 genter
2444 2414 2645 2464 vestraa
2691 2410 3087 2464 Fraternitatis
3134 2426 3274 2464 cura
3327 2410 3702 2480 perspiciat,
3756 2413 3899 2482 quia

2195 2502 2369 2572 (quod
2412 2519 2562 2573 saepe
2603 2503 2910 2556 dicendum
2945 2502 3051 2571 est)
3093 2505 3217 2556 tota
3261 2501 3475 2573 religio
3522 2503 3898 2558 Christiana

2193 2595 2473 2661 turbatur,
2490 2595 2536 2648 si
2552 2595 2868 2666 quidquam
2887 2595 2956 2648 de
2979 2595 3069 2648 his
3091 2611 3219 2665 quae
3237 2595 3396 2666 apud
3409 2596 3791 2652 Chalcedon
3801 2615 3897 2652 em

2193 2687 2500 2741 constituta
2539 2691 2689 2754 sunt,
2723 2687 3119 2759 convellatur.)
3153 2687 3267 2742 Sed
3297 2691 3502 2742 utrum
3553 2689 3642 2744 de
3696 2692 3897 2745 causis

2193 2780 2574 2850 quarumdam
2605 2797 2984 2850 personarum
3013 2780 3384 2850 specialibus,
3417 2797 3499 2835 an
3532 2782 3622 2836 de
3660 2788 3895 2840 sanctae

2193 2873 2674 2927 ﬁdeideﬁnitione
2693 2873 3264 2944 asserat,inquiratur
3282 2873 3406 2944 ipse
3421 2875 3580 2945 quid
3600 2878 3897 2949 superius

2193 2965 2370 3032 dicat;
2395 2965 2473 3020 ait
2493 2965 2650 3019 enim
2673 2983 2686 3020 :
2711 2967 2837 3020 Haec
2856 2965 3067 3036 scripta
3099 2965 3302 3034 direxi,
3328 2967 3556 3037 quibus
3588 2971 3892 3026 Dilectio-

2191 3074 2325 3112 nem
2353 3061 2600 3112 vestram
2627 3058 2844 3113 credidi
2886 3059 3412 3127 commonendam,
3438 3064 3509 3114 ut
3553 3065 3893 3119 sceleratis

2190 3151 2419 3206 ausibus
2445 3155 2641 3206 sancta
2667 3152 2987 3206 constantia
3009 3153 3310 3220 resistatis,
3345 3170 3422 3208 ne
3451 3155 3516 3208 in
3553 3172 3896 3230 quoquam

2190 3248 2386 3299 nostra
2426 3244 2749 3299 communis
2779 3245 2922 3299 ﬁdes
2949 3249 3049 3299 aut
3079 3246 3310 3316 trepida
3343 3246 3751 3320 inveniatur,
3795 3258 3898 3306 aut

2187 3337 2401 3408 tepida.
2435 3337 2564 3408 (Qui
2617 3339 2792 3407 igitur
2828 3339 3301 3394 admonitionem
3355 3343 3700 3399 servandas
3747 3347 3894 3400 ﬁdei

2187 3430 2482 3501 praemisit,
2505 3430 2600 3484 ubi
2627 3431 2898 3484 custodiri
2920 3431 3208 3502 synodum
3230 3434 3438 3501 voluit,
3457 3434 3802 3493 indicavit.
3836 3441 3894 3494 Si

2189 3528 2382 3578 autem
2395 3523 2451 3576 in
2469 3523 2636 3593 hujus
2651 3524 2905 3594 epistolae
2919 3526 3288 3580 sermonibus
3306 3527 3732 3600 ambigimuS,
3753 3551 3896 3589 eum

2189 3634 2255 3670 ex
2281 3616 2406 3670 aliis
2431 3616 2546 3670 suis
2576 3616 2829 3686 epistolis
2859 3633 2973 3686 quo
3001 3634 3175 3672 sensu
3215 3619 3342 3674 hmo
3375 3619 3635 3690 dixerit,
3675 3627 3893 3698 requi-

2189 3725 2402 3763 ramus.
2437 3709 2720 3764 Marciano
2751 3726 3007 3781 namque
3047 3712 3314 3782 Augusto
3349 3714 3586 3786 scripta
3628 3737 3752 3775 sua
3785 3739 3894 3793 pro

2188 3801 2392 3856 eadem
2426 3802 2645 3872 synodo
2665 3802 2939 3873 dirigens,
2957 3803 3039 3857 ait
3065 3804 3265 3876 (Epist.
3296 3807 3390 3875 59)
3417 3823 3430 3860 :
3467 3809 3569 3863 Ad
3605 3811 3892 3869 Gloriam

2187 3899 2434 3948 vestram
2463 3898 2520 3948 et
2535 3895 2607 3949 ad
2633 3895 3344 3967 Constantinopolitanum
3367 3901 3738 3961 antistitem
3756 3909 3896 3964 scri-

2185 3991 2284 4059 pta
2313 3987 2510 4053 direxi,
2545 4004 2671 4058 quin
2693 3988 2986 4043 evidenter
3018 3990 3426 4060 ostenderent,
3465 4010 3600 4062 me,
3638 4015 3788 4069 quae
3821 4001 3894 4055 de

2186 4079 2297 4133 ﬁde
2327 4079 2605 4134 catholica
2629 4079 2688 4134 in
2713 4081 2990 4150 prmdicta
3034 4082 3260 4152 synodo
3292 4085 3557 4142 deﬁnita
3605 4091 3890 4163 fuerant,

2186 4173 2548 4244 approbare.)
2580 4173 2686 4236 Qui
2715 4173 2762 4226 si
2787 4177 3022 4228 cunctas
3050 4177 3109 4229 et
3138 4177 3430 4247 speciales
3459 4196 3698 4240 causas
3729 4189 3889 4258 ejus-

2187 4265 2320 4320 dem
2353 4265 2556 4335 synodi
2608 4267 2845 4338 recepit,
2879 4285 2982 4322 cur
3025 4285 3094 4322 ea
3125 4286 3188 4322 se
3215 4273 3572 4342 approbare
3609 4295 3763 4350 quae
3815 4282 3888 4336 de

2185 4359 2464 4413 catholica
2491 4358 2603 4412 ﬁde
2627 4359 2685 4413 in
2713 4359 2988 4430 praedicta
3009 4362 3234 4432 synodo
3263 4363 3527 4423 deﬁnita
3552 4377 3734 4441 sunt,
3764 4393 3895 4447 spe-

2187 4451 2408 4506 cialiter
2437 4451 2684 4506 asserit?
2740 4453 2986 4507 Rursum
3022 4471 3258 4526 quoque
3284 4461 3555 4528 praefato
3609 4467 3892 4540 principi

469 4555 634 4611 nobis
658 4551 888 4619 tradita,
922 4550 980 4603 in
1011 4566 1077 4602 eo
1099 4546 1366 4602 roborata
1387 4550 1520 4600 sunt
1545 4549 1714 4616 atque
1735 4547 1982 4602 ﬁrmata.
2013 4548 2088 4619 (Si
2111 4560 2171 4632 D
2195 4544 2692 4616 scribens'(1bid.):
2737 4546 2884 4610 Quia
2910 4547 3183 4602 omnibus
3209 4551 3411 4605 modis
3445 4554 3898 4616 obediendum

471 4649 645 4720 igitur
661 4643 1055 4700 insidiantium
1075 4644 1160 4694 est
1175 4639 1474 4694 hominum
1492 4639 1802 4710 apostolica
1819 4641 2091 4710 dogmata

473 4744 528 4796 et
555 4744 796 4812 paterna
811 4735 1156 4800 convellere,
1180 4732 1274 4804 qui
1302 4733 1505 4786 eadem
1533 4736 1771 4802 paterna
1793 4737 1851 4787 et
1867 4739 2090 4804 aposto-

469 4835 577 4889 lica
593 4833 866 4902 dogmata
881 4828 1100 4882 illibata
1119 4826 1419 4896 recipiunt,
1440 4829 1662 4880 constat
1681 4827 1876 4896 procul
1891 4826 2085 4894 dubio,

471 4929 604 4999 quia
635 4923 972 4980 insidiantes
996 4937 1110 4974 non
1143 4922 1292 4972 sunt.
1317 4918 1584 4988 Ejusdem
1605 4935 1853 4988 namque
1883 4919 2088 4990 synodi

469 5021 644 5074 ﬁdem
675 5017 1082 5071 intemeratam
1124 5013 1238 5067 Deo
1281 5014 1513 5066 auctore
1559 5011 1892 5079 retinemus,
1926 5015 1983 5065 et
2009 5012 2086 5066 sic

471 5109 689 5180 privata
732 5103 966 5174 negotia
995 5117 1122 5172 qua:
1167 5100 1282 5154 illic
1325 5103 1486 5170 gesta
1529 5103 1678 5167 sunt,
1713 5117 1842 5154 cum
1888 5104 2084 5156 sancto

471 5200 889 5274 praedecessore
916 5197 1109 5248 nostro
1145 5193 1333 5246 Leone
1378 5192 1758 5262 praeterimus,
1789 5196 1851 5246 ut
1881 5193 2080 5248 deﬁni-

473 5294 690 5348 tionem
715 5283 849 5342 ﬁdei
879 5287 989 5341 illic
1015 5287 1322 5357 prolatam,
1355 5287 1649 5356 proposita
1675 5285 1846 5340 etiam
1873 5290 2081 5354 morte,

471 5398 842 5442 reservemus.
868 5382 926 5435 In
952 5379 1299 5451 praecedenti
1320 5383 1510 5433 autem
1536 5379 1862 5434 testimonio
1880 5379 2084 5433 multo-

467 5495 597 5535 rum
625 5476 790 5530 simul
811 5473 1206 5544 episc0porum
1235 5475 1426 5526 utrum
1453 5472 1714 5538 dictator,
1741 5489 1814 5526 an
1842 5472 2083 5544 scriptor

469 5570 759 5637 erraverit,
779 5568 1142 5639 ignoramus;
1168 5579 1352 5633 neque
1370 5565 1525 5618 enim
1545 5565 1602 5618 in
1618 5565 1882 5634 encycliis
1907 5565 2082 5620 conti-

2193 4641 2278 4692 est
2296 4637 2566 4708 potestati
2591 4638 2832 4710 [pietati]
2862 4643 3067 4696 vestrae
3091 4645 3150 4696 et
3166 4643 3665 4714 religiosissima:
3683 4657 3898 4711 volun-

2188 4731 2310 4797 tati,
2334 4731 2834 4786 constitutionibus
2864 4734 3256 4804 synodalibus,
3287 4753 3425 4808 quaa
3448 4742 3615 4798 mihi
3643 4747 3730 4802 de
3757 4767 3896 4804 con-

2185 4824 2512 4878 ﬁrmatione
2550 4823 2686 4878 ﬁdei
2727 4826 3025 4914 catholicae
3055 4829 3412 4898 placuerunt
3433 4835 3653 4893 libens
3691 4843 3898 4914 adjeci

2187 4917 2531 4972 sententiam
2579 4934 2794 4973 meam.
2822 4903 2908 4990 (Si
2951 4937 3091 4992 ergo
3135 4924 3700 4990 conﬁrmationem
3755 4903 3897 4991 ﬁdei

2186 5011 2474 5065 catholicae
2495 5011 2600 5065 sibi
2627 5012 2926 5082 placuisse,
2961 5015 3134 5085 eique
3164 5020 3547 5078 sententiam
3581 5028 3898 5100 adjecisse

2186 5103 2421 5171 astruit;
2453 5104 2511 5158 in
2543 5105 2649 5171 his,
2680 5105 2737 5159 in
2761 5106 2968 5176 quibus
2994 5109 3368 5167 conﬁrmatio
3399 5114 3554 5172 ﬁdei
3591 5137 3734 5178 non
3761 5127 3893 5195 fuit,

2184 5200 2408 5250 constat
2437 5197 2572 5268 quia
2602 5200 2950 5254 sententiam
2984 5217 3102 5256 non
3139 5203 3378 5274 adjecit.

2253 5291 2338 5386 Y1.
2367 5290 2567 5386 Adhuc
2609 5297 2802 5386 autem
2836 5310 2904 5347 ex
2949 5295 3212 5364 ejusdem
3260 5298 3429 5354 beati
3466 5304 3715 5366 Leonis
3769 5313 3891 5386 cpi.

2183 5384 2326 5437 stola
2352 5384 2746 5438 testimonium
2776 5386 2997 5457 scriptis
3039 5389 3246 5444 vestris
3272 5391 3580 5466 inseritis,
3637 5422 3786 5476 qua:
3807 5384 3894 5463 wad

2183 5475 2450 5530 Basilium
2501 5477 2676 5532 dicit:
2727 5479 2823 5532 Pie
2857 5480 3023 5535 nobis
3055 5486 3114 5536 et
3159 5490 3521 5544 constanter
3571 5475 3890 5556 utendum

2185 5570 2402 5663 (Pierson
2441 5569 2766 5643 vivendum)
2821 5576 2940 5641 est,
2985 5575 3206 5630 nedum
3243 5579 3466 5636 talium
3529 5587 3888 5663 disputatio

468 5669 654 5732 netur,
704 5665 766 5717 ut
793 5660 898 5731 ipsi
948 5659 1008 5711 in
1053 5655 1272 5725 scriptis
1301 5657 1502 5710 vestris
1549 5657 1832 5726 posuistis.
1885 5660 2078 5728 Neque
2180 5661 2522 5729 admittitur,
2538 5679 2736 5718 eorum
2761 5680 2890 5734 quin
2909 5664 3182 5722 divinitus
3204 5668 3462 5729 deﬁnita
3483 5655 3668 5752 sunt,
3686 5693 3890 5742 aucto.

465 5760 622 5816 enim
653 5757 771 5811 iota
788 5767 970 5806 unum
1002 5751 1101 5802 aut
1142 5748 1360 5819 apicem
1387 5764 1690 5819 possumus
1716 5766 2079 5806 commovere
2177 5753 2330 5839 ritati
2358 5753 2686 5826 derogetur.
2709 5757 2779 5812 Et
2791 5756 2970 5814 infra:
2995 5760 3112 5816 Nec
3133 5763 3297 5819 enim
3323 5766 3620 5842 aliquam
3645 5748 3884 5854 Ρο-νεαη

538 5879 608 5948 (α)
637 5877 842 5929 Dcesse
867 5868 954 5924 his
980 5867 1272 5940 quidpiam
1307 5867 1544 5922 videtur.
1576 5868 1742 5927 HARD.
