3994 6396
105 395 200 448 7⁷21

1389 391 1727 455 ΕΡιδΤυιιίΕ
1765 389 1849 448 ΕΤ
1886 389 2212 448 DEGBJ‘JTA.

3370 392 3473 450 722

104 497 178 554 ad
190 495 486 572 aliquam]
501 497 980 572 disceptationem
997 499 1165 572 plene
1179 466 1416 555 deﬁnita
1428 498 1750 554 revocanda
1770 507 1830 583 Α
1849 505 1911 557 ut
1935 503 2009 558 ad
2036 519 2238 557 omnes
2249 500 2454 557 fratres
2469 501 2566 573 qui
2582 498 3038 560 Chalcedonensi
3053 499 3273 573 synodo
3301 497 3474 555 inter-

104 595 256 660 sunt,
287 609 365 647 ne
395 592 478 648 ad
510 593 811 648 arbitrium
844 593 1253 649 damnatorum
1297 593 1406 665 ipsi
1436 593 1506 648 de
1552 592 1640 648 his
1667 591 1745 647 vi-

109 688 358 744 deamur
397 689 726 760 ambigere,
757 706 885 761 quae
912 689 1284 744 manifestum
1313 693 1398 744 est
1422 706 1526 760 per
1554 687 1752 743 omnia

109 781 474 854 propheticis
497 785 556 836 et
587 782 932 853 evangelicis
953 787 1124 854 atque
1157 783 1478 854 apostolicis
1505 781 1748 837 auctori-

110 875 324 930 tatibus
345 891 698 930 consonare.
722 876 878 944 (Quae
907 879 1102 931 autem
1121 877 1208 930 vel
1229 875 1489 947 superius
1517 875 1752 930 deﬁnita

111 968 406 1034 divinitus,
439 969 534 1022 vel
554 969 794 1023 inferius
823 970 991 1039 plene
1023 969 1259 1024 deﬁnita
1276 972 1510 1037 asserat,
1535 985 1602 1022 ex
1629 968 1752 1038 ipsa

110 1061 196 1116 vel
223 1077 291 1116 ex
317 1061 451 1116 aliis
476 1061 604 1132 ejus
629 1061 884 1133 epistolis
913 1065 1100 1117 vestra
1133 1063 1481 1118 Fraternitas
1508 1064 1748 1132 penset:

113 1154 169 1208 in
197 1154 412 1225 quibus
445 1172 752 1226 nunquam
794 1155 1060 1226 specialia
1090 1159 1251 1226 gesta
1281 1154 1749 1221 commemorari,

116 1247 214 1302 sed
247 1248 372 1302 sola
389 1264 527 1318 quae
557 1248 754 1303 deﬁde
769 1253 901 1302 sunt
926 1249 1148 1319 prolata
1161 1249 1484 1303 conﬁrmat.
1500 1248 1661 1303 Unde
1691 1247 1751 1301 in

114 1340 200 1395 his
225 1357 465 1412 quoque
495 1341 686 1396 verbis
714 1341 1019 1412 vigilanter
1047 1341 1630 1412 imprimitur[Forsan
1658 1357 1750 1394 ex-

115 1433 432 1506 primitur],
464 1438 526 1488 et
557 1451 685 1506 quae
711 1436 880 1505 plene
919 1434 1156 1488 deﬁnita
1185 1434 1392 1489 dixerit
1437 1433 1754 1489 attenditur

124 1525 342 1598 [Forsan
381 1527 756 1596 ostenditur],
789 1543 919 1581 cum
943 1527 1111 1581 dicit:
1143 1528 1222 1581 Ne
1260 1527 1330 1581 de
1363 1527 1451 1581 his
1496 1526 1632 1598 ipsis
1671 1525 1768 1580 vi--

119 1619 365 1674 deamur
387 1619 712 1690 ambigere,
743 1636 870 1692 qua:
899 1620 1273 1674 manifestum
1305 1623 1391 1673 est
1418 1636 1521 1691 per
1555 1620 1754 1674 omnia

119 1712 472 1784 propheticis
495 1717 554 1766 et
577 1713 921 1784 evangelicis
952 1716 1123 1785 atque
1155 1713 1476 1784 apostolicis
1506 1712 1749 1767 auctori-

120 1806 329 1860 tatibus
355 1809 726 1875 consonare).
760 1809 1019 1873 Pensate,
1053 1822 1268 1877 quaso,
1298 1806 1505 1860 fratres
1537 1806 1750 1860 charis-

121 1899 266 1965 simi,
294 1899 340 1954 si
367 1899 588 1970 scripta
635 1871 919 1954 Theodori
948 1871 1294 1970 propheticis
1329 1904 1385 1953 et
1410 1898 1753 1970 evangelicis
1773 1871 1830 1942 B

124 1997 290 2062 atque
317 1993 600 2063 apostolis
639 1993 1070 2048 auctoritatibus
1117 1995 1455 2059 consonant,
1489 2008 1616 2062 quae
1661 2008 1750 2046 re-

125 2084 493 2155 demptorem
516 2089 782 2140 nostrum
813 2085 1024 2156 iniquis
1055 2085 1283 2139 ausibus
1312 2083 1622 2139 Dominum
1651 2101 1750 2138 ne-

127 2188 279 2254 gant.
302 2183 555 2238 Pensate
585 2179 632 2234 si
661 2179 758 2234 illa
785 2179 1026 2250 epistola
1055 2177 1402 2249 propheticis
1423 2181 1481 2232 et
1505 2193 1758 2248 evange-'

126 2251 250 2330 licis'
301 2279 480 2346 atque
542 2271 872 2344 apostolicis
944 2271 1374 2326 auctoritatibus
1437 2286 1752 2325 consonare

119 2369 394 2433 videatur,
423 2367 484 2421 in
515 2383 631 2438 qua
657 2369 716 2420 et
741 2364 920 2420 hostis
951 2363 1212 2418 Ecclesiae
1241 2363 1536 2418 Nestorius
1561 2363 1756 2419 defen-

127 2461 292 2528 ditur,
317 2464 375 2516 et
401 2461 682 2516 defensor
709 2458 970 2513 Ecclesia:
997 2457 1578 2528 Cyrillus'accusatur.
1607 2458 1751 2510 Pen-

127 2561 235 2610 sate
259 2553 303 2608 si
329 2554 430 2609 illa
445 2551 781 2608 Theodoriti
803 2551 1010 2622 scripta
1031 2549 1398 2621 propheticis,
1413 2549 1756 2619 evangelicis

128 2651 292 2718 atque
339 2645 674 2718 apostolicis
727 2644 1161 2699 auctoritatibus
1212 2645 1567 2710 consonant,
1628 2659 1753 2713 quas

129 2741 277 2811 prius
301 2744 511 2796 contra
541 2742 758 2793 rectam
799 2737 975 2792 ﬁdem
1017 2737 1189 2804 edita,
1218 2736 1337 2807 ipse
1383 2735 1752 2806 postmodum

131 2850 431 2888 conversus
485 2833 750 2887 damnat.
795 2823 1125 2884 Extremum
1182 2845 1410 2901 quoque
1458 2845 1606 2899 saepe
1651 2828 1754 2883 fati

129 2927 324 2982 Leonis
345 2927 419 2981 ad
433 2926 665 2981 Actium
686 2925 1084 2996 presbyterum
1109 2921 1499 2976 testimonium
1521 2921 1751 2993 ponitis,

131 3037 238 3091 quo
268 3021 348 3075 ait
368 3022 391 3044 ⁴
421 3037 434 3075 :
469 3021 554 3074 Ne
583 3019 836 3090 patiatur
872 3016 1186 3088 sopitarum
1220 3032 1415 3070 rerum
1460 3019 1753 3070 certamen

132 3113 332 3181 afferri,
357 3129 610 3185 quarum
636 3114 978 3166 retractator
993 3126 1110 3164 non
1137 3108 1243 3163 nisi
1270 3109 1581 3178 sacrilegus
1595 3109 1751 3163 inve-

134 3205 505 3275 nitur.(Quod
533 3205 605 3258 de
651 3203 856 3274 quibus
885 3203 1056 3256 rebus
1087 3204 1324 3267 astruat,
1367 3201 1440 3255 ad
1485 3201 1750 3256 eumdem
1773 3230 1828 3305 Ο

130 3299 344 3353 Aetium
372 3299 632 3353 scribens
657 3297 777 3368 ipse
807 3295 1143 3350 manifestat
1169 3293 1364 3348 dicens
1384 3296 1430 3318 θ’
1462 3310 1475 3348 :
1506 3294 1654 3348 Nihil
1681 3294 1753 3348 ab

132 3392 448 3462 apostolicis
491 3407 753 3462 unquam
783 3393 984 3460 potero
1033 3387 1246 3442 sentire
1293 3387 1601 3456 diversum,
1649 3404 1754 3442 nec

133 3501 164 3537 a
189 3501 317 3539 mea
335 3485 456 3557 ipse
475 3483 704 3539 deviare
724 3482 1039 3546 sententia;
1063 3484 1120 3534 et
1147 3480 1301 3552 quod
1322 3485 1518 3535 sancto
1540 3479 1754 3552 Spiritu

133 3579 415 3632 revelante
471 3577 766 3632 confessus
806 3591 953 3641 sum,
987 3573 1256 3646 quodque
1302 3590 1533 3628 mecum
1580 3574 1755 3628 totius

135 3671 327 3739 synodi
366 3670 727 3742 professione
773 3668 1121 3740 praedicante
1159 3665 1422 3738 patefeci,
1449 3666 1640 3737 aliqua
1665 3684 1754 3722 va-

134 3763 330 3819 rietate
359 3767 749 3820 commutem:
768 3779 898 3817 cum
914 3761 1130 3816 facilius
1152 3759 1295 3814 mihi
1316 3759 1389 3814 sit
1408 3759 1756 3830 quibuslibet

136 3860 189 3910 et
225 3857 514 3929 suppliciis
539 3857 612 3911 ab
655 3857 764 3912 hoc
808 3855 1028 3910 mundo
1077 3851 1308 3920 auferri,
1346 3869 1522 3923 quam
1575 3853 1646 3908 ab
1685 3871 1754 3910 ea

138 3965 302 4018 quam
349 3951 702 4022 generaliter
739 3948 977 4014 credidi,
1023 3948 1373 4018 professione
1405 3947 1656 4020 mutari).
1695 3947 1754 4004 Si

138 4057 268 4112 ergo
291 4049 496 4100 cuncta
518 4061 611 4099 res
642 4060 770 4115 qua:
804 4041 1102 4096 retractari
1131 4058 1249 4096 non
1289 4041 1480 4107 debet,
1511 4041 1631 4095 sola
1669 4045 1756 4096 est

137 4136 404 4204 professio
423 4137 581 4205 ﬁdei,
611 4137 705 4192 ille
723 4138 1066 4190 retractator
1088 4151 1282 4188 rerum
1299 4133 1408 4188 erit
1424 4133 1750 4204 sacrilegus,

139 4228 231 4296 qui
249 4230 587 4299 professioni
605 4230 728 4301 ejus
748 4229 919 4284 fuerit
945 4228 1219 4282 diversus.
1243 4229 1386 4282 Nam
1415 4228 1570 4298 quod
1597 4227 1753 4282 idem

138 4317 330 4376 beatus
355 4324 468 4379 Leo
497 4325 679 4379 solam
702 4323 760 4378 in
783 4321 1003 4394 synodo
1021 4321 1435 4392 professionem
1453 4320 1585 4374 ﬁdei
1604 4337 1755 4375 sum~

137 4427 227 4468 mo
254 4415 456 4471 ardore
499 4417 800 4478 custodiat,
831 4415 1152 4469 innumeris
1189 4413 1441 4484 epistolis
1480 4413 1749 4468 demons-

140 4508 262 4572 trat,
280 4524 345 4562 ex
358 4510 563 4580 quibus
583 4526 767 4581 pauca
783 4507 1031 4564 breviter
1042 4507 1287 4578 perstrin
1295 4507 1410 4578 gim
1419 4524 1500 4573 us,
1517 4510 1578 4560 ut
1595 4507 1652 4560 in
1672 4507 1752 4561 eis

1849 597 2101 663 fuerunt,
2117 597 2326 668 scripta
2337 597 2667 668 dirigerem,
2683 598 2888 669 quibus
2900 596 3175 668 placuisse
3189 594 3329 650 mihi
3342 611 3471 666 quas

1851 708 1885 746 a
1905 693 2114 747 sanctis
2134 691 2405 747 fratribus
2429 691 2636 746 nostris
2662 691 2732 747 de
2752 693 2952 762 regula
2977 690 3113 745 ﬁdei
3129 690 3471 744 conﬁrmata

1852 787 2002 852 sunt,
2026 785 2514 840 ‘demonstrarem.
2544 785 2705 856 (Hinc
2730 788 2816 840 est
2835 784 2992 857 quod
3015 783 3327 840 Pulcherite
3356 785 3466 842 Au-

1851 881 2031 948 gustas
2059 877 2268 932 iterum
2289 878 2558 945 scribens,
2578 878 2658 932 ait
2673 879 2865 949 (Epist.
2894 878 2980 948 58)
3003 895 3016 932 :
3045 877 3202 931 Circa
3227 877 3469 930 fratrem

1852 973 2048 1025 autem
2076 988 2272 1025 meum
2299 975 2700 1026 veneratorem
2737 974 2988 1025 vestrum
3029 969 3318 1026 lulianum
3356 968 3472 1040 epi-

1851 1080 2087 1134 scopum
2113 1067 2392 1135 quantum
2432 1065 2640 1119 debeat
2677 1064 2913 1119 credere
2955 1067 3144 1118 vestra
3189 1061 3468 1132 dignatio,

1852 1156 2176 1227 apostolicae
2193 1157 2342 1211 sedis
2361 1157 2639 1211 aestimate
2648 1157 2887 1228 judicio,
2901 1173 3032 1211 cum
3045 1156 3104 1210 in
3122 1171 3294 1210 causa
3312 1154 3469 1221 ﬁdei,

1852 1251 1944 1306 cui
1995 1251 2242 1320 gloriosa
2291 1251 2478 1305 Pietas
2520 1253 2708 1304 vestra
2755 1251 3088 1317 famulatur,
3139 1249 3321 1303 vicem
3361 1247 3471 1320 ipsi

1851 1359 2044 1398 meam
2057 1347 2293 1398 eatenus
2309 1342 2649 1413 delegarim,
2665 1346 2726 1398 ut
2741 1343 2812 1398 ab
2827 1360 2894 1398 ea
2911 1359 3039 1414 quae
3055 1341 3213 1397 vobis
3229 1340 3472 1396 debetur

1853 1437 2212 1491 observantia
2242 1453 2358 1490 non
2388 1436 2684 1504 recedens,
2724 1453 2819 1492 me
2859 1435 3062 1491 Pietati
3092 1437 3293 1490 vestrae
3321 1450 3468 1506 prae-

1852 1533 2079 1584 sentare
2110 1546 2227 1584 non
2261 1529 2529 1600 desinat.)
2563 1531 2805 1585 Causam
2837 1529 3049 1602 quippe
3086 1529 3221 1585 ﬁdei
3247 1545 3468 1584 memo-

1852 1641 2004 1690 rans,
2038 1639 2428 1694 nequaquam,
2472 1624 2740 1691 Eatenus,
2777 1623 3008 1691 diceret,
3039 1623 3148 1678 nisi
3192 1622 3474 1694 quidquid

1853 1720 2011 1772 extra
2036 1716 2212 1770 ﬁdem
2253 1719 2542 1787 ageretur,
2571 1734 2638 1770 ex
2669 1716 2887 1788 synodo
2934 1716 3155 1771 excludi
3183 1715 3470 1772 voluisset.

1921 1811 2032 1864 VII.
2063 1811 2308 1864 Rursum
2355 1827 2460 1880 per
2501 1809 2805 1880 epistolam
2852 1813 3102 1864 vestram
3151 1809 3389 1876 dicitur,
3440 1826 3475 1864 a

1854 1902 1988 1956 sede
2016 1903 2326 1973 apostolica
2353 1919 2452 1957 vos
2473 1903 2691 1970 doctos,
2719 1906 2892 1974 atque
2919 1903 2990 1957 ab
3024 1903 3232 1958 scrinio
3263 1905 3473 1957 sanctae

1854 1995 2135 2062 Ecclesiae,
2169 1995 2259 2049 cui
2310 1996 2428 2050 Deo
2456 2000 2687 2050 auctore
2717 2012 3055 2066 praesumus,
3078 1996 3470 2061 conﬁrmatos,

1855 2105 1926 2142 ne
1952 2087 2084 2142 huic
2112 2088 2195 2142 rei
2227 2104 2354 2158 quas
2385 2088 2488 2142 sub
2507 2088 2617 2160 pice
2647 2088 2944 2143 memoria:
2971 2088 3291 2143 Iustiniano
3315 2089 3472 2159 prin-

1853 2180 1976 2252 cipe
2033 2184 2194 2251 gesta
2245 2183 2362 2247 est,
2403 2181 2726 2236 consentire
2775 2181 3032 2236 debeatis
3065 2198 3078 2236 :
3108 2185 3280 2252 atque
3329 2181 3479 2235 hanc

1855 2273 2294 2346 Opitulationem
2317 2275 2667 2328 excusationi
2694 2278 2898 2329 vestra:
2933 2274 3246 2344 adjungitis
3283 2273 3475 2328 dicen-

1853 2370 1958 2433 tes,
1987 2367 2222 2438 quodin
2249 2383 2432 2422 causa;
2449 2367 2734 2439 principio
2756 2371 2813 2422 et
2841 2367 3006 2422 sedes
3031 2367 3344 2438 apostolica
3374 2383 3479 2438 per

1853 2460 1912 2514 Vi
1921 2461 2121 2531 gilium
2144 2476 2378 2532 papam,
2399 2462 2456 2514 et
2473 2477 2673 2515 omnes
2693 2460 3024 2516 Latinarum
3050 2459 3478 2530 provinciarum

1854 2553 2140 2624 principes
2183 2552 2546 2607 damnationi
2594 2553 2770 2607 trium
2822 2553 3204 2624 capitulorum
3249 2552 3478 2607 fortiter

1852 2645 2204 2700 restiterunt.
2236 2647 2299 2698 In
2325 2645 2530 2716 quibus
2559 2645 2746 2700 verbis
2800 2645 3172 2712 attendimus,
3203 2645 3357 2716 quod
3382 2662 3476 2700 res

1853 2756 1980 2812 quae
2000 2755 2308 2809 provocare
2324 2756 2422 2794 vos
2443 2740 2515 2794 ad
2536 2755 2879 2794 consensum
2903 2738 3119 2805 debuit,
3144 2756 3177 2794 a
3198 2755 3477 2794 consensu

1851 2834 2085 2905 vosipsa
2117 2833 2352 2888 divellit.
2373 2833 2558 2888 Latini
2575 2831 2788 2904 quippe
2807 2833 3074 2888 homines
3093 2836 3148 2887 et
3163 2833 3477 2888 Graecitatis

1854 2927 2061 2997 ignari,
2082 2925 2494 2996 dumlinguam
2515 2926 2796 2993 nesciunt,
2811 2942 3070 2981 errorem
3085 2926 3247 2980 tarde
3268 2943 3478 2996 cogno-

1853 3023 2092 3085 verunt;
2125 3023 2184 3073 et
2220 3022 2378 3074 tanto
2419 3019 2500 3073 eis
2536 3018 2775 3074 celerius
2818 3019 2975 3073 credi
3015 3019 3232 3086 debuit,
3261 3022 3476 3090 quanto

1855 3129 2056 3168 eorum
2083 3113 2424 3178 constantia,
2448 3129 2743 3184 quousque
2769 3129 2968 3166 verum
2989 3115 3420 3183 cognoscerent,
3445 3129 3480 3167 a

1855 3205 2169 3260 certamine
2198 3222 2315 3259 non
2359 3204 2600 3275 quievit;
2651 3222 2898 3276 quorum
2933 3207 3277 3260 con'sensum
3322 3208 3476 3260 certe

1860 3298 2050 3371 [recte]
2085 3297 2432 3352 Fraternitas
2457 3301 2643 3352 vestra
2673 3298 3010 3368 despiceret,
3041 3298 3087 3352 si
3114 3316 3254 3352 ausu
3283 3299 3479 3369 praeci-

1855 3392 1977 3464 piti,
1994 3391 2329 3464 priusquam
2351 3407 2549 3444 verum
2562 3393 2995 3461 cognoscerent,
3019 3392 3471 3446 consensissent:

1855 3488 1914 3540 at
1938 3487 2239 3556 postquam
2259 3483 2357 3538 diu
2378 3483 2449 3537 ab
2475 3483 2558 3537 eis
2577 3483 2898 3538 laboratum
2927 3487 3030 3550 est,
3060 3486 3119 3538 et
3142 3485 3315 3554 longe
3339 3487 3479 3538 tem-

1853 3594 1992 3650 pore
2024 3577 2098 3631 ad
2126 3576 2364 3647 injurias
2394 3593 2571 3646 usque
2602 3578 2906 3644 certatum,
2939 3575 3072 3630 hinc
3110 3580 3298 3630 vestra
3341 3577 3471 3631 Fra-

1853 3670 2091 3726 ternitas
2117 3673 2318 3741 penset
2349 3669 2482 3740 quia
2513 3672 2599 3723 tot
2621 3669 2846 3724 labores
2892 3673 3131 3740 repente
3163 3687 3279 3723 non
3306 3670 3476 3724 relin-

1855 3766 2116 3836 querent,
2148 3761 2254 3816 nisi
2284 3779 2411 3833 quae
2439 3779 2574 3816 vera
2599 3761 2711 3816 sint
2729 3762 3112 3833 agnovissent.
3139 3762 3284 3826 Quid
3317 3763 3474 3818 enim

1855 3857 2030 3912 divini
2060 3855 2279 3912 consilii
2326 3855 2498 3910 fuisse
2547 3855 2852 3922 credimus,
2900 3857 3140 3923 fratres,
3189 3856 3342 3927 quod
3377 3857 3475 3912 diu

1853 3950 2088 4005 Saulum
2121 3947 2491 4020 omnipotens
2522 3950 2670 4003 Deus
2709 3952 3160 4020 repugnatorem
3198 3966 3313 4004 suae
3341 3950 3476 4005 ﬁdei

1855 4060 1975 4098 esse
2007 4041 2290 4115 permisit,
2321 4045 2379 4096 et
2421 4042 2497 4096 sic
2541 4059 2674 4096 eum
2713 4059 2829 4096 sua:
2867 4043 3000 4096 ﬁdei
3035 4043 3477 4114 praedicatorem

1854 4137 2007 4204 fecit,
2037 4137 2143 4190 nisi
2166 4138 2227 4190 ut
2245 4135 2480 4203 cunctis,
2511 4135 2718 4206 quibus
2743 4152 2846 4208 per
2872 4135 3033 4190 illum
3061 4137 3250 4190 fuerat
3275 4137 3477 4208 praedi-

1853 4233 2099 4296 caturus,
2123 4228 2472 4295 ostenderet,
2502 4227 2636 4300 quia
2655 4228 2819 4283 valde
2847 4245 3046 4283 verum
3067 4233 3150 4284 est
3177 4230 3280 4284 Dei
3301 4231 3478 4285 Evan-

1853 4322 2089 4393 gelium,
2122 4321 2276 4392 quod
2299 4326 2355 4376 et
2381 4324 2541 4376 tanta
2572 4321 2781 4376 duritia
2808 4321 3082 4377 inclinata
3113 4323 3473 4394 praedicaret,

1853 4419 1916 4470 ut
1940 4415 2078 4470 dum
2105 4431 2173 4468 ea
2199 4413 2489 4468 auditores
2515 4414 2637 4484 ejus
2667 4431 2794 4484 quae
2821 4415 2892 4469 ab
2926 4415 3022 4470 illo
3047 4419 3247 4470 contra
3281 4415 3477 4470 ﬁdeles

1853 4511 2014 4579 gesta
2033 4507 2372 4575 recolerent,
2395 4510 2632 4578 repente
2655 4523 2786 4560 eum
2807 4507 2881 4561 ad
2901 4507 3076 4561 ﬁdem
3101 4523 3328 4562 versum
3356 4525 3472 4563 non

139 4599 338 4655 certior
363 4602 512 4658 facta
538 4605 727 4657 vestra
752 4601 1099 4656 Fraternitas
1119 4600 1350 4670 colligat
1369 4616 1545 4670 quam
1573 4601 1753 4654 multa
1772 4595 1830 4666 D
1855 4601 1976 4655 sine
2002 4599 2250 4654 evidenti
2279 4598 2502 4652 ratione
2527 4599 2850 4652 sentirent?
2893 4599 3056 4654 Unde
3099 4599 3217 4670 ipse
3243 4617 3472 4681 quoque

141 4691 442 4750 taceamus.
460 4697 599 4751 Hinc
612 4699 698 4750 est
719 4695 878 4750 enim
900 4693 1054 4766 quod
1069 4693 1416 4748 Marcianum
1431 4695 1750 4764 Augustum

139 4783 338 4854 scripto
393 4806 494 4844 suo
547 4789 886 4865 alloquitur,
937 4787 1133 4842 dicens
1167 4787 1357 4856 (Epist.
1390 4789 1512 4858 59;:
1574 4785 1754 4840 Fratri

143 4879 327 4932 autem
375 4897 505 4937 meo
555 4881 780 4938 Juliano
831 4881 1098 4952 episcOpo
1142 4879 1364 4934 noverit
1399 4882 1582 4934 vestra
1626 4879 1750 4934 Cle-

141 4971 348 5026 mentia
389 4973 497 5030 hoc
527 4991 621 5030 me
651 4975 882 5047 proprie
923 4974 1214 5043 delegasse
1241 4975 1302 5026 ut
1333 4971 1613 5044 quidquid
1639 4971 1752 5026 illic

142 5060 210 5114 ad
225 5066 536 5123 custodiam
556 5053 694 5123 ﬁdei
711 5067 999 5140 pertinere
1014 5065 1358 5138 probaverit,
1374 5082 1502 5120 meo
1515 5065 1752 5120 nomine

140 5158 328 5211 vestrae
349 5160 688 5217 ﬁducialiter
708 5163 980 5232 suggerat
1002 5159 1458 5231 potestati.(Hinc
1489 5162 1575 5212 est
1597 5158 1752 5229 quod

143 5245 439 5307 Pulcheria:
481 5258 753 5326 Augustae
792 5254 1065 5321 scribens,
1099 5252 1179 5306 ait
1204 5250 1396 5323 (Epist.
1428 5251 1553 5323 60):
1589 5251 1754 5315 Quod

144 5352 268 5394 vero
309 5344 592 5413 piissimus
641 5347 957 5420 imperator
987 5346 1060 5402 ad
1097 5363 1302 5402 omnes
1332 5345 1630 5416 episcopos
1657 5344 1753 5416 qui

144 5430 580 5496 Chalcedonensi
607 5442 826 5513 synodo
853 5441 1258 5506 interfuerunt,
1289 5439 1471 5494 voluit
1493 5455 1586 5492 me
1617 5438 1751 5492 scri-

147 5526 236 5591 Pta
255 5526 514 5602 dirigere,
531 5535 735 5605 quibus
755 5551 825 5588 ea
845 5551 972 5605 qua:
1000 5533 1110 5588 illic
1137 5533 1208 5587 de
1237 5532 1370 5586 ﬁdei
1399 5532 1598 5602 regula
1623 5534 1756 5586 sunt

147 5614 372 5678 deﬁnita
401 5626 715 5695 ﬁrmarem,
746 5627 992 5682 libenter
1021 5625 1294 5698 implevi).
1316 5625 1458 5680 Hinc
1484 5627 1570 5678 est
1599 5624 1755 5696 quod

150 5707 361 5770 Iuliano
393 5719 658 5790 episcopo
685 5720 957 5788 scribens,
981 5719 1120 5775 dicit
1142 5737 1155 5775 :
1179 5718 1345 5784 Quod
1370 5717 1755 5773 necessarium

150 5803 378 5862 credidit
397 5812 868 5867 clementissimus
885 5814 1218 5884 imperator,
1241 5810 1752 5884 libenterimplevi,

218 5924 237 5944 ¹
266 5924 384 5986 Non
408 5934 590 5990 exstat
608 5932 728 5990 haec
759 5932 1018 6007 epistola.

1853 4694 1988 4748 dum
2003 4690 2470 4764 praedicationem
2486 4708 2647 4746 suam
2661 4691 2869 4746 debere
2891 4692 3051 4748 facile
3065 4693 3136 4746 ab
3148 4692 3474 4749 inﬁdelibus

1852 4785 2028 4858 recipi
2058 4783 2302 4840 Domino
2335 4783 2571 4854 diceret,
2601 4784 2716 4840 ait:
2748 4788 2984 4848 Domine,
3013 4788 3121 4856 ipsi
3144 4788 3318 4841 sciunt
3343 4789 3474 4856 quia

1853 4895 1945 4950 ego
1999 4895 2146 4934 eram
2185 4878 2502 4932 concludens
2531 4880 2589 4932 in
2623 4894 2852 4942 carcere,
2882 4883 2932 4933 et
2963 4879 3166 4934 cadens
3187 4895 3286 4950 per
3307 4895 3470 4948 syna-

1852 4987 2016 5043 gogas
2064 4986 2146 5026 eos
2195 4973 2292 5040 qui
2342 4971 2628 5026 credebant
2663 4973 2722 5025 in
2751 4975 2800 5026 te
2849 4971 2987 5041 (Act.
3034 4970 3188 5041 XXII).
3241 4972 3310 5025 Et
3334 4988 3466 5026 cum

1852 5067 2092 5132 Galatas,
2129 5064 2325 5118 relicta
2362 5063 2652 5134 Evangelii
2682 5065 2898 5134 regula,
2947 5063 3005 5118 in
3029 5064 3303 5120 Judaismi
3337 5083 3472 5120 con-

1854 5158 2364 5230 spicereterrorem
2377 5157 2712 5224 declinasse,
2733 5173 2893 5211 suam
2911 5157 2992 5212 eis
3008 5157 3257 5229 priorem
3277 5161 3476 5214 contra

1853 5250 2228 5321 Evangelium
2252 5250 2526 5305 duritiam
2570 5251 2783 5318 retulit,
2817 5254 2876 5304 et
2901 5251 2971 5305 ab
2991 5251 3316 5307 intentione
3345 5270 3474 5324 per-

1853 5344 2004 5398 ﬁdiae
2035 5360 2236 5398 eorum
2265 5347 2490 5398 mentes
2515 5344 2764 5412 retorsit,
2797 5344 2991 5399 dicens
3020 5363 3032 5400 :
3071 5347 3321 5402 Audistis
3349 5363 3475 5402 con-

1851 5440 2203 5493 versationem
2246 5454 2415 5492 meam
2456 5439 2756 5508 aliquando
2785 5440 2842 5492 in
2882 5439 3183 5503 Judaismo,
3223 5443 3476 5510 quoniam

1852 5547 2020 5602 supra
2064 5530 2282 5585 modum
2321 5532 2679 5600 persequebar
2720 5532 3013 5586 Ecclesium
3069 5535 3184 5596 Dei,
3225 5537 3276 5588 et
3303 5549 3472 5603 cmpu-

1853 5624 2087 5692 gnabam
2135 5623 2335 5692 illam;
2392 5628 2442 5677 et
2491 5625 2832 5694 proﬁciebam
2876 5627 2934 5679 in
2979 5625 3258 5680 Judaismo
3307 5640 3472 5694 supra

1852 5717 2047 5772 multos
2099 5720 2385 5772 cowtaneos
2437 5731 2575 5770 meos
2602 5719 2660 5770 in
2698 5733 2886 5786 genere
2931 5733 3064 5784 meo,
3109 5717 3472 5772 abundantius

1853 5811 2133 5865 mutator
2161 5813 2390 5865 existens
2413 5814 2771 5881 paternarum
2809 5827 3049 5866 mearum
3092 5809 3466 5865 traditionum.

1927 5931 1974 5955 η
1995 5930 2190 6005 Neque
2214 5930 2335 5989 haec
2361 5930 2548 5989 adhuc
2574 5933 2773 5988 exstat.
