3994 6410
486 393 586 446 723

485 501 614 557 Cum
631 503 808 552 autem
827 497 1035 565 placuit
1059 497 1107 549 ei
1124 496 1218 563 qui
1241 509 1322 548 me
1339 496 1640 563 segregavit
1663 495 1728 548 de
1740 499 1888 549 utero
1908 499 2102 550 matris
2124 507 2182 580 Α

484 607 630 652 meae,
657 596 707 644 et
730 591 935 643 vocavit
953 605 1053 657 per
1078 590 1314 655 gratiam
1338 603 1513 650 suam,
1536 593 1596 642 ut
1621 589 1880 642 reuelaret
1906 591 2103 645 Filium

483 699 640 738 suum
669 685 726 735 in.
752 697 850 747 me,
878 686 938 735 ut
972 683 1390 748 euangelizarem
1417 682 1571 734 illum
1599 683 1658 734 in
1687 682 1951 747 gentibus,
1984 698 2104 736 con-

483 779 632 830 tinuo
659 792 767 828 non
803 777 1050 842 acquievi
1093 777 1246 828 carni
1286 778 1336 828 et
1365 776 1641 840 sanguini.
1697 775 1857 842 Ecce,
1897 775 2102 829 fratres

481 867 822 933 charissimi,
841 869 1046 922 Paulus
1060 867 1326 937 egregius
1347 867 1564 932 doctor,
1589 866 1726 936 quia
1753 867 1848 920 diu
1877 867 2105 923 veritati

481 961 709 1026 restitit,
738 961 872 1014 inde
905 961 976 1013 ad
1007 959 1404 1013 conﬁrmanda
1445 959 1619 1012 corda
1655 959 2010 1014 audientium
2043 961 2102 1014 in

484 1055 741 1124 ejusdem
765 1053 1170 1123 praedicatione
1192 1052 1445 1106 veritatis
1463 1052 1812 1120 adjutorium
1832 1054 2100 1123 sumpsit:

481 1146 790 1202 ostendens
803 1144 1218 1215 profecto,quia
1236 1145 1429 1210 ﬁdem,
1445 1144 1532 1197 cui
1545 1147 1706 1198 tanto
1728 1145 1883 1214 prius
1909 1128 2104 1200 labore

479 1240 784 1304 restiterat,
812 1238 1183 1308 postmodum
1211 1238 1333 1292 sine
1361 1253 1590 1307 magna:
1612 1237 1847 1291 rationis
1875 1239 2102 1292 certitu-

483 1333 614 1386 dine
644 1348 758 1386 non
787 1331 1034 1385 tenebat.

548 1427 681 1480 Vlll.
704 1425 881 1480 Debet
911 1440 1048 1494 ergo
1081 1423 1438 1494 perpendere
1468 1425 1654 1477 vestra
1685 1423 1944 1489 Dilectio,
1969 1424 2104 1495 quia

481 1519 964 1590 praedecessorum
1001 1521 1330 1571 nostrorum
1362 1515 1418 1570 in
1460 1517 1565 1570 hac
1596 1533 1765 1570 causa
1793 1534 2102 1571 consensus

480 1616 640 1666 tanto
663 1616 789 1682 post
808 1611 995 1664 inanis
1017 1627 1132 1664 non
1151 1610 1275 1676 fuit,
1301 1613 1516 1679 quanto
1534 1609 1688 1679 prius
1711 1609 1864 1662 duris
1882 1615 2104 1664 contra-

479 1706 792 1759 dictionum
825 1703 1116 1758 laboribus
1153 1702 1457 1756 insudavit.
1491 1702 1603 1756 Sed
1638 1703 1724 1756 his
1755 1703 2098 1774 insuperJ‘a-

475 1802 630 1853 ctum
657 1797 826 1862 Petri,
847 1796 942 1866 qui
977 1799 1034 1849 et
1077 1797 1316 1849 Paulum
1345 1799 1592 1866 superat,
1616 1800 1803 1849 vestra
1825 1796 2103 1850 Fraterni-

1870 384 2135 444 PELAGII
2168 389 2358 446 PAPIE
2393 391 2440 445 ll

3812 383 3919 436 724

2204 497 2488 552 dicentes:
2531 497 2802 551 Doctrina
2825 498 3028 549 vestrae
3058 491 3402 547 reverendae
3446 489 3617 545 sedis
3669 491 3783 544 est
3811 505 3924 560 per

2202 590 2433 644 beatum
2472 591 2746 656 Leonem,
2777 603 3246 657 successoresque
3273 586 3425 655 ejus,
3481 583 3660 638 unde
3709 598 3923 654 pauca

2203 699 2660 737 commemorare
2677 681 3167 752 praesumpsimus,
3184 683 3502 735 mortuum
3525 677 3608 732 ab
3625 676 3924 731 homini-

2201 777 2307 830 bus
2357 776 2620 829 damnari
2651 777 2977 828 nullatenus
3007 777 3277 844 oportere
3303 789 3317 839 ;
3350 773 3435 841 (et
3463 774 3701 824 tamen
3743 770 3922 824 nulla

2205 869 2325 938 ejus
2353 869 2682 922 testimonia
2709 867 3056 934 subdidistis,
3082 867 3292 936 quibus
3318 865 3480 918 hanc
3505 863 3920 917 sententiam

2205 961 2527 1015 ﬁrmarctis.
2553 960 2776 1014 Etenim
2797 978 2924 1030 qua:
2944 959 3147 1013 avobis
3165 958 3485 1028 subjuncta
3509 960 3687 1024 sunt,
3717 959 3923 1009 retra-

2204 1055 2513 1109 ctationem
2545 1054 2678 1107 fidei
2700 1053 2822 1106 ﬁeri
2853 1053 3184 1122 prohibent,
3209 1068 3330 1105 non
3351 1054 3568 1104 autem
3603 1048 3922 1103 damnari

2203 1147 2464 1202 infideles
2492 1151 2748 1201 mortuos
2769 1145 3191 1200 contradicunt.
3213 1144 3332 1198 Sed
3365 1159 3579 1214 neque
3603 1143 3740 1197 hoc
3773 1141 3922 1195 bea-

2201 1243 2324 1293 tum
2353 1241 2602 1293 Leonem
2632 1239 3116 1309 prmdecessorem
3139 1241 3415 1291 nostrum
3448 1235 3750 1306 quodam
3777 1236 3917 1288 loco

2204 1332 2407 1385 dixisse
2423 1331 2810 1385 meminimus.
2831 1331 2965 1394 Quis
2986 1335 3182 1385 autem
3206 1329 3460 1394 nesciat,
3483 1328 3664 1399 quod
3688 1328 3762 1381 in
3787 1328 3922 1380 nul-

2204 1426 2256 1478 lo
2278 1425 2380 1478 sibi
2407 1425 2662 1494 ejusdem
2685 1424 2890 1478 Leonis
2910 1428 2968 1477 et
2993 1424 3146 1477 beati
3169 1421 3498 1492 Augustini
3529 1421 3914 1492 praedicatio

2203 1518 2600 1572 contradicat?
2621 1521 2742 1588 lpse
2778 1534 3031 1588 namque
3070 1517 3143 1570 ad
3173 1515 3564 1570 Bonifacium
3595 1515 3914 1568 comitem

2203 1610 2472 1676 scribens,
2497 1611 2576 1664 ait
2625 1612 2812 1680 (Epist.
2849 1613 2933 1676 50,
2960 1625 3079 1678 sup.
3110 1610 3230 1663 coll.
3262 1611 3312 1677 5)
3345 1625 3358 1663 :
3418 1608 3481 1662 Si
3515 1625 3671 1662 vera
3697 1613 3917 1661 essent

2204 1721 2330 1774 quze
2353 1704 2424 1757 ab
2448 1703 2529 1755 eis
2558 1703 2782 1772 objecta
2809 1706 2944 1756 sunt
2969 1702 3299 1768 Cceciliano,
3333 1704 3394 1754 et
3423 1702 3615 1755 nobis
3645 1704 3916 1771 possent

2206 1796 2515 1865 aliquando
2538 1795 2867 1861 monstrari,
2899 1795 3229 1866 ipsumjam
3260 1797 3593 1848 mortuum
3634 1793 3911 1848 anathe-

475 1895 562 1945 tas
590 1891 663 1944 ad
686 1889 1030 1944 memoriam
1049 1889 1304 1942 reducat.
1325 1887 1431 1942 Diu
1461 1888 1668 1958 quippe
1688 1889 1911 1955 restitit,
1936 1906 2007 1942 ne
2031 1890 2102 1942 ad
2122 1869 2178 1940 B
2205 1889 2622 1942 matizaremus.
2648 1889 2760 1943 Sed
2790 1892 2988 1941 tamen
3003 1888 3320 1941 Ecclesiam
3337 1888 3594 1952 Christi,
3615 1904 3769 1958 qua:
3791 1905 3913 1940 non

477 1984 652 2038 ﬁdem
677 1985 878 2052 gentes
896 1984 1090 2034 sancta
1107 1981 1352 2034 Ecclesia
1372 1981 1493 2033 sine
1514 1981 1941 2035 circumcisione
1964 1981 2102 2035 reci-

475 2080 656 2147 peret,
690 2075 786 2128 diu
818 2091 877 2127 se
913 2091 944 2126 a
971 2090 1372 2127 conversarum
1409 2073 1667 2144 gentium
1695 2075 2100 2128 communione

475 2167 768 2232 subtraxit,
799 2167 981 2220 Paulo
1032 2168 1357 2231 attestante,
1392 2166 1486 2235 qui
1525 2166 1639 2220 ait:
1697 2169 1827 2223 Cum
1875 2171 2102 2222 uenisset

476 2261 843 2321 Antiochiam,
871 2261 930 2312 in
961 2261 1156 2326 faciem
1183 2261 1232 2313 ei
1273 2261 1467 2320 restiti,
1500 2262 1631 2327 quia
1670 2261 2101 2328 reprehensibilis

472 2359 608 2408 erat.
636 2355 795 2406 Prius
836 2355 976 2405 enim
1016 2368 1182 2421 quam
1234 2354 1476 2405 venirent
1513 2353 1735 2422 quidam
1766 2353 1834 2406 ab
1882 2355 2097 2416 Iacobo,

473 2463 592 2500 cum
615 2447 868 2512 gentibus
898 2446 1124 2509 edebat;
1157 2461 1275 2498 cum
1305 2450 1483 2498 autem
1512 2449 1800 2508 venissent,
1826 2447 2101 2501 subtrahe-

473 2542 562 2594 bat
591 2555 664 2602 se,
695 2542 885 2592 timens
915 2554 1000 2591 eos
1021 2541 1116 2607 qui
1129 2554 1196 2591 ccc
1220 2540 1620 2592 circumcisione
1639 2545 1793 2592 erant
1820 2540 2096 2609 (Galat.1).
2127 2521 2143 2545 ⁸

471 2635 538 2686 Et
569 2633 740 2688 Paulo
777 2634 938 2702 post:
995 2635 1063 2686 Et
1115 2647 1232 2683 cum
1292 2631 1544 2684 vidissem
1609 2633 1752 2699 quod
1803 2648 1910 2685 non
1966 2637 2100 2687 recte

468 2728 766 2780 ambularet
811 2725 885 2778 ad
911 2725 1196 2778 veritatem
1256 2727 1541 2792 evangelii,
1574 2725 1696 2777 dimi
1741 2727 1896 2778 Petro
1922 2740 2100 2779 coram

466 2820 752 2872 omnibus:
805 2819 866 2873 Si
915 2822 973 2870 tu
1002 2833 1121 2870 cum
1166 2819 1384 2870 Judzcus
1423 2820 1520 2878 sis,
1580 2818 1853 2885 gentiliter
1899 2822 1950 2870 ct
1993 2835 2100 2871 non

457 2912 683 2980 judaice
719 2912 876 2970 vivis,
909 2910 1166 2978 quomodo
1209 2915 1386 2975 gentes
1421 2911 1563 2976 cogis
1597 2910 1886 2976 judaizare
1911 2912 1940 2964 ?
1991 2910 2097 2973 Qui

466 3009 666 3057 tamen
684 3003 754 3056 ab
773 3002 1170 3055 eodcmPaulo
1191 3002 1561 3071 postmodum
1574 3001 1796 3055 ratione
1814 3008 2094 3072 suscepta,

473 3097 609 3150 dum
633 3095 912 3166 quosdam
937 3095 1292 3164 conspiceret
1314 3095 1408 3164 qui
1439 3095 1682 3164 gentiles
1705 3095 1776 3149 ad
1795 3097 2097 3150 Ecclesiam

467 3187 761 3242 venientes
787 3186 1044 3257 pondere
1078 3186 1372 3240 servandae
1409 3187 1856 3241 circumcisionis
1887 3206 2088 3242 onera-

472 3285 618 3346 rent,
666 3280 828 3334 dicit:
885 3282 992 3336 Cur
1038 3282 1254 3334 tentatis
1291 3283 1478 3342 Deum,
1527 3283 1852 3349 impatientes
1894 3283 2094 3350 jugum

471 3375 755 3428 cervicibus
803 3373 1217 3442 discipulorum,
1277 3375 1421 3441 quod
1469 3389 1633 3442 neque
1676 3379 1862 3443 patres
1902 3377 2091 3439 nostri,

467 3483 637 3536 neque
661 3482 753 3519 nos
773 3471 993 3536 portare
1016 3468 1290 3534 potuimus
1312 3466 1450 3535 (Act.
1484 3466 1572 3536 xv)
1599 3467 1626 3520 ?
1663 3467 1949 3536 Nunquid,
1979 3468 2091 3521 fra-

469 3564 583 3613 tres
635 3558 965 3624 lectissimi,
1015 3560 1182 3612 Petro
1239 3560 1628 3628 apostolorum
1696 3559 1939 3629 principi
1988 3560 2092 3614 sibi

469 3650 768 3707 dissimilia
799 3651 1027 3704 docenti
1047 3651 1241 3704 debuit
1265 3651 1338 3704 ad
1369 3651 1488 3705 haec
1515 3653 1686 3706 verba
1707 3653 2092 3722 responderi?

469 3747 595 3800 Haec
614 3762 739 3816 quae
763 3745 922 3810 dicis,
944 3745 1143 3798 audire
1163 3762 1276 3798 non
1295 3761 1614 3814 possumus,
1630 3747 1764 3816 quia
1781 3747 1935 3800 aliud
1957 3751 2090 3801 ante

467 3839 791 3908 praedicasti
810 3838 837 3892 ‘?
868 3839 927 3892 Si
953 3837 1128 3905 igitur
1153 3837 1211 3889 in
1233 3837 1404 3890 trium
1427 3838 1804 3907 capitulorum
1835 3841 2088 3909 negotio,

466 3931 620 3984 aliud
651 3947 781 3984 cum
807 3931 1014 3982 veritas
1042 3932 1414 3998 quaereretur,
1447 3931 1600 3984 aliud
1637 3937 1830 3986 autem
1858 3933 2090 3987 inventa

465 4024 724 4087 veritate,
749 4022 965 4075 dictum
995 4025 1098 4086 est,
1124 4039 1224 4075 cur
1241 4024 1478 4077 mutatio
1504 4025 1803 4078 sententia:
1820 4025 1948 4079 huic
1970 4026 2090 4079 sedi

467 4116 524 4169 in
547 4115 786 4169 crimine
820 4114 1102 4184 objicitur,
1135 4132 1260 4185 quze
1289 4133 1323 4170 a
1353 4120 1555 4170 cuncta
1575 4118 1825 4171 Ecclesia
1851 4119 2084 4172 humili-

467 4207 623 4261 terin
648 4207 769 4276 ejus
782 4212 1012 4260 auctore
1031 4209 1374 4263 veneratur?
1395 4211 1517 4264 Non
1535 4210 1689 4263 enim
1707 4212 1948 4264 mutatio
1967 4229 2091 4265 sen-

469 4301 682 4366 tentize,
700 4301 799 4353 sed
829 4301 1211 4356 inconstantia
1233 4320 1430 4355 sensus
1454 4302 1510 4355 in
1528 4305 1694 4373 culpa
1717 4307 1819 4356 est.
1845 4304 2086 4367 Quando

466 4410 604 4462 ergo
633 4393 704 4446 ad
727 4393 1116 4463 cognitionem
1148 4395 1307 4460 recti,
1338 4395 1582 4448 intentio
1604 4395 2088 4452 incommutabilis

461 4491 822 4557 permaneat,
857 4487 993 4558 quid
1017 4488 1224 4554 obstat,
1254 4488 1298 4541 si
1324 4488 1713 4558 ignorantiam
1740 4506 1901 4543 suam
1923 4491 2083 4544 dese-

461 4597 614 4652 rens,
646 4581 820 4633 verba
840 4580 1169 4650 permutet?
1191 4582 1270 4634 De
1303 4581 1424 4651 ipso
1457 4598 1685 4652 quoque
1714 4587 1944 4636 auctore
1968 4601 2084 4638 om-
2101 4594 2160 4666 D

461 4673 619 4728 nium
657 4675 771 4728 Deo
803 4674 1093 4744 Scriptura
1136 4678 1442 4728 attestante
1496 4676 1913 4745 cognoscimus,
1952 4678 2085 4748 quia

461 4767 598 4821 dum
647 4766 946 4820 consilium
1000 4783 1116 4821 non
1171 4770 1371 4822 manet
1404 4771 1617 4828 (Forsan
1671 4771 1895 4840 mutat),
1933 4788 2084 4841 saepe

458 4860 804 4914 sententiam
835 4863 1058 4926 mutat;
1101 4877 1289 4930 neque
1329 4861 1482 4915 enim
1511 4862 1840 4932 inopinatus
1868 4864 1917 4917 ei
1949 4881 2080 4934 pro-

456 4959 656 5007 ventus
677 4958 1013 5022 accesserat,
1032 4971 1163 5008 cum
1187 4955 1255 5008 de
1281 4971 1348 5009 eo
1371 4972 1544 5025 quem
1569 4956 1687 5026 ipse
1710 4957 1849 5025 ungi
1874 4974 2083 5028 praece~

455 5049 638 5117 perat,
673 5047 930 5100 dicebat:
963 5049 1189 5102 Pamitet
1218 5064 1298 5102 me
1338 5049 1554 5103 SauIem
1581 5051 1799 5103 auxisse
1824 5066 1996 5119 regem
2024 5054 2080 5106 in

452 5140 621 5194 Israel
649 5139 699 5207 (Ι
744 5142 870 5207 Reg.
899 5139 1010 5210 xv).
1047 5142 1161 5194 Hoc
1211 5141 1423 5212 quippe
1462 5159 1520 5195 se
1570 5142 1852 5196 facturum
1905 5145 2078 5198 etiam

455 5233 590 5284 tunc
607 5231 902 5300 przescivit,
924 5249 1052 5286 cum
1073 5251 1205 5288 eum
1225 5235 1384 5306 quasi
1401 5235 1775 5306 approbando
1795 5238 2073 5306 przetulit;

456 5323 655 5376 necad
682 5323 1075 5392 pcenitentiam
1110 5328 1271 5397 quasi
1289 5328 1618 5398 inopinatus
1640 5330 1804 5383 dolor
1821 5331 2072 5398 accessit,

453 5415 556 5468 sed
595 5419 789 5468 tamen
822 5419 1093 5486 poenitere
1137 5437 1195 5474 se
1227 5421 1498 5488 insinuat,
1529 5423 1662 5492 quia
1705 5440 1818 5476 non
1852 5428 2073 5478 mutato

451 5508 710 5576 consilio,
738 5525 805 5564 ea
835 5527 959 5582 qua:
1003 5513 1222 5568 dudum
1269 5514 1486 5569 dixerat
1518 5515 1588 5568 de
1620 5516 1714 5570 illo
1746 5517 1918 5570 verba
1949 5535 2074 5588 per-

453 5605 656 5656 mutat.

524 5698 600 5751 IX.
629 5698 690 5749 In
753 5697 836 5750 bis
889 5702 1085 5752 autem
1136 5699 1482 5754 testimoniis
1528 5717 1654 5770 quas
1705 5718 1775 5756 ex
1817 5703 2069 5773 epistolis

447 5791 651 5846 Leonis
675 5776 1110 5863 praedecessoris
1157 5793 1336 5846 nostri
1381 5793 1663 5862 posuistis,
1715 5797 2064 5864 praemisistis

2114 3230 2168 3304 C

515 5912 592 5982 (a)
621 5911 802 5966 Locus
827 5916 1143 5985 corruptus.
1179 5914 1366 5983 Forte,
1407 5915 1767 5982 inspiciamus,
1793 5919 1841 5971 si
1863 5919 2057 5975 Iesum.

2203 1982 2464 2048 litigiosis
2489 1981 2854 2051 opinionibus
2880 1981 3137 2050 fingitur,
3163 1981 3265 2034 sed
3287 1981 3515 2034 divinis
3543 1981 3911 2034 attestatio-

2203 2074 2366 2126 nibus
2417 2074 2844 2143 comprobatur,
2879 2076 3119 2143 propter
3169 2073 3513 2142 quemlibet
3559 2073 3911 2127 hominem

2200 2167 2523 2236 relinquere
2552 2183 2665 2220 non
2691 2166 3012 2235 debemus.)
3035 2167 3174 2219 Ecce
3193 2166 3489 2219 mirabilis
3515 2167 3913 2236 praedicator

2201 2263 2258 2312 et
2287 2259 2617 2312 scissionem
2638 2258 2900 2312 Ecclesiae
2931 2259 3509 2329 propterhominem
3541 2263 3754 2325 vetat,
3784 2259 3912 2313 etsi

2201 2368 2312 2421 qua
2338 2368 2606 2421 perversa
2639 2351 3058 2420 deprehendat,
3090 2367 3225 2404 eum
3257 2368 3444 2421 quem
3491 2353 3766 2422 publice
3805 2353 3907 2405 de-

2201 2444 2473 2497 fendebat
2489 2444 2872 2510 Caicilianum,
2889 2460 2947 2497 se
2971 2444 3147 2497 etiam
3171 2448 3302 2514 post
3325 2447 3610 2498 mortem
3642 2446 3913 2499 anathe-

2200 2537 2472 2590 matizare
2506 2554 2620 2590 non
2641 2536 2910 2605 abnegat,
2931 2537 3067 2606 quia
3081 2537 3355 2590 videlicet
3373 2540 3518 2590 tunc
3539 2537 3910 2592 viventibus

2198 2646 2328 2682 vere
2355 2631 2704 2696 consulatur,
2738 2645 2868 2682 cum
2913 2630 3079 2699 culpa
3111 2629 3171 2682 in
3204 2629 3320 2682 fide
3371 2634 3762 2700 perpetrata
3799 2649 3910 2685 nec

2199 2726 2385 2775 morte
2413 2721 2828 2775 interveniente
2853 2724 3088 2776 laxetur.
3109 2721 3167 2776 Si
3185 2738 3323 2776 vero
3347 2724 3464 2777 hoc
3497 2723 3905 2792 faciendum,

2198 2815 2386 2867 dicere
2417 2815 2655 2868 fortasse
2675 2815 3098 2884 praesumimus,
3131 2815 3242 2868 hoc
3269 2818 3483 2886 procul
3508 2817 3725 2874 dubio
3759 2819 3903 2872 faci-

2195 2924 2341 2974 mus,
2372 2907 2527 2978 quod
2559 2907 2679 2960 ﬁeri
2712 2911 2990 2961 vetemus.
3021 2909 3400 2964 Theodorum
3435 2911 3692 2982 quippe
3747 2929 3909 2968 mor-

2194 3004 2354 3054 tuum
2376 3003 2571 3053 sancta
2585 3000 2832 3070 synodus
2855 3000 3046 3071 prima
3064 3001 3361 3071 Ephesina
3383 3003 3739 3060 damnavit
3755 3007 3903 3074 (Act.

2194 3093 2289 3163 v1).
2317 3095 2600 3146 Namcum
2625 3093 2694 3146 ab
2718 3094 2839 3162 ejus
2859 3093 3149 3164 discipulis
3171 3095 3465 3150 dictatum
3492 3098 3576 3153 ab
3605 3099 3724 3155 illo
3752 3118 3906 3171 sym-

2192 3186 2386 3240 bolum
2422 3186 2626 3239 eadem
2653 3186 2872 3256 synodo
2899 3187 3100 3240 fuisset
3127 3189 3458 3258 prolatum,
3496 3190 3682 3247 illico
3714 3194 3842 3249 illic
3874 3211 3905 3247 a

2193 3279 2401 3334 sanctis
2423 3279 2683 3332 Patribus
2708 3296 2840 3333 cum
2862 3284 3094 3334 auctore
3121 3281 3486 3337 damnatum
3514 3290 3643 3340 est.
3677 3289 3756 3341 Et
3779 3289 3903 3358 qui-

2195 3372 2326 3425 dem
2361 3371 2467 3441 ipsi
2499 3371 2680 3425 sancti
2709 3374 2906 3426 Patres
2933 3373 2990 3426 in
3025 3373 3234 3428 eadem
3262 3376 3502 3445 synodo
3535 3380 3901 3435 residentes

2193 3465 2266 3518 ad
2282 3464 2717 3534 Dominumjam
2731 3466 2946 3536 recepti
2963 3470 3113 3528 sunt,
3131 3472 3457 3539 postquam
3475 3471 3898 3529 Theodorum

2194 3557 2570 3611 damnavere:
2605 3561 2661 3611 et
2688 3559 2732 3611 si
2775 3559 3045 3613 damnari
3086 3565 3398 3616 mortuum
3431 3581 3562 3618 non
3599 3567 3898 3622 debuisse

2191 3650 2450 3713 dicimus,
2479 3652 2676 3720 procul
2699 3650 2873 3705 dubio
2889 3656 3150 3708 mortuos
3170 3671 3552 3723 accusamus,
3583 3663 3652 3713 et
3690 3661 3900 3732 incipi-

2192 3760 2320 3796 mus
2347 3744 2727 3810 committere,
2758 3745 2914 3814 quod
2953 3746 3196 3800 nitimur
3227 3749 3592 3818 prohibere.
3629 3754 3766 3809 Sed
3799 3773 3899 3810 cur

2193 3836 2287 3888 diu
2320 3839 2376 3888 et
2415 3853 2542 3905 qum
2569 3837 2747 3890 nostis
2773 3838 3070 3907 loquimur
3093 3839 3122 3893 ‘?
3143 3840 3430 3908 Ejusdem
3453 3845 3793 3902 Theodori
3832 3867 3896 3902 ex

2190 3928 2346 3982 libris
2376 3929 2524 3982 illius
2555 3929 2706 3983 dicta
2729 3931 3096 4001 replicemus.
3131 3933 3201 3986 Et
3232 3933 3279 3987 si
3309 3936 3524 3991 Jesum
3559 3942 3648 4011 (a)
3699 3942 3898 3997 Domi-

2189 4039 2326 4074 num
2342 4039 2404 4075 ac
2426 4024 2605 4075 Deum
2629 4027 2914 4090 nostrum,
2931 4025 3029 4094 qui
3053 4029 3183 4096 post
3219 4031 3490 4084 mortem
3511 4032 3760 4100 vivere,
3781 4037 3895 4089 imo

2191 4115 2322 4184 quia
2348 4115 2534 4168 vivere
2564 4116 2836 4183 creditur,
2867 4121 2995 4186 post
3025 4122 3284 4173 mortem
3309 4122 3696 4182 Theodorus
3731 4133 3890 4200 post-

2188 4207 2372 4277 posita
2385 4208 2739 4263 dubitatione
2755 4209 3080 4277 damnavit;
3101 4229 3296 4282 neque
3313 4215 3484 4270 enim
3503 4226 3734 4276 nostra
3749 4223 3893 4276 ﬁdes

2187 4301 2401 4369 patitur
2421 4304 2483 4354 ut
2517 4302 2614 4371 qui
2666 4305 2750 4356 tot
2781 4303 3158 4374 blasphemiis
3204 4307 3626 4380 Redemptori
3681 4320 3890 4370 nostro

2188 4394 2366 4447 hostis
2415 4395 2644 4461 exstitit,
2694 4412 2727 4449 a
2780 4397 2939 4450 vobis
2985 4399 3226 4453 ulterius
3277 4401 3698 4462 defendatur.
3765 4411 3891 4480 Ipse

2187 4487 2399 4556 quippe
2431 4491 2628 4542 contra
2655 4491 3052 4560 Apollinarem
3084 4492 3146 4547 in
3191 4493 3348 4550 libro
3379 4498 3580 4555 tertio
3625 4503 3890 4575 loquens

2184 4580 2262 4633 ait
2289 4583 2438 4650 (Sup.
2470 4583 2590 4636 coll.
2624 4583 2706 4651 li):

2255 4675 2314 4727 X.
2351 4697 2376 4722 ‹‹
2407 4674 2707 4738 Quomodo
2736 4677 2913 4746 igitur
2933 4683 3015 4746 tu,
3039 4681 3130 4734 cui
3149 4698 3327 4752 super
3345 4701 3584 4744 omnes
3618 4694 3887 4748 maxime

2185 4767 2350 4821 decet
2379 4768 2662 4822 mentium
2685 4771 2970 4840 regimen,
3001 4773 3164 4828 illum
3191 4777 3292 4846 qui
3323 4794 3394 4832 ex
3417 4781 3694 4854 Virgine
3718 4793 3890 4846 natus

2184 4869 2288 4934 est,
2319 4867 2498 4920 Deum
2530 4884 2673 4934 esse,
2709 4872 2766 4921 et
2792 4886 2858 4928 ex
2900 4871 3020 4925 Deo
3063 4875 3677 4940 consubstantialem
3733 4888 3886 4941 Patri

2183 4959 2496 5013 existimari
2517 4961 2675 5028 dicis,
2701 4962 2807 5014 nisi
2829 4963 2978 5017 forte
3001 4971 3201 5021 sancto
3233 4969 3487 5039 Spiritui
3520 4975 3703 5032 illius
3733 4998 3887 5034 crea-

2181 5053 2399 5107 tionem
2424 5053 2712 5124 imputare
2739 5073 2854 5110 non
2881 5057 3053 5126 jubes
3082 5059 3109 5113 ‘?
3137 5061 3256 5114 Sed
3291 5065 3430 5134 quis
3471 5075 3576 5123 est
3610 5074 3797 5140 Deus,
3833 5080 3885 5128 et

2180 5161 2246 5198 ex
2299 5146 2434 5212 Deo,
2459 5149 2514 5199 et
2555 5149 3060 5205 consubstantialis
3101 5154 3310 5209 Patri?
3360 5157 3414 5210 ls
3448 5159 3638 5219 idem
3683 5169 3791 5238 qui
3824 5185 3884 5220 ex

2177 5238 2408 5309 Virgine
2446 5243 2614 5293 natus
2645 5244 2787 5308 erat,
2816 5243 2865 5310 (ο
2905 5244 3246 5302 mirandum
3272 5249 3310 5320 !)
3341 5254 3404 5304 et
3435 5256 3550 5324 qui
3605 5277 3727 5330 per
3759 5262 3878 5332 Spi-

2176 5332 2351 5385 ritum
2380 5338 2640 5387 sanctum
2687 5336 3010 5390 secundum
3053 5339 3282 5395 divinas
3325 5343 3701 5418 Scripturas
3732 5357 3877 5426 plas-

2175 5428 2363 5478 matus
2380 5429 2546 5494 est,et
2560 5428 2965 5482 conﬁctionem
2984 5430 3042 5483 in
3057 5433 3336 5490 muliebri
3353 5443 3612 5512 accepit
3627 5454 3774 5501 vent
3787 5465 3840 5500 re
3854 5449 3879 5499 ?

2174 5519 2365 5573 Inerat
2384 5519 2644 5589 forsitan,
2671 5523 2804 5592 quia
2827 5540 2960 5578 mox
2989 5541 3170 5595 quam
3205 5529 3557 5598 plasmatus
3595 5544 3717 5609 est,
3744 5548 3800 5596 et
3823 5547 3878 5594 ut

2173 5613 2453 5682 templum
2470 5615 2568 5668 Dei
2592 5617 2998 5687 essetaccepit:
3021 5635 3142 5673 non
3156 5624 3366 5678 tamen
3385 5627 3872 5690 existimandum

2172 5705 2333 5758 nobis
2361 5711 2445 5759 est
2494 5709 2678 5762 Deum
2725 5709 2794 5763 de
2823 5710 3060 5780 Virgine
3089 5718 3300 5770 natum
3347 5735 3508 5776 esse.
3546 5748 3580 5775 ››
3657 5731 3727 5784 Et
3753 5734 3870 5801 post

2168 5815 2378 5866 pauca:
2409 5823 2434 5848 ‹‹
2449 5802 2560 5856 Nec
2577 5803 2892 5858 secundum
2913 5808 3074 5860 tuam
3092 5824 3302 5864 vocem
3323 5823 3866 5885 pronuntiandum

2160 5920 2326 5975 Haec.
