3994 6438
125 385 234 435 725
1424 386 1760 444 EPlSTOLE
1798 386 1880 442 ET
1917 387 2250 444 DECRETA.
3423 393 3521 444 726

124 492 234 552 est,
266 487 540 546 omnino
571 505 638 546 ex
681 489 917 564 Virgine
965 495 1165 548 natum
1205 495 1387 548 Deum
1435 510 1578 562 esse,
1627 498 1686 550 et
1724 510 1795 550 ex
1816 504 1876 578 Α
1895 495 2072 550 Deum
2091 494 2281 549 dicens
2305 493 2436 564 (non
2459 494 2614 550 enim
2635 493 3059 550 resurrectionis
3091 495 3322 552 scientia
3351 495 3515 552 doce-

128 583 252 636 Deo
286 584 863 640 consubstantialem
892 585 1064 641 Patri.
1099 608 1126 638 »
1158 588 1228 642 Et
1253 591 1386 660 post
1413 605 1595 660 pauca
1627 605 1640 644 :
1679 609 1706 639 ι(
1737 589 1797 645 Si
1895 587 1993 642 bat
2017 592 2072 644 et
2096 590 2275 642 Deum
2301 603 2419 643 esse
2440 604 2572 642 eum
2599 588 2696 660 qui
2737 589 3020 660 surrexit),
3067 590 3162 645 sed
3205 590 3368 662 quasi
3413 606 3519 661 pro

128 674 316 747 igitur
368 692 520 732 cum
565 694 740 732 carne
779 695 910 733 eum
953 682 1154 734 natum
1201 697 1322 735 esse
1375 680 1590 751 dicunt,
1640 682 1797 754 quod

132 772 336 824 autem
371 774 596 826 natum
615 775 719 838 est,
741 773 892 828 Deus
917 777 974 828 et
1002 790 1071 828 ex
1097 775 1234 841 Deo,
1263 777 1322 828 et
1349 774 1799 831 consubstantia-

127 861 200 916 lis
219 863 384 918 Patri
415 866 535 932 est,
571 881 803 919 necesse
817 868 903 920 est
931 869 990 920 et
1018 867 1126 921 hoc
1143 883 1380 922 carnem
1403 867 1614 936 dicere,
1637 868 1796 940 quod

133 955 178 1010 si
211 971 338 1011 non
372 957 496 1011 hoc
525 974 657 1013 caro
685 961 792 1025 est,
821 959 1091 1029 quoniam
1123 976 1228 1014 nec
1245 962 1410 1027 Deus,
1435 978 1541 1016 nec
1571 978 1638 1017 ex
1657 964 1794 1030 Deo,

133 1064 242 1103 nec
272 1050 804 1106 consubstantialis
832 1052 1002 1120 Patri,
1031 1053 1132 1107 sed
1163 1070 1229 1108 ex
1261 1053 1479 1108 semine
1513 1054 1706 1123 David,
1739 1058 1798 1110 et

135 1142 668 1198 consubstantialis
699 1145 751 1198 ei
785 1146 944 1216 cujus
985 1163 1183 1200 semen
1233 1149 1336 1213 est,
1381 1163 1497 1201 non
1538 1147 1596 1202 id
1639 1149 1796 1219 quod

137 1239 343 1290 natum
377 1239 474 1290 est
507 1253 582 1291 ex
612 1237 864 1308 Virgine,
895 1239 1062 1305 Deus,
1097 1243 1154 1294 et
1184 1256 1250 1294 ex
1280 1241 1418 1305 Deo,
1461 1242 1520 1294 et
1558 1241 1797 1296 consub-

138 1329 438 1384 stantialis
471 1331 652 1386 Patri.
685 1352 714 1380 ››

207 1423 279 1476 Et
309 1427 454 1495 post
476 1440 670 1496 pauca
694 1440 708 1478 :
743 1446 772 1474 «
793 1425 916 1479 Non
947 1425 1097 1480 Deus
1119 1425 1368 1482 Verbum
1395 1443 1461 1481 ex
1488 1428 1660 1483 Maria
1691 1445 1790 1483 na-

137 1519 230 1570 tus
261 1519 373 1584 est,
411 1520 596 1570 natus
626 1520 821 1572 autem
849 1521 934 1572 est
963 1534 1030 1572 ex
1049 1519 1238 1587 Maria,
1263 1519 1359 1590 qui
1381 1536 1447 1574 ex
1467 1521 1690 1576 semine
1711 1524 1798 1576 est

141 1608 357 1676 David;
394 1627 526 1664 non
547 1611 695 1666 Deus
721 1611 971 1665 Verbum
995 1629 1060 1666 ex
1081 1612 1324 1667 muliere
1347 1617 1515 1668 natus
1542 1617 1645 1668 est.
1670 1635 1698 1663 »
1724 1615 1794 1669 Et

140 1701 357 1757 iterum
382 1720 396 1758 :
441 1724 472 1752 ‹‹
507 1703 676 1767 Quod
709 1703 959 1758 edictum
987 1708 1074 1758 est
1101 1705 1257 1758 enim
1283 1707 1591 1760 Ducebatur
1618 1724 1652 1761 a
1678 1707 1798 1778 Spi-

138 1799 252 1851 ritu
283 1796 520 1868 (Matth.
569 1796 645 1867 Iv)
687 1799 883 1868 aperte
915 1797 1023 1851 hoc
1065 1797 1367 1868 signiﬁcat,
1406 1799 1560 1870 quod
1606 1800 1677 1854 ab
1726 1817 1859 1870 eo_
1895 1796 2007 1849 Hoc
2055 1795 2208 1850 enim
2251 1795 2402 1866 quod
2439 1801 2564 1850 est:
2605 1800 2677 1852 Et
2707 1798 3007 1867 baptizatur
3041 1799 3413 1868 unusquisque
3465 1800 3525 1852 in

141 1865 488 1962 regebatur,
522 1890 598 1944 ab
627 1865 696 1944 eo
724 1865 802 1944 ad
827 1865 1176 1944 voluntatem
1196 1865 1502 1963 [virtutem]
1532 1893 1794 1965 proposi-
1816 1865 1872 1937 B
1896 1891 2106 1942 nomine
2137 1865 2489 1946 JesuIChristi
2521 1889 2662 1960 (Act.
2692 1865 2918 1959 II),Inon
2945 1891 3054 1945 hoc
3083 1865 3234 1960 dicit,
3267 1865 3337 1944 ut
3358 1907 3520 1944 voca-

140 1986 340 2038 torum
376 1981 856 2052 confortabatur;
893 1983 962 2036 ab
991 1999 1058 2036 eo
1079 1983 1153 2038 ad
1184 1984 1304 2038 haec
1343 2001 1470 2055 quae
1501 1985 1802 2057 Oportebat
1898 1980 2109 2035 tionem
2135 1998 2264 2052 quae
2289 1981 2350 2035 in
2379 1981 2610 2036 nomine
2633 1983 2809 2037 Patris
2834 1987 2891 2037 et
2916 1983 3038 2037 Filii
3069 1987 3126 2037 et
3149 1983 3322 2038 sancti
3339 1982 3521 2054 Spiri-

145 2075 492 2141 ducebatur,
516 2075 595 2129 ab
615 2091 680 2129 eo
695 2075 851 2146 quod
873 2075 1112 2130 decebat
1133 2076 1461 2144 docebatur,
1481 2077 1551 2131 ab
1565 2093 1633 2132 eo
1651 2077 1801 2148 cogi—
1899 2079 1990 2128 tus
2017 2078 2120 2143 est,
2149 2074 2550 2144 relinquentes,
2581 2077 2769 2130 Jesum
2794 2075 3077 2130 Christum
3104 2075 3166 2130 in
3189 2076 3523 2146 baptismate

141 2167 464 2222 tationibus
496 2167 898 2234 roborabatur,
932 2171 993 2222 ut
1022 2168 1096 2223 ad
1117 2172 1338 2224 tantum
1369 2172 1661 2226 certamen
1679 2171 1798 2225 suf—
1897 2171 2087 2234 vocet;
2120 2167 2217 2221 sed
2241 2167 2406 2238 quale
2433 2170 2519 2222 est
2561 2167 2686 2236 hoc,
2729 2168 2883 2240 quod
2926 2168 2986 2222 in
3033 2169 3215 2238 Moyse
3258 2168 3526 2240 baptizati

146 2262 365 2328 ﬂceret,
386 2261 546 2316 sicut
576 2264 634 2314 et
655 2261 857 2315 beatus
885 2262 1090 2316 Paulus
1120 2262 1290 2318 dicit:
1319 2263 1632 2332 Quicunque
1645 2267 1798 2332 genim
1898 2259 2108 2314 suntin
2126 2259 2279 2314 nube
2315 2266 2370 2314 et
2389 2259 2450 2314 in
2484 2261 2626 2315 mari
2656 2261 2702 2330 (I
2739 2261 2858 2316 Cor.
2893 2263 2968 2331 x),
3019 2267 3080 2316 ut
3127 2261 3338 2316 diceret
3384 2261 3522 2333 quia

149 2354 364 2424 Spiritu
394 2357 499 2410 Dei
527 2360 789 2423 aguntur,
818 2355 877 2409 hi
893 2359 1023 2409 sunt
1043 2356 1148 2424 ﬁlii
1167 2357 1262 2410 Dei
1287 2355 1455 2426 (Rom.
1486 2355 1626 2427 VIII).
1653 2379 1681 2405 »
1898 2352 2002 2406 sub
2020 2353 2172 2406 nube
2201 2355 2258 2407 et
2280 2353 2340 2407 in
2369 2353 2513 2408 mari
2555 2355 2947 2425 Egyptiorum
2983 2354 3226 2425 separati
3265 2359 3418 2420 sunt,
3461 2353 3526 2408 1i-

218 2447 378 2502 Idem
408 2447 581 2518 cuius
610 2464 819 2520 supra:
856 2469 882 2496 α
913 2447 1116 2502 Dicant
1141 2447 1316 2518 igitur
1337 2449 1502 2503 nobis
1534 2449 1795 2504 omnium

148 2539 588 2610 sapientissimi,
621 2540 668 2594 si
697 2557 804 2612 pro
827 2557 999 2594 sensu
1027 2540 1270 2595 Domino
1294 2543 1426 2595 Jesu
1457 2541 1678 2598 Christo
1699 2542 1796 2613 qui

1895 681 2168 736 miraculo
2194 681 2338 736 facto
2368 683 2545 736 Deum
2573 683 2866 738 collaudat.
2890 704 2918 732 »
2954 683 3218 754 Ejusdem
3242 681 3522 739 Theodori

1895 791 1966 830 ex
1991 779 2312 830 commento
2338 775 2489 846 quod
2509 779 2594 830 est
2633 775 2694 831 in
2733 777 2904 831 Actus
2949 777 3335 848 apostolorum
3375 777 3520 832 libro

1895 867 2124 940 primo:
2169 887 2199 920 ‹‹
2248 869 2341 923 Ille
2387 871 2583 924 autem
2625 869 2784 939 dixit,
2827 873 3087 941 oportere
3130 869 3522 941 paenitentiam

1894 961 2123 1028 agentes
2152 972 2245 1012 eos
2270 973 2374 1028 pro
2401 957 2578 1012 crucis
2605 957 2666 1012 in
2695 957 3009 1029 iniquitate,
3057 963 3113 1014 et
3155 963 3523 1030 agnoscentes

1897 1049 2238 1105 Salvatorem
2264 1055 2320 1105 et
2344 1051 2667 1121 Dominum,
2691 1055 2748 1106 et
2772 1051 3030 1106 omnium
3047 1056 3335 1107 auctorem
3349 1051 3522 1106 bono-

1897 1158 2027 1197 rum
2049 1143 2240 1196 Jesum
2264 1143 2570 1212 Christum,
2601 1143 2874 1214 quoniam
2901 1161 3006 1216 per
3024 1145 3129 1198 ista
3169 1144 3426 1216 pervenit
3467 1146 3524 1199 et

1895 1241 2215 1306 assumptus
2227 1240 2312 1290 est
2323 1235 2510 1291 divina
2521 1236 2806 1306 natura,in
2819 1237 3047 1308 [ipsum]
3062 1236 3275 1310 Spiritu
3289 1237 3521 1309 quidem

1895 1329 2066 1384 ﬁdem
2093 1329 2394 1400 suscipere,
2421 1334 2476 1384 et
2501 1330 2622 1401 ejus
2649 1329 2950 1402 discipulos
2988 1330 3110 1386 ﬁeri
3147 1335 3278 1385 ante
3331 1331 3523 1385 omnia

1894 1423 1964 1477 ad
1991 1422 2270 1494 baptisma
2295 1423 2640 1490 accedentes,
2671 1423 2821 1495 quod
2849 1427 2905 1478 et
2932 1425 3055 1496 ipse
3076 1424 3307 1479 tradidit
3335 1424 3517 1494 nobis,

1893 1515 2352 1570 reformationem
2379 1516 2610 1588 quidem
2631 1517 2848 1572 habens
2869 1517 3253 1588 inspirationis
3269 1517 3522 1590 [praafor-

1892 1609 2207 1664 mationem
2231 1627 2288 1680 q.
2319 1609 2380 1664 h.
2411 1610 2771 1681 sperationis]
2799 1611 3142 1680 futurorum,
3189 1611 3251 1665 in
3289 1611 3522 1666 nomine

1895 1707 2087 1756 autem
2105 1702 2506 1756 celebrandum
2534 1703 2710 1758 Patris
2739 1709 2795 1758 et
2823 1695 2944 1758 Filii
2973 1709 3030 1759 et
3055 1704 3233 1758 sancti
3259 1691 3518 1774 Spiritus.

1895 2445 2077 2500 berati
2121 2461 2320 2500 eorum
2359 2445 2646 2513 servitute,
2693 2451 2758 2501 ut
2809 2447 3008 2518 Moysis
3050 2449 3210 2519 leges
3261 2447 3520 2502 attende-

1895 2543 2060 2607 rent;
2103 2539 2214 2594 tale
2259 2543 2362 2607 est,
2409 2543 2465 2593 et
2502 2539 2814 2608 baptizatur
2855 2541 3246 2612 unusquisque
3294 2541 3355 2594 in
3413 2556 3519 2594 no-

153 2635 236 2687 est
265 2633 596 2688 secundum
616 2649 870 2700 carnem,
897 2632 1160 2687 divinitas
1190 2633 1338 2689 facta
1355 2637 1522 2700 esset,
1552 2634 1694 2688 sicut
1709 2635 1796 2688 di-

153 2730 304 2792 cunt,
341 2727 488 2798 quid
509 2725 696 2781 sancti
717 2726 959 2797 Spiritus
979 2725 1386 2797 cooperatione
1415 2727 1488 2781 ad
1507 2727 1798 2782 haecChri-

155 2823 269 2873 stus
281 2819 593 2890 indigebat
611 2819 768 2874 ?Nec
795 2819 950 2872 enim
974 2819 1257 2890 unigeniti
1285 2819 1551 2874 divinitas
1578 2820 1795 2892 Spiritu

152 2911 452 2983 indigebat
473 2913 554 2967 ad
587 2912 1080 2982 justiﬁcationem,
1125 2912 1339 2984 Spiritu
1373 2913 1673 2984 indigebat
1721 2915 1796 2970 ad

153 3004 459 3060 vicendum
491 3005 810 3071 diabolum,
844 3004 1057 3075 Spiritu
1081 3004 1377 3076 indigebat
1395 3006 1466 3060 ad
1499 3007 1794 3078 Operauda

155 3098 456 3168 miracula;
487 3097 708 3170 Spiritu
738 3097 1038 3168 indigebat
1053 3101 1115 3152 ut
1141 3098 1444 3152 doceretur
1461 3115 1528 3153 ea
1545 3116 1673 3170 quae
1701 3100 1796 3154 de-

157 3191 320 3246 cebat
355 3207 686 3263 peragere;
721 3190 937 3263 Spiritu
962 3189 1263 3262 indigebat
1291 3194 1353 3244 ut
1395 3190 1794 3247 immaculatus
1813 3226 1867 3298 Ο

156 3287 480 3354 appareret.
511 3306 543 3334 »

224 3377 295 3429 Et
317 3380 453 3448 post
481 3392 708 3448 pauca:
745 3396 774 3427 «
799 3378 878 3430 Ac
907 3376 952 3430 si
984 3376 1138 3430 dicat
1159 3376 1354 3430 Iesus:
1384 3376 1504 3447 Ego
1535 3376 1792 3447 quidem,

159 3485 329 3539 quem
344 3469 580 3537 videtis,
599 3469 742 3524 nihil
761 3468 995 3540 quidem
1019 3470 1208 3524 facere
1229 3486 1464 3542 possum
1477 3469 1793 3525 secundum

156 3577 349 3616 meam
376 3565 668 3630 naturam,
697 3579 827 3616 cum
848 3563 1024 3618 homo
1041 3563 1170 3630 sim,
1194 3579 1404 3635 operor
1421 3567 1634 3631 autem,
1660 3562 1795 3634 quia

159 3657 214 3707 in
238 3671 320 3710 me
342 3671 574 3711 manens
600 3657 765 3710 Pater
785 3658 964 3710 omnia
990 3658 1127 3724 facit
1145 3655 1320 3727 (Joan.
1347 3656 1477 3726 xIv).
1508 3655 1792 3720 Quoniam

161 3747 313 3803 enim
353 3751 412 3803 et
452 3765 552 3819 ego
588 3751 648 3803 in
678 3751 861 3812 Patre,
899 3753 949 3804 et
991 3751 1154 3804 Pater
1178 3751 1239 3803 in
1273 3765 1358 3804 me
1395 3748 1602 3820 (Ibid.),
1643 3749 1792 3803 Deus

160 3843 349 3896 autem
379 3843 635 3896 Verbum
658 3842 988 3913 unigenitus
1005 3841 1103 3897 Dei
1134 3841 1192 3896 in
1221 3858 1314 3896 me
1337 3845 1440 3909 est,
1464 3845 1686 3896 certum
1709 3845 1797 3896 est

162 3933 314 4002 quod
333 3937 392 3988 et
415 3937 589 3989 Pater
609 3951 740 3989 cum
769 3935 894 4006 ipso
927 3935 984 3989 in
1003 3952 1094 3989 me
1116 3939 1330 4001 manet,
1351 3938 1408 3988 et
1427 3951 1603 4006 opera
1635 3935 1789 3989 facit.

165 4026 230 4080 Et
241 4043 356 4082 non
369 4031 457 4082 est
473 4027 813 4082 mirandum
835 4028 906 4082 de
919 4028 1142 4082 Christo
1163 4028 1284 4081 haec
1307 4027 1641 4095 existimari,
1662 4043 1794 4082 cum

163 4118 592 4193 evidenteripse
617 4121 687 4175 de
709 4121 929 4176 caeteris
953 4120 1280 4176 hominibus
1313 4121 1491 4174 dicat:
1533 4121 1638 4186 Qui
1671 4121 1794 4174 dili-

163 4213 240 4278 git
264 4229 367 4276 me,
394 4231 575 4269 meum
597 4215 818 4269 verbum
842 4215 1109 4269 observet:
1147 4219 1198 4268 et
1225 4215 1386 4268 Pater
1427 4215 1616 4282 diliget
1648 4229 1790 4277 eum,

166 4308 212 4357 et
230 4307 304 4358 ad
327 4323 448 4361 eum
471 4310 766 4370 veniemus,
789 4313 840 4362 et
856 4310 1186 4362 mansionem
1215 4308 1366 4376 apud
1407 4309 1585 4376 ipsum
1623 4309 1792 4374 facie-

163 4413 280 4452 mus
307 4401 514 4472 (Ibid.).
540 4421 568 4449 »
601 4401 670 4454 Et
700 4400 912 4454 iterum
938 4417 950 4454 :
979 4422 1006 4449 ‹‹
1029 4400 1257 4456 Sciebat
1277 4400 1578 4467 subtiliter,
1607 4403 1672 4453 ut
1695 4415 1796 4455 no-

165 4491 283 4544 tam
315 4493 556 4563 quidem
609 4495 828 4548 faceret
865 4493 1131 4565 gentibus
1168 4493 1466 4564 pietatem,
1501 4495 1796 4563 pateretur

1895 2631 2050 2686 mine
2077 2633 2206 2686 Jesu
2235 2630 2437 2688 Christi
2471 2648 2486 2686 :
2539 2635 2603 2686 ut
2647 2649 2777 2687 cum
2817 2633 2886 2687 ad
2934 2633 3123 2704 ipsum
3166 2633 3524 2688 accessissent

1894 2730 2164 2796 tanquam
2194 2725 2561 2794 Salvatorem,
2609 2728 2666 2779 et
2707 2725 2966 2780 omnium
3007 2726 3288 2780 bonorum
3323 2730 3518 2781 aucto-

1893 2833 2037 2885 rem,
2089 2823 2145 2872 et
2191 2817 2478 2872 doctorem
2507 2817 2776 2886 veritatis,
2808 2818 2878 2872 ab
2907 2818 3030 2888 ipso
3061 2821 3254 2890 utpote
3293 2823 3521 2874 auctore

1893 2910 2172 2966 bonorum
2205 2915 2262 2966 et
2289 2911 2512 2966 doctore
2541 2910 2789 2965 veritatis
2827 2917 3180 2980 vocarentur,
3212 2911 3354 2966 sicut
3393 2928 3518 2966 om-

1892 3003 2059 3059 nibus
2086 3003 2410 3060 hominibus
2453 3020 2850 3076 quamcunque
2908 3010 3116 3060 sectam
3157 3005 3522 3077 sequentibus

1893 3097 2238 3151 consuetudo
2269 3100 2354 3152 est
2381 3097 2450 3152 ab
2481 3097 2605 3168 ipso
2647 3098 2928 3168 dogmatis
2969 3097 3262 3153 inventore
3309 3097 3519 3166 vocari,

1894 3195 1958 3244 ut
1985 3189 2280 3258 Platonici,
2314 3190 2691 3262 etEpicurei,
2733 3195 2790 3246 et
2831 3191 3144 3261 Manichzei,
3187 3197 3242 3246 et
3283 3192 3514 3247 Marcio-

1891 3283 2077 3353 nistie,
2111 3287 2168 3338 et
2196 3283 2424 3354 quidem
2446 3283 2514 3354 [si
2543 3283 2795 3354 quidem]
2823 3282 2962 3339 tales
2991 3285 3276 3340 dicuntur.
3309 3285 3519 3339 Eodem

1893 3376 2046 3430 enim
2075 3377 2246 3430 modo
2277 3381 2332 3430 et
2374 3392 2478 3430 nos
2517 3376 2803 3430 nominari
2842 3377 3187 3432 Christianos
3224 3377 3518 3458 judicave-

1892 3475 2029 3525 runt
2056 3469 2315 3540 apostoli.
2349 3490 2377 3518 η

1961 3563 2228 3634 Ejusdem
2247 3562 2530 3618 Theodori
2548 3562 2608 3617 in
2624 3562 2778 3617 libris
2807 3563 2875 3618 de
2899 3563 3284 3618 incarnatione
3304 3563 3369 3618 :'«
3388 3566 3518 3619 Plus

1891 3655 2310 3728 inquietabatur
2338 3655 2626 3725 Dominus,
2660 3659 2718 3710 et
2744 3661 3030 3710 certamen
3063 3657 3244 3726 majus
3273 3657 3520 3712 habebat

1890 3749 1961 3804 ad
2021 3748 2226 3803 animae
2269 3748 2570 3819 passiones,
2620 3765 2792 3820 quam
2849 3748 3128 3819 corporis;
3189 3752 3248 3803 et
3294 3749 3516 3804 meliori

1891 3841 2078 3896 animo
2105 3841 2370 3896 libidines
2396 3841 2671 3908 vincebat,
2703 3841 2985 3896 mediante
3015 3842 3220 3896 deitate
3259 3841 3331 3896 ad
3380 3859 3513 3914 per-

1890 3934 2208 3990 fectionem.
2241 3933 2398 3990 Unde
2429 3939 2484 3989 et
2512 3934 2783 3988 Dominus
2811 3935 2883 3989 ad
2913 3935 3032 3989 hate
3064 3935 3311 3990 maxime
3349 3935 3512 3991 insti-

1891 4033 2052 4083 tuere
2082 4027 2304 4082 videtur
2331 4031 2639 4082 certamen.
2673 4047 2701 4079 ι)

1967 4123 2102 4176 Item
2150 4121 2404 4191 ejusdem
2447 4119 2507 4174 in
2553 4121 2698 4175 libro
2744 4125 2944 4176 contra
2998 4123 3368 4193 Synusiastas,
3431 4124 3519 4178 vel

1890 4213 2344 4286 Apollinaristas:
2383 4235 2411 4263 (ί
2442 4214 2548 4269 Sed
2581 4214 2628 4268 si
2657 4231 2786 4268 caro
2816 4219 2956 4281 erat,
2988 4215 3196 4287 inquit,
3227 4216 3513 4284 cruciﬁxa,

1891 4307 2172 4379 quomodo
2200 4308 2278 4362 sol
2299 4307 2485 4362 radios
2501 4308 2720 4374 avertit,
2751 4313 2807 4364 et
2823 4309 3073 4363 tenebras
3103 4312 3520 4381 occupaverunt

1890 4405 2101 4455 terram
2120 4417 2375 4468 omnem,
2398 4406 2455 4456 et
2473 4403 2641 4455 terras
2669 4406 2876 4470 motus,
2901 4405 2959 4455 et
2972 4406 3148 4472 petrae
3165 4403 3349 4456 scissae
3364 4409 3516 4470 sunt,

1892 4497 1951 4547 et
2005 4494 2219 4548 mortui
2273 4497 2642 4548 surrexerunt
2681 4494 2856 4562 (Matt.
2903 4495 3106 4562 XXVII)?
3161 4495 3304 4558 Quid
3346 4495 3521 4566 igitur

169 4585 360 4639 autem
389 4587 781 4642 laborantium
803 4586 1183 4654 inﬁrmitates,
1216 4589 1274 4641 et
1299 4586 1376 4640 sic
1417 4585 1488 4640 ad
1525 4585 1790 4640 effectum
1809 4593 1869 4665 Β
1893 4585 2080 4640 dicant
2111 4591 2168 4640 et
2195 4587 2264 4641 de
2294 4586 2542 4641 tenebris
2588 4585 2649 4640 in
2691 4588 2932 4656 Egypto
2969 4587 3129 4640 factis
3171 4588 3520 4658 temporibus

171 4691 329 4733 suam
363 4681 726 4735 voluntatem
759 4680 1064 4734 educeret:
1097 4685 1154 4735 et
1176 4679 1598 4757 justiﬁcabatur
1632 4678 1791 4746 inde,

173 4771 228 4822 et
287 4770 696 4828 immaculatus
753 4773 1179 4839 ostendebatur,
1253 4773 1366 4826 sive
1428 4771 1793 4844 reparatione

173 4861 500 4937 [pejorum],
524 4867 639 4922 sive
666 4865 919 4921 custodia
951 4866 1279 4933 meliorum,
1311 4865 1426 4920 sive
1457 4864 1634 4918 etiam
1653 4881 1795 4935 pau-

174 4953 330 5010 latim
355 4959 430 5013 ad
459 4960 705 5016 meliora
733 4959 1103 5032 profectibus.
1133 4981 1162 5008 »

238 5049 304 5103 Et
332 5055 464 5122 post
504 5070 690 5126 pauca
729 5053 990 5124 ejusdem
1033 5049 1319 5106 Theodori
1362 5067 1427 5106 ex
1465 5053 1796 5106 commento

176 5145 486 5201 secundum
509 5149 821 5203 Joannem:
843 5165 873 5198 «
894 5145 1038 5202 Dicit
1061 5145 1132 5199 ad
1157 5146 1441 5200 Thomam
1464 5146 1650 5212 :Infer
1661 5145 1800 5216 digi-

177 5238 286 5288 tum
314 5242 466 5295 tuum
490 5242 610 5303 huc,
643 5246 695 5296 et
710 5241 835 5295 vide
857 5254 1052 5294 manus
1074 5254 1238 5303 meas,
1261 5244 1313 5293 et
1331 5241 1551 5308 porrige
1577 5253 1800 5292 manum

182 5329 344 5391 tuam,
370 5338 422 5385 et
437 5337 588 5388 mitte
607 5336 665 5388 in
693 5335 839 5388 latus
861 5348 1057 5396 meum,
1086 5337 1137 5386 et
1163 5333 1278 5386 noli
1317 5347 1429 5388 esse
1464 5331 1798 5393 incredulus,

183 5420 274 5474 sed
299 5424 473 5490 ﬁdelis
501 5426 676 5496 (Joan.
703 5426 812 5498 xx).
849 5425 1151 5492 Quoniam,
1180 5424 1334 5492 dicit,
1363 5441 1480 5478 non
1513 5423 1718 5492 credis,
1745 5430 1805 5478 et

187 5513 391 5570 tactum
431 5521 616 5574 solum
657 5519 920 5574 sufﬁcere
957 5519 1062 5572 tibi
1105 5517 1180 5572 ad
1219 5517 1573 5572 credendum
1612 5520 1800 5588 putas,

190 5604 322 5670 (haec
346 5611 498 5666 enim
529 5612 727 5666 dicens
753 5628 869 5666 non
896 5629 989 5666 me
1021 5610 1252 5681 latuisti)
1297 5615 1469 5681 tange
1515 5625 1708 5676 manu,
1748 5612 1806 5664 et

191 5711 324 5768 cape
351 5705 833 5776 experimentum,
867 5707 924 5758 et
952 5703 1103 5758 disce
1131 5703 1386 5770 credere,
1419 5706 1477 5756 et
1507 5719 1625 5757 non
1664 5702 1807 5756 difﬁ-

193 5787 341 5846 dere.
367 5796 612 5852 Thomas
643 5797 877 5868 quidem
899 5814 1029 5852 cum
1059 5797 1139 5852 sic
1164 5795 1518 5864 credidisset,
1547 5797 1804 5851 Dominus

198 5896 331 5939 meus
357 5893 405 5944 et
441 5894 580 5946 Deus
602 5905 771 5956 meus,
803 5890 958 5964 dicit,
998 5907 1116 5948 non
1164 5891 1352 5965 ipsum
1401 5888 1712 5945 Dominum
1751 5891 1810 5944 et

1891 4678 2093 4750 Moysis
2119 4695 2237 4733 non
2267 4695 2370 4749 per
2394 4683 2509 4732 tres
2537 4678 2724 4748 horas,
2759 4679 2860 4733 sed
2888 4695 2991 4750 per
3018 4685 3131 4733 tres
3161 4679 3284 4734 dies
3311 4680 3514 4748 '(Emod.

1894 4770 1945 4844 Χ)
1965 4771 1993 4825 ?
2020 4771 2164 4835 Quid
2193 4775 2385 4825 autem
2415 4774 2647 4842 propter
2675 4770 2783 4824 alia
2812 4787 2916 4842 per
2943 4771 3184 4842 Moysem
3221 4772 3368 4827 facta
3409 4774 3518 4828 mi-

1893 4865 2103 4932 racula,
2121 4869 2177 4919 et
2193 4880 2321 4935 quas
2341 4880 2445 4934 per
2476 4865 2665 4918 Jesum
2686 4865 2850 4931 Nave,
2883 4863 2983 4936 qui
3013 4865 3189 4919 solem
3218 4853 3363 4920 stare
3389 4866 3523 4922 fecit

1899 4959 2070 5027 (Iosue
2099 4958 2171 5027 x),
2205 4957 2305 5029 qui
2336 4957 2417 5011 sol
2447 4957 2796 5028 temporibus
2817 4957 3064 5012 Ezechiae
3085 4957 3232 5028 regis
3252 4961 3308 5012 et
3322 4963 3522 5014 contra

1898 5054 2159 5105 naturam
2187 5053 2531 5106 retroversus
2561 5055 2644 5104 est
2674 5049 2774 5120 (IV
2796 5053 2926 5118 Reg.
2959 5050 3080 5120 xx);
3129 5056 3186 5106 et
3229 5051 3300 5106 de
3340 5052 3523 5108 Elisaei

1897 5143 2186 5214 reliquiis,
2237 5160 2364 5214 quas
2417 5147 2709 5198 mortuum
2753 5143 3167 5199 suscitaverunt
3228 5144 3339 5215 (IV
3392 5150 3520 5216 Reg.

1899 5236 2104 5306 XIII)?»
2140 5236 2409 5307 Ejusdem
2443 5252 2510 5291 ex
2541 5236 2685 5291 libro
2735 5239 2927 5290 octavo
2971 5237 3040 5292 de
3081 5239 3472 5295 incarnatione
3507 5257 3522 5296 :

1902 5328 2284 5384 «Manifestum
2297 5333 2490 5384 autem
2503 5333 2589 5384 est
2601 5329 2754 5400 quod
2774 5330 2958 5384 unitas
2971 5331 3258 5386 convenit:
3275 5349 3376 5403 per
3397 5350 3525 5389 eam

1900 5422 2056 5478 enim
2085 5423 2326 5478 collectas
2375 5426 2616 5490 naturae,
2661 5439 2836 5477 unam
2874 5440 3177 5495 personam
3215 5427 3526 5482 secundum

1901 5515 2180 5571 unitatem
2211 5515 2538 5571 effecerunt.
2573 5517 2727 5571 Sicut
2758 5516 2912 5571 enim
2941 5517 3011 5572 de
3039 5517 3160 5572 viro
3193 5522 3249 5573 et
3285 5519 3524 5574 muliere

1903 5609 2128 5676 dicitur,
2160 5609 2304 5680 quod
2317 5610 2440 5678 jam
2463 5625 2571 5664 non
2595 5615 2725 5664 sunt
2745 5611 2873 5673 duo,
2907 5611 3003 5665 sed
3027 5627 3139 5666 una
3163 5627 3286 5666 caro
3319 5612 3520 5682 (Gencs.

1903 5719 1942 5756 ll
1964 5719 1981 5770 ;
2012 5704 2208 5758 Matth.
2235 5706 2381 5772 11x);
2412 5703 2663 5758 dicamus
2692 5707 2750 5757 et
2777 5720 2880 5759 nos
2901 5703 3310 5759 rationabiliter
3331 5719 3526 5757 secun-

1905 5795 2042 5849 dum
2071 5796 2306 5850 unitatis
2333 5797 2630 5862 rationem,
2663 5797 2816 5868 quod
2852 5813 2968 5851 non
2999 5801 3132 5851 sunt
3159 5796 3284 5864 dua;
3326 5809 3520 5866 perso-

1906 5905 2015 5960 nas,
2046 5889 2145 5945 sed
2177 5906 2309 5962 una,
2343 5889 2548 5946 scilicet
2577 5889 2790 5946 naturis
2820 5887 3092 5945 discretis.
3129 5907 3156 5936 n
