3994 6412
446 318 544 369 727

1829 317 2090 373 PELAGII
2127 317 2317 374 ΡΑΡίΕ
2353 317 2398 373 Il

3789 310 3907 362 628

516 424 584 479 Et
612 426 742 494 post
770 439 986 495 pauca:
1025 444 1054 472 ‹‹
1085 423 1372 488 Quomodo
1403 423 1581 496 igitur
1605 423 1776 479 homo
1817 427 1874 478 et
1914 424 2060 480 Deus
2083 443 2142 517 Α
2163 430 2414 495 nentem,
2443 429 2712 497 tanquam
2741 425 2998 481 eruditus
3029 421 3474 489 sermocinator,
3513 420 3582 474 et
3630 416 3718 472 in
3765 416 3904 469 An-

444 533 626 574 unum
655 533 759 588 per
778 517 1052 572 unitatem
1069 532 1188 571 esse
1211 517 1433 586 potest?
1461 517 1559 588 qui
1590 517 1848 584 viviﬁcat,
1881 522 1938 572 et
1965 517 2063 588 qui

444 611 786 678 vivificatur;
835 609 932 680 qui
971 609 1252 678 salviﬁcat,
1305 614 1361 665 et
1412 611 1509 682 qui
1557 611 1919 678 salviﬁcatur;
1964 610 2063 681 qui

442 709 572 760 ante
603 702 804 757 sazcula
827 707 927 769 est,
959 707 1014 756 et
1039 703 1136 774 qui
1157 719 1226 756 ex
1243 703 1409 756 Maria
1424 703 1764 774 apparuit?»
1801 703 2062 772 Ejusdem

444 811 512 852 ex
550 795 1010 866 interpretatione
1056 796 1297 866 symboli
1337 799 1722 851 trecentorum
1766 795 1960 850 decem
2009 800 2064 852 et

443 893 567 945 octo
606 890 835 943 Patrum
868 907 881 944 :
929 909 956 938 (ί
1001 888 1110 944 Sed
1148 888 1431 944 Christum
1470 889 1701 959 quidem
1754 889 2064 944 secundum

442 986 788 1053 assumptam
820 981 962 1036 servi
993 983 1255 1050 formam,
1289 998 1420 1036 eum
1449 987 1638 1036 autem
1665 981 1763 1053 qui
1803 997 1928 1036 eam
1971 999 2060 1036 as-

442 1076 704 1148 sumpsit,
721 1092 888 1146 super
907 1075 1102 1130 omnia
1118 1074 1422 1129 nominans
1439 1077 1644 1143 Deum;
1667 1075 1857 1129 intulit
1869 1080 2061 1130 tamen

441 1171 548 1227 hoc
575 1170 884 1224 secundum
899 1168 1373 1239 conjunctionem,
1397 1172 1457 1222 ut
1477 1185 1576 1239 per
1593 1169 2063 1239 significationem

443 1264 743 1320 nominum
771 1265 1102 1316 naturarum
1131 1261 1488 1317 manifestam
1518 1262 1847 1317 divisionem
1874 1262 2059 1316 faciat.

440 1359 619 1413 Nemo
665 1356 857 1426 igitur,
892 1372 1076 1426 neque
1107 1372 1239 1409 eum
1267 1355 1366 1427 qui
1394 1355 1703 1410 secundum
1731 1371 1959 1410 carnem
1991 1372 2062 1408 ex

437 1449 649 1508 Judzeis
692 1454 794 1516 est,
845 1448 992 1504 dicat
1039 1450 1217 1502 Deum
1259 1466 1272 1502 :
1307 1465 1409 1502 nec
1449 1449 1654 1502 iterum
1697 1449 1876 1503 Deum
1921 1448 2058 1518 [Αι.,

438 1542 766 1609 Dominum,
808 1557 910 1596 nec
939 1557 1010 1596 ne
1043 1541 1251 1596 iterum
1277 1541 1593 1612 Dominum]
1633 1540 1731 1612 qui
1773 1543 1855 1595 est
1894 1557 2063 1611 super

443 1635 655 1704 omnia,
687 1635 995 1689 secundum
1027 1651 1253 1689 carnem
1285 1651 1352 1688 ex
1381 1635 1606 1689 Judzeis.
1643 1653 1670 1684 »

511 1731 651 1783 Item
683 1746 750 1784 ex
769 1732 1088 1783 commento
1119 1727 1366 1798 epistola:
1396 1727 1466 1781 ad
1495 1727 1752 1780 Hebraeos
1781 1743 1795 1780 :
1823 1746 1851 1778 ‹(
1869 1727 2060 1781 Jesum

2160 519 2368 574 tiochia
2394 519 2565 590 Syria?
2595 519 2653 573 in
2677 519 2912 574 ecclesia
2941 519 3260 589 alloquens,
3295 515 3380 570 sic
3411 511 3576 568 dixit
3615 527 3633 566 :
3687 530 3727 560 ‹‹
3771 509 3905 563 Ho-

2161 628 2256 666 mo
2286 614 2461 679 Jesus,
2495 614 2629 682 quid
2674 617 2752 667 est
2785 614 2926 667 enim
2965 613 3118 666 homo
3153 611 3304 680 quod
3332 623 3558 664 memor
3589 620 3660 661 es
3697 604 3850 674 ejus
3879 605 3910 658 ?

2166 705 2326 772 (Psal.
2354 711 2468 774 vui)
2487 723 2504 773 ;
2536 707 2830 776 Apostolus
2861 710 3074 771 autem,
3111 704 3179 758 de
3205 705 3342 758 Jesu
3377 701 3628 756 dictum
3691 696 3906 752 fuisse

2162 797 2287 864 hoc,
2321 797 2491 853 dixit:
2525 801 2665 852 Eum
2695 801 2835 852 enim
2861 800 2958 868 qui
2979 799 3152 868 paulo
3181 799 3370 852 minus
3400 795 3478 848 ab
3496 792 3764 861 angelis
3793 792 3909 844 mi-

2162 896 2388 946 noratus
2424 897 2518 954 est,
2551 893 2808 954 vidimus,
2845 890 3052 961 inquit,
3080 893 3262 945 Jesum
3309 887 3536 960 (Hebr.
3585 889 3688 952 ιι).
3729 883 3908 947 Quid

2161 989 2340 1058 ergo?
2398 990 2575 1043 Homo
2620 989 2778 1043 Jesus
2828 987 3089 1043 similiter
3128 985 3414 1041 omnibus
3467 981 3900 1048 hominibus,

2163 1082 2379 1135 nullam
2420 1082 2634 1136 habens
2679 1081 3061 1136 differentiam
3109 1080 3182 1134 ad
3241 1079 3532 1134 homines
3587 1074 3903 1146 ejusdem

2164 1175 2404 1244 generis,
2446 1179 2653 1245 praeter
2693 1191 2759 1228 ca
2800 1190 2930 1245 quas
2979 1173 3164 1244 gratia
3207 1172 3262 1228 ei
3311 1171 3509 1226 dedit.
3568 1190 3598 1218 η
3637 1167 3902 1232 Quibus

2161 1268 2387 1321 Proclus
2423 1266 3053 1337 Constantinopolitanze
3086 1265 3244 1318 urbis
3273 1264 3611 1336 epiSCOpus
3649 1261 3897 1316 rescri-

2159 1358 2317 1429 bens,
2361 1360 2439 1414 ait
2476 1361 2626 1431 (Sup.
2669 1361 2791 1414 coll.
2839 1364 2891 1428 5,
2922 1375 3068 1413 conc.
3106 1359 3154 1426 ν)
3194 1375 3208 1414 :
3249 1358 3594 1428 Fugiamus
3649 1354 3892 1409 turbu-

2159 1452 2340 1523 lentos
2377 1459 2434 1508 et
2482 1470 2729 1508 caenosos
2769 1453 3000 1507 fallacia:
3047 1451 3219 1519 rivos,
3263 1455 3434 1521 septa
3489 1449 3604 1504 Dei
3655 1449 3898 1518 [sectas

2161 1547 2356 1616 Deum]
2385 1545 2782 1617 impugnantes
2811 1563 2824 1600 :
2857 1546 2981 1600 dico
3013 1544 3130 1598 Arii
3159 1545 3433 1598 furorem
3473 1541 3895 1596 dividentem

2160 1639 2506 1693 individuam
2541 1639 2893 1704 Trinitatem,
2925 1636 3188 1692 Eunomii
3217 1636 3550 1691 audaciam
3595 1635 3892 1689 circum-

2161 1732 2482 1786 cludentem
2540 1731 2770 1786 scientia
2827 1730 3492 1800 incomprehensibilem
3547 1733 3891 1794 naturam,

439 1822 592 1878 enim
610 1822 744 1876 dicit
763 1839 794 1876 a
814 1821 1100 1889 Nazareth,
1123 1837 1276 1890 quem
1300 1823 1457 1874 unxit
1475 1824 1615 1875 Deus
1643 1822 1851 1890 Spiritu
1877 1824 2060 1874 sancto
2080 1805 2136 1876 Β
2160 1825 2468 1880 Macedonii
2492 1825 2708 1880 rabiem
2735 1831 3092 1894 separantem
3115 1840 3144 1878 ε
3169 1823 3389 1878 ἀθίωιε
3420 1821 3891 1893 insepambili-

439 1922 488 1972 et
516 1919 714 1970 virtute
747 1915 886 1983 (Act.
921 1916 968 1982 Χ)
997 1931 1009 1969 :
1043 1915 1144 1986 qui
1172 1918 1363 1968 autem
1393 1914 1463 1968 de
1494 1913 1700 1983 Spiritu
1722 1917 1922 1966 unctus
1953 1915 2056 1980 est,

439 2009 766 2064 omnimodo
785 2007 998 2078 aliquid
1015 2007 1144 2060 inde
1165 2005 1482 2076 assumpsit.
1506 2005 1638 2069 Quis
1658 2011 1847 2060 autem
1868 2005 2060 2059 furens

445 2102 611 2168 dicat,
644 2101 712 2154 de
743 2100 948 2170 Spiritu
975 2100 1186 2170 aliquid
1217 2099 1580 2169 assumpsisse
1611 2098 1861 2152 divinam
1891 2103 2057 2152 natu-

441 2195 601 2250 ram?
632 2213 659 2242 »
693 2195 758 2246 Et
787 2192 1029 2246 iterum:
1058 2211 1085 2242 ‹‹
1119 2195 1313 2248 Certus
1344 2191 1576 2262 quidem
1608 2196 1664 2246 et
1693 2191 1830 2262 ipse,
1858 2191 2059 2245 Filium

439 2287 539 2343 Dei
569 2302 626 2340 se
658 2303 768 2340 non
799 2287 1109 2340 secundum
1138 2285 1442 2340 divinitatis
1473 2285 1662 2339 dicens
1694 2285 2056 2354 nativitatem,

443 2380 538 2434 sed
569 2380 878 2434 secundum
908 2379 1061 2449 quod
1093 2378 1426 2432 domesticus
1457 2377 1555 2432 Dei
1581 2383 1701 2431 erat
1731 2394 1744 2431 :
1778 2395 1882 2449 per
1911 2379 2060 2449 quod

440 2473 540 2528 filii
580 2473 698 2539 Dei,
730 2489 832 2543 per
869 2474 1216 2526 voluntatem
1261 2471 1568 2542 [virtutem]
1616 2471 1903 2526 domestici
1946 2473 2058 2526 Deo

437 2567 721 2622 constituti
749 2567 1029 2635 homines,
1061 2565 1290 2619 interim
1320 2565 1676 2619 vocabantur.
1709 2586 1738 2614 »

506 2662 591 2716 XI.
624 2662 748 2714 Hac
769 2660 836 2714 de
865 2659 1179 2714 innumeris
1203 2675 1383 2730 pauca
1403 2659 1775 2729 praetulimus,
1807 2662 1874 2712 ut
1902 2658 2062 2730 quasi

434 2771 534 2827 per
561 2755 816 2809 foramen
855 2757 1182 2823 angustum,
1227 2768 1400 2822 quam
1445 2751 1687 2806 nimium
1732 2751 2062 2806 barathrum

436 2848 590 2902 intus
619 2848 835 2912 lateret,
868 2849 1328 2899 monstraremus.
1359 2845 1493 2898 Ecce
1515 2845 1707 2914 quales
1738 2844 1862 2914 plus
1889 2861 2061 2915 quam

441 2941 640 2995 decem
670 2939 848 2992 millia
869 2939 1143 2992 librorum
1160 2937 1482 2992 Theodorus
1501 2937 1782 3006 scripsisse
1805 2937 2062 3007 perhibe-

440 3039 552 3088 tur.
585 3034 839 3099 Pensate,
872 3048 1084 3102 quaeso,
1117 3031 1163 3084 si
1203 3047 1317 3084 non
1346 3034 1502 3084 tanto
1535 3031 1747 3084 acriora
1781 3033 2063 3085 tormenta

441 3127 776 3200 promeruit,
796 3130 1007 3198 quanto
1027 3125 1275 3196 pluriora
1299 3126 1638 3196 conscripsit.
1661 3125 1765 3181 Sed
1778 3126 1896 3180 haec
1913 3127 2061 3180 illius
2082 3165 2136 3240 Ο

458 3222 575 3240 19,1,
623 3237 735 3240 “4A--
764 3221 970 3240 ____-‘|-L_
1004 3222 1129 3240 ---ΑΔ
1171 3224 1355 3240 __1__-___
1399 3219 1509 3240 _ﬁ__-
1541 3219 1650 3240 -:__L
1699 3219 1925 3240 l‘,.-_1.-___
1973 3221 2035 3240 .14-

441 3222 586 3277 dicta
614 3237 742 3292 quae
763 3221 979 3290 prolata
1001 3222 1150 3286 sunt,
1171 3224 1361 3274 utrum
1393 3219 1513 3289 ejus
1539 3219 1671 3286 sint,
1697 3219 1930 3272 fortasse
1965 3221 2064 3275 du-

441 3314 676 3368 bitatur.
711 3314 956 3381 Patrum,
989 3311 1034 3364 si
1065 3313 1251 3382 placet
1294 3311 1501 3382 scripta
1542 3311 1896 3382 proferamus
1927 3328 1940 3366 :
1985 3313 2063 3368 ita

442 3407 590 3478 apud
622 3423 716 3460 vos
747 3406 915 3459 libros
946 3405 1086 3474 ejus,
1115 3421 1272 3476 ,quos
1313 3405 1380 3458 de
1431 3405 1666 3474 perfidia
1704 3405 1852 3459 illius
1894 3411 2063 3460 testes

442 3501 794 3568 deduximus,
817 3499 1070 3554 deductis
1089 3498 1320 3568 insuper
1343 3499 1572 3552 testibus
1595 3499 2064 3554 afﬁrmemus.Ar-

439 3594 643 3650 meniaa
673 3593 882 3666 quippe
911 3593 1162 3663 episcopi
1201 3592 1396 3646 Proclo
1434 3592 2064 3662 Constantinopolitanae

442 3688 596 3742 urbis
607 3687 864 3758 episcopo
880 3686 1094 3740 libellos
1115 3691 1307 3740 contra
1321 3686 1674 3739 Theodorum
1687 3686 2060 3756 porrigentes,

441 3781 635 3836 dicunt
691 3781 837 3850 (Sup.
881 3781 1001 3833 coll.
1053 3782 1098 3848 5)
1151 3795 1165 3832 :
1212 3779 1337 3832 Fuit
1383 3783 1574 3832 autem
1633 3779 1834 3849 aliquis
1892 3780 2065 3850 pestis

444 3874 714 3945 [pestifer]
745 3874 938 3940 homo,
972 3871 1156 3942 magis
1188 3875 1378 3924 autem
1409 3871 1547 3940 fera,
1580 3871 1827 3924 hominis
1853 3873 2064 3926 habens

442 3968 685 4022 formam
707 3965 1062 4032 diabolicam,
1086 3963 1322 4018 mentito
1345 3963 1574 4018 nomine
1604 3964 1948 4033 Theodorus,
1969 3965 2066 4036 qui

443 4061 666 4114 schema
700 4063 757 4112 et
784 4074 992 4112 nomen
1011 4056 1254 4127 episcopi
1275 4056 1491 4124 habuit,
1516 4057 1573 4110 in
1593 4059 1800 4128 angulo
1825 4063 1880 4112 et
1897 4058 2062 4128 igno-

443 4153 541 4208 bili
589 4152 708 4205 loco
749 4151 898 4204 orbis
946 4153 1228 4204 terrarum
1269 4149 1514 4216 latitans,
1570 4150 1629 4204 in
1684 4152 2066 4222 Mopsuesteno

445 4244 646 4300 Ciliciee
661 4243 919 4298 secunda:
937 4243 1033 4296 vili
1059 4242 1286 4313 oppido,
1304 4259 1434 4296 vere
1456 4242 1690 4314 quidem
1717 4243 2062 4315 etprincipa-

443 4339 570 4394 liter
605 4355 634 4392 a
674 4338 842 4408 paulo
882 4337 1237 4392 Samosateno
1269 4337 1635 4400 descendens,
1670 4337 1798 4391 licet
1828 4337 2067 4392 Photino

444 4436 501 4486 et
526 4431 740 4486 caeteris
767 4429 1154 4484 haeresiarchis
1184 4429 1244 4484 in
1267 4429 1416 4502 libro
1446 4430 1514 4484 de
1544 4430 1932 4484 lncarnatione
1959 4432 2064 4485 Do-

2159 1923 2245 1975 ter
2274 1919 2675 1990 procedentem
2707 1918 3001 1988 Spiritum,
3035 1923 3091 1972 et
3120 1933 3332 1972 novam
3366 1916 3562 1970 istam
3582 1915 3896 1986 blasphe-

2159 2012 2331 2064 miam
2359 2029 2487 2083 qua:
2518 2011 2789 2066 Judaismi
2821 2011 3002 2064 multo
3033 2011 3283 2081 amplius
3305 2015 3565 2080 superat
3580 2009 3894 2078 blasphe-

2158 2105 2352 2172 miam,
2390 2105 2833 2172 introducentes,
2884 2121 3016 2157 nam
3047 2104 3129 2157 illi
3162 2103 3410 2174 quidem
3445 2119 3606 2157 cum
3649 2103 3892 2157 Filium

2161 2202 2389 2268 negant,
2421 2198 2684 2252 fraudant
2716 2213 2876 2252 ramo
2905 2197 3188 2266 radicem;
3224 2196 3320 2250 isti
3351 2213 3503 2250 vero
3562 2212 3730 2251 cum
3785 2197 3892 2268 qui

2160 2297 2243 2346 est
2272 2296 2566 2361 negantes,
2601 2291 2839 2344 alterum
2871 2291 3010 2361 [Al.,
3040 2307 3172 2344 eum
3195 2291 3300 2361 qui
3330 2295 3423 2344 est
3445 2289 3658 2344 Filius
3698 2289 3894 2344 dene-

2162 2389 2314 2456 gant,
2358 2385 2679 2438 fraudantes
2719 2400 2876 2437 ramo
2915 2383 3186 2451 radicem,
3230 2383 3325 2437 isti
3356 2399 3504 2436 vero
3550 2383 3614 2437 ei
3646 2383 3767 2454 qui
3801 2389 3892 2436 est

2160 2478 2425 2546 alterum]
2476 2477 2860 2542 introducunt,
2907 2476 3274 2531 detrahentes
3317 2476 3644 2531 sinceram
3695 2480 3890 2530 natu-

2160 2587 2299 2626 ram.
2339 2572 2569 2639 (Rursus
2599 2570 2666 2623 de
2697 2570 2866 2640 hujus
2897 2585 3088 2624 errore
3120 2571 3370 2624 Joannes
3417 2587 3700 2642 quoque
3756 2573 3888 2624 An-

2163 2664 2432 2718 tiocheme
2463 2663 2720 2717 Ecclesia)
2749 2663 2981 2716 antistes
3007 2662 3118 2716 ait:
3153 2663 3330 2717 Multo
3363 2667 3591 2718 autem
3625 2668 3886 2734 tempo-

2161 2775 2221 2812 re
2251 2773 2613 2828 perseverans
2635 2755 2982 2821 Theodorus,
3006 2755 3291 2826 persuasit
3309 2756 3532 2816 multis
3559 2763 3633 2812 et
3669 2759 3889 2814 Nesto-

2161 2851 2264 2918 rio,
2297 2849 2450 2921 quod
2476 2849 2729 2904 Christus
2762 2847 2931 2902 Filius
2963 2848 3058 2904 Dei
3091 2848 3219 2917 vivi,
3251 2849 3356 2920 qui
3386 2849 3462 2903 de
3496 2857 3740 2906 sancta
3775 2854 3891 2906 vir-

2164 2943 2293 3013 gine
2331 2941 2498 2996 Maria
2536 2947 2700 2995 natus
2728 2947 2830 3007 est,
2855 2958 2970 2995 non
3002 2947 3086 2995 est
3108 2941 3208 3012 qui
3239 2958 3308 2996 ex
3333 2943 3515 2997 Patre
3551 2950 3766 2999 natus
3801 2953 3888 3000 est

2161 3037 2308 3090 Deus
2347 3035 2588 3088 Verbum
2627 3033 3124 3088 consubstantialis
3166 3033 3466 3104 Genitori,
3521 3037 3650 3092 sed
3695 3038 3887 3092 homo

2162 3145 2266 3200 pro
2297 3128 2562 3200 qualitate
2589 3143 2704 3181 suae
2738 3127 3042 3181 voluntatis
3075 3143 3142 3181 ex
3172 3128 3290 3181 Deo
3326 3128 3530 3183 Verbo
3571 3147 3883 3203 coopera-

2161 3222 2373 3276 tionem
2403 3218 2754 3291 suscipiens.)
2798 3221 3009 3274 Rursus
3051 3221 3122 3274 de
3166 3220 3292 3290 ejus
3329 3237 3550 3278 errore
3611 3227 3888 3295 Cyrillus

2161 3316 2229 3368 ad
2257 3315 2601 3384 Lamponem
2621 3313 3012 3384 presbyterum
3041 3313 3316 3382 scribens,
3340 3315 3425 3368 ait
3462 3331 3478 3369 :
3514 3317 3696 3372 Cum
3721 3321 3886 3390 apud

2164 3409 2359 3463 :Eliam
2405 3423 2805 3473 commorarer,
2848 3406 2933 3460 vir
2957 3407 3160 3477 aliquis
3191 3423 3261 3461 ex
3293 3408 3390 3462 his
3415 3409 3530 3481 qui
3579 3413 3884 3468 nobiliter

2164 3501 2412 3555 militant
2436 3499 2495 3554 in
2526 3499 2752 3570 palatio,
2787 3499 3080 3569 epistolam
3116 3501 3451 3556 multorum
3486 3520 3810 3562 versuum
3829 3512 3885 3562 et

2163 3593 2434 3664 grandem
2460 3592 2663 3647 obtulit
2688 3592 2834 3646 mihi
2857 3591 3164 3663 signatam,
3184 3610 3370 3664 quam
3406 3612 3473 3650 se
3510 3597 3780 3654 dicebat
3801 3617 3890 3654 ac-

2163 3687 2372 3757 cepisse
2416 3687 2485 3740 ab
2529 3685 2894 3740 Antiochenis
2935 3685 3311 3755 orthodoxis;
3374 3689 3886 3764 subscriptiones

2163 3786 2350 3833 autem
2381 3783 2542 3833 erant
2570 3778 2627 3832 in
2649 3795 2714 3833 ea
2736 3778 3122 3849 plurimorum
3155 3779 3521 3837 clericorum
3553 3790 3625 3840 et
3663 3803 3886 3842 mona-

2163 3873 2400 3927 chorum
2442 3878 2498 3926 et
2537 3871 2830 3926 laicorum.
2871 3873 3227 3928 Accusabant
3268 3879 3482 3930 autem
3536 3880 3888 3953 orientales

2165 3966 2470 4038 episcopos,
2519 3965 2677 4036 quasi
2720 3968 2971 4018 tacentes
3017 3966 3258 4037 quidem
3305 3968 3584 4025 Nestorii
3621 3991 3885 4043 nomen,

2165 4063 2221 4113 et
2245 4058 2655 4112 dissimulantes
2682 4057 2734 4112 ei
2759 4057 3066 4127 adversari,
3102 4063 3487 4117 transeuntes
3537 4071 3769 4122 autem
3814 4069 3885 4123 ad

2164 4151 2437 4206 Theodori
2465 4151 2692 4206 Codices
2721 4151 2790 4204 de
2827 4151 3219 4207 incarnatione
3258 4152 3476 4224 factos,
3528 4157 3602 4214 in
3659 4162 3886 4232 quibus

2164 4246 2342 4300 multo
2367 4244 2586 4315 pejores
2618 4242 2848 4298 nefariae
2872 4244 3243 4316 blasphemiae
3267 4245 3568 4314 [Nestorii
3585 4253 3880 4328 blasphe-

2165 4338 2312 4406 miis]
2341 4337 2533 4408 positae
2561 4340 2728 4391 sunt:
2777 4340 2938 4407 pater
2964 4338 3121 4392 enim
3151 4338 3264 4394 fuit
3309 4340 3592 4400 Nestorii
3637 4349 3882 4418 perfidi,

2165 4431 2261 4502 qui
2283 4435 2338 4485 et
2362 4429 2508 4484 illius
2539 4429 2688 4484 mala
2707 4429 2946 4497 locutus,
2979 4430 3194 4502 impius
3226 4433 3368 4488 etin
3397 4434 3502 4490 his
3527 4437 3742 4495 factus
3776 4447 3883 4496 est.

443 4525 583 4580 mini
613 4525 788 4580 nostri
813 4526 944 4580 Jesu
974 4523 1196 4591 Christi,
1229 4523 1290 4577 in
1323 4527 1437 4578 toto
1464 4539 1562 4577 suo
1601 4523 1886 4594 proposito
1933 4523 2067 4594 ipsis
2086 4528 2144 4600 Ι)
2168 4526 2412 4579 Rursum
2443 4523 2513 4576 de
2544 4539 2735 4578 errore
2766 4523 2917 4577 illius
2948 4523 3102 4578 idem
3133 4525 3387 4596 Cyrillus
3434 4530 3885 4590 Alexandrinae

443 4619 624 4674 verbis
652 4618 972 4672 inveniatur
995 4634 1150 4686 usus,
1179 4621 1233 4672 et
1253 4617 1298 4671 si
1327 4617 1462 4688 quid
1489 4617 1669 4688 pejus.
1688 4619 1790 4671 Iste
1810 4633 1912 4688 per
1940 4633 2061 4670 ma-

444 4712 825 4768 chinationem
853 4716 908 4766 et
937 4710 1228 4765 audaciam
1259 4715 1313 4764 et
1343 4727 1598 4764 errorem
1629 4710 1829 4764 diaboli
1849 4710 2067 4764 volebat

445 4822 640 4862 omnes
670 4805 929 4860 homines
973 4808 1136 4858 acuta
1173 4821 1272 4858 sua
1318 4803 1461 4858 sicut
1503 4803 1716 4858 colubri
1753 4804 1966 4875 lingua,
2009 4806 2066 4858 et

443 4917 659 4956 veneno
683 4899 832 4970 quod
865 4898 967 4953 sub
999 4899 1190 4968 lingua
1219 4897 1424 4968 aspidis
1451 4901 1552 4965 est,
1583 4896 1857 4968 deperire.
1889 4897 1957 4952 Et
1985 4895 2067 4951 in-

443 4995 611 5048 terim
641 4993 870 5065 quidem
901 4991 1249 5047 retinebatur
1276 5007 1374 5044 suo
1404 4990 1659 5058 latibulo,
1690 4989 1896 5044 timens
1916 4994 2066 5061 pote-

443 5091 642 5142 statem
667 5102 864 5140 eorum
893 5085 992 5157 qui
1021 5102 1054 5140 a
1080 5102 1286 5156 magno
1317 5087 1426 5140 Deo
1454 5089 1509 5139 et
1551 5084 1830 5138 Salvatore
1876 5088 2065 5137 nostro

442 5182 572 5235 Jesu
618 5179 837 5234 Christo
888 5182 1219 5249 potestatem
1259 5181 1598 5250 acceperunt
1643 5177 1853 5231 calcare
1898 5192 2067 5247 super

444 5273 704 5327 colubros
733 5277 788 5325 et
815 5273 1078 5343 scorpios,
1111 5279 1166 5328 et
1195 5288 1388 5328 omnes
1416 5271 1648 5326 virtutes
1675 5269 1888 5324 inimici
1918 5270 2064 5339 (Luc.

443 5367 492 5436 Χ)
521 5382 534 5419 :
559 5365 680 5419 dico
699 5368 886 5419 autem
908 5371 1121 5420 sanctos
1139 5367 1436 5438 apostolos,
1459 5370 1515 5420 et
1541 5364 1638 5436 qui
1659 5368 2068 5434 consequenter

444 5459 514 5513 ab
544 5457 632 5512 his
664 5463 1047 5530 susceperunt,
1079 5466 1352 5532 martyres
1383 5465 1438 5514 et
1467 5458 1808 5513 confessores
1855 5462 1910 5512 et
1953 5457 2066 5528 epi-

443 5569 638 5623 scopos
683 5557 740 5607 et
778 5558 1006 5608 caeteros
1043 5558 1283 5609 sanctos.
1335 5555 1564 5607 lnvento
1607 5554 1820 5619 autem,
1878 5551 2066 5606 nescio

441 5646 742 5718 quomodo,
780 5650 1052 5718 tempore,
1075 5645 1242 5716 coepit
1261 5661 1460 5717 repere
1491 5649 1548 5700 et
1567 5648 1725 5698 extra
1748 5643 1888 5698 lines
1914 5660 2062 5713 suos,

448 5739 710 5796 ﬁduciam
729 5754 932 5813 gerens
958 5743 1014 5794 et
1044 5737 1102 5792 in
1134 5738 1456 5808 parochiam
1485 5737 1555 5792 ad
1585 5751 1716 5792 eum
1749 5751 1862 5790 non
1887 5737 2060 5809 perti-

2161 4617 2317 4671 urbis
2346 4617 2640 4686 episcopus
2668 4616 2738 4670 ad
2768 4617 3035 4672 Acacium
3076 4619 3365 4675 Melitenen
3409 4623 3597 4680 urbis
3642 4629 3883 4699 episco-

2163 4727 2302 4781 pum
2328 4709 2596 4778 scribens,
2619 4709 2696 4763 ait
2723 4726 2736 4764 :
2771 4709 2890 4763 Non
2912 4712 3216 4781 oportebat
3240 4713 3434 4769 latere
3460 4716 3883 4778 Sanctitatem

2163 4807 2429 4871 vestram,
2461 4806 2559 4856 aut
2587 4803 2823 4856 forsitan
2853 4803 3142 4874 cognovit,
3187 4807 3352 4876 quod
3383 4824 3624 4869 omnes
3676 4818 3878 4874 orien-

2163 4896 2302 4951 tales
2341 4893 2746 4966 religiosissimi
2787 4895 3041 4968 episcopi
3083 4897 3144 4951 in
3188 4899 3518 4958 Antiochia
3561 4923 3876 4966 convene-

2164 4994 2318 5058 runt,
2362 5005 2492 5043 cum
2530 4988 2930 5042 transmisisset
2973 4989 3056 5044 eis
3086 4995 3319 5047 tomum
3356 4994 3669 5057 dominus
3713 5021 3878 5060 meus

2165 5082 2546 5137 sanctissimus
2575 5081 2807 5136 Proclus
2837 5082 3124 5138 bonorum
3155 5085 3408 5155 plenum
3435 5089 3879 5153 intellectuum

2165 5180 2223 5231 et
2252 5181 2534 5231 rectorum
2563 5175 2916 5246 dogmatum.
2951 5177 3084 5232 Erat
3115 5179 3276 5233 enim
3299 5181 3354 5236 ei
3389 5185 3560 5241 ratio
3594 5193 3798 5247 multa
3824 5199 3878 5247 et

2166 5271 2340 5341 longa
2368 5269 2437 5324 de
2468 5269 2881 5340 dispensatione
2913 5269 3140 5325 Domini
3187 5275 3377 5330 nostri
3421 5277 3577 5336 Jesu
3632 5285 3872 5341 Christi.

2166 5363 2469 5434 Supposuit
2492 5379 2623 5417 vero
2652 5362 2896 5434 capitula
2922 5365 3189 5434 quaedam
3218 5367 3476 5424 collecta
3511 5389 3548 5428 e
3573 5377 3875 5435 Theodori

2165 5456 2476 5526 Codicibus,
2501 5473 2627 5528 quae
2658 5459 3064 5512 consonantem
3095 5458 3348 5516 Nestorii
3369 5466 3667 5534 perﬁdiis
3697 5473 3872 5527 intel-

2167 5551 2372 5604 lectum
2400 5549 2628 5618 habent,
2661 5555 2717 5606 et
2745 5549 3077 5606 adhortatus
3107 5558 3195 5608 est
3220 5569 3324 5609 eos
3352 5557 3553 5618 etiam
3577 5565 3698 5622 illa
3732 5584 3868 5622 ana-

2167 5642 2545 5698 thematizare.
