3994 6430
143 392 238 446 729

1397 391 1734 448 EPISTOLAS
1771 391 1854 449 ET
1891 391 2217 452 DECRETA.

3375 397 3477 454 730

204 495 312 550 XII.
356 494 570 552 Rursus
605 495 676 554 de
715 511 904 554 errore
936 497 1090 555 illius
1123 497 1416 573 [Rabbula]
1462 501 1754 556 Edessenas
1775 505 1945 584 Acat
1971 503 2154 572 [Hebr.
2188 503 2251 575 t],
2301 499 2450 557 ferre
2501 515 2636 558 eum
2686 501 2877 559 omnia
2919 502 3110 559 dicens
3152 502 3321 560 verbo
3358 519 3477 559 sum

140 587 390 647 Ecclesiae
415 588 650 646 antistes
676 591 749 646 ad
775 591 1006 648 beatum
1029 592 1302 664 Cyrillum
1331 593 1604 663 scribens,
1632 595 1711 649 ait
1736 611 1750 650 :

137 681 252 737 lam
277 697 411 736 vero
439 681 674 753 quidam
701 683 978 740 unitatem
1003 686 1314 740 secundum
1339 687 1755 742 subsistentiam

137 774 394 829 omnibus
416 775 601 831 modis
619 776 904 833 abdicant.
925 779 1146 834 Morbus
1162 779 1315 834 enim
1334 780 1536 851 aliquis
1563 781 1752 836 subla-

138 872 255 922 tens
283 867 622 924 inveteravit
646 870 884 941 Orienti,
917 871 1348 928 immedicabilis
1372 873 1541 928 modo
1567 874 1756 929 vulne-

137 960 208 1018 ris
223 961 530 1032 depascens
548 963 807 1018 Ecclesiae
827 980 1048 1036 corpus,
1062 966 1212 1036 apud
1228 965 1444 1038 aliquos
1457 967 1617 1037 quasi
1633 973 1753 1022 stu-

139 1053 334 1124 diosos,
364 1058 424 1110 et
450 1056 750 1128 supercilia
773 1057 1104 1114 extollentes
1141 1059 1491 1127 eruditione,
1520 1059 1758 1116 latenter

140 1147 460 1204 honoratus.
485 1149 790 1221 Episcopus
807 1150 960 1205 enim
981 1152 1211 1222 quidam
1232 1151 1532 1222 provinciae
1553 1153 1756 1208 Ciliciae

139 1240 476 1308 Theodorus,
499 1242 586 1296 vir
605 1243 923 1298 verisimilis
941 1244 1183 1311 dicendi,
1209 1250 1264 1300 et
1282 1250 1480 1316 potens
1498 1246 1752 1315 suadere,

141 1332 240 1386 alia
258 1333 492 1404 quidem
507 1351 680 1407 supra
689 1336 958 1391 tribunali
975 1337 1043 1392 de
1065 1337 1324 1392 Ecclesiae
1339 1340 1486 1392 statu
1507 1336 1757 1409 [ecclesia

137 1425 332 1499 statim]
381 1427 608 1483 dicebat
650 1429 722 1484 ad
768 1429 965 1501 populi
1002 1431 1339 1500 placentiam
1362 1472 1376 1500 ,
1405 1431 1538 1485 alios
1565 1436 1756 1486 autem

136 1519 354 1590 laqueos
385 1519 754 1595 [perditionis]
787 1523 848 1578 in
873 1523 1094 1594 scriptis
1117 1524 1378 1594 ponebat,
1403 1523 1502 1595 qui
1524 1523 1584 1578 in
1605 1524 1757 1595 prin-

139 1611 284 1682 cipiis
307 1613 691 1684 quorumdam
705 1615 752 1686 ej
763 1632 826 1670 us
849 1615 1120 1670 Codicum
1141 1617 1500 1671 anathemate
1521 1616 1757 1671 circum-

139 1705 388 1762 cludebat
417 1706 816 1778 inspicientem
841 1725 957 1763 non
997 1709 1356 1764 manifestare
1378 1709 1499 1764 aliis
1527 1709 1750 1780 scripta.

1851 595 2092 662 virtutis,
2111 594 2210 666 qui
2235 595 2689 666 purificationem
2714 601 3038 652 nostrorum
3066 596 3199 652 fecit
3225 600 3479 668 peccato-

1851 705 2001 758 rum,
2043 694 2098 743 et
2120 688 2192 743 ad
2235 687 2525 744 dexteram
2551 692 2802 760 paternae
2839 689 3147 760 majestatis
3183 689 3470 759 consedit;

1853 781 1922 837 de
1947 797 2059 854 quo
2084 782 2153 836 ad
2193 781 2542 836 Colossenses
2579 781 2801 853 scripsit
2833 782 3069 853 epistola
3097 800 3111 836 :
3155 783 3308 850 Quod
3331 786 3390 838 in
3417 798 3477 838 eo

1853 877 2032 930 omnia
2050 878 2230 930 creata
2253 879 2397 938 sunt,
2422 891 2544 945 quae
2565 879 2691 930 sunt
2718 877 2776 929 in
2804 877 2946 930 caelis
2970 879 3021 931 et
3045 877 3102 930 in
3133 878 3310 939 terris,
3339 878 3474 932 visi-

1856 969 1986 1024 bilia
2013 972 2062 1022 et
2088 968 2406 1031 invisibilia,
2445 969 2591 1038 quod
2620 984 2721 1038 per
2771 984 2890 1023 eum
2919 972 3102 1024 creata
3141 973 3268 1023 sunt
3296 972 3479 1024 omnia

1856 1060 2072 1132 [001083.
2116 1061 2178 1131 1],
2233 1060 2387 1114 hunc
2447 1077 2564 1115 non
2619 1061 2973 1116 incarnatum
3008 1061 3256 1116 Verbum
3277 1103 3294 1129 ,
3335 1061 3479 1118 sicut

1855 1153 2191 1224 evangelicis
2219 1153 2446 1207 vocibus
2472 1152 2652 1208 edocti
2677 1170 2892 1223 sumus,
2923 1155 3021 1209 sed
3057 1155 3348 1210 hominem
3373 1170 3479 1227 per

1854 1247 1984 1301 vitae
2010 1245 2433 1318 provectionem
2458 1249 2515 1300 et
2538 1247 2868 1317 passionum
2905 1247 3310 1318 perfectionem
3339 1263 3474 1304 con-

1847 1339 2113 1410 junctum
2140 1339 2252 1393 Deo
2287 1338 2488 1408 Verbo,
2521 1338 2742 1410 scripsit
2766 1341 2968 1395 stultus
3003 1339 3063 1396 in
3099 1340 3381 1397 omnibus.
3408 1341 3478 1395 Et

1854 1431 1978 1486 haec
2003 1431 2062 1486 in
2090 1431 2338 1502 mysticis
2365 1432 2719 1487 sermonibus
2745 1448 2913 1487 ausus
2943 1437 3046 1488 est.

1924 1525 2048 1579 XIV.
2097 1525 2303 1579 Contra
2345 1541 2564 1580 errores
2603 1524 2856 1595 ejusdem
2887 1525 3196 1595 Theodori,
3226 1525 3336 1598 piae
3379 1541 3472 1582 re-

1853 1616 2194 1672 cordationis
2219 1617 2560 1672 Theodosius
2600 1622 2656 1672 et
2684 1617 3100 1673 Valentinianus
3123 1620 3313 1689 legem
3340 1635 3473 1690 pro-

1853 1711 2192 1781 mulgantes,
2209 1710 2506 1782 inquiunt:
2535 1710 2786 1766 Debitam
2811 1727 2844 1765 a
2867 1711 3032 1766 nobis
3057 1712 3476 1767 venerationem

139 1799 235 1853 Iste
271 1799 493 1870 primus
529 1801 806 1872 exposuit,
835 1817 951 1856 non
989 1817 1106 1856 esse
1131 1818 1258 1856 vere
1288 1801 1390 1856 Dei
1421 1802 1756 1873 genitricem
1778 1871 1818 1876 _
1852 1803 2126 1876 piissimae
2153 1803 2421 1858 doctrinae
2447 1804 2764 1873 reddentcs,
2795 1821 2890 1859 eos
2915 1805 3014 1876 qui
3042 1805 3164 1860 ausi
3183 1810 3314 1860 sunt
3337 1821 3476 1860 con-

138 1897 376 1946 sanctam
404 1893 720 1964 Virginem,
767 1899 1040 1966 tanquam
1068 1895 1182 1950 Deo
1209 1895 1385 1950 Verbo
1422 1911 1538 1949 non
1581 1895 1752 1950 susci-
1775 1871 1831 1943 Β
1855 1901 1943 1950 tra
1969 1897 2148 1951 Deum
2189 1896 2363 1967 impie
2393 1897 2764 1966 conscribere,
2798 1897 3001 1952 debitae
3025 1897 3480 1954 condemnationi

135 1985 377 2054 pientem
402 1987 718 2042 secundum
742 2003 845 2042 nos
869 1987 1242 2042 nativitatem.
1277 1989 1361 2060 (Et
1387 1989 1513 2058 post
1537 2004 1716 2058 pauca
1739 2004 1753 2042 :

136 2079 236 2133 Nec
259 2079 416 2134 enim
445 2079 662 2148 dicunt,
691 2080 1002 2136 secundum
1031 2080 1425 2150 substantiam,
1457 2081 1543 2134 vel
1563 2097 1760 2135 secun-

137 2171 262 2231 dum
283 2172 707 2228 subsistentiam
723 2174 953 2228 unitum
974 2189 1093 2228 esse
1111 2175 1224 2228 Deo
1239 2173 1419 2228 Verbo
1439 2174 1755 2244 hominem,

137 2264 225 2323 sed
249 2265 396 2320 bona
433 2266 716 2322 voluntate
741 2267 1016 2338 quadam,
1039 2270 1312 2338 tanquam
1337 2267 1525 2321 divina
1552 2271 1759 2322 natura

137 2374 242 2412 non
266 2359 606 2430 suscipiente
623 2361 864 2414 alterum
880 2360 1117 2415 modum
1133 2359 1367 2414 unitatis
1393 2365 1624 2432 propter
1642 2377 1758 2415 non

136 2450 737 2523 circumscriptibilem.
794 2454 899 2507 Iste
949 2453 1093 2508 dixit
1142 2453 1446 2508 Dominum
1500 2458 1759 2508 nostrum

136 2545 160 2598 Ι
163 2561 313 2600 esum
326 2546 618 2601 Christum
637 2563 752 2601 non
765 2551 1024 2617 oportere
1036 2545 1256 2602 adorari
1273 2547 1416 2600 sicut
1431 2546 1754 2613 Dominum,

137 2638 225 2692 sed
241 2639 516 2694 relatione
528 2639 630 2695 Dei
649 2639 914 2694 honorari
931 2639 1075 2716 sicut
1094 2639 1401 2710 imaginem
1415 2639 1718 2710 quamdam
1739 2657 1753 2694 :

138 2732 307 2804 magis
331 2737 532 2788 autem
550 2733 904 2788 manifestius
924 2733 1234 2788 secundum
1256 2749 1349 2788 eos
1369 2732 1572 2800 dicere,
1591 2732 1754 2800 sicut,

136 2824 301 2880 instar
323 2827 547 2898 aliquid
575 2826 864 2880 relatione
901 2825 1192 2881 assidentis
1234 2825 1532 2880 daemonis.
1568 2827 1675 2880 Iste
1705 2829 1760 2880 et

136 2935 354 2974 carnem
380 2919 609 2974 Domini
636 2919 1021 2990 pronuntiavit
1047 2919 1190 2974 nihil
1213 2918 1444 2973 omnino
1470 2919 1756 2990 prodesse,

136 3011 403 3084 dissipans
421 3012 653 3067 Domini
672 3028 886 3079 vocem,
911 3028 1039 3082 quaa
1057 3016 1140 3066 est
1163 3029 1178 3066 :
1214 3014 1348 3070 Caro
1375 3012 1516 3066 nihil
1537 3011 1762 3082 prodest

135 3104 300 3170 (Joan.
350 3107 451 3178 v1).
502 3107 608 3160 Iste
663 3110 720 3160 et
756 3105 1038 3176 apostolos
1086 3103 1220 3159 dicit
1267 3121 1382 3158 non
1427 3104 1759 3175 cognovisse

137 3198 414 3256 Christum
442 3199 598 3270 quod
626 3200 770 3254 Deus
797 3203 944 3267 erat;
979 3197 1080 3252 sed
1104 3214 1273 3268 supra
1299 3197 1470 3250 ﬁdem
1504 3213 1632 3268 quae
1680 3200 1763 3251 est

137 3292 192 3348 in
214 3293 442 3348 homine
463 3291 804 3347 aedificatam
832 3307 952 3346 esse
981 3290 1278 3344 Ecclesiam
1314 3291 1526 3357 (Matth.
1556 3289 1686 3359 XVI).

201 3387 331 3442 XIII.
361 3387 614 3442 Rursum
651 3384 720 3439 de
755 3399 946 3438 errore
991 3383 1140 3437 illius
1165 3383 1471 3453 Hesychius
1503 3382 1759 3437 Hieroso-

136 3479 413 3551 lymorum
443 3478 758 3550 presbyter,
795 3476 1181 3531 ecclesiasticae
1205 3475 1462 3530 Historiae
1500 3475 1760 3546 scriptor,

137 3573 243 3628 ait:
267 3573 343 3627 Ita
364 3571 678 3627 Photinum
704 3569 899 3624 multis
921 3573 1049 3624 ante
1079 3584 1178 3623 eos
1198 3568 1414 3622 saeculis
1441 3567 1763 3622 Theodorus

137 3665 362 3737 quidam
408 3663 699 3737 praecipue
743 3663 998 3717 imitatus
1036 3667 1138 3732 est,
1180 3661 1491 3716 malitiosus
1530 3660 1763 3732 quidem

133 3758 401 3830 loquendi
427 3763 485 3813 et
508 3756 709 3828 lingua
725 3754 1132 3826 paratissimus,
1163 3757 1220 3808 et
1243 3754 1362 3824 ipse
1384 3755 1575 3808 tamen
1593 3753 1764 3807 insta-

135 3849 230 3906 bili
261 3851 579 3918 voluntate,
617 3849 715 3920 qui
753 3849 866 3903 huc
895 3851 951 3902 et
979 3847 1113 3902 illuc
1140 3845 1418 3900 inclinans
1457 3845 1760 3900 ferebatur.

137 3945 434 4000 Clericatui
461 3943 619 3999 enim
637 3941 991 3998 Antiocheno
1011 3956 1045 3994 a
1068 3939 1254 4012 prima
1273 3941 1439 3994 aetate
1457 3953 1764 3993 connume-

135 4043 308 4105 ratus,
343 4043 401 4092 et
427 4037 576 4092 bene
597 4033 912 4090 conversari
938 4033 1237 4106 pollicitus,
1265 4032 1336 4086 ad
1371 4031 1664 4086 saeculares
1690 4030 1760 4084 li-

135 4130 350 4186 bidines
370 4146 634 4186 reversus
649 4129 856 4184 iterum
876 4126 1277 4182 delectabatur.
1301 4126 1360 4180 In
1379 4124 1642 4178 omnibus
1657 4140 1762 4178 au-

137 4228 248 4279 tem
274 4224 440 4280 bonis
467 4221 755 4278 imitabilis
775 4226 831 4277 et
853 4221 1051 4275 beatus
1078 4219 1164 4273 vir
1186 4220 1430 4273 Joannes
1453 4217 1766 4272 Constanti-

135 4319 495 4390 nopolitanus
521 4316 818 4388 episcopus
838 4312 1059 4385 scripsit
1085 4312 1400 4384 epistolam,
1431 4327 1558 4389 quae
1584 4326 1764 4382 usque

136 4412 320 4467 adhuc
344 4412 406 4466 in
432 4410 720 4466 codicibus
743 4409 974 4479 legitur,
1003 4409 1060 4462 et
1087 4422 1120 4460 a
1147 4405 1338 4477 pejore
1367 4405 1440 4460 ad
1467 4403 1765 4460 meliorem

134 4505 525 4577 paenitentiam
564 4519 698 4558 eum
741 4501 1046 4556 transferre
1089 4497 1410 4570 praevaluit;
1465 4501 1522 4552 et
1558 4497 1768 4552 iterum

1854 1989 2146 2060 subjicere,
2181 1993 2238 2043 et
2271 1989 2593 2050 nominibus
2631 1989 2817 2060 dignis
2840 1990 3026 2046 vocari
3057 1995 3314 2061 oportere
3355 1991 3476 2046 exi-

1857 2082 2229 2136 stimavimus.
2246 2083 2468 2136 Justum
2487 2082 2663 2153 igitur
2681 2082 3022 2137 circumdari
3041 2099 3134 2138 eos
3151 2083 3478 2138 confusione

1856 2191 2086 2230 suorum
2102 2179 2480 2246 peccatorum,
2507 2179 2563 2229 et
2581 2174 2642 2229 in
2661 2175 2762 2229 tali
2781 2175 3048 2230 vocabulo
3067 2192 3399 2246 permanere
3418 2175 3479 2230 in

1857 2271 2155 2336 mternum,
2185 2271 2468 2339 quatenus
2493 2283 2598 2322 nec
2625 2267 2729 2321 vivi
2750 2268 3080 2338 liberentur,
3102 2273 3159 2324 et
3177 2273 3300 2340 post
3324 2285 3478 2323 mor-

1857 2366 1972 2416 tem
1990 2366 2362 2431 permaneant
2379 2360 2704 2432 contempti.
2731 2361 2906 2431 lgitur
2931 2361 3186 2416 doctrina
3199 2361 3480 2416 Theodori

1858 2458 1916 2508 et
1944 2453 2182 2508 Nestorii
2220 2453 2529 2524 impiorum
2556 2459 2612 2508 et
2637 2453 3032 2524 pestiferorum
3067 2455 3182 2508 visa
3207 2459 3291 2509 est
3314 2454 3478 2510 nobis

1856 2545 2231 2600 abominanda
2258 2563 2377 2600 esse
2408 2565 2422 2602 :
2451 2546 2710 2602 similiter
2735 2552 2926 2602 autem
2955 2553 3011 2602 et
3037 2563 3232 2602 omnes
3263 2548 3361 2619 qui
3387 2563 3476 2603 se-

1857 2644 2111 2711 quuntur
2133 2655 2330 2693 eorum
2357 2655 2627 2707 errorem,
2665 2643 2722 2694 et
2753 2640 3114 2694 consentiunt
3141 2656 3337 2695 eorum
3363 2640 3477 2696 im-

1856 2732 2076 2803 pietati,
2101 2731 2322 2802 justum
2349 2738 2432 2787 est
2449 2733 2602 2803 ipsos
2623 2733 2882 2788 eamdem
2902 2733 3347 2788 nominationem
3363 2750 3480 2789 me-

1857 2825 1990 2892 reri,
2024 2829 2079 2878 et
2105 2825 2492 2880 confusionem
2536 2825 2720 2894 indui,
2764 2829 2829 2880 ut
2871 2843 2986 2880 non
3018 2826 3340 2894 Christiani,
3381 2827 3479 2882 sed

1858 2917 2168 2972 Nestoriani
2193 2918 2596 2988 nominentur;
2628 2935 2700 2974 ne
2721 2961 2734 2986 ,
2766 2919 2902 2974 dum
2927 2919 3295 2974 nominantur
3317 2919 3479 2974 Chri-

1859 3010 2046 3078 stiani,
2075 3027 2145 3066 ex
2173 3010 2296 3081 ipso
2325 3010 2688 3066 inveniantur
2715 3012 2959 3066 decorati
2984 3012 3281 3079 vocabulo,
3313 3012 3483 3084 longe

1860 3103 2152 3158 constituti
2196 3119 2229 3156 a
2271 3103 2716 3158 Christianorum
2757 3104 3070 3175 proposito,
3098 3109 3154 3158 et
3193 3104 3417 3159 alienati
3449 3121 3484 3159 a

1861 3200 2013 3250 recta
2030 3201 2085 3249 et
2102 3195 2470 3250 immaculata
2491 3196 2623 3250 fide.
2644 3198 2710 3251 Et
2728 3200 2853 3267 post
2869 3213 3075 3267 pauca:
3108 3197 3162 3253 Si
3183 3197 3308 3269 quis
3333 3213 3481 3268 prae-

1860 3288 2076 3342 terierit
2118 3293 2454 3358 praesentem
2497 3293 2748 3344 nostram
2791 3289 3159 3356 sanctionem,
3199 3295 3266 3344 ut
3301 3291 3483 3345 Theo-

1860 3381 1998 3436 doro
2020 3383 2075 3434 et
2095 3381 2344 3435 Nestorio
2363 3366 2757 3448 assenserit,'et
2785 3381 3013 3436 illorum
3037 3383 3216 3437 socios
3233 3381 3484 3438 imitatus

1859 3472 2050 3540 fuerit,
2085 3477 2212 3543 post
2251 3473 2424 3544 gladii
2462 3473 2744 3528 ultionem
2787 3474 2974 3528 omnis
3015 3474 3137 3545 ejus
3174 3474 3488 3528 substantia

1859 3565 1993 3620 ﬁsco
2017 3565 2327 3620 addicatur.
2361 3565 2628 3636 (Rursum
2669 3570 2862 3620 contra
2902 3582 3120 3621 errores
3157 3565 3330 3633 illius,
3376 3567 3484 3637 piae

1861 3657 2269 3712 recordationis
2279 3657 2624 3712 Theodosius
2643 3661 2700 3712 et
2719 3658 3135 3713 Valentinianus
3152 3659 3338 3729 legem
3358 3675 3486 3730 pro-

1862 3750 2201 3820 mulgantes,
2231 3748 2497 3820 inquiunt
2528 3766 2542 3804 :
2574 3751 2750 3805 Nemo
2781 3750 3017 3821 habeat,
3044 3755 3142 3806 aut
3183 3751 3357 3822 legat,
3387 3756 3487 3806 aut
3525 3795 3540 3801 -

1863 3843 2086 3910 scribat,
2114 3845 2214 3898 aut
2238 3843 2487 3914 proferat
2515 3843 2854 3912 Nestorium,
2879 3860 2978 3898 seu
3003 3843 3154 3899 illius
3178 3843 3375 3912 libros,
3399 3845 3484 3899 vel

1863 3937 2091 3992 Codices
2121 3936 2351 3992 omnino
2383 3937 2610 3992 inutiles
2639 3937 2989 4008 [nocibiles];
3029 3938 3115 3992 vel
3141 3937 3317 4010 ipsius
3344 3939 3483 3994 Nes-

1861 4029 2014 4096 torii,
2043 4029 2130 4085 vel
2157 4029 2407 4094 alterius,
2439 4033 2496 4085 et
2519 4031 2766 4086 maxime
2794 4031 3031 4086 Nestorii
3055 4031 3317 4086 adversus
3340 4032 3486 4087 solos

1861 4123 2208 4178 Christianos
2233 4123 2569 4194 conscripta,
2597 4127 2696 4179 aut
2719 4124 2995 4180 Theodori
3023 4141 3037 4180 :
3065 4125 3164 4180 sed
3191 4126 3489 4198 unusquis-

1863 4233 1975 4288 que
2001 4216 2214 4272 habens
2241 4217 2380 4272 tales
2422 4216 2676 4286 Codices,
2706 4217 2929 4288 publice
2965 4218 3092 4274 illos
3118 4219 3390 4290 proferat,
3433 4221 3491 4274 et

1863 4307 1924 4362 in
1948 4314 2248 4379 conspectu
2275 4308 2536 4364 omnium
2561 4309 2682 4381 igni
2708 4309 2934 4381 tradat.)

1935 4403 2040 4456 XV.
2069 4403 2136 4456 Et
2161 4403 2207 4456 si
2246 4403 2432 4457 adhuc
2455 4402 2693 4458 fortasse
2722 4408 2848 4474 post
2879 4408 2963 4458 tot
2984 4403 3230 4475 prolatas
3257 4405 3488 4459 Patrum

1865 4500 2059 4550 contra
2095 4495 2260 4550 illum
2295 4496 2600 4550 sententias
2642 4500 2826 4550 vestra
2867 4496 3205 4550 Fraternitas
3249 4496 3486 4565 dubitat,

129 4599 272 4654 bene
299 4595 643 4666 conversari,
689 4596 899 4652 iterum
940 4594 1000 4648 in
1023 4591 1299 4660 ,clericatu
1324 4606 1443 4645 esse
1483 4589 1668 4661 coepit.
1698 4591 1841 4664 EtD
1862 4588 2196 4644 Theodoreti
2223 4587 2393 4642 libros
2415 4589 2587 4659 legat,
2618 4588 2680 4642 in
2705 4589 2911 4660 quibus
2939 4588 3077 4643 dum
3101 4592 3294 4643 contra
3317 4588 3491 4660 Cyril-

133 4692 432 4746 Antiochia
495 4689 711 4757 relicta,
775 4688 835 4742 in
885 4688 1122 4741 Tarsum
1174 4683 1632 4756 transmigravit,
1697 4699 1768 4738 ex

133 4802 245 4856 qua
308 4786 371 4840 in
434 4781 831 4854 Mapsuestiam
892 4779 1158 4848 transiit,
1225 4777 1516 4832 ordinatus
1578 4775 1636 4830 in
1699 4791 1768 4830 ea

133 4879 455 4950 episcopus,
513 4875 769 4931 nondum
826 4875 938 4940 Deo
975 4872 1196 4928 volente
1245 4869 1605 4924 manifestam
1655 4867 1765 4922 im-

132 4971 360 5042 pietatis
415 4969 572 5025 illius
625 4965 1087 5040 praedicationem
1143 4962 1284 5020 ﬁeri.
1335 4962 1523 5018 Prima
1575 4966 1767 5016 autem

133 5065 417 5120 elementa
445 5079 563 5118 suae
590 5061 860 5116 doctrinae
893 5075 961 5114 ex
987 5057 1217 5114 Judaico
1257 5054 1579 5126 vaniloquio
1625 5053 1766 5108 inci-

133 5160 312 5230 piens,
329 5156 597 5214 Codicem
609 5155 666 5210 in
677 5153 1036 5226 prophetiam
1051 5151 1398 5223 psalmorum
1410 5147 1764 5218 conscripsit,

133 5269 328 5308 omnes
350 5252 421 5306 de
448 5249 691 5304 Domino
723 5245 1159 5318 praedicationes
1187 5243 1410 5313 [Forsan
1445 5239 1764 5313 praedictio-

133 5347 249 5416 nes]
286 5345 705 5415 abnegantem:
731 5341 988 5411 culpatus
1008 5353 1138 5392 vero
1158 5339 1216 5391 et
1243 5335 1608 5408 periclitatus,
1629 5350 1764 5388 con-

132 5439 303 5494 traria
318 5437 427 5493 sibi
453 5435 612 5502 dixit,
625 5450 741 5489 non
757 5449 827 5487 ex
848 5433 1157 5497 voluntate,
1179 5428 1276 5484 sed
1295 5427 1616 5500 compulsus
1641 5443 1766 5482 om-

135 5533 296 5588 nium
322 5528 735 5604 querimoniis;
758 5529 816 5582 et
839 5525 1098 5582 Codicem
1123 5522 1308 5594 ipsum
1334 5521 1519 5577 delere
1545 5519 1766 5592 pollici-

132 5631 242 5696 tus,
271 5627 520 5680 latenter
562 5619 936 5676 conservabat
977 5616 1225 5672 Judaicae
1267 5613 1572 5686 impietatis
1601 5612 1767 5668 viati-

134 5736 284 5774 cum.
312 5719 385 5773 Et
409 5718 543 5788 post
583 5729 798 5786 pauca:
830 5709 1117 5767 Christum
1145 5707 1300 5764 enim
1324 5708 1516 5763 Iesum
1547 5706 1770 5778 generis

134 5811 313 5867 nostri
358 5808 711 5867 Salvatorem
755 5809 811 5860 et
849 5802 1155 5859 Dominum
1201 5804 1388 5872 (quem
1415 5800 1770 5872 splendorem

135 5912 387 5978 paternae
418 5899 620 5976 gloriae
645 5903 702 5961 et
724 5896 1034 5970 imaginem
1068 5893 1398 5955 substantiae
1437 5893 1642 5953 Paulus
1670 5909 1768 5952 vo-

1864 4681 1987 4736 lum
2033 4680 2428 4735 Alexandrinae
2473 4681 2630 4736 urbis
2674 4681 2983 4737 antistitem
3025 4697 3157 4737 eum
3191 4681 3491 4738 defendere

1863 4774 2087 4842 nititur,
2116 4773 2302 4828 verius
2344 4777 2587 4842 accusat,
2634 4774 2866 4830 dicens:
2901 4792 2928 4828 α
2966 4775 3491 4846 lnterpretationem

1865 4867 2108 4940 Cyrillus
2132 4870 2352 4922 accusat
2379 4867 2563 4922 octavi
2587 4867 2807 4939 psalmi,
2853 4872 2908 4923 et
2943 4868 3132 4940 arguit
3157 4868 3278 4922 haec
3323 4867 3492 4924 verba

1867 4960 2040 5016 divini
2053 4959 2330 5016 Theodori
2353 4976 2367 5015 :
2389 4960 2819 5016 Consideremus
2837 4960 3032 5033 igitur,
3055 4961 3182 5033 quis
3200 4966 3282 5016 est
3295 4961 3489 5032 homo,

1868 5053 1936 5110 de
1961 5070 2075 5125 quo
2105 5052 2374 5126 stupescit
2387 5057 2443 5108 et
2457 5053 2698 5108 miratur
2717 5053 2868 5125 quod
2885 5052 3213 5125 unigenitus
3229 5053 3493 5126 dignatus

1867 5151 1951 5202 est
1973 5147 2094 5218 ejus
2121 5145 2458 5201 memoriam
2485 5151 2542 5202 et
2567 5146 2941 5202 visitationem
2966 5146 3170 5202 facere.
3209 5147 3313 5202 Sed
3343 5147 3494 5220 quod

1867 5239 2102 5312 quidem
2127 5255 2242 5294 non
2270 5239 2484 5294 dictum
2512 5243 2593 5294 est
2610 5239 2680 5294 de
2703 5239 2862 5294 omni
2878 5239 3129 5310 homine,
3149 5240 3211 5296 in
3236 5241 3491 5312 superio-

1868 5333 2023 5388 ribus
2047 5333 2497 5388 demonstratum
2528 5337 2640 5401 est;
2673 5333 2824 5404 quod
2852 5339 3044 5389 autem
3085 5333 3223 5404 [Αι.,
3260 5334 3386 5406 nec]
3425 5335 3496 5390 de

1867 5443 1983 5482 uno
2008 5426 2278 5498 quolibet,
2307 5429 2366 5480 et
2388 5425 2497 5480 hoc
2535 5429 2754 5482 certum
2783 5431 2884 5482 est.
2935 5447 2963 5476 »
3007 5427 3279 5483 Deductas
3304 5428 3495 5500 itaque

1868 5525 1952 5576 tot
1978 5520 2214 5576 testibus
2238 5518 2613 5590 blasphemias
2643 5520 2744 5575 has
2773 5520 2894 5590 ejus
2924 5537 3040 5576 esse
3077 5521 3205 5592 quis
3238 5521 3494 5576 dubitat?

1869 5615 1938 5669 Et
1962 5613 2130 5668 tantis
2154 5611 2522 5685 blasphemiis
2546 5613 2698 5668 illius
2717 5613 2975 5686 cognitis,
2991 5630 3123 5669 eum
3153 5615 3491 5670 damnatum

1859 5707 1993 5778 jure
2017 5705 2146 5778 quis
2171 5705 2376 5778 neget?

1939 5800 2069 5854 XVI.
2097 5798 2350 5854 Discussa
2371 5815 2508 5871 ergo
2527 5799 2713 5870 primo
2738 5800 2809 5856 de
2827 5799 3108 5856 Theodori
3133 5795 3490 5853 damnatione

1870 5891 2137 5967 capitulo,
2181 5908 2332 5952 nunc
2375 5893 2448 5950 ad
2487 5892 2638 5952 dicta
2675 5892 2924 5968 epistolae
2961 5887 3290 5949 Theodoreti
3337 5886 3487 5959 [lbos]
