3994 6446
505 425 596 480 731

504 530 818 602 indaganda
857 534 1228 597 transeamus,
1270 530 1432 600 cujus
1468 533 1585 586 tota
1625 527 1795 584 series
1821 527 1868 581 si
1893 527 2122 582 solerter
2141 535 2200 608 Α

502 623 788 694 aspicitur,
812 627 1018 676 sanctae
1037 623 1471 678 Chalcedonensi
1490 623 1700 694 synodo
1719 637 1889 692 quam
1916 619 1988 674 sit
2019 620 2120 674 ad-

501 731 659 769 versa
681 719 966 784 pensatur.
1001 716 1062 770 In
1098 715 1266 786 gestis
1294 733 1540 787 namque
1567 715 1818 786 ejusdem
1845 713 2044 784 synodi
2069 716 2125 768 et

501 807 720 878 scriptis
732 807 930 862 Leonis
943 807 1182 878 Cyrillus
1195 809 1552 878 praedicatur;
1568 807 1624 862 in
1639 807 1870 878 epistola
1879 822 2010 860 vero
2027 805 2124 860 illa

501 899 834 956 Theodoreti
845 901 924 969 -(a)
947 900 1179 971 Cyrillus
1199 901 1259 955 in
1277 901 1614 972 Apollinaris
1635 900 1844 971 dogma
1859 914 2124 953 corruens

503 993 862 1063 reprobatur;
893 993 1160 1064 scriptum
1185 994 1395 1064 quippe
1416 995 1474 1048 in
1488 1010 1555 1048 ea
1575 998 1690 1048 est:
1713 1013 1741 1044 α
1765 992 2002 1064 Cyrillus
2019 1008 2122 1046 au-

503 1090 619 1140 tem
643 1085 813 1140 libros
832 1086 1067 1141 Nestorii
1081 1087 1270 1142 volens
1297 1087 1603 1155 destruere,
1635 1087 1822 1157 lapsus
1846 1090 1930 1140 est
1954 1089 2010 1140 et
2033 1085 2121 1139 in-

505 1183 706 1232 ventus
742 1183 827 1234 est
861 1179 922 1234 in
963 1179 1298 1250 Apollinaris
1328 1180 1534 1252 dogma
1559 1179 1779 1234 cadens.
1810 1197 1838 1230 »
1868 1179 1929 1232 ln
1958 1178 2124 1249 gestis

508 1271 792 1326 Nestorius
843 1278 908 1327 ut
950 1273 1343 1344 Redemptoris
1389 1271 1570 1328 nostri
1607 1271 1956 1326 adversarius
1995 1271 2124 1341 jure

506 1363 807 1419 damnatus
851 1367 1194 1436 ostenditur;
1241 1365 1424 1420 verbis
1481 1381 1612 1420 vero
1665 1365 1911 1435 epistolae
1964 1365 2122 1418 dam-

505 1459 672 1510 natus
697 1457 901 1528 injuste
935 1462 1299 1513 memoratur.
1339 1459 1430 1513 Sic
1455 1457 1665 1529 quippe
1696 1457 1758 1510 in
1783 1473 1847 1510 ea
1873 1455 2079 1511 dicitur
2105 1474 2120 1510 :

510 1569 538 1596 ‹‹
565 1551 884 1620 Antequam
905 1550 965 1604 in
990 1551 1204 1620 synodo
1231 1551 1520 1605 adveniret
1543 1549 2042 1604 reverendissimus
2061 1564 2124 1601 ac

508 1642 888 1696 sanctissimus
914 1643 1368 1715 archiepiscopus
1391 1645 1632 1697 Joannes
1657 1684 1670 1710 ,
1707 1641 2029 1696 Nestorium
2056 1657 2125 1694 ex

508 1729 826 1800 episcopatu
855 1731 1264 1801 deposuerunt,
1288 1731 1504 1800 judicio
1531 1734 1587 1786 et
1621 1729 1981 1802 inquisitione
2011 1747 2125 1784 non

506 1821 668 1876 facta.
701 1843 729 1870 ››
756 1825 816 1876 In
845 1823 1015 1892 gestis
1037 1824 1232 1894 synodi
1257 1824 1316 1878 in
1349 1824 1446 1878 Dei
1478 1829 1534 1878 et
1559 1823 1782 1877 Domini
1810 1823 1988 1878 nostri
2013 1839 2126 1876 una

1866 415 2126 474 PELAGII
2171 415 2362 470 ΡΑΡίΕ
2409 415 2454 470 Il

3791 407 3882 460 732

2220 526 2309 577 cta
2333 519 2578 593 synodus
2603 522 2774 576 tantas
2797 516 3053 574 falsitatis
3077 515 3298 573 crimen
3327 511 3656 570 sustineat.
3677 511 3884 567 Vestra

2219 614 2350 669 ﬁdei
2393 613 2832 668 fundamentum
2881 615 3164 680 tenemus,
3195 626 3271 664 ne
3325 611 3662 680 postquam
3702 611 3883 658 sancta
3956 607 3957 610 “

2221 706 2406 778 prima
2467 705 2746 776 Ephesina
2807 704 3054 775 synodus
3104 702 3270 776 quasi
3321 699 3556 755 venalis
3599 697 3880 769 arguitur,

2219 797 2688 854 Chalcedonensis
2729 797 2900 852 etiam
2948 796 3116 868 (quod
3155 796 3318 868 absit)
3371 793 3552 864 culpa
3605 791 3884 846 varietatis

2221 895 2482 947 notetur:
2514 907 2642 962 quas
2663 896 2728 946 ut
2754 890 2815 945 in
2839 891 3024 944 verbis
3049 889 3164 944 suis
3190 894 3428 961 quanta:
3452 889 3534 944 sit
3562 885 3885 942 concordia

2221 985 2449 1052 clareat,
2469 999 2696 1038 necesse
2723 989 2806 1039 est
2833 987 2895 1038 ut
2921 988 3107 1038 vestra
3127 982 3488 1038 Fraternitas
3513 981 3625 1036 ubi
3653 980 3730 1035 sit
3747 995 3887 1033 com-

2222 1077 2374 1150 pleta
2399 1079 2719 1147 cognoscat.
2764 1077 2972 1132 Omnes
3001 1091 3249 1148 namque
3294 1074 3587 1130 novimus
3607 1117 3622 1143 ,
3656 1072 3809 1144 quod
3834 1072 3887 1126 in

2221 1170 2430 1240 synodo
2457 1185 2752 1240 nunquam
2779 1185 3024 1224 canones
3046 1211 3060 1236 ,
3088 1168 3198 1223 nisi
3237 1167 3500 1240 peractis
3532 1165 3886 1221 deﬁnitioni-

2220 1263 2327 1316 bus
2355 1261 2504 1330 ﬁdei,
2531 1261 2634 1316 nisi
2662 1261 2924 1332 perfectis
2945 1261 3308 1332 synodalibus
3335 1259 3525 1332 gestis
3543 1259 3884 1323 habeantur,

2224 1359 2286 1408 ut
2315 1356 2531 1408 servato
2555 1353 2751 1410 ordine
2783 1371 2914 1408 cum
2942 1353 3099 1424 prius
3126 1353 3381 1424 synodus
3407 1353 3486 1407 ad
3515 1352 3706 1406 ﬁdem
3732 1351 3890 1405 corda

2223 1447 2482 1515 aediﬁcet,
2509 1452 2644 1502 tunc
2669 1463 2772 1518 per
2794 1448 3020 1518 regulas
3052 1463 3347 1501 canonum
3387 1461 3602 1500 mores
3631 1444 3890 1500 Ecclesiae

2221 1542 2490 1610 actusque
2511 1539 3106 1610 componat.Vigilanti
3119 1555 3258 1610 ergo
3277 1554 3422 1592 cura
3441 1537 3752 1608 respicite,
3769 1553 3892 1607 quae

2222 1631 2281 1686 in
2309 1637 2458 1686 sexta
2489 1632 2642 1686 illius
2669 1632 2893 1687 actione
2918 1636 3124 1686 sanctas
3146 1631 3278 1686 ﬁdei
3308 1631 3616 1702 professio
3639 1647 3896 1686 consum-

2222 1730 2447 1794 matur;
2490 1741 2736 1796 moxque
2775 1725 2838 1778 in
2881 1724 3125 1796 septima
3172 1725 3244 1778 ad
3293 1723 3750 1778 institutionem
3779 1725 3894 1795 jam

2223 1817 2475 1872 ﬁdelium
2506 1818 2700 1889 regula
2739 1833 3020 1872 canonum
3061 1817 3280 1888 ﬁgitur.
3326 1817 3738 1872 Ulterioribus
3772 1835 3896 1873 vero

507 1930 748 1984 persona
777 1915 916 1970 duas
957 1921 1187 1971 naturas
1218 1917 1456 1988 Cyrillus
1476 1917 1760 1970 confessus
1779 1916 2126 1984 ostenditur;
2149 1899 2205 1970 B
2229 1909 2538 1964 actionibus
2560 1911 2703 1964 nihil
2732 1910 2800 1964 de
2827 1926 2994 1964 causa
3015 1909 3169 1979 ﬁdei,
3211 1910 3312 1964 sed
3347 1910 3477 1966 sola
3504 1911 3758 1982 negotia
3787 1913 3895 1982 pri-

509 2006 568 2060 in
590 2007 778 2060 Verbis
803 2008 1053 2078 epistolm
1069 2025 1245 2062 unam
1265 2014 1525 2063 naturam
1549 2009 1771 2063 tradere
1797 2008 2019 2076 dicitur,
2043 2013 2129 2062 at-

509 2115 619 2170 que
645 2099 714 2153 ab
737 2099 844 2154 hoc
876 2116 1044 2154 sensu
1075 2105 1365 2172 correptus
1395 2102 1485 2156 vix
1520 2100 1822 2172 resipuisse
1848 2103 2126 2154 narratur.

512 2192 573 2245 In
595 2191 764 2262 gestis
785 2193 985 2262 synodi
1003 2193 1510 2250 anathematizatus
1524 2193 1805 2248 Nestorius
1819 2193 1988 2248 etiam
2011 2197 2132 2263 post

512 2288 759 2338 mortem
785 2284 1018 2354 dicitur;
1064 2287 1122 2341 in
1152 2287 1336 2341 verbis
1368 2303 1500 2342 vero
1530 2286 1778 2358 epistolae
1811 2287 1980 2340 etiam
2006 2288 2134 2356 post

511 2376 916 2448 depositionem
947 2395 1128 2447 suam,
1154 2397 1255 2450 pro
1279 2381 1396 2435 solo
1417 2379 1622 2434 civium
1652 2395 1885 2433 suorum
1911 2379 2038 2433 odio
2060 2379 2130 2432 ad

509 2469 788 2524 civitatem
826 2488 985 2526 suam
1013 2489 1126 2526 non
1165 2473 1372 2527 redisse
1411 2473 1760 2543 perhibetur.
1792 2471 1878 2526 Sic
1921 2471 2131 2542 quippe

508 2563 622 2618 illic
641 2565 914 2635 scriptum
933 2571 1018 2620 est
1040 2585 1054 2621 :
1083 2587 1110 2617 «
1135 2567 1418 2621 Nestorius
1437 2572 1626 2621 autem
1648 2565 1780 2638 quia
1797 2566 1857 2620 in
1877 2582 1993 2620 suae
2013 2569 2130 2620 erat

508 2657 636 2710 odio
662 2657 917 2726 civitatis,
941 2663 997 2713 et
1019 2659 1269 2713 virorum
1291 2659 1388 2730 qui
1407 2660 1464 2712 in
1488 2675 1552 2713 ea
1571 2663 1703 2713 sunt
1726 2657 2128 2726 maximorum,

509 2749 638 2804 illuc
664 2751 865 2805 reverti
891 2767 1006 2805 non
1031 2753 1236 2822 potuit.
1270 2772 1298 2802 )›
1336 2754 1395 2806 In
1429 2752 1596 2821 gestis
1623 2768 1686 2805 ac
1713 2750 2132 2806 definitionibus

509 2843 706 2913 synodi
741 2859 891 2897 unus
930 2844 1100 2898 Filius
1128 2847 1285 2899 Jesus
1320 2845 1576 2898 Christus
1613 2844 1844 2912 dicitur;
1877 2849 1934 2896 at
1967 2843 2130 2913 juxta

509 2935 824 2990 doctrinam
850 2936 1127 2990 Theodori
1161 2942 1330 3008 atque
1364 2936 1600 2990 Nestorii
1627 2937 1770 2990 Deus
1797 2938 2032 2990 tacetur.
2066 2937 2132 2990 Et

509 3026 568 3080 in
601 3029 770 3097 gestis
794 3028 991 3098 synodi
1017 3045 1297 3098 nusquam
1318 3029 1640 3082 Theodorus
1663 3028 1912 3082 veritatis
1939 3027 2132 3082 doctor

511 3118 744 3186 dicitur;
769 3120 826 3174 in
845 3120 1028 3174 verbis
1045 3137 1176 3176 vero
1198 3121 1446 3192 epistolae
1475 3121 1644 3190 idem,
1677 3121 1837 3190 cujus
1865 3120 2128 3190 blasphe-

511 3211 654 3264 mias
699 3229 872 3282 supra
916 3214 1274 3284 protulimus,
1303 3213 1549 3268 veritatis
1581 3214 1774 3267 doctor
1811 3213 2126 3267 clamatur:
2150 3254 2204 3329 Ο

513 3303 604 3329 η..ζ
639 3303 908 3329 nimim“...
939 3305 979 3329 -:
1021 3322 1145 3329 αλ..-
1185 3305 1318 3329 ,ΙΣ-Ζι
1371 3305 1505 3329 ἔλι--
1547 3311 1706 3329 ..-η-,ι
1739 3321 1859 3329 --.η-ι
1893 3305 1954 3329 ,ἸΑ
1982 3305 2094 3329 --Α-ζ

510 3303 609 3373 qui
639 3303 913 3358 nimirum
937 3305 984 3357 si
1021 3322 1150 3359 vera
1181 3305 1341 3373 dixit,
1369 3305 1511 3360 falsa
1544 3311 1710 3360 erunt
1735 3321 1861 3376 quae
1889 3305 1956 3359 de
1982 3305 2128 3358 veri-

511 3400 622 3450 tate
653 3397 897 3466 synodus
924 3397 1176 3468 protulit.
1208 3397 1468 3468 Quisquis
1492 3398 1669 3467 igitur
1707 3399 1804 3470 qui
1842 3398 2132 3468 epistolam

509 3505 638 3558 quee
667 3490 774 3544 Ibte
799 3489 1021 3556 dicitur,
1049 3491 1341 3546 ostendere
1369 3491 1518 3562 quod
1546 3491 1618 3546 sit
1655 3491 1723 3546 de
1759 3491 1970 3561 synodo
1996 3491 2130 3545 niti-

508 3587 619 3648 tur,
651 3583 786 3654 quid
815 3584 966 3639 aliud
993 3601 1164 3655 quam
1183 3589 1338 3654 gesta
1358 3584 1608 3654 ejusdem
1628 3584 1822 3654 synodi
1843 3584 2134 3638 destruere

507 3677 777 3730 conatur?
824 3677 878 3731 Si
926 3677 1078 3732 enim
1128 3677 1484 3747 sibimetipsis
1527 3677 1740 3731 diversa
1787 3680 1936 3745 sunt,
1981 3677 2134 3730 nulla

508 3768 703 3837 procul
732 3769 904 3824 dubio
928 3771 1259 3824 auctoritate
1286 3769 1607 3838 subsistent,
1631 3769 1764 3840 quia
1782 3786 1910 3840 quae
1937 3785 1995 3823 se
2021 3769 2128 3822 im-

508 3862 814 3931 pugnanda
844 3862 1162 3930 destruunt,
1209 3863 1344 3916 alios
1371 3862 1646 3916 mdiﬁcare
1688 3879 1802 3916 non
1846 3866 2080 3933 possunt
2113 3881 2131 3916 :

508 3953 552 4006 si
579 3953 938 4024 sibimetipsis
961 3954 1181 4008 diversa
1208 3959 1358 4022 sunt,
1380 3955 1534 4008 nulla
1559 3955 1823 4009 ﬁrmitate
1844 3955 2129 4009 convales-

509 4051 664 4110 cunt,
683 4046 922 4098 Domino
933 4051 1226 4101 attestantc
1242 4047 1339 4118 qui
1353 4047 1458 4100 ait:
1491 4050 1728 4116 Regnum
1751 4051 1806 4101 in
1822 4063 1876 4101 se
1902 4048 2135 4102 divisum

511 4152 617 4190 non
645 4139 812 4191 stabit
842 4139 982 4204 (Luc.
1011 4143 1106 4208 x1).
1131 4139 1237 4194 Sed
1260 4137 1405 4193 absit
1425 4139 1549 4208 hoc,
1574 4140 1716 4194 absit
1745 4139 1816 4193 ab
1841 4139 1936 4194 illo
1963 4155 2132 4194 vene-

511 4228 686 4282 rando
712 4230 974 4300 concilio,
1025 4236 1090 4285 ut
1135 4231 1356 4286 sibimet
1398 4231 1676 4286 contraria
1711 4231 1921 4301 sapiat;
1963 4235 2018 4286 et
2047 4231 2135 4286 vel

512 4321 804 4391 superiora
835 4323 1302 4394 subsequentibus
1329 4323 1604 4379 discordia
1635 4324 1913 4394 prteferat,
1942 4325 2027 4378 vel
2055 4325 2136 4378 in-

510 4414 717 4469 feriora
745 4417 1190 4486 praecedentibus
1227 4417 1629 4488 impugnatura
1655 4417 1980 4487 subjungat.
2003 4417 2136 4472 San-

508 4511 596 4562 cta
641 4507 795 4562 enim
837 4510 996 4578 ﬁdes,
1043 4527 1172 4581 quae
1209 4526 1326 4564 uno
1362 4510 1475 4564 illic
1517 4510 1719 4580 spiritu
1758 4515 1987 4581 accepta
2026 4513 2131 4577 est,

2228 2007 2350 2056 vata
2380 2007 2690 2058 versantur.
2713 2003 2876 2067 Quod
2901 2019 3033 2056 cum
3067 2003 3434 2074 responsales
3457 2004 3649 2058 vestri
3676 2004 3757 2059 ita
3787 2021 3901 2060 esse

2229 2095 2600 2166 ambigerem,
2629 2111 2780 2150 curas
2805 2095 2964 2150 nobis
3004 2095 3114 2150 fuit
3147 2111 3219 2149 ex
3260 2095 3517 2166 prolatis
3559 2098 3769 2152 multis
3801 2098 3902 2152 hoc

2228 2188 2520 2244 Codicibus
2545 2188 2950 2242 demonstrare.
2993 2189 3101 2242 Nos
3125 2193 3324 2243 tamen
3359 2189 3476 2244 hac
3521 2190 3602 2245 de
3651 2207 3720 2245 re
3758 2207 3902 2246 nun-

2229 2297 2401 2352 quam
2438 2281 2680 2335 dubitari
2704 2297 2866 2352 posse
2905 2281 3270 2350 credidimus,
3305 2282 3452 2354 quia
3483 2287 3550 2338 et
3584 2285 3797 2340 eadem
3823 2301 3904 2338 se-

2229 2375 2339 2428 ries
2367 2374 2443 2428 sic
2469 2389 2526 2428 se
2549 2373 2816 2442 insinuat,
2845 2377 2912 2428 ut
2933 2374 3086 2429 credi
3113 2375 3278 2429 aliter
3305 2376 3710 2432 contradicat.

2299 2467 2475 2521 XVIII.
2493 2465 2746 2520 Primum
2764 2467 3017 2538 quidem,
3035 2467 3174 2538 quia
3191 2467 3361 2538 (sicut
3375 2468 3620 2524 dictum
3644 2470 3755 2544 est)
3775 2471 3906 2526 dum

2229 2558 2458 2614 deﬁnita
2485 2559 2615 2613 fidei
2641 2560 2838 2631 regula
2863 2559 2922 2613 in
2948 2559 3171 2614 actione
3185 2565 3352 2614 sexta
3375 2563 3754 2631 ostenditur,
3778 2565 3909 2619 ordo

2230 2668 2412 2706 causae
2472 2651 2714 2720 indicat,
2765 2656 2833 2706 ut
2869 2652 2930 2706 in
2967 2652 3188 2707 actione
3234 2653 3565 2724 subjuncta
3619 2673 3910 2712 canonum

2229 2745 2410 2799 forma
2435 2750 2784 2816 sequeretur.
2811 2745 3137 2800 Secundum
3164 2762 3300 2800 vero
3330 2753 3442 2816 est,
3465 2749 3623 2819 quia
3644 2755 3708 2805 et
3731 2751 3795 2806 in
3819 2767 3911 2805 ac-

2227 2838 2394 2892 tionis
2421 2842 2590 2892 sextze
2613 2837 2920 2895 terminum
2931 2838 3054 2910 jam
3070 2855 3361 2894 canonum
3384 2858 3614 2897 norma
3636 2844 3912 2915 praeliba-

2233 2933 2343 2999 tur,
2381 2931 2518 2984 dum
2543 2930 2654 2984 illic
2679 2947 2712 2984 a
2738 2931 2991 3002 principe
3019 2932 3451 2988 venerabilibus
3479 2936 3793 3010 episcopis
3823 2937 3908 2992 di-

2231 3022 2405 3077 citur:
2429 3023 2628 3094 Aliqua
2661 3028 2792 3077 sunt
2824 3023 3098 3095 capitula,
3121 3041 3253 3096 quas
3281 3027 3359 3080 ad
3380 3027 3698 3084 honorem
3720 3037 3914 3085 vestras

2230 3115 2557 3170 reverentius
2588 3115 2742 3169 vobis
2777 3117 3212 3187 reservavimus,
3236 3119 3474 3189 justum
3502 3123 3915 3179 existimantes

2230 3208 2350 3262 haec
2374 3225 2407 3262 a
2431 3208 2584 3262 vobis
2609 3208 2946 3278 regulariter
2969 3226 3072 3280 per
3099 3211 3330 3282 singula
3353 3215 3672 3282 synodum
3699 3217 3919 3271 ﬁrmari

2232 3301 2444 3372 [potius
2467 3317 2569 3372 per
2599 3301 2879 3372 synodum
2898 3303 3180 3373 formari],
3205 3309 3317 3358 etc.
3341 3306 3783 3365 Praelibatione
3811 3311 3920 3365 ita-

2231 3409 2341 3464 que
2367 3397 2539 3448 sextaa
2563 3394 2796 3448 actionis
2830 3396 3152 3450 ostenditur
3187 3397 3325 3468 quia
3358 3398 3505 3468 jure
3548 3404 3927 3458 constitutio.

2230 3503 2330 3541 nes
2351 3503 2629 3541 canonum
2665 3504 2780 3542 non
2807 3487 2917 3542 nisi
2947 3487 3007 3542 in
3047 3489 3295 3559 septima
3321 3493 3750 3551 continentur.
3779 3497 3927 3562 Quid

2231 3580 2382 3634 enim
2408 3583 2700 3651 supererat
2717 3581 2866 3651 quod
2890 3581 3140 3652 perfecta
3159 3582 3297 3637 ﬁdei
3318 3587 3714 3656 professione
3736 3590 3924 3660 ﬁeret,

2229 3672 2337 3726 nisi
2361 3678 2426 3728 ut
2447 3673 2826 3745 quorumdam
2851 3674 3108 3728 ﬁdelium
3135 3677 3396 3732 actiones
3441 3679 3701 3737 illicitas
3733 3691 3928 3740 sancta

2231 3766 2474 3836 synodus
2510 3766 2710 3836 positis
2747 3767 2958 3838 regulis
2986 3767 3320 3839 judicaret?
3346 3772 3646 3835 Quamvis
3672 3777 3726 3830 si
3754 3779 3930 3833 soler-

2231 3863 2318 3912 ter
2339 3859 2662 3929 aspicimus,
2708 3876 2992 3914 canonum
3023 3861 3257 3932 regulas
3301 3865 3536 3934 positas
3587 3885 3745 3940 non,
3783 3872 3929 3926 sicut

2230 3956 2482 4021 putatur,
2510 3953 2570 4006 in
2598 3951 2855 4023 septima,
2888 3953 2984 4008 sed
3011 3953 3262 4009 intextas
3290 3962 3479 4012 sextz-B
3512 3963 3755 4019 actioni
3781 3965 3932 4020 inve-

2231 4043 2438 4098 nimus.
2469 4045 2608 4098 Nam
2628 4060 2762 4098 cum
2785 4045 2846 4100 in
2872 4045 3087 4101 eisdem
3104 4049 3648 4110 constitutionibus
3675 4059 3932 4112 sancien-

2233 4136 2318 4190 dis
2337 4153 2451 4191 non
2473 4137 2610 4204 dies,
2647 4154 2763 4192 non
2791 4139 3102 4210 imperium
3121 4141 3386 4212 ponitur,
3407 4160 3558 4216 non.
3579 4150 3696 4220 qui
3724 4153 3933 4206 reside-

2233 4232 2380 4297 rent,
2409 4230 2822 4298 describuntur,
2861 4233 3060 4302 procul
3086 4233 3264 4288 dubio
3304 4252 3447 4292 cum
3481 4256 3624 4296 non
3656 4251 3934 4299 consueto

2233 4322 2462 4376 exordio
2489 4327 2688 4394 coeptae
2725 4329 2876 4393 sunt,
2928 4325 3064 4395 quia
3105 4329 3471 4397 praecedenti
3521 4337 3767 4392 actioni
3814 4341 3934 4393 sub-

2232 4432 2390 4469 nexze
2415 4421 2548 4470 sunt
2574 4417 3015 4472 demonstratur.
3057 4420 3203 4484 Quia
3228 4437 3369 4476 vero
3396 4424 3464 4478 in
3495 4429 3756 4486 actione
3782 4441 3932 4487 sexta

2233 4507 2360 4562 ﬁdei
2383 4525 2546 4562 causa
2573 4509 2885 4580 perﬁcitur,
2905 4510 3029 4582 ipsa
3056 4513 3478 4585 episcoporum
3525 4525 3822 4580 omnium
3853 4544 3936 4596 ge-

509 4617 620 4655 uno
647 4618 815 4656 sensu
841 4603 1074 4672 credita,
1093 4619 1208 4657 una
1229 4607 1312 4658 est
1329 4607 1386 4658 et
1405 4603 1514 4658 ﬁde
1536 4604 1779 4673 [Forsan,
1802 4603 1954 4672 voce]
1983 4619 2130 4673 praa-
2152 4612 2211 4686 D
2232 4601 2410 4656 nerali
2427 4602 2832 4673 subscriptione
2847 4603 3336 4662 declaratur.Nam
3356 4611 3466 4680 qui
3478 4621 3635 4684 post
3649 4618 3940 4691 subscrip-

509 4693 708 4748 dicata.
741 4695 950 4749 Idcirco
974 4695 1036 4750 in
1062 4695 1277 4750 cunctis
1304 4695 1505 4750 mundi
1531 4695 1782 4766 partibus
1811 4695 1994 4748 forma
2027 4711 2134 4750 no-

404 4829 416 4840 .
510 4791 638 4841 strae
667 4787 1036 4858 professionis
1066 4789 1208 4842 facta
1234 4793 1336 4857 est,
1367 4789 1500 4860 quia
1521 4789 1580 4842 in
1608 4788 1961 4858 precantium
1987 4787 2132 4842 voci-

510 4881 613 4934 bus
638 4881 863 4935 sibimet
887 4881 1010 4952 ipsa
1035 4881 1316 4936 dissimilis
1343 4897 1458 4935 non
1483 4886 1585 4935 est.

579 4975 732 5028 XVII.
763 4974 867 5029 Sed
893 4991 996 5028 cur
1021 4975 1414 5029 tantummodo
1439 4979 1690 5028 sanctam
1715 4973 2134 5029 Chalcedonen-

512 5082 631 5120 sem
659 5067 936 5138 synodum
963 5068 1201 5122 convelli
1222 5068 1478 5134 dicimus,
1511 5067 1557 5120 si
1585 5067 1977 5122 auctoritatem
2005 5067 2138 5121 huic

513 5159 760 5228 epistolis
786 5161 1190 5232 reprobemus?
1209 5162 1341 5226 Quae
1362 5160 1636 5215 nimirum
1655 5159 1700 5213 si
1717 5175 1846 5213 vera
1866 5159 2135 5227 creditur,

509 5250 677 5304 etiam
715 5255 832 5305 tota
868 5259 1072 5307 sanctas
1097 5254 1388 5324 Ephesium
1410 5252 1607 5324 synodi
1627 5253 1765 5306 ﬁdes
1784 5267 1845 5305 ac
1872 5267 2136 5306 reveren-

513 5342 590 5396 tia
617 5343 936 5413 dissipatur.
985 5347 1114 5400 Hzec
1139 5347 1350 5432 quéppe
1383 5348 1460 5401 ait
1485 5389 1498 5415 ,
1527 5345 1680 5418 quod
1705 5345 1765 5398 in
1803 5361 1871 5399 ea
1902 5344 2141 5415 Cyrillus

518 5434 891 5505 praemiorum
924 5436 1294 5492 medicamine
1335 5440 1654 5510 sapientum
1679 5438 1868 5492 oculos
1895 5453 2139 5492 excaeca-

520 5527 618 5581 vit.
639 5527 781 5590 Quid
798 5544 934 5599 ergo
957 5529 1068 5583 illic
1090 5531 1157 5584 de
1178 5532 1406 5586 veritate
1427 5537 1642 5586 certum
1665 5530 1887 5599 dicitur,
1907 5530 2003 5584 ubi
2023 5531 2143 5600 ipsa

508 5620 710 5675 veritas
723 5619 1109 5674 sacerdotibus
1125 5623 1346 5677 vendita
1356 5640 1474 5678 esse
1496 5623 1866 5694 perhibetur?
1886 5623 1991 5676 Sed
2017 5622 2143 5693 quis

507 5715 614 5768 hoc
641 5713 847 5782 dicere,
871 5713 999 5784 quis
1027 5713 1134 5767 hoc
1154 5717 1462 5770 consentiat
1481 5715 1758 5786 patienter
1775 5715 1969 5770 audire
1983 5716 2010 5768 ?
2033 5717 2141 5770 Re-

506 5807 779 5879 probetur
796 5823 934 5876 ergo
955 5822 1072 5860 una
1093 5807 1327 5878 epistola
1347 5808 1650 5873 mentiens,
1668 5824 1738 5861 ne
1765 5813 2003 5879 utraque
2022 5824 2146 5862 san-

582 5929 648 5996 (a)
693 5926 1030 5998 Legendum
1059 5927 1290 5983 omnino
1313 5927 1420 5983 Iba:
1437 5967 1456 5991 ,
1485 5925 1644 5997 cujus
1671 5931 1800 5984 sunt
1825 5927 1991 5984 verba
2015 5944 2143 6001 quae

2233 4698 2429 4748 serunt
2453 4695 2812 4764 sententiam,
2832 4701 3034 4750 cuncta
3073 4715 3204 4770 quas
3245 4700 3316 4756 de
3360 4702 3486 4759 ﬁde
3526 4712 3783 4780 agenda
3833 4715 3947 4768 fue-

2234 4791 2381 4857 rant,
2404 4787 2560 4841 ﬁnita
2575 4788 2759 4842 testati
2781 4795 2932 4844 sunt.
2957 4791 3120 4846 Unde
3145 4795 3204 4846 et
3227 4793 3290 4847 in
3316 4799 3522 4852 causis
3553 4809 3703 4872 post
3721 4807 3947 4877 specia-

2234 4881 2400 4948 libus,
2422 4880 2591 4935 nudis
2610 4883 3007 4936 tantummodo
3030 4884 3218 4938 verbis
3255 4886 3640 4965 loquuntur,
3675 4903 3862 4970 atque
3893 4917 3949 4955 ea

2235 4990 2364 5044 quae
2383 4974 2748 5028 decernentes
2782 4974 3062 5045 dixerant,
3090 4977 3254 5032 nulla
3279 4987 3614 5054 supposita
3643 4991 3949 5063 subscrip-

2235 5066 2388 5120 tione
2420 5065 2813 5121 ﬁrmaverunt.
2843 5069 2977 5132 Quae
3005 5070 3234 5139 [Forsan
3263 5074 3401 5146 Qui]
3443 5086 3949 5141 reverendissimi

2237 5159 2484 5230 episc0pi
2511 5159 2588 5214 ita
2613 5159 2672 5214 in
2691 5160 2912 5215 actione
2939 5167 3095 5216 sexta
3117 5166 3321 5220 omnia
3343 5183 3489 5238 quae
3517 5173 3601 5228 de
3624 5177 3755 5233 fide
3787 5197 3952 5252 agen-

2239 5253 2308 5306 da
2345 5252 2586 5321 fuerant,
2633 5255 3082 5324 cognoscebant;
3125 5261 3214 5326 ut,
3267 5259 3428 5316 sicut
3469 5264 3612 5322 illic
3665 5275 3950 5347 scriptum

2239 5350 2323 5400 est
2346 5347 2652 5440 clamarent
2680 5362 2693 5400 :
2724 5347 3140 5420 Supplicamus,
3175 5350 3414 5410 dimitte
3444 5373 3593 5429 nos,
3631 5365 3742 5435 pie
3771 5368 3950 5440 impe-

2239 5443 2414 5505 rator,
2431 5439 2660 5533 dimitte
2687 5455 2809 5533 nos.
2843 5441 3138 5513 (Quodque
3185 5461 3304 5500 non
3343 5464 3461 5518 pro
3509 5453 3671 5527 ﬁde,
3717 5463 3826 5516 sed
3867 5480 3954 5533 pro

2241 5531 2573 5604 specialibus
2636 5532 2815 5586 causis
2878 5534 3094 5590 detenti
3171 5543 3346 5609 sunt,
3418 5545 3779 5623 principali
3858 5531 3956 5609 illi:

2241 5625 2603 5696 responsione
2641 5630 3010 5696 monstratur,
3052 5645 3188 5684 cum
3239 5631 3468 5690 dicitur
3533 5656 3550 5694 :
3621 5644 3954 5704 Sacratissi-

2241 5735 2368 5772 mus
2405 5723 2462 5772 et
2494 5717 2784 5789 piissimus
2837 5719 3106 5774 dominus
3162 5730 3368 5780 noster
3427 5730 3801 5795 Marcianus
3856 5749 3954 5797 Au.

2245 5817 2440 5884 gustus
2499 5811 2568 5864 ad
2632 5815 2883 5866 sanctam
2946 5815 3240 5882 synodum
3315 5819 3474 5878 dixit
3540 5843 3556 5881 :
3629 5833 3958 5891 Laborang

2246 5943 2376 5984 mox
2399 5925 2715 5984 afferuntur
2739 5941 2870 6000 sup.
2899 5927 3026 5986 coll.
3057 5931 3114 5985 6.
