3994 6406
130 401 227 456 733

1398 403 1734 459 EPISTOLAL‘
1772 405 1856 460 ET
1893 403 2219 461 DECRETA.

3373 405 3474 462 734

127 516 304 572 multo
334 517 524 588 spatio
543 515 948 589 fatigationem
979 517 1265 590 perpessi:
1295 519 1536 574 sustinet
1561 523 1754 576 autem
1774 535 1833 608 Α
1851 537 1984 578 vero
2009 525 2067 578 et
2094 522 2248 594 apud
2286 522 2521 579 eosdem
2565 523 2861 597 episcopos
2905 523 3001 596 qui
3028 525 3088 580 in
3115 525 3480 584 Chalcedone

129 613 238 664 tres
267 613 368 664 aut
392 613 644 681 quatuor
669 611 790 666 dies
819 611 1024 678 adhuc,
1049 615 1107 666 et
1130 612 1507 684 praesentibus
1535 614 1754 684 magni-

126 703 510 758 ﬁcentissimis
534 703 827 775 judicibus
869 704 1096 772 nostris,
1129 706 1354 777 singula
1399 723 1751 778 qumcunque

127 796 287 850 vultis
304 813 564 864 movere,
585 801 918 869 competens
933 798 1200 869 adepturi
1219 799 1483 854 solatium
1501 800 1636 870 [Al.,
1659 817 1754 855 au-

127 889 381 960 xilium].)
422 889 532 954 Qui
565 890 742 960 igitur
762 891 834 945 ad
864 878 1090 962 singula
1113 909 1355 963 quaeque
1389 894 1602 947 vellent
1625 909 1749 948 mo-

129 986 248 1036 tura
278 983 494 1037 retenti
539 987 692 1051 sunt,
723 983 857 1038 licet
882 985 1102 1054 [Forsan
1139 984 1338 1055 liquet]
1383 985 1515 1056 quia
1542 1001 1753 1056 nequa-

128 1091 294 1146 quam
319 1057 475 1129 ultra
497 1075 738 1130 actionis
769 1079 938 1130 sexta:
958 1076 1271 1131 terminum
1289 1094 1393 1148 pro
1423 1077 1557 1132 fidei
1581 1094 1752 1132 causa

125 1165 452 1218 restiterunt
478 1163 949 1237 [remanserunt].

190 1256 299 1312 Sed
325 1273 428 1311 cur
456 1257 530 1312 de
557 1258 646 1312 his
677 1262 910 1312 extensa
935 1259 1160 1314 ratione
1187 1259 1432 1331 agimus,
1464 1260 1561 1332 qui
1588 1263 1750 1316 tanta

127 1349 558 1420 praedecessoris
589 1351 768 1405 nostri
797 1351 954 1406 beati
993 1352 1197 1407 Leonis
1228 1353 1564 1408 auctoritate
1595 1353 1749 1408 fulci-

126 1442 291 1498 mur?
317 1444 442 1514 lpsc
471 1461 748 1515 namque,
791 1445 937 1499 sicut
960 1445 1144 1500 multa
1189 1445 1446 1516 superius
1478 1446 1745 1518 epistola-

125 1552 246 1590 rum
273 1537 397 1607 ejus
427 1537 797 1592 attestatione
848 1537 1176 1607 docuimus,
1210 1542 1370 1610 gesta
1413 1539 1750 1610 multiplicia

126 1646 418 1684 causarum
448 1629 787 1702 specialium
817 1631 1202 1702 reprobando,
1229 1632 1628 1687 auctoritatem
1657 1650 1744 1703 sy-

127 1723 252 1776 nodi
270 1723 327 1777 in
342 1725 464 1778 sola
476 1723 614 1778 fidei
629 1723 962 1778 definitione
977 1725 1477 1780 constrinxitﬂinc
1493 1729 1578 1780 est
1591 1726 1748 1780 enim

125 1817 272 1887 quod
298 1819 538 1888 peracta
564 1817 784 1889 synodo
805 1820 1036 1873 cunctas
1057 1817 1222 1872 nobis
1248 1819 1634 1889 suspicionum
1654 1835 1748 1873 ne-

123 1910 276 1964 bulas
296 1913 554 1981 tergens,
577 1914 769 1982 aperte
786 1911 859 1964 ad
874 1911 1177 1966 Maximum
1194 1911 1567 1966 Antiocheam
1597 1912 1747 1966 sedis
1767 1899 1822 1970 B

123 2003 429 2057 antistitem
461 2004 680 2071 scribit,
722 2004 917 2058 dicens
945 2007 1132 2074 (Epist.
1163 2006 1246 2073 62)
1275 2021 1288 2058 :
1331 2005 1388 2060 Si
1429 2005 1566 2075 quid
1609 2021 1746 2059 sane

125 2095 189 2149 ab
227 2095 313 2150 his
357 2096 654 2164 fratribus,
701 2097 856 2168 quod
886 2097 959 2151 ad
989 2098 1246 2151 sanctam
1296 2097 1576 2168 synodum
1628 2097 1746 2152 vice

122 2205 246 2244 mea
269 2189 420 2256 misi,
451 2193 666 2260 praeter
696 2189 756 2244 id
783 2189 938 2261 quod
969 2191 1042 2243 ad
1067 2207 1295 2244 causam
1326 2190 1460 2244 ﬁdei
1491 2191 1742 2261 pertine-

123 2282 230 2349 bat,
252 2287 481 2354 gestum
513 2299 637 2337 esse
668 2283 1021 2354 perhibetur,
1055 2283 1264 2337 nullius
1283 2283 1390 2338 erit
1411 2283 1637 2353 penitus
1656 2283 1746 2337 ﬁr-

121 2375 344 2442 mitatis,
373 2376 510 2446 quia
539 2375 613 2430 ad
641 2377 748 2430 hoc
767 2378 996 2430 tantum
1025 2376 1095 2430 ab
1117 2375 1429 2446 apostolica
1450 2376 1584 2430 sede
1612 2379 1746 2431 sunt

123 2468 330 2536 directi,
357 2473 421 2523 ut
453 2469 656 2523 excisis
680 2469 1012 2536 haeresibus,
1045 2469 1340 2524 catholicae
1385 2473 1577 2523 essent
1607 2469 1744 2524 ﬁdei

121 2560 463 2616 defensores.
503 2562 798 2633 Quidquid
821 2561 975 2616 enim
1005 2564 1218 2632 praeter
1244 2562 1518 2632 speciales
1543 2578 1742 2617 causas

121 2655 473 2724 synodalium
495 2655 870 2710 conciliorum
903 2655 977 2709 ad
1004 2671 1246 2709 examen
1279 2655 1602 2727 episcopale
1640 2656 1738 2710 de-

121 2747 308 2816 fertur,
337 2752 530 2820 potest
551 2749 805 2819 aliquam
828 2747 1182 2818 dijudicandi
1201 2748 1412 2802 habere
1430 2749 1738 2804 rationem.

124 2841 245 2908 (Sed
274 2843 461 2896 solent
483 2841 752 2896 nonnulli
779 2841 988 2909 dicere,
1017 2842 1139 2896 haec
1185 2859 1316 2896 eum
1359 2858 1463 2912 pro
1490 2841 1744 2896 Anatolii

120 2933 768 3007 ConstantinOpolitanze
796 2935 950 2988 urbis
999 2935 1247 3006 episcopi
1297 2935 1742 3006 praesumptione

121 3029 346 3083 dixisse:
379 3028 481 3100 qui
509 3028 556 3082 si
589 3031 647 3082 et
669 3045 762 3082 res
797 3031 1004 3098 gestas,
1035 3033 1090 3082 et
1113 3045 1180 3082 ea
1214 3045 1340 3099 quae
1368 3045 1519 3082 nunc
1541 3031 1738 3099 protu-

123 3122 282 3176 limus
309 3123 570 3192 epistolae
587 3121 759 3175 verba
781 3121 1165 3188 considerant,
1189 3121 1463 3192 suspicari
1483 3121 1742 3192 protinus

1852 616 2211 684 resederunt,
2240 616 2298 671 in
2329 616 2697 672 veneratione
2744 617 2995 689 synodus
3029 619 3258 674 nonnisi
3297 637 3480 692 usque

1853 709 1927 764 ad
1953 709 2088 764 fidei
2114 709 2510 764 deﬁnitionem
2529 710 2654 776 fuit,
2673 727 2778 782 per
2791 712 2898 766 hoc
2920 715 3115 782 aperte
3135 713 3476 782 ostenditur,

1854 803 2008 873 quod
2037 802 2295 874 plerique
2325 803 2506 858 Graeci
2531 803 2890 874 antiquiores
2918 805 3153 861 Codices
3179 805 3478 861 continere

1852 895 2136 966 synodum
2167 895 2397 950 nonnisi
2419 895 2476 950 in
2501 913 2596 950 sex
2623 896 2942 952 actionibus
2963 897 3276 969 subjunctis
3303 915 3476 954 cano-

1850 988 2017 1042 nibus
2037 988 2524 1058 demonstrantur,
2542 993 2603 1044 ut
2621 990 2859 1046 omnino
2882 993 3090 1046 caetera
3103 1008 3230 1062 quae
3253 991 3476 1062 privato

1852 1082 2040 1136 studio
2068 1081 2299 1136 fuerant
2322 1086 2500 1150 mota,
2527 1099 2643 1138 non
2665 1083 2936 1138 habeant.
2959 1083 3122 1138 Unde
3147 1088 3204 1138 et
3223 1084 3478 1155 encyclia

1849 1175 1972 1229 haec
2003 1174 2082 1228 ita
2103 1190 2224 1228 esse
2247 1177 2547 1230 testantur.
2571 1177 2714 1232 Nam
2741 1177 2933 1232 Leone
2959 1179 3215 1248 Augusto
3236 1167 3474 1250 Alypius

1851 1268 2149 1339 episcopus
2187 1267 2460 1323 Caesareas
2487 1269 2858 1340 Cappadocia:
2887 1270 3162 1338 scribens,
3210 1269 3292 1325 ait
3336 1270 3414 1340 (In
3442 1273 3473 1326 3

1842 1365 1994 1432 part.
2025 1362 2270 1419 Chalced.
2298 1377 2435 1424 con.,
2461 1377 2504 1416 c.
2537 1362 2657 1433 50):
2689 1363 2782 1417 His
2821 1363 3013 1434 itaque
3055 1363 3134 1418 sic
3169 1381 3228 1419 se
3253 1364 3472 1420 haben-

1848 1454 2017 1520 tibus,
2046 1457 2250 1509 vestrm
2279 1454 2483 1508 Pietati
2512 1455 2794 1526 signiﬁco,
2825 1456 2960 1527 quia
2985 1473 3052 1511 ea
3085 1457 3318 1529 quidem
3342 1475 3468 1530 qua:

1846 1546 2266 1618 particulariter
2295 1547 2620 1602 examinata
2642 1552 2792 1616 sunt,
2823 1553 2879 1603 et
2905 1567 3033 1620 quae
3065 1551 3283 1622 [atque]
3312 1556 3474 1622 gesta

1849 1657 1882 1694 a
1901 1641 2112 1694 sanctis
2141 1640 2420 1712 episcopis
2450 1641 2510 1694 in
2537 1641 2990 1697 Chalcedonensi
3037 1643 3264 1697 civitate
3309 1645 3474 1698 colle-

1846 1733 1967 1800 ctis,
1997 1749 2114 1788 non
2145 1733 2259 1803 legi
2284 1750 2297 1799 ;
2326 1750 2514 1804 neque
2546 1734 2703 1788 enim
2731 1752 2764 1790 a
2782 1738 2992 1790 sancta:
3011 1736 3308 1791 memoriae
3335 1741 3473 1792 tunc

1847 1826 2112 1897 episcopo
2162 1827 2472 1893 Thalassio,
2516 1827 2615 1898 qui
2668 1829 2930 1882 interfuit
2975 1833 3170 1884 sancto
3207 1830 3469 1899 concilio,

1848 1919 2064 1989 aliquid
2110 1919 2221 1972 huc
2253 1919 2495 1990 amplius
2528 1924 2611 1973 est
2641 1923 2880 1974 allatum
2919 1937 2984 1976 ex
3027 1922 3114 1976 his
3143 1939 3271 1993 quse
3309 1927 3472 1993 gesta

1847 2015 2178 2077 noscuntur,
2195 2011 2292 2065 sed
2309 2014 2710 2068 tantummodo
2735 2014 3134 2068 deﬁnitionem
3156 2017 3470 2086 expositam

1847 2104 1917 2158 ab
1948 2105 2044 2159 illo
2079 2109 2275 2159 sancto
2303 2105 2542 2160 concilio
2576 2106 2647 2160 ab
2677 2123 2746 2160 eo
2785 2107 3038 2160 delatam
3082 2107 3341 2178 inspexi.)
3368 2110 3466 2163 At-

1846 2200 2093 2252 testante
2137 2214 2278 2268 ergo
2329 2198 2531 2270 Alypio
2577 2199 2843 2271 episcopo
2894 2199 3294 2271 perdocemur,
3337 2201 3474 2273 quia

1845 2293 2055 2361 praeter
2081 2307 2312 2345 causam
2341 2291 2475 2346 fidei
2499 2291 2639 2346 nihil
2667 2293 2736 2346 de
2765 2293 2984 2364 synodo
3016 2293 3072 2347 in
3100 2294 3471 2350 veneratione

1842 2383 2160 2438 Thalassius
2207 2384 2394 2438 tenuit
2441 2385 2538 2456 qui
2569 2385 2680 2439 illic
2711 2389 2770 2439 et
2811 2389 3022 2456 praeter
3059 2403 3290 2441 causam
3334 2387 3471 2442 ﬁdei

1844 2475 2244 2547 episcoporum
2269 2478 2516 2547 negotiis
2549 2478 2786 2548 privatis
2811 2477 3088 2533 interfuit.
3123 2479 3184 2534 Si
3209 2479 3391 2550 igitur
3409 2480 3469 2535 in

1843 2569 2065 2624 actione
2093 2573 2249 2624 sexta
2275 2570 2554 2640 professio
2571 2570 2703 2624 fidei
2738 2575 3196 2638 consummatur,
3221 2589 3468 2643 moxque

1842 2679 2128 2717 canonum
2150 2663 2350 2734 regula
2369 2663 2590 2733 ﬂgitur;
2623 2663 2669 2716 si
2697 2663 2896 2718 beatus
2912 2665 3026 2718 Leo
3051 2665 3315 2736 negotiis,
3340 2681 3469 2736 quas

1843 2754 1956 2808 illic
1981 2755 2200 2826 private
2221 2759 2377 2810 mota
2409 2760 2558 2822 sunt,
2589 2756 2964 2810 contradicit:
2999 2757 3044 2810 si
3072 2757 3182 2812 hoc
3207 2758 3357 2828 quod
3388 2758 3469 2812 111-

1842 2852 1931 2902 tra
1963 2848 2137 2902 fidem
2188 2851 2415 2918 gestum
2445 2853 2548 2916 est,
2596 2866 2700 2903 nec
2739 2848 2786 2902 is
2825 2849 2923 2920 qui
2977 2849 3111 2903 fecit
3148 2850 3470 2905 Thalassius

1839 2941 2027 2996 tenuit
2054 2958 2067 3008 ;
2089 2958 2191 2995 cur
2216 2958 2320 2996 nos
2345 2942 2673 2996 haereticam
2697 2942 2999 3013 epistolam
3027 2946 3364 2997 rctractasse
3386 2960 3471 2997 re-

1842 3035 2278 3105 prehendimur,
2309 3035 2408 3106 qui
2446 3019 2553 3090 hac
2582 3035 2640 3089 in
2669 3053 2730 3090 re
2757 3039 3092 3091 cunctorum
3121 3053 3225 3090 nos
3255 3053 3466 3107 praece-

1843 3127 2104 3181 dentium
2137 3128 2476 3183 auctoritate
2503 3129 2882 3183 roboramur?
2913 3131 2978 3183 Et
3005 3129 3264 3200 quamvis
3285 3129 3356 3184 ab
3383 3146 3472 3184 ea-

120 3216 784 3286 falsaeessant.Namque
803 3231 930 3268 cum
943 3215 1249 3286 praedictus
1267 3215 1742 3285 Constantinopo-
1759 3262 1815 3335 Ο
1843 3220 1976 3274 dem
2005 3221 2243 3292 epistola
2274 3221 2527 3275 alienum
2555 3239 2615 3276 se
2638 3223 2763 3276 ibas
2792 3222 3179 3293 respondeat;
3209 3222 3468 3294 quamvis

120 3308 299 3335 “5-.....
332 3309 484 3335 ....L:..
522 3307 820 3335 nnznnnn..-
849 3324 1056 3335 ...ηηηννι
1087 3307 1296 3335 ..ιεηηελ
1329 3311 1632 3335 Μυκη-Μὴ...
1659 3324 1722 3335 η..
1847 3313 1966 3335 ..__:-
2003 3313 2308 3335 -__---1_-1_
2367 3313 2431 3335 ,ξι
2491 3317 2582 3335 ---ι
2643 3313 2940 3335 περο---ιι-μ
3002 3318 3089 3335 -.-ι
3145 3315 3466 3335 --μη-ιμμη

119 3308 300 3362 titanas
332 3309 486 3362 urbis
521 3307 823 3378 episcopus
849 3324 1059 3360 novum
1085 3307 1300 3378 aliquid
1327 3311 1632 3362 conaretur
1656 3324 1740 3361 ar-

116 3402 314 3472 ripere,
343 3405 574 3457 constat
603 3400 716 3455 illic
745 3401 796 3455 ei
823 3402 1042 3471 legatos
1073 3401 1222 3454 sedis
1251 3401 1577 3472 apostolicae
1609 3417 1739 3455 cum

117 3512 333 3550 summa
348 3493 710 3550 auctoritatis
726 3494 987 3548 libertate
1001 3493 1270 3548 restitisse
1289 3497 1540 3564 (Act.xv1)
1552 3536 1564 3549 .
1577 3494 1740 3559 Quod

116 3595 168 3642 et
201 3590 414 3644 factum
441 3589 500 3643 in
530 3589 752 3658 synodo
794 3587 1024 3657 legitur,
1059 3591 1117 3641 et
1145 3588 1403 3658 ejusdem
1435 3588 1638 3658 synodi
1666 3588 1740 3642 ad

115 3683 406 3752 praefatum
422 3681 910 3754 praedecessorem
925 3683 1182 3734 nostrum
1200 3681 1450 3752 epistolis
1463 3681 1740 3751 approba-

117 3779 216 3830 tur.
239 3778 284 3830 Α
310 3793 462 3847 saepe
492 3777 614 3830 fato
646 3777 840 3829 autem
865 3774 1071 3828 eodem
1092 3774 1513 3845 praedecessore
1541 3777 1736 3828 nostro

115 3869 182 3922 ad
203 3869 528 3937 Maximum,
560 3869 702 3922 sicut
735 3867 1122 3938 praadiximus,
1147 3867 1408 3922 novimus
1435 3867 1732 3938 scriptum:

115 3962 167 4016 Si
190 3963 324 4033 quid
336 3980 476 4017 sane
502 3961 574 4016 ab
592 3961 678 4015 his
707 3961 994 4027 fratribus,
1020 3977 1164 4032 quos
1189 3961 1262 4015 ad
1285 3964 1544 4014 sanctam
1573 3976 1737 4031 syno-

115 4055 246 4109 dum
275 4056 396 4111 vice
415 4073 550 4110 mea
570 4055 720 4122 misi,
750 4058 961 4125 praeter
985 4054 1044 4108 id
1071 4053 1227 4124 quod
1247 4054 1320 4108 ad
1347 4071 1579 4108 causam
1601 4053 1737 4108 ﬁdei

113 4150 450 4218 pertinebat,
475 4152 703 4219 gestum
721 4165 842 4202 esse
866 4147 1220 4218 perhibetur,
1237 4148 1444 4202 nullius
1462 4147 1736 4218 eritpeni-

111 4245 197 4296 tus
221 4243 532 4310 firmitatis,
554 4242 686 4313 quia
707 4241 780 4296 ad
798 4242 905 4296 hoc
926 4244 1151 4296 tantum
1180 4245 1311 4294 sunt
1331 4241 1402 4295 ab
1424 4241 1736 4312 apostolica

109 4336 239 4390 sede
268 4336 494 4402 directi,
537 4338 600 4388 ut
624 4334 821 4388 excisis
843 4334 1174 4400 haeresibus,
1217 4335 1511 4389 catholicae
1544 4338 1735 4389 essent

112 4429 236 4483 ﬁdei
259 4429 636 4496 defensores.)
665 4427 722 4482 Si
747 4445 886 4498 ergo
917 4428 988 4482 de
1008 4428 1256 4482 Anatolii
1279 4445 1443 4482 causa
1468 4430 1732 4499 loquens,

108 4521 211 4576 hoc
230 4523 385 4593 quod
407 4540 441 4577 a
463 4521 691 4576 vicariis
715 4521 830 4575 suis
851 4523 1042 4574 actum
1063 4521 1118 4574 in
1137 4521 1355 4592 synodo
1378 4522 1626 4587 fuerant,
1649 4538 1735 4575 re-

1841 3313 1974 3384 quia
1999 3313 2316 3384 approbata
2363 3313 2453 3383 sit,
2488 3317 2586 3368 aut
2635 3313 2962 3382 difficulter,
2996 3318 3095 3368 aut
3145 3315 3468 3370 nullatenus

1839 3407 2282 3473 demonstretur,
2312 3406 2552 3460 licenter
2577 3409 2771 3460 tamen
2801 3407 3190 3478 unusquisque
3219 3425 3349 3462 eam
3373 3424 3464 3462 re-

1835 3500 2242 3570 prehenderet,
2277 3499 2504 3553 etiamsi
2521 3499 2772 3570 episcopi
2794 3500 2851 3554 in
2884 3500 3093 3554 eodem
3117 3500 3356 3555 concilio
3383 3517 3468 3555 re-

1837 3592 2087 3646 sidentes
2117 3591 2231 3646 suis
2259 3591 2416 3646 illam
2466 3591 2976 3662 subscriptionibus
3007 3593 3462 3664 approbassent;

1838 3684 1972 3756 quia
2001 3687 2330 3756 postquam,
2367 3685 2537 3738 beato
2584 3685 2772 3738 Leone
2815 3685 3120 3752 scribente,
3155 3685 3251 3756 jus
3280 3689 3463 3740 retra-

1837 3778 2024 3832 ctandi
2053 3782 2110 3832 et
2133 3777 2484 3847 dijudicandi
2520 3777 2873 3843 conceditur,
2923 3778 3095 3832 etiam
3121 3777 3166 3832 si
3197 3795 3309 3848 qua
3341 3795 3463 3833 esse

1835 3873 2064 3941 poterat
2084 3886 2284 3924 eorum
2313 3871 2410 3941 qui
2439 3869 2827 3924 interfuerant
2853 3869 2912 3924 in
2949 3870 3184 3941 privatis
3215 3870 3463 3942 negotiis

1835 3962 2161 4030 auctoritas,
2189 3967 2478 4017 vacuatur.

1903 4058 2005 4112 XX.
2036 4056 2297 4111 Discusso
2318 4057 2512 4128 itaque
2540 4056 2790 4112 secundo
2818 4057 3088 4128 capitulo,
3120 4057 3351 4111 tertium
3377 4074 3464 4111 su—

1836 4153 2046 4220 perest,
2081 4150 2233 4220 quod
2263 4153 2426 4205 tanto
2463 4150 2741 4204 debemus
2766 4150 2825 4204 in
2870 4151 3146 4206 brevitate
3177 4149 3462 4205 constrin-

1835 4260 1992 4313 gere,
2024 4247 2240 4313 quanto
2266 4247 2324 4298 et
2347 4259 2446 4298 vos
2474 4243 2637 4298 nobis
2663 4244 2786 4298 haec
2823 4243 2882 4298 in
2914 4260 2974 4298 re
3019 4261 3136 4298 non
3179 4244 3466 4298 credimus

1833 4336 2130 4390 resultare.
2165 4337 2361 4407 Neque
2412 4337 2568 4392 enim
2601 4337 2947 4392 Theodoreti
3003 4336 3201 4392 omnia
3253 4337 3466 4408 scripta

1833 4428 2196 4494 damnamus,
2237 4430 2337 4484 sed
2379 4431 2500 4484 sola
2531 4446 2659 4499 quae
2689 4432 2891 4483 contra
2933 4429 3238 4484 duodecim
3271 4429 3463 4499 Cyrilli

1833 4521 2104 4592 capitula,
2133 4523 2255 4576 sola
2287 4537 2414 4592 quae
2445 4526 2647 4576 contra
2679 4525 2900 4576 rectam
2944 4522 3122 4575 fidem
3149 4521 3462 4592 aliquando

108 4615 358 4684 darguit;
385 4615 659 4670 nimirum
689 4613 818 4685 quia
837 4613 1730 4685 contradixerant,reprehendit.
1753 4625 1812 4696 D
1836 4613 2123 4684 scripsisse
2145 4618 2535 4681 monstratur;
2565 4631 2692 4686 quae
2718 4621 2915 4668 tamen
2938 4617 2996 4668 et
3016 4613 3134 4685 ipse
3159 4613 3463 4669 damnasse

107 4709 168 4762 Et
200 4709 323 4780 quis
345 4710 469 4764 hinc
511 4709 599 4762 vel
629 4709 833 4762 stultus
855 4708 1112 4763 sentiat?
1141 4708 1284 4762 Dum
1330 4710 1555 4762 constat
1578 4707 1734 4778 quod

109 4801 207 4855 hac
239 4802 309 4856 de
337 4819 398 4856 re
445 4802 650 4856 beatus
677 4803 789 4856 Leo
815 4802 1080 4856 Anatolio
1121 4800 1519 4871 conquerenti,
1552 4801 1734 4854 multa

108 4894 160 4948 in
186 4895 532 4951 vicariorum
561 4912 820 4962 suorum,
857 4895 992 4966 quia
1037 4894 1520 4960 contradixerant,
1564 4893 1733 4948 laude

106 4989 375 5043 rescribat
417 4991 610 5058 (Epist.
644 4986 730 5060 53)
761 5006 774 5042 :
808 4989 968 5058 cujus
1013 4987 1271 5059 epistolae
1323 5005 1476 5041 nunc
1518 4987 1732 5042 idcirco

105 5082 271 5137 verba
294 5099 414 5138 non
442 5083 732 5154 ponimus,
765 5099 836 5136 ne
863 5083 1132 5136 volumen
1161 5082 1270 5135 hoc
1298 5081 1734 5136 immoderatius

105 5175 653 5230 extendamus.Cum
679 5192 812 5230 vero
833 5178 890 5228 et
911 5175 1242 5244 subjicitur:
1264 5174 1554 5244 Quidquid
1577 5174 1734 5229 enim

105 5271 306 5336 praeter
334 5268 614 5340 speciales
642 5285 844 5322 causas
871 5267 1233 5339 synodalium
1255 5267 1628 5322 conciliorum
1659 5269 1732 5322 ad

103 5377 340 5415 examen
369 5362 694 5433 episcopale
724 5361 1002 5428 defertur,
1029 5363 1219 5431 potest
1238 5361 1493 5432 aliquam
1526 5361 1733 5431 dijudi-

104 5454 267 5508 candi
308 5455 527 5509 habere
573 5455 882 5522 rationem,
915 5456 1130 5524 (aperte
1175 5454 1340 5509 nobis
1368 5454 1598 5508 licentia
1627 5453 1730 5508 tri-

102 5547 310 5616 buitur,
339 5551 403 5602 ut
423 5547 706 5620 quidquid
735 5547 847 5602 illic
877 5551 1035 5602 extra
1059 5547 1193 5602 fidei
1220 5563 1416 5601 causas
1441 5547 1512 5600 de
1532 5563 1728 5618 perso-

105 5639 190 5693 nis
220 5643 449 5710 gestum
482 5644 588 5708 est,
618 5644 974 5696 retractetur.
1005 5640 1280 5712 Specialis
1309 5641 1521 5710 quippe
1555 5657 1728 5712 syno-

106 5733 316 5788 dalium
345 5733 723 5788 conciliorum
755 5751 921 5790 causa
951 5737 1038 5790 est
1065 5735 1227 5789 ﬁdes.
1261 5733 1550 5804 Quidquid
1589 5751 1728 5806 ergo

108 5831 312 5895 praeter
355 5827 538 5882 fidem
573 5827 782 5897 agitur,
837 5829 1027 5884 Leone
1076 5827 1339 5894 docente,
1387 5826 1726 5896 ostenditur,

106 5919 236 5989 quia
265 5919 408 5975 nihil
439 5919 648 5988 obstat,
692 5918 739 5974 si
787 5921 859 5976 ad
901 5921 1184 5992 judicium
1234 5924 1550 5976 revocetur.
1585 5919 1729 5988 Quia

1834 4707 2216 4777 cognoscitur,
2264 4707 2398 4778 quia
2423 4707 2481 4761 in
2517 4711 2714 4762 sancta
2742 4706 3198 4763 Chalcedonensi
3238 4707 3459 4777 synodo

1833 4817 1968 4855 vera
1992 4801 2285 4855 confessus
2315 4801 2620 4855 invenitur.
2653 4802 2798 4856 Nam
2831 4800 3125 4872 quomodo
3151 4803 3282 4872 post
3302 4817 3459 4856 erro-

1835 4911 1958 4948 rem
1985 4897 2139 4948 recte
2171 4893 2373 4965 sapiat,
2415 4897 2472 4949 et
2509 4911 2579 4949 ea
2609 4911 2736 4965 quae
2761 4895 2919 4966 prius
2957 4893 3280 4964 scripserat,
3313 4897 3372 4947 et
3393 4910 3464 4950 ea

1834 5003 1963 5058 quae
1995 4987 2052 5040 in
2067 4987 2516 5044 Chalcedonensi
2535 4987 2754 5060 synodo
2783 4989 2854 5042 ab
2880 4987 2974 5041 illo
2996 4989 3128 5040 sunt
3147 4991 3464 5057 gesta,ma-

1835 5080 2131 5135 nifestant.
2166 5083 2285 5152 Ipse
2313 5098 2562 5152 namque
2594 5081 2855 5136 Nestorio
2897 5081 3172 5148 scribens,
3215 5079 3297 5134 ait
3324 5081 3460 5146 (Col-

1835 5174 1933 5228 lat.
1963 5175 2044 5245 3):
2079 5195 2106 5222 «
2136 5177 2196 5228 In
2237 5175 2324 5228 his
2351 5191 2478 5246 quae
2505 5175 2562 5228 in
2585 5178 2743 5229 tuam
2773 5173 3220 5229 Venerationem
3249 5173 3462 5244 injuste

1833 5270 2006 5338 atque
2032 5267 2228 5338 inique
2268 5269 2495 5340 prolata
2525 5271 2676 5338 sunt,
2707 5285 2814 5322 nec
2841 5268 2888 5322 si
2915 5267 3058 5322 mihi
3086 5267 3211 5340 quis
3238 5271 3458 5322 utram-

1833 5376 1944 5431 que
1974 5377 2216 5415 manum
2229 5359 2554 5429 absciderit,
2571 5365 2775 5433 potero
2789 5362 3046 5434 praebere
3059 5378 3459 5417 consensum.»

1831 5458 2098 5513 Aemerio
2123 5459 2240 5528 (Al.
2268 5459 2545 5530 Himerio]
2573 5477 2798 5532 quoque
2825 5460 3175 5516 Nicomedia:
3195 5461 3462 5533 episcopo

1831 5551 2104 5619 scribens,
2129 5551 2208 5606 ait
2233 5551 2426 5623 (Epist.
2456 5557 2515 5608 71
2548 5553 2757 5624 synod.)
2787 5571 2800 5609 :
2825 5575 2853 5603 (ί
2885 5553 3267 5609 Damnatione
3293 5571 3459 5608 vene-

1831 5645 1996 5698 randi
2027 5649 2084 5698 et
2113 5645 2453 5700 sanctissimi
2481 5647 2733 5718 episcopi
2754 5647 2998 5722 Nestorii
3016 5664 3145 5719 quas
3161 5648 3310 5702 facta
3329 5645 3461 5699 dici-

1829 5741 1942 5806 tur,
1966 5755 2084 5793 non
2105 5737 2381 5794 debemus
2400 5741 2660 5812 praebere
2680 5757 3082 5796 consensum.»
3099 5739 3207 5811 (Ad
3225 5739 3460 5792 Alexan-

1829 5829 1997 5886 drum
2029 5848 2258 5904 quoque
2289 5833 2785 5906 Hierapolitanum
2813 5834 3141 5905 episcopum
3181 5829 3452 5894 scribens,

1829 5923 1934 5982 ait:
1971 5943 1997 5978 α
2025 5926 2092 5982 Et
2120 5929 2252 5982 ante
2281 5929 2390 5983 tuae
2421 5927 2719 5985 Sanctitati
2748 5925 3004 6000 praedixi,
3043 5921 3203 5996 quasi
3231 5919 3452 5975 domini
