3994 6422
509 379 611 431 735

505 481 624 538 mei
651 480 990 537 venerabilis
1017 483 1072 535 et
1093 480 1434 536 sanctissimi
1459 481 1713 553 episcopi
1737 479 1978 535 Nestorii
2000 479 2124 534 fue-
2145 490 2205 564 Α

505 576 580 630 rit
619 576 834 644 dogma
873 574 1234 640 damnatum,
1261 591 1364 628 nec
1387 591 1494 646 ego
1521 591 1650 629 cum
1675 575 1763 629 his
1787 573 1883 644 qui
1908 573 2126 628 faciunt

507 666 1024 734 communicabo.»)
1054 667 1141 721 Ad
1170 667 1555 722 Alexandrum
1582 684 1716 722 vero
1747 667 1922 738 Syriae
1946 666 2120 720 Palin-

509 760 788 814 stinorum
812 761 1108 830 praesulem
1133 759 1384 814 scribens
1407 760 1497 829 (al,
1517 760 1633 814 ait:
1658 782 1685 808 ‹‹
1708 759 1979 813 Existimo
2007 775 2124 829 pra:

507 853 773 908 omnibus
797 853 1043 908 maxime
1066 853 1418 907 satisfactum
1445 869 1564 906 esse
1588 853 1824 907 domino
1845 868 1976 906 meo
2003 869 2127 905 san-

503 946 752 1001 ctissimo
787 963 852 1000 ac
877 945 1205 1000 venerando
1229 945 1434 1000 Joanni
1462 946 1749 1016 episcopo,
1767 945 1922 1016 quod
1951 945 2128 998 nulla-

509 1043 675 1094 tenus
700 1039 1022 1110 acquiscam
1041 1039 1099 1093 in
1126 1039 1498 1094 damnatione
1520 1037 1740 1093 domini
1766 1037 1876 1092 mei
1899 1037 2128 1092 sanctis-

509 1131 638 1186 simi
666 1135 724 1186 et
751 1131 1063 1186 venerandi
1088 1132 1327 1186 Nestorii
1350 1131 1601 1202 episcopi
1623 1131 1879 1202 praebere
1895 1145 2128 1184 consen-

507 1241 656 1291 sum,
690 1241 818 1296 quaa
851 1225 908 1278 in
936 1226 1147 1280 Tharso
1175 1229 1234 1278 et
1273 1225 1330 1278 in
1377 1226 1598 1295 Epheso
1630 1224 1781 1278 facta
1809 1226 1912 1277 est.
1940 1244 1966 1270 ››
2003 1221 2128 1292 (Qui

507 1318 878 1389 postmodum
912 1321 1107 1372 tamen
1137 1335 1267 1372 cum
1318 1316 1705 1372 resistentium
1753 1315 2066 1370 certamine
2095 1331 2130 1369 a

511 1413 707 1465 sancto
733 1411 1180 1466 Chalcedonensi
1207 1411 1443 1465 concilio
1463 1409 1759 1476 admissus,
1784 1412 1980 1478 aperte
1998 1424 2131 1462 ana-

511 1503 708 1558 thema
731 1503 792 1558 in
837 1503 1159 1559 Nestorium
1204 1503 1467 1574 protulit;
1499 1519 1672 1572 seque
1724 1499 2125 1566 orthodoxum,

509 1595 633 1667 ipso
647 1595 914 1650 hieretico
927 1597 1252 1666 reprobato,
1269 1595 1622 1650 monstravit.
1639 1593 1862 1648 Dudum
1878 1609 2128 1662 namque

510 1693 722 1742 sanctae
770 1689 1030 1742 Ecclesiae
1063 1688 1283 1742 diversa
1336 1689 1607 1752 sentiens,
1645 1690 1702 1740 et
1739 1689 1940 1740 contra
1975 1684 2129 1739 beati

509 1780 700 1850 Cyrilli
753 1779 1057 1834 duodecim
1097 1781 1345 1850 capitula
1402 1779 1672 1846 scribens,
1703 1779 1783 1832 ait
1815 1777 1894 1848 (In
1924 1780 1954 1833 3
1980 1782 2126 1848 part.

508 1847 690 1928 concil.
723 1874 917 1942 Ephcs.
947 1873 1020 1927 ad
1049 1875 1079 1927 3
1113 1847 1403 1936 anathem.)
1435 1889 1448 1926 :
1477 1893 1505 1920 «
1539 1871 1809 1926 Sanctam
1835 1847 2128 1941 Virginem
2151 1847 2206 1920 Β

511 1972 748 2033 θεοτόχον,
783 1965 842 2019 id
868 1970 971 2032 est,
996 1965 1096 2020 Dei
1124 1965 1462 2036 genitricem
1515 1981 1798 2031 vocamus,
1833 1980 1949 2017 non
1977 1962 2132 2033 quod

512 2058 691 2112 Deum
717 2058 1056 2128 peperitper
1076 2057 1626 2128 naturam[natura],
1649 2057 1748 2110 sed
1777 2055 1931 2126 quod
1949 2056 2133 2110 homi-

513 2162 647 2200 nem
687 2145 933 2200 ediderit
962 2146 1330 2216 conjunctum
1363 2147 1500 2212 Deo,
1541 2161 1713 2216 quem
1758 2145 1880 2214 ipse
1912 2145 2128 2199 forma-

513 2238 610 2292 vit.
637 2240 684 2308 ››)
721 2239 786 2292 Et
811 2243 937 2309 post
963 2255 1143 2310 pauca
1163 2256 1214 2293 ;‹‹
1241 2238 1297 2293 Si
1325 2239 1598 2292 naturalis
1625 2237 1950 2308 conjunctio
1983 2237 2134 2290 facta

513 2335 600 2385 est
624 2331 820 2386 formae
853 2332 953 2386 Dei
979 2336 1036 2385 et
1066 2333 1266 2386 forma:
1297 2331 1460 2398 servi,
1498 2331 1818 2385 invenietur
1841 2329 2134 2400 legislator

516 2424 943 2479 necessitatibus
971 2425 1112 2495 legis
1141 2425 1409 2478 serviens.
1439 2447 1466 2475 »
1493 2426 1581 2496 (Et
1609 2441 1832 2478 rursum
1857 2423 1970 2492 [Ad
1995 2439 2130 2476 ana-

516 2520 676 2572 them.
708 2520 768 2588 5]
805 2535 818 2572 :
851 2537 877 2568 ((
904 2518 1144 2572 Nomine
1198 2517 1731 2572 communicationis
1774 2517 2041 2581 nitentes,
2075 2517 2136 2568 ut

515 2627 693 2664 unum
708 2610 944 2682 quidem
971 2611 1172 2664 Filium
1186 2611 1515 2678 adoramus,
1535 2615 1738 2663 eteum
1760 2608 1856 2679 qui
1876 2623 2132 2678 assump-

514 2703 584 2756 sit
610 2707 667 2757 et
703 2721 837 2757 eum
883 2703 980 2774 qui
1011 2707 1334 2773 assumptus
1367 2707 1480 2770 est;
1521 2702 1908 2756 differentiam
1938 2703 2132 2753 tamen

425 2828 438 2836 -
515 2796 912 2866 cognoscimus
934 2796 1690 2866 naturarum.Theophoron
1713 2799 1906 2849 autem
1948 2793 2134 2846 dicere

516 2891 748 2958 portans
787 2890 875 2942 vel
911 2889 1213 2942 dominum
1256 2889 1489 2942 indutus
1518 2887 1814 2942 hominem
1851 2889 2136 2943 Christum

516 2982 532 3048 [
539 2987 760 3050 Θεοφὸρον
776 2980 834 3034 id
855 2984 958 3046 est,
983 2981 1268 3035 deiferum
1289 2981 1585 3035 hominem
1617 2981 1824 3048 dicere,
1841 2985 1901 3035 ut
1930 2999 1963 3036 a
1984 2983 2132 3036 mul-

517 3073 630 3142 tis],
654 3077 761 3126 uta
787 3073 978 3126 multis
1000 3074 1206 3128 sanctis
1220 3074 1474 3144 patribus
1487 3074 1703 3128 dictum
1717 3077 1820 3141 est,
1845 3092 1959 3129 non
1983 3092 2139 3130 recu-

520 3187 729 3223 samus.
751 3191 779 3218 ››
803 3171 872 3223 Et
893 3173 1020 3240 post
1041 3171 1151 3224 alia
1179 3172 1292 3241 [Ad
1308 3172 1575 3225 anathem.
1601 3172 1712 3241 lO]:
1747 3193 1772 3221 «
1798 3171 2134 3226 Considera-

518 3261 814 3333 te,inquit,
844 3265 1164 3333 apostolum
1193 3268 1249 3317 et
1276 3264 1601 3334 pontificem
1621 3265 1990 3320 confessionis
2013 3282 2137 3320 nos-

521 3357 622 3408 tra:
641 3357 833 3410 Jesum
861 3357 1089 3410 ﬁdelem
1117 3357 1169 3410 ei
1197 3357 1292 3426 qui
1311 3357 1443 3411 fecit
1467 3357 1625 3411 illum
1654 3357 1836 3426 [Hebn
1869 3360 1971 3428 In],
1995 3359 2138 3412 sicut

521 3452 576 3502 et
601 3449 815 3519 Moyses
837 3449 894 3502 in
919 3449 1079 3503 omni
1099 3451 1274 3504 domo
1303 3467 1421 3504 sua.
1451 3451 1749 3504 Facturam
1776 3455 1970 3506 autem
2002 3468 2135 3506 eum

520 3541 644 3612 quis
668 3559 790 3596 esse
817 3542 1021 3596 dixerit
1063 3546 1217 3596 recta
1245 3543 1514 3609 sentiens,
1553 3543 1873 3598 increatum
1912 3549 1970 3598 et
2006 3561 2136 3599 cum

517 3637 681 3690 Patre
703 3639 1052 3690 coazternum
1066 3639 1121 3690 et
1143 3637 1373 3704 addam,
1389 3653 1586 3690 verum
1611 3638 1813 3707 [Deum
1827 3638 2136 3707 Verbum]?

521 3729 617 3782 sed
641 3745 773 3782 eum
795 3729 891 3799 qui
919 3732 1004 3782 est
1031 3745 1097 3782 ex
1125 3728 1344 3783 semine
1372 3729 1569 3795 David,
1598 3730 1855 3800 quiliber
1881 3730 1950 3784 ab
1979 3731 2137 3785 omni

521 3826 748 3892 peccato
763 3823 1020 3892 pontifex
1043 3822 1376 3889 nosterfuit,
1406 3823 1902 3894 etvictimamipse
1931 3840 1990 3878 se
2033 3841 2134 3894 pro

520 3915 684 3969 nobis
715 3915 920 3969 obtulit
949 3917 1087 3982 Deo,
1121 3915 1340 3968 habens
1369 3915 1428 3969 in
1473 3933 1530 3969 se
1563 3920 1714 3970 certe
1763 3917 1866 3970 Dei
1889 3917 2137 3971 Verbum

521 4007 838 4061 adunatum
867 4007 990 4073 sibi,
1019 4007 1590 4079 inseparabiliterque
1609 4010 2138 4080 conjunctum.»)Et

521 4115 768 4166 rursum,
794 4103 855 4154 ut
882 4116 1014 4153 eum
1045 4100 1204 4170 quasi
1233 4101 1648 4156 ostenderetad
1668 4102 2023 4156 divinitatem
2036 4119 2138 4173 per

519 4192 877 4247 incrementa
902 4193 1160 4260 crevisse,
1192 4193 1250 4248 in
1274 4195 1479 4249 eodem
1507 4212 1678 4266 opere
1708 4195 2020 4266 subjungit,
2050 4195 2132 4250 di-

521 4302 656 4340 cens
689 4303 748 4340 ;‹‹
777 4287 869 4341 Ait
895 4288 1132 4358 angelus
1159 4287 1406 4358 Virgini:
1446 4291 1682 4358 Spiritus
1707 4294 1924 4343 sanctus
1949 4305 2134 4360 super-

518 4383 690 4435 veniet
715 4383 770 4434 in
795 4385 862 4444 te,
892 4387 940 4435 et
969 4384 1139 4436 virtus
1163 4383 1432 4437 Altissimi
1457 4383 1795 4437 obumbrabit
1826 4383 1959 4437 tibi:
1994 4383 2132 4437 idco-

517 4490 616 4544 que
658 4475 801 4544 quod
845 4479 1092 4529 nascetur
1134 4491 1202 4529 ea:
1243 4479 1292 4529 te
1328 4480 1591 4537 sanctum,
1643 4477 1921 4530 vocabitur
1968 4477 2136 4532 Filius

516 4570 614 4622 Dei
641 4568 783 4635 (Luc.
812 4569 869 4637 1.)
903 4567 1271 4622 Considerate
1295 4567 1384 4622 hic
1403 4568 1600 4636 etiam,
1640 4568 1774 4638 quia
1804 4573 2008 4623 cuncta
2036 4569 2135 4623 hu-
2152 4595 2212 4667 Β

517 4660 769 4714 manitus
797 4659 1090 4714 dicuntur:
1138 4661 1274 4727 Erit,
1307 4660 1512 4731 inquit.
1544 4678 1807 4732 magnus,
1838 4678 1955 4716 non
1975 4661 2131 4728 dixit,

518 4757 630 4821 est;
664 4756 720 4807 et
743 4753 892 4807 filius
916 4753 1192 4808 Altissimi
1220 4753 1532 4821 vocabitur,
1559 4771 1674 4809 non
1714 4754 1853 4809 dixit
1882 4759 2132 4822 vocatur,

2158 3218 2212 3292 C

517 4849 574 4900 et
601 4846 759 4900 dabit
782 4846 836 4900 ei
886 4846 1161 4901 Dominus
1213 4845 1410 4900 sedem
1435 4846 1610 4901 David
1657 4847 1838 4901 Patris
1882 4847 1987 4914 sui,
2017 4864 2135 4902 non

517 4939 672 5006 dixit,
717 4939 910 5007 habet,
944 4940 1043 4994 sed
1092 4939 1251 4994 dabit
1298 4939 1350 4993 ei
1386 4939 1692 5006 Dominus;
1744 4944 1802 4994 et
1845 4941 2130 5011 regnabit,

517 5049 632 5087 non
660 5031 816 5100 dixit,
847 5036 1080 5102 regnat;
1109 5037 1166 5087 et
1195 5049 1367 5103 super
1390 5031 1570 5103 quos?
1599 5049 1766 5104 super
1787 5032 2023 5088 domum
2050 5035 2136 5088 Ja-

516 5125 785 5192 cob;non
813 5125 968 5192 dixit,
997 5143 1168 5197 super
1195 5126 1430 5196 angelos
1459 5129 1515 5180 et
1541 5126 1970 5197 archangelos.»
1991 5127 2132 5181 Rur-

518 5233 642 5270 sum
674 5217 732 5270 in
755 5217 961 5271 eodem
991 5218 1134 5273 libro
1163 5218 1413 5274 secundo
1444 5219 1550 5274 ait:
1583 5241 1610 5269 ‹‹
1629 5222 1776 5274 Jesus
1813 5225 1995 5274 autem
2014 5222 2134 5290 ple-

516 5325 618 5364 nus
659 5311 871 5378 Spir-itu
915 5317 1094 5365 sancto
1123 5327 1389 5381 regressus
1430 5317 1507 5367 est
1541 5329 1575 5366 a
1602 5312 1834 5367 Jordane
1878 5311 2024 5385 (Luc.
2059 5330 2133 5380 IV,

524 5405 590 5468 l).
622 5402 690 5454 Et
709 5400 950 5456 iterum:
1003 5406 1282 5471 Regressus
1308 5409 1384 5459 est
1410 5408 1556 5460 Iesus
1581 5408 1637 5460 in
1661 5407 1860 5460 virtute
1902 5409 2137 5477 Spiritus

516 5498 574 5549 in
622 5494 900 5551 Galilceam
930 5495 1106 5561 (1bid.,
1147 5496 1256 5566 l4):
1295 5513 1408 5550 non
1449 5497 1548 5551 Dei
1576 5498 1822 5552 Verbum
1861 5515 2132 5570 coopera-

518 5588 675 5642 tione
705 5588 789 5640 vel
820 5588 1022 5643 auxilio
1053 5589 1275 5659 eguisse
1319 5589 1560 5658 Spiritus
1603 5591 1782 5644 sancti
1821 5591 2132 5659 arbitreris,

519 5681 616 5738 sed
643 5680 859 5736 visibile
890 5683 1170 5753 templum
1209 5680 1378 5734 variis
1405 5683 1586 5736 sancti
1614 5683 1853 5753 Spiritus
1879 5685 2138 5740 donatio-

593 5799 661 5865 (α)
687 5799 779 5850 Est
805 5815 834 5850 e

593 5799 661 5865 la)
687 5799 779 5850 Est
805 5798 1044 5920 epistola
1073 5799 1140 5850 66
1173 5795 1442 5876 Synodici
1483 5797 1803 5853 Casinensis
1843 5817 1876 5855 a
1911 5802 2134 5857 Baluzio

559 5868 680 5924 diti.
705 5870 776 5921 At
793 5871 838 5920 Α
863 5867 1115 5922 exander
1140 5867 1596 5924 Hierapolitanus
1623 5868 1678 5923 in
1709 5870 1870 5924 Svria
1886 5874 2134 5924 Euphra-

523 5886 680 5923 ecuu.

863 5867 1115 5922 exander
1140 5865 1596 5937 Hierapolitanus
1623 5868 1678 5923 in
1709 5870 1870 5942 Syria
1886 5874 2136 5946 Euphra-

1879 372 2137 428 PELAGll
2174 371 2366 427 ΡΜ)Δέ
2404 374 2451 428 ll

3818 369 3928 421 736

2225 481 2392 536 nibus
2435 481 2752 536 fruebatur.
2787 499 2815 530 »
2845 479 2938 550 (Et
2982 479 3110 550 post
3154 475 3270 532 alia
3303 491 3316 532 :
3351 477 3564 533 «Iesus
3616 474 3927 536 Christus,

2226 574 2430 645 inquit,
2459 575 2574 628 heri
2601 578 2651 628 et
2675 573 2850 635 hodie,
2880 575 2994 643 ipse
3012 576 3063 626 et
3089 573 3146 626 in
3169 570 3390 626 saecula.
3421 567 3774 635 Quomodo
3809 567 3923 640 igi-

2224 673 2346 735 tur,
2398 665 2808 738 sapientissimi,
2859 665 3132 720 debemus
3186 664 3530 732 advertere,
3594 660 3926 733 quomodo

2223 761 2376 819 idem
2421 760 2538 832 ipse
2567 760 2691 814 heri
2715 764 2771 814 et
2812 758 2982 814 hodie
3005 761 3062 812 et
3103 757 3163 812 in
3195 757 3426 824 saecula,
3447 759 3509 810 et
3559 754 3928 826 temporali-

2223 858 2382 910 teret
2407 859 2671 921 internus,
2689 858 2744 907 et
2769 852 2829 906 in
2855 856 3117 922 tempore
3147 855 3203 904 et
3224 866 3402 921 super
3426 852 3759 920 tempora:
3781 863 3926 901 nam

2225 947 2272 1003 si
2301 952 2545 1002 aeternus
2570 950 2672 1015 est,
2704 944 3030 1015 temporalis
3058 959 3174 997 non
3203 947 3308 1011 est,
3347 947 3408 996 et
3453 941 3503 996 si
3531 941 3600 996 in
3634 945 3927 1012 tempore

2226 1045 2328 1109 est,
2376 1055 2546 1110 super
2572 1043 2794 1108 tempus
2819 1054 2935 1092 non
2962 1041 3067 1092 est.
3097 1057 3126 1086 »
3158 1037 3226 1090 Et
3274 1051 3520 1090 rursum
3561 1033 3632 1088 in
3661 1034 3926 1088 Domino

2227 1133 2340 1187 Deo
2369 1137 2559 1186 nostro
2583 1133 2713 1185 Jesu
2737 1129 2958 1184 Christo
2989 1128 3216 1184 deitatis
3235 1133 3294 1184 et
3315 1126 3735 1182 humanitatis
3753 1125 3925 1198 quasi

2230 1225 2503 1279 unitatem
2539 1228 2814 1287 astruens,
2840 1223 2921 1277 ait
2953 1239 2966 1276 :
2999 1241 3027 1274 α
3059 1223 3299 1275 Naturas
3351 1219 3775 1276 discernimus
3823 1220 3924 1274 Dei

2228 1317 2430 1386 Verbi;
2458 1321 2718 1371 naturam
2740 1315 3023 1386 integram
3047 1313 3314 1382 dicimus,
3345 1317 3406 1368 et
3425 1329 3769 1384 personam
3799 1312 3926 1367 sine

2227 1410 2572 1465 dubitatione
2599 1410 2905 1480 perfectam
2925 1425 2942 1476 ;
2967 1424 3070 1462 nec
3097 1405 3253 1462 enim
3279 1406 3407 1460 sine
3433 1422 3713 1478 persona
3731 1405 3825 1460 fas
3841 1413 3927 1460 est

2227 1518 2541 1558 asseverare
2590 1501 3002 1556 substantiam:
3035 1499 3350 1571 perfectam
3397 1515 3653 1570 quoque
3696 1499 3926 1553 huma-

2227 1612 2364 1650 nam
2386 1599 2648 1650 naturam
2679 1611 2812 1648 cum
2831 1609 2932 1648 sua
2959 1609 3198 1664 persona
3227 1591 3501 1646 similiter
3522 1591 3923 1646 conﬁtemur.

2228 1691 2369 1745 Cum
2406 1704 2534 1742 vero
2574 1688 2645 1742 ad
2687 1686 3146 1756 conjunctionem
3185 1685 3574 1756 respicimus,
3633 1688 3789 1740 tunc
3832 1685 3929 1740 de-

2229 1797 2389 1836 mum
2411 1797 2586 1836 unam
2628 1795 2929 1852 personam
2962 1777 3168 1833 merito
3197 1794 3658 1848 nuncupamus.
3695 1781 3753 1849 »)
3785 1779 3926 1842 Quis

2230 1874 2372 1942 haec,
2429 1873 2628 1928 fratres
2656 1871 2997 1940 charissimi,
3030 1871 3200 1942 plena
3231 1870 3396 1924 omni
3438 1870 3774 1940 impietate
3805 1887 3926 1924 non

2229 1967 2462 2021 videat?
2513 1969 2557 2020 A
2606 1965 2812 2036 quibus
2855 1969 3046 2019 tamen
3092 1968 3348 2032 constat,
3407 1963 3580 2034 quod
3631 1980 3699 2018 se
3761 1968 3924 2036 post-

2231 2059 2464 2114 modum
2503 2059 2622 2128 ipse
2664 2056 2924 2123 correxit,
2961 2055 3062 2127 qui
3099 2055 3158 2109 in
3202 2059 3398 2110 sancta
3435 2055 3930 2111 Chalcedonensi

2232 2152 2444 2223 synodo
2487 2149 2806 2205 Nestorium
2846 2147 3329 2203 anathematizare
3380 2149 3724 2204 consensit.
3785 2150 3929 2214 Quis

2231 2263 2346 2300 non
2378 2245 2564 2298 videat
2616 2249 2829 2314 quanta
2871 2241 3189 2297 temeritate
3233 2242 3482 2312 plenum
3513 2243 3598 2298 sit
3647 2243 3927 2298 Theodo-

2233 2339 2337 2394 reti
2393 2337 2598 2408 scripta
2641 2335 3018 2407 superbiendo
3062 2335 3375 2390 defendere
3424 2351 3569 2406 qua:
3634 2337 3928 2392 eumdem

2232 2432 2420 2502 ipsum
2463 2413 2696 2497 constat,
2733 2432 2886 2483 recta
2937 2432 3062 2498 post
3112 2427 3482 2500 proﬁtendo,
3543 2429 3922 2484 damnasse?

2235 2526 2409 2579 Deum
2435 2539 2565 2578 vero
2595 2523 2716 2592 ejus
2753 2524 2810 2575 et
2837 2537 3142 2591 personam
3187 2521 3538 2592 recipimus,
3577 2528 3643 2577 et
3686 2539 3764 2578 ea
3795 2541 3928 2596 qua

2235 2617 2451 2672 dudum
2476 2616 2762 2670 latuerant
2776 2630 2964 2684 pravas
2993 2613 3293 2684 scriptura:
3323 2614 3671 2684 probamus
3688 2616 3929 2687 [Forsan

2234 2726 2403 2781 prava
2433 2708 2637 2778 scripta
2657 2705 3070 2778 reprobamus],
3102 2705 3162 2760 in
3186 2706 3349 2760 nullo
3377 2723 3412 2760 a
3453 2713 3690 2764 sanctae
3719 2709 3928 2780 synodi

2235 2802 2450 2857 actione
2476 2801 2796 2856 deviamus:
2844 2798 2976 2869 quia
3021 2798 3140 2852 sola
3180 2799 3305 2868 ejus
3355 2799 3657 2856 haeretica
3710 2803 3930 2873 scripta

2235 2899 2579 2966 respuentes,
2603 2898 2659 2947 et
2683 2908 2812 2946 cum
2841 2891 3054 2961 synodo
3076 2891 3266 2946 adhuc
3285 2893 3638 2948 Nestorium
3663 2895 3930 2966 insequi-

2235 3004 2384 3056 mur,
2415 2991 2470 3041 et
2497 3002 2626 3040 cum
2649 2985 2861 3056 synodo
2887 2984 3309 3039 Theodoretum
3337 2986 3748 3056 proﬁtentem
3777 2995 3927 3044 recta

2236 3096 2575 3135 veneramur
2605 3081 2753 3148 (Sup.
2787 3079 2908 3133 coll.
2940 3079 3018 3147 4).
3047 3078 3174 3132 Alia
3199 3093 3335 3132 vero
3352 3078 3583 3150 scripta
3611 3081 3787 3136 illius
3813 3099 3927 3136 non

2237 3174 2420 3228 solum
2450 3171 2786 3242 recipimus,
2837 3171 2935 3225 sed
2975 3170 3054 3224 eis
3081 3169 3255 3224 etiam
3283 3175 3492 3226 contra
3533 3173 3922 3229 adversarios

2235 3267 2474 3321 utimur.
2497 3266 2640 3319 Nam
2674 3280 2803 3318 cum
2834 3263 3161 3318 Theodorus
3195 3263 3505 3318 Canticum
3535 3268 3929 3323 canticorum

2235 3359 2398 3414 vellet
2443 3373 2744 3428 exponere,
2778 3362 2834 3412 et
2873 3373 2989 3411 non
3035 3355 3106 3410 ad
3154 3363 3513 3427 commenta,
3547 3360 3662 3414 sed
3733 3363 3931 3432 potius

2235 3452 2305 3506 ad
2353 3451 2720 3506 deliramenta
2758 3449 3062 3518 laboraret,
3091 3466 3196 3520 per
3222 3450 3382 3504 hunc
3419 3451 3662 3506 librum
3691 3456 3929 3510 Ethio-

2235 3545 2402 3616 pissaa
2428 3544 2642 3614 reginae
2667 3543 2984 3597 blanditum
3013 3542 3208 3611 fuisse,
3241 3543 3545 3613 professus
3596 3551 3717 3614 est,
3770 3549 3928 3620 quod

2234 3637 2613 3692 Thcodoretus
2639 3636 3056 3707 aprehendens,
3088 3652 3302 3690 nomen
3345 3636 3602 3708 quidem
3647 3640 3929 3712 ejusdem

2234 3730 2507 3786 Theodori
2533 3729 2853 3800 supprimit,
2877 3728 2974 3783 sed
3017 3733 3210 3784 tamen
3250 3730 3559 3786 vesaniam
3611 3736 3927 3804 patefecit.

2236 3824 2498 3894 Ejusdem
2544 3839 2794 3894 namque
2843 3821 2971 3876 libri
3005 3827 3335 3878 commenta
3379 3825 3812 3898 conscribens,
3857 3830 3932 3883 ait

2237 3917 2316 3986 (In
2335 3917 2602 3986 prowm.):
2631 3915 2810 3970 Audio
2836 3915 3026 3986 plures
3055 3915 3361 3970 Canticum
3401 3917 3804 3976 canticorum
3832 3923 3927 3977 de-

2235 4009 2540 4076 trahentes,
2570 4013 2626 4062 et
2654 4024 2772 4062 non
2801 4007 3093 4062 credentes
3119 4008 3446 4079 spiritalem
3479 4027 3616 4067 esse
3667 4013 3924 4084 librum,

2234 4103 2446 4158 fabulas
2506 4105 2698 4155 autem
2735 4100 3009 4172 quasdam
3061 4101 3390 4157 aniculares
3436 4120 3550 4174 per
3603 4110 3922 4163 vesaniam

2234 4199 2482 4250 texentes
2525 4210 2883 4264 componere,
2935 4198 2992 4247 et
3039 4210 3416 4264 prazsumere,
3468 4197 3761 4256 dicentes
3797 4203 3927 4274 quia

2236 4288 2455 4358 sapiens
2502 4286 2767 4342 Salomon
2813 4287 2884 4341 ad
2927 4286 3182 4357 seipsum
3234 4293 3292 4342 et
3345 4288 3532 4344 ﬁliam
3589 4293 3922 4350 Pharaonis

2233 4381 2386 4436 hunc
2406 4380 2614 4434 librum
2632 4380 2979 4451 conscripsit.
3006 4381 3304 4444 Quomodo
3325 4398 3472 4454 ergo
3492 4385 3675 4440 nulla
3711 4391 3924 4461 scripta

2234 4475 2486 4546 ejusdem
2527 4473 2862 4529 Theodoreti
2909 4473 3258 4546 recipimus,
3309 4476 3412 4548 qui
3477 4477 3666 4536 illum
3755 4485 3923 4539 etiam

2235 4576 2431 4627 contra
2458 4571 2840 4639 Theodorum,
2872 4575 3213 4627 assertorem
3241 4573 3510 4630 veritatis
3537 4576 3929 4637 invenimus?

2235 4668 2360 4721 Hauc
2384 4666 2454 4720 ad
2481 4665 2688 4736 scripta
2717 4668 2902 4720 vestra
2940 4665 3384 4736 respondemus.

2303 4761 2427 4814 XXI.
2461 4758 2566 4814 Sed
2594 4762 2983 4829 opportunum
3013 4759 3173 4812 valde
3190 4759 3562 4831 judicamus,
3595 4771 3676 4822 ut
3698 4784 3774 4823 ea
3807 4753 3928 4843 quia:

2234 4853 2354 4906 sine
2381 4852 2586 4922 scripto
2615 4867 2649 4904 a
2686 4851 3105 4922 responsalibus
3136 4853 3340 4906 vestris
3367 4855 3758 4929 audivimus,
3796 4864 3924 4919 bre-

2235 4945 2376 4999 viter
2402 4945 2570 4999 verba
2598 4944 2959 5014 replicemus.
3001 4943 3280 5000 Dixerunt
3306 4946 3476 5002 enim
3525 4951 3920 5012 Theodorum

2233 5056 2268 5093 a
2291 5039 2502 5093 Joanne
2543 5037 2912 5092 Antiochense
2955 5037 3117 5092 urbis
3143 5038 3418 5110 episcopo
3459 5043 3628 5100 mira
3660 5066 3781 5120 per
3813 5052 3921 5122 epi-

2236 5132 2438 5186 stolam
2463 5132 2813 5185 attestatione
2839 5130 3152 5200 laudatum,
3185 5133 3345 5203 quod
3372 5150 3596 5194 verum
3625 5157 3746 5197 nos
3777 5146 3924 5199 nullo

2235 5225 2402 5278 modo
2429 5224 2731 5278 credimus.
2776 5223 2832 5278 Si
2879 5227 3072 5278 tamen
3119 5229 3176 5279 et
3228 5226 3339 5280 tale
3386 5227 3637 5302 aliquid
3692 5236 3924 5293 fortasse

2236 5317 2533 5388 reperitur,
2577 5318 2708 5388 plus
2745 5316 2876 5371 fidei
2903 5317 3106 5388 prima:
3147 5317 3467 5389 Ephesinaz
3501 5329 3778 5400 synodo,
3807 5333 3924 5404 plus

2235 5409 2428 5481 Cyrilli
2471 5410 2650 5478 libris,
2683 5410 2812 5482 plus
2851 5409 3130 5480 Hesychii,
3172 5427 3356 5481 quam
3386 5415 3528 5470 aliis
3581 5437 3732 5492 quae
3767 5425 3921 5480 inno-

2234 5507 2444 5558 tescere
2469 5520 2622 5558 nunc
2641 5519 2818 5574 usque
2853 5502 3238 5574 nequiverunt
3264 5506 3544 5576 epistolis
3573 5522 3918 5575 commoda-

2235 5613 2382 5650 mus.
2414 5597 2691 5652 Debemus
2730 5601 2921 5651 tamen
2949 5596 3242 5663 accedere,
3289 5599 3483 5656 etiam
3531 5613 3920 5669 concedentes

2233 5689 2447 5761 aliquid
2492 5689 2695 5745 dicere.
2727 5690 2805 5744 [ta
2841 5705 2981 5760 ergo
3030 5692 3093 5744 ut
3137 5695 3513 5762 responsales
3548 5707 3751 5761 vestri
3789 5724 3919 5762 asse-

2233 5803 2370 5886 tesia
2408 5805 2712 5886 episcopus
2740 5803 2867 5872 fuit,
2919 5821 3036 5860 non
3073 5805 3134 5862 in
3179 5806 3524 5870 Palaestina.
3582 5819 3778 5886 Error
3820 5826 3917 5881 for-

2238 5879 2380 5932 tasse
2407 5877 2642 5932 librarii.
2671 5877 2847 5933 HARD.
