3994 6422
129 390 219 446 737

1366 386 1700 444 EPISTOL.E
1737 386 1822 444 ET
1857 386 2182 446 DECRETA.

3354 393 3454 450 738

125 499 248 553 runt
269 509 384 552 esse
410 492 735 552 sentiamus.
768 495 872 552 Vos
899 494 1081 566 scitis,
1111 495 1310 552 fratres
1345 497 1726 573 dilectissimi,
1751 497 2128 582 Amittimur,
2196 497 2453 569 vigilanti
2519 513 2654 553 cura
2713 497 3062 570 perpendite,
3116 498 3247 572 quia
3303 500 3456 556 illam

125 589 259 662 quod
286 605 374 644 res
407 604 534 660 qua
570 589 842 644 dubietati
879 589 1128 662 subjacet
1155 589 1215 644 in
1247 594 1466 661 partem
1505 607 1729 662 semper

125 686 198 738 est
239 683 656 753 interpretanda
683 683 995 738 meliorem.
1029 682 1174 747 Quid
1218 682 1406 753 itaque
1432 683 1648 752 obstat,
1681 683 1726 737 si

123 777 246 832 dum
269 775 335 830 de
361 776 481 845 ejus
507 791 698 830 errore
724 777 1010 831 occultum
1039 776 1224 830 adhuc
1255 781 1311 830 et
1336 775 1573 830 dubium
1597 776 1723 845 fuit,

124 869 185 924 ab
208 885 316 922 uno
343 870 502 922 Patre
531 867 789 923 laudatus
811 875 924 938 est;
954 874 1010 924 et
1033 868 1417 923 innotescente
1443 873 1568 939 post
1601 885 1729 940 per-

123 961 260 1028 ﬁdia,
297 976 440 1032 pene
479 960 742 1015 omnium
779 978 1121 1033 magnorum
1167 961 1396 1015 Patrum
1436 961 1728 1015 sententiis

123 1055 262 1107 velut
305 1053 569 1107 immanis
616 1053 794 1108 bestia
837 1055 996 1125 quasi
1033 1054 1510 1109 crebrescentibus
1527 1053 1728 1124 jaculis

123 1151 195 1201 est
217 1145 494 1200 confossus
514 1146 542 1200 ’ἲ
585 1147 672 1200 An
701 1162 818 1201 non
861 1153 918 1201 et
960 1148 1137 1201 malos
1174 1163 1208 1200 a
1241 1147 1402 1200 bonis
1427 1146 1727 1217 aliquando

121 1238 352 1292 laudatos
393 1237 676 1306 novimus,
709 1255 812 1293 nec
855 1244 1044 1294 tamen
1091 1239 1302 1294 eisdem
1343 1231 1598 1293 laudibus
1626 1240 1724 1294 de-

120 1331 483 1395 fensos?Quid
513 1347 762 1402 namque
792 1333 850 1386 in
889 1331 1279 1386 haeresiarchis
1299 1331 1542 1402 Origene
1569 1332 1724 1386 dete-

121 1424 245 1492 rius,
267 1429 321 1478 et
347 1423 483 1494 quid
512 1424 574 1478 in
604 1424 1076 1496 historiographis
1100 1425 1338 1480 inveniri
1366 1425 1602 1479 Eusebio
1623 1425 1724 1478 ho-

120 1516 408 1570 norabilius
435 1517 659 1587 potest?
695 1519 760 1572 Et
795 1517 921 1588 quis
944 1523 1202 1572 nostrum
1237 1518 1450 1572 nesciat
1484 1517 1544 1572 in
1569 1517 1727 1574 libris

120 1609 220 1663 suis
242 1609 466 1680 quantis
501 1610 808 1681 Origenem
837 1611 1109 1664 Eusebius
1133 1611 1436 1682 praeconiis
1473 1612 1728 1667 attollat?

121 1701 213 1756 Sed
233 1702 358 1773 quia
387 1707 582 1757 sancta
623 1703 866 1757 Ecclesia
895 1719 1130 1758 suorum
1158 1703 1408 1758 fidelium
1436 1703 1601 1758 corda
1624 1704 1724 1760 be-

117 1794 346 1864 nignius,
391 1811 565 1866 quam
607 1796 778 1850 verba
813 1796 1117 1851 districtius
1153 1801 1383 1867 pensat;
1417 1801 1473 1850 et
1514 1797 1642 1867 plus
1667 1797 1726 1852 in

1827 591 2152 646 scissionem
2207 596 2416 646 sanctae
2471 591 2723 646 Ecclesiae
2780 609 2884 662 pro
2933 593 3223 648 Theodoro
3270 593 3455 650 facere
3523 643 3525 645 ,

1828 683 2172 738 Fraternitas
2197 689 2379 739 vestra
2398 701 2512 739 non
2536 689 2777 754 metuat,
2807 701 2978 756 quam
3003 703 3106 757 pro
3127 703 3184 741 se
3211 686 3298 740 vel
3320 704 3452 758 pro-

1826 775 1970 830 ﬁteri
1998 778 2202 831 Paulus
2229 779 2470 849 expavit.
2495 779 2607 832 Cur
2625 794 2738 832 non
2755 778 2826 832 ad
2855 779 3188 834 memoriam
3209 797 3312 851 pro
3331 781 3454 836 uni-

1825 872 1940 923 tate
1967 870 2239 924 servanda
2257 870 2406 924 beati
2425 870 2726 941 Augustini
2765 871 2977 926 dictum
3007 873 3299 928 reducitur
3320 876 3455 944 {Au-

1827 967 1992 1030 gust.,
2021 963 2112 1016 lib.
2152 965 2218 1018 de
2264 967 2419 1018 unico
2445 964 2718 1033 Baptis.)?
2759 965 2856 1034 qui
2883 965 3021 1019 dum
3050 965 3117 1020 de
3159 966 3327 1020 unico
3351 967 3450 1020 ba-

1827 1049 2088 1118 ptismate
2115 1052 2462 1122 loqueretur,
2494 1053 2702 1107 idcirco
2731 1053 3070 1123 Cyprianum
3099 1061 3409 1125 martyrem
3435 1097 3450 1126 ,

1826 1141 1925 1212 qui
1963 1141 2032 1196 de
2070 1141 2324 1198 iterando
2362 1145 2696 1215 baptismate
2757 1145 3082 1216 scripserat,
3123 1147 3452 1202 defunctum

1826 1234 2138 1304 perhibuit,
2169 1236 2302 1307 quia
2326 1236 2455 1291 licet
2470 1253 2704 1308 parvum
2720 1238 2856 1308 quid
2879 1239 3134 1308 senserit,
3156 1255 3452 1312 nunquam

1825 1331 2017 1381 tamen
2052 1344 2110 1382 se
2146 1345 2179 1382 a
2218 1328 2386 1383 totius
2425 1329 2678 1384 Ecclesiae
2705 1332 3102 1386 communione
3133 1334 3446 1403 suspendit.

1827 1419 1913 1474 Sic
1937 1419 2116 1490 igitur
2144 1437 2478 1491 permanere
2508 1423 2566 1477 in
2613 1423 2904 1478 sanctitate
2931 1430 3183 1479 servante
3208 1431 3448 1497 constat,

1825 1510 2027 1566 fratres
2053 1513 2425 1583 dilectissimi,
2456 1515 2589 1586 quia
2613 1516 2749 1570 dum
2792 1533 2890 1570 vos
2928 1517 3000 1570 ab
3045 1517 3293 1572 ecclesiae
3319 1518 3448 1572 uni-

1826 1607 1939 1658 tate
1968 1605 2313 1677 disjungitis,
2343 1623 2511 1664 omne
2551 1609 2772 1663 virtutis
2808 1609 3078 1664 meritum
3107 1609 3448 1682 perdidistis,

1825 1696 1996 1750 etiam
2023 1699 2070 1752 si
2089 1705 2239 1754 recte
2266 1701 2522 1756 teneatis.
2553 1701 2836 1772 Scriptum
2868 1703 3078 1774 quippe
3108 1708 3192 1758 est
3219 1719 3232 1758 :
3261 1705 3452 1758 Pacem

1825 1792 2114 1858 sequimini
2150 1808 2268 1847 cum
2305 1795 2546 1848 omnibus
2595 1799 2645 1848 et
2681 1797 3090 1850 sanctimoniam
3113 1837 3132 1860 ,
3176 1799 3289 1851 sine
3343 1812 3452 1866 qua

118 1887 374 1942 haereticis
416 1904 652 1942 sensum
684 1889 998 1960 proprium,
1049 1905 1221 1960 quam
1255 1889 1474 1943 testatio
1501 1890 1724 1944 Eusebii
1745 1875 1801 1947 B
1823 1897 1972 1936 nemo
1999 1885 2202 1960 videbit
2229 1887 2513 1941 Dominum
2544 1887 2720 1955 (Hebr.
2750 1888 2867 1960 xu).

117 1980 382 2034 absolvere
409 1983 617 2050 potuit,
645 1997 750 2036 nec
776 1998 1002 2036 rursum
1033 1982 1335 2036 Eusebium
1361 1981 1570 2036 laudati
1599 1983 1722 2038 Ori-

118 2073 262 2144 genis
287 2074 448 2145 culpa
473 2074 782 2129 damnavit.
821 2077 903 2128 An
945 2091 1062 2129 non
1101 2079 1156 2129 et
1195 2074 1496 2145 Gregorius
1538 2075 1724 2145 Nyssae

116 2165 257 2218 urbis
282 2166 580 2238 episcOpus
605 2183 734 2221 cum
772 2167 1066 2222 Canticum
1091 2168 1441 2222 canticorum
1468 2168 1721 2238 exponit,

109 2259 320 2331 magnis
347 2259 654 2330 Origenem
683 2259 945 2314 laudibus
964 2261 1232 2331 praefert?
1258 2262 1344 2314 An
1369 2277 1488 2314 non
1514 2265 1569 2315 et
1593 2260 1722 2315 Hie-

115 2367 363 2420 ronymus
399 2356 614 2406 nostra;
662 2353 919 2407 Ecclesiae
963 2354 1276 2424 presbyter,
1323 2355 1380 2406 et
1417 2352 1720 2424 singularis

115 2443 312 2498 Hebrazi
338 2445 616 2500 sermonis
646 2445 945 2516 interpres,
969 2450 1124 2500 tanto
1150 2462 1286 2517 erga
1315 2445 1619 2517 Origenem
1645 2446 1727 2500 fa-

115 2551 230 2590 vore
259 2536 590 2608 intenditur,
619 2542 686 2593 ut
709 2555 855 2610 pene
901 2539 1206 2610 discipulus
1233 2539 1354 2609 ejus
1383 2555 1502 2593 esse
1531 2539 1722 2593 videa-

113 2630 230 2684 tur?
258 2630 356 2686 Sed
384 2631 518 2703 quia
537 2631 669 2703 plus
694 2648 861 2686 causa
879 2647 1050 2703 quam
1072 2631 1242 2686 verba
1265 2631 1551 2702 pensanda
1569 2635 1721 2701 sunt,

113 2738 203 2776 nec
248 2724 364 2778 istis
410 2741 512 2779 sua
559 2724 880 2796 benignitas
922 2725 1132 2794 nocuit,
1170 2741 1273 2780 nec
1311 2725 1476 2780 illum
1507 2741 1541 2780 a
1566 2728 1726 2780 reatu

111 2817 324 2886 proprio
353 2817 517 2873 favor
542 2817 744 2872 aliena:
771 2817 1142 2873 attestationis
1169 2817 1474 2872 excusavit.

172 2909 312 2964 XXII.
341 2911 530 2982 Cogor
573 2915 698 2982 post
735 2910 878 2977 haec,
923 2910 1127 2965 fratres
1163 2909 1498 2977 charissimi,
1529 2909 1727 2965 dolens

110 3018 228 3056 cum
251 3003 418 3059 Paulo
444 3003 634 3058 dicere
663 3020 676 3058 :
713 3005 1092 3058 Testimonium
1114 3005 1365 3074 perhibeo
1399 3004 1547 3058 vobis
1583 3004 1728 3073 quod

111 3097 485 3152 mulationem
505 3099 608 3152 Dei
631 3097 855 3159 habetis,
881 3097 974 3152 sed
998 3113 1102 3151 non
1129 3097 1419 3152 secundum
1451 3099 1728 3152 scientiam

1894 1957 2071 2030 ΧΧΙΙΪ.
2103 1978 2273 2031 Multa
2288 1978 2459 2033 locuti
2485 1995 2700 2048 sumus,
2729 1957 2865 2050 quia
2894 1984 2950 2034 et
2971 1981 3044 2034 ad
3071 1981 3248 2035 multa
3277 1983 3449 2036 ratio-

1823 2065 2062 2122 cinando
2089 2070 2500 2140 respondimus.
2531 2073 2599 2126 Et
2627 2088 2756 2126 cum
2781 2073 3106 2127 testimonia
3134 2089 3203 2128 ex
3223 2079 3451 2144 patrum

1825 2158 1984 2213 dictis
2021 2160 2325 2217 innumera
2353 2168 2717 2234 suppeterent
2740 2207 2753 2234 ,
2794 2181 3077 2236 perpauca
3111 2167 3406 2236 posuimus
3436 2183 3450 2223 :

1823 2252 2083 2310 videlicet
2111 2255 2400 2326 cupientes
2427 2260 2489 2310 ut
2515 2258 2724 2328 scripta
2747 2263 2939 2313 nostra
2966 2259 3024 2312 in
3045 2261 3226 2314 causis
3251 2261 3450 2332 singu-

1823 2345 1892 2399 lis
1908 2348 2156 2402 narratio
2181 2348 2430 2404 breviata
2458 2351 2829 2422 succingeret,
2861 2369 2934 2406 ne
2961 2352 3194 2407 fortasse
3217 2354 3450 2409 taedium

1823 2437 2048 2510 legendi
2077 2447 2434 2511 generarent.
2459 2444 2643 2497 Unum
2663 2449 2850 2499 tamen
2881 2445 3031 2514 quod
3048 2445 3170 2516 jam
3191 2447 3450 2516 superius

1823 2531 2094 2600 diximus,
2143 2550 2262 2590 non
2308 2535 2477 2589 tzedet
2521 2536 2568 2589 si
2612 2536 2784 2590 etiam
2830 2537 3026 2591 crebro
3068 2539 3446 2608 replicemus:

1822 2624 1961 2688 Quia
1999 2625 2172 2680 ﬁdem
2211 2633 2414 2682 sancta:
2439 2628 2904 2684 Chalcedonensis
2944 2630 3141 2700 synodi
3177 2631 3450 2687 illibatam

1823 2734 1926 2789 per
1956 2719 2144 2772 omnia
2172 2721 2282 2775 Deo
2307 2727 2543 2776 auctore
2567 2739 2869 2791 servamus,
2906 2723 3136 2795 ejusque
3167 2725 3447 2780 deﬁnitio-

1823 2826 1943 2880 nes,
1973 2811 2119 2866 sicut
2146 2814 2445 2884 Ephesinaa
2466 2815 2687 2884 primae,
2709 2815 3356 2888 Constantinopolitanae,
3385 2835 3449 2872 ac

1825 2904 2063 2959 Nicamae
2087 2906 2286 2977 synodi
2305 2907 2740 2962 irretractabiles
2757 2925 2910 2963 nunc
2937 2926 3114 2980 usque
3141 2911 3448 2981 tenuimus,

1823 2997 1911 3051 vel
1936 3003 2116 3054 morte
2142 2999 2424 3071 proposita
2461 2999 2895 3056 irretractabiles
2937 2989 3300 3058 custodimus.
3344 3005 3448 3058 Ve-

1825 3100 1939 3151 stra
1986 3096 2163 3167 igitur
2201 3097 2430 3152 Dilectio
2469 3099 2929 3154 communionem
2965 3099 3220 3155 ﬁdelium
3259 3101 3449 3157 ortho-

113 3185 266 3246 (Rom.
294 3186 344 3256 χ)
381 3202 394 3240 :
424 3186 592 3256 cujus
618 3201 755 3256 erga
781 3185 1062 3240 unitatem
1087 3187 1292 3239 sanctae
1319 3185 1565 3240 ecclesiae
1589 3185 1727 3240 dum
1749 3235 1798 3263 η
1826 3189 2100 3244 doxorum
2127 3189 2368 3245 fratrum
2393 3207 2510 3246 non
2526 3191 2732 3263 fugiat,
2761 3209 2832 3246 ne
2860 3195 3154 3263 praesentis
3177 3195 3325 3250 vocis
3346 3213 3452 3251 no-

116 3235 266 3246 .—vv~--~
294 3235 342 3256 -—,
381 3235 394 3240 —
429 3235 514 3256 -ν-,ι
529 3235 586 3240 ντ-
626 3235 753 3256 ν-ον-
789 3235 1062 3240 ν---η--ν---
1089 3235 1289 3239 νν---ην
1325 3235 1561 3240 ννν-τ--π
1595 3235 1727 3240 ----
1829 3235 2100 3244 *νο-ν-νιυι·
2127 3235 2258 3244 ἰ’-ν·
2273 3235 2368 3245 vn"
2394 3235 2510 3246 μνη
2526 3235 2732 3263 υιοιυονγ
2761 3235 2832 3246 ειν
2861 3235 3154 3263 [HW-“vum”
3188 3235 3325 3250 ὐνιυ
3347 3235 3452 3251 μυ*

109 3276 303 3331 viscera
327 3278 622 3332 charitatis
650 3277 878 3349 aspicio,
898 3277 1184 3332 discordes
1202 3294 1298 3332 vos
1323 3277 1727 3332 intolerabilius
1747 3235 1801 3310 Ο
1825 3287 1956 3337 stree
1985 3283 2331 3352 adjutorium
2371 3285 2418 3338 si
2455 3285 2652 3340 audire
2697 3285 3046 3357 neglexerit,
3087 3293 3283 3342 contra
3309 3305 3366 3344 se
3394 3289 3456 3345 in

108 3369 425 3441 ingemisco.
471 3373 733 3440 Pensate,
762 3387 974 3443 quaeso,
1005 3387 1116 3442 quo
1141 3371 1340 3426 ardore
1365 3375 1572 3426 sanctae
1598 3371 1725 3425 uni-

107 3463 228 3517 tatis
252 3465 557 3519 anhelabat
583 3481 714 3518 cum
750 3463 1208 3535 Philippensibus
1246 3464 1456 3519 diceret
1485 3481 1499 3519 :
1533 3464 1594 3519 Si
1619 3480 1728 3534 qua

107 3557 383 3613 consolatio
413 3561 473 3612 in
499 3559 746 3621 Christo,
787 3560 838 3613 si
869 3557 1014 3628 quod
1051 3558 1308 3612 solatium
1343 3559 1654 3621 charitatis,
1682 3560 1730 3613 si

104 3665 205 3718 qua
229 3655 498 3706 societatis
523 3667 663 3722 spes,
689 3653 738 3706 si
763 3667 873 3721 qua
897 3653 1100 3706 viscera
1131 3655 1182 3706 et
1205 3653 1592 3715 miserationes,
1621 3653 1728 3706 im-

98 3743 232 3812 plete
257 3745 524 3814 gaudium
553 3759 748 3810 meum,
776 3749 840 3798 ut
864 3743 1005 3798 idem
1029 3745 1317 3812 sapientes,
1345 3745 1583 3798 eamdem
1607 3745 1733 3798 chus

103 3839 309 3892 ritatem
333 3838 608 3901 habentes,
647 3839 960 3900 unanimes,
986 3829 1538 3906 idipsum'sentientes
1583 3837 1728 3908 (Phi-

106 3928 232 4000 lipp.
261 3931 341 4000 n).
370 3930 478 3995 Qui
504 3930 684 4003 igitur
730 3929 1162 3985 unanimitatem
1199 3930 1486 3984 locuturus
1507 3970 1521 3999 ,
1565 3934 1647 3984 tot
1677 3933 1733 3984 et

103 4023 231 4077 tales
265 4023 666 4096 inquisitiones
700 4023 977 4096 prmmisit
999 4064 1013 4089 ,
1056 4026 1336 4095 quantum
1373 4027 1520 4078 esset
1556 4023 1728 4094 hujus

105 4114 315 4171 virtutis
353 4117 633 4172 meritum
658 4159 672 4187 ,
709 4133 826 4172 non
873 4117 1154 4187 explenda
1177 4159 1193 4184 ,
1245 4117 1343 4171 sed
1391 4116 1733 4188 inquirendo

102 4211 446 4265 monstravit.
495 4213 566 4265 At
611 4214 808 4265 contra
843 4226 1016 4280 quam
1049 4210 1123 4264 sit
1162 4209 1379 4264 malum
1413 4209 1727 4279 discordite,

102 4301 330 4374 loquens
357 4303 675 4382 Corinthiis
708 4303 968 4359 ostendit.
1011 4303 1103 4358 Ait
1130 4303 1284 4358 enim
1313 4319 1326 4357 :
1355 4305 1729 4372 Signiﬁcatum

105 4400 179 4450 est
202 4399 338 4451 mihi
360 4398 428 4452 de
453 4397 606 4452 vobis
622 4439 637 4460 ,
667 4399 870 4464 fratres
897 4399 1034 4460 mei,
1060 4397 1128 4450 ab
1153 4397 1236 4452 his
1261 4399 1358 4466 qui
1383 4401 1510 4452 sunt
1533 4397 1734 4458 Chloes,

106 4492 230 4559 quia
261 4494 621 4546 contentiones
639 4496 766 4545 sunt
793 4493 937 4545 inter
959 4505 1052 4544 vos
1081 4503 1098 4539 :
1122 4491 1217 4545 hoc
1243 4495 1421 4544 autem
1441 4491 1580 4552 dico,
1595 4488 1738 4559 quod

108 4587 468 4654 unusquisque
496 4589 734 4638 vestrum
764 4584 919 4647 dicit,
943 4599 1036 4652 ego
1065 4598 1183 4638 sum
1210 4584 1409 4646 Pauli,
1441 4598 1534 4652 ego
1561 4587 1738 4637 autem

108 4677 318 4747 Apollo,
339 4693 436 4748 ego
457 4693 584 4732 vero
605 4679 812 4748 Cepha’,
845 4693 939 4746 ego
959 4681 1139 4731 autem
1175 4677 1380 4734 Christi
1405 4675 1454 4748 (Ι
1487 4675 1606 4730 Cor.
1635 4677 1736 4746 ιιι).

105 4769 258 4833 Quod
283 4787 419 4825 cum
445 4773 662 4842 quanta
701 4769 1189 4824 animadversione
1225 4769 1507 4840 loquatur,
1557 4785 1736 4840 agno-

105 4862 329 4931 scimus,
359 4864 404 4918 si
438 4863 755 4934 subjunctaa
785 4862 1188 4934 increpationis
1216 4862 1386 4918 verba
1413 4878 1733 4934 pensamus.

103 4951 202 5006 Ait'
217 4953 374 5006 enim
409 4969 422 5006 :
458 4953 674 5008 Divisus
699 4956 776 5006 est
806 4953 1046 5010 Christus
1063 4954 1090 5006 ?
1113 4953 1360 5022 nunquid
1383 4953 1584 5006 Paulus
1615 4967 1734 5006 cru-

101 5045 286 5114 ciﬁxus
318 5050 398 5102 est
429 5061 538 5116 pro
573 5046 768 5100 vobis?
791 5051 888 5100 aut
913 5047 971 5099 in
1009 5047 1221 5100 nomine
1260 5047 1422 5100 Pauli
1473 5046 1740 5116 baptizati

100 5141 222 5193 estis
255 5139 480 5210 (Ibid.)?
508 5139 865 5194 Considerate
902 5138 1098 5210 igitur,
1127 5139 1331 5194 fratres
1357 5137 1492 5206 mei,
1521 5143 1576 5193 et
1600 5138 1738 5194 dum

102 5229 211 5287 Deo
238 5232 430 5288 adhuc
467 5235 802 5304 expectante
827 5273 841 5303 ,
871 5231 1028 5287 omni
1057 5231 1271 5288 incerto
1295 5231 1424 5286 vita:
1466 5231 1578 5286 ﬁne
1603 5248 1734 5303 per-

168 5397 192 5430 ⁸
219 5396 350 5450 Haec
381 5398 470 5449 est
495 5394 594 5466 illa
618 5394 852 5466 epistola
880 5394 1090 5466 Pelagii
1115 5436 1128 5464 ,
1155 5411 1268 5466 qua
1291 5393 1566 5466 Pelagius,
1595 5397 1736 5449 teste

101 5473 288 5520 sancto
315 5465 612 5536 Gregorio,
646 5465 845 5537 synodi
887 5465 1518 5537 ConstantinOpolitanze
1547 5465 1736 5537 omnia

98 5545 237 5603 acta,
267 5535 659 5608 praeterquam
679 5535 1089 5608 absolutionem
1105 5535 1356 5608 Gregorii
1382 5535 1736 5608 Antiochenii

99 5605 366 5686 episcopi,
401 5605 639 5686 cassavit
657 5611 714 5661 et
741 5607 1061 5686 reprobavit
1089 5623 1104 5686 ξ
1120 5605 1414 5686 praecipue
1441 5622 1570 5660 vero
1595 5605 1734 5686 illud
1781 5635 1786 5640 -

98 5677 392 5733 decretum
423 5693 541 5748 quo
572 5679 817 5748 Joannes
845 5677 1494 5747 Constantinopolitanus
1518 5677 1732 5746 episco-

97 5766 201 5820 pus
244 5747 462 5804 nomeﬁ
479 5747 833 5820 mcumenici
859 5748 964 5820 sibi
992 5753 1322 5820 arroganter
1348 5751 1732 5820 usurpaverat.

97 5817 216 5884 Qua
243 5820 315 5876 de
342 5836 406 5875 re
435 5818 724 5890 videun
750 5817 896 5890 infra
915 5819 1097 5890 dicam
1112 5817 1177 5890 in
1197 5817 1343 5890 notis
1361 5818 1620 5890 allegatis
1641 5835 1733 5889 sy—

97 5892 231 5947 nodi
291 5887 956 5960 Constantinopolitana.
999 5888 1320 5946 Ridiculum
1357 5893 1442 5945 est
1477 5887 1627 5963 quod
1665 5887 1736 5944 ex

1824 3375 2209 3430 testimonium
2249 3382 2442 3432 vertat.
2493 3378 2599 3431 Nos
2643 3381 2835 3432 autem
2873 3379 2942 3432 ad
2986 3380 3292 3436 Dominum
3331 3387 3456 3452 post

1825 3468 1994 3522 verba
2019 3469 2384 3537 recurrimus,
2417 3485 2663 3541 eumque
2689 3475 2965 3542 quantum
2989 3489 3286 3542 possumus
3311 3474 3456 3529 ﬂeti-

1825 3561 1931 3616 bus
1957 3577 2272 3632 exoramus,
2296 3567 2360 3618 ut
2382 3563 2487 3617 hoc
2514 3563 2665 3634 quod
2685 3563 2841 3618 vobis
2860 3563 2930 3618 ad
2949 3565 3292 3636 sequendam
3317 3584 3453 3622 con-

1827 3654 2075 3709 cordiam
2118 3671 2149 3708 a
2195 3655 2358 3709 nobis
2400 3655 2624 3725 dicitur,
2662 3655 2782 3727 ipse
2821 3656 2883 3711 in
2929 3657 3124 3713 vestris
3170 3659 3454 3716 mentibus

1828 3763 2000 3802 manu
2025 3747 2242 3802 intimas
2264 3747 2644 3820 inspirationis
2670 3754 2956 3820 operetur.

2201 3873 2528 3929 EPISTULA
2564 3873 2632 3928 v1
2655 3872 2682 3903 ι
2710 3873 2874 3944 [Olim
2903 3876 3074 3946 VIII],

1880 3983 1948 4022 an
1977 3982 2222 4022 JOANNEM
2261 3981 2560 4024 EPISCOPUM
2600 3983 3278 4028 coxsuurmoromrmuu
3308 3972 3401 4044 (a).

1831 4059 1969 4116 Eum
2001 4062 2206 4132 arguit,
2239 4063 2336 4130 qui
2363 4061 2686 4116 universalis
2713 4061 2950 4132 episcopi
2975 4079 3164 4120 nomen
3201 4065 3309 4122 sibi
3329 4070 3448 4122 uin-

2155 4131 2392 4192 dicabat,
2421 4148 2530 4201 qua
2562 4133 2627 4186 de
2656 4148 2822 4187 causa.
2846 4131 3146 4200 generalem

2308 4204 2574 4270 synodum
2599 4209 2992 4268 convocaverat.

1906 4294 2282 4350 Dilectissimis
2306 4295 2574 4350 fratribus
2598 4297 2877 4352 universis
2899 4297 3195 4372 episcopis,
3223 4301 3322 4373 qui
3347 4298 3460 4358 illi-

1833 4388 1946 4444 cita
1970 4389 2256 4442 vocatione
2304 4389 2533 4443 Joannis
2574 4389 3179 4461 Constantinopolitani
3214 4394 3463 4467 episcopi

1835 4482 1905 4536 ad
1920 4481 2200 4552 synodum
2210 4481 2749 4553 Constantinopolim
2761 4490 3164 4552 convenerunt,
3180 4486 3456 4558 Pelagius.

1907 4574 2194 4629 Manifesto
2213 4573 2372 4642 (sicut
2389 4574 2720 4646 optavimus)
2738 4591 2840 4646 per
2853 4577 3094 4647 gratiam
3125 4579 3226 4632 Dei
3246 4579 3321 4649 [S-
3336 4583 3458 4638 Leo.

1838 4671 1992 4739 epist.
2015 4667 2102 4736 53]
2131 4667 2346 4721 lumine
2389 4667 2728 4744 evangelicae.
2755 4669 3032 4740 veritatis,
3060 4670 3130 4725 ab
3155 4671 3461 4730 universali

1836 4760 2098 4827 Ecclesia,
2127 4759 2582 4831 perniciosissimi
2607 4761 2812 4816 erroris
2842 4767 3006 4818 nocte
3045 4763 3294 4835 depulsa,
3321 4765 3462 4822 inef«

1835 4853 2082 4908 fabiliter
2110 4852 2422 4924 gaudemus
2449 4853 2509 4908 in
2530 4853 2804 4909 Domino:
2835 4855 2932 4909 sed
2958 4872 3072 4910 non
3093 4857 3313 4912 modico
3333 4875 3462 4914 con-

1835 4947 2130 5001 tristamur
2160 4963 2418 5016 maerore,
2445 4945 2576 5018 quia
2595 4964 2660 5002 ea
2679 4965 2806 5019 quae
2829 4949 2965 5003 olim
2986 4950 3196 5004 calcata
3213 4951 3458 5025 fuerant,

1837 5043 1892 5095 et
1917 5040 2169 5095 funditus
2197 5041 2478 5110 damnata,
2517 5057 2622 5094 nec
2669 5057 2921 5113 unquam
2967 5042 3090 5098 ﬁeri
3128 5044 3458 5118 debuerant,

1836 5133 2096 5189 redivivis
2144 5133 2424 5188 radicibus
2473 5134 2796 5205 germinant
2843 5140 3011 5208 atque
3060 5137 3357 5209 pullulant.
3395 5141 3463 5197 Et

1835 5225 2107 5299 quoniam
2127 5225 2326 5294 multa,
2347 5242 2476 5298 quae
2501 5227 2911 5298 paenitudinem
2938 5236 3173 5300 possunt
3193 5248 3464 5304 generare

1835 5391 1940 5462 hac
1966 5389 2198 5460 epistola
2239 5394 2509 5462 novantes
2554 5389 2806 5462 haeretici
2848 5390 3160 5462 primatum
3202 5394 3463 5450 Ecclesiae

1835 5461 2193 5532 impugnent,
2210 5476 2344 5532 cum
2364 5460 2709 5532 hincpotius
2737 5460 2996 5516 undecim
3017 5464 3358 5520 validissima
3377 5483 3462 5520 ar-

1836 5530 2104 5610 gumenta
2143 5530 2623 5610 golligipossint,
2648 5532 2870 5610 quibus
2907 5533 3148 5610 Romani
3186 5537 3460 5606 pontiﬁcis

1833 5601 2108 5674 primatus
2139 5601 2458 5656 ﬁrmissime
2482 5601 2896 5674 corroboratur.
2930 5605 3063 5660 Vide
3095 5601 3296 5663 Baron.
3324 5623 3456 5662 ann.

1833 5673 1962 5740 587,
1987 5689 2149 5727 num.
2181 5677 2212 5726 7
2241 5677 2296 5726 et
2325 5675 2409 5741 l3,
2438 5673 2500 5726 14
2529 5678 2584 5726 et
2615 5675 2698 5728 t5.
2729 5673 2852 5728 Ssv.
2883 5673 3000 5729 Bm.

1909 5743 1977 5815 (a)
2008 5743 2198 5814 Neque
2231 5743 2377 5797 hanc
2403 5759 2436 5796 a
2460 5743 2716 5815 subdolis
2744 5745 2939 5798 lsidori
2971 5747 3247 5802 mercibus
3273 5747 3354 5799 fas
3375 5747 3458 5799 est

1833 5813 2150 5886 sejungere.
2201 5815 2343 5870 Vera
2381 5813 2769 5886 egnimgperiit,
2795 5816 2878 5886 fin
2921 5815 3078 5886 cuius
3109 5817 3296 5872 locum
3336 5815 3456 5870 haec

1833 5885 2067 5940 conficta
2092 5889 2196 5956 est,
2225 5889 2291 5939 ut
2315 5885 2493 5958 stylus
2515 5885 2740 5958 aliaque
2777 5885 3003 5942 docent.
