3994 6458
511 376 614 432 739

1874 370 2133 428 PELAGII
2170 370 2364 428 PAPIE
2399 370 2446 426 Ῑῐ

3795 360 3886 415 740

516 481 683 550 [Idem
708 481 865 552 epist.
897 478 1008 550 47],
1035 477 1407 551 proveniunt,
1435 495 1659 534 necesse
1702 482 1786 534 est
1825 495 1892 534 ea
1920 495 2130 533 cassare
2153 491 2211 562 Α
2231 493 2480 533 errorem
2508 491 2676 530 suum
2703 475 2811 530 cito
2849 471 3188 541 correxerit,
3219 487 3252 527 a
3277 467 3455 527 nobis
3491 468 3887 524 excommuni-

513 590 642 644 quae
680 579 875 628 contra
911 573 1170 628 ordinem
1209 575 1266 626 et
1297 589 1524 627 omnem
1567 572 1952 627 auctoritatem
1990 571 2134 624 facta

513 682 630 720 esse
657 670 985 720 noscuntur.
1015 665 1188 734 Unde,
1222 667 1442 733 fratres,
1477 666 1684 736 rejecta
1709 665 1930 736 penitus
1958 665 2130 718 auda-

509 758 612 823 cia,
643 775 770 828 quae
801 763 996 813 contra
1038 759 1396 828 apostolicam
1435 758 1623 812 sedem
1651 761 1706 811 et
1731 763 1926 811 contra
1953 756 2134 826 ipsam

513 851 739 904 Domini
764 851 1059 906 Salvatoris
1079 868 1291 919 vocem,
1323 867 1433 922 qua
1461 851 1673 904 dictum
1695 855 1778 904 est
1807 865 1821 903 :
1856 853 1934 904 Tu
1958 864 2010 903 es
2033 851 2129 902 Pe-

510 947 645 1006 trus,
675 949 724 998 et
748 959 907 1012 super
945 947 1080 999 hanc
1113 949 1328 1014 petram
1357 943 1628 1011 aediﬁcabo
1643 944 1930 998 Ecclesium
1961 957 2134 996 meam

513 1036 728 1102 (Matth.
759 1037 891 1107 xvr),
923 1041 1146 1107 sumpta
1190 1041 1276 1090 est
1317 1035 1640 1106 disputandi
1681 1039 1875 1089 contra
1914 1034 2134 1087 Domini

511 1133 811 1198 princepta,
839 1145 979 1182 vana
1019 1128 1330 1182 errantium
1366 1128 1533 1182 corda
1575 1127 1986 1198 conquiescant,
2031 1141 2133 1179 nec

512 1220 684 1274 liceat
727 1221 952 1275 defendi
982 1222 1182 1292 (Ibid),
1231 1220 1385 1291 quod
1432 1237 1547 1274 non
1590 1220 1720 1274 licet
1769 1235 1934 1290 agere
1984 1217 2134 1288 [licet

509 1313 646 1382 agi].
676 1313 936 1368 Relatum
966 1319 1050 1368 est
1078 1330 1213 1384 ergo
1247 1314 1318 1367 ad
1336 1312 1697 1384 apostolicam
1725 1313 1935 1378 sedem,
1964 1313 2130 1366 Joan-

511 1421 646 1459 nem
673 1406 1352 1477 ConstantinOpolitanum
1390 1406 1716 1476 episcopum
1754 1404 2132 1458 universalem

512 1513 570 1552 se
625 1498 974 1554 subscribere
1021 1499 1327 1567 [scribere],
1368 1515 1574 1569 vosque
1602 1514 1668 1551 ex
1705 1497 1809 1550 hac
1845 1513 1946 1550 sua
1980 1512 2129 1566 prte-

511 1591 832 1662 sumptione
863 1592 932 1645 ad
975 1591 1250 1661 synodum
1289 1607 1592 1644 convocare
1606 1589 2000 1661 .[convocasse]
2041 1605 2133 1659 ge-

510 1683 784 1751 neralem,
835 1699 966 1737 cum
1005 1683 1354 1754 generalium
1395 1684 1736 1754 synodorum
1787 1681 2132 1737 convocandi

511 1777 812 1830 auctoritas
837 1776 1154 1846 apostolicae
1190 1776 1308 1830 sedi
1345 1776 1494 1830 beati
1521 1777 1668 1830 Petri
1695 1774 1967 1846 singulari
2008 1774 2130 1846 pri-

2232 571 2473 626 candum
2498 571 2636 636 fore,
2668 573 2724 622 et
2752 567 3077 638 apostolicae
3105 565 3251 620 sedis
3275 571 3454 636 atque
3475 563 3759 618 omnium
3777 578 3888 615 san-

2231 669 2450 718 ctorum
2481 663 2874 732 episcoporum
2900 659 3304 714 communione
3337 673 3570 711 carere.
3603 655 3887 710 Universa-

2231 755 2404 810 litatis
2442 771 2672 826 quoque
2700 769 2930 821 nomen,
2977 753 3134 823 quod
3173 751 3280 806 sibi
3322 751 3532 804 illicite
3575 749 3884 818 usurpavit,

2230 848 2402 902 nolite
2439 847 2759 913 attendere,
2800 861 2904 900 nec
2941 845 3232 899 vocatione
3271 844 3402 914 ejus
3443 843 3523 896 ad
3567 841 3884 912 synodum,

2233 941 2442 1011 absque
2471 939 2798 994 auctoritate
2822 939 2968 994 sedis
2987 937 3315 1008 apostolicae
3333 978 3349 1004 ,
3377 951 3659 1006 unquam
3688 934 3884 1000 venite,

2233 1034 2278 1087 si
2310 1033 2624 1103 apostolica
2652 1032 2796 1085 sedis
2821 1036 2879 1086 et
2914 1037 3257 1084 eaeterorum
3294 1029 3722 1099 episcoporum
3753 1043 3889 1080 com-

2231 1126 2500 1179 munione
2520 1124 2685 1178 vultis
2715 1123 2849 1178 frui.
2872 1123 3072 1177 Nullus
3099 1122 3255 1177 enim
3285 1121 3768 1192 patriarcharum
3793 1121 3888 1172 hoc

2230 1223 2346 1272 tam
2384 1217 2621 1288 profano
2663 1215 2936 1270 vocabulo
2972 1230 3232 1285 unquam
3275 1218 3479 1267 utatur
3524 1213 3629 1281 (a),
3675 1212 3807 1283 quia
3848 1212 3886 1264 si

2232 1326 2487 1364 summus
2515 1309 2702 1378 [unus]
2731 1308 3050 1378 patriarcha
3081 1306 3424 1361 universalis
3455 1306 3704 1372 dicitur,
3728 1305 3887 1375 patri-

2232 1403 2534 1457 archarum
2550 1419 2761 1456 nomen
2774 1401 2993 1455 caeteris
3010 1401 3341 1471 derogatur.
3365 1399 3482 1453 Sed
3504 1399 3664 1452 absit
3684 1398 3752 1468 (b)
3777 1415 3807 1451 a
3826 1396 3886 1450 ti-

2231 1497 2367 1550 delis
2393 1496 2724 1566 cujusquam
2750 1500 2959 1562 mente,
2988 1494 3096 1547 hoc
3125 1493 3229 1546 sibi
3256 1492 3346 1546 vel
3373 1491 3529 1546 velle
3559 1492 3890 1563 quempiam

2229 1589 2499 1658 arripere,
2516 1589 2667 1642 unde
2689 1589 2970 1642 honorem
2995 1587 3244 1641 fratrum
3265 1601 3521 1640 suorum
3546 1585 3890 1639 imminuere

2229 1697 2298 1736 ex
2325 1682 2820 1752 quantulacunque
2837 1685 2995 1750 parte
3014 1680 3292 1733 videatur.
3316 1679 3707 1750 Quapropter
3723 1677 3894 1731 chari-

2230 1779 2313 1828 tas
2328 1779 2510 1828 vestra
2527 1774 2818 1828 neminem
2833 1789 3086 1843 unquam
3103 1773 3220 1826 suis
3233 1771 3297 1825 in
3323 1771 3600 1842 epistolis
3617 1771 3895 1825 universa-

511 1868 715 1938 vilegio
747 1869 818 1922 sit
846 1869 1068 1936 tradita,
1098 1873 1154 1923 et
1179 1869 1334 1923 nulla
1357 1885 1609 1940 unquam
1639 1869 1888 1938 synodus
1915 1870 2033 1920 rata
2058 1867 2133 1922 le-
2151 1849 2209 1920 Β
2231 1865 2345 1920 lem
2358 1866 2714 1935 nominet,ne
2730 1865 2832 1918 sibi
2845 1865 3102 1918 debitum
3114 1865 3446 1932 subtrahat,
3465 1881 3610 1918 cum
3623 1864 3788 1918 alteri
3808 1864 3892 1916 ho-

515 1963 681 2030 gatur
714 1977 841 2032 quae
884 1962 1184 2031 apostolica
1225 1961 1556 2015 auctoritate
1598 1977 1714 2015 non
1755 1960 1925 2014 fuerit
1966 1959 2128 2014 fulta.

511 2054 883 2123 Quapropter,
899 2053 1173 2124 quidquid
1186 2054 1246 2122 in
1268 2054 1534 2124 praedicto
1547 2059 1731 2108 vestro
1747 2053 2134 2108 conventiculo

515 2145 667 2216 (quia
714 2146 958 2216 synodus
998 2146 1184 2200 taliter
1223 2149 1574 2217 praesumpta
1621 2162 1739 2200 esse
1781 2163 1896 2200 non
1931 2146 2126 2216 potuit)

512 2237 801 2307 statuistis,
844 2255 914 2293 ex
955 2239 1284 2294 auctoritate
1333 2239 1508 2294 sancti
1561 2238 1710 2293 Petri
1753 2241 2132 2309 apostolorum

511 2330 801 2402 principis,
829 2336 886 2385 et
912 2331 1135 2385 Domini
1155 2331 1446 2387 Salvatoris
1469 2347 1619 2400 voce,
1654 2347 1766 2402 qua
1786 2331 1950 2386 beato
1971 2334 2134 2386 Petro

511 2427 844 2494 potestatem
871 2424 1084 2494 ligandi
1102 2429 1269 2494 atque
1291 2425 1538 2478 solvendi
1557 2424 1674 2494 ipse
1693 2425 1934 2478 salvator
1959 2424 2131 2492 dedit,

511 2533 639 2587 quae
662 2517 830 2570 etiam
849 2523 1096 2588 potestas
1112 2516 1169 2570 in
1187 2517 1593 2572 successoribus
1613 2517 1732 2586 ejus
1751 2517 2136 2572 indubitanter

515 2609 790 2678 transivit,
819 2609 1084 2680 praecipio
1111 2609 1294 2664 omnia
1325 2626 1454 2680 quas
1479 2609 1555 2662 ibi
1575 2609 1864 2676 statuistis,
1891 2615 1948 2664 et
1969 2625 2130 2680 vana,

513 2705 569 2756 et
596 2707 808 2756 cassata
835 2718 972 2771 esse,
997 2693 1080 2756 ita
1109 2707 1172 2756 ut
1197 2703 1458 2772 deinceps
1489 2717 1781 2772 nunquam
1805 2707 2130 2772 appareant,

517 2811 620 2848 nec
649 2795 1012 2848 ventilentur.
1036 2795 1252 2849 Etenim
1271 2795 1386 2865 ipse
1412 2795 1663 2848 Salvator
1683 2795 1848 2848 beato
1873 2797 2133 2865 Apostolo

515 2889 676 2940 Petro
699 2893 966 2956 tanquam
993 2887 1113 2956 ipsa
1143 2904 1244 2958 per
1272 2903 1329 2940 se
1358 2887 1562 2940 veritas
1602 2887 1872 2957 loquitur,
1901 2887 2089 2942 dicens
2115 2904 2130 2941 :

515 2980 848 3048 Quaecunque
879 2980 1128 3047 ligaveris
1153 2993 1314 3048 super
1340 2984 1538 3032 terram
1558 3019 1576 3042 ,
1603 2984 1758 3034 erant
1799 2981 1972 3048 ligata
1997 2985 2046 3034 et
2076 2981 2134 3034 in

512 3073 670 3138 caelo;
699 3077 748 3125 et
777 3087 1116 3140 quaecumque
1133 3072 1352 3126 solveris
1367 3087 1528 3140 super
1553 3075 1770 3134 terram,
1787 3077 1941 3127 erunt
1957 3073 2134 3127 soluta

514 3169 564 3218 et
590 3167 650 3217 in
691 3165 815 3218 caelo
861 3163 1072 3234 (Matth.
1114 3163 1244 3236 xvr).
1275 3163 1457 3219 Multis
1500 3163 1687 3218 denuo
1729 3165 2040 3235 apostolicis
2077 3170 2133 3220 et

513 3253 794 3307 canonicis
855 3258 1022 3325 atque
1083 3254 1465 3308 ecclesiasticis
1512 3254 1848 3308 instruimur
1900 3254 2128 3324 regulis,

518 3361 634 3400 non
669 3346 872 3401 debere
907 3347 1117 3417 absque
1136 3346 1413 3401 sententia
1440 3347 1680 3402 Romani
1704 3347 1984 3402 Pontiﬁcis
2007 3363 2134 3401 con—

513 3438 638 3492 cilia
679 3439 950 3494 celebrari
997 3440 1160 3510 [Socr.
1189 3457 1249 3509 ιι,
1293 3443 1324 3494 8
1369 3445 1425 3495 et
1473 3443 1558 3509 13,
1595 3443 1714 3497 Soz.
1757 3457 1838 3509 ιιι,
1867 3440 1919 3510 9]
1954 3457 1967 3494 :
2001 3457 2134 3511 qua-

511 3536 744 3603 propter
771 3537 852 3602 (ut
871 3532 994 3603 jam
1022 3533 1232 3588 dictum
1261 3533 1361 3604 est)
1383 3539 1532 3588 recte
1557 3550 1670 3588 non
1698 3533 2018 3602 concilium,
2035 3533 2131 3588 sed

510 3631 761 3680 vestrum
792 3626 1246 3681 conventiculum
1271 3629 1356 3682 vel
1382 3626 1820 3681 conciliabulum
1847 3632 2128 3694 cassatur;

511 3723 568 3772 et
596 3717 870 3790 quidquid
899 3719 958 3773 in
984 3735 1050 3774 eo
1074 3725 1264 3774 actum
1288 3710 1398 3788 est,
1429 3719 1655 3774 irritum
1679 3720 1918 3774 habetur
1941 3735 2006 3773 ac
2033 3735 2129 3773 va-

511 3827 701 3866 cuum.
723 3813 829 3866 Vos
852 3827 1079 3883 quoque
1105 3813 1389 3884 deinceps,
1417 3819 1482 3867 ut
1507 3813 1717 3867 nullius
1747 3813 1973 3867 hortatu
1999 3812 2132 3867 talia

509 3905 886 3975 praesumatis,
919 3905 965 3958 si
991 3905 1314 3974 apostolica:
1345 3905 1490 3959 sedis
1521 3906 1916 3960 communione
1941 3921 2130 3960 carere

510 4012 626 4050 non
652 3997 836 4050 vultis.
867 3996 1026 4051 Modo
1053 4013 1184 4050 vero
1210 3997 1336 4052 ideo
1366 3998 1728 4069 suspenditur
1755 3999 1895 4052 ultio
1912 4040 1926 4068 ,
1956 4005 2022 4053 ut
2043 3999 2126 4052 lo-

511 4105 644 4142 cum
671 4089 845 4159 possit
868 4088 1078 4144 habere
1113 4091 1382 4144 correctio
1413 4090 1488 4158 [8.
1516 4094 1636 4154 Leo,
1666 4095 1820 4162 epist.
1851 4091 1961 4161 47].
1989 4093 2130 4146 Prae-

512 4181 828 4236 decessores
845 4197 976 4236 vero
1001 4182 1246 4252 Joannis,
1280 4188 1336 4237 et
1366 4183 1484 4254 ipse
1501 4186 1760 4251 Joannes,
1793 4201 1908 4238 non
1935 4185 2125 4254 semel,

512 4273 609 4327 sed
634 4274 938 4344 saepissime
967 4275 1226 4344 epistolas
1251 4281 1419 4346 atque
1457 4277 1671 4330 libellos
1700 4276 1930 4347 prOpria
1957 4293 2128 4332 manu

510 4367 848 4438 subscriptos
877 4369 1081 4422 sanctis
1108 4369 1556 4424 antecessoribus
1586 4370 1792 4423 nostris
1828 4369 2124 4440 miserunt,

509 4460 713 4530 quibus
742 4477 931 4516 coram
959 4463 1072 4517 Deo
1091 4463 1382 4533 protestati
1408 4468 1557 4531 sunt,
1571 4463 1714 4517 nihil
1735 4479 1983 4535 unquam
2003 4481 2129 4534 pro-

506 4557 660 4608 terve
685 4559 878 4609 contra
901 4557 1263 4626 apostolicam
1288 4555 1479 4610 sedem
1505 4573 1672 4628 agere
1698 4598 1712 4625 ,
1744 4573 1848 4610 nec
1881 4557 1950 4611 de
1973 4557 2127 4611 illius
2145 4573 2204 4644 D

507 4651 606 4702 aut
630 4647 872 4702 aliorum
898 4647 1203 4720 privilegiis
1222 4650 1534 4720 quidquam
1551 4666 1822 4720 usurpare
1844 4666 1858 4704 :
1881 4650 1980 4720 qui
1999 4651 2126 4704 hac-

507 4746 670 4795 tenus
711 4741 771 4796 in
815 4741 1043 4796 archiva
1087 4748 1293 4796 sanctae
1331 4744 1598 4798 Romanas
1642 4743 1897 4797 Ecclesiae
1927 4743 2030 4797 sub
2057 4744 2125 4797 si-

507 4834 654 4906 gillis
680 4851 744 4890 ac
769 4835 1160 4907 chirographis
1189 4853 1386 4891 eorum
1408 4837 1656 4890 roborati
1681 4836 1963 4890 habentur
1986 4836 2128 4892 inte-

507 4927 612 4999 gri.
645 4930 708 4984 In
739 4928 874 5000 ipsis
903 4928 1057 4984 enim
1081 4929 1331 5000 epistolis
1375 4930 1461 4984 vel
1499 4929 1726 4997 libellis,
1755 4931 2128 4985 anathematis

503 5021 730 5077 vinculo
775 5039 834 5077 se
876 5027 934 5077 et
972 5039 1316 5077 successores
1341 5040 1538 5078 eorum
1578 5023 2051 5092 constrinxerunt,
2078 5024 2125 5077 si

503 5129 760 5186 unquam
786 5115 998 5188 aliquid
1023 5121 1220 5171 contra
1236 5133 1330 5172 eos
1355 5116 1868 5188 praesumpsissent,
1890 5121 2126 5170 antean-

505 5208 594 5259 tra
617 5208 996 5278 apostolicam,
1044 5210 1132 5264 vel
1174 5209 1344 5264 ullius
1378 5209 1607 5264 alterius
1645 5209 1890 5280 episcopi
1913 5209 2122 5278 sedem,

505 5293 818 5364 quidquam
861 5297 1076 5350 adversi
1111 5314 1337 5368 quoquo
1382 5299 1552 5352 modo
1581 5302 1766 5353 essent
1802 5299 2002 5353 moliti.
2042 5300 2125 5352 Id-

505 5385 652 5440 circo
681 5401 774 5440 eos
810 5404 924 5441 non
950 5394 1033 5443 est
1073 5407 1297 5444 necesse
1325 5391 1812 5446 excommunicare
1833 5434 1846 5461 ,
1877 5397 1975 5446 aut
1997 5409 2123 5446 ana-

504 5478 906 5548 thematizare;
939 5480 1068 5551 quia
1095 5482 1200 5554 ipsi
1222 5485 1593 5539 anathematis
1621 5485 1863 5552 vinculo,
1886 5487 2125 5558 propriis

503 5571 767 5626 manibus
792 5572 1160 5642 professiones
1181 5592 1312 5630 suas
1331 5565 1540 5648 suaque
1561 5577 1766 5647 scripta
1781 5579 2120 5646 roboranda,

500 5665 975 5722 constrinxerunt.
1009 5667 1156 5723 Sciat
1183 5684 1242 5722 se
1268 5673 1457 5723 tamen
1483 5675 1540 5724 et
1566 5669 1686 5741 ipse
1714 5671 1952 5726 Joannes
1971 5713 1986 5740 ,
2014 5672 2122 5728 nisi

2152 3208 2206 3283 C

499 5781 980 5907 lib(a)wSententia
1039 5781 1217 5838 sancti
1273 5781 1523 5853 Gregorii
1559 5799 1742 5855 papa,
1806 5786 1966 5858 epist.
2029 5791 2117 5859 36,

2231 1975 2429 2014 norem
2452 1959 2614 2012 offert
2639 1958 2984 2012 indubitum.
3028 1958 3410 2012 Adversarius
3451 1972 3706 2026 namque
3731 1961 3894 2010 noster

2231 2053 2498 2114 diabolus,
2540 2051 2638 2122 qui
2681 2056 2877 2105 contra
2914 2050 3161 2104 humiles
3191 2050 3442 2104 saeviens
3463 2090 3478 2117 ,
3511 2053 3669 2104 sicut
3700 2051 3780 2104 leo
3807 2066 3892 2103 ru-

2231 2147 2378 2213 giens
2388 2147 2575 2198 circuit
2593 2159 2832 2212 quaerens
2853 2159 3008 2212 quem
3033 2143 3249 2196 devoret
3267 2141 3319 2213 (Ι
3327 2144 3453 2197 Pet.
3475 2153 3591 2208 ιιι),
3622 2158 3743 2196 non
3761 2142 3895 2212 jam,

2231 2241 2296 2290 ut
2323 2237 2624 2305 cernimus,
2655 2237 2840 2290 caulas
2865 2235 3066 2289 circuit
3103 2236 3182 2304 [S.
3225 2235 3423 2304 Greg.,
3467 2235 3672 2304 ibid.],
3705 2236 3805 2289 sed
3829 2235 3898 2288 ita

2231 2329 2411 2382 valide
2455 2329 2512 2382 in
2550 2327 2887 2398 quibusdam
2923 2327 3189 2381 Ecclesiae
3226 2327 3586 2382 necessariis
3628 2327 3897 2382 membris

2233 2422 2460 2476 dentem
2485 2419 2630 2490 ﬁgit,
2659 2426 2722 2474 ut
2745 2419 2889 2474 nulli
2915 2421 2988 2475 sit
3015 2419 3277 2489 dubium,
3297 2420 3445 2491 quia
3466 2421 3593 2475 nisi
3620 2420 3899 2474 unanimi-

2231 2518 2338 2582 ter,
2383 2514 2602 2568 favente
2636 2513 2904 2579 Domino,
2943 2519 3283 2567 cunctorum
3323 2513 3584 2584 provida
3613 2519 3901 2586 pastorum

2231 2607 2393 2660 turba
2423 2609 2752 2675 concurrat,
2782 2622 2951 2660 omne
2975 2647 2992 2673 ,
3019 2607 3172 2676 quod
3203 2605 3376 2674 absit,
3409 2607 3596 2662 citius
3627 2607 3778 2662 ovile
3823 2609 3899 2661 di-

2231 2699 2421 2754 laniet.
2472 2699 2853 2770 Perpenditis,
2893 2699 3099 2753 fratres
3146 2699 3520 2769 charissimi,
3567 2701 3717 2772 quid
3757 2717 3786 2754 e
3823 2701 3898 2753 vi-

2232 2791 2357 2846 cino
2384 2792 2779 2862 subsequatur,
2819 2808 2951 2845 cum
2979 2798 3036 2846 et
3059 2791 3119 2845 in
3147 2792 3562 2848 sacerdotibus
3592 2799 3902 2864 erumpunt

2232 2890 2349 2938 tam
2379 2901 2638 2954 perversa
2664 2884 2994 2954 primordia.
3041 2885 3184 2948 Quia
3231 2885 3394 2939 enim
3439 2886 3629 2956 juxta
3680 2892 3768 2942 est
3812 2887 3898 2940 ille

2234 2977 2358 3047 [illi]
2389 2977 2456 3032 de
2478 2993 2590 3048 quo
2615 2977 2889 3047 scriptum
2915 2981 3002 3032 est
3033 2993 3046 3031 :
3084 2981 3204 3048 Ipse
3229 2982 3311 3032 est
3337 2995 3446 3033 rea:
3474 2995 3656 3050 super
3686 2984 3898 3036 univer-

2230 3085 2313 3124 sos
2346 3071 2486 3138 ﬁlios
2516 3071 2776 3138 superbiae
2819 3071 2954 3140 (Job.
2997 3071 3104 3140 xu)
3158 3071 3330 3140 (quod
3385 3087 3524 3127 non
3572 3074 3707 3128 sine
3754 3073 3898 3144 gravi

2232 3163 2422 3217 dolore
2448 3161 2632 3216 dicere
2657 3163 2992 3232 compellor,
3021 3163 3161 3217 dum
3203 3163 3388 3217 frater
3419 3171 3487 3219 et
3530 3167 3901 3238 coepiscopus

2231 3261 2420 3310 noster
2437 3256 2679 3309 Joannes
2702 3256 2968 3310 mandata
2997 3255 3303 3324 dominica,
3329 3263 3388 3312 et
3408 3261 3746 3330 apostolica
3774 3276 3904 3332 prte-

2233 3354 2411 3420 cepta,
2441 3349 2782 3420 regulaeque
2806 3350 3040 3403 Patrum
3069 3349 3417 3421 despiciens,
3469 3369 3622 3408 eum
3659 3371 3769 3426 per
3798 3356 3904 3408 ela-

2230 3443 2444 3496 tionem
2473 3457 2821 3512 przecurrere
2857 3447 3096 3496 conatur
3130 3443 3192 3496 in
3231 3444 3506 3517 nomine)
3544 3451 3760 3502 vestra:
3785 3447 3906 3501 bea-

2230 3535 2458 3590 titudini
2494 3534 2704 3589 indicet
2737 3535 3098 3606 omnipotens
3132 3537 3304 3606 Deus,
3339 3555 3540 3609 quam
3575 3542 3748 3613 gravi
3776 3559 3905 3596 con-

2231 3627 2583 3682 siderationis
2609 3628 2781 3699 hujus
2811 3629 3035 3699 gemitu
3060 3634 3360 3701 torqueor,
3389 3635 3565 3704 quod
3595 3635 3697 3690 ille
3726 3651 3904 3707 quon-

2231 3721 2362 3775 dam
2411 3721 2554 3774 mihi
2610 3721 2956 3792 notissimus,
3011 3722 3107 3777 ille
3150 3725 3430 3779 omnibus
3490 3728 3774 3800 dilectus,
3822 3729 3907 3783 ille

2230 3815 2328 3884 qui
2354 3806 2758 3886 eleemosynis‘,
2790 3815 3179 3883 orationibus,
3231 3822 3410 3889 atque
3458 3821 3727 3892 jejuniis
3766 3822 3907 3876 vide—

2228 3905 2396 3961 batur
2422 3914 2745 3978 occupatus,
2775 3911 2832 3962 et
2857 3925 2928 3963 ex
2953 3925 3020 3963 eo
3049 3926 3164 3980 quo
3205 3910 3455 3968 foetebat
3485 3916 3720 3986 cinere,
3752 3934 3820 3972 ex
3850 3933 3905 3970 ea

2229 4016 2401 4070 quam
2453 4001 2842 4072 praetendebat
2887 4002 3219 4058 humilitate
3273 4005 3648 4074 jactantiam
3693 4015 3903 4064 tantam

2229 4093 2487 4164 sumpsit,
2523 4093 2603 4148 ita
2635 4097 2702 4148 ut
2741 4093 3003 4149 universa
3051 4096 3161 4150 sibi
3205 4101 3396 4153 tentet
3441 4101 3814 4170 adscribere,
3856 4110 3905 4158 et

2230 4186 2440 4256 omnia,
2455 4203 2584 4257 quia
2605 4187 2709 4241 soli
2722 4187 2820 4242 uni
2832 4188 3002 4258 capiti
3015 4189 3330 4258 cohazrent,
3347 4192 3648 4251 videlicet
3659 4197 3899 4264 Christo,

2226 4295 2330 4350 per
2354 4279 2686 4335 electionem
2714 4281 3020 4352 pompatici
3063 4285 3348 4339 sermonis
3379 4288 3672 4357 ejusdem
3704 4290 3902 4346 Christi

2228 4372 2333 4426 sibi
2362 4373 2581 4428 studeat
2611 4374 2870 4429 membra
2911 4375 3242 4448 subjugare.
3281 4379 3403 4434 Nec
3443 4383 3722 4450 mirum,
3763 4383 3900 4456 quod

2225 4464 2318 4519 ille
2356 4470 2598 4520 tentator
2649 4469 2750 4538 qui
2803 4467 3029 4523 initium
3081 4470 3272 4525 omnis
3327 4477 3575 4542 peccati
3629 4479 3741 4533 scit
3796 4493 3902 4532 esse

2225 4558 2566 4628 superbiam,
2607 4565 2664 4614 et
2687 4565 2824 4615 tunc
2849 4578 2915 4616 ea
2939 4562 3002 4616 in
3030 4563 3222 4634 primo
3259 4564 3521 4624 homine
3549 4576 3696 4626 ante
3725 4572 3903 4626 omnia

2230 4667 2364 4704 usus
2389 4657 2491 4721 est,
2520 4657 2576 4706 et
2600 4669 2755 4708 nunc
2787 4671 2914 4709 eam
2937 4656 2998 4710 in
3026 4657 3386 4727 quibusdam
3427 4662 3794 4720 hominibus
3819 4681 3906 4736 po-

2224 4743 2309 4798 nit
2333 4744 2394 4799 in
2422 4745 2534 4800 line
2572 4747 2882 4816 virtutum;
2915 4753 2972 4805 et
3011 4750 3112 4820 qui
3144 4751 3536 4823 aliquatenus
3573 4759 3748 4814 bonis
3787 4760 3904 4813 vitae

2225 4837 2420 4892 studiis
2462 4839 2799 4895 videbantur
2825 4842 3241 4898 crudelissimas
3267 4862 3499 4904 manus
3529 4853 3584 4922 ej
3597 4870 3667 4908 us
3703 4853 3907 4924 effuge-

2224 4945 2307 4996 re,
2335 4929 2414 4984 eis
2443 4931 2502 4984 in
2531 4931 2666 5002 ipsis
2690 4934 2856 4988 metis
2879 4935 3014 4990 boni
3043 4937 3251 5007 operis,
3270 4945 3329 4994 et
3366 4939 3435 4996 in
3465 4942 3611 5015 ipsa
3640 4948 3905 5018 quodam-

2223 5024 2392 5077 modo
2416 5030 2663 5094 apponat
2698 5027 3065 5096 perfectionis
3093 5032 3484 5092 conclusione
3517 5041 3902 5095 tendiculum.

2224 5117 2379 5171 Unde
2404 5133 2749 5188 magnopere
2785 5121 3068 5176 orandum
3103 5127 3222 5191 est,
3253 5131 3312 5180 et
3337 5131 3746 5203 omnipotens
3773 5136 3904 5188 Deus

2223 5209 2458 5264 assiduis
2482 5211 2745 5279 precibus
2763 5213 3179 5286 implorandus,
3203 5224 3272 5273 ut
3291 5220 3464 5277 hunc
3487 5241 3528 5279 a
3545 5235 3756 5284 mente
3773 5229 3906 5283 illius

2222 5307 2436 5356 avertat
2471 5319 2753 5375 errorem,
2794 5307 2902 5360 hoc
2943 5307 3015 5362 ab
3056 5310 3281 5367 unitate
3327 5320 3525 5387 atque
3581 5321 3904 5376 humilitate

2223 5396 2479 5450 Ecclesiae
2514 5398 2730 5452 malum
2768 5401 3051 5470 superbiae
3098 5407 3157 5457 et
3201 5407 3588 5468 confusionis
3630 5422 3901 5477 amoveat,

2222 5494 2279 5542 et
2302 5489 2521 5545 favente
2551 5491 2680 5561 Deo,
2699 5494 2963 5548 omnibus
2979 5495 3200 5552 viribus
3211 5509 3730 5565 concurrendum
3749 5518 3902 5582 atque

2220 5582 2652 5654 providendum,
2679 5601 2752 5640 ne
2778 5587 2840 5641 in
2867 5588 3036 5642 unius
3055 5606 3279 5646 veneno
3300 5603 3642 5669 sermonis,
3673 5605 3902 5660 viventia

2219 5674 2281 5730 in
2311 5676 2517 5732 Christi
2550 5695 2782 5750 corpore
2813 5681 3074 5738 membra
3109 5686 3480 5749 moriantur.
3515 5695 3582 5751 Si
3613 5700 3784 5756 enim
3809 5696 3900 5754 dici

2291 5792 2360 5865 (b)
2397 5793 2580 5851 Editio
2606 5785 2859 5854 Romam
2877 5797 3039 5856 addit
3065 5816 3079 5856 :
3108 5802 3209 5860 hoc
3233 5805 3413 5865 absit.
