3994 6388
117 351 210 408 ’741

1387 355 1723 412 EPISTOLfE
1760 353 1846 411 ΕΤ
1882 351 2207 412 DECRETA.

3360 351 3464 411 ⁸742

111 460 212 514 hoc
240 458 479 515 licenter
502 457 876 532 permittitur,
914 458 1100 516 honor
1127 462 1578 533 patriarcharum
1608 481 1728 519 om-
1752 475 1812 548 Α
1829 465 1970 518 mino
1986 505 2001 526 ,
2024 467 2076 518 et
2098 462 2256 518 verbo
2281 463 2472 532 gratia
2495 459 2625 531 ejus,
2657 461 2754 531 qui
2770 463 2946 531 potest
2967 460 3219 532 perﬁcere
3245 463 3296 518 et
3327 461 3462 518 dare

113 553 266 607 nium
293 556 573 624 negatur;
601 558 659 609 et
680 554 914 609 fortasse
941 553 986 608 is
1014 554 1074 609 in
1095 570 1284 610 errore
1307 557 1474 627 perit,
1495 557 1594 629 qui
1613 558 1738 612 uni-

112 646 331 700 versalis
361 646 588 714 dicitur,
640 651 697 702 et
723 648 914 702 nullus
934 648 1059 718 jam
1087 648 1378 719 episcopus
1403 652 1735 707 remansisse

111 739 166 792 in
193 742 341 792 statu
367 739 618 793 veritatis
638 739 944 794 invenitur.
978 741 1211 811 Oportet
1237 759 1372 813 ergo
1409 748 1469 797 ut
1488 750 1737 799 constan-

114 836 192 885 ter
213 846 277 884 ac
318 831 441 886 sine
490 833 818 902 praejudicio
855 833 1106 902 servetis,
1145 835 1287 888 sicut
1310 837 1613 906 accepistis,
1642 853 1733 892 ec-

113 924 319 988 clesias,
354 930 412 978 et
438 925 581 978 nihil
617 925 724 979 sibi
747 925 806 980 in
836 927 992 980 vobis
1017 928 1139 981 hinc
1181 929 1416 982 tentatio
1441 929 1734 984 diabolicae

113 1017 488 1088 usurpationis
517 1019 777 1072 ascribat.
809 1019 958 1074 State
989 1019 1177 1089 fortes,
1213 1026 1350 1075 state
1370 1022 1570 1090 securi,
1599 1023 1732 1076 scri-

113 1116 202 1180 pta
240 1126 369 1180 quae
409 1110 743 1164 universalis
795 1112 1043 1166 nominis
1093 1114 1329 1168 falsitate
1365 1114 1736 1169 condemnata

113 1207 255 1268 sunt,
297 1218 402 1256 nec
438 1203 572 1258 dare
615 1220 886 1274 unquam,
928 1221 1031 1259 nec
1074 1205 1325 1276 accipere
1360 1209 1731 1277 praesumatis.

114 1296 312 1349 Omnes
361 1295 655 1366 episcopos
696 1313 846 1350 curm
886 1303 1082 1351 vestrae
1130 1299 1410 1368 subjectos
1453 1300 1523 1354 ab
1564 1300 1734 1370 hujus

111 1388 438 1442 adulationis
470 1389 863 1459 inquinatione
909 1391 1226 1460 prohibete,
1260 1397 1324 1446 ut
1347 1392 1610 1446 universa
1641 1410 1734 1447 vos

113 1481 344 1534 Ecclesia
379 1481 726 1551 patriarchas
769 1499 884 1536 non
923 1484 1107 1537 solum
1143 1484 1202 1537 in
1244 1484 1406 1539 bonis
1445 1486 1729 1556 Operibus,

113 1573 201 1626 sed
227 1574 396 1627 etiam
427 1573 493 1628 in
529 1574 775 1628 veritatis
802 1575 1131 1630 auctoritate
1169 1581 1485 1646 cognoscat.
1525 1577 1584 1632 Si
1619 1595 1735 1648 qua

113 1671 294 1719 autem
346 1666 582 1720 forsitan
629 1667 858 1722 adversa
913 1669 1346 1739 subsequantur,
1389 1669 1735 1725 unanimiter

113 1759 467 1828 persistentes
489 1801 503 1828 ,
545 1760 715 1814 etiam
763 1761 1054 1816 moriendo
1091 1761 1362 1816 debemus
1399 1763 1692 1818 ostendere
1715 1805 1729 1833 ,

113 1851 240 1921 quia
263 1851 322 1905 in
348 1852 561 1906 damno
589 1853 968 1923 generalitatis
992 1858 1249 1908 nostrum
1289 1855 1599 1925 specialiter
1629 1831 1730 1910 ali;
1753 1831 1810 1902 B

112 1944 238 2013 quid
266 1961 380 1998 non
405 1961 686 2000 amamus.
709 1946 968 2000 Dicamus
997 1963 1126 2000 cum
1155 1947 1328 2002 Paulo
1351 1963 1365 2000 :
1400 1950 1538 2004 Mihi
1559 1951 1734 2003 vivere

111 2035 342 2091 Christus
353 2043 450 2099 est,
467 2043 518 2092 et
528 2041 666 2092 mori
688 2040 899 2094 lucrum
917 2039 1179 2110 (Philipp.
1197 2040 1567 2110 1).Audiamus
1583 2042 1733 2112 quod

109 2130 318 2200 primus
353 2131 617 2185 omnium
642 2132 1027 2201 apostolorum
1052 2133 1222 2187 dicit:
1240 2135 1300 2190 Si
1323 2135 1456 2202 quid
1470 2137 1734 2202 patimini

109 2229 320 2292 propter
322 2225 627 2292 justitiam,
649 2225 793 2278 beati
811 2227 960 2279 eritis
976 2229 1046 2290 (II
1051 2229 1165 2281 Pet.
1182 2225 1281 2297 ιιι).
1296 2226 1426 2280 Mihi
1453 2227 1604 2281 enim
1619 2244 1733 2282 cre-

115 2310 239 2378 dite,
257 2312 390 2383 quia
407 2313 689 2368 honorem
705 2330 876 2384 quem
895 2330 997 2384 pro
1015 2313 1366 2384 praedicanda
1383 2315 1732 2386 suscepimus

117 2404 356 2474 veritate,
385 2406 433 2460 si
459 2405 802 2460 necessitatis
828 2423 992 2460 causa
1019 2406 1226 2478 exigat,
1249 2407 1498 2461 securius
1523 2424 1626 2478 pro
1647 2424 1733 2462 ea-

117 2497 236 2550 dem
255 2498 493 2552 veritate
507 2498 897 2570 relinquimus,
918 2515 1088 2570 quam
1114 2505 1372 2554 tenemus
1393 2499 1530 2569 [Huc
1548 2517 1731 2572 usque

117 2589 278 2645 sancti
297 2590 556 2663 Gregorii
572 2591 741 2645 verba
755 2590 1086 2662 interpolata
1102 2597 1200 2646 aut
1224 2592 1527 2664 corrupta].
1544 2593 1728 2661 Orate,

116 2681 322 2750 fratres,
345 2687 410 2738 ut
435 2685 625 2739 honor
640 2684 1044 2740 ecclesiasticus
1057 2685 1260 2740 nostris
1272 2685 1468 2740 diebus
1479 2702 1593 2740 non
1610 2702 1734 2740 eva-

118 2783 333 2845 cuetur;
362 2794 470 2832 nec
489 2793 743 2849 unquam
765 2779 1016 2832 Romana
1036 2779 1212 2846 sedes,
1238 2795 1363 2849 quae
1389 2778 1731 2848 (instituente

118 2869 356 2940 Domino)
391 2875 564 2942 caput
593 2875 678 2925 est
719 2870 978 2925 omnium
1007 2871 1397 2938 Ecclesiarum,
1423 2871 1732 2942 privilegiis

117 2962 224 3016 suis
249 2979 491 3035 usquam
511 2966 698 3018 careat
723 2969 821 3018 aut
847 2964 1177 3035 expoliatur.
1211 2965 1531 3034 Conﬁdimus
1554 2969 1732 3018 autem

118 3055 177 3108 de
215 3057 377 3118 vobis,
417 3057 748 3120 charissimi,
781 3059 1004 3112 meliora
1046 3063 1209 3126 atque
1248 3060 1512 3112 viciniora
1566 3058 1734 3112 saluti

120 3146 274 3218 [Edit.
307 3149 498 3219 Rom.,
529 3149 743 3221 salutis]
769 3165 782 3204 :
819 3151 950 3220 quia
992 3166 1160 3220 neque
1195 3166 1334 3206 mors
1356 3193 1370 3213 ,
1400 3167 1568 3220 neque
1594 3153 1728 3214 vita,

117 3257 273 3310 neque
296 3244 502 3313 angeli,
517 3259 684 3312 neque
702 3245 1068 3314 principatus,
1081 3260 1247 3314 neque
1263 3245 1546 3306 instantia,
1564 3259 1733 3312 neque

117 3336 392 3400 fortitudo,
433 3352 604 3406 neque
645 3336 900 3400 altitudo,
950 3352 1117 3406 neque
1161 3337 1518 3406 profundum,
1568 3352 1736 3406 neque

120 3430 356 3481 creatura
375 3427 495 3481 alia
527 3425 819 3497 (magistro
853 3426 1108 3498 gentium
1139 3427 1392 3493 docente)
1422 3429 1617 3496 poterit
1641 3442 1735 3482 nos

119 3531 362 3588 separare
387 3535 422 3574 a
443 3521 712 3574 charitate
739 3521 950 3574 Domini
972 3522 1146 3573 nostri
1167 3522 1290 3574 Jesu
1315 3521 1532 3582 Christi,
1555 3524 1604 3574 et
1619 3536 1737 3590 qua:

119 3613 170 3663 in
194 3613 303 3681 ipso
331 3618 428 3676 est,
459 3617 606 3667 recta
626 3612 749 3682 ﬁde.
779 3613 957 3668 Nolite
982 3615 1165 3682 itaque
1194 3615 1440 3668 amittere
1467 3614 1732 3682 conﬁden-

121 3706 243 3758 tiam
287 3711 544 3768 vestram,
590 3721 709 3775 quae
757 3721 1012 3774 magnam
1059 3706 1214 3760 habet
1261 3709 1737 3761 remunerationem

121 3789 289 3864 (Hebr.
318 3811 372 3864 v,
394 3798 550 3852 Rom.
579 3810 695 3860 vni,
727 3795 895 3850 Hebr.
928 3797 1000 3864 Χ).

185 3886 452 3944 Patientia
482 3888 635 3942 enim
663 3887 824 3942 nobis
841 3886 1155 3942 necessaria
1189 3891 1273 3942 est
1301 3886 1372 3942 ad
1391 3886 1734 3942 colluctatio-

121 3996 213 4034 nes
231 3981 704 4044 adversariorum,
726 3986 1004 4054 quatenus
1031 3981 1202 4036 fidem
1227 3979 1619 4036 intemeratum
1646 3998 1737 4036 us-

122 4090 224 4144 que
253 4075 310 4129 in
351 4075 529 4130 ﬁnem
567 4078 982 4144 conservantes,
1021 4074 1516 4145 repromissionem
1553 4075 1735 4144 perci-

121 4166 351 4237 piamus,
383 4185 555 4240 quam
600 4167 922 4240 repromisit
961 4167 1048 4222 his
1088 4167 1187 4238 qui
1230 4167 1481 4237 legitime
1526 4171 1739 4223 certare

120 4260 507 4333 deproperant.
534 4263 726 4318 Adhuc
749 4264 890 4317 enim
909 4261 1176 4316 modicum
1199 4261 1621 4330 aliquantulum,
1644 4265 1740 4332 qui

116 4359 359 4410 venturus
384 4360 462 4410 est
499 4357 692 4419 veniet,
733 4359 782 4410 et
825 4371 932 4410 non
975 4355 1218 4410 tardabit
1259 4354 1480 4424 (Habac.
1530 4370 1588 4424 ιι,
1625 4371 1734 4410 sec.

121 4446 275 4520 LXX).
303 4452 432 4504 Ecce
473 4451 614 4503 enim
647 4449 822 4518 judea:
847 4453 971 4503 ante
996 4449 1220 4516 ianuam
1254 4451 1460 4503 assistit
1503 4447 1634 4519 (Jac.
1662 4453 1737 4520 v),

1753 3195 1808 3269 C

1834 557 2203 612 hereditatem
2251 557 2399 610 vobis
2432 571 2550 610 cum
2594 555 2834 610 omnibus
2865 557 3084 610 sanctis.
3129 557 3248 626 Ipse
3283 561 3466 612 autem

1833 653 1971 704 Deus
1995 652 2148 720 pacis
2175 654 2224 704 et
2251 650 2625 704 consolationis
2655 649 2743 702 det
2768 649 2916 702 vobis
2942 649 3180 717 idipsum
3196 663 3384 719 sapere
3407 651 3466 704 in

1834 743 2175 804 alterutrum,
2207 747 2268 796 ut
2295 743 2441 797 vobis
2489 744 2715 795 invicem
2743 744 3088 800 succurratis.
3127 747 3178 796 et
3216 758 3322 796 non
3347 745 3467 798 sitis

1833 837 2016 897 divisi,
2059 840 2120 889 ut
2159 837 2456 896 unanimes,
2495 850 2602 888 uno
2644 849 2732 888 ore
2755 840 2806 888 et
2843 851 2948 888 uno
2978 836 3135 888 corde
3161 835 3466 903 honoriﬁce-

1831 944 1948 982 mus
1977 944 2094 982 eum
2122 931 2179 982 in
2203 929 2540 981 concordiam
2568 932 2619 981 et
2643 929 3052 981 consolationem
3075 930 3336 994 fratrum,
3369 931 3466 997 qui

1827 1025 2015 1090 potens
2041 1025 2118 1074 est
2143 1023 2454 1088 conﬁrmare
2479 1035 2570 1074 vos
2591 1021 2878 1073 secundum
2901 1021 3235 1088 evangelium
3263 1021 3394 1086 ejus,
3414 1025 3467 1074 et

1821 1113 1988 1181 juxta
2024 1114 2397 1166 revelationem
2432 1114 2676 1180 mysterii
2712 1115 2923 1166 mternis
2952 1113 3276 1182 temporibus
3314 1115 3468 1167 taciti

1835 1205 1974 1270 (Act.
2022 1221 2121 1273 xx;
2173 1208 2322 1261 Rom.
2372 1221 2462 1270 xv,
2518 1207 2650 1274 xvn),
2690 1204 2895 1274 quibus
2937 1205 3096 1259 vobis
3138 1205 3461 1259 futurorum

1834 1299 2174 1368 gaudiorum
2189 1297 2479 1366 largienda
2492 1301 2623 1350 sunt
2634 1312 2892 1350 munera.
2907 1297 3276 1368 Summopere
3293 1298 3462 1351 etiam

1831 1391 2182 1444 considerare
2213 1389 2448 1456 debetis,
2484 1389 2633 1460 quod
2672 1389 2732 1443 hi
2768 1389 2866 1460 qui
2897 1389 3163 1444 fratribus
3187 1389 3458 1458 invident,

1831 1499 2037 1552 eosque
2066 1483 2335 1537 damnare
2363 1486 2462 1536 aut
2496 1481 2732 1552 perdere
2768 1481 3031 1552 cupiunt,
3067 1499 3170 1552 per
3197 1498 3254 1536 se
3285 1486 3339 1536 et
3361 1498 3461 1535 sua

1831 1575 2099 1646 dogmata
2114 1575 2484 1653 destruuntur
2499 1575 2622 1646 [per
2633 1590 2691 1629 se
2713 1591 2811 1628 sua
2831 1575 3092 1645 dogmata
3115 1575 3457 1645 destruunt].

1832 1669 1976 1722 Dicit
1998 1668 2152 1722 enim
2192 1668 2464 1723 Dominus
2505 1685 2520 1722 :
2568 1669 2731 1725 Omne
2772 1684 2994 1738 regnum
3035 1670 3094 1722 in
3135 1683 3190 1722 se
3228 1669 3461 1722 divisum

1830 1777 1937 1816 non
1963 1762 2164 1827 stabit;
2195 1767 2246 1816 et
2265 1764 2667 1816 omnisscientia
2692 1767 2742 1816 et
2763 1763 2849 1816 lea:
2866 1761 3157 1816 adversum
3177 1776 3233 1815 se
3261 1761 3458 1824 divisa,

1831 1869 1937 1909 non
1962 1856 2129 1908 stabit
2161 1856 2374 1921 (Matth.
2403 1853 2520 1926 xu).
2564 1854 2807 1924 Ideoque
2845 1869 3068 1908 necesse
3109 1858 3194 1908 est
3228 1859 3294 1907 ut
3329 1869 3460 1907 con-

1833 1948 2078 2002 corditer
2117 1947 2362 2000 salubres
2397 1946 2718 2017 suscipiatis
2759 1947 3012 2000 hortatus
3038 1947 3116 2015 [S.
3141 1949 3264 2008 Leo,
3301 1949 3459 2015 epist.

1831 2041 1942 2108 87],
1971 2045 2028 2094 et
2053 2039 2196 2093 nihil
2224 2056 2325 2108 per
2353 2039 2772 2093 contentionem
2798 2043 3050 2108 agentes,
3077 2038 3175 2092 sed
3195 2039 3266 2092 ad
3290 2054 3458 2092 omne

1831 2131 2083 2186 studium
2121 2131 2432 2186 devotionis
2472 2131 2769 2186 unanimes
2809 2129 3011 2184 divinis
3048 2133 3105 2184 et
3141 2131 3462 2201 apostolicis

1831 2224 2323 2279 constitutionibus
2351 2225 2612 2294 parcatis,
2643 2229 2698 2278 et
2809 2223 2966 2277 nullo
3008 2221 3302 2294 patiamini
3333 2240 3462 2294 pro-

1829 2317 2214 2372 videntissima
2249 2333 2534 2371 canonum
2576 2317 2803 2372 decreta
2845 2315 3062 2383 violari,
3102 2321 3378 2386 quatenus
3405 2321 3463 2371 et

1830 2411 2185 2465 Nicaanorum
2223 2426 2503 2464 canonum
2541 2409 2877 2475 constituta,
2919 2413 2976 2462 et
3021 2425 3149 2478 qua:
3197 2424 3230 2462 a
3265 2409 3457 2478 nobis,

1829 2503 1917 2557 vel
1941 2519 1973 2556 a
1997 2501 2502 2572 praedecessoribus
2520 2500 2728 2556 nostris
2743 2506 2874 2555 sunt
2886 2500 3116 2570 provide
3141 2504 3198 2554 et
3217 2500 3456 2555 salubri-

1829 2600 1916 2650 ter
1941 2596 2182 2662 decreta,
2212 2595 2547 2649 intemerata
2575 2598 2943 2665 permaneant
2965 2593 3026 2647 in
3054 2593 3277 2661 futuro;
3316 2599 3372 2648 et
3396 2593 3458 2648 in

1829 2688 2163 2758 Apocalypsi
2193 2689 2462 2742 Dominus
2496 2704 2599 2758 per
2631 2689 2905 2741 Joannem
2940 2685 3191 2757 loquitur
3216 2685 3405 2740 dicens
3434 2703 3448 2741 :

1829 2783 2006 2840 Nolite
2027 2784 2229 2843 timere,
2251 2797 2344 2850 ego
2371 2797 2488 2836 sum
2508 2783 2716 2851 primus
2753 2785 2804 2834 et
2838 2782 3177 2842 novissimus,
3205 2784 3254 2834 et
3280 2782 3456 2843 vivus,

1830 2879 1880 2929 et
1902 2877 1994 2942 fui
2014 2879 2273 2938 mortuus,
2305 2879 2356 2928 et
2399 2890 2506 2929 ecce
2543 2889 2662 2929 sum
2701 2875 2882 2927 vivens
2920 2876 2978 2927 in
3006 2873 3200 2927 saecula
3240 2873 3456 2927 saeculo-

1830 2985 1951 3024 rum
1979 2969 2161 3038 (Apoc.
2189 2969 2248 3036 ι).
2282 2969 2348 3022 Et
2388 2983 2402 3021 :
2432 2968 2610 3022 Habeo
2643 2967 2815 3020 claves
2843 2968 3027 3020 mortis
3055 2969 3106 3020 et
3142 2967 3362 3032 inferni.
3393 2965 3461 3020 Et

1831 3062 2000 3133 paulo
2029 3065 2160 3132 post
2187 3077 2200 3114 :
2237 3049 2484 3117 Vincenti
2508 3060 2646 3114 dabo
2674 3059 2826 3114 edere
2861 3059 2926 3113 de
2955 3059 3098 3128 ligno
3131 3061 3286 3122 vitae,
3319 3058 3462 3128 quod

1831 3160 1909 3210 est
1946 3157 2004 3209 in
2043 3154 2307 3225 paradiso
2354 3155 2452 3208 Dei
2490 3155 2597 3208 mei
2641 3152 2823 3222 (Apoc.
2856 3152 2938 3219 ιι).
2987 3152 3052 3205 Et
3092 3149 3247 3206 idem
3287 3149 3458 3221 [Edit.

1831 3251 1981 3305 Rom.
2010 3246 2172 3317 item]
2204 3265 2218 3302 :
2245 3250 2370 3303 Esto
2416 3247 2590 3315 ﬁdelis
2629 3261 2798 3315 usque
2847 3245 2922 3299 ad
2951 3249 3192 3307 mortem,
3233 3248 3284 3298 et
3321 3243 3462 3298 dabo

1833 3342 1932 3396 tibi
1954 3356 2204 3396 coronam
2227 3343 2373 3394 vitae.
2402 3340 2470 3394 Et
2489 3338 2701 3393 iterum
2735 3354 2748 3392 :
2779 3339 2882 3404 Qui
2905 3339 3114 3399 vicerit,
3144 3341 3196 3392 et
3211 3337 3468 3392 custodie-

1831 3437 1906 3489 rit
1927 3449 2092 3503 usquc
2115 3435 2173 3486 in
2199 3435 2356 3501 ﬁnem
2375 3447 2537 3502 opera
2563 3447 2702 3494 mea,
2737 3430 2875 3484 dabo
2900 3432 2950 3484 ei
2962 3433 3281 3500 potestatem
3301 3445 3462 3498 super
3516 3489 3533 3506 .

1833 3531 2028 3597 gentes,
2063 3530 2114 3580 et
2141 3530 2284 3594 reget
2318 3525 2447 3578 illas
2484 3526 2542 3578 in
2569 3526 2727 3592 virga
2760 3523 2941 3590 ferrea
2962 3564 2976 3584 ,
3004 3527 3054 3576 et
3079 3527 3338 3590 tanquam
3362 3537 3462 3576 vas

1831 3620 1988 3689 ﬁguli
2011 3620 2438 3688 confringentur.
2472 3619 2616 3672 ltem
2656 3615 2811 3670 idem
2841 3631 2855 3669 :
2884 3618 3014 3670 Ecce
3041 3619 3122 3669 sto
3147 3615 3222 3669 ad
3245 3617 3462 3678 ostium,

1834 3717 1885 3767 et
1893 3712 2083 3784 pulso.
2135 3713 2198 3768 Si
2243 3713 2364 3780 quis
2407 3709 2646 3764 audierit
2680 3723 2856 3762 vocem
2879 3723 3052 3762 meam
3072 3748 3088 3770 ,
3116 3712 3164 3762 et
3189 3709 3464 3777 aperuerit

1833 3807 1969 3860 mihi
1973 3804 2227 3873 januam,
2259 3803 2488 3859 introibo
2514 3802 2588 3856 ad
2613 3802 2788 3864 illum,
2811 3805 2861 3854 et
2885 3799 3094 3854 camabo
3123 3815 3243 3854 cum
3265 3801 3383 3862 illo,
3410 3804 3461 3856 et

1835 3901 1948 3968 ipse
1994 3913 2215 3952 mecum.
2257 3897 2360 3964 Qui
2407 3897 2612 3958 vicerit,
2665 3895 2803 3948 dabo
2852 3895 2904 3948 ei
2946 3893 3126 3948 sedere
3164 3909 3365 3948 mecum
3401 3894 3462 3948 in

1837 3993 2024 4046 throno
2066 4005 2202 4052 meo,
2246 3991 2382 4044 sicut
2428 3992 2479 4043 et
2523 4003 2616 4056 ego
2656 3988 2781 4051 vici,
2810 3991 2861 4042 et
2895 3986 3107 4040 consedi
3147 4001 3260 4040 cum
3302 3987 3464 4041 Patre

1835 4100 1947 4139 meo
1989 4086 2048 4138 in
2094 4084 2283 4138 throno
2328 4081 2438 4150 ejus
2478 4080 2664 4152 (Apoc.
2701 4081 2802 4150 ιιι).
2841 4081 2970 4146 Vos,
3011 4078 3237 4146 fratres,
3268 4077 3315 4132 si
3345 4095 3463 4134 non
3520 4087 3529 4098 '

1837 4177 2012 4230 vultis
2042 4192 2173 4230 cum
2196 4192 2262 4230 eo
2289 4173 2554 4229 damnari
2581 4173 2735 4244 (quia
2754 4189 2860 4228 non
2882 4173 3073 4236 solum,
3103 4175 3197 4242 qui
3236 4174 3470 4240 faciunt,

1837 4271 1932 4326 sed
1961 4272 2058 4340 qui
2083 4271 2414 4324 consentiunt
2430 4268 2774 4336 facientibus,
2807 4267 2888 4321 rei
2911 4270 3037 4321 sunt
3071 4267 3237 4333 (Rom.
3268 4265 3305 4336 ι)
3330 4266 3467 4320 hor-

1835 4362 2034 4419 tamini
2063 4379 2215 4431 eum,
2243 4367 2297 4417 et
2327 4366 2552 4416 monete
2604 4360 2865 4415 recedere
2894 4375 2927 4413 a
2957 4359 3207 4430 praefatis
3239 4359 3462 4427 illicitis,

1839 4460 1896 4511 et
1919 4472 2139 4511 memor
2180 4456 2252 4510 sit
2293 4455 2445 4510 unde
2479 4453 2781 4520 exciderit,
2809 4457 2864 4507 et
2887 4454 3020 4523 agat
3042 4451 3461 4522 pcenitentiam,

123 4557 347 4596 coronas
372 4543 630 4597 hilariter
653 4542 994 4614 promittens
1021 4541 1108 4595 his
1134 4540 1233 4612 qui
1261 4558 1364 4612 pro
1392 4558 1456 4596 eo
1479 4543 1746 4612 passioni—
1762 4559 1822 4630 D
1845 4555 1900 4604 et
1927 4549 2112 4620 prima
2135 4564 2304 4620 opera
2330 4547 2513 4602 faciat.
2561 4546 2657 4601 Sin
2705 4545 2910 4613 minus,
2947 4560 3066 4598 non
3109 4559 3238 4599 mea
3265 4545 3466 4616 loquar

123 4631 221 4688 bus
252 4635 686 4690 submittuntur.
721 4635 872 4703 Quod
913 4637 962 4690 si
989 4637 1108 4704 quis
1133 4649 1186 4690 se
1226 4635 1588 4700 subtraxerit,
1637 4655 1742 4693 non
1840 4642 2029 4709 verba,
2059 4641 2155 4696 sed
2201 4641 2320 4712 ipsa
2362 4638 2582 4695 Domini
2609 4637 2936 4706 Salvatoris,
2973 4653 3102 4708 quae
3129 4653 3230 4708 per
3256 4638 3466 4709 praedi—

120 4727 345 4797 placebit
383 4732 582 4784 animm
618 4745 783 4796 mere;
812 4728 904 4784 sed
937 4728 1090 4782 cadet
1117 4728 1184 4782 de
1210 4730 1554 4798 promissione
1573 4747 1738 4802 prOp-

119 4827 238 4890 pter
260 4825 616 4892 negationem.
645 4825 752 4880 Nos
794 4827 972 4876 autem
1003 4837 1108 4876 non
1147 4837 1328 4876 sumus
1366 4823 1744 4879 subtractionis

98 4901 102 4904 ’
125 4916 225 4981 ﬁlii
240 4917 294 4969 in
307 4917 667 4987 perditionem
687 4917 899 4970 animae.
918 4916 1140 4985 Propter
1157 4915 1300 4984 quod
1317 4919 1570 4971 assumite
1589 4933 1745 4973 arma

127 5010 235 5072 Dei,
262 5015 322 5064 ut
357 5011 578 5080 possitis
626 5011 868 5064 resistere
905 5010 964 5062 in
1000 5009 1087 5063 die
1118 5009 1259 5062 malo
1287 5010 1542 5066 adversus
1570 5027 1746 5066 omnes

127 5102 359 5158 inimicos
394 5107 594 5157 sanctz
621 5105 717 5158 Dei
739 5103 983 5158 Ecclesiae
1023 5106 1074 5156 et
1097 5107 1316 5165 vestros,
1347 5107 1397 5156 et
1427 5104 1634 5159 induite
1664 5105 1744 5160 lo-

129 5197 290 5251 ricam
303 5196 552 5266 justitiae,
585 5197 809 5252 ealceati
827 5196 990 5268 pedes
1022 5195 1080 5250 in
1103 5199 1554 5266 praeparationem
1583 5214 1742 5254 evan-

132 5291 253 5357 gelii
287 5293 462 5361 pacis,
503 5293 562 5344 in
606 5291 849 5346 omnibus
885 5293 1208 5345 assumentes
1249 5295 1458 5345 scutum
1499 5291 1646 5360 ﬁdei,
1690 5295 1748 5347 in

133 5400 231 5452 quo
251 5386 466 5455 possitis
488 5385 668 5439 omnia
679 5384 869 5454 jacula
894 5385 1204 5453 nequissimi
1221 5385 1378 5453 ignea
1402 5387 1744 5456 extingue-re:

133 5482 178 5530 et
207 5478 416 5546 galeam
440 5477 632 5532 salutis
668 5479 911 5548 accipite,
952 5481 1002 5531 et
1041 5477 1289 5545 gladium
1317 5478 1574 5547 Spiritus,
1604 5480 1750 5549 quod

131 5575 204 5622 est
233 5571 463 5625 Verbum
490 5573 608 5633 Dei,
649 5586 750 5641 per
789 5586 993 5624 omnem
1015 5573 1307 5624 orationem
1351 5575 1402 5624 et
1430 5571 1744 5626 obsecratio-

134 5677 248 5716 nem
269 5664 508 5717 radicati
531 5668 580 5718 et
602 5663 830 5731 fundati
854 5665 911 5717 in
937 5663 1130 5718 solatio
1155 5665 1395 5731 fratrum
1415 5679 1517 5734 pro
1544 5665 1750 5723 Christo

133 5757 250 5809 Iesu
273 5758 492 5811 Domino
521 5761 702 5812 nostro
731 5756 907 5826 (Hebr.
930 5773 998 5826 x;
1025 5757 1219 5827 Ephes.
1241 5756 1340 5827 vi).

203 5849 305 5906 Sed
331 5854 382 5907 et
409 5864 572 5915 nunc,
605 5851 828 5920 fratres,
873 5849 1299 5908 commendamus
1325 5865 1417 5908 vos
1444 5865 1620 5908 omnes
1641 5854 1747 5909 Do-

1841 4741 1996 4791 ctum
2021 4736 2294 4790 Joannem
2333 4733 2392 4788 in
2413 4733 2536 4804 jam
2565 4731 2713 4786 dicto
2741 4731 2882 4786 libro
2905 4731 3124 4786 locutus
3151 4735 3255 4802 est,
3289 4731 3464 4802 replia

1843 4845 1998 4896 cans,
2033 4828 2123 4882 aio
2155 4843 2169 4883 :
2207 4829 2432 4885 Veniam
2465 4831 2515 4881 et
2551 4826 2764 4880 movebo
2801 4824 3183 4880 candelabrum
3224 4828 3375 4878 tuum
3402 4823 3470 4882 de

1845 4923 1954 4977 loco
1975 4937 2090 4985 suo,
2123 4923 2234 4977 nisi
2251 4922 2621 4992 paenitentiam
2640 4921 2808 4988 egeris
2835 4919 3018 4989 (Apoc.
3049 4919 3128 4985 ιι).
3157 4919 3282 4988 Ipse
3311 4917 3466 4973 enim

1843 5016 2024 5086 magis
2067 5019 2222 5070 tenet
2261 5014 2574 5069 doctrinam
2618 5012 2866 5080 Balaam,
2909 5011 3010 5082 qui
3049 5011 3282 5066 docebat
3307 5008 3471 5067 Baiae

1843 5109 2068 5164 mittere
2093 5107 2417 5162 scandalum
2437 5122 2626 5162 coram
2651 5103 2784 5159 ﬁliis
2805 5105 2991 5172 Israel,
3024 5101 3168 5160 sicut
3183 5103 3286 5160 iste
3306 5103 3472 5162 docet

1842 5217 1941 5256 vos
1969 5200 2341 5256 scandalizare
2369 5205 2619 5255 sanctam
2643 5204 2882 5253 matrem
2924 5199 3243 5268 Ecclesiam,
3268 5204 3326 5254 et
3346 5199 3473 5255 uni-

1845 5311 2070 5350 versum
2095 5299 2300 5349 coetum
2328 5298 2443 5348 tam
2473 5292 2847 5359 sacerdotum,
2879 5308 3048 5362 quam
3076 5291 3471 5363 religiosorum

1845 5389 2291 5445 Christianorum
2315 5392 2484 5458 atque
2508 5385 2778 5440 ﬁdelium.
2799 5385 2955 5440 Unde
2981 5389 3037 5440 et
3065 5385 3124 5440 in
3152 5385 3471 5457 supradicto

1845 5481 1990 5536 libro
2015 5481 2338 5536 continetur
2370 5479 2446 5535 ita
2478 5480 2720 5550 (semper
2745 5478 2900 5534 enim
2937 5477 3122 5550 potius
3157 5495 3254 5534 vos
3286 5479 3470 5534 verbis

1847 5574 2072 5630 Domini
2092 5573 2390 5630 Salvatoris
2407 5571 2578 5628 ferire
2595 5576 2650 5628 et
2675 5571 2877 5627 instrui
2896 5572 3083 5644 cupio,
3109 5588 3280 5644 quam
3307 5571 3467 5638 meis,

1847 5668 1980 5722 licet
2009 5673 2064 5724 et
2097 5668 2217 5740 ipsa
2252 5665 2571 5739 apostolicae
2607 5665 2956 5721 auctoritatis
2995 5666 3107 5720 sint
3129 5663 3470 5735 ponderibus

1849 5760 2038 5832 plena)
2073 5778 2086 5816 :
2133 5763 2273 5820 Novi
2299 5777 2460 5832 opera
2504 5765 2598 5816 tua
2645 5761 2934 5816 novissima
2968 5759 3136 5829 plura
3173 5753 3469 5825 prioribus.

1848 5855 1954 5913 Sed
1989 5855 2154 5911 habeo
2195 5855 2453 5912 adversus
2491 5858 2542 5910 te
2573 5869 2755 5926 pauca
2797 5851 2882 5924 [In
2917 5849 3063 5906 Edit.
3093 5847 3259 5904 Rom.
3310 5843 3468 5900 deest
