3994 6422
472 376 574 432 743

455 481 681 554 pauca],
707 482 836 552 quia
852 481 1123 552 permittis
1151 480 1426 536 mulierem
1447 483 1658 537 Iezabel
1675 523 1692 544 ,
1723 497 1842 551 qua
1863 498 1916 537 se
1945 483 2076 536 dicit
2095 494 2155 566 Α

458 577 769 646 propheten,
799 575 998 637 docere,
1034 579 1084 628 et
1122 575 1364 628 seducere
1401 589 1574 630 servos
1609 591 1769 637 meos,
1811 576 2074 641 fornicari

464 673 514 722 et
541 667 864 721 manducare
913 668 978 720 de
1014 667 1346 736 idolothytis.
1386 671 1454 724 Et
1478 668 1608 722 dedi
1645 668 1734 721 illi
1769 672 1990 737 tempus,
2015 671 2075 721 ut

457 761 827 830 paenitentiam
851 764 1054 827 ageret,
1076 764 1125 814 et
1144 775 1250 814 non
1267 761 1384 814 vult
1403 761 1658 829 paenitere
1675 776 1709 814 a
1721 761 2079 826 fornicatione

461 867 579 906 sua.
608 854 738 906 Ecce
757 867 850 920 ego
889 855 1042 906 mitto
1067 867 1183 906 eam
1213 855 1271 906 in
1311 853 1520 920 lectum,
1550 857 1600 906 et
1635 854 1732 922 qui
1752 853 2082 906 mcechantur

462 959 578 998 cum
603 959 664 997 ea
679 985 695 1006 ,
721 947 779 997 in
817 945 1214 999 tribulationem
1242 947 1558 1007 maximam,
1582 948 1692 999 nisi
1711 947 2082 1016 penitentiam

463 1039 666 1104 egerint
695 1037 763 1090 ab
799 1037 1043 1106 operibus
1080 1040 1222 1100 suis,
1263 1041 1312 1092 et
1351 1039 1490 1106 ﬁlios
1528 1038 1637 1106 ejus
1672 1041 1988 1107 interﬁciam
2025 1039 2084 1091 in

464 1133 650 1183 morte.
678 1131 748 1182 Et
784 1133 946 1182 scient
972 1145 1146 1184 omnes
1182 1131 1460 1196 Ecclesiae,
1489 1133 1619 1199 quia
1646 1146 1738 1200 ego
1774 1147 1891 1185 sum
1933 1145 2082 1184 scru—

465 1226 586 1276 tans
611 1221 774 1275 corda
813 1226 862 1275 et
890 1237 1056 1285 renes,
1088 1227 1138 1276 et
1162 1223 1300 1276 dabo
1326 1225 1610 1292 unicuique
1637 1227 1870 1277 vestrum
1899 1238 2084 1277 secun-

461 1313 591 1367 dum
627 1329 787 1382 opera
810 1318 987 1368 vestra
1031 1316 1213 1384 (Apoc.
1248 1317 1325 1384 ιι).
1356 1316 1504 1381 Haec,
1533 1315 1730 1370 fratres
1753 1357 1767 1382 ,
1799 1315 1960 1368 valde
1999 1331 2086 1367 ca-

466 1402 648 1456 venda
673 1408 823 1471 sunt,
853 1408 909 1457 et
936 1410 1216 1474 praecepta
1241 1405 1486 1472 Domini,
1519 1411 1686 1476 atque
1717 1410 1922 1458 sanctae
1943 1404 2088 1458 sedis

467 1495 780 1566 apostolicae
806 1537 820 1565 ,
875 1512 1004 1568 quea
1042 1497 1157 1550 vice
1197 1497 1422 1551 Domini
1470 1498 1765 1552 Salvatoris
1813 1497 2089 1568 legatione

467 1587 745 1658 fungitur,
775 1589 988 1642 monita
1011 1589 1253 1643 ﬁdeliter
1275 1589 1662 1660 amplectenda
1678 1595 1733 1643 et
1749 1589 2086 1660 peragenda.

469 1681 545 1735 De
575 1685 796 1748 caetero,
825 1681 1042 1750 fratres,
1085 1697 1255 1752 super
1290 1683 1592 1752 provincias
1627 1699 1790 1736 causa
1818 1682 1969 1736 unde
2013 1697 2093 1734 se-

469 1774 600 1828 dem
632 1773 990 1842 apostolicam
1021 1774 1236 1828 dudum
1263 1775 1552 1830 consulere
1581 1774 1832 1829 voluistis
1859 1774 2086 1842 [Hincm.

470 1881 556 1935 Lv,
601 1882 651 1920 c.
702 1866 809 1935 13],
862 1866 1084 1920 videtur
1125 1867 1288 1922 nobis
1325 1868 1666 1922 sufﬁcienter
1703 1871 2005 1922 tractatum
2058 1847 2166 1920 aB

471 1958 675 2012 sanctis
702 1959 1208 2028 praedecessoribus
1239 1961 1462 2015 nostris.
1494 1961 1598 2016 Sed
1628 1961 1759 2032 quia
1789 1961 1974 2014 denuo
1999 1975 2094 2013 no-

473 2055 647 2104 stram
660 2050 1103 2106 mediocritatem
1120 2053 1188 2107 de
1202 2053 1400 2108 eadem
1418 2069 1479 2107 re
1499 2053 1844 2124 interrogare
1857 2053 1908 2106 di
1918 2067 2093 2122 gnum

474 2142 730 2211 duxistis,
758 2142 948 2197 scitote
973 2149 1184 2198 certam
1219 2145 1566 2216 provinciam
1595 2163 1714 2199 esse
1735 2187 1748 2214 ,
1776 2161 1902 2216 quae
1927 2145 2096 2198 habet

475 2235 670 2290 decem
696 2235 783 2289 vel
809 2235 1074 2290 undecim
1093 2236 1360 2308 civitates,
1389 2244 1446 2294 et
1481 2254 1663 2292 unum
1689 2253 1905 2309 regem,
1934 2242 1990 2291 et
2014 2241 2096 2290 to-

475 2328 652 2382 tidem
676 2329 920 2382 minores
939 2333 1242 2400 potestates
1261 2330 1364 2384 sub
1381 2347 1460 2399 se,
1481 2334 1536 2384 et
1554 2347 1734 2384 unum
1749 2331 2093 2400 episcopum,

476 2420 724 2492 aliosque
749 2421 1142 2492 suffragatores
1163 2422 1380 2489 decem,
1402 2423 1490 2476 vel
1517 2423 1782 2476 undecim
1809 2422 2096 2492 episc0pos

469 2513 706 2584 judices,
734 2514 802 2568 ad
822 2531 1068 2584 quorum
1087 2515 1366 2585 judicium
1384 2532 1578 2570 omnes
1597 2531 1776 2569 causae
1805 2515 2096 2585 episcopo-

476 2623 626 2676 rum,
650 2611 705 2660 et
729 2607 1078 2678 reliquorum
1099 2609 1467 2678 sacerdotum,
1506 2625 1570 2662 ac
1598 2608 1886 2662 civitatum
1916 2623 2097 2661 causa:

478 2700 813 2766 referantur,
850 2705 914 2755 ut
953 2699 1023 2754 ab
1068 2700 1154 2753 his
1194 2701 1454 2755 omnibus
1490 2701 1644 2771 juste
1685 2715 1926 2754 consona
1965 2715 2097 2754 voce

478 2792 891 2861 discernantur,
935 2793 1043 2846 nisi
1085 2795 1157 2848 ad
1196 2795 1468 2864 majorem
1506 2793 1897 2848 auctoritatem
1931 2793 2099 2846 fuerit

479 2887 549 2938 ab
569 2886 658 2939 his
677 2885 775 2956 qui
789 2885 1074 2955 judicandi
1091 2891 1220 2940 sunt
1238 2887 1598 2956 appellatum.
1627 2885 1781 2940 Unde
1801 2902 1915 2938 non
1933 2901 2096 2955 opor-

481 2981 562 3032 tet
584 2983 650 3032 ut
670 2978 1029 3048 degradetur,
1057 2980 1142 3032 vel
1171 2979 1551 3033 dehonoretur
1577 2994 1932 3048 unaquaque
1961 2995 2095 3048 pro-

481 3070 680 3137 vincia,
713 3069 809 3124 sed
851 3071 1001 3140 apud
1030 3071 1389 3141 semetipsam
1417 3071 1618 3125 habeat
1647 3071 1884 3140 judices,
1917 3087 2095 3124 sacer-

483 3163 640 3217 dotes
661 3204 676 3230 ,
707 3168 762 3216 et
802 3163 1092 3234 episcopos
1129 3163 1380 3234 singulos
1411 3163 1670 3217 videlicet
1686 3163 1850 3233 juxta
1875 3163 2099 3217 ordines

483 3273 634 3310 suos.
670 3257 736 3309 Et
767 3255 1088 3326 quicunque
1119 3273 1342 3310 causam
1376 3256 1653 3326 habuerit,
1683 3273 1717 3310 a
1742 3257 1856 3310 suis
1889 3256 2097 3326 judici-

483 3349 588 3403 bus
602 3347 888 3418 judicetur
912 3348 1000 3419 (a),
1021 3355 1076 3403 et
1095 3365 1210 3403 non
1233 3349 1301 3403 ab
1325 3348 1541 3417 alienis,
1557 3349 1614 3403 id
1637 3353 1740 3418 est,
1757 3367 1789 3402 a
1808 3349 2100 3420 sueejustis

477 3441 760 3512 judicibus
785 3441 1102 3512 provinciae,
1135 3446 1189 3496 et
1217 3458 1332 3496 non
1357 3441 1425 3494 ab
1449 3442 1713 3509 externis,
1741 3442 1851 3496 nisi
1883 3447 1962 3510 (ut
1981 3441 2102 3511 jam

483 3534 841 3606 praelibatum
862 3534 962 3606 est)
983 3552 1015 3588 a
1035 3535 1298 3606 judicatis
1323 3535 1492 3588 fuerit
1509 3535 1872 3606 appellatum.
1895 3535 1951 3590 Si
1970 3551 2101 3590 vero

483 3629 542 3683 in
571 3627 821 3698 qualibet
846 3628 1132 3699 provincia
1158 3633 1296 3683 ortae
1321 3629 1534 3684 fuerint
1559 3628 1916 3699 qumstiones,
1933 3633 1988 3682 et
2010 3628 2098 3682 in-

483 3726 570 3776 ter
611 3721 787 3792 ipsius
839 3721 1140 3792 provincia;
1180 3722 1468 3794 episcopos
1517 3721 1832 3792 discrepare
1874 3720 2104 3792 cceperit

485 3815 648 3882 ratio,
696 3820 864 3885 atque
904 3813 1054 3868 inter
1095 3815 1242 3884 ipsos
1273 3815 1603 3868 dissidentes
1628 3830 1746 3868 non
1786 3813 2098 3883 conveniat,

487 3909 557 3964 ad
585 3908 860 3978 majorem
889 3911 1024 3960 tunc
1049 3907 1240 3961 sedem
1267 3907 1600 3961 referantur.
1642 3908 1710 3962 Et
1736 3907 1778 3962 si
1808 3908 1916 3962 illae
1939 3906 2102 3961 facile

487 4007 543 4056 et
557 4002 711 4072 juste
734 4015 851 4054 non
885 3999 1300 4068 discernuntur,
1334 3999 1433 4053 ubi
1465 3999 1636 4054 fuerit
1660 4000 1902 4071 synodus
1941 4015 2104 4070 regu-

485 4092 679 4148 lariter
707 4095 1068 4161 congregata,
1101 4092 1364 4146 canonice
1390 4097 1446 4146 et
1460 4092 1612 4162 juste
1631 4093 1978 4162 judicentur.
1999 4093 2103 4146 Ma-

480 4186 635 4262 jores
673 4200 802 4238 vero
836 4189 892 4238 et
929 4183 1178 4238 difﬁciles
1223 4185 1560 4256 quaestiones
1605 4186 1802 4255 [Innoc.
1833 4185 1994 4255 epist.
2023 4187 2098 4256 2],

489 4277 574 4350 (ut
605 4281 792 4331 sancta
830 4277 1070 4347 synodus
1095 4278 1320 4346 statuit,
1350 4283 1406 4332 et
1427 4279 1588 4332 beata
1613 4279 1958 4332 consuetudo
1993 4279 2104 4332 exi-

490 4371 586 4442 git)
615 4371 684 4424 ad
713 4370 903 4424 sedem
931 4371 1287 4441 apostolicam
1313 4387 1536 4442 semper
1560 4372 1891 4426 referantur.
1924 4374 2101 4428 Caete-

487 4481 615 4519 rum
639 4468 960 4518 sanctorum
997 4465 1226 4519 Patrum
1265 4469 1472 4519 statuta
1505 4469 1818 4535 sequentes,
1851 4465 2103 4535 synodali

486 4557 812 4612 auctoritate
838 4573 1033 4612 omnes
1057 4558 1156 4628 qui
1180 4558 1444 4612 adversus
1470 4559 1660 4612 Patres
1693 4541 1986 4612 armantur
2012 4559 2098 4627 (b),
2121 4569 2181 4642 D

486 4657 549 4707 ut
568 4653 798 4706 Patrum
815 4651 1098 4705 invasores
1115 4655 1170 4704 et
1195 4656 1548 4720 mactatores,
1571 4650 1809 4706 infames
1834 4667 1952 4706 esse
1977 4667 2104 4706 cen-

483 4759 670 4801 semus
701 4761 715 4800 :
745 4743 1012 4816 quoniam
1039 4759 1102 4798 ea
1127 4745 1361 4798 vulnera
1381 4785 1395 4814 ,
1427 4759 1554 4814 quae
1581 4743 1844 4798 fomentis
1881 4760 1996 4798 non
2025 4760 2102 4797 sas

484 4845 712 4909 nentur,
733 4838 882 4893 ferro
896 4836 1146 4891 abscindi
1165 4836 1252 4891 vel
1273 4835 1456 4890 curari
1473 4852 1698 4890 necesse
1714 4842 1796 4890 est
1812 4837 1870 4907 (ο)
1881 4876 1894 4891 .
1923 4837 2099 4904 Unde,

484 4933 703 5002 fratres,
738 4935 957 4986 cessent
996 4929 1222 5001 injustae
1268 4929 1676 4998 aemulationes,
1713 4933 1928 4984 cessent
1973 4930 2104 4984 insi—

485 5025 612 5094 diae,
641 5031 856 5080 cessent
879 5026 1036 5080 falsae
1080 5023 1496 5078 criminationes
1525 5065 1538 5090 ,
1567 5039 1640 5077 ne
1679 5022 1936 5076 inﬁmus
1959 5023 2104 5094 quis-

486 5134 677 5190 quam,
707 5124 938 5189 propter
986 5134 1158 5190 quem
1190 5117 1446 5173 Christus
1487 5121 1745 5170 mortuus
1770 5121 1872 5185 est,
1901 5117 2103 5170 talibus

483 5212 761 5267 laceretur
786 5211 1000 5265 insidiis
1029 5227 1042 5266 :
1071 5227 1145 5266 ne
1171 5211 1308 5279 ovis,
1336 5209 1518 5282 pretio
1542 5209 1749 5264 Christi
1773 5209 2066 5280 redempta
2084 5251 2098 5279 ,

486 5303 696 5374 lupinis
745 5319 780 5356 a
827 5303 1000 5358 fratre
1048 5304 1322 5359 saucietur
1366 5303 1667 5358 morsibus.
1719 5302 1912 5356 Merito
1967 5318 2102 5372 ergo

487 5413 654 5453 causa
699 5412 804 5450 nos
847 5397 1072 5466 respicit
1115 5396 1188 5465 [S.
1235 5398 1461 5460 Caelest.,
1503 5399 1659 5466 epist.
1705 5396 1778 5464 1],
1820 5395 1865 5449 si
1902 5396 2103 5450 talibus

486 5493 675 5546 favere
729 5488 1079 5559 coeperimus.
1122 5489 1513 5561 Corripiantur
1549 5504 1773 5560 semper
1809 5487 1958 5556 talia,
1998 5505 2103 5544 nec

485 5583 612 5654 illis,
653 5582 750 5654 qui
788 5582 907 5638 haec
944 5599 1202 5638 exercere
1239 5586 1532 5651 conantur,
1580 5587 1678 5636 aut
1724 5582 1980 5652 patribus
2017 5582 2104 5637 vel

562 5721 633 5794 (a)
665 5720 824 5776 Hadr.
857 5739 896 5789 ι,
935 5721 1040 5776 col.
1073 5722 1138 5794 tQ
1165 5722 1220 5773 et
1249 5721 1332 5787 17,
1379 5735 1448 5774 ex
1473 5718 1606 5774 Cod.
1635 5717 1870 5789 Theod.,
1899 5719 1996 5774 lib.
2025 5691 2108 5788 Ix,

484 5792 575 5854 tit.
611 5792 661 5862 1,
690 5797 868 5849 const.
904 5795 968 5847 10
995 5795 1052 5862 et
1078 5792 1164 5844 16.

559 5865 629 5940 (b)
650 5857 905 5935 'Proclus,
933 5861 1227 5932 episcopus
1250 5857 1910 5932 Constantinopolitanus,
1939 5859 2098 5933 epist.

2119 3208 2174 3282 C

1795 369 2056 430 PELAGII
2092 367 2284 429 PAPE
2318 371 2366 428 Π

3793 355 3901 412 344

2173 479 2440 535 fratribus
2496 477 2855 544 insidiantur,
2910 473 3089 529 libere
3135 470 3298 544 loqui
3337 465 3750 534 conceditur,
3797 472 3902 517 aut

2173 589 2276 644 pro
2312 573 2597 626 voluntate
2636 585 2824 624 sermo
2875 551 3119 638 proferri
3174 565 3602 638 permittatur.
3672 559 3875 629 Lique

2175 665 2408 719 omnino
2447 663 2598 734 quod
2635 661 2970 716 conniveant
3023 659 3132 714 illis
3181 658 3282 730 qui
3333 657 3478 712 talia
3541 670 3661 708 eos
3725 650 3898 723 loqui

2175 757 2544 828 permittunt;
2587 755 2858 826 quoniam
2895 765 3218 807 occurreret
3243 749 3482 816 veritas,
3535 747 3592 801 si
3651 744 3895 800 falsitas

2179 855 2235 905 et
2272 847 2551 904 calumnia
2612 847 2931 918 displiceret
2967 845 3056 900 vel
3104 845 3326 900 odium.
3384 841 3655 896 Desinat
3704 839 3900 907 igitur

2180 943 2393 997 falsitas
2430 941 2702 995 incessere
2738 939 3067 1008 veritatem;
3121 937 3348 992 desinat
3386 933 3673 1006 suspicio
3697 974 3713 998 ,
3759 947 3897 1001 quae

2175 1036 2326 1106 juste
2365 1033 2677 1104 repellitur,
2719 1031 3008 1099 insidiari;
3050 1031 3276 1084 desinat
3313 1028 3530 1083 odium
3587 1030 3657 1079 et
3689 1024 3898 1079 inimi-

2183 1127 2311 1182 citia
2352 1125 2617 1198 persequi
2655 1129 2844 1195 patres
2872 1124 2959 1178 vel
3005 1123 3244 1190 fratres;
3286 1121 3529 1176 desinat
3573 1118 3896 1189 conspira-

2184 1219 2283 1289 tio,
2312 1237 2439 1291 quae
2459 1219 2530 1272 ab
2551 1217 2812 1272 omnibus
2841 1219 2925 1270 est
2947 1214 3323 1286 repudianda,
3358 1213 3670 1268 infestare
3703 1211 3898 1281 magi-

2187 1318 2347 1366 stros.
2372 1314 2585 1367 Horum
2605 1310 2780 1380 igitur
2805 1308 3076 1363 vitiorum
3098 1311 3366 1361 auctores
3387 1305 3484 1360 vel
3501 1309 3892 1376 patratores,

2185 1422 2300 1461 non
2345 1408 2478 1459 sunt
2514 1404 2573 1457 in
2602 1403 2953 1457 accusatione
2981 1400 3324 1472 pontificum
3366 1398 3753 1468 recipiendi,
3794 1398 3892 1452 sed

2186 1498 2410 1569 penitus
2435 1495 2776 1567 repellendi:
2799 1494 3068 1566 quoniam
3083 1493 3296 1564 jubent
3315 1491 3619 1546 canonica
3644 1491 3895 1545 decreta

2189 1593 2438 1658 Patrum,
2479 1595 2542 1643 ut
2585 1588 2862 1642 accusatio
2909 1587 2998 1641 vel
3058 1585 3464 1640 testimonium
3502 1601 3740 1640 eorum
3791 1584 3895 1655 qui

2190 1683 2316 1738 odio
2354 1681 2631 1754 quoslibet
2667 1682 3065 1750 insequuntur,
3095 1678 3183 1732 vel
3222 1679 3325 1750 qui
3365 1677 3610 1732 inimici
3646 1683 3764 1732 aut
3792 1693 3893 1730 su-

2191 1776 2365 1846 specti
2402 1775 2702 1842 habentur,
2742 1772 2900 1828 nullo
2956 1771 3126 1826 modo
3163 1771 3563 1842 recipiantur.
3611 1773 3894 1835 Quorum

2189 1873 2396 1922 statuta
2431 1871 2487 1922 et
2527 1884 2629 1922 nos
2655 1868 2963 1932 ﬁrmantes,
2995 1864 3194 1920 eadem
3222 1864 3512 1919 omnibus
3553 1864 3895 1920 inviolabi-

2191 1962 2320 2016 liter
2353 1960 2560 2015 futuris
2593 1960 2943 2032 temporibus
2969 1961 3164 2015 tenere
3197 1975 3539 2013 censemus.
3573 1959 3892 2031 Quidquid

2191 2058 2379 2108 autem
2430 2069 2534 2124 per
2577 2039 2683 2107 hac
2719 2069 2886 2107 causa
2941 2059 3128 2124 patres
3171 2051 3360 2106 nostri
3418 2052 3896 2107 decernendum

2193 2148 2403 2202 duxere
2427 2146 2684 2216 dignum,
2714 2151 2779 2200 ut
2804 2146 3091 2214 condecet,
3125 2159 3360 2200 necesse
3389 2150 3505 2214 est,
3537 2162 3694 2200 cum
3727 2147 3894 2201 labe-

2192 2239 2386 2294 factari
2403 2240 2490 2293 vel
2507 2239 2783 2293 infirmari
2801 2240 3053 2310 coeperit,
3076 2239 3395 2310 apostolica
3428 2239 3646 2294 denuo
3679 2245 3896 2294 aucto-

2192 2333 2358 2386 ritate
2399 2332 2616 2386 firmari
2665 2349 2728 2386 ac
2771 2331 3052 2400 renovari,
3086 2331 3493 2402 fratribusque
3530 2333 3698 2388 dari.
3753 2335 3896 2389 Data

2194 2424 2454 2480 Kalendis
2478 2423 2656 2480 Martii
2683 2410 2832 2478 anno
2862 2425 2930 2493 (εἰ)
2965 2423 3189 2478 Domini
3219 2427 3349 2493 587,
3379 2424 3739 2481 indictione
3775 2431 3831 2481 5.

2435 2551 2820 2597 OBSERVATIO
2863 2553 3126 2597 PHILIPPI
3170 2554 3399 2609 LABBE,
3455 2555 3518 2598 S.
3573 2556 3630 2600 J.

2255 2633 2460 2680 Tomol
2501 2631 2834 2680 Bibliotheca
2868 2643 3017 2680 nova:
3060 2645 3184 2680 mss.
3213 2631 3489 2681 librorum
3528 2635 3898 2686 exhibuimus

2194 2707 2457 2756 nunquam
2476 2695 2692 2741 antehac
2709 2693 3022 2754 publicatam
3037 2694 3420 2756 episcoporum
3435 2697 3901 2749 Autissiodorcn-

2196 2755 2334 2819 sium:
2349 2755 2611 2819 historiam
2635 2757 2783 2819 cujus
2811 2769 2926 2816 cap.
2956 2759 3013 2802 19
3035 2755 3236 2819 haecde
3261 2757 3533 2819 Aunario,
3562 2760 3687 2808 sive
3712 2764 3896 2810 Anna-

2199 2817 2653 2883 cbariqhabcutur
2677 2817 2810 2883 inter
2825 2821 3045 2883 caetera;
3071 2833 3108 2883 (ς
3125 2817 3345 2866 Exstant
3367 2817 3606 2883 qupque
3643 2824 3896 2883 epistolae

2197 2879 2388 2939 Pelagii
2403 2892 2546 2946 papa:
2565 2879 2634 2946 ad
2647 2879 2888 2946 eumdem
2905 2879 3258 2946 beatissimum
3274 2879 3634 2946 pontificem,
3659 2879 3696 2946 ri
3705 2899 3896 2934 uarum

2195 2955 2350 2988 unam
2377 2941 2536 2988 nimia
2559 2945 2814 2988 vetustate
2847 2940 3098 2988 fuscaturu
3129 2940 3196 2988 ab
3225 2940 3569 2992 authenticis
3613 2940 3891 2996 librorum

2195 3015 2518 3064 nequaquam
2552 3003 2774 3066 pleniter
2811 3001 3083 3066 extrahere
3128 3003 3404 3066 voluimus
3453 3005 3604 3066 (haec
3642 3007 3794 3056 forte
3823 3015 3896 3058 est

2197 3078 2348 3133 quam
2387 3063 2834 3133 ’supra’edidimus
2858 3063 3042 3133 ordine
3072 3069 3317 3133 quartam
3343 3063 3532 3128 [διήλ.
3557 3069 3693 3133 Διιι-ιζ.
3727 3071 3896 3133 705]>,

2197 3115 2407 3198 alterum
2433 3115 2556 3198 v'fro
2582 3126 2701 3198 huic
2731 3125 2876 3198 operi
2903 3115 3234 3198 inserendam
3267 3115 3850 3198 diguuin‘duxiinus:

2261 3188 2408 3235 Plura
2434 3187 2496 3234 ab
2519 3187 2702 3234 eodem
2737 3185 2958 3235 A’unario
2986 3188 3312 3236 sanctissime
3333 3185 3602 3240 instituta
3626 3194 3789 3243 circa
3810 3208 3894 3243 ro-

2197 3250 2446 3310 gationes,
2477 3249 2692 3302 litanias.
2716 3249 3020 3311 vigiliasque
3049 3250 3242 3298 deinde
3265 3251 3463 3300 recitat
3489 3267 3504 3311 ;
3542 3259 3672 3303 tum
3712 3256 3785 3304 de
3815 3271 3899 3310 sv-

2197 3313 2530 3381 nodoLquam
2559 3317 2736 3372 postea
2755 3310 3007 3381 integrum
3030 3310 3545 3381 repraesentabimus
3567 3316 3702 3381 hinc
3731 3311 3899 3381 subji-

2199 3373 2268 3439 cit
2296 3387 2312 3439 ξ
2349 3371 2576 3439 Denique
2598 3371 2937 3439 congregavit
2962 3371 3321 3422 venerabilem
3343 3377 3638 3439 synodum
3668 3380 3730 3428 in
3763 3371 3897 3430 urbe

2199 3432 2658 3506 Antissipdorensi,
2687 3434 2778 3505 ubi
2805 3432 3409 3506 plurima'pertractans
3443 3439 3535 3506 de_
3557 3443 3750 3506 salute
3773 3457 3896 3506 φοι

2198 3497 2308 3562 puli
2340 3495 2438 3562 sibi
2467 3495 2751 3562 commissi.
2789 3495 3086 3562 necessaria
3113 3511 3337 3562 quaeque
3364 3503 3420 3549 et
3446 3501 3621 3552 valde
3660 3495 3824 3555 utilia
3845 3506 3900 3556 in

2201 3557 2258 3607 Ui
2293 3557 2528 3622 capitulis
2552 3557 2869 3620 perstrinxit,
2895 3561 2998 3606 etc.

2771 3699 3095 3756 EPISTOLA
3137 3700 3250 3757 νιι.

2202 3822 2480 3862 EXEHPLAR
2527 3822 2859 3862 LITTERARUM
2908 3823 3122 3864 PELAGII
3171 3825 3325 3864 ΡΑΡΒ
3375 3826 3552 3870 URBIS
3599 3832 3788 3877 non
3827 3837 3897 3877 AD

2401 3890 2685 3934 AUNARIUM
2722 3893 3269 3936 ANTISSIODORENSEM
3306 3897 3654 3944 EPISCOPUH
3663 3931 3681 3946 .

2271 4000 2638 4056 Dilectissimo
2663 4001 2822 4056 fratri
2845 4004 3096 4058 Aunario
3123 4004 3412 4076 Pelagius.

2269 4094 2550 4157 Quantum
2591 4096 2702 4150 Deo
2749 4097 2986 4166 placitos
3039 4097 3189 4152 sedis
3241 4102 3590 4170 apostolicae
3647 4123 3899 4165 venera-

2199 4185 2352 4240 tione
2379 4203 2476 4241 vos
2503 4187 2733 4243 redditis
2753 4231 2766 4258 ,
2795 4193 2954 4244 tanto
2991 4191 3413 4248 commodatior
3439 4195 3556 4263 illi,
3603 4203 3791 4274 cujus
3820 4220 3898 4258 se-

2202 4279 2298 4334 des
2317 4285 2420 4346 est,
2439 4279 2503 4336 ﬁt
2525 4287 2726 4336 vestrm
2753 4282 2958 4359 fidugia
2984 4283 3311 4355 charitatis;
3345 4303 3459 4343 nec
3489 4290 3686 4348 aliter
3718 4313 3892 4351 unam

2201 4372 2492 4444 solamque
2520 4375 2616 4429 Dei
2648 4375 2987 4430 conﬁtemur
3011 4377 3324 4434 Ecclesiam
3349 4422 3365 4450 ,
3407 4382 3530 4437 nisi
3573 4402 3804 4446 omnes
3830 4389 3894 4444 ad

2200 4471 2420 4536 petram
2457 4483 2628 4537 super
2662 4483 2834 4539 quam
2861 4469 3093 4524 fundata
3122 4476 3208 4525 est
3233 4471 3378 4527 fides
3424 4477 3744 4538 catholica
3770 4500 3895 4538 con-

2203 4561 2488 4613 struamur
2518 4575 2532 4612 :
2561 4565 2796 4631 propter
2828 4562 2981 4632 quod
3023 4561 3354 4620 Dilectionis
3395 4572 3521 4623 tuae
3572 4573 3894 4632 desideriis

2201 4651 2462 4705 successit
2494 4651 2742 4720 effectus,
2785 4657 2840 4708 et
2887 4655 3142 4710 celeritas
3186 4655 3414 4729 facilis;
3481 4663 3636 4734 quia
3684 4685 3896 4724 eorum

2201 4743 2516 4798 sanctuaria
2540 4751 2898 4816 quaeruntur,
2923 4765 2956 4802 a
2982 4749 3192 4820 quibus
3219 4751 3607 4826 principibus
3637 4763 3895 4836 sumpsit

2201 4837 2522 4908 praedicatio
2557 4839 2805 4894 veritatis
2845 4843 3168 4898 exordium.
3210 4845 3377 4908 Quod
3404 4863 3552 4905 vero
3587 4853 3656 4908 in
3688 4859 3893 4912 vestris

2201 4929 2528 5000 regionibus
2567 4932 2856 4989 abundare
2895 4934 3156 4991 indicatis
3195 4939 3474 4996 ecclesias
3503 4961 3731 5018 novas,
3774 4969 3892 5024 gra-

2201 5023 2448 5078 tulanter
2501 5025 2840 5096 suscipimus
2866 5069 2880 5098 ,
2940 5031 3136 5085 tamen
3188 5030 3236 5084 si
3287 5033 3554 5092 scienter
3607 5023 3890 5114 expetere

2201 5115 2452 5170 studium
2488 5119 2834 5188 prophetica;
2871 5121 3021 5176 vocis
3059 5123 3451 5197 amplecteris,
3499 5139 3780 5203 quaerite
3810 5140 3890 5193 fa-

2201 5210 2343 5264 ciem
2371 5209 2492 5280 ejus
2518 5227 2761 5282 semper.
2793 5213 3080 5277 Quantum
3105 5232 3366 5289 namque
3394 5221 3701 5284 humanis
3731 5233 3892 5288 intel-

2199 5301 2436 5356 lectibus
2452 5303 2856 5360 incarnationis
2873 5307 3101 5363 Domini
3123 5310 3311 5366 nostri
3333 5315 3560 5374 veritas
3593 5327 3889 5394 aperitur,

2201 5399 2354 5450 tanto
2379 5397 2622 5467 amplius
2649 5402 2704 5452 et
2734 5399 3048 5455 honoratur
3085 5407 3144 5456 et
3194 5405 3431 5462 colitur.
3477 5411 3658 5471 Sicut
3699 5425 3890 5475 autem

2200 5505 2296 5542 vos
2322 5490 2524 5561 cupitis
2551 5491 2665 5545 Deo
2688 5493 2894 5547 nostris
2923 5495 3280 5552 orationibus
3311 5509 3775 5582 commendari,
3804 5531 3891 5568 vos

2201 5582 2370 5636 etiam
2395 5583 2600 5638 nostris
2630 5585 3058 5643 necessitatibus
3083 5595 3140 5645 ct
3165 5595 3460 5664 angustiis
3478 5639 3494 5669 ,
3543 5604 3782 5674 quibus
3807 5609 3886 5663 in-

2200 5717 2269 5775 ad
2296 5717 2580 5776 Damnum
2611 5724 2736 5778 Ant.

2276 5793 2339 5870 (et
2363 5794 2580 5870 congii.
2599 5793 2761 5870 Rom.
2783 5810 2865 5870 v1,
2882 5795 2987 5852 sub
3019 5794 3390 5870 Symmacho.

2275 5863 2346 5934 (ἀ)
2377 5865 2437 5920 In
2466 5862 2609 5920 Edit.
2642 5867 2804 5922 Rom.
2833 5862 2989 5923 deest
3012 5862 3151 5926 anni
3177 5875 3463 5948 ascriptio
3482 5921 3500 5951 ,
3535 5888 3602 5942 et
3635 5897 3820 5949 recte.
