3994 6398
142 337 240 392 745

1414 353 1750 416 EPISTOLAE
1787 357 1871 416 ET
1907 355 2234 417 DECRETA.

3389 361 3490 417 746

139 443 486 556 cessabiliter
554 464 858 508 oneramur
881 497 894 523 ,
961 455 1377 517 intercessionis
1438 467 1770 523 continuum
1791 468 2104 556 Ascientes
2145 484 2203 522 se
2220 467 2290 520 ad
2329 465 2708 536 episcopatum
2745 479 2848 520 nec
2893 467 3076 534 aetate,
3105 479 3210 519 nec
3238 465 3490 536 scientia,

137 537 275 592 ferte
304 540 576 596 solatium
617 549 860 617 orantes,
890 553 946 603 et
976 551 1404 626 quibuscumque
1451 560 1643 615 valetis
1684 562 1766 615 vi-

136 629 286 684 ribus
323 631 383 685 id
412 639 670 706 agentes,
712 644 988 710 quatenus
1031 646 1174 700 sicut
1218 650 1600 718 praedicationi
1627 656 1768 709 sedis

136 723 453 791 apostolicae
482 733 819 800 consonatis,
848 734 925 788 ita
952 736 1072 806 ejus
1099 740 1220 808 paci
1242 745 1423 796 vestra
1450 745 1768 815 impetratio

132 817 486 908 congaudeat
513 824 571 873 et
597 823 792 893 quieti.
821 827 968 881 Deus
997 835 1051 884 te
1078 831 1423 889 incolumem
1459 839 1762 908 custodiat,

134 906 302 960 frater
353 909 707 970 charissime.
763 919 966 973 Datum
1011 924 1193 992 pridie
1239 928 1469 982 Kalend.
1527 906 1765 986 Novem;

131 997 336 1068 brium,
366 1001 689 1074 imperante
740 1009 1258 1082 dominoMauricio
1301 1020 1518 1076 Tiberio
1557 1023 1764 1095 imper.

133 1092 406 1161 Augusto,
442 1111 596 1152 anno
623 1103 674 1166 5,
708 1101 1012 1161 indictione
1041 1111 1091 1162 5.

629 1233 939 1292 DECRETA
977 1240 1262 1298 PELAGII.

357 1359 426 1397 EX
453 1360 726 1404 GRATIANO
757 1367 875 1412 QUAE
904 1369 1143 1412 SECUNDO
1167 1374 1525 1416 TRIBUUNTUR.

864 1463 1023 1519 'VIII.

195 1543 454 1616 Pelagius
479 1564 631 1618 papa
649 1552 949 1610 Antoninae
977 1559 1242 1630 patriciae,
1276 1567 1333 1615 et
1361 1565 1558 1620 Deciae.

203 1635 279 1690 De
327 1641 702 1708 praesentium
749 1648 1046 1718 portitore,
1102 1654 1252 1722 quod
1289 1655 1546 1712 defensor
1581 1659 1760 1715 factus

137 1744 243 1782 non
268 1735 368 1797 est,
415 1733 579 1786 nulla
617 1736 772 1790 vobis
821 1740 994 1795 animi
1039 1745 1292 1800 molestia
1328 1749 1417 1815 sit,
1462 1751 1593 1820 quia
1632 1769 1760 1808 vere

1867 577 1972 616 nec
1998 562 2128 615 vitae
2158 559 2373 614 meritis
2398 574 2557 628 posse
2584 558 2838 629 perduci,
2875 558 2945 611 ad
2966 558 3072 612 hoc
3100 561 3491 614 tantummodo

1868 653 2178 724 inquietare
2204 652 2507 707 Ecclesiam
2535 651 2747 720 volunt,
2777 655 2842 705 ut
2884 651 2988 704 sibi
3013 651 3081 705 de
3130 651 3236 720 his,
3271 669 3397 722 quae
3424 668 3494 707 ex

1868 747 1989 816 ipsa
2014 749 2361 816 prmsumpta
2381 749 2530 813 sunt,
2546 744 2940 815 impunitatem
2956 743 3182 797 futurus
3199 745 3494 814 promittat

1869 839 2176 909 episcopus,
2211 844 2266 892 et
2293 838 2389 891 ﬁat
2431 837 2642 908 rapinae
2673 837 2960 905 securitas,
2992 837 3346 906 episcopatus
3376 854 3492 892 am-

1867 931 2038 1000 bitio;
2069 932 2174 985 hoc
2200 931 2368 985 etiam
2399 947 2491 983 vos
2524 929 2787 983 duximus
2813 930 3271 997 commonendos,
3301 935 3364 984 ut
3391 930 3486 984 de-

1867 1029 2087 1078 cretum
2130 1025 2190 1078 in
2216 1023 2496 1093 Elpidium
2542 1023 2843 1076 diaconum
2893 1023 3124 1091 factum,
3153 1026 3208 1075 et
3243 1022 3485 1076 subscri-

1866 1121 2029 1187 ptum
2054 1117 2123 1170 ab
2150 1116 2428 1182 omnibus,
2457 1132 2595 1185 quos
2625 1121 2800 1169 vestra
2827 1115 3026 1169 relatio
3052 1114 3385 1184 designavit,
3417 1115 3489 1169 ad

1865 1226 1971 1264 nos
1999 1226 2129 1264 cum
2156 1208 2408 1280 praedicti
2434 1209 2732 1262 visitatoris
2760 1207 3012 1278 epistola,
3048 1210 3103 1262 et
3128 1223 3259 1261 cum
3289 1209 3488 1262 eodem

1865 1302 2099 1356 diacono
2144 1301 2456 1369 maturetis,
2488 1301 2599 1353 Deo
2646 1301 3004 1370 propitiante,
3037 1301 3361 1370 perducere.
3417 1304 3488 1355 Et

1861 1401 1982 1464 post
1996 1411 2194 1465 pauca.
2223 1396 2365 1448 Cum
2402 1394 2576 1464 igitur
2601 1393 2712 1446 huc
2747 1393 2896 1447 ﬁlius
2927 1397 3116 1446 noster
3147 1393 3482 1463 magniﬁcus

1861 1487 1947 1540 vir
1981 1488 2086 1542 Leo
2133 1492 2341 1558 praator
2382 1486 2642 1554 venisset,
2690 1486 2883 1540 retulit
2919 1485 3080 1539 nobis
3133 1486 3201 1540 de
3245 1486 3482 1556 singulis

1860 1595 1988 1650 quae
2009 1580 2089 1634 ibi
2119 1585 2270 1633 mota
2290 1583 2441 1646 sunt,
2470 1583 2526 1632 et
2553 1578 2836 1649 quomodo
2863 1580 2990 1632 vota
3015 1594 3191 1648 prope
3218 1579 3386 1631 totius
3411 1579 3484 1632 ci-

1859 1672 2045 1725 vitatis
2071 1671 2130 1724 in
2177 1671 2390 1741 Elpidio
2422 1670 2656 1724 diacono
2705 1671 3131 1724 concordarent.
3163 1671 3318 1724 Unde
3347 1671 3481 1740 quia

1859 1763 1927 1817 de
1975 1764 2269 1817 memorati
2294 1763 2397 1816 viri
2440 1762 2760 1816 testimonio
2792 1763 3049 1816 dubitare
3087 1762 3318 1815 omnino
3363 1779 3479 1816 non

136 1821 258 1925 ξίξῖξδ
283 1824 704 1925 αξιξειῐξίὶεδίῐξξυξῐ]
743 1830 923 1925 habeo
963 1835 1031 1888 de
1058 1835 1164 1889 isto
1206 1841 1492 1909 proposito
1519 1845 1585 1897 ad
1617 1844 1830 1915 illudB
1855 1871 2172 1925 possumus,
2204 1855 2429 1920 idcirco,
2459 1854 2601 1908 sicut
2643 1856 2854 1908 dictum
2899 1859 3000 1920 est,
3032 1855 3310 1924 Elpidium
3357 1855 3476 1908 dia-

137 1912 266 1979 [.4l.,
294 1915 470 1985 aliud]
515 1920 767 1975 ofﬁcium
816 1924 1074 1981 homines
1122 1930 1340 2001 deduci,
1373 1934 1431 1986 in
1461 1951 1572 2005 quo
1597 1937 1752 1991 nullo

135 2006 293 2059 modo
330 2024 460 2078 quae
487 2027 522 2063 a
547 2015 836 2068 monachis
886 2018 999 2074 Deo
1049 2023 1326 2090 promissa
1370 2031 1502 2080 sunt
1537 2029 1755 2084 valeant

136 2097 444 2168 adimpleri.
506 2103 846 2161 Omnimoda
892 2111 1045 2164 enim
1090 2118 1173 2167 est
1217 2115 1368 2170 illius
1420 2119 1644 2175 habitus
1697 2126 1754 2177 et

137 2190 283 2244 istius
311 2192 479 2248 ofﬁcii
527 2196 840 2254 diversitas.
874 2202 986 2256 Illic
1017 2205 1167 2259 enim
1207 2210 1386 2278 quies,
1417 2213 1614 2281 oratio,
1666 2216 1748 2268 la-

135 2281 230 2335 bor
252 2300 530 2340 manuum
560 2306 576 2356 ;
606 2295 663 2342 at
689 2291 780 2344 hic
808 2310 1103 2351 causarum
1129 2301 1393 2370 cognitio,
1423 2308 1746 2360 conventio-

135 2390 242 2441 nes,
271 2382 443 2446 actus,
473 2381 699 2449 publica
728 2384 924 2455 litigia,
957 2393 1011 2441 et
1062 2406 1412 2464 quaecunque
1439 2398 1525 2450 vel
1571 2401 1745 2454 eccle-

137 2467 345 2522 siastica
371 2471 650 2542 instituta,
691 2479 778 2530 vel
807 2480 1246 2550 supplicantium
1292 2490 1590 2544 necessitas
1617 2509 1744 2562 pos-

136 2559 215 2612 sit.
250 2561 426 2617 Faciat
453 2571 650 2620 autem
689 2569 832 2624 Deus
862 2578 926 2626 ut
952 2574 1088 2628 tales
1119 2577 1232 2631 sint
1256 2578 1317 2632 hi
1339 2581 1436 2650 qui
1465 2584 1549 2636 vel
1579 2559 1746 2640 a—no-

135 2651 211 2704 bis
251 2653 308 2708 in
358 2656 463 2710 isto
501 2659 705 2714 habitu
750 2663 1108 2736 nutriuntur,
1157 2671 1240 2724 vel
1288 2671 1345 2725 in
1396 2678 1747 2732 monasteriis

136 2755 396 2820 crescunt,
435 2756 501 2805 ut
548 2759 809 2821 provecta
839 2760 1002 2813 aetate
1027 2765 1083 2814 et
1108 2761 1219 2815 vita
1256 2765 1493 2833 probata
1522 2785 1634 2823 non
1677 2772 1747 2825 ad

134 2836 430 2908 litigiorum
455 2845 660 2913 ofﬁcia,
693 2847 791 2902 sed
820 2849 892 2903 ad
931 2854 1308 2910 sacerdotium
1343 2859 1563 2917 valeant
1608 2879 1743 2934 pro-

135 2934 351 2988 moveri.

905 3014 988 3069 IX.

196 3107 445 3180 Pelagius
473 3129 622 3185 papa
651 3115 970 3174 Florentino
997 3122 1277 3196 episcopo.
1303 3127 1408 3190 Qui
1434 3133 1560 3199 post
1587 3147 1739 3185 mor-

133 3201 257 3268 tem,
284 3207 388 3257 etc.

194 3291 574 3354 Fraternitatis
600 3304 714 3355 tuae
741 3303 1009 3362 relatione
1038 3315 1310 3382 suscepta,
1344 3314 1463 3384 ejus
1496 3315 1737 3371 latorem

133 3387 385 3443 secundas
410 3392 644 3462 quidem
670 3397 914 3469 nuptias,
941 3406 1237 3471 expertum
1262 3421 1380 3461 non
1405 3408 1573 3463 fuisse
1599 3409 1738 3464 didi-

132 3475 299 3533 cimus
324 3498 342 3549 ;
373 3485 685 3542 castitatem
704 3493 892 3545 tamen
915 3508 1047 3547 eum
1077 3495 1216 3565 [Αι.,
1243 3499 1393 3570 cum]
1422 3502 1595 3571 priori
1622 3520 1736 3558 non

132 3583 378 3642 servasse,
412 3579 681 3650 conjugio
707 3582 1031 3652 designasti.
1062 3589 1127 3642 Et
1154 3593 1408 3660 quamvis
1431 3595 1606 3649 multa
1626 3596 1738 3651 sint

129 3665 324 3758 qutein
349 3668 676 3740 hujusmodi
706 3676 922 3732 casibus
947 3679 1229 3736 observari
1257 3687 1520 3741 canonice
1538 3688 1736 3758 jubeat

130 3755 467 3852 sublimitatis
499 3765 637 3836 (AL,
664 3768 1004 3842 subtilitatis]
1032 3777 1348 3846 auctoritas,
1381 3755 1571 3835 tamen
1604 3783 1735 3852 quia

130 3845 358 3907 defectus
397 3863 728 3915 nostrorum
766 3867 1110 3937 temporum,
1155 3869 1360 3940 quibus
1406 3889 1521 3927 non
1551 3845 1732 3930 solum

129 3943 333 4036 merita,
360 3949 455 4004 sed
480 3968 716 4024 corpora
756 3955 882 4026 ipsa
922 3958 1219 4016 hominum
1268 3964 1611 4036 defecerunt,
1642 3968 1728 4022 di-

128 4033 408 4094 strictionis
431 4042 580 4099 illius
600 4063 714 4101 non
733 4050 948 4120 patitur
972 4052 1031 4106 in
1057 4055 1318 4111 omnibus
1348 4075 1576 4114 manere
1599 4033 1730 4117 Icen-

129 4140 321 4201 suram,
351 4138 407 4189 et
432 4141 568 4192 aetas
591 4139 774 4210 istius,
805 4143 873 4198 de
892 4161 1004 4216 quo
1031 4148 1240 4218 agitur,
1255 4150 1469 4213 futurae
1495 4153 1728 4210 inconti-

125 4223 316 4278 nentiae
335 4229 706 4300 suspicionem
730 4235 950 4292 auferre
977 4239 1354 4314 dignoscitur;
1373 4249 1438 4300 ut
1457 4244 1529 4300 ad
1551 4247 1726 4302 diaco-

126 4318 306 4412 natum
352 4324 524 4389 possit
566 4328 823 4399 provehi,
860 4331 1205 4403 temporum,
1248 4341 1314 4390 ut
1355 4337 1566 4394 dictum
1623 4345 1723 4412 est,

126 4407 612 4473 condescendentes
666 4420 906 4478 defectui
956 4427 1288 4484 concessisse
1337 4447 1440 4486 nos
1482 4407 1722 4489 noveris;

125 4496 186 4597 Et
213 4499 378 4568 infra.
425 4509 718 4567 Miscenam
767 4515 903 4584 [Al.,
953 4518 1232 4591 Micinam]
1287 4540 1418 4578 vero
1464 4525 1724 4581 ancillam

125 4596 253 4662 eJuS,
279 4596 345 4651 de
370 4617 477 4671 qua
504 4611 629 4674 post
653 4609 953 4666 transitum
979 4615 1168 4668 uxoris
1193 4615 1336 4671 ﬁlios
1365 4618 1572 4674 habere
1600 4637 1728 4675 con-

125 4680 285 4784 fessus
302 4698 410 4784 est,
429 4696 719 4772 jubemus,
751 4708 813 4758 ut
830 4707 927 4759 tua
944 4706 1310 4778 dispositione
1335 4711 1598 4784 cuiquam
1613 4731 1729 4769 mo-

125 4779 350 4838 nasterio
375 4792 786 4850 continentium
808 4800 1127 4868 professura
1155 4803 1430 4860 tradatur.

885 4921 944 4974 X.

186 4999 429 5102 Pelagius
455 5029 597 5088 papa
623 5017 768 5075 clero
800 5021 1102 5080 Catinensi.
1155 5025 1262 5090 Qui
1299 5029 1358 5084 in
1397 5030 1721 5102 episcOpum

125 5089 352 5171 eligitur,
390 5110 495 5162 etc.

185 5187 325 5289 Talia
339 5199 466 5266 quid
474 5218 562 5257 em
569 5204 915 5275 jamdudum
928 5210 998 5264 ad
1012 5211 1245 5268 fratrem
1257 5219 1312 5269 et
1327 5216 1722 5289 coepiscopum

124 5285 359 5376 Itostrum
388 5291 700 5368 Eucarpum
727 5301 794 5356 de
820 5303 1134 5360 visitatione
1169 5285 1480 5364 Carmensis
1528 5285 1717 5367 Eccle-

124 5384 209 5476 ξδιέ
234 5378 428 5476 Scripta
456 5387 780 5464 direximus,
800 5396 931 5451 utin
946 5398 1026 5452 eis
1038 5398 1314 5468 judicium
1337 5408 1594 5458 nostrum
1624 5422 1721 5476 po-

125 5463 352 5525 tuissetis
375 5491 693 5547 agnoscere.
720 5488 1142 5560 Verumtamen,
1166 5494 1298 5564 quia
1325 5498 1595 5565 quosdam
1639 5499 1718 5553 ibi

1761 3200 1816 3273 C

1853 1964 2057 2001 conum
2083 1948 2153 2002 ad
2178 1965 2282 2001 nos
2307 1948 2471 2001 facite
2498 1963 2824 2017 properare,
2856 1963 2958 2000 nec
2996 1948 3296 2016 expectetis
3331 1949 3475 2002 ulte-

1851 2041 1986 2108 rius,
2023 2044 2083 2094 ut
2109 2040 2418 2095 admonitio
2445 2040 2514 2092 ad
2553 2056 2684 2093 eum
2733 2043 2926 2093 nostra
2965 2040 3165 2093 debeat
3212 2039 3478 2094 destinari

1852 2117 2317 2202 [Al.,ite1‘ari3].
2369 2132 2548 2195 Quem
2590 2136 2778 2185 tamen
2830 2132 2934 2184 hoc
2973 2148 3074 2200 per
3114 2137 3357 2185 vestram
3401 2132 3480 2185 di-

1849 2223 2144 2278 lectionem
2169 2225 2228 2278 in
2253 2223 2520 2294 praesenti
2562 2224 2814 2294 jussione
2846 2223 3160 2293 specialiter
3207 2222 3476 2277 admone-

1847 2333 1994 2384 mus,
2025 2333 2097 2371 ne
2125 2317 2212 2370 cui
2244 2333 2301 2370 se
2326 2316 2536 2386 aliquid
2568 2317 2722 2383 dare,
2753 2317 2838 2369 vel
2885 2316 3149 2369 daturum
3194 2332 3312 2369 esse
3339 2333 3473 2386 pro-

1847 2409 2067 2462 mittat:
2099 2410 2194 2463 sed
2231 2425 2416 2479 neque
2446 2410 2513 2462 de
2544 2408 2924 2462 ecclesiasticis
2969 2408 3270 2477 praeteritis
3297 2409 3475 2462 causis

1846 2501 2091 2571 aliquam
2138 2501 2495 2555 securitatem
2543 2501 2807 2571 cuiquam
2860 2500 3061 2554 audeat
3107 2501 3310 2569 facere,
3356 2501 3469 2555 sive

1846 2595 2192 2664 promittere,
2225 2597 2323 2646 aut
2349 2593 2510 2664 quasi
2529 2593 2710 2646 factus
2740 2593 3034 2662 episcopus
3061 2609 3128 2646 ea
3169 2610 3297 2663 quae
3329 2594 3472 2648 dire-

1845 2691 1939 2756 pta
1966 2691 2096 2740 sunt
2118 2703 2231 2739 non
2257 2689 2492 2756 repetat,
2522 2685 2619 2738 sed
2646 2686 2796 2754 apud
2824 2702 2917 2739 eos
2943 2702 2974 2737 a
3009 2684 3211 2754 quibus
3253 2685 3473 2756 direpta

1845 2784 1979 2832 sunt
2003 2795 2336 2849 permanere
2363 2778 2536 2832 libere
2561 2777 2806 2848 patiatur
2829 2794 2842 2831 :
2887 2777 3064 2831 sciens
3107 2779 3260 2848 quod
3289 2779 3334 2832 si
3358 2780 3470 2833 tale

1845 2872 2060 2942 aliquid
2087 2872 2236 2939 fecit,
2278 2872 2364 2925 vel
2410 2871 2624 2937 fecerit,
2673 2886 2776 2924 nec
2800 2887 2833 2923 a
2866 2870 3026 2924 nobis
3075 2871 3310 2925 omnino
3336 2888 3466 2942 per-

1843 2964 2090 3020 mittitur
2117 2965 2304 3019 valere
2327 2963 2447 3034 ipsa
2472 2962 2790 3033 promissio,
2819 2967 2875 3016 et
2897 2979 3028 3016 cum
3046 2963 3246 3032 judicii
3266 2964 3466 3032 nostri,

1843 3057 1994 3128 quod
2038 3058 2105 3112 de
2155 3057 2276 3127 ipso
2321 3056 2641 3123 habuimus,
2683 3056 2910 3125 damno,
2959 3056 3252 3126 pastoralis
3279 3073 3468 3111 conse-

1843 3150 2104 3205 crationis
2133 3150 2391 3206 ordinem
2416 3148 2729 3221 promereri
2769 3165 2883 3203 non
2909 3149 3133 3220 poterit.

2625 3278 2709 3332 XI.

1907 3379 2166 3451 Pelagius
2205 3396 2350 3451 papa
2375 3379 2672 3433 Cresconio
2708 3377 2930 3433 illustri.
2963 3380 3037 3433 De
3082 3379 3463 3459 exactionibus

1837 3474 2246 3544 episcoporum.

1906 3566 2046 3621 Illud
2076 3571 2130 3620 te
2157 3567 2411 3620 volumus
2440 3565 2620 3619 modis
2651 3564 2913 3619 omnibus
2940 3567 3234 3633 custodire,
3263 3583 3335 3621 ne
3362 3569 3460 3638 qui

1835 3653 2222 3730 episcoporum
2248 3658 2451 3712 Siciliae
2479 3658 2545 3712 de
2559 3657 2837 3728 parochiis
2863 3658 2933 3712 ad
2961 3674 3018 3712 se
3043 3659 3456 3729 pertinentibus

1833 3751 2061 3807 nomine
2087 3751 2446 3806 cathedratici
2468 3750 2711 3821 amplius
2739 3767 2913 3821 quam
2934 3751 3070 3806 duos
3096 3751 3300 3806 solidos
3316 3769 3457 3824 pras-

1833 3850 2056 3899 sumant
2083 3845 2355 3916 accipere,
2384 3860 2569 3915 neque
2597 3845 2930 3914 compellere
2959 3845 3330 3916 presbyteros,
3359 3851 3457 3901 aut

1831 3939 2046 3994 clerum
2098 3937 2494 4010 parochiarum
2540 3953 2769 3992 suarum
2811 3954 2978 4009 supra
3003 3937 3146 3992 vires
3205 3955 3331 3993 suas
3375 3939 3454 3995 eis

1830 4031 2079 4087 convivia
2107 4047 2449 4103 praeparare.

2587 4143 2696 4198 XII.

1897 4245 2154 4316 Pelagius
2180 4261 2331 4317 papa
2357 4243 2662 4315 Benegesto
2691 4244 2990 4301 defensori.
3031 4247 3171 4301 Ante
3200 4244 3452 4317 judicem

1828 4339 2048 4394 civilem
2075 4338 2260 4393 clerici
2279 4354 2393 4392 non
2420 4342 2773 4392 accusentur.

1897 4432 2268 4504 Experientiae
2292 4437 2403 4485 tuae
2428 4431 2698 4502 prasenti
2732 4430 3061 4485 auctoritate
3090 4432 3445 4504 mandamus,

1826 4531 1889 4580 ut
1912 4527 1972 4580 in
1999 4525 2195 4592 causis,
2225 4525 2285 4578 in
2335 4524 2539 4595 quibus
2576 4523 2841 4594 quaelibet
2886 4523 3238 4578 ecclesiastici
3279 4525 3447 4579 ofﬁcii

1825 4635 2065 4693 persona
2083 4619 2203 4672 loco
2218 4617 2472 4688 petitoris
2498 4616 2702 4684 existit,
2721 4632 3062 4687 quemquam
3091 4617 3298 4671 laicum
3326 4618 3449 4688 pul-

1827 4719 2012 4768 satura
2032 4711 2181 4782 apud
2207 4727 2324 4765 suae
2358 4708 2658 4781 provinciae
2695 4709 2948 4778 judicem
2975 4726 3101 4763 suas
3128 4726 3445 4781 proponere

1826 4807 2070 4861 actiones
2096 4821 2211 4859 non
2245 4805 2485 4859 deserat.
2516 4805 2577 4857 ln
2604 4801 2671 4856 iis
2694 4819 2823 4857 vere
2851 4803 3114 4873 negotiis,
3148 4803 3206 4856 in
3242 4803 3445 4874 quibus

1825 4899 2181 4955 ecclesiastici
2233 4897 2400 4952 ofﬁcii
2452 4913 2693 4968 persona
2753 4896 3040 4967 pulsatur,
3094 4897 3264 4950 totius
3312 4897 3440 4951 sub-

1823 4999 1974 5048 moto
1999 4991 2330 5064 pulsationis
2361 4991 2667 5059 obstaculo,
2695 4989 2765 5043 ad
2786 4988 3048 5059 episcopi,
3079 4989 3164 5042 vel
3207 4989 3440 5060 presby-

1821 5093 2072 5143 terorum
2097 5087 2156 5139 in
2180 5085 2318 5152 loco,
2340 5083 2438 5138 ubi
2459 5083 2694 5154 quaestio
2721 5083 2977 5150 vertitur,
3009 5081 3442 5138 constitutorum

1822 5184 2078 5236 occurrat
2105 5178 2491 5233 indiﬁ'erenter
2516 5192 2772 5232 examen.

2579 5295 2711 5354 XIII.

1891 5403 2030 5455 Item
2052 5395 2248 5470 Sergio
2277 5396 2623 5452 cancellario.

1889 5494 1943 5549 Si
1968 5494 2265 5564 quisquam
2294 5492 2428 5561 [Al.,
2461 5490 2632 5560 idem]
2683 5489 2938 5559 clericus,
2971 5488 3084 5544 sive
3137 5490 3437 5557 inferioris,

122 5565 226 5662 lion
245 5577 374 5662 sana
398 5569 723 5649 intentione,
755 5582 850 5636 sed
889 5585 1074 5654 pravis
1121 5587 1317 5642 studiis
1347 5590 1717 5646 dissensiones
1817 5587 1930 5642 sive
1952 5586 2184 5658 potioris
2223 5585 2430 5657 gradus
2458 5584 2668 5655 petitor
2696 5584 2916 5649 cxistat,
2935 5589 2990 5638 et
3015 5587 3212 5638 contra
3241 5584 3438 5638 laicum

125 5657 390 5731 suscitare,
429 5672 605 5724 vestra
650 5673 818 5729 etiam
870 5677 1138 5735 relatione
1186 5681 1569 5755 cognovimus,
1615 5686 1712 5757 qui
1814 5697 2111 5754 personam
2139 5697 2265 5735 suas
2294 5678 2500 5750 dirigat
2524 5678 2792 5746 actiones,
2820 5677 2925 5732 iste
2962 5677 3145 5734 modis
3177 5674 3434 5731 omnibus

188 5819 209 5849 ³
235 5811 558 5884 Emendatus
578 5837 659 5888 est
669 5833 759 5890 hic
771 5835 926 5892 locus
946 5855 1015 5895 ex
1025 5840 1290 5899 Anselmo
1313 5848 1368 5900 et
1385 5845 1706 5918 Polycarpo.

460 5925 730 5997 PATROL.
777 5935 1010 6001 LXXII.

3040 5942 3118 6002 94
