  <div class='ocr_page' id='page_1' title='image "/cluster/home/n/w/nwhite01/storage/ocr_20150623/72/umn.31951002477365o/381.png"; bbox 0 0 3994 6404; ppageno 0'>
   <div class='ocr_carea' id='block_1_1' title="bbox 527 361 628 414">
    <p class='ocr_par' dir='ltr' id='par_1_1' title="bbox 527 361 628 414">
     <span class='ocr_line' id='line_1_1' title="bbox 527 361 628 414; baseline 0 0"><span class='ocrx_word' id='word_1_1' title='bbox 527 361 628 414; x_wconf 77' lang='grc'>’747</span> 
     </span>
    </p>
   </div>
   <div class='ocr_carea' id='block_1_2' title="bbox 1478 339 2898 407">
    <p class='ocr_par' dir='ltr' id='par_1_2' title="bbox 1478 339 2898 407">
     <span class='ocr_line' id='line_1_2' title="bbox 1478 339 2898 407; baseline -0.009 0"><span class='ocrx_word' id='word_1_2' title='bbox 1478 348 1739 407; x_wconf 80' lang='lat' dir='ltr'>PELAGII</span> <span class='ocrx_word' id='word_1_3' title='bbox 1774 345 1964 404; x_wconf 67' lang='grc' dir='ltr'>ΡΑΡᾹΞ</span> <span class='ocrx_word' id='word_1_4' title='bbox 1998 345 2046 402; x_wconf 86' lang='lat' dir='ltr'>Il</span> <span class='ocrx_word' id='word_1_5' title='bbox 2082 341 2418 402; x_wconf 70' lang='lat' dir='ltr'>EPISTOLIE</span> <span class='ocrx_word' id='word_1_6' title='bbox 2453 341 2538 399; x_wconf 85' lang='lat' dir='ltr'>ET</span> <span class='ocrx_word' id='word_1_7' title='bbox 2573 339 2898 398; x_wconf 79' lang='lat' dir='ltr'>DECRETA.</span> 
     </span>
    </p>
   </div>
   <div class='ocr_carea' id='block_1_3' title="bbox 3790 326 3884 380">
    <p class='ocr_par' dir='ltr' id='par_1_3' title="bbox 3790 326 3884 380">
     <span class='ocr_line' id='line_1_3' title="bbox 3790 326 3884 380; baseline 0 -1"><span class='ocrx_word' id='word_1_8' title='bbox 3790 326 3884 380; x_wconf 74' lang='grc'>’748</span> 
     </span>
    </p>
   </div>
   <div class='ocr_carea' id='block_1_4' title="bbox 527 433 3883 539">
    <p class='ocr_par' dir='ltr' id='par_1_4' title="bbox 527 433 3883 539">
     <span class='ocr_line' id='line_1_4' title="bbox 527 433 3883 539; baseline -0.01 -19"><span class='ocrx_word' id='word_1_9' title='bbox 527 483 647 522; x_wconf 89' lang='lat' dir='ltr'>non</span> <span class='ocrx_word' id='word_1_10' title='bbox 673 463 828 532; x_wconf 86' lang='lat' dir='ltr'>alibi,</span> <span class='ocrx_word' id='word_1_11' title='bbox 858 477 1032 534; x_wconf 89' lang='lat' dir='ltr'>quam</span> <span class='ocrx_word' id='word_1_12' title='bbox 1059 459 1212 532; x_wconf 89' lang='lat' dir='ltr'>apud</span> <span class='ocrx_word' id='word_1_13' title='bbox 1241 457 1545 530; x_wconf 63' lang='lat' dir='ltr'>provinciae</span> <span class='ocrx_word' id='word_1_14' title='bbox 1559 457 1816 529; x_wconf 90' lang='lat' dir='ltr'>judicem</span> <span class='ocrx_word' id='word_1_15' title='bbox 1841 453 2137 525; x_wconf 79' lang='lat' dir='ltr'>negotium</span> <span class='ocrx_word' id='word_1_16' title='bbox 2161 465 2222 539; x_wconf 72' lang='grc' dir='ltr'>Α</span> <span class='ocrx_word' id='word_1_17' title='bbox 2240 457 2352 526; x_wconf 89' lang='lat' dir='ltr'>tur,</span> <span class='ocrx_word' id='word_1_18' title='bbox 2378 458 2440 509; x_wconf 91' lang='lat' dir='ltr'>ut</span> <span class='ocrx_word' id='word_1_19' title='bbox 2477 451 2809 506; x_wconf 79' lang='lat' dir='ltr'>diaconatus</span> <span class='ocrx_word' id='word_1_20' title='bbox 2834 445 3014 519; x_wconf 80' lang='lat' dir='ltr'>possit</span> <span class='ocrx_word' id='word_1_21' title='bbox 3053 441 3322 498; x_wconf 83' lang='lat' dir='ltr'>ordinem</span> <span class='ocrx_word' id='word_1_22' title='bbox 3344 433 3625 509; x_wconf 80' lang='lat' dir='ltr'>provehi,</span> <span class='ocrx_word' id='word_1_23' title='bbox 3662 435 3883 505; x_wconf 83' lang='lat' dir='ltr'>tempo-</span> 
     </span>
    </p>
   </div>
   <div class='ocr_carea' id='block_1_5' title="bbox 529 545 2139 622">
    <p class='ocr_par' dir='ltr' id='par_1_5' title="bbox 529 545 2139 622">
     <span class='ocr_line' id='line_1_5' title="bbox 529 545 2139 622; baseline -0.009 -9"><span class='ocrx_word' id='word_1_24' title='bbox 529 575 698 613; x_wconf 90' lang='lat' dir='ltr'>suum</span> <span class='ocrx_word' id='word_1_25' title='bbox 731 557 980 611; x_wconf 89' lang='lat' dir='ltr'>dicturus</span> <span class='ocrx_word' id='word_1_26' title='bbox 1008 555 1284 610; x_wconf 84' lang='lat' dir='ltr'>occurrat.</span> <span class='ocrx_word' id='word_1_27' title='bbox 1317 550 1374 606; x_wconf 92' lang='lat' dir='ltr'>Si</span> <span class='ocrx_word' id='word_1_28' title='bbox 1407 551 1532 622; x_wconf 89' lang='lat' dir='ltr'>quis</span> <span class='ocrx_word' id='word_1_29' title='bbox 1561 554 1752 605; x_wconf 88' lang='lat' dir='ltr'>autem</span> <span class='ocrx_word' id='word_1_30' title='bbox 1777 548 1952 603; x_wconf 86' lang='lat' dir='ltr'>laicus</span> <span class='ocrx_word' id='word_1_31' title='bbox 1978 545 2139 601; x_wconf 89' lang='lat' dir='ltr'>cleri-</span> 
     </span>
    </p>
   </div>
   <div class='ocr_carea' id='block_1_6' title="bbox 529 637 2142 717">
    <p class='ocr_par' dir='ltr' id='par_1_6' title="bbox 529 637 2142 717">
     <span class='ocr_line' id='line_1_6' title="bbox 529 637 2142 717; baseline -0.007 -13"><span class='ocrx_word' id='word_1_32' title='bbox 529 667 660 704; x_wconf 89' lang='lat' dir='ltr'>cum</span> <span class='ocrx_word' id='word_1_33' title='bbox 676 649 1057 717; x_wconf 84' lang='lat' dir='ltr'>cujuscunque</span> <span class='ocrx_word' id='word_1_34' title='bbox 1083 643 1292 716; x_wconf 89' lang='lat' dir='ltr'>gradus</span> <span class='ocrx_word' id='word_1_35' title='bbox 1309 642 1531 697; x_wconf 84' lang='lat' dir='ltr'>duxerit</span> <span class='ocrx_word' id='word_1_36' title='bbox 1551 659 1671 696; x_wconf 89' lang='lat' dir='ltr'>esse</span> <span class='ocrx_word' id='word_1_37' title='bbox 1693 640 2055 712; x_wconf 83' lang='lat' dir='ltr'>pulsandum,</span> <span class='ocrx_word' id='word_1_38' title='bbox 2069 637 2142 692; x_wconf 86' lang='lat' dir='ltr'>ad</span> 
     </span>
    </p>
   </div>
   <div class='ocr_carea' id='block_1_7' title="bbox 531 731 2145 812">
    <p class='ocr_par' dir='ltr' id='par_1_7' title="bbox 531 731 2145 812">
     <span class='ocr_line' id='line_1_7' title="bbox 531 731 2145 812; baseline -0.007 -17"><span class='ocrx_word' id='word_1_39' title='bbox 531 742 926 812; x_wconf 88' lang='lat' dir='ltr'>episcoporum</span> <span class='ocrx_word' id='word_1_40' title='bbox 947 737 1228 808; x_wconf 89' lang='lat' dir='ltr'>judicium</span> <span class='ocrx_word' id='word_1_41' title='bbox 1251 736 1308 789; x_wconf 91' lang='lat' dir='ltr'>in</span> <span class='ocrx_word' id='word_1_42' title='bbox 1336 735 1541 790; x_wconf 89' lang='lat' dir='ltr'>eadem</span> <span class='ocrx_word' id='word_1_43' title='bbox 1564 733 1898 788; x_wconf 80' lang='lat' dir='ltr'>civitate’vel</span> <span class='ocrx_word' id='word_1_44' title='bbox 1927 731 2145 785; x_wconf 88' lang='lat' dir='ltr'>territo-</span> 
     </span>
    </p>
   </div>
   <div class='ocr_carea' id='block_1_8' title="bbox 529 821 2146 900">
    <p class='ocr_par' dir='ltr' id='par_1_8' title="bbox 529 821 2146 900">
     <span class='ocr_line' id='line_1_8' title="bbox 529 821 2146 900; baseline -0.007 -13"><span class='ocrx_word' id='word_1_45' title='bbox 529 833 616 887; x_wconf 89' lang='lat' dir='ltr'>rio</span> <span class='ocrx_word' id='word_1_46' title='bbox 648 831 1084 886; x_wconf 78' lang='lat' dir='ltr'>constitutorum</span> <span class='ocrx_word' id='word_1_47' title='bbox 1113 831 1399 900; x_wconf 69' lang='lat' dir='ltr'>proponat</span> <span class='ocrx_word' id='word_1_48' title='bbox 1423 844 1520 883; x_wconf 90' lang='lat' dir='ltr'>eas</span> <span class='ocrx_word' id='word_1_49' title='bbox 1545 843 1685 897; x_wconf 90' lang='lat' dir='ltr'>quas</span> <span class='ocrx_word' id='word_1_50' title='bbox 1707 841 1766 879; x_wconf 90' lang='lat' dir='ltr'>se</span> <span class='ocrx_word' id='word_1_51' title='bbox 1798 823 2009 878; x_wconf 88' lang='lat' dir='ltr'>habere</span> <span class='ocrx_word' id='word_1_52' title='bbox 2032 821 2146 876; x_wconf 80' lang='lat' dir='ltr'>exi-</span> 
     </span>
    </p>
   </div>
   <div class='ocr_carea' id='block_1_9' title="bbox 532 913 2147 988">
    <p class='ocr_par' dir='ltr' id='par_1_9' title="bbox 532 913 2147 988">
     <span class='ocr_line' id='line_1_9' title="bbox 532 913 2147 988; baseline -0.007 -10"><span class='ocrx_word' id='word_1_53' title='bbox 532 925 726 980; x_wconf 89' lang='lat' dir='ltr'>stimat</span> <span class='ocrx_word' id='word_1_54' title='bbox 750 923 1022 978; x_wconf 85' lang='lat' dir='ltr'>actiones.</span> <span class='ocrx_word' id='word_1_55' title='bbox 1053 922 1236 985; x_wconf 88' lang='lat' dir='ltr'>Quem</span> <span class='ocrx_word' id='word_1_56' title='bbox 1258 919 1522 974; x_wconf 87' lang='lat' dir='ltr'>ordinem</span> <span class='ocrx_word' id='word_1_57' title='bbox 1562 918 1784 988; x_wconf 82' lang='lat' dir='ltr'>legibus</span> <span class='ocrx_word' id='word_1_58' title='bbox 1811 932 1916 987; x_wconf 91' lang='lat' dir='ltr'>per</span> <span class='ocrx_word' id='word_1_59' title='bbox 1949 913 2147 969; x_wconf 85' lang='lat' dir='ltr'>omnia</span> 
     </span>
    </p>
   </div>
   <div class='ocr_carea' id='block_1_10' title="bbox 533 1006 2148 1084">
    <p class='ocr_par' dir='ltr' id='par_1_10' title="bbox 533 1006 2148 1084">
     <span class='ocr_line' id='line_1_10' title="bbox 533 1006 2148 1084; baseline -0.007 -13"><span class='ocrx_word' id='word_1_60' title='bbox 533 1017 987 1081; x_wconf 84' lang='lat' dir='ltr'>convenientem,</span> <span class='ocrx_word' id='word_1_61' title='bbox 1004 1018 1173 1084; x_wconf 89' lang='lat' dir='ltr'>atque</span> <span class='ocrx_word' id='word_1_62' title='bbox 1191 1015 1641 1066; x_wconf 84' lang='lat' dir='ltr'>consentaneum</span> <span class='ocrx_word' id='word_1_63' title='bbox 1654 1007 2038 1064; x_wconf 90' lang='lat' dir='ltr'>demonstrari</span> <span class='ocrx_word' id='word_1_64' title='bbox 2052 1006 2148 1060; x_wconf 87' lang='lat' dir='ltr'>illa</span> 
     </span>
    </p>
   </div>
   <div class='ocr_carea' id='block_1_11' title="bbox 532 1101 2148 1179">
    <p class='ocr_par' dir='ltr' id='par_1_11' title="bbox 532 1101 2148 1179">
     <span class='ocr_line' id='line_1_11' title="bbox 532 1101 2148 1179; baseline -0.007 -15"><span class='ocrx_word' id='word_1_65' title='bbox 532 1111 735 1179; x_wconf 89' lang='lat' dir='ltr'>regula</span> <span class='ocrx_word' id='word_1_66' title='bbox 747 1107 1094 1172; x_wconf 84' lang='lat' dir='ltr'>manifestat,</span> <span class='ocrx_word' id='word_1_67' title='bbox 1111 1122 1236 1174; x_wconf 62' lang='lat' dir='ltr'>qua:</span> <span class='ocrx_word' id='word_1_68' title='bbox 1249 1103 1518 1174; x_wconf 61' lang='lat' dir='ltr'>praecepit</span> <span class='ocrx_word' id='word_1_69' title='bbox 1539 1106 1792 1157; x_wconf 89' lang='lat' dir='ltr'>actorem</span> <span class='ocrx_word' id='word_1_70' title='bbox 1804 1101 1994 1155; x_wconf 89' lang='lat' dir='ltr'>forum</span> <span class='ocrx_word' id='word_1_71' title='bbox 2007 1115 2148 1177; x_wconf 81' lang='lat' dir='ltr'>sem-</span> 
     </span>
    </p>
   </div>
   <div class='ocr_carea' id='block_1_12' title="bbox 533 1189 2148 1273">
    <p class='ocr_par' dir='ltr' id='par_1_12' title="bbox 533 1189 2148 1273">
     <span class='ocr_line' id='line_1_12' title="bbox 533 1189 2148 1273; baseline -0.007 -18"><span class='ocrx_word' id='word_1_72' title='bbox 533 1219 638 1273; x_wconf 87' lang='lat' dir='ltr'>per</span> <span class='ocrx_word' id='word_1_73' title='bbox 665 1201 825 1271; x_wconf 86' lang='lat' dir='ltr'>sequi</span> <span class='ocrx_word' id='word_1_74' title='bbox 845 1198 1073 1269; x_wconf 86' lang='lat' dir='ltr'>pulsati.</span> <span class='ocrx_word' id='word_1_75' title='bbox 1093 1196 1320 1252; x_wconf 89' lang='lat' dir='ltr'>Clericis</span> <span class='ocrx_word' id='word_1_76' title='bbox 1340 1212 1474 1250; x_wconf 84' lang='lat' dir='ltr'>vero</span> <span class='ocrx_word' id='word_1_77' title='bbox 1505 1194 1741 1265; x_wconf 87' lang='lat' dir='ltr'>pulsatis</span> <span class='ocrx_word' id='word_1_78' title='bbox 1761 1194 1818 1247; x_wconf 89' lang='lat' dir='ltr'>in</span> <span class='ocrx_word' id='word_1_79' title='bbox 1842 1189 2148 1263; x_wconf 85' lang='lat' dir='ltr'>episcopali</span> 
     </span>
    </p>
   </div>
   <div class='ocr_carea' id='block_1_13' title="bbox 527 1287 2145 1364">
    <p class='ocr_par' dir='ltr' id='par_1_13' title="bbox 527 1287 2145 1364">
     <span class='ocr_line' id='line_1_13' title="bbox 527 1287 2145 1364; baseline -0.007 -17"><span class='ocrx_word' id='word_1_80' title='bbox 527 1294 744 1364; x_wconf 90' lang='lat' dir='ltr'>judicio</span> <span class='ocrx_word' id='word_1_81' title='bbox 769 1293 958 1346; x_wconf 87' lang='lat' dir='ltr'>forum</span> <span class='ocrx_word' id='word_1_82' title='bbox 986 1295 1328 1360; x_wconf 89' lang='lat' dir='ltr'>competere,</span> <span class='ocrx_word' id='word_1_83' title='bbox 1348 1287 1748 1359; x_wconf 84' lang='lat' dir='ltr'>principalium</span> <span class='ocrx_word' id='word_1_84' title='bbox 1773 1299 1999 1356; x_wconf 91' lang='lat' dir='ltr'>quoque</span> <span class='ocrx_word' id='word_1_85' title='bbox 2018 1299 2145 1337; x_wconf 88' lang='lat' dir='ltr'>san-</span> 
     </span>
    </p>
   </div>
   <div class='ocr_carea' id='block_1_14' title="bbox 531 1381 1434 1454">
    <p class='ocr_par' dir='ltr' id='par_1_14' title="bbox 531 1381 1434 1454">
     <span class='ocr_line' id='line_1_14' title="bbox 531 1381 1434 1454; baseline -0.007 -14"><span class='ocrx_word' id='word_1_86' title='bbox 531 1386 788 1440; x_wconf 89' lang='lat' dir='ltr'>ctionum</span> <span class='ocrx_word' id='word_1_87' title='bbox 821 1383 1085 1454; x_wconf 85' lang='lat' dir='ltr'>designat</span> <span class='ocrx_word' id='word_1_88' title='bbox 1112 1381 1434 1436; x_wconf 83' lang='lat' dir='ltr'>auctoritas.</span> 
     </span>
    </p>
   </div>
   <div class='ocr_carea' id='block_1_15' title="bbox 689 1487 1990 1549">
    <p class='ocr_par' dir='ltr' id='par_1_15' title="bbox 689 1487 1990 1549">
     <span class='ocr_line' id='line_1_15' title="bbox 689 1487 1990 1549; baseline -0.008 0"><span class='ocrx_word' id='word_1_89' title='bbox 689 1495 960 1549; x_wconf 86' lang='lat' dir='ltr'>PELAGII</span> <span class='ocrx_word' id='word_1_90' title='bbox 989 1494 1032 1547; x_wconf 92' lang='grc' dir='ltr'>Π</span> <span class='ocrx_word' id='word_1_91' title='bbox 1061 1489 1535 1546; x_wconf 82' lang='lat' dir='ltr'>EPISTOLARUM</span> <span class='ocrx_word' id='word_1_92' title='bbox 1561 1487 1990 1542; x_wconf 80' lang='lat' dir='ltr'>FRAGMENTA.</span> 
     </span>
    </p>
   </div>
   <div class='ocr_carea' id='block_1_16' title="bbox 608 1564 2148 1659">
    <p class='ocr_par' dir='ltr' id='par_1_16' title="bbox 608 1564 2148 1659">
     <span class='ocr_line' id='line_1_16' title="bbox 608 1564 2148 1659; baseline -0.009 -17"><span class='ocrx_word' id='word_1_93' title='bbox 608 1587 971 1659; x_wconf 77' lang='lat' dir='ltr'>Synodorum</span> <span class='ocrx_word' id='word_1_94' title='bbox 1011 1564 1548 1654; x_wconf 83' lang='lat' dir='ltr'>congregandarum</span> <span class='ocrx_word' id='word_1_95' title='bbox 1578 1579 1888 1634; x_wconf 88' lang='lat' dir='ltr'>auctoritas</span> <span class='ocrx_word' id='word_1_96' title='bbox 1914 1579 2148 1648; x_wconf 88' lang='lat' dir='ltr'>Aposto-</span> 
     </span>
    </p>
   </div>
   <div class='ocr_carea' id='block_1_17' title="bbox 537 1669 2152 1748">
    <p class='ocr_par' dir='ltr' id='par_1_17' title="bbox 537 1669 2152 1748">
     <span class='ocr_line' id='line_1_17' title="bbox 537 1669 2152 1748; baseline -0.009 -13"><span class='ocrx_word' id='word_1_97' title='bbox 537 1682 659 1735; x_wconf 70' lang='lat' dir='ltr'>licze</span> <span class='ocrx_word' id='word_1_98' title='bbox 682 1679 799 1734; x_wconf 88' lang='lat' dir='ltr'>sedi</span> <span class='ocrx_word' id='word_1_99' title='bbox 825 1677 1044 1748; x_wconf 89' lang='lat' dir='ltr'>privata</span> <span class='ocrx_word' id='word_1_100' title='bbox 1069 1675 1378 1730; x_wconf 90' lang='lat' dir='ltr'>commissa</span> <span class='ocrx_word' id='word_1_101' title='bbox 1406 1676 1491 1728; x_wconf 89' lang='lat' dir='ltr'>est</span> <span class='ocrx_word' id='word_1_102' title='bbox 1513 1675 1816 1743; x_wconf 88' lang='lat' dir='ltr'>potestate,</span> <span class='ocrx_word' id='word_1_103' title='bbox 1850 1686 1957 1724; x_wconf 92' lang='lat' dir='ltr'>nec</span> <span class='ocrx_word' id='word_1_104' title='bbox 1977 1669 2152 1722; x_wconf 89' lang='lat' dir='ltr'>ullam</span> 
     </span>
    </p>
   </div>
   <div class='ocr_carea' id='block_1_18' title="bbox 539 1761 2152 1844">
    <p class='ocr_par' dir='ltr' id='par_1_18' title="bbox 539 1761 2152 1844">
     <span class='ocr_line' id='line_1_18' title="bbox 539 1761 2152 1844; baseline -0.008 -17"><span class='ocrx_word' id='word_1_105' title='bbox 539 1773 820 1844; x_wconf 77' lang='lat' dir='ltr'>synodum</span> <span class='ocrx_word' id='word_1_106' title='bbox 843 1771 1174 1841; x_wconf 82' lang='lat' dir='ltr'>generalem</span> <span class='ocrx_word' id='word_1_107' title='bbox 1204 1771 1390 1821; x_wconf 89' lang='lat' dir='ltr'>ratam</span> <span class='ocrx_word' id='word_1_108' title='bbox 1417 1781 1538 1820; x_wconf 91' lang='lat' dir='ltr'>esse</span> <span class='ocrx_word' id='word_1_109' title='bbox 1569 1764 1835 1834; x_wconf 87' lang='lat' dir='ltr'>legimus,</span> <span class='ocrx_word' id='word_1_110' title='bbox 1873 1778 2000 1832; x_wconf 71' lang='lat' dir='ltr'>qua:</span> <span class='ocrx_word' id='word_1_111' title='bbox 2030 1761 2152 1830; x_wconf 85' lang='lat' dir='ltr'>ejus</span> 
     </span>
    </p>
   </div>
   <div class='ocr_carea' id='block_1_19' title="bbox 539 1856 2150 1929">
    <p class='ocr_par' dir='ltr' id='par_1_19' title="bbox 539 1856 2150 1929">
     <span class='ocr_line' id='line_1_19' title="bbox 539 1856 2150 1929; baseline -0.009 -9"><span class='ocrx_word' id='word_1_112' title='bbox 539 1883 655 1920; x_wconf 92' lang='lat' dir='ltr'>non</span> <span class='ocrx_word' id='word_1_113' title='bbox 678 1864 849 1920; x_wconf 82' lang='lat' dir='ltr'>fuerit</span> <span class='ocrx_word' id='word_1_114' title='bbox 867 1862 1202 1917; x_wconf 85' lang='lat' dir='ltr'>auctoritate</span> <span class='ocrx_word' id='word_1_115' title='bbox 1229 1861 1580 1929; x_wconf 88' lang='lat' dir='ltr'>congregata</span> <span class='ocrx_word' id='word_1_116' title='bbox 1605 1857 1863 1911; x_wconf 84' lang='lat' dir='ltr'>velfulta.</span> <span class='ocrx_word' id='word_1_117' title='bbox 1896 1856 2023 1908; x_wconf 65' lang='lat' dir='ltr'>Haec</span> <span class='ocrx_word' id='word_1_118' title='bbox 2048 1869 2150 1906; x_wconf 82' lang='lat' dir='ltr'>au-</span> 
     </span>
    </p>
   </div>
   <div class='ocr_carea' id='block_1_20' title="bbox 539 1946 2155 2018">
    <p class='ocr_par' dir='ltr' id='par_1_20' title="bbox 539 1946 2155 2018">
     <span class='ocr_line' id='line_1_20' title="bbox 539 1946 2155 2018; baseline -0.009 -6"><span class='ocrx_word' id='word_1_119' title='bbox 539 1957 770 2012; x_wconf 90' lang='lat' dir='ltr'>ctoritas</span> <span class='ocrx_word' id='word_1_120' title='bbox 794 1957 1038 2009; x_wconf 89' lang='lat' dir='ltr'>testatur</span> <span class='ocrx_word' id='word_1_121' title='bbox 1057 1951 1351 2018; x_wconf 90' lang='lat' dir='ltr'>canonica,</span> <span class='ocrx_word' id='word_1_122' title='bbox 1375 1951 1496 2004; x_wconf 86' lang='lat' dir='ltr'>haec</span> <span class='ocrx_word' id='word_1_123' title='bbox 1519 1947 1758 2002; x_wconf 87' lang='lat' dir='ltr'>historia</span> <span class='ocrx_word' id='word_1_124' title='bbox 1779 1946 2155 2002; x_wconf 89' lang='lat' dir='ltr'>ecclesiastica</span> 
     </span>
    </p>
   </div>
   <div class='ocr_carea' id='block_1_21' title="bbox 539 2042 1815 2114">
    <p class='ocr_par' dir='ltr' id='par_1_21' title="bbox 539 2042 1815 2114">
     <span class='ocr_line' id='line_1_21' title="bbox 539 2042 1815 2114; baseline -0.009 -10"><span class='ocrx_word' id='word_1_125' title='bbox 539 2050 792 2114; x_wconf 87' lang='lat' dir='ltr'>roborat,</span> <span class='ocrx_word' id='word_1_126' title='bbox 827 2048 948 2101; x_wconf 63' lang='lat' dir='ltr'>haec</span> <span class='ocrx_word' id='word_1_127' title='bbox 974 2045 1152 2100; x_wconf 90' lang='lat' dir='ltr'>sancti</span> <span class='ocrx_word' id='word_1_128' title='bbox 1178 2047 1372 2099; x_wconf 88' lang='lat' dir='ltr'>Patres</span> <span class='ocrx_word' id='word_1_129' title='bbox 1403 2042 1750 2097; x_wconf 85' lang='lat' dir='ltr'>confirmant</span> <span class='ocrx_word' id='word_1_130' title='bbox 1773 2051 1815 2092; x_wconf 78' lang='grc' dir='ltr'>ιι.</span> 
     </span>
    </p>
   </div>
   <div class='ocr_carea' id='block_1_22' title="bbox 1291 2153 1420 2207">
    <p class='ocr_par' dir='ltr' id='par_1_22' title="bbox 1291 2153 1420 2207">
     <span class='ocr_line' id='line_1_22' title="bbox 1291 2153 1420 2207; baseline -0.008 0"><span class='ocrx_word' id='word_1_131' title='bbox 1291 2153 1420 2207; x_wconf 81' lang='lat' dir='ltr'>XIV.</span> 
     </span>
    </p>
   </div>
   <div class='ocr_carea' id='block_1_23' title="bbox 610 2239 1819 2320">
    <p class='ocr_par' dir='ltr' id='par_1_23' title="bbox 610 2239 1819 2320">
     <span class='ocr_line' id='line_1_23' title="bbox 610 2239 1819 2320; baseline -0.009 -15"><span class='ocrx_word' id='word_1_132' title='bbox 610 2249 874 2320; x_wconf 83' lang='lat' dir='ltr'>Pelagius</span> <span class='ocrx_word' id='word_1_133' title='bbox 893 2249 1148 2317; x_wconf 90' lang='lat' dir='ltr'>Eucarpo</span> <span class='ocrx_word' id='word_1_134' title='bbox 1171 2244 1436 2316; x_wconf 90' lang='lat' dir='ltr'>episcopo</span> <span class='ocrx_word' id='word_1_135' title='bbox 1456 2239 1819 2296; x_wconf 88' lang='lat' dir='ltr'>Messanensi.</span> 
     </span>
    </p>
   </div>
   <div class='ocr_carea' id='block_1_24' title="bbox 611 2333 2160 2408">
    <p class='ocr_par' dir='ltr' id='par_1_24' title="bbox 611 2333 2160 2408">
     <span class='ocr_line' id='line_1_24' title="bbox 611 2333 2160 2408; baseline -0.01 -11"><span class='ocrx_word' id='word_1_136' title='bbox 611 2343 958 2398; x_wconf 90' lang='lat' dir='ltr'>Charitatem</span> <span class='ocrx_word' id='word_1_137' title='bbox 986 2339 1160 2405; x_wconf 87' lang='lat' dir='ltr'>illam,</span> <span class='ocrx_word' id='word_1_138' title='bbox 1191 2354 1306 2408; x_wconf 87' lang='lat' dir='ltr'>qua</span> <span class='ocrx_word' id='word_1_139' title='bbox 1331 2333 1701 2390; x_wconf 88' lang='lat' dir='ltr'>Dilectionem</span> <span class='ocrx_word' id='word_1_140' title='bbox 1727 2336 1886 2386; x_wconf 88' lang='lat' dir='ltr'>tuam</span> <span class='ocrx_word' id='word_1_141' title='bbox 1932 2343 2160 2399; x_wconf 86' lang='lat' dir='ltr'>semper</span> 
     </span>
    </p>
   </div>
   <div class='ocr_carea' id='block_1_25' title="bbox 543 2423 2157 2501">
    <p class='ocr_par' dir='ltr' id='par_1_25' title="bbox 543 2423 2157 2501">
     <span class='ocr_line' id='line_1_25' title="bbox 543 2423 2157 2501; baseline -0.01 -11"><span class='ocrx_word' id='word_1_142' title='bbox 543 2436 879 2501; x_wconf 91' lang='lat' dir='ltr'>amavimus,</span> <span class='ocrx_word' id='word_1_143' title='bbox 929 2431 1125 2486; x_wconf 86' lang='lat' dir='ltr'>omnia</span> <span class='ocrx_word' id='word_1_144' title='bbox 1167 2444 1438 2500; x_wconf 88' lang='lat' dir='ltr'>superare</span> <span class='ocrx_word' id='word_1_145' title='bbox 1481 2425 1795 2480; x_wconf 90' lang='lat' dir='ltr'>secundum</span> <span class='ocrx_word' id='word_1_146' title='bbox 1823 2423 2157 2493; x_wconf 82' lang='lat' dir='ltr'>Apostolum</span> 
     </span>
    </p>
   </div>
   <div class='ocr_carea' id='block_1_26' title="bbox 542 2518 2161 2593">
    <p class='ocr_par' dir='ltr' id='par_1_26' title="bbox 542 2518 2161 2593">
     <span class='ocr_line' id='line_1_26' title="bbox 542 2518 2161 2593; baseline -0.011 -10"><span class='ocrx_word' id='word_1_147' title='bbox 542 2528 847 2593; x_wconf 88' lang='lat' dir='ltr'>credimus,</span> <span class='ocrx_word' id='word_1_148' title='bbox 869 2529 928 2578; x_wconf 88' lang='lat' dir='ltr'>et</span> <span class='ocrx_word' id='word_1_149' title='bbox 957 2525 1177 2578; x_wconf 91' lang='lat' dir='ltr'>nullum</span> <span class='ocrx_word' id='word_1_150' title='bbox 1209 2519 1492 2576; x_wconf 86' lang='lat' dir='ltr'>sanctitati</span> <span class='ocrx_word' id='word_1_151' title='bbox 1521 2523 1633 2572; x_wconf 87' lang='lat' dir='ltr'>tuae</span> <span class='ocrx_word' id='word_1_152' title='bbox 1653 2518 1914 2572; x_wconf 90' lang='lat' dir='ltr'>laborem</span> <span class='ocrx_word' id='word_1_153' title='bbox 1938 2530 2042 2585; x_wconf 92' lang='lat' dir='ltr'>pro</span> <span class='ocrx_word' id='word_1_154' title='bbox 2073 2531 2161 2567; x_wconf 91' lang='lat' dir='ltr'>ec-</span> 
     </span>
    </p>
   </div>
   <div class='ocr_carea' id='block_1_27' title="bbox 541 2607 2162 2675">
    <p class='ocr_par' dir='ltr' id='par_1_27' title="bbox 541 2607 2162 2675">
     <span class='ocr_line' id='line_1_27' title="bbox 541 2607 2162 2675; baseline -0.01 0"><span class='ocrx_word' id='word_1_155' title='bbox 541 2619 856 2675; x_wconf 89' lang='lat' dir='ltr'>clesiastico</span> <span class='ocrx_word' id='word_1_156' title='bbox 882 2619 1032 2670; x_wconf 88' lang='lat' dir='ltr'>statu</span> <span class='ocrx_word' id='word_1_157' title='bbox 1059 2630 1364 2669; x_wconf 89' lang='lat' dir='ltr'>onerosum</span> <span class='ocrx_word' id='word_1_158' title='bbox 1383 2612 1640 2667; x_wconf 82' lang='lat' dir='ltr'>existere.</span> <span class='ocrx_word' id='word_1_159' title='bbox 1675 2609 1793 2664; x_wconf 90' lang='lat' dir='ltr'>Scit</span> <span class='ocrx_word' id='word_1_160' title='bbox 1816 2607 2162 2662; x_wconf 86' lang='lat' dir='ltr'>Fraternitas</span> 
     </span>
    </p>
   </div>
   <div class='ocr_carea' id='block_1_28' title="bbox 542 2690 2158 2783">
    <p class='ocr_par' dir='ltr' id='par_1_28' title="bbox 542 2690 2158 2783">
     <span class='ocr_line' id='line_1_28' title="bbox 542 2690 2158 2783; baseline -0.011 -15"><span class='ocrx_word' id='word_1_161' title='bbox 542 2718 660 2780; x_wconf 87' lang='lat' dir='ltr'>tua,</span> <span class='ocrx_word' id='word_1_162' title='bbox 693 2711 827 2783; x_wconf 87' lang='lat' dir='ltr'>quia</span> <span class='ocrx_word' id='word_1_163' title='bbox 853 2726 958 2780; x_wconf 91' lang='lat' dir='ltr'>pro</span> <span class='ocrx_word' id='word_1_164' title='bbox 987 2690 1232 2778; x_wconf 79' lang='lat' dir='ltr'>peccatis</span> <span class='ocrx_word' id='word_1_165' title='bbox 1264 2705 1470 2759; x_wconf 89' lang='lat' dir='ltr'>nostris</span> <span class='ocrx_word' id='word_1_166' title='bbox 1495 2719 1699 2758; x_wconf 88' lang='lat' dir='ltr'>omnes</span> <span class='ocrx_word' id='word_1_167' title='bbox 1723 2717 1850 2771; x_wconf 85' lang='lat' dir='ltr'>quae</span> <span class='ocrx_word' id='word_1_168' title='bbox 1879 2716 1980 2754; x_wconf 89' lang='lat' dir='ltr'>sua</span> <span class='ocrx_word' id='word_1_169' title='bbox 2005 2715 2158 2768; x_wconf 67' lang='lat' dir='ltr'>qua:-</span> 
     </span>
    </p>
   </div>
   <div class='ocr_carea' id='block_1_29' title="bbox 530 2791 2161 2873">
    <p class='ocr_par' dir='ltr' id='par_1_29' title="bbox 530 2791 2161 2873">
     <span class='ocr_line' id='line_1_29' title="bbox 530 2791 2161 2873; baseline -0.012 -12"><span class='ocrx_word' id='word_1_170' title='bbox 530 2809 697 2872; x_wconf 70' lang='lat' dir='ltr'>runt,</span> <span class='ocrx_word' id='word_1_171' title='bbox 721 2820 838 2858; x_wconf 91' lang='lat' dir='ltr'>non</span> <span class='ocrx_word' id='word_1_172' title='bbox 861 2817 988 2873; x_wconf 65' lang='lat' dir='ltr'>quae</span> <span class='ocrx_word' id='word_1_173' title='bbox 1011 2803 1142 2855; x_wconf 82' lang='lat' dir='ltr'>Jesu</span> <span class='ocrx_word' id='word_1_174' title='bbox 1161 2798 1385 2854; x_wconf 84' lang='lat' dir='ltr'>Christi.</span> <span class='ocrx_word' id='word_1_175' title='bbox 1415 2799 1542 2850; x_wconf 84' lang='lat' dir='ltr'>Haec</span> <span class='ocrx_word' id='word_1_176' title='bbox 1568 2795 1699 2848; x_wconf 90' lang='lat' dir='ltr'>ideo</span> <span class='ocrx_word' id='word_1_177' title='bbox 1722 2791 2161 2864; x_wconf 65' lang='lat' dir='ltr'>praelibavimus,</span> 
     </span>
    </p>
   </div>
   <div class='ocr_carea' id='block_1_30' title="bbox 545 2883 2167 2969">
    <p class='ocr_par' dir='ltr' id='par_1_30' title="bbox 545 2883 2167 2969">
     <span class='ocr_line' id='line_1_30' title="bbox 545 2883 2167 2969; baseline -0.011 -17"><span class='ocrx_word' id='word_1_178' title='bbox 545 2897 682 2969; x_wconf 89' lang='lat' dir='ltr'>quia</span> <span class='ocrx_word' id='word_1_179' title='bbox 699 2895 802 2950; x_wconf 90' lang='lat' dir='ltr'>tibi</span> <span class='ocrx_word' id='word_1_180' title='bbox 831 2909 1026 2947; x_wconf 90' lang='lat' dir='ltr'>rursus</span> <span class='ocrx_word' id='word_1_181' title='bbox 1041 2891 1356 2946; x_wconf 89' lang='lat' dir='ltr'>Catinensis</span> <span class='ocrx_word' id='word_1_182' title='bbox 1382 2889 1518 2957; x_wconf 88' lang='lat' dir='ltr'>[Al.,</span> <span class='ocrx_word' id='word_1_183' title='bbox 1535 2885 1874 2954; x_wconf 88' lang='lat' dir='ltr'>Cathenisis]</span> <span class='ocrx_word' id='word_1_184' title='bbox 1901 2883 2167 2937; x_wconf 89' lang='lat' dir='ltr'>Ecclesiae</span> 
     </span>
    </p>
   </div>
   <div class='ocr_carea' id='block_1_31' title="bbox 543 2974 2166 3054">
    <p class='ocr_par' dir='ltr' id='par_1_31' title="bbox 543 2974 2166 3054">
     <span class='ocr_line' id='line_1_31' title="bbox 543 2974 2166 3054; baseline -0.01 -11"><span class='ocrx_word' id='word_1_185' title='bbox 543 2988 930 3043; x_wconf 82' lang='lat' dir='ltr'>visitationem</span> <span class='ocrx_word' id='word_1_186' title='bbox 977 2983 1350 3054; x_wconf 89' lang='lat' dir='ltr'>injungimus,</span> <span class='ocrx_word' id='word_1_187' title='bbox 1415 2979 1577 3050; x_wconf 89' lang='lat' dir='ltr'>cujus</span> <span class='ocrx_word' id='word_1_188' title='bbox 1620 2978 1917 3048; x_wconf 90' lang='lat' dir='ltr'>cpiscopus</span> <span class='ocrx_word' id='word_1_189' title='bbox 1961 2975 2030 3028; x_wconf 91' lang='lat' dir='ltr'>de</span> <span class='ocrx_word' id='word_1_190' title='bbox 2061 2974 2166 3028; x_wconf 88' lang='lat' dir='ltr'>hac</span> 
     </span>
    </p>
   </div>
   <div class='ocr_carea' id='block_1_32' title="bbox 545 3067 2164 3144">
    <p class='ocr_par' dir='ltr' id='par_1_32' title="bbox 545 3067 2164 3144">
     <span class='ocr_line' id='line_1_32' title="bbox 545 3067 2164 3144; baseline -0.011 -8"><span class='ocrx_word' id='word_1_191' title='bbox 545 3083 672 3136; x_wconf 92' lang='lat' dir='ltr'>luce</span> <span class='ocrx_word' id='word_1_192' title='bbox 710 3077 980 3132; x_wconf 87' lang='lat' dir='ltr'>transisse</span> <span class='ocrx_word' id='word_1_193' title='bbox 1027 3077 1288 3144; x_wconf 88' lang='lat' dir='ltr'>suscepta</span> <span class='ocrx_word' id='word_1_194' title='bbox 1335 3071 1474 3126; x_wconf 92' lang='lat' dir='ltr'>cleri</span> <span class='ocrx_word' id='word_1_195' title='bbox 1520 3069 1798 3124; x_wconf 89' lang='lat' dir='ltr'>relatione</span> <span class='ocrx_word' id='word_1_196' title='bbox 1841 3067 2164 3122; x_wconf 87' lang='lat' dir='ltr'>didicimus.</span> 
     </span>
    </p>
   </div>
   <div class='ocr_carea' id='block_1_33' title="bbox 2240 527 3882 607">
    <p class='ocr_par' dir='ltr' id='par_1_33' title="bbox 2240 527 3882 607">
     <span class='ocr_line' id='line_1_33' title="bbox 2240 527 3882 607; baseline -0.016 -2"><span class='ocrx_word' id='word_1_197' title='bbox 2240 566 2370 604; x_wconf 89' lang='lat' dir='ltr'>rum</span> <span class='ocrx_word' id='word_1_198' title='bbox 2399 543 2944 607; x_wconf 90' lang='lat' dir='ltr'>condescendentes,</span> <span class='ocrx_word' id='word_1_199' title='bbox 2965 542 3030 592; x_wconf 91' lang='lat' dir='ltr'>ut</span> <span class='ocrx_word' id='word_1_200' title='bbox 3049 536 3267 591; x_wconf 91' lang='lat' dir='ltr'>dictum</span> <span class='ocrx_word' id='word_1_201' title='bbox 3293 535 3402 599; x_wconf 88' lang='lat' dir='ltr'>est,</span> <span class='ocrx_word' id='word_1_202' title='bbox 3436 527 3728 594; x_wconf 86' lang='lat' dir='ltr'>defectui,</span> <span class='ocrx_word' id='word_1_203' title='bbox 3757 544 3882 582; x_wconf 85' lang='lat' dir='ltr'>con-</span> 
     </span>
    </p>
   </div>
   <div class='ocr_carea' id='block_1_34' title="bbox 2243 621 3886 700">
    <p class='ocr_par' dir='ltr' id='par_1_34' title="bbox 2243 621 3886 700">
     <span class='ocr_line' id='line_1_34' title="bbox 2243 621 3886 700; baseline -0.016 -3"><span class='ocrx_word' id='word_1_204' title='bbox 2243 642 2473 698; x_wconf 89' lang='lat' dir='ltr'>cessisse</span> <span class='ocrx_word' id='word_1_205' title='bbox 2503 657 2608 693; x_wconf 92' lang='lat' dir='ltr'>nos</span> <span class='ocrx_word' id='word_1_206' title='bbox 2653 635 2913 700; x_wconf 79' lang='lat' dir='ltr'>noveris;</span> <span class='ocrx_word' id='word_1_207' title='bbox 2963 632 3045 686; x_wconf 90' lang='lat' dir='ltr'>ita</span> <span class='ocrx_word' id='word_1_208' title='bbox 3072 634 3294 693; x_wconf 90' lang='lat' dir='ltr'>tamen,</span> <span class='ocrx_word' id='word_1_209' title='bbox 3336 628 3401 680; x_wconf 89' lang='lat' dir='ltr'>ut</span> <span class='ocrx_word' id='word_1_210' title='bbox 3431 625 3509 679; x_wconf 92' lang='lat' dir='ltr'>de</span> <span class='ocrx_word' id='word_1_211' title='bbox 3537 621 3809 678; x_wconf 90' lang='lat' dir='ltr'>moribus</span> <span class='ocrx_word' id='word_1_212' title='bbox 3837 626 3886 673; x_wconf 83' lang='lat' dir='ltr'>et</span> 
     </span>
    </p>
   </div>
   <div class='ocr_carea' id='block_1_35' title="bbox 2242 713 3884 799">
    <p class='ocr_par' dir='ltr' id='par_1_35' title="bbox 2242 713 3884 799">
     <span class='ocr_line' id='line_1_35' title="bbox 2242 713 3884 799; baseline -0.016 -10"><span class='ocrx_word' id='word_1_213' title='bbox 2242 735 2353 788; x_wconf 83' lang='lat' dir='ltr'>vita</span> <span class='ocrx_word' id='word_1_214' title='bbox 2381 735 2466 787; x_wconf 90' lang='lat' dir='ltr'>vel</span> <span class='ocrx_word' id='word_1_215' title='bbox 2495 735 2622 786; x_wconf 89' lang='lat' dir='ltr'>actu</span> <span class='ocrx_word' id='word_1_216' title='bbox 2665 729 2840 799; x_wconf 88' lang='lat' dir='ltr'>ipsius</span> <span class='ocrx_word' id='word_1_217' title='bbox 2879 724 3030 779; x_wconf 90' lang='lat' dir='ltr'>tuin</span> <span class='ocrx_word' id='word_1_218' title='bbox 3075 723 3166 777; x_wconf 90' lang='lat' dir='ltr'>die</span> <span class='ocrx_word' id='word_1_219' title='bbox 3186 717 3398 792; x_wconf 89' lang='lat' dir='ltr'>judicii</span> <span class='ocrx_word' id='word_1_220' title='bbox 3445 717 3594 770; x_wconf 85' lang='lat' dir='ltr'>ante</span> <span class='ocrx_word' id='word_1_221' title='bbox 3641 713 3884 766; x_wconf 88' lang='lat' dir='ltr'>tribunal</span> 
     </span>
    </p>
   </div>
   <div class='ocr_carea' id='block_1_36' title="bbox 2244 805 3884 882">
    <p class='ocr_par' dir='ltr' id='par_1_36' title="bbox 2244 805 3884 882">
     <span class='ocr_line' id='line_1_36' title="bbox 2244 805 3884 882; baseline -0.015 -1"><span class='ocrx_word' id='word_1_222' title='bbox 2244 825 2383 882; x_wconf 91' lang='lat' dir='ltr'>illud</span> <span class='ocrx_word' id='word_1_223' title='bbox 2409 823 2662 879; x_wconf 86' lang='lat' dir='ltr'>terribile</span> <span class='ocrx_word' id='word_1_224' title='bbox 2688 819 2897 874; x_wconf 90' lang='lat' dir='ltr'>reddas</span> <span class='ocrx_word' id='word_1_225' title='bbox 2929 813 3228 871; x_wconf 90' lang='lat' dir='ltr'>communi</span> <span class='ocrx_word' id='word_1_226' title='bbox 3256 809 3518 866; x_wconf 90' lang='lat' dir='ltr'>Domino</span> <span class='ocrx_word' id='word_1_227' title='bbox 3550 805 3844 860; x_wconf 89' lang='lat' dir='ltr'>rationem</span> <span class='ocrx_word' id='word_1_228' title='bbox 3871 821 3884 857; x_wconf 85' lang='lat'><strong>:</strong></span> 
     </span>
    </p>
   </div>
   <div class='ocr_carea' id='block_1_37' title="bbox 2245 899 3888 991">
    <p class='ocr_par' dir='ltr' id='par_1_37' title="bbox 2245 899 3888 991">
     <span class='ocr_line' id='line_1_37' title="bbox 2245 899 3888 991; baseline -0.016 -17"><span class='ocrx_word' id='word_1_229' title='bbox 2245 919 2381 991; x_wconf 87' lang='lat' dir='ltr'>quia</span> <span class='ocrx_word' id='word_1_230' title='bbox 2407 918 2484 971; x_wconf 87' lang='lat' dir='ltr'>sic</span> <span class='ocrx_word' id='word_1_231' title='bbox 2501 913 2788 987; x_wconf 67' lang='lat' dir='ltr'>praeterita</span> <span class='ocrx_word' id='word_1_232' title='bbox 2800 928 2916 982; x_wconf 63' lang='lat' dir='ltr'>pra:</span> <span class='ocrx_word' id='word_1_233' title='bbox 2943 906 3211 978; x_wconf 84' lang='lat' dir='ltr'>angustia</span> <span class='ocrx_word' id='word_1_234' title='bbox 3226 899 3514 974; x_wconf 88' lang='lat' dir='ltr'>temporis</span> <span class='ocrx_word' id='word_1_235' title='bbox 3528 899 3888 968; x_wconf 85' lang='lat' dir='ltr'>mitigamus,</span> 
     </span>
    </p>
   </div>
   <div class='ocr_carea' id='block_1_38' title="bbox 2245 990 3887 1077">
    <p class='ocr_par' dir='ltr' id='par_1_38' title="bbox 2245 990 3887 1077">
     <span class='ocr_line' id='line_1_38' title="bbox 2245 990 3887 1077; baseline -0.015 -11"><span class='ocrx_word' id='word_1_236' title='bbox 2245 990 2309 1066; x_wconf 87' lang='lat' dir='ltr'>ut</span> <span class='ocrx_word' id='word_1_237' title='bbox 2337 1013 2500 1065; x_wconf 88' lang='lat' dir='ltr'>caute</span> <span class='ocrx_word' id='word_1_238' title='bbox 2531 1012 2702 1077; x_wconf 90' lang='lat' dir='ltr'>atque</span> <span class='ocrx_word' id='word_1_239' title='bbox 2731 1003 2963 1058; x_wconf 87' lang='lat' dir='ltr'>sollicite</span> <span class='ocrx_word' id='word_1_240' title='bbox 2981 998 3186 1054; x_wconf 78' lang='lat' dir='ltr'>futuris</span> <span class='ocrx_word' id='word_1_241' title='bbox 3214 994 3551 1051; x_wconf 82' lang='lat' dir='ltr'>excessibus</span> <span class='ocrx_word' id='word_1_242' title='bbox 3575 990 3887 1046; x_wconf 88' lang='lat' dir='ltr'>obviemus.</span> 
     </span>
    </p>
   </div>
   <div class='ocr_carea' id='block_1_39' title="bbox 2245 1084 3888 1174">
    <p class='ocr_par' dir='ltr' id='par_1_39' title="bbox 2245 1084 3888 1174">
     <span class='ocr_line' id='line_1_39' title="bbox 2245 1084 3888 1174; baseline -0.015 -15"><span class='ocrx_word' id='word_1_243' title='bbox 2245 1105 2482 1174; x_wconf 87' lang='lat' dir='ltr'>Propter</span> <span class='ocrx_word' id='word_1_244' title='bbox 2502 1099 2655 1170; x_wconf 91' lang='lat' dir='ltr'>quod</span> <span class='ocrx_word' id='word_1_245' title='bbox 2671 1097 2944 1168; x_wconf 89' lang='lat' dir='ltr'>jubemus</span> <span class='ocrx_word' id='word_1_246' title='bbox 2966 1093 3232 1148; x_wconf 84' lang='lat' dir='ltr'>Micinam</span> <span class='ocrx_word' id='word_1_247' title='bbox 3261 1087 3570 1152; x_wconf 85' lang='lat' dir='ltr'>ancillam,</span> <span class='ocrx_word' id='word_1_248' title='bbox 3596 1084 3674 1137; x_wconf 90' lang='lat' dir='ltr'>de</span> <span class='ocrx_word' id='word_1_249' title='bbox 3701 1098 3814 1153; x_wconf 89' lang='lat' dir='ltr'>qua</span> <span class='ocrx_word' id='word_1_250' title='bbox 3839 1097 3888 1134; x_wconf 83' lang='lat' dir='ltr'>se</span> 
     </span>
    </p>
   </div>
   <div class='ocr_carea' id='block_1_40' title="bbox 2246 1174 3886 1267">
    <p class='ocr_par' dir='ltr' id='par_1_40' title="bbox 2246 1174 3886 1267">
     <span class='ocr_line' id='line_1_40' title="bbox 2246 1174 3886 1267; baseline -0.015 -17"><span class='ocrx_word' id='word_1_251' title='bbox 2246 1199 2376 1267; x_wconf 90' lang='lat' dir='ltr'>post</span> <span class='ocrx_word' id='word_1_252' title='bbox 2419 1193 2606 1247; x_wconf 84' lang='lat' dir='ltr'>uxoris</span> <span class='ocrx_word' id='word_1_253' title='bbox 2635 1189 2938 1244; x_wconf 89' lang='lat' dir='ltr'>transitum</span> <span class='ocrx_word' id='word_1_254' title='bbox 2976 1185 3193 1240; x_wconf 87' lang='lat' dir='ltr'>habere</span> <span class='ocrx_word' id='word_1_255' title='bbox 3238 1181 3548 1235; x_wconf 86' lang='lat' dir='ltr'>confessus</span> <span class='ocrx_word' id='word_1_256' title='bbox 3601 1179 3692 1230; x_wconf 91' lang='lat' dir='ltr'>est</span> <span class='ocrx_word' id='word_1_257' title='bbox 3733 1174 3886 1236; x_wconf 87' lang='lat' dir='ltr'>ﬁlios,</span> 
     </span>
    </p>
   </div>
   <div class='ocr_carea' id='block_1_41' title="bbox 2249 1269 3888 1357">
    <p class='ocr_par' dir='ltr' id='par_1_41' title="bbox 2249 1269 3888 1357">
     <span class='ocr_line' id='line_1_41' title="bbox 2249 1269 3888 1357; baseline -0.014 -15"><span class='ocrx_word' id='word_1_258' title='bbox 2249 1303 2435 1357; x_wconf 89' lang='lat' dir='ltr'>neque</span> <span class='ocrx_word' id='word_1_259' title='bbox 2463 1301 2592 1339; x_wconf 91' lang='lat' dir='ltr'>cum</span> <span class='ocrx_word' id='word_1_260' title='bbox 2629 1283 2752 1353; x_wconf 89' lang='lat' dir='ltr'>ipso</span> <span class='ocrx_word' id='word_1_261' title='bbox 2789 1295 3028 1334; x_wconf 87' lang='lat' dir='ltr'>manere</span> <span class='ocrx_word' id='word_1_262' title='bbox 3073 1277 3263 1340; x_wconf 90' lang='lat' dir='ltr'>liceat,</span> <span class='ocrx_word' id='word_1_263' title='bbox 3301 1278 3359 1327; x_wconf 88' lang='lat' dir='ltr'>et</span> <span class='ocrx_word' id='word_1_264' title='bbox 3385 1272 3736 1342; x_wconf 87' lang='lat' dir='ltr'>quicunque</span> <span class='ocrx_word' id='word_1_265' title='bbox 3765 1269 3888 1336; x_wconf 83' lang='lat' dir='ltr'>[AI.,</span> 
     </span>
    </p>
   </div>
   <div class='ocr_carea' id='block_1_42' title="bbox 2249 1363 3890 1448">
    <p class='ocr_par' dir='ltr' id='par_1_42' title="bbox 2249 1363 3890 1448">
     <span class='ocr_line' id='line_1_42' title="bbox 2249 1363 3890 1448; baseline -0.015 -13"><span class='ocrx_word' id='word_1_266' title='bbox 2249 1378 2587 1448; x_wconf 88' lang='lat' dir='ltr'>cuicunque]</span> <span class='ocrx_word' id='word_1_267' title='bbox 2608 1373 2960 1430; x_wconf 89' lang='lat' dir='ltr'>monasterio</span> <span class='ocrx_word' id='word_1_268' title='bbox 2979 1365 3400 1424; x_wconf 85' lang='lat' dir='ltr'>continentiam</span> <span class='ocrx_word' id='word_1_269' title='bbox 3420 1363 3790 1435; x_wconf 88' lang='lat' dir='ltr'>professura,</span> <span class='ocrx_word' id='word_1_270' title='bbox 3806 1364 3890 1412; x_wconf 89' lang='lat' dir='ltr'>tua</span> 
     </span>
    </p>
   </div>
   <div class='ocr_carea' id='block_1_43' title="bbox 2251 1452 3892 1542">
    <p class='ocr_par' dir='ltr' id='par_1_43' title="bbox 2251 1452 3892 1542">
     <span class='ocr_line' id='line_1_43' title="bbox 2251 1452 3892 1542; baseline -0.014 -16"><span class='ocrx_word' id='word_1_271' title='bbox 2251 1469 2618 1542; x_wconf 88' lang='lat' dir='ltr'>dispositione</span> <span class='ocrx_word' id='word_1_272' title='bbox 2645 1466 2924 1530; x_wconf 87' lang='lat' dir='ltr'>tradatur,</span> <span class='ocrx_word' id='word_1_273' title='bbox 2947 1455 3012 1516; x_wconf 84' lang='lat' dir='ltr'>ut</span> <span class='ocrx_word' id='word_1_274' title='bbox 3035 1459 3267 1515; x_wconf 86' lang='lat' dir='ltr'>meliori</span> <span class='ocrx_word' id='word_1_275' title='bbox 3293 1460 3454 1511; x_wconf 85' lang='lat' dir='ltr'>sorte</span> <span class='ocrx_word' id='word_1_276' title='bbox 3479 1455 3560 1508; x_wconf 91' lang='lat' dir='ltr'>ad</span> <span class='ocrx_word' id='word_1_277' title='bbox 3595 1452 3754 1524; x_wconf 90' lang='lat' dir='ltr'>quod</span> <span class='ocrx_word' id='word_1_278' title='bbox 3781 1469 3892 1522; x_wconf 91' lang='lat' dir='ltr'>pro-</span> 
     </span>
    </p>
   </div>
   <div class='ocr_carea' id='block_1_44' title="bbox 2251 1543 3890 1621">
    <p class='ocr_par' dir='ltr' id='par_1_44' title="bbox 2251 1543 3890 1621">
     <span class='ocr_line' id='line_1_44' title="bbox 2251 1543 3890 1621; baseline -0.014 -3"><span class='ocrx_word' id='word_1_279' title='bbox 2251 1565 2514 1618; x_wconf 84' lang='lat' dir='ltr'>movetur</span> <span class='ocrx_word' id='word_1_280' title='bbox 2564 1559 2815 1615; x_wconf 84' lang='lat' dir='ltr'>ofﬁcium</span> <span class='ocrx_word' id='word_1_281' title='bbox 2863 1555 2967 1609; x_wconf 91' lang='lat' dir='ltr'>sub</span> <span class='ocrx_word' id='word_1_282' title='bbox 3009 1555 3180 1606; x_wconf 62' lang='lat' dir='ltr'>bonae</span> <span class='ocrx_word' id='word_1_283' title='bbox 3219 1549 3406 1621; x_wconf 89' lang='lat' dir='ltr'>possit</span> <span class='ocrx_word' id='word_1_284' title='bbox 3455 1547 3647 1601; x_wconf 72' lang='lat' dir='ltr'>famae</span> <span class='ocrx_word' id='word_1_285' title='bbox 3697 1543 3890 1598; x_wconf 90' lang='lat' dir='ltr'>merito</span> 
     </span>
    </p>
   </div>
   <div class='ocr_carea' id='block_1_45' title="bbox 2249 1635 3891 1720">
    <p class='ocr_par' dir='ltr' id='par_1_45' title="bbox 2249 1635 3891 1720">
     <span class='ocr_line' id='line_1_45' title="bbox 2249 1635 3891 1720; baseline -0.013 -10"><span class='ocrx_word' id='word_1_286' title='bbox 2249 1655 2596 1720; x_wconf 90' lang='lat' dir='ltr'>ministrare,</span> <span class='ocrx_word' id='word_1_287' title='bbox 2639 1667 2744 1705; x_wconf 92' lang='lat' dir='ltr'>nec</span> <span class='ocrx_word' id='word_1_288' title='bbox 2781 1649 2971 1719; x_wconf 91' lang='lat' dir='ltr'>aliqua</span> <span class='ocrx_word' id='word_1_289' title='bbox 3013 1643 3304 1716; x_wconf 90' lang='lat' dir='ltr'>opinionis</span> <span class='ocrx_word' id='word_1_290' title='bbox 3351 1642 3484 1710; x_wconf 86' lang='lat' dir='ltr'>ejus</span> <span class='ocrx_word' id='word_1_291' title='bbox 3535 1635 3891 1693; x_wconf 59' lang='lat' dir='ltr'>maculanda</span> 
     </span>
    </p>
   </div>
   <div class='ocr_carea' id='block_1_46' title="bbox 2250 1730 3893 1818">
    <p class='ocr_par' dir='ltr' id='par_1_46' title="bbox 2250 1730 3893 1818">
     <span class='ocr_line' id='line_1_46' title="bbox 2250 1730 3893 1818; baseline -0.014 -15"><span class='ocrx_word' id='word_1_292' title='bbox 2250 1749 2607 1818; x_wconf 89' lang='lat' dir='ltr'>relinquatur</span> <span class='ocrx_word' id='word_1_293' title='bbox 2657 1743 2878 1798; x_wconf 88' lang='lat' dir='ltr'>occasio</span> <span class='ocrx_word' id='word_1_294' title='bbox 2935 1741 3266 1810; x_wconf 75' lang='lat' dir='ltr'>(Gratianus</span> <span class='ocrx_word' id='word_1_295' title='bbox 3308 1737 3454 1790; x_wconf 72' lang='lat' dir='ltr'>Dist.</span> <span class='ocrx_word' id='word_1_296' title='bbox 3486 1733 3582 1798; x_wconf 74' lang='grc'>34,</span> <span class='ocrx_word' id='word_1_297' title='bbox 3610 1747 3734 1802; x_wconf 86' lang='lat' dir='ltr'>cap.</span> <span class='ocrx_word' id='word_1_298' title='bbox 3780 1730 3893 1783; x_wconf 82' lang='lat' dir='ltr'>Fra-</span> 
     </span>
    </p>
   </div>
   <div class='ocr_carea' id='block_1_47' title="bbox 2171 1813 2572 1910">
    <p class='ocr_par' dir='ltr' id='par_1_47' title="bbox 2171 1813 2572 1910">
     <span class='ocr_line' id='line_1_47' title="bbox 2171 1813 2572 1910; baseline -0.015 -13"><span class='ocrx_word' id='word_1_299' title='bbox 2171 1813 2228 1886; x_wconf 85' lang='lat' dir='ltr'><strong>B</strong></span> <span class='ocrx_word' id='word_1_300' title='bbox 2250 1813 2572 1910; x_wconf 65' lang='lat' dir='ltr'>ternitatis).</span> 
     </span>
    </p>
   </div>
   <div class='ocr_carea' id='block_1_48' title="bbox 2618 1939 3514 2002">
    <p class='ocr_par' dir='ltr' id='par_1_48' title="bbox 2618 1939 3514 2002">
     <span class='ocr_line' id='line_1_48' title="bbox 2618 1939 3514 2002; baseline -0.011 0"><span class='ocrx_word' id='word_1_301' title='bbox 2618 1945 2939 2002; x_wconf 82' lang='lat' dir='ltr'>PELAGII</span> <span class='ocrx_word' id='word_1_302' title='bbox 2999 1944 3054 1998; x_wconf 89' lang='lat' dir='ltr'>ll</span> <span class='ocrx_word' id='word_1_303' title='bbox 3106 1939 3514 1996; x_wconf 82' lang='lat' dir='ltr'>DECRETA.</span> 
     </span>
    </p>
   </div>
   <div class='ocr_carea' id='block_1_49' title="bbox 2726 2031 3386 2102">
    <p class='ocr_par' dir='ltr' id='par_1_49' title="bbox 2726 2031 3386 2102">
     <span class='ocr_line' id='line_1_49' title="bbox 2726 2031 3386 2102; baseline -0.009 -10"><span class='ocrx_word' id='word_1_304' title='bbox 2726 2031 2814 2092; x_wconf 70' lang='lat' dir='ltr'>Em</span> <span class='ocrx_word' id='word_1_305' title='bbox 2839 2038 3104 2094; x_wconf 77' lang='lat' dir='ltr'>Gratiano</span> <span class='ocrx_word' id='word_1_306' title='bbox 3129 2036 3386 2102; x_wconf 77' lang='lat' dir='ltr'>aliisque.</span> 
     </span>
    </p>
   </div>
   <div class='ocr_carea' id='block_1_50' title="bbox 2702 2139 3443 2184">
    <p class='ocr_par' dir='ltr' id='par_1_50' title="bbox 2702 2139 3443 2184">
     <span class='ocr_line' id='line_1_50' title="bbox 2702 2139 3443 2184; baseline -0.011 1"><span class='ocrx_word' id='word_1_307' title='bbox 2702 2145 2994 2184; x_wconf 75' lang='lat' dir='ltr'>ADMONITIO</span> <span class='ocrx_word' id='word_1_308' title='bbox 3054 2139 3418 2181; x_wconf 80' lang='lat' dir='ltr'>COLLECTORIS</span> <span class='ocrx_word' id='word_1_309' title='bbox 3429 2164 3443 2177; x_wconf 88' lang='lat'><strong>.</strong></span> 
     </span>
    </p>
   </div>
   <div class='ocr_carea' id='block_1_51' title="bbox 2313 2209 3899 2288">
    <p class='ocr_par' dir='ltr' id='par_1_51' title="bbox 2313 2209 3899 2288">
     <span class='ocr_line' id='line_1_51' title="bbox 2313 2209 3899 2288; baseline -0.012 -12"><span class='ocrx_word' id='word_1_310' title='bbox 2313 2224 2506 2288; x_wconf 84' lang='lat' dir='ltr'>Pelagii</span> <span class='ocrx_word' id='word_1_311' title='bbox 2529 2237 2676 2287; x_wconf 63' lang='lat' dir='ltr'>papae</span> <span class='ocrx_word' id='word_1_312' title='bbox 2703 2224 2748 2272; x_wconf 87' lang='lat' dir='ltr'>Il</span> <span class='ocrx_word' id='word_1_313' title='bbox 2775 2222 2989 2271; x_wconf 88' lang='lat' dir='ltr'>decreta</span> <span class='ocrx_word' id='word_1_314' title='bbox 3015 2219 3256 2282; x_wconf 61' lang='lat' dir='ltr'>quasdam</span> <span class='ocrx_word' id='word_1_315' title='bbox 3284 2230 3350 2288; x_wconf 81' lang='lat' dir='ltr'>ex_</span> <span class='ocrx_word' id='word_1_316' title='bbox 3385 2213 3650 2288; x_wconf 68' lang='lat' dir='ltr'>Gratiano</span> <span class='ocrx_word' id='word_1_317' title='bbox 3679 2209 3899 2288; x_wconf 78' lang='lat' dir='ltr'>Labbeus</span> 
     </span>
    </p>
   </div>
   <div class='ocr_carea' id='block_1_52' title="bbox 2255 2281 3900 2355">
    <p class='ocr_par' dir='ltr' id='par_1_52' title="bbox 2255 2281 3900 2355">
     <span class='ocr_line' id='line_1_52' title="bbox 2255 2281 3900 2355; baseline -0.012 -9"><span class='ocrx_word' id='word_1_318' title='bbox 2255 2297 2416 2355; x_wconf 87' lang='lat' dir='ltr'>dedit,</span> <span class='ocrx_word' id='word_1_319' title='bbox 2438 2281 2546 2344; x_wconf 71' lang='lat' dir='ltr'>sed</span> <span class='ocrx_word' id='word_1_320' title='bbox 2560 2281 2630 2343; x_wconf 76' lang='lat' dir='ltr'>ita</span> <span class='ocrx_word' id='word_1_321' title='bbox 2650 2294 2870 2342; x_wconf 82' lang='lat' dir='ltr'>collecta</span> <span class='ocrx_word' id='word_1_322' title='bbox 2889 2295 2945 2340; x_wconf 87' lang='lat' dir='ltr'>ut</span> <span class='ocrx_word' id='word_1_323' title='bbox 2967 2281 3222 2338; x_wconf 84' lang='lat' dir='ltr'>nonnulla</span> <span class='ocrx_word' id='word_1_324' title='bbox 3245 2285 3510 2335; x_wconf 87' lang='lat' dir='ltr'>omiserit.</span> <span class='ocrx_word' id='word_1_325' title='bbox 3537 2285 3617 2332; x_wconf 82' lang='lat' dir='ltr'>Ne</span> <span class='ocrx_word' id='word_1_326' title='bbox 3643 2281 3772 2355; x_wconf 76' lang='lat' dir='ltr'>quid</span> <span class='ocrx_word' id='word_1_327' title='bbox 3788 2294 3900 2341; x_wconf 83' lang='lat' dir='ltr'>ergo</span> 
     </span>
    </p>
   </div>
   <div class='ocr_carea' id='block_1_53' title="bbox 2255 2352 3900 2428">
    <p class='ocr_par' dir='ltr' id='par_1_53' title="bbox 2255 2352 3900 2428">
     <span class='ocr_line' id='line_1_53' title="bbox 2255 2352 3900 2428; baseline -0.011 -12"><span class='ocrx_word' id='word_1_328' title='bbox 2255 2367 2320 2416; x_wconf 90' lang='lat' dir='ltr'>ad</span> <span class='ocrx_word' id='word_1_329' title='bbox 2337 2352 2542 2428; x_wconf 82' lang='lat' dir='ltr'>plenam</span> <span class='ocrx_word' id='word_1_330' title='bbox 2559 2363 2862 2413; x_wconf 90' lang='lat' dir='ltr'>eorumdem</span> <span class='ocrx_word' id='word_1_331' title='bbox 2875 2362 3207 2409; x_wconf 86' lang='lat' dir='ltr'>decretorum</span> <span class='ocrx_word' id='word_1_332' title='bbox 3221 2355 3614 2406; x_wconf 83' lang='lat' dir='ltr'>collectionem</span> <span class='ocrx_word' id='word_1_333' title='bbox 3625 2352 3780 2412; x_wconf 83' lang='lat' dir='ltr'>desit,</span> <span class='ocrx_word' id='word_1_334' title='bbox 3799 2363 3900 2413; x_wconf 60' lang='lat' dir='ltr'>quae</span> 
     </span>
    </p>
   </div>
   <div class='ocr_carea' id='block_1_54' title="bbox 2255 2423 3787 2499">
    <p class='ocr_par' dir='ltr' id='par_1_54' title="bbox 2255 2423 3787 2499">
     <span class='ocr_line' id='line_1_54' title="bbox 2255 2423 3787 2499; baseline -0.01 -13"><span class='ocrx_word' id='word_1_335' title='bbox 2255 2423 2392 2486; x_wconf 79' lang='lat' dir='ltr'>illius</span> <span class='ocrx_word' id='word_1_336' title='bbox 2415 2433 2733 2499; x_wconf 84' lang='lat' dir='ltr'>diligentiam</span> <span class='ocrx_word' id='word_1_337' title='bbox 2757 2434 3018 2495; x_wconf 79' lang='lat' dir='ltr'>fugerunt,</span> <span class='ocrx_word' id='word_1_338' title='bbox 3053 2426 3352 2492; x_wconf 81' lang='lat' dir='ltr'>supplenda</span> <span class='ocrx_word' id='word_1_339' title='bbox 3379 2426 3471 2474; x_wconf 85' lang='lat' dir='ltr'>hic</span> <span class='ocrx_word' id='word_1_340' title='bbox 3503 2423 3787 2486; x_wconf 82' lang='lat' dir='ltr'>assumpsi.</span> 
     </span>
    </p>
   </div>
   <div class='ocr_carea' id='block_1_55' title="bbox 2329 2523 3310 2681">
    <p class='ocr_par' dir='ltr' id='par_1_55' title="bbox 2329 2523 3310 2681">
     <span class='ocr_line' id='line_1_55' title="bbox 2329 2523 3310 2681; baseline -0.011 -15"><span class='ocrx_word' id='word_1_341' title='bbox 2329 2610 2590 2681; x_wconf 85' lang='lat' dir='ltr'>Pelagius</span> <span class='ocrx_word' id='word_1_342' title='bbox 2614 2625 2765 2680; x_wconf 90' lang='lat' dir='ltr'>papa</span> <span class='ocrx_word' id='word_1_343' title='bbox 2793 2608 2944 2662; x_wconf 90' lang='lat' dir='ltr'>clero</span> <span class='ocrx_word' id='word_1_344' title='bbox 2985 2523 3310 2659; x_wconf 46' lang='lat' dir='ltr'>Nirniensi.</span> 
     </span>
    </p>
   </div>
   <div class='ocr_carea' id='block_1_56' title="bbox 2333 2690 3901 2770">
    <p class='ocr_par' dir='ltr' id='par_1_56' title="bbox 2333 2690 3901 2770">
     <span class='ocr_line' id='line_1_56' title="bbox 2333 2690 3901 2770; baseline -0.011 -12"><span class='ocrx_word' id='word_1_345' title='bbox 2333 2703 2477 2768; x_wconf 87' lang='lat' dir='ltr'>Quia</span> <span class='ocrx_word' id='word_1_346' title='bbox 2500 2704 2677 2758; x_wconf 86' lang='lat' dir='ltr'>frater</span> <span class='ocrx_word' id='word_1_347' title='bbox 2696 2705 2752 2754; x_wconf 87' lang='lat' dir='ltr'>et</span> <span class='ocrx_word' id='word_1_348' title='bbox 2791 2699 3162 2770; x_wconf 91' lang='lat' dir='ltr'>coepiscopus</span> <span class='ocrx_word' id='word_1_349' title='bbox 3187 2697 3391 2749; x_wconf 89' lang='lat' dir='ltr'>noster</span> <span class='ocrx_word' id='word_1_350' title='bbox 3417 2694 3710 2759; x_wconf 84' lang='lat' dir='ltr'>Joannes,</span> <span class='ocrx_word' id='word_1_351' title='bbox 3740 2690 3901 2744; x_wconf 87' lang='lat' dir='ltr'>eccle-</span> 
     </span>
    </p>
   </div>
   <div class='ocr_carea' id='block_1_57' title="bbox 2263 2787 3904 2853">
    <p class='ocr_par' dir='ltr' id='par_1_57' title="bbox 2263 2787 3904 2853">
     <span class='ocr_line' id='line_1_57' title="bbox 2263 2787 3904 2853; baseline -0.01 -1"><span class='ocrx_word' id='word_1_352' title='bbox 2263 2797 2500 2852; x_wconf 64' lang='lat' dir='ltr'>siasticae</span> <span class='ocrx_word' id='word_1_353' title='bbox 2550 2793 2809 2848; x_wconf 88' lang='lat' dir='ltr'>utilitatis</span> <span class='ocrx_word' id='word_1_354' title='bbox 2859 2790 3047 2844; x_wconf 89' lang='lat' dir='ltr'>studio</span> <span class='ocrx_word' id='word_1_355' title='bbox 3097 2787 3406 2853; x_wconf 87' lang='lat' dir='ltr'>suadente,</span> <span class='ocrx_word' id='word_1_356' title='bbox 3443 2790 3510 2840; x_wconf 91' lang='lat' dir='ltr'>et</span> <span class='ocrx_word' id='word_1_357' title='bbox 3548 2789 3775 2840; x_wconf 61' lang='lat' dir='ltr'>natura;</span> <span class='ocrx_word' id='word_1_358' title='bbox 3805 2799 3904 2836; x_wconf 64' lang='lat' dir='ltr'>sua1</span> 
     </span>
    </p>
   </div>
   <div class='ocr_carea' id='block_1_58' title="bbox 2263 2876 3905 2960">
    <p class='ocr_par' dir='ltr' id='par_1_58' title="bbox 2263 2876 3905 2960">
     <span class='ocr_line' id='line_1_58' title="bbox 2263 2876 3905 2960; baseline -0.01 -16"><span class='ocrx_word' id='word_1_359' title='bbox 2263 2888 2622 2960; x_wconf 87' lang='lat' dir='ltr'>simplicitate</span> <span class='ocrx_word' id='word_1_360' title='bbox 2645 2885 2916 2940; x_wconf 85' lang='lat' dir='ltr'>laudabili</span> <span class='ocrx_word' id='word_1_361' title='bbox 2931 2881 3405 2938; x_wconf 88' lang='lat' dir='ltr'>consideratione</span> <span class='ocrx_word' id='word_1_362' title='bbox 3422 2881 3707 2944; x_wconf 86' lang='lat' dir='ltr'>tractata,</span> <span class='ocrx_word' id='word_1_363' title='bbox 3727 2877 3798 2930; x_wconf 91' lang='lat' dir='ltr'>ob</span> <span class='ocrx_word' id='word_1_364' title='bbox 3815 2876 3905 2927; x_wconf 86' lang='lat' dir='ltr'>hoc</span> 
     </span>
    </p>
   </div>
   <div class='ocr_carea' id='block_1_59' title="bbox 2265 2967 3903 3053">
    <p class='ocr_par' dir='ltr' id='par_1_59' title="bbox 2265 2967 3903 3053">
     <span class='ocr_line' id='line_1_59' title="bbox 2265 2967 3903 3053; baseline -0.01 -17"><span class='ocrx_word' id='word_1_365' title='bbox 2265 2981 2419 3053; x_wconf 91' lang='lat' dir='ltr'>quod</span> <span class='ocrx_word' id='word_1_366' title='bbox 2446 2997 2504 3034; x_wconf 90' lang='lat' dir='ltr'>se</span> <span class='ocrx_word' id='word_1_367' title='bbox 2526 2979 2582 3032; x_wconf 92' lang='lat' dir='ltr'>in</span> <span class='ocrx_word' id='word_1_368' title='bbox 2606 2977 2863 3050; x_wconf 89' lang='lat' dir='ltr'>gerenda</span> <span class='ocrx_word' id='word_1_369' title='bbox 2878 2973 3218 3047; x_wconf 89' lang='lat' dir='ltr'>patrimonii</span> <span class='ocrx_word' id='word_1_370' title='bbox 3243 2971 3634 3044; x_wconf 89' lang='lat' dir='ltr'>gubernandi</span> <span class='ocrx_word' id='word_1_371' title='bbox 3660 2967 3903 3034; x_wconf 81' lang='lat' dir='ltr'>cura,vel</span> 
     </span>
    </p>
   </div>
   <div class='ocr_carea' id='block_1_60' title="bbox 2266 3061 3908 3143">
    <p class='ocr_par' dir='ltr' id='par_1_60' title="bbox 2266 3061 3908 3143">
     <span class='ocr_line' id='line_1_60' title="bbox 2266 3061 3908 3143; baseline -0.009 -16"><span class='ocrx_word' id='word_1_372' title='bbox 2266 3075 2325 3128; x_wconf 91' lang='lat' dir='ltr'>in</span> <span class='ocrx_word' id='word_1_373' title='bbox 2346 3071 2642 3143; x_wconf 88' lang='lat' dir='ltr'>disciplina</span> <span class='ocrx_word' id='word_1_374' title='bbox 2669 3068 3051 3124; x_wconf 88' lang='lat' dir='ltr'>ecclesiastica</span> <span class='ocrx_word' id='word_1_375' title='bbox 3073 3064 3485 3121; x_wconf 88' lang='lat' dir='ltr'>conservanda</span> <span class='ocrx_word' id='word_1_376' title='bbox 3507 3063 3762 3117; x_wconf 90' lang='lat' dir='ltr'>minime</span> <span class='ocrx_word' id='word_1_377' title='bbox 3789 3061 3908 3114; x_wconf 81' lang='lat' dir='ltr'>fate-</span> 
     </span>
    </p>
   </div>
   <div class='ocr_carea' id='block_1_61' title="bbox 553 3151 3909 3243">
    <p class='ocr_par' dir='ltr' id='par_1_61' title="bbox 553 3151 3909 3243">
     <span class='ocr_line' id='line_1_61' title="bbox 553 3151 3909 3243; baseline -0.006 -16"><span class='ocrx_word' id='word_1_378' title='bbox 553 3170 930 3243; x_wconf 88' lang='lat' dir='ltr'>(lmpossibile</span> <span class='ocrx_word' id='word_1_379' title='bbox 958 3170 1043 3222; x_wconf 91' lang='lat' dir='ltr'>est</span> <span class='ocrx_word' id='word_1_380' title='bbox 1076 3167 1230 3220; x_wconf 90' lang='lat' dir='ltr'>enim</span> <span class='ocrx_word' id='word_1_381' title='bbox 1264 3169 1327 3218; x_wconf 88' lang='lat' dir='ltr'>ut</span> <span class='ocrx_word' id='word_1_382' title='bbox 1355 3165 1460 3218; x_wconf 82' lang='lat' dir='ltr'>n&#39;os</span> <span class='ocrx_word' id='word_1_383' title='bbox 1485 3163 1544 3217; x_wconf 92' lang='lat' dir='ltr'>in</span> <span class='ocrx_word' id='word_1_384' title='bbox 1575 3161 1864 3233; x_wconf 79' lang='lat' dir='ltr'>provincia</span> <span class='ocrx_word' id='word_1_385' title='bbox 1899 3161 1996 3213; x_wconf 88' lang='lat' dir='ltr'>illa</span> <span class='ocrx_word' id='word_1_386' title='bbox 2021 3159 2163 3212; x_wconf 91' lang='lat' dir='ltr'>dun-</span> <span class='ocrx_word' id='word_1_387' title='bbox 2187 3167 2242 3242; x_wconf 68' lang='grc' dir='ltr'><strong>ρ</strong></span> <span class='ocrx_word' id='word_1_388' title='bbox 2265 3169 2359 3220; x_wconf 75' lang='lat' dir='ltr'>tur</span> <span class='ocrx_word' id='word_1_389' title='bbox 2385 3159 3014 3228; x_wconf 85' lang='lat' dir='ltr'>idoneum;Constituti</span> <span class='ocrx_word' id='word_1_390' title='bbox 3045 3156 3368 3230; x_wconf 81' lang='lat' dir='ltr'>presbyteri</span> <span class='ocrx_word' id='word_1_391' title='bbox 3391 3155 3474 3210; x_wconf 88' lang='lat' dir='ltr'>ad</span> <span class='ocrx_word' id='word_1_392' title='bbox 3492 3156 3626 3210; x_wconf 81' lang='lat' dir='ltr'>haec</span> <span class='ocrx_word' id='word_1_393' title='bbox 3646 3151 3909 3224; x_wconf 83' lang='lat' dir='ltr'>explenda</span> 
     </span>
    </p>
   </div>
   <div class='ocr_carea' id='block_1_62' title="bbox 549 3253 2164 3330">
    <p class='ocr_par' dir='ltr' id='par_1_62' title="bbox 549 3253 2164 3330">
     <span class='ocr_line' id='line_1_62' title="bbox 549 3253 2164 3330; baseline -0.01 -11"><span class='ocrx_word' id='word_1_394' title='bbox 549 3267 703 3319; x_wconf 81' lang='lat' dir='ltr'>taxat</span> <span class='ocrx_word' id='word_1_395' title='bbox 740 3263 801 3315; x_wconf 92' lang='lat' dir='ltr'>in</span> <span class='ocrx_word' id='word_1_396' title='bbox 849 3258 1216 3330; x_wconf 80' lang='lat' dir='ltr'>Syracusanis</span> <span class='ocrx_word' id='word_1_397' title='bbox 1258 3257 1508 3328; x_wconf 89' lang='lat' dir='ltr'>partibus</span> <span class='ocrx_word' id='word_1_398' title='bbox 1539 3255 1634 3308; x_wconf 90' lang='lat' dir='ltr'>alii</span> <span class='ocrx_word' id='word_1_399' title='bbox 1677 3253 1909 3308; x_wconf 91' lang='lat' dir='ltr'>cuilibet</span> <span class='ocrx_word' id='word_1_400' title='bbox 1951 3268 2164 3317; x_wconf 89' lang='lat' dir='ltr'>causas,</span> 
     </span>
    </p>
   </div>
   <div class='ocr_carea' id='block_1_63' title="bbox 552 3345 2170 3427">
    <p class='ocr_par' dir='ltr' id='par_1_63' title="bbox 552 3345 2170 3427">
     <span class='ocr_line' id='line_1_63' title="bbox 552 3345 2170 3427; baseline -0.009 -16"><span class='ocrx_word' id='word_1_401' title='bbox 552 3373 680 3427; x_wconf 64' lang='lat' dir='ltr'>quae</span> <span class='ocrx_word' id='word_1_402' title='bbox 705 3354 778 3409; x_wconf 92' lang='lat' dir='ltr'>ad</span> <span class='ocrx_word' id='word_1_403' title='bbox 791 3356 973 3408; x_wconf 90' lang='lat' dir='ltr'>Deum</span> <span class='ocrx_word' id='word_1_404' title='bbox 989 3351 1296 3422; x_wconf 87' lang='lat' dir='ltr'>pertinent,</span> <span class='ocrx_word' id='word_1_405' title='bbox 1323 3347 1768 3412; x_wconf 90' lang='lat' dir='ltr'>committamus,</span> <span class='ocrx_word' id='word_1_406' title='bbox 1791 3345 1900 3398; x_wconf 90' lang='lat' dir='ltr'>nisi</span> <span class='ocrx_word' id='word_1_407' title='bbox 1923 3345 2070 3398; x_wconf 83' lang='lat' dir='ltr'>forte</span> <span class='ocrx_word' id='word_1_408' title='bbox 2091 3347 2170 3397; x_wconf 90' lang='lat' dir='ltr'>ta-</span> 
     </span>
    </p>
   </div>
   <div class='ocr_carea' id='block_1_64' title="bbox 551 3435 2168 3517">
    <p class='ocr_par' dir='ltr' id='par_1_64' title="bbox 551 3435 2168 3517">
     <span class='ocr_line' id='line_1_64' title="bbox 551 3435 2168 3517; baseline -0.01 -14"><span class='ocrx_word' id='word_1_409' title='bbox 551 3450 668 3504; x_wconf 92' lang='lat' dir='ltr'>lem</span> <span class='ocrx_word' id='word_1_410' title='bbox 696 3463 799 3517; x_wconf 90' lang='lat' dir='ltr'>per</span> <span class='ocrx_word' id='word_1_411' title='bbox 829 3449 882 3500; x_wconf 90' lang='lat' dir='ltr'>te</span> <span class='ocrx_word' id='word_1_412' title='bbox 903 3446 1050 3498; x_wconf 90' lang='lat' dir='ltr'>Deus</span> <span class='ocrx_word' id='word_1_413' title='bbox 1071 3459 1223 3496; x_wconf 91' lang='lat' dir='ltr'>nunc</span> <span class='ocrx_word' id='word_1_414' title='bbox 1247 3441 1306 3495; x_wconf 91' lang='lat' dir='ltr'>in</span> <span class='ocrx_word' id='word_1_415' title='bbox 1325 3439 1614 3496; x_wconf 88' lang='lat' dir='ltr'>Catinensi</span> <span class='ocrx_word' id='word_1_416' title='bbox 1663 3437 1878 3506; x_wconf 88' lang='lat' dir='ltr'>eligere</span> <span class='ocrx_word' id='word_1_417' title='bbox 1907 3435 2168 3500; x_wconf 87' lang='lat' dir='ltr'>voluerit,</span> 
     </span>
    </p>
   </div>
   <div class='ocr_carea' id='block_1_65' title="bbox 555 3516 2170 3610">
    <p class='ocr_par' dir='ltr' id='par_1_65' title="bbox 555 3516 2170 3610">
     <span class='ocr_line' id='line_1_65' title="bbox 555 3516 2170 3610; baseline -0.01 -15"><span class='ocrx_word' id='word_1_418' title='bbox 555 3542 625 3596; x_wconf 89' lang='lat' dir='ltr'>de</span> <span class='ocrx_word' id='word_1_419' title='bbox 653 3540 811 3610; x_wconf 90' lang='lat' dir='ltr'>cujus</span> <span class='ocrx_word' id='word_1_420' title='bbox 845 3535 1192 3592; x_wconf 89' lang='lat' dir='ltr'>conscientia</span> <span class='ocrx_word' id='word_1_421' title='bbox 1237 3533 1522 3604; x_wconf 90' lang='lat' dir='ltr'>possimus</span> <span class='ocrx_word' id='word_1_422' title='bbox 1552 3547 1672 3584; x_wconf 91' lang='lat' dir='ltr'>esse</span> <span class='ocrx_word' id='word_1_423' title='bbox 1722 3529 1927 3596; x_wconf 88' lang='lat' dir='ltr'>securi,</span> <span class='ocrx_word' id='word_1_424' title='bbox 1960 3531 2024 3582; x_wconf 92' lang='lat' dir='ltr'>ut</span> <span class='ocrx_word' id='word_1_425' title='bbox 2051 3544 2086 3581; x_wconf 91' lang='lat' dir='ltr'>a</span> <span class='ocrx_word' id='word_1_426' title='bbox 2113 3516 2170 3580; x_wconf 80' lang='lat' dir='ltr'>te</span> 
     </span>
    </p>
   </div>
   <div class='ocr_carea' id='block_1_66' title="bbox 554 3622 2171 3700">
    <p class='ocr_par' dir='ltr' id='par_1_66' title="bbox 554 3622 2171 3700">
     <span class='ocr_line' id='line_1_66' title="bbox 554 3622 2171 3700; baseline -0.009 -12"><span class='ocrx_word' id='word_1_427' title='bbox 554 3635 779 3688; x_wconf 88' lang='lat' dir='ltr'>labores</span> <span class='ocrx_word' id='word_1_428' title='bbox 804 3631 940 3685; x_wconf 91' lang='lat' dir='ltr'>istos</span> <span class='ocrx_word' id='word_1_429' title='bbox 953 3629 1245 3700; x_wconf 87' lang='lat' dir='ltr'>paululum</span> <span class='ocrx_word' id='word_1_430' title='bbox 1259 3640 1554 3680; x_wconf 88' lang='lat' dir='ltr'>removere</span> <span class='ocrx_word' id='word_1_431' title='bbox 1568 3623 1865 3694; x_wconf 88' lang='lat' dir='ltr'>possimus.</span> <span class='ocrx_word' id='word_1_432' title='bbox 1875 3623 1890 3692; x_wconf 95' lang='lat'>)</span> <span class='ocrx_word' id='word_1_433' title='bbox 1902 3622 2022 3676; x_wconf 80' lang='lat' dir='ltr'>Mox</span> <span class='ocrx_word' id='word_1_434' title='bbox 2034 3635 2171 3690; x_wconf 88' lang='lat' dir='ltr'>ergo</span> 
     </span>
    </p>
   </div>
   <div class='ocr_carea' id='block_1_67' title="bbox 554 3712 2174 3790">
    <p class='ocr_par' dir='ltr' id='par_1_67' title="bbox 554 3712 2174 3790">
     <span class='ocr_line' id='line_1_67' title="bbox 554 3712 2174 3790; baseline -0.01 -9"><span class='ocrx_word' id='word_1_435' title='bbox 554 3725 787 3782; x_wconf 86' lang='lat' dir='ltr'>Dilectio</span> <span class='ocrx_word' id='word_1_436' title='bbox 809 3727 908 3778; x_wconf 89' lang='lat' dir='ltr'>tua</span> <span class='ocrx_word' id='word_1_437' title='bbox 944 3722 1016 3776; x_wconf 91' lang='lat' dir='ltr'>ad</span> <span class='ocrx_word' id='word_1_438' title='bbox 1062 3719 1448 3790; x_wconf 88' lang='lat' dir='ltr'>supradictam</span> <span class='ocrx_word' id='word_1_439' title='bbox 1479 3716 1844 3772; x_wconf 88' lang='lat' dir='ltr'>Catinensem</span> <span class='ocrx_word' id='word_1_440' title='bbox 1872 3712 2174 3769; x_wconf 86' lang='lat' dir='ltr'>ecclesiam</span> 
     </span>
    </p>
   </div>
   <div class='ocr_carea' id='block_1_68' title="bbox 556 3806 2172 3891">
    <p class='ocr_par' dir='ltr' id='par_1_68' title="bbox 556 3806 2172 3891">
     <span class='ocr_line' id='line_1_68' title="bbox 556 3806 2172 3891; baseline -0.009 -17"><span class='ocrx_word' id='word_1_441' title='bbox 556 3822 779 3891; x_wconf 89' lang='lat' dir='ltr'>pergat,</span> <span class='ocrx_word' id='word_1_442' title='bbox 806 3819 866 3870; x_wconf 90' lang='lat' dir='ltr'>et</span> <span class='ocrx_word' id='word_1_443' title='bbox 888 3813 1182 3869; x_wconf 88' lang='lat' dir='ltr'>hominem</span> <span class='ocrx_word' id='word_1_444' title='bbox 1213 3812 1284 3866; x_wconf 91' lang='lat' dir='ltr'>de</span> <span class='ocrx_word' id='word_1_445' title='bbox 1318 3812 1491 3875; x_wconf 91' lang='lat' dir='ltr'>clero,</span> <span class='ocrx_word' id='word_1_446' title='bbox 1528 3807 1624 3879; x_wconf 88' lang='lat' dir='ltr'>qui</span> <span class='ocrx_word' id='word_1_447' title='bbox 1652 3824 1758 3862; x_wconf 89' lang='lat' dir='ltr'>nec</span> <span class='ocrx_word' id='word_1_448' title='bbox 1795 3823 2029 3862; x_wconf 84' lang='lat' dir='ltr'>uxorem</span> <span class='ocrx_word' id='word_1_449' title='bbox 2071 3806 2172 3860; x_wconf 89' lang='lat' dir='ltr'>ha-</span> 
     </span>
    </p>
   </div>
   <div class='ocr_carea' id='block_1_69' title="bbox 557 3896 2172 3978">
    <p class='ocr_par' dir='ltr' id='par_1_69' title="bbox 557 3896 2172 3978">
     <span class='ocr_line' id='line_1_69' title="bbox 557 3896 2172 3978; baseline -0.009 -12"><span class='ocrx_word' id='word_1_450' title='bbox 557 3912 712 3978; x_wconf 87' lang='lat' dir='ltr'>beat,</span> <span class='ocrx_word' id='word_1_451' title='bbox 741 3927 846 3964; x_wconf 90' lang='lat' dir='ltr'>nec</span> <span class='ocrx_word' id='word_1_452' title='bbox 871 3907 1039 3972; x_wconf 79' lang='lat' dir='ltr'>filios,</span> <span class='ocrx_word' id='word_1_453' title='bbox 1073 3921 1179 3960; x_wconf 91' lang='lat' dir='ltr'>nec</span> <span class='ocrx_word' id='word_1_454' title='bbox 1204 3903 1422 3958; x_wconf 87' lang='lat' dir='ltr'>crimen</span> <span class='ocrx_word' id='word_1_455' title='bbox 1451 3900 1685 3971; x_wconf 89' lang='lat' dir='ltr'>aliquod</span> <span class='ocrx_word' id='word_1_456' title='bbox 1721 3899 2036 3954; x_wconf 90' lang='lat' dir='ltr'>canonibus</span> <span class='ocrx_word' id='word_1_457' title='bbox 2065 3896 2172 3952; x_wconf 90' lang='lat' dir='ltr'>ini-</span> 
     </span>
    </p>
   </div>
   <div class='ocr_carea' id='block_1_70' title="bbox 559 3994 2174 4070">
    <p class='ocr_par' dir='ltr' id='par_1_70' title="bbox 559 3994 2174 4070">
     <span class='ocr_line' id='line_1_70' title="bbox 559 3994 2174 4070; baseline -0.01 -11"><span class='ocrx_word' id='word_1_458' title='bbox 559 4005 794 4069; x_wconf 91' lang='lat' dir='ltr'>micum,</span> <span class='ocrx_word' id='word_1_459' title='bbox 818 4001 950 4070; x_wconf 87' lang='lat' dir='ltr'>eligi</span> <span class='ocrx_word' id='word_1_460' title='bbox 990 4014 1120 4052; x_wconf 90' lang='lat' dir='ltr'>cum</span> <span class='ocrx_word' id='word_1_461' title='bbox 1146 3995 1352 4050; x_wconf 82' lang='lat' dir='ltr'>auxilio</span> <span class='ocrx_word' id='word_1_462' title='bbox 1377 3994 1480 4048; x_wconf 90' lang='lat' dir='ltr'>Dei</span> <span class='ocrx_word' id='word_1_463' title='bbox 1507 3994 1813 4065; x_wconf 89' lang='lat' dir='ltr'>compellat</span> <span class='ocrx_word' id='word_1_464' title='bbox 1849 3995 2020 4062; x_wconf 86' lang='lat' dir='ltr'>atque</span> <span class='ocrx_word' id='word_1_465' title='bbox 2048 4006 2174 4044; x_wconf 89' lang='lat' dir='ltr'>sua-</span> 
     </span>
    </p>
   </div>
   <div class='ocr_carea' id='block_1_71' title="bbox 564 4083 2176 4160">
    <p class='ocr_par' dir='ltr' id='par_1_71' title="bbox 564 4083 2176 4160">
     <span class='ocr_line' id='line_1_71' title="bbox 564 4083 2176 4160; baseline -0.008 -11"><span class='ocrx_word' id='word_1_466' title='bbox 564 4097 718 4160; x_wconf 89' lang='lat' dir='ltr'>deat,</span> <span class='ocrx_word' id='word_1_467' title='bbox 752 4097 810 4146; x_wconf 90' lang='lat' dir='ltr'>et</span> <span class='ocrx_word' id='word_1_468' title='bbox 829 4092 1022 4146; x_wconf 90' lang='lat' dir='ltr'>statim</span> <span class='ocrx_word' id='word_1_469' title='bbox 1051 4106 1181 4144; x_wconf 91' lang='lat' dir='ltr'>eum</span> <span class='ocrx_word' id='word_1_470' title='bbox 1209 4088 1281 4142; x_wconf 91' lang='lat' dir='ltr'>ad</span> <span class='ocrx_word' id='word_1_471' title='bbox 1303 4087 1502 4140; x_wconf 90' lang='lat' dir='ltr'>urbem</span> <span class='ocrx_word' id='word_1_472' title='bbox 1517 4087 1759 4140; x_wconf 82' lang='lat' dir='ltr'>Romam</span> <span class='ocrx_word' id='word_1_473' title='bbox 1791 4099 1920 4138; x_wconf 90' lang='lat' dir='ltr'>cum</span> <span class='ocrx_word' id='word_1_474' title='bbox 1948 4083 2176 4138; x_wconf 90' lang='lat' dir='ltr'>decreto</span> 
     </span>
    </p>
   </div>
   <div class='ocr_carea' id='block_1_72' title="bbox 566 4173 1913 4241">
    <p class='ocr_par' dir='ltr' id='par_1_72' title="bbox 566 4173 1913 4241">
     <span class='ocr_line' id='line_1_72' title="bbox 566 4173 1913 4241; baseline -0.008 0"><span class='ocrx_word' id='word_1_475' title='bbox 566 4191 626 4241; x_wconf 92' lang='lat' dir='ltr'>et</span> <span class='ocrx_word' id='word_1_476' title='bbox 649 4185 1047 4240; x_wconf 84' lang='lat' dir='ltr'>testiﬁcatione</span> <span class='ocrx_word' id='word_1_477' title='bbox 1073 4180 1361 4237; x_wconf 90' lang='lat' dir='ltr'>relationis</span> <span class='ocrx_word' id='word_1_478' title='bbox 1381 4185 1492 4234; x_wconf 64' lang='lat' dir='ltr'>tua:</span> <span class='ocrx_word' id='word_1_479' title='bbox 1518 4177 1838 4232; x_wconf 88' lang='lat' dir='ltr'>transmitte</span> <span class='ocrx_word' id='word_1_480' title='bbox 1867 4173 1913 4230; x_wconf 69' lang='grc' dir='ltr'>δ.</span> 
     </span>
    </p>
   </div>
   <div class='ocr_carea' id='block_1_73' title="bbox 1305 4285 1451 4322">
    <p class='ocr_par' dir='ltr' id='par_1_73' title="bbox 1305 4285 1451 4322">
     <span class='ocr_line' id='line_1_73' title="bbox 1305 4285 1451 4322; baseline 0 0"><span class='ocrx_word' id='word_1_481' title='bbox 1305 4285 1451 4322; x_wconf 73' lang='lat' dir='ltr'>IDEM.</span> 
     </span>
    </p>
   </div>
   <div class='ocr_carea' id='block_1_74' title="bbox 638 4354 2181 4426">
    <p class='ocr_par' dir='ltr' id='par_1_74' title="bbox 638 4354 2181 4426">
     <span class='ocr_line' id='line_1_74' title="bbox 638 4354 2181 4426; baseline -0.009 -5"><span class='ocrx_word' id='word_1_482' title='bbox 638 4370 660 4390; x_wconf 64' lang='grc' dir='ltr'>ί</span> <span class='ocrx_word' id='word_1_483' title='bbox 673 4361 1062 4420; x_wconf 86' lang='lat' dir='ltr'>Fraternitatis</span> <span class='ocrx_word' id='word_1_484' title='bbox 1083 4364 1194 4414; x_wconf 78' lang='lat' dir='ltr'>tuae</span> <span class='ocrx_word' id='word_1_485' title='bbox 1209 4359 1482 4414; x_wconf 88' lang='lat' dir='ltr'>relatione</span> <span class='ocrx_word' id='word_1_486' title='bbox 1499 4358 1776 4426; x_wconf 89' lang='lat' dir='ltr'>suscepta,</span> <span class='ocrx_word' id='word_1_487' title='bbox 1800 4355 1922 4426; x_wconf 89' lang='lat' dir='ltr'>ejus</span> <span class='ocrx_word' id='word_1_488' title='bbox 1938 4354 2181 4409; x_wconf 89' lang='lat' dir='ltr'>latorem</span> 
     </span>
    </p>
   </div>
   <div class='ocr_carea' id='block_1_75' title="bbox 568 4447 2180 4529">
    <p class='ocr_par' dir='ltr' id='par_1_75' title="bbox 568 4447 2180 4529">
     <span class='ocr_line' id='line_1_75' title="bbox 568 4447 2180 4529; baseline -0.01 -12"><span class='ocrx_word' id='word_1_489' title='bbox 568 4459 846 4516; x_wconf 89' lang='lat' dir='ltr'>secundas</span> <span class='ocrx_word' id='word_1_490' title='bbox 863 4456 1096 4529; x_wconf 90' lang='lat' dir='ltr'>quidem</span> <span class='ocrx_word' id='word_1_491' title='bbox 1127 4453 1353 4524; x_wconf 90' lang='lat' dir='ltr'>nuptias</span> <span class='ocrx_word' id='word_1_492' title='bbox 1379 4453 1674 4520; x_wconf 80' lang='lat' dir='ltr'>expertum</span> <span class='ocrx_word' id='word_1_493' title='bbox 1701 4465 1818 4502; x_wconf 92' lang='lat' dir='ltr'>non</span> <span class='ocrx_word' id='word_1_494' title='bbox 1843 4447 2016 4502; x_wconf 85' lang='lat' dir='ltr'>fuisse</span> <span class='ocrx_word' id='word_1_495' title='bbox 2037 4447 2180 4502; x_wconf 92' lang='lat' dir='ltr'>didi-</span> 
     </span>
    </p>
   </div>
   <div class='ocr_carea' id='block_1_76' title="bbox 2269 3247 3912 3326">
    <p class='ocr_par' dir='ltr' id='par_1_76' title="bbox 2269 3247 3912 3326">
     <span class='ocr_line' id='line_1_76' title="bbox 2269 3247 3912 3326; baseline -0.01 -14"><span class='ocrx_word' id='word_1_496' title='bbox 2269 3257 2370 3312; x_wconf 91' lang='lat' dir='ltr'>sibi</span> <span class='ocrx_word' id='word_1_497' title='bbox 2417 3255 2668 3326; x_wconf 87' lang='lat' dir='ltr'>exposcit</span> <span class='ocrx_word' id='word_1_498' title='bbox 2707 3249 2969 3308; x_wconf 85' lang='lat' dir='ltr'>adhiberi</span> <span class='ocrx_word' id='word_1_499' title='bbox 3015 3265 3368 3322; x_wconf 86' lang='lat' dir='ltr'>personam:</span> <span class='ocrx_word' id='word_1_500' title='bbox 3421 3251 3492 3302; x_wconf 87' lang='lat' dir='ltr'>ut</span> <span class='ocrx_word' id='word_1_501' title='bbox 3523 3265 3593 3301; x_wconf 88' lang='lat' dir='ltr'>ea</span> <span class='ocrx_word' id='word_1_502' title='bbox 3635 3263 3765 3318; x_wconf 66' lang='lat' dir='ltr'>qum</span> <span class='ocrx_word' id='word_1_503' title='bbox 3801 3247 3912 3297; x_wconf 88' lang='lat' dir='ltr'>sunt</span> 
     </span>
    </p>
   </div>
   <div class='ocr_carea' id='block_1_77' title="bbox 2269 3338 3912 3416">
    <p class='ocr_par' dir='ltr' id='par_1_77' title="bbox 2269 3338 3912 3416">
     <span class='ocr_line' id='line_1_77' title="bbox 2269 3338 3912 3416; baseline -0.009 -12"><span class='ocrx_word' id='word_1_504' title='bbox 2269 3347 2606 3414; x_wconf 90' lang='lat' dir='ltr'>necessaria,</span> <span class='ocrx_word' id='word_1_505' title='bbox 2623 3344 2975 3416; x_wconf 91' lang='lat' dir='ltr'>competenti</span> <span class='ocrx_word' id='word_1_506' title='bbox 2990 3343 3335 3414; x_wconf 89' lang='lat' dir='ltr'>disponente</span> <span class='ocrx_word' id='word_1_507' title='bbox 3351 3339 3758 3395; x_wconf 89' lang='lat' dir='ltr'>sollicitudine</span> <span class='ocrx_word' id='word_1_508' title='bbox 3772 3338 3912 3398; x_wconf 80' lang='lat' dir='ltr'>ﬁant,</span> 
     </span>
    </p>
   </div>
   <div class='ocr_carea' id='block_1_78' title="bbox 2271 3430 3913 3505">
    <p class='ocr_par' dir='ltr' id='par_1_78' title="bbox 2271 3430 3913 3505">
     <span class='ocr_line' id='line_1_78' title="bbox 2271 3430 3913 3505; baseline -0.01 -9"><span class='ocrx_word' id='word_1_509' title='bbox 2271 3441 2411 3496; x_wconf 91' lang='lat' dir='ltr'>nihil</span> <span class='ocrx_word' id='word_1_510' title='bbox 2441 3439 2712 3494; x_wconf 89' lang='lat' dir='ltr'>indecens</span> <span class='ocrx_word' id='word_1_511' title='bbox 2738 3437 2883 3504; x_wconf 84' lang='lat' dir='ltr'>ﬁeri,</span> <span class='ocrx_word' id='word_1_512' title='bbox 2905 3437 2991 3490; x_wconf 86' lang='lat' dir='ltr'>vel</span> <span class='ocrx_word' id='word_1_513' title='bbox 3016 3435 3218 3490; x_wconf 92' lang='lat' dir='ltr'>inutile</span> <span class='ocrx_word' id='word_1_514' title='bbox 3241 3433 3656 3505; x_wconf 88' lang='lat' dir='ltr'>permittatur.</span> <span class='ocrx_word' id='word_1_515' title='bbox 3681 3430 3913 3498; x_wconf 87' lang='lat' dir='ltr'>Ideoque</span> 
     </span>
    </p>
   </div>
   <div class='ocr_carea' id='block_1_79' title="bbox 2269 3525 3915 3606">
    <p class='ocr_par' dir='ltr' id='par_1_79' title="bbox 2269 3525 3915 3606">
     <span class='ocr_line' id='line_1_79' title="bbox 2269 3525 3915 3606; baseline -0.009 -18"><span class='ocrx_word' id='word_1_516' title='bbox 2269 3531 2540 3606; x_wconf 83' lang='lat' dir='ltr'>praesenti</span> <span class='ocrx_word' id='word_1_517' title='bbox 2595 3530 2753 3586; x_wconf 89' lang='lat' dir='ltr'>vobis</span> <span class='ocrx_word' id='word_1_518' title='bbox 2797 3528 3056 3600; x_wconf 90' lang='lat' dir='ltr'>jussione</span> <span class='ocrx_word' id='word_1_519' title='bbox 3105 3526 3535 3599; x_wconf 66' lang='lat' dir='ltr'>praecipimus,</span> <span class='ocrx_word' id='word_1_520' title='bbox 3594 3527 3663 3579; x_wconf 91' lang='lat' dir='ltr'>ut</span> <span class='ocrx_word' id='word_1_521' title='bbox 3711 3525 3915 3578; x_wconf 83' lang='lat' dir='ltr'>servata</span> 
     </span>
    </p>
   </div>
   <div class='ocr_carea' id='block_1_80' title="bbox 2271 3617 3911 3698">
    <p class='ocr_par' dir='ltr' id='par_1_80' title="bbox 2271 3617 3911 3698">
     <span class='ocr_line' id='line_1_80' title="bbox 2271 3617 3911 3698; baseline -0.009 -17"><span class='ocrx_word' id='word_1_522' title='bbox 2271 3627 2458 3698; x_wconf 90' lang='lat' dir='ltr'>primo</span> <span class='ocrx_word' id='word_1_523' title='bbox 2479 3625 2538 3678; x_wconf 90' lang='lat' dir='ltr'>in</span> <span class='ocrx_word' id='word_1_524' title='bbox 2563 3624 2688 3678; x_wconf 92' lang='lat' dir='ltr'>loco</span> <span class='ocrx_word' id='word_1_525' title='bbox 2717 3622 2979 3694; x_wconf 89' lang='lat' dir='ltr'>episcopo</span> <span class='ocrx_word' id='word_1_526' title='bbox 3007 3622 3340 3674; x_wconf 88' lang='lat' dir='ltr'>memorato</span> <span class='ocrx_word' id='word_1_527' title='bbox 3360 3617 3731 3682; x_wconf 88' lang='lat' dir='ltr'>reverentia,</span> <span class='ocrx_word' id='word_1_528' title='bbox 3756 3629 3911 3686; x_wconf 88' lang='lat' dir='ltr'>quam</span> 
     </span>
    </p>
   </div>
   <div class='ocr_carea' id='block_1_81' title="bbox 2271 3705 3912 3789">
    <p class='ocr_par' dir='ltr' id='par_1_81' title="bbox 2271 3705 3912 3789">
     <span class='ocr_line' id='line_1_81' title="bbox 2271 3705 3912 3789; baseline -0.007 -17"><span class='ocrx_word' id='word_1_529' title='bbox 2271 3735 2370 3773; x_wconf 92' lang='lat' dir='ltr'>vos</span> <span class='ocrx_word' id='word_1_530' title='bbox 2400 3719 2557 3789; x_wconf 71' lang='grc' dir='ltr'>[ϐοά.</span> <span class='ocrx_word' id='word_1_531' title='bbox 2595 3719 2744 3774; x_wconf 86' lang='lat' dir='ltr'>Vat..</span> <span class='ocrx_word' id='word_1_532' title='bbox 2774 3715 2908 3784; x_wconf 90' lang='lat' dir='ltr'>nos]</span> <span class='ocrx_word' id='word_1_533' title='bbox 2954 3712 3228 3768; x_wconf 90' lang='lat' dir='ltr'>convenit</span> <span class='ocrx_word' id='word_1_534' title='bbox 3279 3709 3734 3782; x_wconf 86' lang='lat' dir='ltr'>inculpabiliter</span> <span class='ocrx_word' id='word_1_535' title='bbox 3777 3705 3912 3762; x_wconf 78' lang='lat' dir='ltr'>exhi-</span> 
     </span>
    </p>
   </div>
   <div class='ocr_carea' id='block_1_82' title="bbox 2273 3800 3914 3878">
    <p class='ocr_par' dir='ltr' id='par_1_82' title="bbox 2273 3800 3914 3878">
     <span class='ocr_line' id='line_1_82' title="bbox 2273 3800 3914 3878; baseline -0.007 -13"><span class='ocrx_word' id='word_1_536' title='bbox 2273 3811 2431 3877; x_wconf 89' lang='lat' dir='ltr'>bere,</span> <span class='ocrx_word' id='word_1_537' title='bbox 2463 3810 2522 3863; x_wconf 93' lang='lat' dir='ltr'>in</span> <span class='ocrx_word' id='word_1_538' title='bbox 2555 3808 2840 3874; x_wconf 90' lang='lat' dir='ltr'>omnibus,</span> <span class='ocrx_word' id='word_1_539' title='bbox 2871 3823 2999 3878; x_wconf 67' lang='lat' dir='ltr'>quae</span> <span class='ocrx_word' id='word_1_540' title='bbox 3026 3805 3101 3860; x_wconf 90' lang='lat' dir='ltr'>ad</span> <span class='ocrx_word' id='word_1_541' title='bbox 3129 3803 3312 3859; x_wconf 90' lang='lat' dir='ltr'>divini</span> <span class='ocrx_word' id='word_1_542' title='bbox 3355 3805 3560 3858; x_wconf 89' lang='lat' dir='ltr'>cultus</span> <span class='ocrx_word' id='word_1_543' title='bbox 3591 3800 3914 3872; x_wconf 87' lang='lat' dir='ltr'>obsequium</span> 
     </span>
    </p>
   </div>
   <div class='ocr_carea' id='block_1_83' title="bbox 2275 3896 3916 3976">
    <p class='ocr_par' dir='ltr' id='par_1_83' title="bbox 2275 3896 3916 3976">
     <span class='ocr_line' id='line_1_83' title="bbox 2275 3896 3916 3976; baseline -0.007 -19"><span class='ocrx_word' id='word_1_544' title='bbox 2275 3902 2584 3976; x_wconf 90' lang='lat' dir='ltr'>pertinent,</span> <span class='ocrx_word' id='word_1_545' title='bbox 2612 3901 2700 3956; x_wconf 86' lang='lat' dir='ltr'>vel</span> <span class='ocrx_word' id='word_1_546' title='bbox 2729 3916 2855 3970; x_wconf 67' lang='lat' dir='ltr'>quae</span> <span class='ocrx_word' id='word_1_547' title='bbox 2887 3898 3288 3953; x_wconf 71' lang='lat' dir='ltr'>ecclesiasticas</span> <span class='ocrx_word' id='word_1_548' title='bbox 3316 3896 3606 3951; x_wconf 89' lang='lat' dir='ltr'>utilitatis</span> <span class='ocrx_word' id='word_1_549' title='bbox 3655 3906 3916 3968; x_wconf 84' lang='lat' dir='ltr'>peragere</span> 
     </span>
    </p>
   </div>
   <div class='ocr_carea' id='block_1_84' title="bbox 2277 3987 3916 4064">
    <p class='ocr_par' dir='ltr' id='par_1_84' title="bbox 2277 3987 3916 4064">
     <span class='ocr_line' id='line_1_84' title="bbox 2277 3987 3916 4064; baseline -0.007 -14"><span class='ocrx_word' id='word_1_550' title='bbox 2277 4013 2412 4050; x_wconf 88' lang='lat' dir='ltr'>cura</span> <span class='ocrx_word' id='word_1_551' title='bbox 2459 3993 2728 4060; x_wconf 88' lang='lat' dir='ltr'>suaserit,</span> <span class='ocrx_word' id='word_1_552' title='bbox 2779 3991 3082 4064; x_wconf 64' lang='lat' dir='ltr'>preebeatis</span> <span class='ocrx_word' id='word_1_553' title='bbox 3138 3989 3558 4045; x_wconf 89' lang='lat' dir='ltr'>obedientiam</span> <span class='ocrx_word' id='word_1_554' title='bbox 3615 3987 3916 4044; x_wconf 85' lang='lat' dir='ltr'>Constituto</span> 
     </span>
    </p>
   </div>
   <div class='ocr_carea' id='block_1_85' title="bbox 2279 4084 3914 4160">
    <p class='ocr_par' dir='ltr' id='par_1_85' title="bbox 2279 4084 3914 4160">
     <span class='ocr_line' id='line_1_85' title="bbox 2279 4084 3914 4160; baseline -0.007 -16"><span class='ocrx_word' id='word_1_555' title='bbox 2279 4087 2619 4160; x_wconf 88' lang='lat' dir='ltr'>[Constituto</span> <span class='ocrx_word' id='word_1_556' title='bbox 2645 4087 2792 4141; x_wconf 84' lang='lat' dir='ltr'>abest</span> <span class='ocrx_word' id='word_1_557' title='bbox 2816 4103 2852 4140; x_wconf 89' lang='lat' dir='ltr'>a</span> <span class='ocrx_word' id='word_1_558' title='bbox 2880 4085 3008 4143; x_wconf 85' lang='lat' dir='ltr'>Cod.</span> <span class='ocrx_word' id='word_1_559' title='bbox 3048 4087 3175 4140; x_wconf 87' lang='lat' dir='ltr'>Vat.</span> <span class='ocrx_word' id='word_1_560' title='bbox 3207 4084 3438 4154; x_wconf 79' lang='lat' dir='ltr'>ubique]</span> <span class='ocrx_word' id='word_1_561' title='bbox 3473 4085 3914 4154; x_wconf 81' lang='lat' dir='ltr'>competentem,</span> 
     </span>
    </p>
   </div>
   <div class='ocr_carea' id='block_1_86' title="bbox 2278 4171 3918 4250">
    <p class='ocr_par' dir='ltr' id='par_1_86' title="bbox 2278 4171 3918 4250">
     <span class='ocr_line' id='line_1_86' title="bbox 2278 4171 3918 4250; baseline -0.009 -14"><span class='ocrx_word' id='word_1_562' title='bbox 2278 4181 2339 4236; x_wconf 91' lang='lat' dir='ltr'>in</span> <span class='ocrx_word' id='word_1_563' title='bbox 2361 4180 2518 4236; x_wconf 92' lang='lat' dir='ltr'>nullo</span> <span class='ocrx_word' id='word_1_564' title='bbox 2541 4178 3006 4250; x_wconf 90' lang='lat' dir='ltr'>dispositionibus</span> <span class='ocrx_word' id='word_1_565' title='bbox 3027 4176 3152 4246; x_wconf 89' lang='lat' dir='ltr'>ejus</span> <span class='ocrx_word' id='word_1_566' title='bbox 3169 4175 3375 4247; x_wconf 90' lang='lat' dir='ltr'>spiritu</span> <span class='ocrx_word' id='word_1_567' title='bbox 3398 4173 3752 4230; x_wconf 89' lang='lat' dir='ltr'>contumaci</span> <span class='ocrx_word' id='word_1_568' title='bbox 3771 4171 3918 4227; x_wconf 87' lang='lat' dir='ltr'>resul-</span> 
     </span>
    </p>
   </div>
   <div class='ocr_carea' id='block_1_87' title="bbox 2281 4263 3914 4344">
    <p class='ocr_par' dir='ltr' id='par_1_87' title="bbox 2281 4263 3914 4344">
     <span class='ocr_line' id='line_1_87' title="bbox 2281 4263 3914 4344; baseline -0.007 -15"><span class='ocrx_word' id='word_1_569' title='bbox 2281 4277 2468 4328; x_wconf 91' lang='lat' dir='ltr'>tantes</span> <span class='ocrx_word' id='word_1_570' title='bbox 2507 4273 2726 4344; x_wconf 85' lang='lat' dir='ltr'>(Forsan</span> <span class='ocrx_word' id='word_1_571' title='bbox 2754 4270 3144 4340; x_wconf 87' lang='lat' dir='ltr'>reluctantes),</span> <span class='ocrx_word' id='word_1_572' title='bbox 3197 4268 3338 4335; x_wconf 90' lang='lat' dir='ltr'>imo,</span> <span class='ocrx_word' id='word_1_573' title='bbox 3373 4267 3757 4341; x_wconf 90' lang='lat' dir='ltr'>competenti</span> <span class='ocrx_word' id='word_1_574' title='bbox 3799 4263 3914 4334; x_wconf 81' lang='lat' dir='ltr'>vigi-</span> 
     </span>
    </p>
   </div>
   <div class='ocr_carea' id='block_1_88' title="bbox 2281 4359 3917 4434">
    <p class='ocr_par' dir='ltr' id='par_1_88' title="bbox 2281 4359 3917 4434">
     <span class='ocr_line' id='line_1_88' title="bbox 2281 4359 3917 4434; baseline -0.009 -13"><span class='ocrx_word' id='word_1_575' title='bbox 2281 4366 2472 4421; x_wconf 88' lang='lat' dir='ltr'>lantiae</span> <span class='ocrx_word' id='word_1_576' title='bbox 2486 4368 2689 4418; x_wconf 67' lang='lat' dir='ltr'>vestra:</span> <span class='ocrx_word' id='word_1_577' title='bbox 2719 4363 2930 4429; x_wconf 88' lang='lat' dir='ltr'>studio,</span> <span class='ocrx_word' id='word_1_578' title='bbox 2958 4379 3087 4434; x_wconf 76' lang='lat' dir='ltr'>quae</span> <span class='ocrx_word' id='word_1_579' title='bbox 3121 4377 3228 4433; x_wconf 90' lang='lat' dir='ltr'>pro</span> <span class='ocrx_word' id='word_1_580' title='bbox 3258 4361 3674 4416; x_wconf 86' lang='lat' dir='ltr'>ecclesiastica</span> <span class='ocrx_word' id='word_1_581' title='bbox 3699 4359 3917 4414; x_wconf 84' lang='lat' dir='ltr'>utilitate</span> 
     </span>
    </p>
   </div>
   <div class='ocr_carea' id='block_1_89' title="bbox 2283 4449 3919 4529">
    <p class='ocr_par' dir='ltr' id='par_1_89' title="bbox 2283 4449 3919 4529">
     <span class='ocr_line' id='line_1_89' title="bbox 2283 4449 3919 4529; baseline -0.007 -16"><span class='ocrx_word' id='word_1_582' title='bbox 2283 4457 2540 4529; x_wconf 87' lang='lat' dir='ltr'>gerenda</span> <span class='ocrx_word' id='word_1_583' title='bbox 2565 4457 2915 4512; x_wconf 90' lang='lat' dir='ltr'>Constitutus</span> <span class='ocrx_word' id='word_1_584' title='bbox 2958 4455 3274 4521; x_wconf 89' lang='lat' dir='ltr'>monuerit,</span> <span class='ocrx_word' id='word_1_585' title='bbox 3305 4455 3717 4527; x_wconf 89' lang='lat' dir='ltr'>adimplentes</span> <span class='ocrx_word' id='word_1_586' title='bbox 3740 4470 3755 4521; x_wconf 87' lang='lat'><strong>;</strong></span> <span class='ocrx_word' id='word_1_587' title='bbox 3778 4455 3836 4506; x_wconf 94' lang='lat' dir='ltr'>ut</span> <span class='ocrx_word' id='word_1_588' title='bbox 3853 4449 3919 4502; x_wconf 77' lang='lat' dir='ltr'>his</span> 
     </span>
    </p>
   </div>
   <div class='ocr_carea' id='block_1_90' title="bbox 569 4523 2169 4635">
    <p class='ocr_par' dir='ltr' id='par_1_90' title="bbox 569 4541 2169 4635">
     <span class='ocr_line' id='line_1_90' title="bbox 569 4541 2169 4635; baseline -0.009 -27"><span class='ocrx_word' id='word_1_589' title='bbox 569 4555 769 4622; x_wconf 91' lang='lat' dir='ltr'>cimus,</span> <span class='ocrx_word' id='word_1_590' title='bbox 803 4550 1126 4635; x_wconf 79' lang='lat' dir='ltr'>castitatem</span> <span class='ocrx_word' id='word_1_591' title='bbox 1158 4550 1354 4599; x_wconf 85' lang='lat' dir='ltr'>tamen</span> <span class='ocrx_word' id='word_1_592' title='bbox 1385 4559 1517 4598; x_wconf 90' lang='lat' dir='ltr'>eum</span> <span class='ocrx_word' id='word_1_593' title='bbox 1558 4541 1732 4613; x_wconf 89' lang='lat' dir='ltr'>priori</span> <span class='ocrx_word' id='word_1_594' title='bbox 1777 4557 1893 4596; x_wconf 91' lang='lat' dir='ltr'>non</span> <span class='ocrx_word' id='word_1_595' title='bbox 1934 4557 2169 4594; x_wconf 70' lang='lat' dir='ltr'>servasse</span> 
     </span>
    </p>
   </div>
   <div class='ocr_carea' id='block_1_91' title="bbox 2275 4523 3926 4635">
    <p class='ocr_par' dir='ltr' id='par_1_91' title="bbox 2289 4547 3926 4622">
     <span class='ocr_line' id='line_1_91' title="bbox 2289 4547 3926 4622; baseline -0.007 -16"><span class='ocrx_word' id='word_1_596' title='bbox 2289 4553 2369 4606; x_wconf 88' lang='lat' dir='ltr'>ita</span> <span class='ocrx_word' id='word_1_597' title='bbox 2395 4550 2700 4622; x_wconf 89' lang='lat' dir='ltr'>dispositis,</span> <span class='ocrx_word' id='word_1_598' title='bbox 2725 4553 2784 4605; x_wconf 90' lang='lat' dir='ltr'>et</span> <span class='ocrx_word' id='word_1_599' title='bbox 2809 4552 3084 4604; x_wconf 88' lang='lat' dir='ltr'>consueta</span> <span class='ocrx_word' id='word_1_600' title='bbox 3103 4548 3266 4602; x_wconf 89' lang='lat' dir='ltr'>vobis</span> <span class='ocrx_word' id='word_1_601' title='bbox 3288 4547 3603 4618; x_wconf 89' lang='lat' dir='ltr'>stipendia</span> <span class='ocrx_word' id='word_1_602' title='bbox 3626 4547 3926 4602; x_wconf 88' lang='lat' dir='ltr'>ministren-</span> 
     </span>
    </p>
   </div>
   <div class='ocr_carea' id='block_1_92' title="bbox 569 4632 2189 4717">
    <p class='ocr_par' dir='ltr' id='par_1_92' title="bbox 569 4632 2189 4717">
     <span class='ocr_line' id='line_1_92' title="bbox 569 4632 2189 4717; baseline -0.01 -15"><span class='ocrx_word' id='word_1_603' title='bbox 569 4645 838 4717; x_wconf 90' lang='lat' dir='ltr'>conjugio</span> <span class='ocrx_word' id='word_1_604' title='bbox 867 4632 1200 4711; x_wconf 84' lang='lat' dir='ltr'>designasti.</span> <span class='ocrx_word' id='word_1_605' title='bbox 1231 4641 1298 4694; x_wconf 87' lang='lat' dir='ltr'>Et</span> <span class='ocrx_word' id='word_1_606' title='bbox 1323 4635 1576 4708; x_wconf 87' lang='lat' dir='ltr'>quamvis</span> <span class='ocrx_word' id='word_1_607' title='bbox 1610 4635 1790 4688; x_wconf 89' lang='lat' dir='ltr'>multa</span> <span class='ocrx_word' id='word_1_608' title='bbox 1829 4633 1944 4687; x_wconf 87' lang='lat' dir='ltr'>sint</span> <span class='ocrx_word' id='word_1_609' title='bbox 1973 4649 2100 4703; x_wconf 78' lang='lat' dir='ltr'>quae</span> <span class='ocrx_word' id='word_1_610' title='bbox 2130 4632 2189 4686; x_wconf 92' lang='lat' dir='ltr'>in</span> 
     </span>
    </p>
   </div>
   <div class='ocr_carea' id='block_1_93' title="bbox 569 4725 2193 4810">
    <p class='ocr_par' dir='ltr' id='par_1_93' title="bbox 569 4725 2193 4810">
     <span class='ocr_line' id='line_1_93' title="bbox 569 4725 2193 4810; baseline -0.011 -14"><span class='ocrx_word' id='word_1_611' title='bbox 569 4737 900 4810; x_wconf 89' lang='lat' dir='ltr'>hujusmodi</span> <span class='ocrx_word' id='word_1_612' title='bbox 944 4733 1166 4787; x_wconf 90' lang='lat' dir='ltr'>casibus</span> <span class='ocrx_word' id='word_1_613' title='bbox 1194 4729 1484 4786; x_wconf 88' lang='lat' dir='ltr'>observari</span> <span class='ocrx_word' id='word_1_614' title='bbox 1515 4727 1717 4798; x_wconf 89' lang='lat' dir='ltr'>jubeat</span> <span class='ocrx_word' id='word_1_615' title='bbox 1745 4725 2072 4780; x_wconf 90' lang='lat' dir='ltr'>subtilitatis</span> <span class='ocrx_word' id='word_1_616' title='bbox 2098 4742 2193 4779; x_wconf 88' lang='lat' dir='ltr'>au-</span> 
     </span>
    </p>
   </div>
   <div class='ocr_carea' id='block_1_94' title="bbox 573 4821 2190 4899">
    <p class='ocr_par' dir='ltr' id='par_1_94' title="bbox 573 4821 2190 4899">
     <span class='ocr_line' id='line_1_94' title="bbox 573 4821 2190 4899; baseline -0.01 -12"><span class='ocrx_word' id='word_1_617' title='bbox 573 4832 824 4899; x_wconf 87' lang='lat' dir='ltr'>ctoritas,</span> <span class='ocrx_word' id='word_1_618' title='bbox 850 4833 1047 4884; x_wconf 90' lang='lat' dir='ltr'>tamen</span> <span class='ocrx_word' id='word_1_619' title='bbox 1069 4825 1203 4898; x_wconf 90' lang='lat' dir='ltr'>quia</span> <span class='ocrx_word' id='word_1_620' title='bbox 1223 4823 1478 4877; x_wconf 83' lang='lat' dir='ltr'>defectus</span> <span class='ocrx_word' id='word_1_621' title='bbox 1498 4825 1828 4891; x_wconf 88' lang='lat' dir='ltr'>temporum</span> <span class='ocrx_word' id='word_1_622' title='bbox 1843 4821 2190 4884; x_wconf 90' lang='lat' dir='ltr'>nostrorum,</span> 
     </span>
    </p>
   </div>
   <div class='ocr_carea' id='block_1_95' title="bbox 575 4910 2194 4998">
    <p class='ocr_par' dir='ltr' id='par_1_95' title="bbox 575 4910 2194 4998">
     <span class='ocr_line' id='line_1_95' title="bbox 575 4910 2194 4998; baseline -0.011 -18"><span class='ocrx_word' id='word_1_623' title='bbox 575 4925 779 4998; x_wconf 90' lang='lat' dir='ltr'>quibus</span> <span class='ocrx_word' id='word_1_624' title='bbox 801 4939 914 4978; x_wconf 91' lang='lat' dir='ltr'>non</span> <span class='ocrx_word' id='word_1_625' title='bbox 931 4922 1116 4976; x_wconf 92' lang='lat' dir='ltr'>solum</span> <span class='ocrx_word' id='word_1_626' title='bbox 1135 4916 1362 4982; x_wconf 87' lang='lat' dir='ltr'>merita,</span> <span class='ocrx_word' id='word_1_627' title='bbox 1382 4914 1481 4968; x_wconf 90' lang='lat' dir='ltr'>sed</span> <span class='ocrx_word' id='word_1_628' title='bbox 1493 4929 1733 4985; x_wconf 88' lang='lat' dir='ltr'>corpora</span> <span class='ocrx_word' id='word_1_629' title='bbox 1751 4911 1871 4982; x_wconf 90' lang='lat' dir='ltr'>ipsa</span> <span class='ocrx_word' id='word_1_630' title='bbox 1893 4910 2194 4966; x_wconf 88' lang='lat' dir='ltr'>hominum</span> 
     </span>
    </p>
   </div>
   <div class='ocr_carea' id='block_1_96' title="bbox 577 5003 2195 5084">
    <p class='ocr_par' dir='ltr' id='par_1_96' title="bbox 577 5003 2195 5084">
     <span class='ocr_line' id='line_1_96' title="bbox 577 5003 2195 5084; baseline -0.011 -11"><span class='ocrx_word' id='word_1_631' title='bbox 577 5019 931 5084; x_wconf 86' lang='lat' dir='ltr'>defecerunt,</span> <span class='ocrx_word' id='word_1_632' title='bbox 953 5008 1480 5069; x_wconf 88' lang='lat' dir='ltr'>districtionisillius</span> <span class='ocrx_word' id='word_1_633' title='bbox 1493 5024 1609 5062; x_wconf 93' lang='lat' dir='ltr'>non</span> <span class='ocrx_word' id='word_1_634' title='bbox 1621 5006 1836 5078; x_wconf 90' lang='lat' dir='ltr'>patitur</span> <span class='ocrx_word' id='word_1_635' title='bbox 1854 5004 1912 5058; x_wconf 90' lang='lat' dir='ltr'>in</span> <span class='ocrx_word' id='word_1_636' title='bbox 1931 5003 2195 5059; x_wconf 91' lang='lat' dir='ltr'>omnibus</span> 
     </span>
    </p>
   </div>
   <div class='ocr_carea' id='block_1_97' title="bbox 577 5097 2193 5174">
    <p class='ocr_par' dir='ltr' id='par_1_97' title="bbox 577 5097 2193 5174">
     <span class='ocr_line' id='line_1_97' title="bbox 577 5097 2193 5174; baseline -0.011 -8"><span class='ocrx_word' id='word_1_637' title='bbox 577 5126 816 5166; x_wconf 86' lang='lat' dir='ltr'>manere</span> <span class='ocrx_word' id='word_1_638' title='bbox 869 5122 1190 5174; x_wconf 89' lang='lat' dir='ltr'>censuram,</span> <span class='ocrx_word' id='word_1_639' title='bbox 1233 5105 1292 5157; x_wconf 89' lang='lat' dir='ltr'>et</span> <span class='ocrx_word' id='word_1_640' title='bbox 1329 5105 1466 5156; x_wconf 64' lang='lat' dir='ltr'>astas</span> <span class='ocrx_word' id='word_1_641' title='bbox 1508 5100 1686 5167; x_wconf 89' lang='lat' dir='ltr'>istius,</span> <span class='ocrx_word' id='word_1_642' title='bbox 1719 5099 1790 5152; x_wconf 89' lang='lat' dir='ltr'>de</span> <span class='ocrx_word' id='word_1_643' title='bbox 1839 5113 1952 5168; x_wconf 90' lang='lat' dir='ltr'>quo</span> <span class='ocrx_word' id='word_1_644' title='bbox 1984 5097 2193 5168; x_wconf 87' lang='lat' dir='ltr'>agitur,</span> 
     </span>
    </p>
   </div>
   <div class='ocr_carea' id='block_1_98' title="bbox 578 5188 2198 5266">
    <p class='ocr_par' dir='ltr' id='par_1_98' title="bbox 578 5188 2198 5266">
     <span class='ocr_line' id='line_1_98' title="bbox 578 5188 2198 5266; baseline -0.009 -9"><span class='ocrx_word' id='word_1_645' title='bbox 578 5205 786 5258; x_wconf 64' lang='lat' dir='ltr'>futuras</span> <span class='ocrx_word' id='word_1_646' title='bbox 809 5197 1238 5256; x_wconf 59' lang='lat' dir='ltr'>incontinentiae</span> <span class='ocrx_word' id='word_1_647' title='bbox 1255 5194 1636 5266; x_wconf 87' lang='lat' dir='ltr'>suspicionem</span> <span class='ocrx_word' id='word_1_648' title='bbox 1664 5191 1886 5246; x_wconf 90' lang='lat' dir='ltr'>auferre</span> <span class='ocrx_word' id='word_1_649' title='bbox 1917 5188 2198 5260; x_wconf 88' lang='lat' dir='ltr'>dignosci-</span> 
     </span>
    </p>
   </div>
   <div class='ocr_carea' id='block_1_99' title="bbox 654 5313 2195 5394">
    <p class='ocr_par' dir='ltr' id='par_1_99' title="bbox 654 5313 2195 5394">
     <span class='ocr_line' id='line_1_99' title="bbox 654 5313 2195 5394; baseline -0.008 -15"><span class='ocrx_word' id='word_1_650' title='bbox 654 5324 679 5354; x_wconf 81' lang='grc'><strong><em>⁸</em></strong></span> <span class='ocrx_word' id='word_1_651' title='bbox 718 5326 848 5378; x_wconf 71' lang='lat' dir='ltr'>Haec</span> <span class='ocrx_word' id='word_1_652' title='bbox 880 5339 1010 5377; x_wconf 85' lang='lat' dir='ltr'>cum</span> <span class='ocrx_word' id='word_1_653' title='bbox 1059 5320 1426 5394; x_wconf 88' lang='lat' dir='ltr'>sequentibus</span> <span class='ocrx_word' id='word_1_654' title='bbox 1471 5320 1667 5372; x_wconf 89' lang='lat' dir='ltr'>extant</span> <span class='ocrx_word' id='word_1_655' title='bbox 1706 5315 1856 5387; x_wconf 90' lang='lat' dir='ltr'>apud</span> <span class='ocrx_word' id='word_1_656' title='bbox 1907 5313 2195 5368; x_wconf 88' lang='lat' dir='ltr'>Baluzium</span> 
     </span>
    </p>
   </div>
   <div class='ocr_carea' id='block_1_100' title="bbox 583 5395 1284 5463">
    <p class='ocr_par' dir='ltr' id='par_1_100' title="bbox 583 5395 1284 5463">
     <span class='ocr_line' id='line_1_100' title="bbox 583 5395 1284 5463; baseline -0.01 -11"><span class='ocrx_word' id='word_1_657' title='bbox 583 5396 810 5452; x_wconf 81' lang='lat' dir='ltr'>Miscell.</span> <span class='ocrx_word' id='word_1_658' title='bbox 841 5399 881 5448; x_wconf 90' lang='lat' dir='ltr'>t.</span> <span class='ocrx_word' id='word_1_659' title='bbox 915 5395 976 5461; x_wconf 91' lang='lat' dir='ltr'>V,</span> <span class='ocrx_word' id='word_1_660' title='bbox 999 5410 1132 5463; x_wconf 82' lang='lat' dir='ltr'>pag.</span> <span class='ocrx_word' id='word_1_661' title='bbox 1161 5395 1284 5446; x_wconf 74' lang='grc'>467.</span> 
     </span>
    </p>
   </div>
   <div class='ocr_carea' id='block_1_101' title="bbox 659 5455 2200 5534">
    <p class='ocr_par' dir='ltr' id='par_1_101' title="bbox 659 5455 2200 5534">
     <span class='ocr_line' id='line_1_101' title="bbox 659 5455 2200 5534; baseline -0.006 -16"><span class='ocrx_word' id='word_1_662' title='bbox 659 5473 686 5511; x_wconf 88' lang='lat' dir='ltr'>b</span> <span class='ocrx_word' id='word_1_663' title='bbox 719 5464 889 5533; x_wconf 84' lang='lat' dir='ltr'>Hujus</span> <span class='ocrx_word' id='word_1_664' title='bbox 903 5455 1154 5534; x_wconf 34' lang='lat' dir='ltr'>epistol/ae</span> <span class='ocrx_word' id='word_1_665' title='bbox 1178 5464 1572 5534; x_wconf 79' lang='lat' dir='ltr'>fragmentum</span> <span class='ocrx_word' id='word_1_666' title='bbox 1591 5458 1768 5534; x_wconf 82' lang='lat' dir='ltr'>refert</span> <span class='ocrx_word' id='word_1_667' title='bbox 1779 5456 1958 5534; x_wconf 84' lang='lat' dir='ltr'>etiam</span> <span class='ocrx_word' id='word_1_668' title='bbox 1987 5455 2200 5511; x_wconf 88' lang='lat' dir='ltr'>Gratia-</span> 
     </span>
    </p>
   </div>
   <div class='ocr_carea' id='block_1_102' title="bbox 589 5528 2198 5604">
    <p class='ocr_par' dir='ltr' id='par_1_102' title="bbox 589 5528 2198 5604">
     <span class='ocr_line' id='line_1_102' title="bbox 589 5528 2198 5604; baseline -0.007 -13"><span class='ocrx_word' id='word_1_669' title='bbox 589 5553 716 5600; x_wconf 87' lang='lat' dir='ltr'>nus,</span> <span class='ocrx_word' id='word_1_670' title='bbox 750 5528 818 5588; x_wconf 59' lang='grc' dir='ltr'>εἰ</span> <span class='ocrx_word' id='word_1_671' title='bbox 842 5528 953 5604; x_wconf 77' lang='lat' dir='ltr'>quo</span> <span class='ocrx_word' id='word_1_672' title='bbox 975 5534 1105 5588; x_wconf 89' lang='lat' dir='ltr'>dedi</span> <span class='ocrx_word' id='word_1_673' title='bbox 1124 5528 1421 5602; x_wconf 79' lang='lat' dir='ltr'>periodum</span> <span class='ocrx_word' id='word_1_674' title='bbox 1447 5531 1602 5604; x_wconf 66' lang='lat' dir='ltr'>illam</span> <span class='ocrx_word' id='word_1_675' title='bbox 1626 5528 2003 5604; x_wconf 73' lang='lat' dir='ltr'>interjectam,</span> <span class='ocrx_word' id='word_1_676' title='bbox 2024 5543 2198 5596; x_wconf 90' lang='lat' dir='ltr'>quam</span> 
     </span>
    </p>
   </div>
   <div class='ocr_carea' id='block_1_103' title="bbox 587 5595 2197 5730">
    <p class='ocr_par' dir='ltr' id='par_1_103' title="bbox 587 5595 2197 5730">
     <span class='ocr_line' id='line_1_103' title="bbox 587 5595 2197 5730; baseline -0.006 -70"><span class='ocrx_word' id='word_1_677' title='bbox 587 5595 750 5730; x_wconf 55' lang='lat' dir='ltr'>pineis</span> <span class='ocrx_word' id='word_1_678' title='bbox 777 5595 1020 5671; x_wconf 71' lang='lat' dir='ltr'>distinxi,</span> <span class='ocrx_word' id='word_1_679' title='bbox 1050 5595 1289 5672; x_wconf 53' lang='lat' dir='ltr'>quicque</span> <span class='ocrx_word' id='word_1_680' title='bbox 1320 5601 1469 5670; x_wconf 90' lang='lat' dir='ltr'>apud</span> <span class='ocrx_word' id='word_1_681' title='bbox 1504 5595 1792 5653; x_wconf 84' lang='lat' dir='ltr'>Baluzium</span> <span class='ocrx_word' id='word_1_682' title='bbox 1823 5595 2197 5652; x_wconf 81' lang='lat' dir='ltr'>desideratur.</span> 
     </span>
     <span class='ocr_line' id='line_1_104' title="bbox 643 5693 781 5730; baseline 0 0"><span class='ocrx_word' id='word_1_683' title='bbox 643 5693 781 5730; x_wconf 73' lang='lat' dir='ltr'>ANSI.</span> 
     </span>
    </p>
   </div>
   <div class='ocr_carea' id='block_1_104' title="bbox 643 5693 781 5731">
    <p class='ocr_par' dir='ltr' id='par_1_104' title="bbox 643 5693 781 5731">
     <span class='ocr_line' id='line_1_105' title="bbox 643 5693 781 5731; baseline -0.007 -1"><span class='ocrx_word' id='word_1_684' title='bbox 643 5693 781 5731; x_wconf 74' lang='lat' dir='ltr'>ANSI.</span> 
     </span>
    </p>
   </div>
   <div class='ocr_carea' id='block_1_105' title="bbox 661 5737 2200 5814">
    <p class='ocr_par' dir='ltr' id='par_1_105' title="bbox 661 5737 2200 5814">
     <span class='ocr_line' id='line_1_106' title="bbox 661 5737 2200 5814; baseline -0.007 -14"><span class='ocrx_word' id='word_1_685' title='bbox 661 5761 684 5788; x_wconf 78' lang='grc' dir='ltr'><strong>ο</strong></span> <span class='ocrx_word' id='word_1_686' title='bbox 722 5745 1128 5814; x_wconf 83' lang='lat' dir='ltr'>Fragmentum</span> <span class='ocrx_word' id='word_1_687' title='bbox 1182 5739 1329 5814; x_wconf 80' lang='lat' dir='ltr'>istud</span> <span class='ocrx_word' id='word_1_688' title='bbox 1367 5738 1721 5814; x_wconf 77' lang='lat' dir='ltr'>subPelagii</span> <span class='ocrx_word' id='word_1_689' title='bbox 1767 5753 1938 5814; x_wconf 62' lang='lat' dir='ltr'>papm_</span> <span class='ocrx_word' id='word_1_690' title='bbox 1967 5737 2200 5814; x_wconf 68' lang='lat' dir='ltr'>nomine</span> 
     </span>
    </p>
   </div>
   <div class='ocr_carea' id='block_1_106' title="bbox 597 5806 2200 5875">
    <p class='ocr_par' dir='ltr' id='par_1_106' title="bbox 597 5806 2200 5875">
     <span class='ocr_line' id='line_1_107' title="bbox 597 5806 2200 5875; baseline -0.006 -7"><span class='ocrx_word' id='word_1_691' title='bbox 597 5817 774 5871; x_wconf 88' lang='lat' dir='ltr'>edidit</span> <span class='ocrx_word' id='word_1_692' title='bbox 801 5806 1122 5874; x_wconf 75' lang='lat' dir='ltr'>Gratianus,</span> <span class='ocrx_word' id='word_1_693' title='bbox 1155 5826 1257 5862; x_wconf 89' lang='lat' dir='ltr'>nec</span> <span class='ocrx_word' id='word_1_694' title='bbox 1287 5809 1502 5862; x_wconf 87' lang='lat' dir='ltr'>indicat</span> <span class='ocrx_word' id='word_1_695' title='bbox 1536 5825 1608 5860; x_wconf 89' lang='lat' dir='ltr'>an</span> <span class='ocrx_word' id='word_1_696' title='bbox 1635 5807 1824 5875; x_wconf 86' lang='lat' dir='ltr'>primi,</span> <span class='ocrx_word' id='word_1_697' title='bbox 1842 5806 1940 5860; x_wconf 28' lang='lat' dir='ltr'>’vel</span> <span class='ocrx_word' id='word_1_698' title='bbox 1968 5806 2200 5861; x_wconf 90' lang='lat' dir='ltr'>secundi</span> 
     </span>
    </p>
   </div>
   <div class='ocr_carea' id='block_1_107' title="bbox 2289 4636 3924 4714">
    <p class='ocr_par' dir='ltr' id='par_1_107' title="bbox 2289 4636 3924 4714">
     <span class='ocr_line' id='line_1_108' title="bbox 2289 4636 3924 4714; baseline -0.005 -15"><span class='ocrx_word' id='word_1_699' title='bbox 2289 4649 2400 4712; x_wconf 90' lang='lat' dir='ltr'>tur,</span> <span class='ocrx_word' id='word_1_700' title='bbox 2430 4647 2488 4698; x_wconf 90' lang='lat' dir='ltr'>et</span> <span class='ocrx_word' id='word_1_701' title='bbox 2507 4657 2861 4714; x_wconf 60' lang='lat' dir='ltr'>quascunque</span> <span class='ocrx_word' id='word_1_702' title='bbox 2889 4642 2949 4696; x_wconf 91' lang='lat' dir='ltr'>in</span> <span class='ocrx_word' id='word_1_703' title='bbox 2976 4642 3236 4713; x_wconf 58' lang='lat' dir='ltr'>praefatae</span> <span class='ocrx_word' id='word_1_704' title='bbox 3267 4641 3544 4696; x_wconf 59' lang='lat' dir='ltr'>ecclesiae</span> <span class='ocrx_word' id='word_1_705' title='bbox 3573 4636 3924 4714; x_wconf 69' lang='lat' dir='ltr'>patrimonio.</span> 
     </span>
    </p>
   </div>
   <div class='ocr_carea' id='block_1_108' title="bbox 2289 4731 3929 4808">
    <p class='ocr_par' dir='ltr' id='par_1_108' title="bbox 2289 4731 3929 4808">
     <span class='ocr_line' id='line_1_109' title="bbox 2289 4731 3929 4808; baseline -0.007 -16"><span class='ocrx_word' id='word_1_706' title='bbox 2289 4738 2378 4792; x_wconf 90' lang='lat' dir='ltr'>vel</span> <span class='ocrx_word' id='word_1_707' title='bbox 2407 4738 2478 4791; x_wconf 91' lang='lat' dir='ltr'>de</span> <span class='ocrx_word' id='word_1_708' title='bbox 2510 4737 2678 4790; x_wconf 90' lang='lat' dir='ltr'>rebus</span> <span class='ocrx_word' id='word_1_709' title='bbox 2701 4735 2775 4790; x_wconf 90' lang='lat' dir='ltr'>ad</span> <span class='ocrx_word' id='word_1_710' title='bbox 2813 4751 2944 4790; x_wconf 91' lang='lat' dir='ltr'>eam</span> <span class='ocrx_word' id='word_1_711' title='bbox 2969 4733 3408 4806; x_wconf 89' lang='lat' dir='ltr'>pertinentibus</span> <span class='ocrx_word' id='word_1_712' title='bbox 3457 4733 3804 4808; x_wconf 85' lang='lat' dir='ltr'>repetendis</span> <span class='ocrx_word' id='word_1_713' title='bbox 3823 4731 3929 4785; x_wconf 87' lang='lat' dir='ltr'>sunt</span> 
     </span>
    </p>
   </div>
   <div class='ocr_carea' id='block_1_109' title="bbox 2292 4829 3077 4899">
    <p class='ocr_par' dir='ltr' id='par_1_109' title="bbox 2292 4829 3077 4899">
     <span class='ocr_line' id='line_1_110' title="bbox 2292 4829 3077 4899; baseline -0.005 -14"><span class='ocrx_word' id='word_1_714' title='bbox 2292 4829 2629 4898; x_wconf 88' lang='lat' dir='ltr'>necessaria,</span> <span class='ocrx_word' id='word_1_715' title='bbox 2657 4829 3077 4899; x_wconf 88' lang='lat' dir='ltr'>compleantur.</span> 
     </span>
    </p>
   </div>
   <div class='ocr_carea' id='block_1_110' title="bbox 3049 4918 3181 4974">
    <p class='ocr_par' dir='ltr' id='par_1_110' title="bbox 3049 4918 3181 4974">
     <span class='ocr_line' id='line_1_111' title="bbox 3049 4918 3181 4974; baseline 0 0"><span class='ocrx_word' id='word_1_716' title='bbox 3049 4918 3181 4974; x_wconf 81' lang='lat' dir='ltr'>XVI.</span> 
     </span>
    </p>
   </div>
   <div class='ocr_carea' id='block_1_111' title="bbox 2363 4999 3923 5082">
    <p class='ocr_par' dir='ltr' id='par_1_111' title="bbox 2363 4999 3923 5082">
     <span class='ocr_line' id='line_1_112' title="bbox 2363 4999 3923 5082; baseline -0.001 -21"><span class='ocrx_word' id='word_1_717' title='bbox 2363 5004 2624 5076; x_wconf 86' lang='lat' dir='ltr'>Pelagius</span> <span class='ocrx_word' id='word_1_718' title='bbox 2671 5019 2823 5076; x_wconf 90' lang='lat' dir='ltr'>papa</span> <span class='ocrx_word' id='word_1_719' title='bbox 2870 5006 2916 5060; x_wconf 89' lang='lat' dir='ltr'>ll</span> <span class='ocrx_word' id='word_1_720' title='bbox 2941 4999 2970 5041; x_wconf 72' lang='grc' dir='ltr'>ἀ</span> <span class='ocrx_word' id='word_1_721' title='bbox 3011 5003 3246 5076; x_wconf 90' lang='lat' dir='ltr'>Oplioni</span> <span class='ocrx_word' id='word_1_722' title='bbox 3291 5007 3440 5077; x_wconf 86' lang='lat' dir='ltr'>[Al.,</span> <span class='ocrx_word' id='word_1_723' title='bbox 3480 5007 3816 5082; x_wconf 79' lang='lat' dir='ltr'>Apollonio]</span> <span class='ocrx_word' id='word_1_724' title='bbox 3852 5003 3923 5059; x_wconf 81' lang='lat' dir='ltr'>de-</span> 
     </span>
    </p>
   </div>
   <div class='ocr_carea' id='block_1_112' title="bbox 2294 5098 2526 5156">
    <p class='ocr_par' dir='ltr' id='par_1_112' title="bbox 2294 5098 2526 5156">
     <span class='ocr_line' id='line_1_113' title="bbox 2294 5098 2526 5156; baseline -0.017 0"><span class='ocrx_word' id='word_1_725' title='bbox 2294 5098 2526 5156; x_wconf 87' lang='lat' dir='ltr'>fensori.</span> 
     </span>
    </p>
   </div>
   <div class='ocr_carea' id='block_1_113' title="bbox 2365 5189 3922 5262">
    <p class='ocr_par' dir='ltr' id='par_1_113' title="bbox 2365 5189 3922 5262">
     <span class='ocr_line' id='line_1_114' title="bbox 2365 5189 3922 5262; baseline -0.003 -15"><span class='ocrx_word' id='word_1_726' title='bbox 2365 5193 2590 5247; x_wconf 84' lang='lat' dir='ltr'>Nullam</span> <span class='ocrx_word' id='word_1_727' title='bbox 2617 5193 2964 5262; x_wconf 89' lang='lat' dir='ltr'>potestatem</span> <span class='ocrx_word' id='word_1_728' title='bbox 3001 5189 3074 5248; x_wconf 88' lang='lat' dir='ltr'>de</span> <span class='ocrx_word' id='word_1_729' title='bbox 3114 5197 3351 5262; x_wconf 86' lang='lat' dir='ltr'>caetero,</span> <span class='ocrx_word' id='word_1_730' title='bbox 3385 5196 3629 5252; x_wconf 82' lang='lat' dir='ltr'>nullam</span> <span class='ocrx_word' id='word_1_731' title='bbox 3661 5195 3922 5252; x_wconf 78' lang='lat' dir='ltr'>licentiam</span> 
     </span>
    </p>
   </div>
   <div class='ocr_carea' id='block_1_114' title="bbox 2295 5315 3922 5396">
    <p class='ocr_par' dir='ltr' id='par_1_114' title="bbox 2295 5315 3922 5396">
     <span class='ocr_line' id='line_1_115' title="bbox 2295 5315 3922 5396; baseline -0.001 -25"><span class='ocrx_word' id='word_1_732' title='bbox 2295 5315 2526 5396; x_wconf 85' lang='lat' dir='ltr'>Pelagii.</span> <span class='ocrx_word' id='word_1_733' title='bbox 2545 5315 2839 5396; x_wconf 67' lang='lat' dir='ltr'>_Secundo</span> <span class='ocrx_word' id='word_1_734' title='bbox 2872 5315 3238 5396; x_wconf 51' lang='lat' dir='ltr'>tamennideo</span> <span class='ocrx_word' id='word_1_735' title='bbox 3282 5318 3690 5376; x_wconf 89' lang='lat' dir='ltr'>tribuendum</span> <span class='ocrx_word' id='word_1_736' title='bbox 3731 5334 3922 5375; x_wconf 83' lang='lat' dir='ltr'>censeo.</span> 
     </span>
    </p>
   </div>
   <div class='ocr_carea' id='block_1_115' title="bbox 2295 5387 3923 5464">
    <p class='ocr_par' dir='ltr' id='par_1_115' title="bbox 2295 5387 3923 5464">
     <span class='ocr_line' id='line_1_116' title="bbox 2295 5387 3923 5464; baseline -0.001 0"><span class='ocrx_word' id='word_1_737' title='bbox 2295 5387 2580 5464; x_wconf 51' lang='grc' dir='ltr'>πράξω)</span> <span class='ocrx_word' id='word_1_738' title='bbox 2601 5387 2779 5464; x_wconf 69' lang='lat' dir='ltr'>Priori</span> <span class='ocrx_word' id='word_1_739' title='bbox 2796 5387 3034 5464; x_wconf 56' lang='lat' dir='ltr'>Pelag}?</span> <span class='ocrx_word' id='word_1_740' title='bbox 3061 5388 3494 5464; x_wconf 49' lang='lat' dir='ltr'>Hessiansibus</span> <span class='ocrx_word' id='word_1_741' title='bbox 3522 5393 3923 5464; x_wconf 48' lang='lat' dir='ltr'>praeeratnu-</span> 
     </span>
    </p>
   </div>
   <div class='ocr_carea' id='block_1_116' title="bbox 2298 5458 3756 5528">
    <p class='ocr_par' dir='ltr' id='par_1_116' title="bbox 2298 5458 3756 5528">
     <span class='ocr_line' id='line_1_117' title="bbox 2298 5458 3756 5528; baseline 0.003 -14"><span class='ocrx_word' id='word_1_742' title='bbox 2298 5460 2442 5514; x_wconf 90' lang='lat' dir='ltr'>nalis</span> <span class='ocrx_word' id='word_1_743' title='bbox 2461 5461 2526 5526; x_wconf 90' lang='lat' dir='ltr'>ll,</span> <span class='ocrx_word' id='word_1_744' title='bbox 2555 5463 2620 5512; x_wconf 91' lang='lat' dir='ltr'>ut</span> <span class='ocrx_word' id='word_1_745' title='bbox 2637 5475 2702 5514; x_wconf 85' lang='lat' dir='ltr'>cx</span> <span class='ocrx_word' id='word_1_746' title='bbox 2737 5458 2944 5512; x_wconf 90' lang='lat' dir='ltr'>tabulis</span> <span class='ocrx_word' id='word_1_747' title='bbox 2972 5458 3224 5528; x_wconf 89' lang='lat' dir='ltr'>Ughellii</span> <span class='ocrx_word' id='word_1_748' title='bbox 3254 5458 3568 5517; x_wconf 75' lang='lat' dir='ltr'>discimus.</span> <span class='ocrx_word' id='word_1_749' title='bbox 3600 5467 3756 5520; x_wconf 68' lang='lat' dir='ltr'>lusu.</span> 
     </span>
    </p>
   </div>
   <div class='ocr_carea' id='block_1_117' title="bbox 2370 5527 3924 5602">
    <p class='ocr_par' dir='ltr' id='par_1_117' title="bbox 2370 5527 3924 5602">
     <span class='ocr_line' id='line_1_118' title="bbox 2370 5527 3924 5602; baseline -0.004 -19"><span class='ocrx_word' id='word_1_750' title='bbox 2370 5531 2397 5570; x_wconf 75' lang='grc' dir='ltr'>ά</span> <span class='ocrx_word' id='word_1_751' title='bbox 2424 5530 2594 5583; x_wconf 89' lang='lat' dir='ltr'>Deest</span> <span class='ocrx_word' id='word_1_752' title='bbox 2625 5531 2668 5584; x_wconf 89' lang='lat' dir='ltr'>ll</span> <span class='ocrx_word' id='word_1_753' title='bbox 2710 5528 2771 5582; x_wconf 91' lang='lat' dir='ltr'>in</span> <span class='ocrx_word' id='word_1_754' title='bbox 2821 5527 3007 5594; x_wconf 90' lang='lat' dir='ltr'>editis,</span> <span class='ocrx_word' id='word_1_755' title='bbox 3030 5527 3139 5582; x_wconf 81' lang='lat' dir='ltr'>sed</span> <span class='ocrx_word' id='word_1_756' title='bbox 3185 5532 3428 5602; x_wconf 88' lang='lat' dir='ltr'>supplet</span> <span class='ocrx_word' id='word_1_757' title='bbox 3471 5535 3623 5590; x_wconf 89' lang='lat' dir='ltr'>Cod.</span> <span class='ocrx_word' id='word_1_758' title='bbox 3653 5550 3816 5588; x_wconf 89' lang='lat' dir='ltr'>meus</span> <span class='ocrx_word' id='word_1_759' title='bbox 3849 5544 3924 5582; x_wconf 79' lang='lat' dir='ltr'>ms.</span> 
     </span>
    </p>
   </div>
   <div class='ocr_carea' id='block_1_118' title="bbox 2360 5699 3924 5807">
    <p class='ocr_par' dir='ltr' id='par_1_118' title="bbox 2360 5699 3924 5807">
     <span class='ocr_line' id='line_1_119' title="bbox 2360 5699 3924 5807; baseline -0.005 -17"><span class='ocrx_word' id='word_1_760' title='bbox 2360 5742 2384 5764; x_wconf 73' lang='grc'><strong><em>⁸</em></strong></span> <span class='ocrx_word' id='word_1_761' title='bbox 2409 5742 2520 5790; x_wconf 82' lang='lat' dir='ltr'>Hoc</span> <span class='ocrx_word' id='word_1_762' title='bbox 2543 5699 2888 5802; x_wconf 58' lang='lat' dir='ltr'>fragmentum</span> <span class='ocrx_word' id='word_1_763' title='bbox 2910 5737 2997 5786; x_wconf 75' lang='lat' dir='ltr'>vix</span> <span class='ocrx_word' id='word_1_764' title='bbox 3023 5737 3200 5789; x_wconf 62' lang='lat' dir='ltr'>differt</span> <span class='ocrx_word' id='word_1_765' title='bbox 3220 5753 3253 5788; x_wconf 79' lang='grc' dir='ltr'><strong>ει</strong></span> <span class='ocrx_word' id='word_1_766' title='bbox 3285 5739 3516 5792; x_wconf 87' lang='lat' dir='ltr'>decreto</span> <span class='ocrx_word' id='word_1_767' title='bbox 3552 5743 3702 5807; x_wconf 86' lang='lat' dir='ltr'>quod</span> <span class='ocrx_word' id='word_1_768' title='bbox 3731 5739 3924 5806; x_wconf 72' lang='lat' dir='ltr'>superius</span> 
     </span>
    </p>
   </div>
   <div class='ocr_carea' id='block_1_119' title="bbox 2299 5808 3054 5874">
    <p class='ocr_par' dir='ltr' id='par_1_119' title="bbox 2299 5808 3054 5874">
     <span class='ocr_line' id='line_1_120' title="bbox 2299 5808 3054 5874; baseline -0.001 -14"><span class='ocrx_word' id='word_1_769' title='bbox 2299 5811 2486 5874; x_wconf 84' lang='lat' dir='ltr'>legitur</span> <span class='ocrx_word' id='word_1_770' title='bbox 2517 5810 2612 5860; x_wconf 90' lang='lat' dir='ltr'>sub</span> <span class='ocrx_word' id='word_1_771' title='bbox 2639 5823 2784 5860; x_wconf 89' lang='lat' dir='ltr'>num.</span> <span class='ocrx_word' id='word_1_772' title='bbox 2810 5809 2876 5858; x_wconf 81' lang='lat' dir='ltr'>IX</span> <span class='ocrx_word' id='word_1_773' title='bbox 2909 5808 3054 5859; x_wconf 78' lang='lat' dir='ltr'>Emr.</span> 
     </span>
    </p>
   </div>
  </div>
