3994 6432
85 367 201 421 749

889 372 977 428 AD
1011 371 1220 430 EPIST.
1261 372 1346 430 ΕΤ
1380 371 1688 431 DECRETA
1723 371 1985 428 PELAGII
2024 373 2215 429 PAPE
2253 371 2299 429 II
2335 372 2686 431 APPENDIX.

3355 382 3458 433 750

87 473 409 529 monachis
427 474 809 548 relinquimus
836 495 940 550 pro
962 480 1197 536 arbitrio
1217 497 1318 536 suo
1337 484 1436 536 aut
1465 479 1732 536 abbatem
1755 481 2214 571 Areverentiam
2266 483 2354 536 vel
2393 483 2467 537 ad
2509 482 2814 537 utilitatem
2857 481 3118 552 ejusdem
3162 483 3346 552 [Deest
3393 487 3452 538 in

88 567 386 637 expellere
414 571 516 623 aut
539 569 770 626 sibimet
803 572 943 627 alios
977 573 1260 640 ordinare,
1291 573 1426 644 quia
1456 575 1612 628 nulla
1641 590 1735 628 au-

88 659 334 714 ctoritas
351 663 681 718 remanebit
700 664 914 732 abbati,
936 665 981 718 si
1015 667 1433 720 monachorum
1466 665 1734 736 potestati

88 753 342 823 coeperit
372 754 692 824 subjacere,
719 761 783 811 ut
810 757 880 812 de
911 760 1119 812 caetero
1148 758 1393 813 ﬁdeliter
1413 759 1562 829 [ναὶ.
1583 760 1734 823 Cod.,

89 845 366 919 discrete]
405 853 464 902 et
488 849 742 904 studiose
790 849 1056 905 universa
1087 867 1213 922 quae
1239 851 1312 906 ad
1338 850 1514 905 divini
1555 851 1736 906 cultus

1840 575 2040 644 Vatia]
2081 575 2419 629 monasterii
2442 575 2752 646 pertinent,
2776 574 2998 630 abbatis
3037 575 3358 631 sollicitudo
3383 577 3457 632 ad

1836 682 2010 736 quem
2039 669 2291 738 potestas
2322 671 2442 723 tota
2473 668 2761 739 pertinere
2800 669 3084 736 convenit,
3126 667 3337 724 debeat
3361 669 3458 724 ad-

1834 757 2094 830 implere.
2144 761 2410 827 (Gratian.
2440 777 2596 829 xvm,
2628 777 2684 832 q.
2713 765 2766 832 2,
2797 778 2918 832 cap.
2945 761 3212 832 Nullam.)

92 1034 298 1045 ____
343 1036 352 1044 .
863 1053 866 1057 ‘
1741 1034 1788 1035 γέ
1817 1034 1870 1035 κέ
1989 1034 2126 1036 gmw
2159 1034 2168 1035 η
2241 1034 3443 1045 κέῄ-ᾐ-ῄ.

1296 1181 2240 1300 ΑΡΡΕΝΒΙΧ

280 1369 452 1463 AD
532 1371 1203 1470 EPISTOLAS
1281 1376 1432 1469 ET
1508 1375 2066 1472 DECRETA
2139 1377 2629 1477 PELAGII
2720 1379 3073 1476 PAP/E
3168 1383 3283 1478 II.

609 1654 937 1740 EPISTOLA
965 1657 1146 1726 [Olim.
1181 1659 1244 1728 1].

471 1763 542 1801 AD
567 1763 840 1803 BENIGNUM
865 1765 1318 1805 ARCHIEPISCOPUM
1347 1749 1392 1804 ".

1837 1663 2041 1730 sponte
2069 1677 2171 1716 sua
2196 1661 2517 1733 prosiliunt,
2547 1666 2604 1718 et
2619 1663 2809 1734 potius
2827 1661 3122 1717 ambitioni
3148 1678 3325 1734 quam
3354 1663 3455 1717 uti-

1835 1753 1979 1808 litati
2004 1755 2266 1809 Ecclesiae
2286 1755 2514 1822 servire,
2535 1759 2672 1810 etut
2696 1755 3154 1810 dominationem
3172 1757 3456 1826 agant,in-

85 1843 379 1943 Rqorobat
407 1831 772 1943 episcoporum
786 1846 982 1943 deuito
1007 1847 1081 1901 ad
1101 1847 1563 1943 aliamkeecle‘siam
1591 1853 1736 1903 tran-
1754 1871 1811 1943 Β
1837 1844 2034 1899 sistere
2071 1847 2309 1917 cupiunt
2333 1849 2359 1888 b
2386 1888 2399 1901 .
2452 1847 2611 1903 Unde
2649 1851 2707 1902 et
2740 1848 2799 1902 in
2831 1847 3098 1917 subjectis
3141 1847 3454 1902 canonibus

165 1916 337 1975 situs,
369 1915 598 1968 ecclesiae
622 1917 860 1970 utilitate
884 1918 946 1970 id
970 1933 1076 1972 non
1101 1920 1487 1987 ect'postulante.

166 2027 559 2083 Dilectissimo
576 2029 740 2084 fratri
760 2030 1014 2102 Benigno
1031 2031 1458 2103 archiepiscopo
1475 2031 1737 2102 Pelagius

83 2121 428 2191 episcopus.

163 2213 362 2268 Lectis
400 2213 794 2268 Fraternitatis
835 2217 946 2269 tuae
987 2216 1190 2270 litteris
1221 2217 1292 2285 (S.
1322 2219 1444 2280 Leo,
1475 2219 1630 2287 epist.
1660 2219 1734 2288 3),

85 2307 368 2377 vigorem
387 2305 523 2360 fidei
541 2309 671 2374 tuae,
689 2324 862 2378 quem
885 2307 1101 2362 dudum
1123 2325 1484 2377 noveramus,
1507 2309 1738 2380 agnovi-

84 2417 250 2466 mus,
282 2399 759 2468 congratulantes
779 2400 1082 2455 Dilectioni
1107 2405 1240 2468 tuae,
1271 2402 1426 2472 quod
1452 2401 1526 2456 ad
1549 2407 1733 2457 custo-

86 2491 384 2568 diendum
397 2507 640 2562 gregem
650 2492 857 2546 Christi
867 2494 1214 2563 pastoralem
1227 2510 1423 2548 curam
1435 2493 1738 2564 vigilanter

84 2584 422 2654 impendis,
455 2587 514 2638 et
549 2600 656 2655 pro
687 2585 790 2638 tibi
817 2585 1056 2639 subditis
1100 2585 1370 2640 sollicitus
1412 2586 1619 2640 existis.
1650 2587 1737 2640 Ad

85 2684 367 2731 nostram
387 2676 545 2730 enim
572 2677 832 2732 laetitiam
859 2681 918 2732 et
940 2679 1244 2733 benefacta
1269 2679 1628 2750 perveniunt.
1661 2679 1732 2746 (S.

88 2772 342 2832 lecstu
373 2773 530 2840 epist.
564 2771 647 2838 2);
704 2775 761 2824 et
789 2771 836 2824 si
881 2770 1073 2842 aliqua
1113 2787 1274 2826 secus
1304 2788 1478 2842 quam
1513 2774 1740 2842 oportet

80 2861 502 2934 provenerint,
533 2878 651 2916 non
679 2862 907 2918 modico
935 2879 1040 2918 nos
1079 2879 1326 2918 maerore
1373 2865 1734 2919 conturbant.

41 2939 43 2942 i
79 2957 376 3026 Magnam
403 2955 559 3008 enim
587 2956 1033 3025 gratulationem
1055 2956 1248 3010 divina
1268 2957 1532 3012 concedit
1555 2957 1738 3028 gratia

85 3053 286 3112 (Cone.
324 3049 491 3104 Tolet.
519 3048 594 3118 x),
619 3048 847 3119 quando
869 3049 1068 3102 tribuit
1091 3049 1243 3104 inter
1266 3066 1372 3104 nos
1399 3053 1457 3103 et
1481 3049 1739 3104 salutaris

84 3141 427 3213 disciplima
453 3157 724 3196 normam
749 3141 954 3197 litteris
983 3143 1244 3196 conferre
1268 3144 1403 3212 [Al.,
1430 3141 1736 3214 proferre],

1837 1938 2196 1994 continetur:
2225 1941 2285 1994 Si
2330 1941 2533 2011 aliquis
2583 1939 2859 1994 exstiterit
2902 1939 3242 1994 temerarius
3279 1941 3454 2010 (Cone.

1835 2031 2022 2094 Sard.,
2048 2047 2092 2086 c.
2120 2033 2193 2102 2),
2217 2031 2314 2102 qui
2344 2032 2584 2086 forsitan
2606 2031 3028 2088 excusationem
3057 2031 3276 2100 afferat,
3302 2033 3458 2102 quod

1835 2123 2032 2193 populi
2045 2123 2263 2179 litteras
2291 2124 2592 2196 acceperit,
2623 2129 2680 2180 et
2703 2124 2834 2178 ideo
2862 2123 3150 2194 migravit,
3179 2124 3318 2178 dum
3341 2140 3460 2178 ma-

1837 2214 2108 2273 nifestum
2137 2217 2206 2271 sit
2224 2217 2461 2288 praemio
2492 2222 2550 2272 et
2592 2217 2860 2272 mercede
2900 2233 3131 2287 paucos,
3161 2215 3258 2288 qui
3285 2215 3460 2270 since-

1835 2323 1962 2362 ram
1991 2308 2166 2363 ﬁdem
2183 2326 2300 2364 non
2326 2311 2562 2376 habent,
2577 2309 2826 2381 potuisse
2850 2309 3236 2380 corrumpi,ut
3253 2309 3460 2364 clama-

1834 2403 1966 2454 rent
1991 2401 2050 2454 in
2078 2402 2334 2469 ecclesia,
2355 2407 2412 2456 et
2439 2402 2624 2472 ipsum
2641 2406 2840 2473 petere
2857 2401 3207 2468 viderentur,
3221 2401 3458 2457 omnino
3497 2426 3504 2432 ν

1835 2493 1939 2547 has
1968 2493 2198 2548 fraudes
2213 2510 2484 2548 removen
2493 2494 2592 2548 das
2615 2511 2735 2548 esse
2750 2510 3066 2548 censemus.
3094 2493 3188 2547 His
3201 2493 3386 2547 verbis
3403 2497 3461 2547 et

1837 2585 1961 2639 aliis
2009 2587 2203 2640 multis
2243 2586 2518 2657 exemplis
2543 2586 2724 2656 liquet
2765 2603 2883 2640 non
2930 2586 3000 2640 de
3031 2585 3120 2639 his
3143 2585 3330 2640 dicere
3375 2584 3460 2657 (ut

1835 2679 2006 2748 paulo
2037 2679 2295 2750 superius
2313 2679 2675 2750 praelibatum
2693 2677 2796 2748 est)
2823 2677 2918 2749 qui
2950 2678 3117 2749 pulsi,
3141 2679 3341 2732 utnon
3367 2693 3456 2732 re-

1837 2770 1987 2840 cepti
2016 2787 2050 2824 a
2081 2770 2314 2839 civibus,
2340 2772 2429 2826 vel
2458 2787 2492 2824 a
2523 2770 2974 2842 quibuscunque,
3000 2774 3098 2824 aut
3123 2769 3457 2824 necessitate

1837 2866 2099 2932 cogente,
2119 2865 2208 2917 vel
2237 2863 2577 2918 auctoritate
2603 2863 2891 2932 majorum
2914 2865 3216 2916 transeunt
3241 2862 3312 2916 de
3333 2861 3460 2916 civi-

1835 2957 1954 3009 tate
1984 2956 2054 3010 ad
2076 2955 2362 3011 civitatem
2391 2973 2408 3026 ;
2438 2955 2539 3010 sed
2566 2955 2636 3009 de
2668 2955 2756 3009 his
2783 2955 2879 3026 qui
2901 2958 3104 3026 sponte
3132 2955 3456 3026 prosiliunt,

1837 3051 1937 3102 aut
1960 3049 2318 3117 temeritatis,
2362 3052 2462 3103 aut
2489 3047 2817 3103 ambitionis
2855 3066 3026 3103 causa
3066 3049 3176 3102 hoc
3221 3047 3456 3104 faciunt.

1835 3141 1978 3196 Nam
2005 3142 2161 3196 aliud
2204 3145 2290 3196 est
2333 3145 2536 3212 sponte
2563 3141 2830 3209 transire,
2859 3145 2916 3195 et
2960 3141 3116 3196 aliud
3155 3144 3241 3194 est
3267 3144 3461 3196 coacte

83 3239 155 3290 et
185 3234 501 3308 provenire
530 3233 605 3288 ad
628 3235 998 3305 paciﬁcorum
1032 3235 1220 3290 studia
1239 3235 1376 3289 facit
1398 3238 1734 3306 praeoptata.
1758 3235 1812 3310 ί]
1837 3238 1938 3288 aut
1964 3235 2298 3289 necessitate
2323 3234 2536 3289 venire.
2565 3233 2726 3289 Unde
2748 3251 2865 3289 non
2894 3233 2986 3288 isti
3018 3238 3250 3289 mutant
3273 3233 3462 3288 civita-

83 3311 296 3398 Exigit
325 3343 464 3398 ergo
505 3327 741 3382 Dilectio
800 3330 901 3381 tua
947 3327 1251 3398 [Hosimus]
1293 3329 1551 3382 consulta
1589 3326 1738 3382 sedis

81 3420 464 3493 apostolicm;
501 3420 544 3474 si
569 3420 791 3475 licitum
817 3422 966 3475 foret
991 3421 1322 3492 episcopum
1341 3421 1607 3487 transire,
1642 3423 1740 3474 aut

83 3517 339 3570 mutare
371 3513 442 3567 de
473 3513 701 3568 civitate
727 3513 800 3567 ad
821 3513 1127 3581 civitatem,
1151 3513 1288 3567 dum
1311 3513 1546 3584 quidam
1576 3529 1739 3567 cano-

81 3625 203 3664 nes
232 3610 320 3676 (ut
338 3605 440 3660 tibi
463 3605 706 3677 videtur)
729 3607 838 3660 hoc
853 3605 979 3660 ﬁeri
1008 3606 1374 3677 prohibeant.
1399 3605 1740 3677 Significasti

81 3702 285 3756 etiam
309 3699 514 3754 litteris
529 3698 662 3766 tuis,
683 3698 996 3770 quemdam
1009 3700 1267 3767 fratrem,
1284 3698 1516 3754 nomine
1537 3702 1594 3754 et
1610 3701 1738 3752 actu

79 3795 199 3850 Dei
234 3793 501 3859 Servum,
517 3809 689 3847 causa
707 3792 970 3846 utilitatis
989 3797 1213 3847 mutare
1235 3795 1290 3846 te
1305 3793 1448 3846 velle
1475 3791 1534 3846 in
1550 3792 1736 3846 locum

79 3893 147 3944 et
193 3885 498 3942 civitatem
529 3885 818 3953 defuncti,
846 3886 980 3940 licet
999 3885 1234 3956 quidam
1260 3885 1454 3939 dicant
1475 3885 1583 3938 hoc
1611 3883 1739 3938 ﬁeri

78 3998 218 4036 non
253 3980 454 4046 licere,
479 3977 585 4032 nisi
601 3979 1226 4049 [etiamsi]consensum
1245 3977 1567 4049 apostolicae
1589 3977 1738 4031 sedis

75 4073 798 4144 habuisses.Quapropter
813 4071 1161 4140 scias,frater
1177 4071 1560 4140 dilectissime,
1583 4069 1737 4125 aliud

77 4183 222 4223 esse
269 4182 505 4220 causam
536 4165 891 4220 necessitatis
919 4167 976 4220 et
1019 4164 1294 4232 utilitatis,
1328 4167 1386 4218 et
1419 4163 1572 4218 aliud
1603 4180 1735 4218 cau-

75 4277 225 4316 sam
256 4258 724 4330 praasumptionis
751 4263 808 4312 et
831 4258 1077 4330 propriae
1096 4258 1424 4312 voluntatis.
1447 4258 1570 4311 Non
1597 4272 1736 4328 ergo

72 4355 290 4410 mutat
307 4351 529 4419 sedem,
545 4351 644 4422 qui
663 4367 781 4406 non
799 4354 986 4405 mutat
1001 4354 1286 4418 mentem,
1301 4349 1358 4404 id
1379 4353 1482 4417 est,
1507 4349 1604 4421 qui
1620 4366 1734 4404 non

71 4463 279 4503 causa
304 4444 580 4512 avaritiae,
601 4447 702 4498 aut
719 4443 1152 4512 dominationis,
1168 4447 1267 4498 aut
1276 4443 1522 4516 propriae
1538 4444 1733 4497 volun-

73 4545 251 4612 tatis,
281 4543 373 4596 vel
395 4558 513 4596 sua:
540 4541 836 4596 electionis
864 4541 1078 4614 migrat
1097 4541 1166 4596 de
1193 4541 1415 4595 civitate
1443 4541 1517 4596 ad
1539 4541 1734 4596 civita-

71 4645 244 4706 tem,
275 4635 379 4690 sed
432 4651 606 4690 causa
637 4634 990 4690 necessitatis
1035 4637 1136 4688 aut
1165 4633 1424 4689 utilitatis
1459 4637 1732 4688 mutatur.

67 4735 248 4788 Nam
260 4733 318 4784 et
331 4728 720 4799 plurimorum
741 4728 954 4782 utilitas
972 4727 1138 4782 unius
1159 4727 1392 4782 utilitati
1419 4730 1517 4782 aut
1536 4728 1732 4781 volun-

67 4825 198 4880 tati
228 4822 606 4894 prazferenda
634 4825 736 4877 est.
759 4821 928 4876 Aliud
945 4826 1032 4876 est
1046 4821 1202 4878 enim
1224 4824 1471 4888 mutare,
1501 4825 1558 4874 et
1581 4820 1734 4875 aliud

67 4917 325 4975 mutari
353 4934 370 4986 ;
395 4915 539 4970 sicut
563 4915 718 4970 aliud
749 4915 1096 4984 ministrare,
1127 4918 1184 4969 et
1217 4915 1370 4969 aliud
1399 4913 1730 4968 ministrari.

67 5012 263 5070 Unde
295 5009 576 5064 Dominus
617 5009 679 5064 in
707 5009 1017 5080 Evangelio
1045 5008 1316 5079 loquitur,
1346 5007 1541 5062 dicens
1571 5024 1584 5062 :
1615 5009 1735 5066 Non

61 5109 220 5165 veni
245 5105 576 5167 ministrari,
594 5103 688 5157 sed
705 5105 1015 5158 ministrare
1043 5103 1254 5171 (Matth.
1268 5104 1376 5171 xx).
1401 5100 1566 5166 Quod
1579 5100 1733 5154 enim

64 5203 143 5257 in
180 5196 517 5254 canonibus
543 5195 772 5266 legitur,
803 5212 919 5251 non
947 5195 1158 5250 debere
1199 5195 1530 5266 episcopum
1557 5193 1627 5247 de
1655 5193 1730 5248 ci-

64 5295 278 5350 vitate
295 5289 373 5345 ad
395 5289 685 5344 civitatem
706 5289 948 5344 transire
969 5289 1188 5360 (Concil.
1203 5289 1604 5350 Antioch.,can.
1621 5287 1730 5358 2i),

63 5389 174 5444 vel
214 5382 547 5450 transferri,
582 5400 697 5438 non
728 5383 800 5437 de
828 5382 915 5436 his
939 5381 1161 5449 dicitur,
1183 5381 1283 5452 qui
1297 5385 1398 5436 aut
1415 5381 1468 5434 vi
1497 5379 1730 5452 expulsi,

63 5485 193 5538 aut
223 5476 571 5533 necessitate
593 5475 794 5544 coacti,
825 5479 924 5531 aut
949 5475 1286 5530 auctoritate
1315 5474 1602 5545 majorum
1627 5474 1734 5528 hoc

60 5575 288 5647 agunt
318 5587 332 5626 :
363 5569 467 5625 sed
488 5569 559 5624 de
587 5570 694 5640 his,
724 5568 821 5642 qui
849 5569 1099 5624 avaritias
1137 5568 1344 5622 ardore
1367 5567 1731 5635 inﬂammati,

157 5751 186 5778 ει
241 5739 401 5807 Quin
444 5738 568 5794 haec
617 5739 691 5794 sit
741 5756 806 5794 ex
853 5737 1158 5865 suppositis
1205 5736 1406 5791 lsidori
1448 5735 1734 5791 mercibus

157 5830 276 5865 :mo
304 5827 566 5865 unauam
593 5810 877 5865 dubitabit
897 5811 954 5865 in
997 5808 1234 5865 agendis
1254 5812 1508 5864 veterum
1533 5823 1734 5862 monu-

60 5830 276 5873 nemo
304 5827 566 5882 unquam
593 5810 877 5866 dubitabit
897 5808 1234 5881 inlegendis
1254 5812 1508 5864 veterum
1533 5823 1734 5862 monu-

61 5885 320 5946 mentis
349 5882 704 5936 exercitatus.

1837 3331 1943 3396 tes,
1977 3327 2078 3381 sed
2106 3331 2437 3382 mutantur:
2468 3326 2602 3397 quia
2627 3343 2742 3381 non
2765 3333 2988 3398 sponte,
3021 3327 3117 3382 sed
3138 3331 3332 3382 coacte
3353 3327 3461 3382 hoc

1838 3423 2036 3492 agunt.
2061 3419 2196 3484 Quis
2223 3420 2379 3474 enim
2394 3436 2649 3491 unquam
2667 3420 2840 3474 audet
2865 3419 3074 3488 dicere,
3089 3422 3351 3474 sanctum
3363 3421 3461 3474 Pe-

1837 3517 1993 3568 trum
2020 3514 2409 3584 apostolorum
2420 3512 2740 3583 principem
2763 3528 2878 3566 non
2890 3511 3038 3566 bene
3055 3512 3259 3582 egisse,
3276 3529 3457 3582 quan-

1839 3605 1912 3660 do
1943 3605 2183 3660 mutavit
2204 3605 2400 3659 sedem
2415 3605 2486 3658 de
2507 3604 2810 3660 Antiochia
2832 3604 2892 3658 in
2908 3604 3192 3658 Romam?
3206 3606 3317 3659 Aut
3335 3605 3461 3675 quis

1839 3715 1972 3753 eum
1989 3701 2166 3769 negat
2185 3698 2256 3752 ob
2278 3697 2335 3752 id
2357 3701 2618 3752 sanctum
2634 3715 2748 3752 non
2775 3715 2918 3768 esse,
2941 3700 3040 3751 aut
3054 3697 3325 3752 meritum
3353 3715 3458 3752 un-

1838 3808 2012 3862 quam
2043 3792 2391 3862 apostolatus
2415 3794 2535 3844 tarn
2565 3790 2624 3845 in
2649 3791 2817 3858 caelis,
2851 3807 3026 3862 quam
3052 3789 3111 3844 in
3140 3791 3304 3844 terris
3335 3807 3460 3862 per-

1839 3888 2044 3942 didisse
2057 3889 2085 3942 ?
2101 3891 2213 3942 Aut
2223 3888 2348 3959 quis
2364 3891 2540 3959 negat
2559 3893 2784 3943 sanctos
2803 3905 2922 3943 non
2948 3904 3070 3942 esse
3091 3888 3301 3942 multos
3317 3889 3460 3942 alios

1837 3981 2150 4053 episcopos,
2179 3981 2276 4052 qui
2309 3981 2380 4035 de
2425 3981 2747 4036 civitatibus
2794 3981 2868 4036 ad
2915 3981 3168 4036 civitates
3199 3981 3458 4035 translati

1836 4078 1988 4143 sunt,
2019 4080 2116 4130 aut
2135 4074 2406 4130 meritum
2433 4075 2798 4146 pontificatus
2819 4075 3132 4147 perdidisse
3164 4092 3177 4130 :
3213 4091 3457 4146 quorum

1837 4167 2076 4224 nomina
2087 4167 2134 4222 si
2145 4168 2414 4239 coeperim
2428 4184 2789 4237 enumerare,
2805 4171 2937 4223 ante
2955 4169 3463 4240 diespertransiret

1838 4278 2014 4332 quam
2035 4262 2156 4317 haec
2173 4261 2372 4316 omnia
2389 4261 2740 4333 perscribere
2761 4279 2986 4333 possem
3005 4261 3144 4333 [Al.,
3157 4262 3327 4318 scribi
3337 4279 3466 4334 pos-

1837 4354 1980 4427 sent]
1994 4397 2007 4422 ,
2031 4359 2090 4409 et
2113 4355 2384 4426 prolixior
2395 4355 2502 4410 erit
2517 4355 2756 4427 epistola
2775 4371 2948 4426 quam
2967 4371 3197 4409 necesse
3219 4355 3330 4410 sit?
3349 4358 3462 4410 Aut

1837 4447 1964 4518 quis
1989 4463 2244 4518 unquam
2270 4450 2461 4518 potest
2502 4448 2840 4518 approbare,
2881 4450 3143 4502 sanctum
3192 4464 3309 4502 non
3335 4465 3458 4502 esse

1835 4539 2224 4594 Alexandrum
2277 4540 2375 4610 qui
2424 4539 2881 4610 Hierosolymam
2914 4540 2984 4593 de
3023 4541 3201 4594 altera
3230 4540 3455 4594 civitate

1836 4633 2144 4687 translatus
2175 4637 2261 4686 est
2281 4632 2412 4702 (Sec.
2437 4649 2536 4699 vn,
2565 4648 2609 4687 ο.
2640 4633 2727 4702 36)
2755 4633 2782 4686 ‘?
2812 4636 2910 4688 aut
2950 4636 3210 4687 sanctum
3240 4633 3452 4703 Grego-

1835 4725 1984 4780 rium
2015 4725 2454 4793 Nazianzenum,
2476 4725 2574 4797 qui
2593 4725 2654 4779 in
2671 4724 2948 4780 Nazianzo
2971 4725 3310 4780 constitutus
3331 4725 3456 4780 est?

1836 4824 1934 4873 aut
1961 4822 2224 4873 sanctum
2253 4819 2540 4888 Proclum,
2581 4818 2679 4890 qui
2710 4818 2779 4873 de
2809 4819 3004 4890 Cyzico
3042 4821 3369 4886 translatus,
3399 4825 3456 4874 et

1835 4911 2388 4983 Constantinopolim
2415 4911 2830 4966 inthronizatus
2851 4911 2973 4966 est?
3001 4913 3124 4966 Non
3142 4927 3280 4982 ergo
3305 4911 3452 4967 bene

1833 5004 2162 5076 intelligunt
2205 5004 2615 5060 ecclesiasticas
2651 5006 2898 5076 regulas,
2933 5005 3028 5076 qui
3080 5005 3188 5059 hoc
3234 5009 3453 5076 negant

1834 5115 2005 5153 causa
2030 5098 2287 5152 utilitatis
2312 5104 2411 5153 aut
2429 5098 2780 5154 necessitatis
2805 5097 2926 5152 ﬁeri
2956 5115 3071 5154 non
3102 5115 3290 5170 posse,
3320 5116 3456 5170 quo-

1834 5191 1938 5246 ties
1993 5191 2315 5246 communis
2351 5192 2562 5246 utilitas
2605 5197 2704 5246 aut
2724 5191 3037 5246 necessitas
3085 5193 3448 5263 persuaserit.

1833 5285 2027 5340 Nullus
2057 5285 2208 5339 enim
2237 5302 2302 5339 ex
2330 5285 2436 5352 his,
2467 5290 2565 5340 aut
2583 5302 2654 5339 ex
2685 5285 2828 5352 aliis,
2857 5285 2954 5358 qui
2977 5287 3198 5341 meliori
3218 5287 3454 5344 consilio

1833 5381 2197 5433 mutaverunt
2207 5378 2458 5433 civitates
2471 5379 2806 5434 necessitate
2825 5379 3095 5450 quadam,
3109 5381 3194 5436 vel
3207 5381 3452 5439 utilitate

1835 5471 2226 5538 ecclesiastica,
2275 5474 2374 5526 aut
2400 5471 2545 5526 laica
2569 5472 2977 5528 communione
3003 5489 3196 5528 carere
3237 5476 3449 5546 reperi-

1832 5581 1980 5634 mus,
2015 5582 2120 5620 nec
2143 5565 2424 5622 ullatenus
2467 5581 2724 5636 unquam
2753 5566 2880 5620 ﬁeri
2922 5566 3111 5622 debet.
3155 5567 3451 5623 Sententia

1902 5728 2100 5806 §_Bar.
2147 5749 2299 5788 anno
2327 5735 2448 5801 590,
2477 5751 2535 5790 n.
2568 5739 2620 5802 7,
2660 5737 2834 5806 atque
2863 5752 2929 5790 ex
2973 5753 3042 5792 eo
3091 5735 3282 5790 Binius
3330 5733 3451 5806 haec

1833 5803 2132 5876 ediderant
2180 5809 2456 5875 tanquam
2524 5803 2810 5862 decimam
2871 5808 3082 5876 Pelagii
3147 5805 3446 5874 epistolam

1834 5875 2026 5947 ejusve
2052 5875 2464 5950 fragmentum.
3015 5875 3026 5876 “
3178 5917 3182 5922 .
