3994 6456
498 369 592 428 ’751

1395 361 1485 428 AD
1522 366 1877 430 EPISTOLAS
1913 367 1998 428 ET
2033 368 2339 429 DECRETA
2373 368 2636 428 PELAGII
2669 369 2860 428 ΡΑΡΕ
2899 369 2946 427 II

3811 361 3906 423 752

499 495 635 535 vero
662 495 788 550 quae
808 475 866 534 in
896 475 1247 534 Antiocheno
1279 479 1518 535 concilio
1550 480 1794 535 habetur
1827 479 1974 550 (Can.
2003 482 2112 550 21),
2137 495 2195 568 Α
2217 480 2287 534 de
2306 481 2430 536 loco
2457 479 2532 535 ad
2558 480 2768 547 locum,
2791 483 2849 533 et
2879 479 2950 532 de
2994 474 3225 532 civitate
3253 475 3332 532 ad
3369 473 3731 568 civitatem,
3769 476 3906 568 tales

499 576 560 626 ut
579 573 874 642 episcopus
900 571 970 626 ab
998 571 1110 626 alia
1133 571 1408 642 parochia
1427 588 1792 644 nequaquam
1813 573 2022 643 migret
2041 572 2116 627 ad
2139 567 2180 568 ﬂ
2217 589 2582 644 nequaquam
2598 573 2896 643 reciperet,
2919 587 3027 626 nec
3044 585 3244 625 secum
3260 571 3532 636 teneret,
3553 584 3683 623 nec
3703 567 3769 622 in
3789 567 3907 622 aliis

500 663 690 730 aliam,
718 666 856 731 tota,
891 669 1062 734 atque
1090 681 1294 719 omnes
1335 665 1635 719 sententiae
1657 665 1727 719 de
1770 681 1837 720 ea
1867 665 2114 735 [eadem]

497 771 557 809 re
569 755 683 809 vim
701 755 958 826 superius
969 758 1444 828 comprehensam
1465 757 1732 824 retinent,
1752 758 1810 810 et
1825 757 1966 811 nihil
1979 773 2118 828 prae-

496 851 686 902 taxato
712 848 886 902 modo
917 849 1388 904 translationibus
1415 849 1810 920 episcoporum
1849 849 1988 904 actis
2020 853 2118 904 aut

498 940 734 1010 agendis
765 945 991 1010 nocent,
1021 941 1118 994 sed
1147 941 1332 1011 magis
1359 942 1538 996 robur
1559 941 1730 996 eis‘ac
1751 942 1983 996 Domini
2005 941 2120 997 Sal-

495 1036 706 1091 vatoris
731 1053 858 1107 quae
901 1053 1100 1091 omnes
1146 1037 1451 1092 canonicos
1501 1038 1886 1108 superexaltat
1920 1037 2114 1107 libros,

499 1128 898 1184 auctoritatem
927 1132 1218 1201 priestant.
1249 1130 1410 1184 Tales
1425 1135 1615 1185 autem
1633 1129 1972 1200 quaestiones
1990 1145 2114 1184 ma-

501 1221 586 1292 gis
599 1237 664 1274 ex
685 1221 896 1276 invidia
917 1237 1090 1292 quam
1106 1237 1174 1276 ex
1201 1221 1475 1277 charitate
1488 1225 1587 1276 aut
1600 1221 1840 1276 utilitate
1868 1221 2025 1276 nasci
2044 1221 2117 1275 vi-

500 1313 726 1380 dentur,
768 1329 899 1367 cum
930 1314 1052 1385 ipsa
1082 1331 1186 1384 per
1214 1329 1272 1368 se
1299 1313 1518 1368 Veritas
1547 1313 1720 1368 dicat:
1749 1316 1811 1370 Si
1827 1329 1918 1368 vos
1939 1329 2113 1383 perse-

495 1407 608 1459 cuti
624 1407 830 1472 fuerint
846 1408 904 1460 in
927 1422 1090 1460 unam
1112 1409 1399 1468 civitatem,
1420 1408 1596 1474 fugite
1624 1409 1683 1459 in
1703 1407 1871 1460 aliam
1897 1405 2114 1475 (Matth.

496 1497 571 1566 x),
605 1501 662 1550 et
685 1497 922 1568 reliqua.
954 1497 1091 1551 Huic
1120 1513 1256 1567 ergo
1289 1497 1588 1552 sententiae
1604 1498 1793 1551 nullus
1815 1497 2118 1551 catholico-

497 1605 628 1643 rum
642 1605 879 1659 usquam
913 1589 1302 1643 contradicere
1330 1591 1532 1658 potest,
1560 1605 1687 1659 quae
1719 1605 1834 1643 non
1861 1588 2114 1656 alterius,

499 1681 598 1736 sed
620 1680 794 1750 ipsius
817 1681 1046 1751 proprio
1065 1681 1290 1734 Domini
1315 1697 1412 1734 ore
1425 1681 1667 1752 prolata,
1685 1684 1742 1734 et
1752 1682 1973 1734 ﬁrmata
1995 1697 2116 1734 esse

497 1773 866 1842 dignoscitur.
901 1773 1000 1828 Cui
1031 1773 1078 1825 si
1105 1773 1309 1843 aliquis
1333 1773 1760 1840 contradixerit,
1793 1789 1906 1826 non
1932 1775 2117 1827 solum

2214 665 2534 720 civitatibus
2571 681 2668 719 eos
2711 665 3034 718 collocaret.
3081 662 3188 727 Qui
3221 661 3391 718 enim
3432 664 3908 732 persequuntur

2215 757 2442 812 Domini
2464 758 2777 828 episcopos,
2807 772 3020 826 eosque
3047 755 3119 810 de
3146 754 3490 810 civitatibus
3522 753 3612 808 ad
3637 753 3905 808 civitates

2215 849 2458 904 transire
2489 849 2857 919 compellunt,
2881 865 2996 903 non
3027 864 3126 902 eos
3147 851 3387 902 tantum
3413 852 3904 918 persequuntur,

2217 946 2494 1012 quantum
2516 941 2823 996 Dominum
2851 943 3115 996 nostrum
3134 941 3334 995 Iesum
3356 939 3714 1006 Christum,
3747 939 3906 1009 cujus

2216 1034 2503 1104 legatione
2547 1034 2882 1104 funguntur.
2917 1034 3029 1087 Nec
3057 1031 3166 1103 ipsi
3199 1032 3260 1086 in
3301 1033 3420 1087 hoc
3456 1035 3742 1103 peccant
3787 1031 3904 1102 epi-

2217 1126 2390 1196 scopi,
2423 1125 2696 1196 quoniam
2717 1141 2833 1180 non
2864 1127 3088 1196 sponte,
3123 1124 3228 1178 sed
3260 1128 3474 1179 coacte
3513 1125 3645 1179 hoc
3677 1128 3905 1195 agunt:

2217 1217 2317 1271 sed
2345 1217 2425 1270 illi
2455 1233 2488 1271 a
2517 1217 2719 1288 quibus
2748 1220 3211 1288 persequuntur;
3259 1233 3374 1271 nec
3403 1217 3561 1288 ipsis
3607 1217 3908 1288 episcopis

2215 1309 2324 1364 hoc
2355 1309 2624 1379 imputari
2656 1312 2862 1379 potest,
2898 1309 2998 1362 sed
3026 1309 3136 1362 illis
3152 1309 3263 1380 .qui
3293 1324 3402 1363 eos
3432 1309 3557 1362 hoc
3581 1325 3780 1379 agere
3813 1324 3906 1363 co-

2217 1404 2376 1471 gunt.
2406 1401 2644 1456 Sanctus
2673 1401 2830 1455 enim
2863 1404 3257 1472 protomartyr
3285 1401 3656 1472 Stephanus
3682 1401 3911 1472 lapida-

2213 1494 2400 1559 batur,
2433 1493 2533 1548 sed
2551 1495 2708 1548 Jesus
2737 1493 3084 1564 suscipiebat
3107 1495 3335 1564 plagas.
3369 1493 3655 1564 Ideoque
3679 1494 3911 1548 unicui-

2216 1601 2325 1656 que
2351 1585 2782 1655 praevidendum
2827 1589 2913 1638 est
2942 1586 3165 1656 (Hadr.,
3199 1587 3330 1648 col.,
3352 1601 3488 1656 cap.
3528 1588 3632 1659 66)
3689 1603 3770 1641 ne
3807 1586 3909 1641 ali-

2216 1693 2389 1747 quem
2415 1676 2624 1747 injuste
2674 1679 3072 1748 persequatur,
3099 1677 3350 1747 judicet,
3391 1679 3493 1732 vel
3537 1679 3791 1750 puniat,
3836 1695 3909 1732 ne

2213 1771 2404 1824 Jesum
2436 1773 2832 1840 persequatur,
2855 1769 3099 1839 judicet,
3134 1773 3192 1823 et
3233 1769 3477 1840 puniat.
3541 1771 3664 1835 Qui
3698 1777 3908 1826 autem

495 1864 754 1932 extorris,
789 1865 888 1918 sed
917 1864 1089 1918 etiam
1116 1865 1627 1919 anathematizatus
1653 1865 1723 1918 ab
1749 1865 1986 1919 ecclesia
2005 1865 2118 1935 pel—
2137 1851 2192 1923 B
2217 1864 2433 1930 negant
2447 1861 2898 1916 misericordiam
2916 1861 3250 1916 faciendam
3274 1862 3696 1933 fugientibus,
3725 1881 3797 1920 ac
3816 1881 3912 1918 ne-

494 1957 644 2012 latur
671 1971 714 2012 δι.
767 1958 835 2011 Et
859 1957 1133 2012 Dominus
1163 1957 1220 2010 in
1249 1957 1555 2027 Evangelio
1593 1957 1732 2011 alias
1761 1957 1896 2011 dicit
1923 1973 1936 2011 :
1964 1959 2120 2013 Beati

493 2051 588 2118 qui
609 2051 1018 2118 persecutionem
1041 2053 1331 2120 patiuntur
1369 2054 1590 2119 propter
1605 2049 1878 2118 justitiam
1899 2048 2113 2119 (Matth.

496 2143 569 2212 v).
600 2141 659 2195 Si
686 2157 782 2194 eos
805 2141 1079 2196 Dominus
1113 2142 1312 2196 beatos
1338 2141 1492 2210 dicit,
1525 2141 1622 2212 qui
1659 2141 2117 2212 persecutionem

493 2233 793 2303 patiuntur
802 2235 1035 2304 propter
1037 2233 1060 2304 j
1070 2233 1340 2299 ustitiam,
1357 2233 1486 2303 quis
1499 2250 1594 2287 eos
1607 2233 1878 2288 damnare
1893 2232 2116 2304 potest?

491 2325 562 2378 Et
584 2325 630 2378 si
651 2325 770 2394 ipse
801 2325 870 2378 de
907 2326 1128 2378 civitate
1162 2325 1235 2379 ad
1275 2324 1556 2379 civitatem
1582 2329 1818 2396 propter
1843 2341 2112 2396 persecu-

488 2415 707 2470 tionem
721 2418 919 2486 fugere
947 2417 1220 2487 prmcipit,
1241 2417 1366 2487 quis
1384 2433 1482 2472 eos
1495 2417 1818 2486 detrahere,
1837 2402 1938 2472 aut
1958 2417 2116 2470 dam-

489 2524 630 2562 nare
660 2512 964 2579 propterea
990 2509 1164 2563 audet
1192 2509 1278 2562 vel
1308 2512 1512 2579 potest,
1537 2507 1691 2579 quod
1719 2510 1906 2563 verbis
1934 2508 2117 2563 domi-

488 2601 628 2654 nicis
655 2601 1103 2671 obtemperant?
1147 2603 1406 2656 Profecto
1443 2601 1492 2655 is
1532 2601 1629 2671 qui
1654 2602 1994 2656 contradicit
2018 2604 2117 2656 aut

488 2693 720 2760 resistit,
738 2693 986 2763 seipsum
1015 2694 1270 2761 damnat,
1294 2693 1427 2764 quia
1447 2693 1530 2748 ori
1549 2693 1778 2748 Domini
1806 2697 2114 2749 contumax

491 2790 548 2839 et
575 2785 912 2838 inobediens
941 2785 1147 2839 existit.
1171 2785 1331 2840 Unde
1359 2789 1416 2839 et
1441 2785 1562 2856 ipsa
1589 2803 1694 2856 per
1717 2802 1774 2839 se
1790 2785 2008 2840 Veritas
2029 2786 2111 2841 di-

490 2877 602 2931 cit:
632 2879 760 2943 Quis
785 2893 852 2931 em
890 2879 1038 2932 vobis
1065 2883 1254 2946 arguet
1279 2893 1362 2932 me
1385 2879 1450 2932 de
1464 2885 1680 2948 peccato
1701 2881 1729 2932 7
1755 2880 1817 2935 Si
1837 2882 2114 2934 veritatem

490 2970 628 3032 dico,
653 2985 820 3038 quare
833 2985 923 3024 vos
947 2985 1054 3024 non
1073 2971 1288 3024 creditis
1301 2972 1476 3024 mihi?
1500 2972 1604 3036 Qui
1623 2987 1690 3025 ea:
1711 2974 1814 3026 Deo
1831 2977 1926 3034 est,
1953 2973 2114 3026 verba

489 3064 589 3116 Dei
605 3062 780 3115 audit.
810 3063 1098 3130 Propterea
1121 3077 1212 3116 vos
1234 3077 1340 3116 non
1383 3063 1608 3125 auditis,
1641 3065 1770 3132 quia
1799 3079 1864 3116 ere
1885 3067 1986 3118 Deo
2009 3079 2114 3118 non

489 3155 611 3208 estis
640 3156 810 3218 (Joan.
843 3154 981 3225 vm).
1035 3152 1280 3208 Omnino
1331 3158 1552 3224 oportet
1583 3155 1700 3209 Deo
1727 3155 1956 3210 obedire
1985 3157 2112 3226 plus

492 3202 667 3316 quam
693 3202 1021 3299 hominiblus
1049 3247 1183 3313 (Act.
1218 3245 1292 3317 v).
1321 3202 1623 3301 Etidcirco
1651 3246 1806 3316 quod
1838 3249 1953 3301 Deo
1983 3202 2113 3302 gbe-
2132 3202 2187 3276 Ο

489 3336 696 3404 dimus,
730 3341 788 3390 et
816 3338 884 3392 de
907 3337 1128 3393 civitate
1153 3339 1225 3392 ad
1251 3339 1533 3393 civitatem
1559 3339 1698 3409 (ipso
1719 3339 2106 3410 praecipiente)

487 3428 898 3500 persecutionis
929 3447 1116 3496 causa,
1149 3431 1206 3484 id
1229 3433 1333 3499 est,
1357 3431 1706 3485 necessitatis
1737 3437 1836 3486 aut
1850 3431 2112 3486 utilitatis

485 3522 815 3588 transimus,
847 3521 1162 3576 damnandi
1188 3523 1422 3578 sumus?
1445 3526 1568 3579 Non
1599 3524 1856 3588 omnino,
1881 3524 1981 3578 sed
2006 3541 2106 3596 po-

487 3615 599 3668 tius
619 3615 932 3669 venerandi
956 3618 1124 3688 atque
1149 3615 1437 3689 portendi,
1463 3617 1736 3687 quoniam
1755 3633 1827 3670 ne
1849 3617 1984 3688 ipsis
1999 3617 2112 3688 epi-

487 3708 671 3778 scopis
701 3709 808 3762 hoc
836 3707 1105 3778 imputari
1133 3711 1338 3778 potest.
1366 3709 1474 3773 Qui
1501 3709 1587 3762 his
1607 3709 1832 3777 resistit,
1856 3710 2108 3780 profecto

481 3800 586 3854 Dei
609 3800 958 3854 ordinationi
988 3799 1218 3868 resistit,
1247 3805 1303 3854 et
1329 3803 1415 3854 est
1439 3801 1658 3856 infideli
1681 3801 1958 3856 deterior:
1979 3802 2111 3874 quia

485 3895 692 3950 melius
713 3900 797 3949 est
827 3911 943 3949 non
956 3911 1302 3965 cognoscere
1324 3895 1477 3950 viam
1495 3896 1767 3964 veritatis,
1797 3912 1970 3966 quam
1986 3901 2112 3967 post

487 3986 844 4059 agnitionem
874 3991 1192 4041 retrorsum
1217 3988 1392 4042 abire.
1421 3989 1561 4042 Nam
1587 3992 1644 4042 et
1680 3989 1801 4058 ipse
1833 3989 2108 4044 Dominus

490 4079 560 4133 de
607 4079 729 4133 loco
760 4078 834 4132 ad
875 4079 1062 4132 locum
1097 4079 1345 4146 secessit,
1376 4078 1435 4133 id
1462 4083 1565 4148 est,
1593 4080 1870 4147 transivit,
1899 4080 2110 4136 Iudaeis

489 4171 652 4225 illum
680 4171 1083 4242 quaerentibus.
1111 4171 1352 4241 Fugiens
1374 4170 1466 4226 ille
1492 4175 1811 4242 quaerentes
1839 4175 1898 4226 et
1921 4189 2110 4244 perse-

489 4269 727 4334 quentes
754 4280 830 4328 se,
863 4262 1018 4318 dedit
1043 4263 1208 4318 nobis
1235 4265 1560 4335 exemplum
1591 4265 1789 4336 fugere
1821 4281 1937 4320 non
1977 4283 2104 4337 per-

489 4359 812 4427 sequentes,
843 4360 900 4410 et
926 4355 995 4410 de
1041 4355 1260 4412 civitate
1298 4355 1372 4410 ad
1412 4355 1697 4412 civitatem
1727 4358 1990 4426 transire,
2021 4358 2104 4414 di-

488 4466 623 4504 cens
645 4467 658 4504 :
684 4451 746 4506 Si
761 4464 850 4504 vos
869 4451 1134 4519 persecuti
1157 4451 1366 4517 fuerint
1383 4452 1444 4504 in
1461 4452 1680 4506 civitate
1697 4453 1828 4514 ista,
1855 4455 2032 4522 fugite
2049 4455 2107 4508 in

485 4544 655 4598 aliam
686 4541 900 4613 (Matth.
930 4542 1002 4612 x),
1050 4544 1108 4596 et
1145 4545 1352 4597 caetera
1377 4542 1466 4596 his
1493 4543 1716 4598 similia.
1755 4545 1898 4599 Nam
1944 4545 1988 4598 si
2015 4545 2104 4600 fu-
2123 4561 2184 4634 Β

488 4651 644 4707 gere,
672 4635 891 4689 malum
920 4639 1006 4689 est
1029 4636 1186 4704 (Hist.
1230 4638 1402 4706 Trip.,
1445 4652 1494 4691 c.
1530 4639 1618 4706 2'2,
1652 4637 1745 4691 lib.
1777 4653 1854 4703 vi,
1881 4653 1949 4693 ea:
1973 4655 2103 4709 apo-

487 4729 632 4798 logia
655 4728 712 4784 S.
740 4728 872 4782 Ath.
890 4743 989 4797 pro
1013 4729 1152 4796 fuga
1174 4727 1314 4798 sua),
1334 4729 1620 4798 persequi,
1636 4731 1818 4784 multo
1836 4729 2104 4785 deterius.

485 4821 583 4874 Hic
606 4821 833 4892 quidem
843 4837 917 4874 ne
929 4819 1212 4875 moriatur
1233 4821 1602 4876 absconditur
1623 4838 1637 4889 ;
1670 4820 1761 4876 hic
1777 4825 1970 4877 autem
1987 4840 2109 4894 per-

486 4915 744 4985 sequitur
766 4918 830 4968 ut
850 4913 1098 4979 occidat;
1131 4916 1189 4967 et
1215 4916 1276 4967 ut
1296 4914 1570 4983 fugiatur,
1598 4915 1952 4986 praecipitur:
1973 4917 2109 4987 quia

489 5008 586 5077 qui
613 5005 818 5076 quierit
844 5007 1103 5061 occidere
1143 4991 1545 5076 praevaricatur
1581 5007 1793 5076 legem,
1825 5012 1883 5062 et
1921 5009 2108 5080 magis

486 5099 751 5168 fugiendi
775 5099 994 5169 prtebet
1009 5099 1383 5154 occasionem.
1406 5100 1465 5154 Si
1487 5101 1686 5169 fugam
1713 5100 2109 5172 improperant

483 5197 910 5262 persequentes,
926 5193 1266 5246 erubescant
1283 5193 1471 5264 potius
1504 5193 1862 5264 semetipsos,
1878 5197 1935 5248 et
1953 5196 2109 5265 quie-

487 5283 932 5348 scantinsidiari,
948 5289 1004 5337 et
1015 5283 1310 5354 quiescent
1321 5285 1594 5340 continuo
1608 5286 1910 5355 fugientes.
1925 5288 2105 5342 Nemo

489 5375 645 5430 enim
673 5375 877 5428 mitem
909 5374 1055 5445 fugit
1073 5377 1400 5446 aliquando,
1423 5377 1522 5432 sed
1551 5379 1736 5449 magis
1763 5379 2015 5435 ferocem
2040 5380 2106 5434 si-

485 5467 606 5522 mul
628 5469 684 5519 et
698 5466 986 5521 callidum.
1007 5467 1203 5521 Omnis
1224 5469 1378 5524 enim
1399 5471 1495 5540 qui
1517 5471 1782 5541 gemebat
1793 5475 1849 5526 et
1863 5473 2102 5528 vexaba-

484 5562 582 5614 tur
600 5575 634 5613 a
655 5559 807 5624 Saul,
839 5558 1092 5627 fugiebat
1105 5563 1162 5614 et
1173 5561 1437 5616 veniebat
1457 5563 1529 5616 ad
1551 5564 1724 5618 David
1748 5565 1796 5635 (Ι
1805 5569 1930 5635 Reg.
1950 5569 2100 5635 xm).

485 5654 543 5709 Si
571 5669 708 5723 ergo
729 5650 1017 5722 piissimus
1033 5655 1205 5722 atque
1224 5653 1571 5723 justissimus
1585 5657 1760 5711 David
1781 5659 1950 5712 sciret
1977 5675 2106 5730 pec-

483 5751 676 5803 catum
705 5760 846 5812 esse,
871 5745 1324 5816 persecutionem
1347 5747 1651 5816 fugientes,
1676 5753 2105 5806 ettranseuntes

553 5876 578 5904 ³
627 5867 742 5920 Huc
787 5881 964 5934 usque
1021 5865 1144 5920 Bar.
1197 5869 1255 5917 et
1303 5865 1514 5932 Binius,
1551 5883 1678 5936 quas
1713 5869 1832 5940 jam
1883 5873 2102 5928 sublata

2217 1953 2537 2007 cessitatem
2563 1953 2932 2024 patientibus,
2963 1953 3150 2024 ipsum
3173 1954 3486 2009 Christum
3515 1960 3786 2026 negant,
3813 1956 3911 2028 qui

2217 2048 2302 2098 est
2320 2044 2731 2110 misericordia,
2747 2049 2803 2098 et
2820 2045 3049 2112 veritas,
3065 2048 3124 2099 et
3141 2045 3430 2100 omnibus
3458 2047 3910 2104 necessitatem

2215 2137 2562 2206 patientibus
2584 2137 2881 2190 subvenire
2897 2137 3083 2207 jubet.
3110 2139 3306 2192 Pauca
3328 2142 3499 2207 sunt,
3526 2140 3755 2208 frater,
3779 2157 3913 2213 quae

2216 2229 2460 2295 asserui;
2485 2229 2586 2282 sed
2605 2233 2822 2299 quanta
2839 2247 2906 2283 ex
2932 2229 3021 2282 his
3036 2229 3360 2300 pendeant,
3383 2234 3495 2286 tua
3514 2233 3915 2303 providentia

2214 2321 2427 2392 poteris
2456 2321 2758 2375 aestimare.
2786 2321 2974 2385 Quare
3003 2322 3154 2376 hanc
3189 2322 3569 2378 annituntur
3619 2327 3914 2382 malevoli

2215 2413 2536 2484 irrumpere
2556 2413 3011 2468 miscricordiam
3050 2414 3359 2484 (Ennodius
3386 2419 3454 2470 in
3480 2419 3774 2488 apologia
3809 2437 3915 2490 pro

2212 2507 2526 2572 Symmacho
2556 2505 2904 2575 papa)?Cur
2929 2505 3172 2560 illudere
3215 2507 3385 2561 vanis
3443 2508 3916 2566 intentionibus

2213 2597 2544 2651 felicitatem
2566 2597 2594 2652 ?
2619 2597 3056 2652 Excusationem
3065 2599 3194 2668 jam
3215 2615 3339 2654 non
3362 2601 3562 2656 habet
3592 2603 3780 2659 furor
3803 2605 3913 2659 iste

2213 2689 2273 2743 in
2286 2688 2675 2756 credentibus;
2691 2691 3616 2762 necinterestquibusitineribus
3637 2697 3725 2751 ad
3742 2715 3918 2752 mun-

2215 2781 2270 2836 di
2295 2781 2616 2853 principem
2641 2788 2850 2850 currat,
2865 2783 3016 2854 quia
3035 2783 3458 2842 benevolentia
3476 2789 3762 2844 fratrum
3789 2792 3919 2846 des-

2213 2874 2388 2941 ciscit,
2421 2878 2520 2928 aut
2562 2875 2960 2930 necessitatem
2992 2877 3354 2947 patientibus
3389 2879 3912 2938 misericordiam

2214 2969 2404 3036 negat.
2434 2967 2615 3037 Negat
2641 2967 3098 3022 misericordiam
3125 2970 3559 3028 necessitatem
3606 2976 3915 3046 patienti-

2211 3058 2334 3125 bus,
2349 3057 2444 3128 qui
2461 3059 2686 3129 populis
2703 3059 3098 3130 indigentibus
3113 3061 3324 3117 divinis
3339 3067 3689 3136 mysteriis,
3708 3073 3777 3124 et
3792 3087 3915 3125 non

2210 3149 2554 3205 habentibus
2597 3152 2894 3222 proprium
2945 3153 3286 3225 episcopum
3324 3157 3432 3227 qui
3463 3175 3576 3214 eos
3611 3161 3916 3232 instruat,

2211 3259 2380 3297 causa
2409 3243 2668 3298 utilitatis
2689 3247 2860 3314 atque
2883 3245 3265 3316 necessitatis,
3291 3264 3362 3303 ex
3385 3249 3510 3305 alia
3533 3253 3804 3310 civitate
3832 3256 3920 3327 (1i-

2209 3339 2298 3390 cet
2315 3335 2510 3390 minor
2528 3335 2618 3407 sit)
2641 3336 2698 3390 in
2722 3353 2850 3392 eam
2869 3353 2979 3409 que
3000 3355 3121 3393 non
3142 3339 3327 3395 habet
3345 3342 3756 3416 episcopum,
3780 3349 3924 3404 doc-

2209 3427 2416 3483 tiorem
2436 3426 2522 3482 vel
2559 3429 2876 3500 utiliorum,
2911 3431 3141 3486 meliori
3189 3434 3466 3505 consilio,
3499 3455 3638 3494 non
3684 3447 3918 3513 sponte

2207 3523 2625 3588 transeuntem,
2646 3522 2747 3576 sed
2758 3523 3048 3593 majorum
3069 3525 3484 3582 exhortatione
3502 3537 3799 3604 mutare,
3818 3540 3922 3590 aut

2210 3613 2538 3684 episcopum
2553 3615 2801 3684 ejectum
2815 3618 2871 3669 et
2882 3619 3356 3686 persecutionem
3375 3623 3923 3696 patientem,cau-

2209 3722 2270 3760 sa
2291 3706 2549 3760 utilitatis
2570 3709 2668 3761 aut
2688 3707 3042 3762 necessitatis
3063 3709 3460 3768 inthronizari
3485 3733 3622 3772 non
3646 3722 3919 3790 permit-

2209 3798 2294 3852 tit.
2317 3799 2482 3868 Apud
2503 3803 2720 3855 veteres
2746 3800 2904 3855 enim
2935 3805 3094 3870 (Hist.
3126 3806 3305 3875 Trip.,
3323 3822 3454 3878 cap.
3479 3810 3539 3877 8,
3567 3811 3685 3867 lib.
3713 3830 3834 3882 xu,
3856 3833 3925 3871 ea:

2206 3893 2422 3948 Socrate
2449 3893 2585 3962 lib.),
2609 3893 2732 3947 sine
2763 3894 2877 3948 ulla
2905 3894 3237 3952 differentia
3264 3897 3340 3953 de
3371 3917 3500 3956 una
3530 3903 3805 3963 civitate
3845 3909 3924 3963 ad

2208 3983 2450 4038 alteram
2470 3984 2760 4056 migrabat
2779 3986 3100 4059 episcopus,
3126 3989 3272 4045 dum
3287 3992 3521 4050 utilitas
3551 4001 3670 4054 aut
3700 4017 3926 4057 neces-

2209 4074 2343 4130 sitas
2367 4080 2647 4132 evocaret.
2663 4077 3220 4152 Quapropteripsam
3237 4083 3425 4141 etiam
3440 4092 3754 4162 regulam
3773 4095 3926 4151 huic

2208 4168 2464 4238 epistolae
2491 4170 2704 4241 placuit
2727 4171 2922 4239 inseri,
2956 4176 3020 4228 ut
3057 4179 3428 4234 monstretur
3458 4196 3574 4238 eos
3602 4189 3925 4245 mentitos

2207 4276 2348 4328 esse,
2367 4261 2464 4332 qui
2485 4263 2818 4335 episcopum
2829 4281 2946 4320 non
2958 4282 3129 4337 posse
3151 4267 3557 4331 inthronizari
3583 4277 3921 4338 dixerunt.

2209 4354 2368 4410 Unde
2389 4358 2446 4410 et
2469 4353 2529 4410 in
2548 4357 2863 4412 canonibus
2891 4358 3108 4430 legitur
3127 4360 3212 4418 ita
3243 4364 3369 4434 (vn,
3395 4382 3447 4422 c.
3480 4371 3542 4438 6,
3570 4371 3926 4432 Antiochea

2206 4463 2349 4503 conc.
2378 4465 2498 4504 can.
2530 4449 2614 4521 l8)
2643 4469 2660 4505 :
2703 4453 2764 4508 Si
2788 4453 2910 4521 quis
2933 4455 3214 4526 episc0pus
3247 4458 3585 4527 ordinatus,
3619 4467 3713 4522 ad
3737 4485 3927 4540 paro.

2205 4543 2380 4596 chiam
2423 4544 2484 4596 in
2507 4559 2616 4612 qua
2641 4544 2928 4601 ordinatus
2953 4551 3050 4610 est,
3082 4551 3306 4606 minime
3326 4557 3770 4626 proﬁciscitur,
3806 4581 3926 4619 non

2204 4649 2303 4689 sua
2321 4635 2502 4704 culpa,
2530 4637 2624 4690 sed
2647 4642 2744 4692 aut
2763 4639 2966 4709 populo
2986 4647 3292 4712 respuente,
3320 4651 3427 4700 aut
3436 4656 3704 4720 prOpter
3726 4657 3930 4714 aliam

2206 4729 2497 4796 quamlibet
2522 4744 2739 4784 causam
2761 4735 3075 4788 necessitate
3099 4737 3340 4801 factam,
3368 4739 3526 4796 hunc
3551 4744 3793 4804 honore
3822 4755 3932 4806 mi-

2205 4823 2526 4891 nisterioque
2546 4825 2900 4894 participare,
2927 4841 3022 4880 nec
3049 4831 3233 4884 tamen
3261 4833 3489 4888 misceri
3515 4839 3704 4897 rebus
3737 4850 3927 4904 eche-

2205 4916 2318 4976 sise,
2347 4916 2404 4968 in
2444 4931 2553 4984 qua
2595 4915 2840 4971 collectas
2886 4919 3140 4983 celebrat,
3182 4923 3279 4978 sed
3331 4930 3628 4986 sustinere
3683 4953 3930 5012 quoque

2207 5007 2350 5076 quod
2390 5010 2681 5077 provinciae
2703 5011 2942 5078 synodus
2965 5028 3062 5068 suo
3074 5014 3289 5082 judicio
3321 5022 3783 5096 terminaverit,
3827 5007 3928 5092 ξιξ-

2207 5103 2484 5155 cernimus.
2514 5101 2654 5155 Huic
2678 5104 2895 5174 regulze
2945 5107 3349 5164 contradicere
3406 5116 3626 5173 nullus
3687 5131 3928 5195 potest,

2208 5208 2334 5262 quae
2367 5192 2540 5247 etiam
2571 5211 2740 5249 causa
2768 5196 3030 5252 utilitatis
3050 5203 3152 5254 aut
3173 5205 3551 5264 necessitatis
3581 5192 3927 5277 intlironié

2206 5284 2319 5339 zari
2340 5285 2671 5358 episcopum
2697 5288 2882 5358 jubet,
2916 5293 2974 5344 et
2997 5294 3216 5348 mutari
3246 5311 3314 5350 ac
3345 5302 3620 5360 transire
3644 5325 3819 5368 eum
3858 5317 3929 5370 de

2205 5377 2427 5432 civitate
2454 5379 2527 5432 ad
2549 5379 2718 5435 aliam
2737 5381 3030 5439 civitatem
3045 5403 3163 5442 non
3191 5391 3510 5461 pr0prium
3543 5397 3926 5464 habentem

2205 5471 2532 5544 episcopum
2566 5473 2718 5530 sinit.
2765 5475 3013 5546 Pingues
3040 5479 3259 5536 hostias
3297 5483 3431 5538 litat
3462 5487 3751 5553 diabolo
3793 5506 3926 5560 (En-

2203 5566 2394 5620 nodius
2407 5565 2528 5635 jam
2551 5567 2788 5633 citatus),
2819 5570 2914 5639 qui
2946 5571 3034 5624 his
3059 5575 3334 5630 resistere
3357 5577 3609 5652 nititur,
3649 5599 3782 5650 aut
3811 5598 3920 5652 mi-

2205 5658 2641 5761 sericordiamet
2665 5660 2975 5761 utilitatem
3003 5665 3272 5723 Ecclesiae
3290 5669 3424 5740 jam
3455 5673 3662 5736 dictis
3697 5697 3922 5761 negat,

2203 5747 2262 5805 id
2282 5755 2385 5818 est,
2410 5754 2468 5806 et
2492 5751 2771 5824 episcopis
2792 5757 2851 5808 et
2876 5757 3125 5828 populis.
3159 5762 3223 5816 In
3239 5778 3464 5821 vanum
3487 5786 3660 5844 ergo
3697 5747 3924 5838 cogn;

2201 5872 2434 5927 fuerunt
2453 5871 2510 5926 in
2533 5871 2668 5926 edit.
2697 5873 2876 5944 regia.
