3994 6404
107 405 210 466 753

1618 419 1968 480 APPENDIX.

3370 403 3471 476 75$

109 513 426 617 simplices,
556 517 684 578 hac
700 521 839 580 olim
854 525 1100 582 dicentes
1120 543 1288 600 egere
1307 528 1750 600 prohibuerunt,
1773 545 1832 617 Α
1850 533 1990 588 riter
2010 529 2236 587 titulare
2262 535 2318 586 et
2346 529 2628 597 ordinare,
2656 529 2734 585 ita
2760 530 2843 599 (ut
2867 526 3201 601 pradictum
3220 525 3322 599 est)
3347 543 3480 584 caue

110 611 403 667 tendicula
429 613 696 687 deinceps
720 618 1017 688 parabunt,
1048 636 1178 676 cum
1205 622 1293 676 his
1320 626 1377 676 et
1403 622 1526 678 aliis
1549 625 1751 680 armati

111 703 501 774 adminiculis,
536 710 801 766 noverint
833 712 970 783 quid
1015 730 1184 786 super
1224 715 1314 770 his
1347 716 1419 770 sit
1443 717 1751 788 agendum,

107 800 165 850 et
189 797 337 868 quid
361 797 682 856 vitandum.
705 803 881 858 Nimis
907 805 1059 861 enim
1088 811 1335 863 armatus
1355 810 1438 863 est
1463 808 1625 878 (Idem
1647 811 1752 864 En-

110 889 338 953 nodius,
366 891 528 963 ibid.)
546 893 647 965 qui
665 893 783 962 illa,
809 913 936 968 qua
961 899 1309 955 adversarius
1330 901 1749 972 misericordia,

107 981 376 1037 utilitatis
401 989 575 1055 atque
603 989 914 1044 concordiae
933 990 1232 1062 ministrat,
1263 993 1374 1047 tela
1417 994 1748 1049 contemnit.

109 1073 336 1130 Sufficit
392 1091 533 1148 ergo
576 1084 772 1134 contra
813 1082 1005 1138 omnia
1044 1083 1232 1154 jacula
1262 1085 1587 1157 jurgiorum
1621 1085 1751 1141 fidei

108 1167 266 1222 nuda
293 1171 598 1240 oppositio.
629 1171 755 1228 Scio
785 1177 840 1229 te
869 1191 984 1230 non
1004 1175 1285 1247 ignorare,
1315 1177 1505 1248 frater,
1529 1195 1748 1234 memo-

108 1263 257 1314 ratas
275 1277 570 1318 canonum
593 1265 899 1321 sententias
923 1272 1092 1339 atque
1123 1271 1470 1341 evangelicas
1507 1271 1749 1326 sanctio-

108 1368 226 1420 nes,
259 1370 441 1409 novas
471 1373 588 1412 non
617 1374 758 1426 esse,
790 1359 888 1415 sed
915 1365 1109 1416 nostro
1135 1377 1228 1417 eas
1257 1363 1509 1418 assensui
1546 1363 1751 1418 manci-

109 1447 252 1519 pari.
275 1449 397 1504 Cur
425 1449 516 1504 his
535 1451 1000 1519 contradicentes,
1030 1459 1086 1510 et
1105 1455 1509 1526 emigrationes
1533 1456 1746 1527 episco-

110 1557 321 1612 porum
351 1542 611 1626 utilitatis
625 1548 682 1600 et
690 1545 1031 1600 necessitatis
1041 1563 1206 1602 causa
1219 1547 1342 1603 ﬁeri
1360 1549 1747 1619 prohibentes,

110 1639 174 1689 ut
195 1650 352 1706 sape
387 1635 609 1691 dictum
638 1641 739 1704 est,
779 1641 836 1692 et
873 1639 1123 1695 avaritia
1168 1645 1266 1696 aut
1299 1641 1648 1709 temeritatis,
1689 1643 1750 1696 in

109 1728 433 1800 perniciem
475 1729 828 1785 sacerdotum
848 1747 911 1786 ac
937 1733 1297 1803 populorum,
1328 1733 1543 1789 ladunt
1565 1749 1748 1790 sacer-

112 1821 294 1876 dotale
329 1821 683 1877 consilium?
709 1823 820 1878 Cur
844 1824 1089 1880 lacerant
1116 1825 1474 1896 sententiam,
1519 1827 1578 1880 in
1612 1842 1746 1898 qua,

1851 643 1972 680 sam
1998 625 2345 680 necessitatis
2369 628 2467 679 aut
2486 623 2739 679 utilitatis
2763 623 2935 678 habes
2960 627 3016 677 et
3043 626 3284 690 mutare,
3317 637 3382 676 ac
3402 621 3474 678 de

1849 719 2018 774 titulo
2059 719 2130 774 ad
2163 717 2390 773 titulum
2436 717 2766 772 translatare
2810 713 3153 787 [transferre,
3184 717 3266 768 ita
3307 719 3358 768 et
3409 713 3467 769 Ο.

1849 811 2034 884 Just],
2064 811 2194 866 licet
2220 811 2290 866 de
2319 809 2526 865 minori
2551 809 2621 864 ad
2645 809 2920 880 majorem
2938 807 3140 862 urbem
3165 807 3474 862 mutandus

1851 904 1940 958 sit.
1961 905 2073 958 Hoc
2086 909 2275 958 tamen
2287 918 2646 974 summOpere
2656 901 3084 973 pravidendum
3099 903 3202 968 est,
3220 915 3291 958 ne
3304 916 3473 954 causa

1851 997 2188 1068 arrogantia
2203 1001 2301 1051 aut
2321 995 2570 1050 avaritia
2595 1010 2850 1066 unquam
2875 993 3002 1048 ﬁat:
3020 992 3152 1064 quia
3177 992 3238 1046 hi
3263 1008 3297 1046 a
3321 1008 3471 1062 pra-

1851 1089 2012 1144 dictis
2052 1088 2360 1143 canonibus
2385 1088 2744 1155 damnantur,
2773 1102 2888 1141 non
2912 1085 2994 1140 illi
3019 1084 3116 1156 qui
3145 1085 3474 1140 necessitate

1849 1185 1946 1236 aut
1968 1181 2227 1248 utilitate,
2250 1181 2532 1251 majorum
2553 1179 2805 1244 consilio,
2851 1183 2908 1233 et
2949 1194 3084 1232 sana
3119 1194 3184 1232 ac
3221 1194 3384 1248 pura,
3417 1179 3476 1232 et

1849 1275 1962 1330 Deo
1981 1273 2184 1346 placita
2212 1272 2522 1328 intentione
2547 1272 2654 1326 hoc
2681 1271 2911 1326 faciunt.
2938 1272 3040 1340 Tu,
3084 1270 3279 1337 frater,
3321 1286 3471 1325 sem-

1848 1384 1954 1440 per
1996 1371 2198 1422 sectare
2235 1367 2536 1434 justitiam,
2570 1367 2850 1434 pietatem,
2888 1364 3078 1433 ﬁdem,
3099 1387 3110 1392 -
3131 1365 3471 1426 charitatem,

1842 1461 2168 1530 patientiam
2191 1462 2242 1514 et
2264 1458 2735 1512 mansuetudinem
2761 1457 2809 1525 (Ι
2841 1459 2975 1511 Tim.
2999 1457 3093 1526 v1).
3130 1459 3285 1514 Certa
3308 1457 3472 1510 etiam

1851 1553 2045 1607 bonum
2072 1556 2338 1606 certamen
2364 1551 2512 1620 ﬁdei,
2544 1555 2594 1604 et
2607 1550 2947 1620 apprehende
2982 1551 3152 1604 vitam
3193 1553 3472 1610 aeternam,

1847 1647 1908 1699 in
1937 1661 2046 1714 qua
2067 1648 2285 1698 vocatus
2315 1658 2369 1698 es
2401 1663 2420 1697 :
2451 1643 2762 1714 quoniam'
2785 1644 3011 1712 spiritus
3038 1643 3337 1696 timentium
3363 1643 3473 1694 Do-

1847 1739 2070 1799 minum,
2093 1739 2356 1806 quaeritur
2380 1735 2450 1789 ab
2488 1735 2602 1796 illo,
2631 1739 2683 1789 et
2704 1737 2762 1789 in
2805 1737 3048 1803 respectu
3078 1733 3230 1787 illius
3267 1731 3478 1786 benedi-

1847 1832 2006 1884 citur.
2037 1828 2165 1898 Spes
2193 1829 2333 1882 enim
2360 1828 2579 1881 illorum
2621 1829 2681 1880 in
2725 1827 3026 1881 sulcantem
3065 1827 3210 1888 illos,
3251 1829 3302 1880 et
3337 1825 3480 1879 oculi

111 1913 432 1985 inspirante
457 1915 698 1985 Christo,
725 1917 949 1971 oracula
972 1933 1218 1988 superna
1241 1921 1566 1988 patuerunt,
1597 1896 1652 1974 et
1668 1919 1751 1973 in-
1768 1896 1824 1968 B
1848 1924 1943 1978 Dei
1972 1924 2032 1975 in
2057 1896 2340 1988 diligentes
2364 1934 2437 1975 se.
2471 1920 2576 1986 Qui
2604 1921 2755 1974 timet
2795 1921 3098 1981 Dominum,
3134 1918 3273 1972 nihil
3306 1919 3474 1986 trepi-

112 2011 197 2062 ter
216 2007 401 2062 Deum
433 2013 489 2062 et
511 2007 768 2064 homines
791 2008 1070 2080 interpres
1109 2011 1322 2066 exstitit
1369 2010 1563 2082 lingua
1601 2027 1747 2082 pon-

112 2099 327 2155 tiﬁcum
346 2101 378 2155 ?
414 2100 514 2154 llla
537 2101 691 2156 enim
717 2101 837 2156 cali
863 2101 1019 2156 curia
1036 2103 1319 2158 variarum
1335 2103 1562 2158 dotibus
1587 2109 1752 2159 aucta

113 2193 426 2262 curulium,
459 2197 518 2248 et
545 2194 727 2248 multo
762 2195 1153 2266 Redemptoris
1192 2196 1368 2251 nostri
1400 2213 1538 2251 auro
1566 2201 1748 2252 ostro-

113 2301 220 2356 que
247 2287 539 2354 decorata,
570 2286 715 2342 nihil
745 2287 803 2342 in
827 2287 922 2342 illa
955 2287 1233 2344 decisione
1266 2294 1492 2344 auctore
1523 2305 1582 2344 se
1615 2304 1748 2359 pro-

114 2378 257 2447 tulit,
299 2379 404 2434 sed
443 2395 548 2450 per
584 2379 851 2434 humana
883 2380 1097 2451 lingua
1138 2381 1519 2437 ministerium
1562 2381 1750 2437 divino

116 2471 373 2526 militavit
401 2471 665 2542 imperio.
691 2473 972 2528 Intellexit
985 2489 1100 2528 non
1122 2489 1239 2528 esse
1257 2490 1444 2542 suum,
1472 2474 1750 2546 quidquid

114 2564 360 2636 impulsa
404 2564 728 2633 constituit;
759 2565 907 2620 nihil
927 2582 1151 2637 quoque
1176 2567 1349 2622 habet
1376 2567 1438 2622 in
1481 2566 1576 2622 illa
1615 2582 1746 2622 sen-

118 2654 308 2723 tentia,
343 2652 463 2708 nisi
505 2653 657 2708 unde
685 2653 754 2707 de
785 2654 898 2707 sola
923 2653 1219 2708 devotione
1247 2655 1578 2724 gratuletur.
1609 2656 1749 2710 Nam

119 2747 252 2802 dum
274 2745 537 2818 profanis
562 2750 1008 2801 memoratorum
1031 2747 1215 2801 verbis
1239 2747 1504 2816 creditur,
1534 2752 1591 2802 et
1631 2764 1748 2802 sua

118 2839 355 2894 vesania
380 2838 667 2893 inscitiam
694 2839 958 2909 produnt,
987 2843 1044 2894 et
1066 2839 1320 2894 livorem.
1359 2840 1491 2904 Quis
1527 2839 1621 2895 hic
1662 2840 1746 2894 lo-

118 2949 210 2986 cus
235 2931 469 3002 erroris,
499 2931 598 2985 ubi
636 2931 1008 3002 congruentia
1045 2931 1165 3002 pari
1194 2931 1365 2987 ductu
1403 2933 1648 3004 exempli
1693 2936 1750 2988 et

120 3025 369 3081 historia
394 3025 572 3079 verba
597 3025 983 3079 concurrimt?
1002 3025 1112 3079 Nec
1138 3024 1423 3080 diversum
1447 3030 1529 3080 cst
1550 3025 1620 3080 ab
1653 3025 1752 3080 in-.

117 3118 338 3173 tellectu
357 3117 638 3172 catholico
661 3120 716 3172 et
738 3117 1091 3186 lectionibus,
1113 3118 1265 3188 quod
1289 3118 1592 3188 profertur.
1609 3119 1748 3172 Nam

1850 2015 2022 2076 dabit,
2050 2019 2103 2068 et
2121 2029 2230 2067 non
2246 2013 2485 2082 pavebit,
2509 2013 2765 2081 quoniam
2791 2013 2903 2080 ipse
2929 2015 3005 2065 est
3049 2025 3168 2080 spes
3193 2011 3330 2078 ejus.
3381 2011 3474 2063 Ti-

1847 2109 2038 2161 mentis
2065 2107 2348 2162 Dominum
2385 2105 2541 2158 beata
2576 2109 2652 2158 est
2697 2105 2904 2164 anima,
2939 2104 3014 2156 ad
3047 2118 3203 2171 quem
3237 2103 3475 2170 respicit,

1849 2203 1900 2254 et
1923 2201 2044 2268 quis
2063 2204 2141 2253 est
2163 2197 2429 2266 fortitudo
2450 2196 2565 2264 ejus
2583 2199 2612 2250 7
2635 2197 2790 2252 Oculi
2809 2197 3023 2250 Domini
3043 2210 3208 2263 super
3233 2197 3476 2248 timentes

1848 2306 2002 2347 eum:
2020 2292 2572 2360 protectorpotentia,
2603 2291 3000 2358 ﬁrmamentum
3017 2289 3258 2348 virtutis,
3273 2290 3480 2356 tegmen

1847 2385 2083 2446 ardoris,
2121 2387 2172 2437 et
2213 2383 2588 2436 umbraculum
2617 2381 2926 2443 meridiani,
2958 2384 3009 2434 et
3041 2380 3358 2448 praedicatio
3387 2381 3474 2446 of-

1845 2476 2127 2544 fensionis,
2172 2478 2223 2529 et
2259 2473 2597 2542 adjutorium
2635 2487 2814 2532 casus,
2846 2471 3096 2526 exultans
3129 2472 3388 2532 animam,
3425 2472 3478 2524 et

1846 2569 2163 2622 illuminans
2189 2567 2384 2632 oculos,
2427 2566 2566 2618 dans
2592 2566 2905 2626 sanitatem,
2934 2567 2986 2617 et
3021 2565 3210 2625 vitam,
3239 2568 3289 2616 et
3319 2563 3471 2617 bene-

1847 2659 2496 2715 dictionem.Immolantis
2522 2672 2590 2711 ea:
2618 2659 2806 2726 iniquo
2835 2656 3036 2710 oblatio
3061 2660 3138 2710 est
3177 2655 3473 2718 maculata,

1847 2759 1898 2808 et
1937 2768 2045 2806 non
2075 2755 2202 2806 sunt
2241 2751 2584 2819 beneplacita
2625 2750 3074 2804 subsannationes
3129 2748 3473 2816 injustorum,

1845 2848 2100 2900 Dominus
2125 2845 2270 2898 solus
2295 2843 2684 2898 sustinentibus
2709 2857 2763 2896 se
2787 2843 2848 2895 in
2888 2843 3003 2895 vita
3034 2843 3278 2895 veritatis
3311 2845 3362 2895 et
3386 2840 3478 2908 ju-

1845 2941 2026 2992 stitia.
2067 2940 2220 2992 Dona
2262 2938 2573 3004 iniquorum
2615 2950 2725 2988 non
2765 2934 2963 3003 probat
3011 2934 3348 2995 Altissimus,
3381 2948 3475 2987 nec

1846 3032 2064 3100 respicit
2091 3031 2150 3083 in
2178 3029 2538 3082 oblationibus
2561 3028 2903 3096 injustorum,
2934 3041 3028 3080 nec
3042 3028 3100 3080 in
3123 3025 3476 3080 multitudine

1845 3125 2230 3192 sacriﬁcin
2256 3137 2436 3176 eorum
2465 3121 2857 3190 propitiabitur
2887 3121 3142 3188 peccatis.
3184 3118 3288 3184 Qui
3312 3107 3478 3186 'o/fert

117 3226 228 3265 non
249 3210 398 3266 bene
429 3210 613 3264 nodus
644 3209 706 3264 in
753 3208 935 3280 scirpo
987 3209 1281 3280 quaritur,
1330 3211 1469 3265 dum
1513 3210 1749 3266 involvit
1767 3249 1822 3325 Ο
1845 3217 2164 3284 sacriﬁcium
2180 3230 2247 3269 ea:
2263 3215 2573 3269 substantia
2586 3227 2915 3283 pauperum,
2937 3214 3098 3282 quasi
3113 3213 3210 3280 qui
3234 3213 3475 3266 victimat

122 3303 313 3325 ..-ι---1,
345 3301 670 3325 -..μ-ΙΣΑΑΛ..
698 3301 836 3325 1---ζ-
865 3306 1116 3325 ----ι-..,.-
1164 3302 1322 3325 ημλ,
1353 3318 1568 3325 ..-ΑΨ-Α
1603 3319 1627 3325 -
1658 3301 1714 3325 _:
1855 3310 1927 3325 nl.
1987 3324 2008 3325 η
2039 3309 2084 3325 γον,
2121 3323 2132 3325 μ
2151 3323 2200 3325 ,η
2219 3322 2267 3325 ,α
2288 3311 2389 3325 --Α--
2409 3322 2438 3325 --
2457 3307 2581 3325 -Α--.⁶-
2607 3308 2688 3325 --μ’
2740 3307 2899 3325 n---.--
2923 3305 3179 3325 --__-4.'--_..
3206 3306 3314 3325 --.σιμ
3340 3319 3448 3325 μη-.

122 3303 321 3357 nebula
345 3301 674 3374 pradicata
698 3301 840 3356 lucis
863 3306 1138 3357 auctores.
1164 3302 1328 3357 Foeda
1348 3318 1572 3374 quoque
1601 3319 1635 3358 a
1658 3301 1745 3357 ni-

1845 3309 2090 3378 ﬁliumin
2109 3311 2392 3376 conspectu
2401 3307 2582 3375 patris
2600 3308 2705 3360 sui.
2733 3307 2899 3358 Panis
2916 3305 3185 3371 egentium
3204 3306 3317 3357 vita
3332 3319 3474 3372 pau-

119 3399 237 3450 tore
263 3393 494 3450 Domini
519 3395 608 3448 sui
629 3393 970 3464 obligatione
1013 3394 1350 3463 dissolvitur,
1395 3395 1494 3467 qui
1523 3395 1748 3450 statutis
1839 3416 2035 3471 perum
2071 3405 2186 3454 est:
2235 3401 2334 3468 qui
2359 3397 2660 3464 defraudat
2685 3397 2861 3459 illum,
2883 3397 3034 3450 homo
3050 3397 3334 3463 sanguinis
3360 3401 3473 3462 est;

119 3487 434 3543 calestibus
458 3486 650 3542 minus
666 3503 823 3541 mera
847 3486 956 3542 ﬁde
985 3487 1252 3558 dependit
1287 3487 1491 3543 ofﬁcia.
1532 3487 1748 3542 Talium

119 3596 249 3652 ergo
274 3581 556 3636 dictiones
575 3579 663 3634 vel
687 3579 1094 3652 prohibitiones
1117 3579 1367 3651 indigna
1395 3580 1565 3636 etiam
1603 3581 1751 3636 fiunt

120 3678 458 3729 memoratu.
497 3672 780 3728 Profunda
819 3677 904 3728 est
943 3687 1078 3743 ergo
1112 3672 1283 3727 nimis
1323 3673 1604 3744 imperitia
1650 3689 1746 3728 eo-

120 3782 264 3834 rum,
295 3771 347 3822 et
372 3767 684 3836 sepulcrum
715 3770 908 3835 patens
935 3770 1126 3836 guttur
1153 3781 1354 3829 eorum,
1387 3768 1518 3835 quia
1551 3768 1750 3833 linguis

82 3847 90 3856 ’
121 3863 228 3914 suis
255 3860 438 3915 dolose
467 3863 638 3928 agunt
665 3857 826 3928 (Psal.
864 3875 920 3925 v,
960 3861 1251 3929 interprete
1289 3859 1346 3914 S.
1394 3860 1590 3928 Hier.).
1623 3860 1748 3914 Non

122 3957 200 4006 est
223 3952 376 4008 enim
406 3951 469 4006 in
494 3966 593 4006 ore
622 3967 820 4007 eorum
845 3956 1082 4018 rectum,
1116 3951 1388 4006 interiora
1409 3967 1608 4006 eorum
1657 3951 1745 4006 in-

123 4045 293 4114 sidia,
326 4044 519 4100 densis
545 4060 642 4098 cor
677 4060 876 4098 eorum
910 4044 1175 4114 vepribus
1219 4043 1520 4099 suffocatur
1549 4044 1750 4113 (Verba

123 4143 242 4192 sunt
265 4138 507 4206 ejusdem
531 4137 806 4206 Ennodiz),
837 4142 894 4192 et
940 4137 1167 4192 interna
1206 4136 1339 4192 vitia
1373 4137 1498 4191 aliis
1535 4141 1751 4192 certant

124 4230 417 4285 ascribere.
446 4229 803 4284 Nobilitatem
832 4245 968 4299 ergo
1017 4229 1113 4283 dat
1153 4228 1509 4296 facinoribus,
1550 4229 1650 4300 qui
1688 4230 1749 4284 in

122 4322 323 4378 talibus
341 4321 770 4378 ventilationem
797 4321 1053 4392 ipsorum
1083 4321 1143 4375 in
1191 4322 1516 4392 exemplum
1556 4321 1747 4391 sumit,

123 4419 217 4468 aut
255 4415 327 4470 ad
365 4430 534 4469 aures
578 4419 831 4484 posterae
873 4414 1044 4484 digna
1087 4413 1362 4468 relatione
1401 4414 1748 4470 transmittit.

123 4505 240 4560 Tibi
266 4511 462 4562 autem
489 4523 604 4560 non
626 4506 700 4560 sit
728 4523 862 4561 cura
885 4506 1086 4560 talium
1112 4506 1509 4577 quastionum,
1537 4507 1636 4562 sed
1662 4523 1748 4561 se-

1847 3495 1943 3563 qui
1980 3495 2160 3560 aufert
2188 3493 2248 3545 in
2287 3491 2483 3546 sudore
2520 3505 2740 3559 panem,
2780 3493 2832 3543 et
2865 3489 3092 3543 sudanti
3126 3489 3287 3549 cibos,
3315 3489 3476 3556 quasi

1847 3588 1942 3656 qui
1966 3585 2156 3640 occidit
2174 3585 2486 3654 proximum
2513 3597 2687 3636 suum.
2720 3581 2825 3646 Qui
2863 3581 3096 3650 effundit
3131 3582 3471 3646 sanguinem,

1847 3683 1897 3734 et
1921 3680 2018 3748 qui
2042 3678 2180 3745 facit
2217 3674 2474 3744 fraudem
2508 3675 2857 3736 mercenaria,
2903 3676 3105 3741 fratres
3141 3677 3284 3726 sunt.
3329 3674 3477 3727 Unus

1846 3771 2138 3839 adiﬁcans,
2169 3773 2219 3824 et
2241 3781 2383 3822 unus
2408 3767 2684 3822 destruens
2695 3784 2712 3832 ;
2740 3765 2875 3835 quid
2889 3765 3110 3836 prodest
3127 3765 3240 3820 illis
3254 3766 3365 3819 nisi
3392 3765 3474 3818 la-

1849 3864 1979 3917 bor?
2008 3864 2154 3916 Unus
2177 3876 2360 3923 orans,
2386 3875 2528 3914 unus
2554 3858 2916 3925 maledicens;
2969 3858 3124 3926 cujus
3161 3873 3336 3912 vocem
3379 3874 3478 3913 au-

1847 3957 1960 4011 diet
1985 3959 2123 4010 Deus
2145 3957 2172 4008 7
2195 3953 2299 4020 Qui
2327 3954 2636 4022 baptizatur
2661 3968 2694 4006 a
2722 3956 2953 4014 mortuo,
2980 3957 3029 4006 et
3074 3953 3269 4006 iterum
3304 3955 3480 4022 tangit

1848 4065 1988 4110 eum,
2020 4048 2152 4118 quid
2175 4048 2390 4118 proﬁcit
2415 4047 2616 4100 lavatio
2632 4047 2803 4114 ipsius
2819 4048 2848 4099 ?
2871 4045 2958 4099 Sic
2983 4046 3132 4100 homo
3149 4047 3244 4114 qui
3261 4045 3480 4113 jejunat

1847 4144 1906 4196 in
1926 4143 2162 4210 peccatis
2186 4142 2319 4205 suis,
2353 4144 2403 4194 et
2430 4141 2624 4193 iterum
2643 4139 2829 4192 eadem
2855 4141 3083 4206 faciens,
3107 4139 3240 4206 quid
3267 4140 3482 4207 proﬁcit

1849 4233 2187 4288 humiliando
2211 4247 2266 4287 se
2285 4234 2313 4286 7
2334 4231 2638 4286 Orationem
2668 4231 2818 4284 illius
2840 4233 2959 4300 quis
2982 4231 3212 4285 audiet?
3238 4233 3342 4298 Qui
3355 4247 3480 4286 con-

1847 4330 2027 4382 servat
2055 4327 2239 4393 legem,
2260 4325 2587 4394 multiplicat
2611 4327 2924 4378 orationem.
2962 4324 3297 4393 Sacriﬁcium
3327 4325 3481 4378 salu-

1849 4423 1966 4472 tare
1995 4422 2076 4472 cst
2103 4417 2378 4472 attendere
2402 4417 2701 4478 mandatis,
2729 4421 2780 4469 et
2805 4416 3076 4469 discedere
3115 4415 3182 4469 ab
3207 4417 3352 4469 omni
3382 4417 3486 4469 inip

1850 4513 2057 4580 quitate
2079 4529 2096 4564 :
2124 4515 2174 4564 et
2192 4511 2537 4579 propitiatio,
2568 4509 2729 4562 litare
2761 4509 3085 4575 sacriﬁcium
3122 4522 3286 4576 super
3330 4508 3480 4575 inju-

127 4615 293 4669 quere
313 4599 660 4654 sententiam
679 4599 828 4654 beati
854 4599 1008 4654 Pauli
1035 4599 1290 4670 apostoli,
1321 4599 1419 4670 qui
1447 4604 1638 4654 monet
1657 4616 1756 4670 per
1773 4609 1832 4680 D
1853 4605 2061 4667 stitias;
2088 4606 2141 4656 et
2163 4603 2467 4670 deprecatio
2486 4615 2588 4670 pro
2601 4601 2858 4669 peccatis,
2891 4601 3133 4653 recedere
3163 4601 3230 4652 ab
3257 4600 3481 4668 injusti-

127 4691 461 4762 discipulum
489 4696 745 4761 cunctos,
769 4695 827 4746 et
855 4692 1080 4760 clamat,
1111 4691 1300 4746 dicens
1328 4709 1342 4746 :
1371 4694 1568 4746 Inanes
1599 4708 1751 4762 qua-

129 4787 318 4840 stiones
359 4786 543 4840 devita
590 4785 638 4851 (Ι
686 4787 822 4840 Tim.
873 4785 966 4855 ιγ).
1014 4787 1233 4852 lnanes,
1272 4800 1521 4856 namque
1579 4784 1758 4854 (juxta

130 4876 471 4947 Apostolum)
503 4877 846 4948 quastiones
875 4891 1100 4946 semper
1123 4876 1325 4944 devita,
1370 4880 1426 4930 et
1462 4893 1567 4947 age
1607 4876 1758 4946 quod

130 4969 342 5024 meliori
385 4969 638 5038 consilio,
685 4985 801 5024 non
848 4969 1097 5024 avaritia
1131 4969 1218 5022 vel
1259 4968 1610 5037 temeritatis,
1661 4968 1758 5023 sed

130 5060 380 5116 utilitatis
418 5067 474 5118 et
499 5061 845 5118 necessitatis
876 5062 958 5131 (ut
1000 5077 1150 5132 sape
1198 5061 1412 5116 dictum
1455 5061 1556 5132 est)
1595 5077 1760 5116 causa

134 5151 450 5208 faciendum
487 5155 700 5209 utiliter
733 5153 1103 5225 perspexeris.
1141 5153 1507 5225 Quapropter,
1545 5154 1758 5208 charis-

137 5244 293 5313 sime,
318 5247 406 5301 his
433 5247 750 5318 apostolicis
776 5247 948 5302 fultus
975 5246 1418 5316 auctoritatibus,
1451 5252 1608 5301 muta
1636 5247 1758 5318 epi-

138 5352 363 5408 scopum
397 5356 564 5394 causa
599 5339 938 5394 necessitatis
989 5343 1087 5392 aut
1125 5338 1397 5410 utilitatis,
1445 5356 1616 5412 super
1648 5356 1762 5411 quo

138 5433 422 5490 consulere
447 5448 552 5486 nos
576 5431 829 5502 voluisti;
861 5437 918 5486 et
945 5431 1084 5488 alios
1107 5431 1306 5487 fratres
1348 5436 1586 5501 nostros,
1632 5433 1760 5504 qui-

141 5519 241 5575 bus
285 5523 391 5579 hoc
433 5525 757 5580 faciendum
803 5527 1102 5583 necessitas
1135 5531 1236 5582 aut
1281 5525 1488 5580 utilitas
1533 5542 1764 5598 compu-

143 5612 285 5682 lerit,
313 5625 483 5687 agere
512 5617 649 5672 doce
678 5633 692 5672 :
725 5619 857 5689 quia
887 5619 993 5674 hoc
1017 5620 1169 5692 quod
1188 5618 1289 5674 tibi
1309 5617 1409 5672 soli
1444 5617 1758 5688 scribimus,

149 5707 482 5774 generaliter
518 5709 779 5765 omnibus
815 5717 1008 5768 tenere
1047 5712 1403 5768 mandamus.
1441 5710 1584 5776 Quia
1621 5711 1764 5766 sicut

155 5803 476 5864 potestatem
501 5800 776 5858 habemus
799 5805 1084 5878 episcopos
1112 5810 1168 5860 et
1193 5804 1506 5860 sacerdotes
1536 5804 1762 5876 regula-

1854 4697 1962 4750 ria.
1986 4694 2255 4749 Retribuit
2277 4695 2534 4760 gratiam,
2557 4694 2654 4760 qui
2676 4691 2832 4759 offert
2857 4692 3243 4759 similaginem;
3290 4697 3341 4746 et
3390 4695 3488 4761 qui

1853 4789 1990 4855 facit
2015 4785 2457 4846 misericordiam,
2505 4785 2661 4854 offert
2697 4786 3039 4853 sacriﬁcium.
3081 4785 3486 4853 Beneplacitum

1855 4885 1930 4934 est
1957 4881 2176 4934 Domino
2201 4878 2444 4932 recedere
2465 4878 2536 4931 ab
2557 4879 2882 4946 iniquitate;
2905 4881 2954 4930 et
2984 4876 3309 4946 deprecatio,
3341 4893 3484 4931 rece-

1857 4973 1981 5027 dere
2007 4973 2074 5026 ab
2093 4972 2392 5040 iniustitia.
2427 4973 2548 5026 Non
2568 4971 2856 5040 apparebis
2884 4975 3011 5024 ante
3039 4974 3373 5039 conspectum
3393 4973 3490 5025 Dei

1855 5082 2078 5121 vacuus.
2115 5069 2241 5120 Haec
2275 5057 2430 5120 enim
2467 5068 2648 5120 omnia
2681 5070 2908 5134 propter
2929 5065 3249 5119 mandatum
3279 5067 3494 5120 Domini

1857 5163 2015 5229 ﬁunt.
2046 5159 2256 5214 Oblatio
2259 5159 2406 5226 justi
2428 5161 2735 5228 impinguat
2761 5159 2956 5220 altare,
2986 5163 3036 5212 et
3061 5158 3494 5214 odorsuavitatis

1861 5256 1938 5305 est
1957 5253 2014 5304 in
2043 5255 2322 5320 conspectu
2341 5251 2636 5305 Altissimi.
2677 5251 3010 5320 Sacriﬁcium
3035 5251 3182 5319 justi
3220 5257 3494 5322 acceptum

1862 5349 1959 5407 est,
1991 5349 2041 5398 et
2068 5346 2376 5398 memoriam
2396 5345 2512 5412 ejus
2542 5360 2649 5398 non
2668 5345 3008 5399 obliviscetur
3030 5347 3305 5399 Dominus.
3350 5349 3495 5402 Bono

1863 5439 2043 5491 animo
2093 5436 2322 5506 gloriam
2363 5437 2529 5491 redde
2569 5441 2696 5500 Deo,
2741 5441 2792 5492 et
2827 5453 2936 5491 non
2973 5439 3185 5492 minuas
3219 5441 3499 5507 pri-mitias

1861 5531 2085 5597 frugum
2098 5532 2336 5583 tuarum.
2361 5531 2428 5583 In
2450 5531 2598 5584 omni
2615 5530 2742 5584 dato
2761 5532 2855 5598 fac
2873 5530 3101 5585 hilarem
3114 5532 3322 5586 vultum
3342 5537 3496 5584 tuum

1865 5628 1914 5676 et
1939 5623 1997 5676 in
2033 5622 2360 5676 emaltatione
2385 5625 2664 5692 sanctiﬁca
2684 5623 2916 5678 decimas
2942 5629 3084 5678 tuas.
3107 5626 3190 5679 Da
3213 5624 3494 5677 Altissimo

1864 5715 2156 5770 secundum
2181 5715 2370 5770 datum
2402 5716 2542 5784 ejus,
2561 5719 2612 5770 et
2630 5717 2689 5769 in
2714 5717 2866 5770 oculo
2901 5717 3033 5771 bono
3067 5715 3496 5769 adinventionem

1863 5808 1957 5873 fac
1977 5823 2234 5862 manuum
2261 5813 2500 5871 tuarum,
2529 5811 2782 5878 quoniam
2794 5810 3046 5864 Dominus
3068 5805 3363 5861 retribuam
3393 5807 3492 5866 est,

213 5909 240 5940 ⁸
264 5915 416 5973 Hanc
443 5933 516 5976 ex
539 5915 812 5990 capitibus
837 5921 1039 5982 Eccles.
1067 5938 1230 5985 xxxiv
1257 5926 1316 5983 et
1337 5937 1479 5982 xxxv
1507 5921 1770 5982 laciniam
1798 5940 1914 5984 non
1937 5924 2050 5999 legi
2079 5924 2139 5982 in
2164 5925 2302 5984 Cod.
2329 5927 2469 5984 Just.
