3994 6418
459 401 562 453 755

1358 395 1444 448 ΑΙ)
1481 392 1833 448 EPISTOLAS
1869 392 1951 446 ET
1989 391 2297 450 DECRETA
2332 393 2591 449 PELAGII
2628 391 2818 449 ΡΑΡΕ
2853 391 2900 445 ll

3777 381 3884 434 756

461 509 514 559 et
541 505 734 571 septies
765 507 977 556 tantum
1000 499 1188 554 reddet
1214 499 1332 553 tibi.
1353 499 1688 568 Notio/ferre
1715 513 2083 567 munerapra-
2107 511 2168 584 Α
2185 502 2358 570 bitur,
2395 503 2533 557 dum
2557 505 2612 556 et
2639 496 2987 554 abundantia
3035 510 3239 551 eorum
3272 493 3335 548 in
3388 490 3776 560 egestatem,
3830 489 3891 541 et

461 613 561 661 va;
582 611 688 649 non
705 597 844 648 enim
863 594 1120 661 suscipiet
1144 593 1262 645 illa.
1282 594 1353 647 Et
1368 593 1481 644 noli
1491 593 1751 660 inspicere
1765 593 2089 660 sacriﬁcium

461 689 742 756 injustam,
765 687 1020 755 quoniam
1043 686 1294 739 Dominus
1313 684 1494 752 judex
1509 689 1606 746 est,
1635 687 1685 737 et
1702 698 1808 736 non
1838 687 1916 736 est
1939 683 2090 752 apud
2116 672 2124 680 ’

463 782 616 834 illum
641 781 815 846 gloria
839 793 1102 848 personae.
1128 779 1249 832 Non
1275 779 1498 846 accipiet
1522 777 1778 831 Dominus
1801 790 2090 844 personam

460 875 518 926 in
538 887 852 943 pauperem,
878 876 928 925 et
939 872 1297 940 precationem
1318 870 1429 923 lxsi
1455 869 1725 922 exaudiet.
1758 870 1881 924 Non
1908 869 2086 938 despi-

460 968 558 1021 ciet
580 981 762 1035 preces
784 964 1006 1034 pupilli,
1033 978 1130 1016 nec
1152 963 1394 1023 viduam,
1437 963 1486 1015 si
1522 961 1771 1030 effundat
1827 961 2092 1029 loquelam

460 1061 703 1128 gemitus.
733 1059 922 1114 Nonne
959 1057 1208 1123 lacrymx
1234 1055 1414 1108 viduae
1438 1054 1513 1108 ad
1547 1054 1832 1107 maxillam
1871 1054 2088 1107 descen-

462 1153 620 1214 dunt,
668 1155 718 1205 et
759 1150 1076 1204 exclamatio
1105 1147 1221 1215 ejus
1265 1161 1426 1216 super
1468 1145 1817 1200 deducentem
1861 1149 1987 1199 eas?
2039 1147 2091 1200 Α

460 1245 691 1299 maxilla
709 1245 849 1297 enim
871 1240 1170 1296 ascendunt
1197 1253 1365 1308 usque
1403 1239 1479 1292 ad
1503 1239 1691 1292 ccelum
1743 1243 1792 1292 et
1838 1241 2091 1293 Dominus

461 1337 748 1392 exauditor
771 1351 878 1389 non
907 1335 1259 1390 delectabitur
1286 1334 1346 1386 in
1372 1331 1504 1384 illis.
1539 1331 1642 1395 Qui
1667 1331 1864 1385 adorat
1902 1335 2087 1394 Deum,

366 1471 378 1483 .
461 1433 520 1484 in
539 1430 883 1484 oblectatione
907 1429 1246 1496 suscipietur,
1275 1429 1326 1479 et
1343 1425 1586 1493 precatio
1613 1423 1763 1477 illius
1800 1439 1967 1491 usque
2016 1424 2092 1477 ad

458 1523 624 1576 nubes
638 1521 1047 1591 propinquabit.
1080 1519 1262 1572 Oratio
1293 1517 1630 1570 humiliantis
1657 1531 1710 1569 se
1746 1515 1911 1569 nubes
1933 1531 2094 1584 pene-

460 1616 656 1679 trabit;
687 1619 737 1668 et
762 1615 925 1667 donec
955 1614 1303 1681 propinquet,
1326 1623 1432 1662 non
1463 1608 1846 1660 consolabitur.
1876 1609 1946 1661 Et
1985 1624 2094 1662 non

461 1708 715 1767 discedet,
743 1707 904 1759 donec
949 1706 1180 1772 asPic-iat
1215 1702 1530 1755 Altissimus
1561 1713 1576 1747 :
1613 1704 1663 1753 et
1695 1701 1954 1753 Dominus
1986 1715 2094 1754 non

468 1799 756 1866 elongabit,
778 1798 870 1851 sed
879 1797 1155 1864 judicabit
1183 1795 1436 1862 injustos,
1461 1797 1512 1846 et
1528 1794 1694 1859 faciet
1709 1793 2005 1860 judicium,
2043 1798 2093 1846 et

459 1865 786 1959 fortissimus
810 1905 916 1943 non
945 1889 1157 1942 habebit
1181 1889 1241 1940 in
1269 1887 1381 1940 illis
1414 1886 1764 1954 patientiam,
1802 1889 1863 1938 ut
1891 1887 2085 1938 contri-
2110 1865 2165 1937 Β

464 1985 606 2038 bulet
642 1983 861 2037 dorsum
884 1984 1142 2051 ipsorum,
1175 1984 1224 2034 et
1263 1978 1510 2046 gentibus
1543 1977 1738 2030 reddat
1769 1977 2086 2040 vindictam,

461 2076 626 2130 donec
651 2075 806 2128 tollat
823 2073 1217 2142 plenitudinem
1251 2071 1621 2140 superborum,
1668 2074 1719 2122 et
1749 2073 1959 2138 sceptra
1977 2071 2085 2122 ini-

465 2182 691 2236 quorum
713 2165 1050 2227 contribulet,
1091 2165 1254 2218 donec
1292 2162 1490 2216 reddat
1523 2161 1766 2214 omnibus
1799 2161 2088 2215 secundum

469 2263 619 2313 actus
644 2274 786 2320 suos,
819 2261 869 2312 et
883 2257 1177 2311 secundum
1203 2254 1540 2324 operaAdx,
1571 2257 1622 2307 et
1644 2254 1937 2307 secundum
1948 2270 2089 2322 prae-

463 2354 815 2420 sumptionem
843 2351 1012 2412 illius,
1040 2350 1204 2403 donec
1217 2348 1430 2415 judicet
1448 2345 1721 2414 judicium
1750 2347 1924 2414 plebis
1957 2362 2084 2410 suae,

463 2450 514 2500 et
541 2444 824 2499 obiectabit
839 2444 1022 2510 justos
1048 2440 1418 2495 misericordia
1438 2454 1559 2493 sua.
1589 2440 1730 2494 Deus
1749 2442 1939 2492 autem
1964 2439 2088 2508 (fra-

461 2543 548 2592 ter
569 2535 911 2604 charissime)
933 2535 1163 2604 impleat
1203 2531 1566 2600 desiderium,
1615 2535 1671 2585 et
1705 2530 2086 2585 ministerium

461 2629 562 2685 tibi
614 2628 878 2684 divinitus
917 2627 1202 2694 collatum,
1247 2624 1557 2679 secundum
1599 2623 1816 2678 divitias
1867 2639 1996 2678 suas
2027 2625 2089 2679 in

463 2722 640 2793 gloria
669 2721 726 2775 in
753 2721 972 2775 Christo
997 2720 1128 2773 Jesu
1157 2717 1394 2772 Domino
1423 2721 1638 2770 nostro.
1669 2716 1780 2770 Deo
1799 2720 1990 2770 autem
2033 2720 2090 2770 et

463 2813 610 2868 Patri
647 2817 837 2868 nostro
881 2811 1060 2883 gloria
1111 2811 1171 2865 in
1223 2809 1427 2864 saecula
1474 2808 1830 2864 saeculorum.
1885 2811 2084 2864 Amen.

463 2908 599 2962 Data
631 2909 693 2962 t3
719 2906 808 2962 die
833 2909 976 2976 Aug.
1003 2903 1232 2973 mensis,
1259 2902 1562 2957 indictione
1591 2902 1678 2956 14.

915 3061 1288 3120 EPISTOLA‘
1333 3060 1500 3132 [Olim
1536 3059 1616 3130 II)

940 3187 1008 3226 AD
1041 3183 1316 3225 smscoros
1346 3183 1536 3223 ITALIIE
1567 3165 1614 3220 ι).

468 3281 755 3349 Episcopos
779 3293 982 3333 summo
1010 3280 1064 3331 in
1091 3278 1285 3330 honore
1310 3291 1420 3329 esse
1447 3273 1736 3349 habendos,
1764 3289 1857 3327 nec
1877 3287 2034 3342 posse
2053 3289 2089 3327 a

1004 3349 1239 3418 quolibet
1263 3347 1526 3400 accusari.
1619 3415 1629 3425 _

2107 3219 2163 3293 C

537 3467 914 3523 Dilectissimis
952 3472 1119 3538 atque
1149 3464 1466 3520 clarissimis
1507 3463 1774 3518 fratribus
1817 3463 2090 3518 universis

467 3561 759 3632 episcopis,
808 3566 866 3615 et
904 3559 1117 3614 cunctis
1169 3557 1483 3629 specialiter
1526 3573 1628 3626 per
1669 3555 1991 3626 Campania:
2034 3560 2092 3610 et

467 3655 633 3708 Italia:
652 3653 965 3724 provincias
1001 3651 1370 3706 militantibus
1409 3648 1669 3718 Domino,
1708 3648 1964 3718 Pelagius
1999 3665 2086 3701 sa-

461 3746 659 3801 lutem.

535 3837 975 3894 Sollicitudinem
1020 3836 1276 3891 omnium
1325 3833 1694 3889 Ecclesiarum
1741 3833 1919 3903 (juxta
1950 3836 2092 3904 Apo-

465 3933 688 4003 stolum)
705 3931 1181 3995 circumferentes,
1209 3927 1412 3982 divinae
1433 3927 1578 3981 circa
1605 3943 1706 3981 nos
1736 3926 1929 3997 gratim
1964 3942 2087 3981 mc-

467 4042 651 4080 mores
679 4041 798 4080 esse
823 4023 1092 4078 debemus
1137 4021 1384 4091 (Acacius
1431 4023 1590 4090 episc.
1635 4019 1758 4082 CP.,
1810 4023 1964 4088 epist.
2017 4020 2092 4074 ad

463 4118 799 4187 Simplicium
831 4115 1078 4186 papam),
1107 4113 1258 4185 quod
1297 4129 1396 4166 nos
1433 4129 1536 4182 per
1563 4111 1948 4182 dignitationis
1974 4127 2091 4166 sua:

468 4210 734 4264 Dominus
761 4207 1205 4262 misericordiam
1229 4207 1296 4261 ad
1322 4207 1425 4260 hoc
1445 4205 1736 4275 fastigium
1753 4205 2089 4260 sacerdotale

466 4303 740 4374 provexit,
768 4307 833 4356 ut
857 4299 1132 4355 mandatis
1158 4299 1332 4371 ipsius
1358 4299 1714 4363 inhaerentes,
1743 4297 1804 4350 in
1845 4297 2090 4368 quadam

467 4397 818 4450 sacerdotum
838 4395 958 4465 ejus
985 4394 1212 4464 specula
1237 4391 1523 4446 constituti
1560 4389 1955 4460 prohibeamus
1986 4387 2090 4444 illi-

463 4490 589 4558 cita,
623 4494 678 4544 et
702 4488 984 4560 sequenda
1021 4487 1317 4541 doceamus
1361 4485 1582 4555 (Hilarii
1619 4499 1781 4553 papa:
1819 4485 1974 4551 epist.
2014 4483 2090 4536 ad

2187 595 2450 666 superbia
2463 610 2658 649 eorum
2679 591 2967 648 transierit
2987 589 3048 643 in
3072 585 3504 643 confusionem.
3519 584 3552 638 J
3555 584 3705 636 usto
3719 578 3888 633 enim

2180 689 2392 760 judicio
2404 689 2569 742 datur
2587 688 2919 758 plerumque
2943 685 3186 754 potestas
3212 677 3640 752 peccatoribus
3681 672 3888 742 (Ejus-

2187 782 2306 836 dem
2331 786 2467 836 sent.
2503 783 2590 848 23,
2619 796 2686 834 ex
2719 781 2776 836 S.
2815 779 2964 846 Aug.
2989 779 3050 830 in
3082 790 3171 844 ps.
3201 773 3420 840 cxvm),
3461 785 3594 840 qua
3635 770 3889 820 sanctos

2190 875 2304 945 sjus
2345 876 2774 946 persequantur,
2821 874 2888 924 ut
2914 869 3013 940 qui
3058 867 3294 939 spiritus
3331 863 3436 918 Dei
3468 863 3792 932 juvantur
3831 863 3892 912 et

2189 973 2457 1039 aguntur,
2506 966 2642 1020 ﬁant
2674 981 2777 1036 per
2821 963 3084 1018 laborum
3119 957 3400 1014 exercitia
3442 953 3768 1009 clariores.
3820 952 3890 1005 Et

2189 1074 2535 1132 quanquam,
2563 1059 2781 1125 fratres,
2809 1057 2933 1110 haec
2957 1055 3036 1108 ita
3060 1069 3120 1108 se
3159 1051 3440 1117 habeant,
3494 1063 3627 1102 non
3668 1049 3889 1100 tamen

2189 1155 2323 1206 sunt
2340 1149 2738 1216 consentiendi,
2767 1147 2863 1202 sed
2883 1144 3245 1217 reprobandi,
3279 1141 3385 1213 qui
3415 1139 3717 1211 praelatos
3746 1151 3886 1190 suos

2191 1243 2630 1314 reprehendunt,
2659 1241 2746 1295 vel
2771 1243 3056 1294 accusant.
3089 1237 3251 1292 Unde
3286 1233 3590 1289 canonica.
3635 1235 3884 1284 sancto-

2189 1353 2320 1390 rum
2345 1338 2573 1390 Patrum
2603 1339 2807 1389 statuta
2836 1346 2879 1402 ο,
2909 1348 2984 1386 ne
3017 1330 3305 1385 columna:
3336 1331 3570 1381 sancta:
3608 1321 3890 1379 ecclesiae

2191 1428 2468 1497 vacillent,
2505 1430 2798 1498 sequentes
2822 1441 2885 1479 ac
2925 1424 3280 1490 roborantes,
3319 1434 3543 1475 omnes
3591 1417 3888 1484 infames,

2191 1524 2530 1591 cunctosque
2580 1523 2861 1590 suspectos
2899 1517 2987 1571 vel
3019 1515 3306 1582 inimicos,
3349 1517 3413 1568 et
3459 1528 3567 1566 eos
3613 1511 3730 1582 qui
3760 1525 3890 1564 non

2192 1621 2322 1668 sunt
2350 1630 2546 1668 eorum
2574 1613 2774 1683 gentis,
2802 1612 2889 1665 vel
2913 1625 3162 1681 quorum
3185 1607 3352 1672 ﬁdes,
3387 1606 3513 1660 vita
3543 1607 3608 1659 et
3634 1603 3890 1658 libertas

2191 1707 2461 1773 nescitur,
2507 1711 2563 1760 et
2580 1706 2678 1776 qui
2705 1721 2820 1759 non
2861 1707 2996 1757 sunt
3030 1703 3200 1755 bona;
3234 1697 3742 1763 conversationis,
3796 1696 3890 1749 vel

2192 1815 2435 1870 quorum
2475 1799 2587 1852 vita
2624 1803 2708 1852 est
2761 1795 3108 1863 accusabilis,
3152 1793 3224 1848 ab
3269 1791 3438 1846 omni
3493 1789 3890 1845 accusatione

2189 1893 2577 1963 episcoporum
2596 1891 2848 1944 funditus
2873 1889 3304 1942 submovemus.
3333 1883 3637 1940 Similiter
3662 1887 3727 1938 et
3757 1899 3886 1936 om—

2188 2001 2306 2052 nes,
2329 2001 2469 2056 quos
2503 1983 2706 2038 divina:
2734 1983 2889 2053 leges
2926 1985 3185 2035 mortuos
3234 1978 3576 2049 appellant,
3631 1976 3886 2030 submo-

2186 2077 2392 2131 vendos
2420 2093 2538 2131 esse
2569 2077 2640 2130 ab
2669 2075 2868 2130 eadem
2893 2073 3278 2140 accusatione,
3310 2076 3370 2126 et
3400 2069 3673 2142 publicae
3692 2069 3890 2140 paeni-

2185 2169 2375 2224 tentia:
2391 2167 2799 2222 submittendos
2810 2166 3154 2237 judicamus.
3183 2166 3388 2235 Neque
3421 2164 3578 2218 dum
3602 2161 3891 2217 Ecclesiae

2187 2262 2422 2332 alicujus
2453 2261 2720 2333 episcopi,
2751 2264 2850 2314 aut
2871 2257 3278 2330 possessiones,
3301 2257 3393 2311 vel
3422 2273 3524 2311 res
3545 2255 3625 2310 ab
3641 2255 3890 2310 ramulis

2187 2355 2327 2424 ejus,
2359 2355 2502 2408 vela
2529 2353 2962 2424 quibuscunque
2987 2350 3113 2404 aliis
3143 2367 3260 2404 non
3294 2365 3402 2403 sua
3446 2352 3677 2420 sponte
3726 2347 3889 2402 deti-

2185 2451 2412 2513 nentur,
2443 2445 2655 2516 aliquid
2682 2445 2758 2498 illi
2787 2444 2974 2513 debet,
3002 2448 3103 2498 aut
3121 2447 3311 2513 potest
3337 2458 3372 2495 a
3394 2457 3720 2512 quoquam
3745 2445 3893 2494 ante

2187 2541 2721 2611 redintegrationem
2742 2539 3003 2594 omnium
3021 2553 3216 2592 rerum
3247 2553 3498 2590 suarum
3527 2535 3750 2606 objici:
3785 2535 3892 2589 sed

2186 2634 2344 2704 prius
2364 2633 2441 2687 illi
2467 2633 2688 2702 legibus
2708 2630 3144 2701 redintegranda
3163 2634 3300 2683 sunt
3324 2628 3560 2695 omnia,
3582 2633 3647 2684 et
3675 2633 3894 2700 postea

2186 2732 2436 2798 tempore
2457 2743 2490 2780 a
2515 2725 2768 2779 Patribus
2787 2723 3067 2794 praeﬁnito
3085 2728 3222 2777 sunt
3238 2723 3481 2793 negotia
3498 2722 3889 2776 ventilanda.

2186 2817 2487 2874 Refutandi
2507 2822 2638 2870 sunt
2663 2816 2835 2871 etiam
2855 2821 3130 2886 raptores,
3155 2815 3338 2884 fures,
3368 2813 3680 2885 sacrilegi,
3711 2815 3890 2868 adul-

2187 2911 2314 2978 teri,
2345 2915 2402 2965 et
2427 2911 2637 2964 horum
2668 2909 2897 2962 similes.
2934 2907 3299 2963 Manifestum
3343 2912 3436 2962 est
3491 2907 3674 2962 enim
3723 2907 3890 2979 quod

2187 3019 2408 3073 semper
2437 3001 2574 3056 tales
2598 3001 2780 3072 magis
2808 3001 3146 3055 discordiam
3182 3017 3364 3070 quam
3386 3016 3606 3070 pacem
3637 3006 3888 3056 sectan-

2186 3100 2299 3150 tur.
2328 3095 2521 3149 Nullus
2541 3111 2766 3166 quoque
2786 3093 3104 3148 monachus
3124 3093 3263 3148 talia
3282 3109 3559 3164 unquam
3591 3095 3882 3166 arripiat,

2186 3203 2289 3242 nec
2333 3186 2617 3242 saecularia
2665 3192 2764 3241 aut
2809 3185 3181 3241 ecclesiastica
3222 3185 3468 3256 negotia
3506 3189 3892 3258 perturbare

2186 3284 2508 3352 praasumat,
2555 3279 2689 3350 quia
2720 3281 2947 3333 mortua
2970 3279 3034 3332 in
3072 3278 3286 3333 talibus
3330 3295 3447 3332 vox
3491 3284 3590 3334 est
3631 3296 3891 3335 eorum.

2189 3372 2504 3427 lmmobiles
2529 3372 2681 3426 enim
2708 3371 2976 3426 Dominus
3002 3387 3135 3426 suos
3161 3387 3428 3425 summos
3458 3387 3722 3442 semper
3761 3374 3894 3428 vult

2188 3481 2414 3520 manere
2448 3465 2859 3536 praedicatores,
2887 3469 2944 3518 et
2968 3480 3088 3518 non
3117 3481 3150 3518 a
3173 3463 3529 3534 quibusdam
3558 3467 3890 3534 temerari,

2186 3559 2283 3612 sed
2324 3558 2430 3611 sibi
2472 3558 2649 3612 libere
2691 3561 2747 3610 et
2798 3557 2988 3628 quiete
3017 3556 3285 3610 famulari
3311 3557 3362 3610 ἀ.
3399 3557 3578 3612 Unde
3628 3562 3698 3612 et
3759 3560 3892 3631 ipse

2185 3649 2297 3705 ait:
2327 3650 2432 3716 Qui
2453 3666 2544 3705 vos
2575 3652 2771 3717 tangit,
2814 3652 2992 3718 tangit
3019 3651 3302 3719 pupillam
3333 3651 3483 3704 oculi
3507 3654 3650 3705 mei.
3679 3656 3764 3708 Et
3790 3657 3892 3722 qui

2185 3759 2277 3797 vos
2306 3746 2605 3805 contristat,
2631 3759 2712 3796 me
2737 3745 3020 3796 contristat
3053 3742 3236 3812 (Zach.
3263 3758 3339 3810 11;
3375 3744 3599 3800 Coloss.
3635 3747 3757 3814 In).
3795 3748 3890 3815 Et,

2187 3840 2281 3906 qui
2293 3839 2483 3904 fecerit
2502 3837 2786 3904 injuriam,
2810 3838 3034 3906 recipiet
3047 3836 3196 3904 quod
3219 3837 3416 3904 inique
3434 3839 3617 3904 gessit
3640 3839 3888 3908 (Matth.

2189 3930 2260 4000 Χ).
2292 3931 2358 3983 Et
2385 3929 2556 3983 alibi:
2587 3929 2692 3994 Qui
2717 3945 2809 3984 vos
2833 3929 3048 3997 recipit,
3074 3944 3159 3982 me
3187 3930 3421 3998 recipit;
3476 3933 3562 3998 et,
3621 3935 3739 3999 qui
3790 3949 3891 3987 vos

2184 4024 2411 4091 spernit,
2432 4037 2514 4076 me
2539 4024 2747 4092 spernit
2773 4022 2923 4090 (Luc.
2956 4021 3029 4091 χ).
3056 4021 3136 4075 Ita
3163 4037 3400 4092 quoque
3427 4025 3490 4076 et
3521 4038 3560 4075 a
3590 4025 3892 4094 plebibus

2185 4116 2273 4170 vel
2303 4115 2515 4169 caeteris
2545 4115 2883 4185 generaliter
2906 4113 3174 4168 omnibus
3196 4118 3333 4168 sunt
3359 4115 3624 4170 timendi
3673 4123 3743 4172 et
3797 4119 3890 4173 fe-

2186 4208 2346 4263 rendi
2372 4213 2540 4279 atque
2569 4207 2873 4262 venerandi
2893 4211 3146 4278 pastores
3195 4211 3253 4262 et
3287 4207 3729 4278 praedicatores
3775 4213 3888 4266 Ec-

2187 4301 2386 4370 clesiae,
2414 4305 2480 4355 ut
2515 4301 2618 4354 sub
2657 4301 3056 4355 exercitatione
3097 4299 3268 4354 bona:
3310 4301 3644 4357 voluntatis
3695 4306 3888 4359 susti-

2185 4398 2428 4448 neantur
2452 4393 2782 4463 temporalia
2819 4393 3026 4462 (Prosp.
3058 4398 3196 4447 sent.
3230 4394 3321 4459 34,
3355 4409 3428 4447 ex
3472 4396 3636 4464 Aug.
3685 4401 3756 4452 in
3788 4415 3886 4468 ps.

2184 4487 2379 4557 cxxxv),
2408 4491 2706 4557 sperentur
2729 4488 2962 4540 aeterna.
2991 4489 3178 4556 Auget
3191 4485 3352 4540 enim
3367 4487 3594 4540 merita
3609 4488 3888 4560 virtutis,

463 4584 753 4638 Ascanium
788 4584 948 4650 episc.
990 4578 1479 4647 Tarraconensem).
1517 4577 1725 4639 Omnes,
1763 4575 2072 4629 charissimi
2112 4577 2291 4650 uni
2334 4579 2683 4650 propositum
2733 4595 2848 4632 non
2893 4577 3085 4644 violat,
3130 4578 3228 4632 sed
3273 4583 3479 4648 auget,
3529 4581 3890 4652 religionis.

368 4706 374 4711 -
463 4679 558 4746 qui
581 4677 768 4729 volunt
795 4677 854 4728 in
883 4673 1092 4728 Christo
1117 4675 1208 4741 pic
1231 4675 1405 4726 vivere
1431 4671 1506 4739 (Π
1533 4672 1666 4724 Tim.
1709 4671 1808 4738 IIl),
1858 4685 2082 4723 necesse

461 4773 562 4838 est,
591 4773 656 4823 ut
681 4767 750 4823 ab
779 4766 972 4838 impiis
992 4772 1047 4820 et
1074 4764 1433 4820 dissimilibus
1471 4763 1756 4833 patiantur
1782 4760 2084 4832 opprobria

460 4864 709 4932 Prosperi
731 4864 867 4915 sent.
896 4863 986 4928 32,
1016 4875 1082 4913 ex
1107 4861 1164 4916 S.
1187 4858 1332 4926 Aug.
1365 4859 1423 4911 in
1461 4872 1550 4926 ps.
1585 4855 1767 4924 cxxu),
1800 4859 1856 4908 et
1893 4853 2078 4924 despi-

459 4956 681 5010 ciantur
713 4959 981 5026 tanquam
1011 4951 1165 5006 stulti
1191 4954 1249 5005 et
1274 4949 1479 5016 insani,
1511 4948 1610 5021 qui
1634 4948 1758 5002 ideo
1782 4945 2083 5018 praesentia

459 5049 603 5103 bona
631 5047 895 5118 perdunt,
917 5050 983 5101 ut
1010 5044 1312 5100 invisibilia
1334 5060 1397 5097 ac
1426 5042 1532 5096 sibi
1558 5041 1851 5114 profutura
1887 5039 2078 5111 acqui-

459 5146 605 5196 rant.
626 5141 732 5196 Sed
761 5141 880 5194 haec
909 5138 1190 5210 despectio
1219 5143 1274 5193 et
1293 5136 1478 5191 irrisio
1503 5135 1562 5190 in
1593 5135 1742 5206 ipsos
1787 5137 2077 5205 retorque-

529 5264 555 5293 ⁸
580 5269 720 5321 Cum
749 5264 896 5317 bello
924 5263 1441 5332 Langobardorum,
1476 5276 1588 5332 quo
1626 5257 1904 5332 universa
1930 5257 2081 5332 [talia

461 5336 753 5414 ﬂagrabat,
799 5328 1258 5414 adliuc_.vigen_te,
1314 5328 1818 5414 cultusriepiscopis
1874 5328 2081 5408 deferri

459 5399 653 5461 solitus
679 5399 934 5458 nunnihil
960 5399 1268 5459 diminutas
1297 5419 1413 5455 esse
1454 5399 1755 5465 videretur,
1798 5399 2078 5469 persuasi-

457 5493 569 5548 que
604 5477 877 5529 bellorum
912 5483 1165 5548 tempore
1198 5476 1329 5544 jura
1357 5473 1585 5548 _silere,_
1611 5471 1771 5548 bonis
1821 5470 2080 5548 Ecclesia:

456 5541 571 5602 non
617 5553 926 5616 parcerent,
964 5541 1106 5600 hanc
1133 5541 1467 5599 decretalem
1501 5541 1788 5616 epistolam
1817 5541 1885 5595 de
1914 5555 2078 5616 accu-

457 5610 762 5673 sationibus
787 5636 846 5671 ac
877 5610 1102 5688 judiciis
1123 5610 1813 5688 Aepiscpporum—pontifex
1846 5610 2082 5664 conscri-

454 5691 587 5744 bere
617 5689 827 5743 debuit.
860 5682 934 5742 Ea
962 5687 1024 5741 in
1048 5682 1246 5756 primis
1269 5682 1342 5756 de
1365 5682 1726 5756 causa,_quod
1759 5682 2082 5756 frequenter

456 5760 726 5821 eveniret,
754 5766 819 5812 ut
846 5774 974 5812 cum
1003 5751 1250 5825 episc0pi
1273 5753 1420 5825 bona
1457 5751 1817 5825 ecclesiarum
1857 5768 1890 5804 a
1927 5751 2080 5825 laicis

459 5837 725 5899 usurpata
744 5821 1090 5899 repetebant,
1120 5821 1287 5899 atque
1321 5823 1380 5875 in
1407 5837 1575 5899 usum
1601 5821 1902 5889 pristinum
1954 5822 2077 5873 vin-

456 5891 641 5957 dicare
665 5891 978 5965 studebant,
1010 5897 1070 5952 in
1097 5911 1153 5950 se
1178 5891 1404 5949 illorum
1429 5891 1651 5962 linguas
1691 5896 2076 5962 provocarent,

2179 4671 2427 4726 Charitas
2485 4687 2616 4725 vero
2669 4687 2895 4742 semper
2927 4671 3226 4724 hominem
3273 4670 3525 4726 innovat
3567 4673 3894 4744 (Ejusdem

2180 4771 2314 4821 sent.
2343 4767 2485 4832 273).
2532 4766 2598 4818 Et
2639 4763 2782 4818 sicut
2826 4763 3152 4834 malignitas
3195 4769 3444 4832 veteres,
3493 4764 3582 4820 ita
3629 4767 3890 4826 dilectio

2183 4875 2350 4913 novos
2398 4857 2545 4912 facit.
2599 4857 2761 4912 Fides
2809 4872 3042 4926 eorum,
3089 4855 3189 4928 qui
3239 4857 3428 4912 Deum
3476 4859 3678 4916 visuri
3744 4870 3893 4918 sunt

2181 4953 2459 5023 (Ejusdem
2483 4955 2619 5005 sent.
2652 4950 2796 5021 361),
2830 4950 2984 5020 quod
3015 4965 3135 5004 non
3165 4949 3344 5019 videt,
3375 4952 3594 5008 credit.
3648 4956 3813 5011 Nam
3842 4957 3890 5011 si

2179 5045 2350 5112 videt,
2396 5060 2512 5100 non
2553 5046 2636 5099 est
2679 5042 2838 5098 ﬁdes.
2885 5043 3152 5098 Credenti
3191 5042 3500 5114 colligitur
3549 5049 3886 5120 meritum,

2179 5137 2388 5194 videnti
2417 5136 2673 5193 redditur
2701 5135 3028 5208 prmmium.
3059 5137 3215 5191 Tunc
3243 5137 3584 5208 pretiosum
3617 5147 3891 5214 pastoris

2180 5257 2277 5328 qui
2308 5274 2377 5311 ne
2403 5257 2556 5335 quod
2593 5256 2942 5335 abstulerant
2981 5256 3318 5335 redderent,
3363 5257 3723 5335 criminosis
3768 5265 3892 5335 pri-

2180 5327 2339 5402 mum
2365 5327 2618 5402 omnium
2645 5327 3418 5402 episcopos;accusationibus
3463 5327 3884 5402 impetebént.

2182 5401 2396 5467 (Baron.
2421 5415 2561 5452 anno
2591 5401 2713 5465 582,
2743 5415 2893 5451 num.
2921 5398 2997 5465 8.)

2250 5471 2277 5509 ι)
2307 5471 2433 5522 Haec
2463 5484 2687 5540 quoque
2712 5467 3029 5522 adulterina
3057 5471 3162 5540 est.

2250 5552 2272 5580 ο
2309 5541 2445 5602 Quae
2480 5537 2810 5609 sequuntur
2844 5553 3024 5608 usque
3076 5537 3147 5590 ad
3197 5537 3477 5609 Prosperi
3541 5550 3884 5604 sententias

2180 5626 2246 5664 ex
2270 5607 2595 5664 adulterinis
2631 5607 2998 5682 superiorum
3051 5607 3400 5682 pontiﬁcum
3445 5614 3734 5682 epistolis
3781 5621 3882 5674 de-

2179 5686 2400 5750 sumpta
2439 5686 2569 5734 sunt
2596 5679 2665 5732 ab
2695 5681 2888 5748 inepto
2921 5678 3425 5750 Accusarcinatore.
3480 5678 3693 5748 Quam
3744 5708 3881 5746 vero

2179 5747 2461 5828 dissiinilis
2492 5751 2618 5828 ﬁnis
2645 5747 2815 5828 hujus
2845 5747 3094 5828 epistola:
3125 5765 3158 5802 a
3186 5749 3513 5828 principio!

2248 5823 2273 5861 ἀ
2305 5822 2538 5895 Reliqua
2563 5821 2769 5876 absunt
2785 5836 2820 5874 a
2843 5820 2907 5876 C.
2933 5820 3074 5874 Just.
