3994 6404
163 397 274 451 757

1669 403 2020 462 APPENDIX.

3420 411 3521 476 758

163 481 454 598 diadema
481 505 571 598 est
597 504 892 598 (Ennodius
914 507 973 561 in
995 505 1126 562 dict.
1147 509 1310 578 incip.
1341 507 1544 578 episc.),
1573 510 1804 581 quando
1825 524 1884 598 Α
1907 518 2078 587 ditur,
2107 518 2203 572 ubi
2249 536 2530 592 supernus
2563 521 2724 578 favor
2751 529 2984 595 praestat
3008 523 3327 583 exordium.
3370 524 3521 582 Deus

161 593 435 650 suasioni
458 596 582 666 ejus
603 612 745 668 grex
757 597 1186 666 ecclesiasticus,
1203 599 1341 654 dum
1363 601 1434 656 ad
1454 602 1803 672 probitatem

161 688 464 758 graditur,
498 705 619 744 non
645 695 950 762 repugnat.
969 693 1064 746 llle
1085 693 1208 747 sine
1228 694 1358 748 fuco
1384 695 1730 749 monitorem
1749 698 1807 750 et

160 780 432 835 veridico
459 797 560 836 ore
589 783 793 853 diligit,
819 783 917 854 qui
937 785 1059 854 ejus
1082 785 1342 840 instituta
1363 789 1628 840 sectatur.
1654 789 1802 843 Prai-

159 873 321 928 bent
349 875 701 942 hominibus,
725 881 940 930 naturae
968 877 1376 945 institutiones,
1407 883 1465 933 et
1489 879 1807 934 monitare-

161 983 479 1037 sponsum.
513 968 769 1022 Reditad
784 971 1057 1024 mortales
1081 971 1406 1026 vicissitudo
1421 973 1683 1026 clamosa“:
1695 973 1802 1026 sol-

161 1059 513 1128 licitudinis,
529 1062 666 1132 quia
682 1063 1074 1133 unusquisque
1099 1067 1268 1133 prout
1286 1065 1526 1134 gesserit
1545 1065 1800 1136 recipiet.

161 1153 324 1207 Nam
349 1154 520 1224 perit,
555 1155 711 1225 quod
736 1156 950 1226 linguae
974 1159 1333 1226 acceperunt,
1351 1158 1562 1212 frustra
1586 1157 1803 1211 beneﬁ-

161 1245 335 1300 cium
362 1245 547 1317 (Idem,
571 1250 728 1317 epist.
754 1251 843 1315 22,
873 1249 966 1302 lib.
995 1249 1108 1317 v11),
1139 1248 1249 1302 nisi
1267 1249 1525 1320 legitime
1554 1255 1804 1321 coeptum

163 1338 356 1392 fuerit
383 1339 702 1409 negotium,
737 1343 794 1394 et
831 1341 1102 1396 canonice
1133 1346 1446 1412 peractum.
1479 1345 1556 1397 De
1597 1343 1806 1397 ﬁducia

163 1431 341 1485 enim
379 1431 632 1502 partium
659 1435 987 1488 nostrarum
1014 1433 1279 1502 mittitur,
1311 1435 1464 1505 quod
1494 1435 1806 1505 apostolica

163 1523 426 1577 mandat
443 1526 768 1579 auctoritas.
784 1527 893 1579 Vos
909 1527 1308 1581 tantummodo
1321 1529 1588 1597 praesules
1599 1527 1806 1582 Christi

159 1615 602 1686 benignitatem
627 1621 894 1684 vestram,
924 1619 1078 1672 salva
1108 1618 1334 1674 aurium
1360 1619 1804 1690 animorumque

163 1709 452 1780 mquitate
485 1711 670 1780 (Idem,
691 1711 822 1765 dict.
850 1711 960 1781 2t),
990 1714 1049 1764 et
1075 1711 1228 1766 bona
1257 1712 1547 1766 voluntate
1579 1729 1808 1782 semper

166 1805 474 1872 praestate.
494 1803 638 1856 Nam
653 1803 922 1857 adversus
937 1804 1184 1874 impetus
1197 1805 1417 1874 juvare,
1437 1803 1807 1874 peregrinan-

161 1899 298 1949 tem
322 1895 602 1949 reducere
627 1901 754 1965 post
779 1897 1095 1965 intervalla,
1110 1900 1195 1950 est
1204 1897 1443 1966 justitia.
1470 1896 1632 1950 Libat
1650 1896 1805 1950 enim
1824 1874 1881 1944 B

161 1987 427 2042 Domino
479 2003 773 2058 prospera,
824 1988 922 2059 qui
963 1989 1035 2042 ab
1089 1989 1315 2044 afflictis
1366 1988 1525 2059 pellit
1567 1987 1807 2043 adversa

163 2079 358 2148 (Cone.
391 2081 556 2134 Tolet.
586 2096 706 2146 Vlll,
734 2096 780 2134 c.
813 2084 882 2150 l).
931 2081 1204 2147 Statutus,
1247 2080 1562 2135 venerandi
1591 2097 1803 2151 praesu-

161 2174 278 2238 les,
313 2171 620 2226 sudoribus
664 2173 880 2226 fructus
924 2177 1036 2240 est,
1069 2189 1199 2227 cum
1236 2172 1454 2244 judicio
1501 2173 1806 2243 purissime

161 2263 533 2330 reddendus,
559 2266 621 2317 ut
647 2263 705 2317 in
737 2267 980 2334 utroque
1003 2281 1288 2335 congruus
1320 2264 1490 2331 nitor,
1514 2281 1618 2318 nec
1641 2265 1808 2318 susci-

160 2357 440 2428 pientem
469 2356 823 2423 devenustet,
855 2357 898 2410 si
929 2357 1170 2427 indigno
1211 2361 1444 2412 auctore
1481 2356 1808 2426 provenerit

161 2452 284 2519 (Ea:
313 2450 496 2504 eodem
525 2450 786 2510 Ennodio,
817 2450 946 2504 dict.
974 2449 1096 2518 2t);
1124 2467 1248 2516 nec,
1278 2449 1323 2502 si
1348 2449 1678 2503 conferatur
1706 2449 1808 2502 im-

159 2537 410 2603 merito,
426 2539 675 2591 maculet
687 2537 1143 2607 largientem.Sit
1159 2553 1388 2608 semper
1398 2537 1667 2591 adversus
1683 2553 1807 2608 pra-

157 2647 274 2686 vos
301 2633 361 2684 et
385 2629 616 2700 impios,
649 2634 822 2700 atque
843 2645 1135 2684 servorum
1163 2629 1266 2684 Dei
1295 2633 1706 2700 persecutores,
1739 2629 1803 2684 li-

160 2726 320 2778 bera
348 2739 474 2789 vox,
508 2728 566 2778 et
595 2722 710 2777 oris
753 2723 944 2793 gladio
973 2722 1255 2776 feriantur
1282 2725 1338 2776 et
1365 2722 1803 2792 redarguantur.

159 2818 608 2885 Persequantur
633 2819 691 2868 et
711 2815 1085 2884 repellantur,
1098 2814 1526 2868 confundantur
1541 2819 1597 2868 et
1613 2813 1808 2868 adver-

156 2911 395 2975 tantur,
429 2924 534 2962 nec
559 2907 812 2961 laedendi
841 2908 933 2978 pie
955 2908 1205 2961 viventes
1235 2908 1410 2961 ullam
1437 2907 1691 2961 habeant
1717 2907 1804 2961 fa-

155 3003 472 3056 cultatem.
496 3002 844 3071 Plerumque
872 2999 1138 3070 periculis
1153 3000 1322 3071 plena
1347 3005 1478 3054 sunt
1497 3002 1602 3069 (Ea:
1629 3000 1807 3054 eodem

157 3099 227 3150 in
261 3097 394 3151 Vita
421 3094 654 3148 Antonii
675 3093 972 3164 monachi);
1025 3109 1153 3162 qua:
1188 3092 1454 3146 videntur
1491 3107 1612 3145 esse
1641 3092 1802 3146 tutis-

1904 612 2270 682 omnipotens
2281 613 2502 670 indulta
2514 632 2745 687 semper
2754 618 3054 684 custodiat,
3068 624 3391 690 augeatque
3403 637 3524 676 suc-

1903 705 2152 759 cessibus
2201 707 2499 777 profutura
2539 709 2724 779 (Idem,
2762 714 2919 780 epist.
2951 713 3036 778 19,
3077 713 3171 766 lib.
3207 712 3282 783 v).
3313 714 3524 769 Omnia

1904 797 2059 852 enim
2075 802 2262 854 vestra
2283 815 2529 870 semper,
2553 802 2776 869 fratres,
2805 802 2864 856 in
2885 804 3160 858 charitate
3179 805 3320 860 ﬂant
3337 805 3382 875 (1
3400 806 3519 861 Cor.

1902 889 1998 961 VI).
2028 891 2095 944 Et
2125 891 2555 948 detrahentibus
2577 893 2754 948 nolite
2781 894 3084 950 detrahere
3113 897 3389 968 quoniam
3420 898 3521 952 de-

1902 983 2262 1038 trahentibus
2288 985 2590 1040 detrahere
2617 1003 2733 1042 non
2762 991 2848 1042 est
2860 987 3190 1055 bonnm,ne
3208 990 3280 1044 ad
3301 1007 3369 1045 ea
3393 1007 3522 1062 quae

1904 1076 2111 1146 scripta
2142 1080 2292 1144 sunt,
2325 1079 2597 1134 commoti
2646 1080 2886 1135 minime
2925 1085 3216 1136 certamen
3247 1082 3524 1138 faciamus

1908 1168 2213 1236 (Deusdedit
2262 1170 2608 1227 Caralitanus
2658 1175 2883 1228 consult.
2934 1175 2969 1228 4
3011 1190 3154 1230 conc.
3194 1178 3398 1238 Later.,
3426 1192 3518 1230 an.

1905 1261 2046 1330 649).
2069 1262 2194 1316 Non
2221 1261 2496 1318 debemus
2525 1265 2762 1319 omnino
2783 1265 2987 1320 timere
3015 1267 3387 1337 opprobrium
3415 1269 3518 1322 ho—

1905 1353 2152 1421 minum,
2180 1371 2367 1426 neque
2400 1373 2596 1411 eorum
2627 1359 3158 1428 exprobrationibus
3185 1359 3334 1415 vinci
3363 1364 3524 1422 (Mar-

1905 1448 2048 1500 tinus
2072 1450 2099 1502 1
2110 1463 2262 1517 papa
2289 1451 2514 1505 consult.
2538 1453 2568 1504 3
2594 1449 2829 1519 ejusdem
2845 1454 3094 1522 concilii),
3111 1453 3385 1524 quoniam
3411 1453 3522 1508 hoc

1905 1538 2066 1592 nobis
2095 1540 2371 1594 Dominus
2385 1541 2551 1612 jubet
2569 1559 2672 1613 per
2690 1543 2890 1598 Isaiam
2906 1546 3268 1615 prophetam,
3296 1545 3518 1602 dicens:

1904 1631 2106 1686 Audite
2126 1649 2225 1694 me,
2251 1635 2347 1702 qui
2371 1636 2520 1689 scitis
2552 1635 2841 1704 judicium,
2865 1639 3097 1707 populus
3122 1653 3288 1700 meus,
3315 1641 3373 1692 in
3397 1655 3524 1707 quo-

1903 1738 2024 1776 rum
2048 1724 2292 1779 cordibus
2341 1726 2428 1780 lea:
2465 1742 2586 1781 mea
2629 1731 2725 1783 est.
2766 1729 2944 1786 Nolite
2969 1731 3152 1784 timere
3176 1731 3520 1800 opprobrium

1904 1815 2195 1878 hominum,
2250 1822 2299 1871 et
2351 1818 2708 1888 blasphemias
2755 1836 2935 1876 eorum
2981 1837 3047 1876 ne
3091 1825 3326 1876 timeatis
3377 1822 3524 1891 (Isai.

1904 1909 1995 1978 L1),
2027 1907 2455 1963 considerantes
2499 1910 2654 1980 quod
2705 1911 2765 1965 in
2807 1913 3026 1982 psalmo
3078 1914 3350 1984 scriptum
3401 1919 3521 1970 est:

1903 2004 2090 2060 Nonne
2132 2005 2266 2056 Deus
2311 2005 2546 2071 requiret
2593 2006 2702 2058 ista
2724 2005 2752 2057 ?
2791 2006 2907 2073 ipse
2949 2008 3091 2059 enim
3130 2009 3278 2059 novit
3323 2008 3528 2061 occulta

1905 2095 2100 2155 cordis,
2125 2098 2176 2147 et
2197 2096 2538 2161 cogitationes
2573 2095 2764 2149 talium
2783 2098 3073 2160 hominum,
3103 2101 3356 2166 quoniam
3383 2114 3530 2153 vana

1903 2189 2048 2240 sunt.
2085 2189 2244 2242 Vana
2269 2190 2448 2240 autem
2474 2187 2676 2242 locutus
2713 2192 2790 2242 est
2831 2191 3193 2258 unusquisque
3216 2190 3290 2244 ad
3331 2192 3524 2259 procri-

1904 2293 2049 2332 mum
2074 2292 2230 2332 suum
2261 2296 2277 2331 :
2301 2278 2449 2332 labia
2477 2278 2680 2340 dolosa,
2709 2281 2769 2333 in
2795 2280 2952 2334 corde
2976 2285 3027 2335 et
3049 2281 3204 2336 corde
3232 2282 3394 2336 locuti
3404 2285 3530 2336 sunt

1904 2371 2072 2424 mala.
2103 2371 2208 2426 Sed
2231 2370 2512 2440 disperdat
2538 2373 2793 2426 Dominus
2812 2375 3065 2426 universa
3093 2373 3241 2426 labia
3259 2374 3464 2438 dolosa,
3478 2378 3531 2429 et

1906 2463 2150 2530 linguam
2195 2463 2617 2531 magniloquam.
2665 2465 2771 2530 Qui
2793 2465 3086 2518 dixerunt:
3139 2467 3405 2533 Linguam
3439 2482 3530 2521 no-

1903 2559 2072 2608 stram
2093 2555 2570 2621 magniﬁcabimus,
2617 2555 2765 2609 labia
2793 2561 2978 2610 nostra
3001 2572 3036 2610 a
3059 2557 3209 2610 nobis
3229 2561 3374 2620 sunt,
3404 2561 3526 2626 quis

1903 2650 2080 2700 noster
2127 2648 2380 2700 Dominus
2423 2651 2501 2700 est
2551 2647 2796 2712 (Psalm.
2866 2663 3044 2713 xLIII;
3096 2649 3296 2717 psalm.
3349 2665 3522 2716 xcm;

1900 2739 2098 2808 psalm.
2130 2739 2204 2806 x1)
2227 2737 2255 2792 ?
2275 2739 2416 2792 Nam
2437 2737 2480 2792 si
2504 2739 2625 2792 hinc
2649 2739 2709 2792 in
2739 2739 3024 2794 memoria
3047 2740 3385 2808 retinerent,
3413 2741 3522 2796 mi-

1905 2831 2062 2884 nime
2083 2830 2159 2884 ad
2188 2833 2411 2884 tantam
2439 2831 2766 2902 prosilirent
2789 2831 3173 2902 iniquitatem.
3213 2834 3338 2887 Non
3368 2834 3526 2888 enim

1907 2939 2010 2992 per
2039 2922 2395 2993 probabilem
2421 2925 2479 2976 et
2499 2926 2802 2994 paternam
2823 2923 3145 2978 doctrinam
3167 2925 3274 2980 hoc
3291 2925 3524 2994 faciunt,

1905 3015 2007 3070 sed
2051 3019 2114 3070 ut
2156 3031 2320 3070 suam
2377 3021 2678 3070 exerceant
2727 3016 2786 3070 in
2829 3033 3022 3072 servos
3071 3018 3171 3072 Dei
3214 3018 3527 3073 vindictam

1907 3110 2090 3176 (Idem,
2141 3110 2308 3164 Mart.
2355 3109 2534 3176 ibid).
2592 3108 2880 3180 Scriptum
2927 3115 3013 3164 est
3057 3127 3308 3182 namque
3350 3127 3362 3165 :
3424 3114 3530 3167 Via

157 3187 346 3242 sima.
375 3185 533 3252 Vide,
561 3184 791 3256 quantis
815 3185 1081 3240 laborent
1110 3186 1248 3239 tales
1273 3183 1523 3238 insidiis:
1553 3183 1683 3238 ideo
1713 3183 1805 3237 ab-

166 3299 173 3300 ,
200 3295 305 3300 ,Α-
326 3278 498 3300 ΔξΛ--..,
537 3295 652 3300 ___-
674 3295 784 3300 ..-μ
829 3277 957 3300 1:--1
1010 3277 1154 3300 μ---]
1200 3277 1457 3300 ---ΔΖ...--,.
1517 3278 1629 3300 In...
1659 3275 1771 3300 ιλιι.

1907 3203 2060 3257 stulti
2079 3207 2221 3256 recta
2244 3203 2302 3254 in
2331 3203 2494 3256 oculis
2517 3203 2632 3270 ejus
2684 3202 2857 3271 (Prov.
2877 3205 2992 3271 xu).
3024 3204 3121 3258 Et:
3143 3205 3279 3260 Sunt
3295 3205 3396 3258 vim
3411 3219 3530 3273 quae

156 3278 504 3335 sconditum
532 3295 791 3333 essenon
829 3277 980 3345 licet,
1005 3277 1159 3348 quod
1196 3277 1480 3332 audimus.
1509 3278 1635 3332 lam
1659 3275 1801 3330 late-

151 3375 270 3429 bat
295 3375 494 3426 nostra
524 3371 844 3442 persecutio
895 3370 1238 3425 manifesta:
1272 3367 1664 3424 misericordia
1699 3373 1802 3435 est,

153 3467 325 3522 circa
370 3470 764 3535 persecutores
791 3469 848 3518 et
877 3463 1231 3519 facinorosos
1256 3465 1479 3517 servata
1507 3462 1801 3517 districtio.

153 3561 326 3628 Ergo
354 3557 546 3628 sopori
573 3557 828 3628 quietem
860 3555 1126 3610 tribuite:
1159 3555 1475 3610 caelestium
1498 3554 1802 3610 mandato-

155 3667 308 3707 rum
334 3650 564 3704 hostem
591 3666 820 3720 quoque
837 3649 1124 3719 depellite,
1147 3664 1220 3702 ne
1237 3647 1482 3702 candida
1503 3663 1801 3702 conversa-

154 3745 251 3800 tio
273 3743 568 3797 vobiscum
589 3741 976 3802 habitantium
1003 3741 1162 3795 fusca
1188 3739 1640 3810 supervenientis
1666 3755 1800 3794 con-

155 3835 411 3906 tagione
442 3835 702 3890 violetur.
734 3837 878 3889 Ante
901 3834 1058 3888 enim
1080 3833 1436 3904 providenda
1458 3835 1592 3886 sunt
1616 3849 1802 3887 reme-

157 3931 288 3996 dia,
318 3944 496 3999 quam
547 3927 785 3982 morbus
835 3927 1130 3980 increscat.
1183 3927 1521 3981 Sanctorum
1576 3941 1804 3996 quoque

154 4021 572 4094 apostolorum
616 4025 675 4074 et
725 4019 1085 4090 reliquorum
1133 4018 1492 4073 sacerdotum
1543 4021 1806 4088 petamus

156 4113 510 4179 exercitum,
543 4116 602 4167 et
627 4111 1034 4183 praedictorum
1068 4114 1498 4182 persecutorum
1522 4127 1623 4165 ora
1651 4111 1801 4164 clau-

155 4210 398 4265 damus.
429 4205 630 4261 Saeculi
675 4203 1032 4260 conversatio
1080 4205 1274 4274 legum
1316 4207 1474 4258 metu
1529 4202 1808 4258 retinetur

157 4301 362 4372 (Idem,
389 4301 546 4369 epist.
574 4301 658 4365 13,
689 4299 726 4353 l.
754 4298 840 4369 v):
889 4297 1270 4351 ecclesiastica
1300 4312 1528 4367 quoque
1549 4295 1806 4350 custodia

155 4393 512 4464 regularum
541 4390 721 4445 frenis
749 4395 1007 4444 servatur
1033 4395 1090 4444 et
1115 4389 1350 4459 regitur.
1400 4390 1565 4455 Deus,
1591 4388 1801 4444 charis-

157 4487 341 4551 sime,
375 4500 608 4554 semper
634 4483 831 4554 procul
867 4485 1088 4536 avertat
1134 4481 1406 4536 invidiam
1435 4482 1621 4554 (Idem,
1647 4485 1802 4552 epist.

1900 3295 2153 3348 videntur
2170 3295 2374 3348 homini
2391 3294 2576 3362 justas,
2601 3297 2891 3348 novissima
2931 3301 3112 3349 autem
3147 3311 3332 3350 earum
3355 3296 3528 3351 dedu-

1902 3392 2029 3442 cunt
2051 3387 2125 3440 ad
2142 3391 2363 3440 mortem
2384 3384 2561 3454 (Prov.
2592 3387 2724 3454 XIv).
2773 3388 2884 3440 Nos
2919 3387 3078 3441 enim
3104 3388 3202 3458 qui
3227 3389 3351 3442 haec
3376 3389 3524 3458 pati-

1901 3495 2052 3545 mur,
2074 3478 2290 3548 judicio
2317 3478 2414 3533 Dei
2435 3478 2557 3532 hinc
2579 3495 2869 3534 reservare
2893 3479 3188 3546 debemus,
3209 3480 3306 3549 qui
3323 3480 3529 3535 reddet

1903 3571 2210 3642 unicuique
2229 3571 2392 3640 juxta
2412 3587 2589 3641 opera
2609 3588 2710 3624 sua
2740 3572 2954 3642 (Matth.
2969 3573 3102 3640 xv1).
3120 3572 3224 3635 Qui
3239 3572 3411 3626 etiam
3425 3589 3527 3642 per

1901 3663 2194 3719 ministros
2219 3681 2350 3717 suos
2377 3663 2644 3728 intonuit,
2679 3664 2902 3718 dicens:
2923 3664 3056 3719 Mihi
3075 3664 3386 3719 vindictam
3415 3681 3524 3735 ego

1903 3756 2216 3811 retribuam
2241 3756 2408 3825 (Rom.
2430 3761 2544 3824 xu).
2567 3758 2676 3810 Vos
2693 3756 2849 3810 enim
2870 3757 2932 3810 in
2957 3761 3115 3811 recta
3133 3757 3246 3811 ﬁde
3274 3774 3340 3811 ac
3362 3774 3524 3827 pura,

1903 3849 1961 3903 in
1988 3849 2143 3904 bona
2166 3849 2457 3904 voluntate
2498 3849 2806 3904 succurrite
2831 3849 3102 3916 vicissim,
3129 3867 3234 3904 nec
3260 3849 3463 3920 aliquis
3493 3867 3528 3904 a

1903 3943 2300 4014 supplemento
2329 3942 2519 3996 fratris
2546 3943 2845 3996 subtrahat
2868 3959 3138 3997 manum:
3169 3942 3441 4014 quoniam
3466 3945 3529 3998 in

1904 4037 1999 4090 hoc
2042 4035 2143 4105 (ait
2165 4034 2469 4103 Dominus).
2508 4039 2816 4104 cognoscent
2869 4051 3062 4098 omnes,
3095 4038 3228 4106 quia
3272 4038 3378 4090 mei
3399 4037 3526 4090 estis

1903 4128 2178 4198 discipuli,
2205 4130 2254 4182 si
2278 4128 2612 4182 dilectionem
2636 4128 2931 4183 habueritis
2979 4129 3053 4183 ad
3100 4131 3327 4184 invicem
3355 4128 3526 4196 (Joan.

1902 4220 2040 4289 xm).
2071 4222 2213 4275 Data
2241 4219 2512 4275 Kalendis
2550 4205 2878 4276 Decembris
2906 4221 3221 4277 indictione
3251 4225 3314 4277 15
3355 4221 3529 4293 (Anno

1901 4316 2118 4368 Domini
2146 4313 2287 4384 58'2).

2374 4401 2705 4456 EPISTOLA
2751 4400 2911 4472 [Olim
2947 4403 3031 4472 IX]

2169 4510 2238 4547 AD
2270 4509 2550 4548 EPISCOPOS
2577 4510 2859 4549 GERMANIJE
2884 4511 2948 4548 ET
2966 4505 2992 4534 ⁸
3015 4510 3240 4549 GALLIS.

161 4581 237 4635 14
257 4578 500 4647 clamem
537 4577 706 4646 “bril-
736 4577 845 4630 V05
875 4591 1014 4645 91‘80
1034 4575 1346 4630 armamini
1369 4575 1544 4644 (luxui
1561 4576 1801 4645 ΑΡοδίο·
1823 4583 1882 4654 D
1904 4587 2471 4656 Novemprwfationcs,
2492 4588 2632 4640 inter
2655 4590 2944 4641 missarum
2965 4588 3221 4642 solemnia
3245 4588 3528 4642 decantan-

157 4672 307 4740 lum)
341 4669 534 4741 gladio
561 4669 812 4739 spiritus,
857 4668 1012 4739 quod
1041 4671 1128 4722 est
1166 4667 1406 4722 verbum
1430 4667 1552 4734 Dei,
1581 4673 1639 4721 et
1666 4684 1803 4737 apo-

157 4763 388 4834 stolicae
433 4761 789 4817 auctoritatis
836 4763 1036 4832 clypeo
1071 4762 1279 4831 (Ephes.
1321 4762 1418 4826 v1),
1452 4765 1516 4814 ut
1543 4759 1804 4814 ecclesia-

159 4857 329 4912 sticas
361 4854 730 4910 fecunditatis
744 4854 877 4924 jura
904 4854 1063 4908 nulla
1091 4853 1372 4907 saevientis
1401 4853 1661 4922 procellae
1685 4869 1809 4922 pos-

160 4951 290 5006 sint
307 4947 657 5018 impulsione
687 4947 938 5002 subverti
963 4945 1150 5016 (Idem,
1168 4945 1346 5015 ibid.).
1365 4946 1529 5000 Nullo
1549 4961 1807 5016 unquam

163 5035 510 5111 praejudicio
531 5039 766 5106 gravate
781 5050 1157 5105 quemquam,
1177 5033 1279 5088 sed
1299 5033 1560 5104 inspicite
1582 5049 1810 5104 semper

166 5146 308 5202 qua:
337 5128 669 5199 regularum
703 5126 1032 5182 testimonio
1079 5126 1460 5180 declarantur.
1516 5126 1806 5196 Superest,

167 5224 360 5278 salute
382 5221 637 5292 praelata,
668 5223 730 5274 ut
749 5219 832 5284 ad
850 5219 1062 5290 gaudia
1083 5235 1312 5290 semper
1331 5219 1576 5273 fratrum
1607 5218 1808 5273 devote

173 5313 524 5388 properetis,
552 5312 687 5383 quia
735 5312 927 5366 divina
975 5312 1256 5366 beneﬁcia
1287 5311 1558 5383 gradibus
1584 5327 1812 5380 semper

173 5407 485 5473 accedunt,
515 5409 573 5460 et
602 5405 810 5476 quibus
835 5405 989 5459 bona
1019 5405 1342 5472 conferunt,
1374 5403 1618 5458 meliora
1645 5403 1806 5475 polli-

173 5506 404 5556 centur.
439 5499 684 5569 Semper
713 5497 869 5551 enim
889 5497 1258 5552 incrementis
1279 5497 1352 5551 ad
1367 5498 1596 5552 culmen
1621 5514 1813 5550 ascen-

256 5684 281 5749 ξ
310 5671 508 5749 ljeque
536 5668 658 5749 hinc
782 5667 978 5722 lsidori
1003 5669 1146 5749 stylo
1173 5667 1474 5749 discrepat.

256 5739 286 5778 ι)
314 5742 390 5795 De
414 5735 855 5809 praefationibns
893 5735 1212 5791 meminere
1250 5735 1551 5791 concilium
1581 5737 1809 5793 Milevit.

183 5827 315 5880 cap.
366 5807 546 5880 l2,et
574 5807 1059 5880 Africanum‘cap.
1084 5812 1169 5880 70.
1209 5809 1429 5880 Earum
1475 5823 1704 5880 novem,
1739 5809 1810 5880 de

187 5877 398 5954 quibus
419 5879 531 5947 hic,
552 5883 749 5932 auctor
758 5877 1018 5951 proditur
1037 5879 1289 5935 Gelasius
1304 5878 1448 5941 libro
1473 5878 1808 5936 Pontiﬁcali.

2245 4656 2348 4719 dw,
2375 4672 2410 4710 a
2433 4659 2673 4712 Romana
2692 4659 2924 4712 Ecclesia
2943 4660 3110 4727 recipi
3135 4661 3181 4712 b.

1975 4751 2238 4823 Pelagius
2289 4753 2565 4808 Romana:
2617 4753 2864 4808 ecclesia:
2891 4757 2950 4808 et
2993 4754 3321 4825 apostolica:
3377 4755 3528 4811 sedis

1907 4845 2205 4917 episcopus
2236 4845 2510 4900 universis
2541 4847 2981 4902 Germaniarum
3017 4864 3082 4902 ac
3107 4847 3413 4902 Galliarum
3443 4865 3528 4902 re-

1907 4938 2148 5010 gionum
2184 4938 2464 5010 episcopis
2495 4940 2566 5006 (S.
2598 4943 2696 4996 Leo
2723 4943 2877 5010 epist.
2907 4942 3015 5009 88).

1978 5031 2120 5087 Cum
2145 5030 2204 5085 in
2219 5031 2321 5085 Dei
2349 5031 2582 5087 nomine
2601 5032 2662 5086 in
2687 5033 2948 5086 Romana
2973 5032 3220 5088 Ecclesia
3246 5033 3530 5104 synodum

1909 5124 2308 5194 episcoporum
2322 5124 2435 5178 sive
2453 5128 2791 5180 ceterorum
2803 5126 3274 5181 consacerdotum
3286 5126 3383 5182 Dei
3395 5127 3532 5181 fide-

1907 5216 2048 5270 lium
2075 5222 2486 5288 congregatam
2508 5218 2921 5286 habuissemus,
2955 5224 3012 5274 et
3040 5219 3110 5273 de
3143 5219 3533 5275 ecclesiasticis

1909 5310 2151 5376 statutis,
2185 5315 2246 5364 ut
2271 5313 2403 5364 sunt
2431 5310 2501 5365 ab
2528 5311 2796 5381 aposlolis
2823 5314 2881 5364 et
2905 5313 3114 5366 sanctis
3145 5314 3404 5370 Patribus
3423 5317 3534 5368 tra-

1909 5401 2046 5469 dita,
2077 5402 2407 5472 diligentius
2458 5408 2872 5472 tractaremus;
2914 5421 3295 5476 supervenere
3327 5406 3531 5462 littera:

1907 5500 2126 5564 vestrar,
2160 5500 2218 5550 et
2244 5499 2309 5549 ut
2331 5512 2559 5567 magna:
2583 5501 2774 5552 essent
2799 5499 3169 5567 auctoritatis,
3193 5499 3366 5554 etiam
3396 5500 3531 5554 vivas

1911 5645 2204 5700 Decimam
2233 5646 2303 5702 de
2323 5647 2732 5720 beataVirgine
2754 5649 2935 5704 edidit
2953 5650 3214 5705 Urbanus
3239 5652 3303 5716 ll,
3323 5649 3380 5703 in
3399 5664 3530 5702 con-

1911 5725 2038 5779 cilio
2059 5727 2359 5782 Placentia:
2387 5728 2602 5796 habito,
2633 5732 2693 5783 ut
2721 5730 2801 5784 ait
2829 5730 3130 5786 Gratianus
3159 5729 3231 5783 ad
3272 5729 3325 5780 d.
3357 5731 3442 5792 70,
3471 5731 3528 5782 et

1911 5808 2026 5864 alii.
2057 5811 2182 5864 Sev.
2217 5812 2332 5868 BIN.
2435 5888 2442 5892 α
