3994 6420
524 400 626 454 759
1299 389 1592 446 SANCTUS
1628 387 1982 454 AUNARIUS,
2022 383 2646 444 ANTISSIODORENSIS
2682 382 3060 441 EPISCOPUS.
3821 387 3950 440 760

522 518 690 558 voces
715 499 1144 572 pracesserunt,
1171 498 1462 566 rogantes,
1478 498 1541 550 ut
1565 495 1825 551 ordinem
1852 492 2142 564 prafatio-
2161 512 2220 585 Α
2240 491 2502 546 Romana
2529 491 2778 546 Ecclesia
2801 490 3081 546 hactenus
3107 488 3389 546 servavit:
3440 506 3632 547 unam
3663 489 3730 546 in
3752 490 3951 546 Albis

526 611 689 662 num,
719 607 890 663 quem
910 592 1106 645 sancta
1129 587 1650 643 RomanaEcclesia
1675 585 2135 642 hactenushabe-
2163 582 2220 585 “”
2239 582 2618 654 paschalibus,
2651 583 2821 637 aliam
2864 582 2934 636 de
2958 582 3308 638 Ascensione
3352 583 3617 650 Domini,
3662 583 3948 639 tertiam

522 689 630 751 ret,
670 683 876 740 nostris
922 682 1122 737 litteris
1148 680 1306 736 vobis
1354 680 1850 735 remandaremus.
1883 679 2037 733 Tunc
2067 678 2136 732 de
2239 675 2310 729 de
2339 677 2692 741 Pentecoste,
2723 679 2990 745 quartam
3017 673 3088 728 de
3115 675 3303 731 Natali
3329 675 3595 742 Domini,
3623 676 3944 748 quintam

521 779 708 833 vestra
732 777 1022 830 voluntate
1052 777 1108 828 et
1133 773 1318 828 studio
1357 777 1478 827 tam
1505 772 1657 827 bono
1687 773 1934 826 multum
1961 770 2139 842 gavisi
2240 767 2309 822 de
2327 766 2680 838 apparitione
2711 767 2964 835 Domini,
2995 770 3224 823 sextam
3269 767 3342 822 de
3371 769 3688 840 apostolis,
3726 770 3940 840 septi-

523 886 736 935 sumus,
757 873 813 922 et
825 882 1050 922 sacrum
1073 865 1334 921 ordinem
1352 866 1697 930 Romanum,
1717 879 1990 934 sacraque
2009 879 2139 919 con-
2239 875 2398 914 mam
2427 859 2496 913 de
2524 862 2720 914 sancta
2743 859 3040 926 Trinitate,
3064 863 3328 915 octavam
3351 859 3426 915 de
3443 877 3644 928 cruce,
3673 879 3940 917 nonam

523 963 719 1017 stituta
748 965 1073 1015 nostrorum
1090 961 1515 1013 antecessorum
1535 959 1774 1012 solerter
1792 958 2136 1027 relegentes,
2237 951 2297 1005 in
2311 951 2533 1022 jejunio
2562 955 2619 1006 et
2639 951 3096 1024 Quadragesima
3109 953 3526 1009 tantummodo
3549 953 3937 1010 dicendam.

521 1053 848 1110 invenimus
864 1053 964 1106 has
985 1067 1190 1107 novem
1210 1049 1578 1122 prafationes
1603 1049 1664 1103 in
1690 1065 1849 1104 sacro
1879 1049 2138 1119 catalogo
2238 1045 2348 1098 Has
2375 1045 2910 1115 prafationestenet
2938 1050 2996 1100 et
3015 1045 3265 1101 custodit
3281 1049 3484 1102 sancta
3505 1047 3808 1104 Romana
3823 1049 3940 1104 Ec-

523 1144 922 1204 tantummodo
943 1143 1317 1215 recipiendas,
1332 1159 1474 1214 quas
1497 1143 1674 1214 longa
1691 1145 1845 1196 retro
1863 1141 2137 1196 veritasin
2237 1141 2426 1195 clesia.
2460 1141 2570 1196 Has
2594 1140 2874 1196 tenendas
2903 1141 3064 1196 vobis
3094 1141 3468 1198 mandamus.

586 1271 922 1333 OBSERVA'l‘lO.
950 1269 1219 1333 Lector-em
1239 1267 1327 1333 llic
1356 1280 1570 1318 monere
1587 1265 1752 1330 juvat,
1775 1269 1924 1316 notas
1947 1277 2060 1328 qua
2094 1263 2282 1327 Pelagii
2310 1265 2351 1313 ll
2379 1264 2628 1328 cpuscula
2658 1263 2916 1314 illustrant
2937 1264 3160 1316 Labbao
3190 1278 3305 1316 esse
3331 1265 3654 1318 tribuendas
3690 1269 3939 1333 quoties

524 1333 670 1384 nullo
696 1331 907 1380 nomine
935 1331 1218 1394 signantur.
1247 1329 1394 1380 Em'r.

524 1434 3926 1472 EEEEEEEE2:E2==============================================================§E§EE§

1919 1545 2126 1590 EODEM
2167 1543 2474 1590 TEMPORE.

907 1655 1952 1860 SANCTUS
2138 1655 3479 1880 AUNARIUS,

1138 1939 1862 2052 EPISCOPUS
1937 1936 3252 2052 AUTISSIODORENSIS.

1437 2229 1768 2359 ΝθΤΙΤΙᾹ
1851 2227 1960 2355 EX
2043 2227 2338 2354 GALLIA
2425 2225 2940 2354 CHRISTIANA.

590 2527 1002 2596 Aunacharius,
1033 2527 1131 2598 qui
1149 2531 1205 2582 et
1218 2543 1320 2599 per
1344 2543 1652 2598 syncopem
1673 2525 1974 2594 Aunarius,
1990 2525 2138 2580 ﬁlius
2156 2537 2212 2609 B
2237 2522 2678 2578 celebrarentur.
2707 2523 2786 2576 Ex
2811 2522 3018 2593 quibus
3047 2522 3182 2577 satis
3209 2527 3464 2594 apparet
3489 2526 3641 2578 tunc
3665 2525 3934 2596 majoris

520 2621 897 2679 eratPastoris
914 2624 970 2674 et
996 2621 1332 2690 Ragnoara,
1349 2636 1655 2691 germanus
1682 2617 2138 2674 autemAustrini
2236 2615 2486 2669 ecclesia
2506 2615 2720 2669 clerum
2754 2631 2872 2669 non
2902 2614 3225 2669 admodum
3271 2615 3674 2686 frequentem
3704 2617 3926 2672 fuisse.

519 2714 770 2786 episcopi
794 2712 1220 2767 Aurelianensis
1245 2717 1302 2767 et
1327 2711 1720 2782 Austregildis,
1745 2711 1944 2766 matris
1959 2711 2138 2766 sancti
2233 2707 2430 2762 Tribus
2454 2707 2780 2778 subscripsit
2795 2706 3052 2762 conciliis
3064 2708 3854 2776 Aunacharius,Parisiensi
3877 2727 3934 2766 IV

519 2806 662 2878 Lupi
691 2805 1037 2861 Senonensis
1065 2804 1350 2871 antistitis,
1380 2808 1442 2858 ut
1465 2820 1531 2857 ex
1559 2803 1816 2874 ejusdem
1835 2803 1977 2874 Lupi
2012 2803 2136 2857 Vita
2235 2815 2388 2854 anno
2432 2803 2530 2854 573
2571 2804 2628 2854 et
2651 2798 3160 2854 Matisconensibus
3196 2800 3429 2856 duobus
3461 2802 3649 2856 annis
3701 2806 3820 2859 583
3867 2808 3930 2858 et

521 2898 808 2954 discimus.
838 2898 996 2951 Hunc
1016 2897 1326 2967 aliquando
1345 2896 1695 2951 monachum
1708 2895 1878 2950 fuisse
1893 2895 2134 2950 etabba-
2237 2895 2356 2958 585,
2373 2895 2429 2946 et
2455 2891 2958 2962 Augustodunensi
2975 2907 3070 2946 an.
3091 2894 3214 2960 589,
3244 2893 3410 2964 cujus
3433 2910 3576 2949 cum
3607 2896 3929 2968 episcopis

519 2995 640 3046 tem
665 2988 858 3044 Sancti
885 2989 1154 3044 Germani
1181 2989 1392 3059 vulgati
1427 2988 1644 3042 indices
1695 2991 1972 3056 asserunt,
2001 2987 2137 3058 quia
2235 2985 2456 3055 scripsit
2475 2985 2549 3038 ad
2577 2985 3013 3055 Gundegilisum
3036 2985 3547 3056 Burdegalensem
3583 2989 3931 3060 epistolam

519 3085 669 3138 forte
696 3081 1019 3136 canobium
1047 3081 1762 3137 SanctiGermanivocatur
1787 3080 1908 3150 ejus
1931 3096 2132 3135 mona-
2235 3093 2361 3148 qua
2399 3078 2646 3131 refertur
2672 3094 2704 3131 a
2737 3077 3012 3148 Gregorio
3057 3079 3384 3133 Turonensi
3411 3079 3518 3134 lib.
3551 3097 3635 3149 Ix,
3673 3099 3821 3154 cap.
3857 3085 3924 3138 41

520 3175 754 3230 sterium
773 3174 832 3228 in
858 3173 1009 3228 Actis
1035 3173 1214 3228 sancti
1239 3173 1518 3240 Walarici,
1550 3189 1647 3227 seu
1669 3172 2132 3244 quia,exHerico,
2237 3177 2400 3241 (Tom.
2451 3175 2651 3230 Patrol.
2702 3177 2891 3242 LXXI,
2943 3175 3042 3230 col.
3091 3178 3196 3230 5l0
3232 3180 3285 3230 et
3329 3179 3529 3248 seqq.).
3590 3179 3932 3250 Synodum

522 3267 705 3323 sancti
731 3266 1001 3322 Germani
1030 3267 1325 3321 basilicam
1359 3265 1678 3336 magniﬁcis
1725 3265 1950 3337 pradiis
1978 3267 2131 3320 locu-

519 3360 772 3433 pletavit.
802 3361 946 3413 Nam
976 3359 1181 3413 eodem
1210 3363 1438 3414 auctore
1489 3359 1703 3429 primos
1734 3358 2134 3414 adolescentia

519 3469 702 3509 annos
734 3453 793 3507 in
833 3451 964 3506 aula
993 3451 1333 3507 Guntramni
1367 3451 1520 3522 regis
1549 3452 1754 3522 exegit,
1790 3468 1902 3522 quo
1937 3451 2132 3506 relicto

519 3544 960 3616 postpositisque
998 3544 1327 3614 parentibus
1365 3545 1618 3599 Turones
1654 3544 1894 3614 aufugit,
1925 3543 2019 3598 ubi
2063 3544 2136 3599 ad

518 3639 843 3710 sepulcrum
893 3637 1071 3690 sancti
1119 3636 1363 3704 Martini,
1417 3653 1582 3692 coma
1625 3637 1824 3708 capitis
1873 3636 2130 3704 detonsa,

517 3731 762 3787 clericali
793 3731 1127 3784 sacularem
1182 3733 1398 3784 vestem
1441 3729 1700 3784 mutavit.
1731 3731 1873 3784 Tum
1911 3729 1984 3784 ad
2009 3730 2130 3785 Sia-
2235 3727 2622 3796 apostolorum
2664 3727 2909 3797 petierat
2933 3745 3036 3798 pro
3083 3729 3248 3784 novis
3297 3733 3562 3788 ecclesiis
3601 3751 3751 3807 qua
3783 3742 3922 3794 tum

519 3825 709 3896 grium
726 3822 1303 3893 Augustodunensem
1329 3821 1660 3894 episcOpum
1679 3822 1974 3890 adductus,
2003 3825 2130 3877 tan-
2233 3820 2550 3889 complures
2578 3819 2639 3874 in
2663 3820 2752 3874 his
2791 3821 3051 3891 partibus
3099 3825 3627 3883 construebantur.
3670 3831 3926 3888 Petenti

516 3920 641 3970 tum
673 3915 825 3986 apud
851 3931 984 3968 eum
1012 3913 1333 3969 eruditione
1361 3917 1420 3968 et
1459 3913 1758 3984 disciplina
1781 3915 2044 3986 profecit,
2075 3919 2136 3970 ut
2155 3896 2208 3970 C
2235 3916 2436 3970 annuit
2473 3917 2730 3987 pontifex
2757 3934 2770 3972 :
2809 3922 2868 3972 at
2905 3919 3170 3989 queritur
3196 3921 3357 3992 quod
3385 3923 3703 3980 Aunarius
3733 3930 3925 3985 Italia

519 4023 696 4078 usque
727 4007 800 4061 ad
813 4007 1043 4060 culmen
1063 4005 1368 4076 pontiﬁcia
1387 4006 1678 4076 dignitatis
1697 4006 1984 4077 gradatim
1999 4024 2132 4078 pro-
2235 4008 2652 4064 calamitatibus
2694 4027 2811 4065 non
2833 4011 3224 4082 compatiatur
3249 4016 3308 4067 et
3331 4016 3497 4085 quod
3526 4017 3922 4077 Francorum

518 4100 841 4154 veheretur.
870 4097 1104 4152 Atherio
1132 4098 1324 4168 itaque
1343 4097 2072 4168 Autissiodorensiprasule
2103 4117 2133 4154 e
2233 4118 2397 4172 reges
2425 4102 2499 4156 ad
2527 4117 2698 4172 opem
2724 4103 2777 4158 ei
2803 4103 3109 4158 ferendam
3152 4121 3273 4160 non
3320 4107 3563 4164 excitet.
3616 4113 3920 4186 Superius

517 4191 656 4245 vivis
673 4192 955 4260 exempto,
977 4207 1010 4244 a
1031 4191 1181 4245 clero
1201 4191 1368 4244 simul
1389 4195 1444 4245 et
1464 4192 1672 4262 populo
1695 4190 2131 4247 unanimivoca-
2233 4193 2478 4248 diximus
2502 4195 2638 4264 quid
2659 4195 3024 4250 decessorum
3053 4213 3292 4252 suorum
3315 4200 3614 4257 Germani
3649 4210 3718 4260 et
3744 4211 3920 4262 Ama-

522 4287 613 4338 tur
630 4282 1039 4350 Aunacharius,
1073 4283 1170 4353 qui
1189 4283 1371 4353 pridie
1397 4283 1682 4338 Kalendas
1705 4287 1848 4354 Aug.
1880 4285 2132 4340 ofﬁcium

518 4376 876 4448 episcopatus
905 4375 1166 4446 suscepit.
1192 4376 1424 4430 Sextum
1446 4393 1576 4430 eum
1599 4393 1633 4430 a
1657 4377 1826 4431 beato
1848 4377 2131 4433 Germano

515 4468 884 4523 Autissiodori
915 4469 1246 4538 episcopum
1284 4468 1550 4524 nominat
1576 4469 1804 4524 Hericus
1830 4469 1984 4524 idem
2011 4471 2129 4541 epi-

516 4563 660 4616 stola
687 4561 760 4615 ad
781 4561 1044 4615 Carolum
1069 4562 1304 4616 Calvum
1349 4561 1779 4632 imperatorem,
1811 4562 1870 4616 in
1897 4579 2012 4633 qua
2039 4579 2127 4617 re-

511 4655 623 4710 fert
646 4653 881 4709 Aunarii
907 4653 1124 4709 litteras
1145 4655 1400 4725 rogantis
1421 4655 1774 4725 Stephanum
1797 4655 2131 4710 Africanum

511 4747 908 4818 presbyterum
941 4750 1003 4801 ut
1027 4747 1213 4801 Vitam
1251 4747 1512 4817 ejusdem
1535 4747 1715 4802 sancti
1762 4747 1997 4803 metrice
2028 4747 2126 4802 de-

511 4839 782 4895 scriberet
807 4844 864 4894 et
888 4844 1014 4895 acta
1039 4839 1217 4894 sancti
1241 4840 1527 4894 Amatoris
1558 4840 1813 4910 prosaice
1839 4857 1852 4894 :
1875 4844 1933 4895 at
1963 4840 2130 4894 libra-

509 4932 578 4987 rii
630 4932 1003 5004 proculdubio
1053 4933 1335 4987 mendum
1391 4936 1493 5000 est,
1554 4949 1689 4988 nam
1745 4933 1864 5003 ipse
1901 4932 2129 4988 Hericus

510 5025 804 5096 episCOpos
830 5025 982 5081 inter
999 5025 1219 5081 medios
1242 5027 1682 5081 commemorat.
1714 5026 1912 5080 Factus
1934 5028 2128 5080 autem

508 5118 804 5189 episcopos
828 5118 1220 5174 Aunacharius
1246 5118 1496 5191 plurima
1521 5118 1580 5172 in
1602 5117 1836 5173 ecclesia
1849 5118 2125 5174 Autissio-

509 5209 736 5263 dorensi
769 5211 1059 5264 constituit
1084 5228 1227 5282 qua,
1268 5215 1331 5265 ut
1359 5211 1646 5282 praecipuo
1687 5211 2127 5265 observarentur

507 5301 724 5370 vigore,
739 5302 777 5361 G
787 5304 1079 5358 untramni
1093 5305 1242 5375 regis
1256 5305 1593 5360 auctoritate
1606 5304 1924 5371 roboravit;
1945 5304 2003 5358 in
2015 5304 2122 5374 his,

510 5395 640 5446 l°ut
655 5395 1023 5461 monasteria,
1042 5396 1288 5451 basilica
1311 5401 1368 5451 et
1380 5397 1629 5452 ecclesia
1650 5397 1982 5468 paraciales
2003 5414 2122 5451 cer-

2232 3266 2354 3337 ipse
2366 3265 2632 3344 habuitin
2649 3266 2788 3320 urbe
2817 3283 2917 3321 sua
2937 3283 3070 3322 cum
3091 3267 3357 3322 diacesis
3379 3270 3737 3340 abbatibus,
3755 3291 3931 3346 pres-

2232 3357 2445 3427 byteris
2465 3361 2523 3412 et
2546 3357 2799 3412 diaconis
2817 3358 2876 3412 in
2904 3375 3018 3430 qua
3044 3360 3442 3430 plurimiediti
3471 3367 3616 3418 sunt
3639 3381 3928 3423 canones

2232 3450 2291 3503 in
2305 3449 2510 3520 quibus
2521 3451 2702 3504 multa
2712 3453 2845 3505 sunt
2857 3451 3262 3508 observatione
3277 3453 3482 3524 digna.
3497 3457 3649 3511 Dua
3673 3465 3932 3515 exstant

2232 3541 2447 3612 Pelagii
2466 3558 2630 3612 papa
2649 3542 2724 3597 ad
2750 3544 3182 3599 Aunacharium
3212 3545 3502 3616 epistola,
3527 3550 3638 3620 qui
3667 3551 3755 3606 ab
3789 3554 3924 3625 ipso

2234 3634 2568 3701 sanctuaria,
2595 3633 2654 3688 id
2703 3638 2789 3688 est
2821 3635 3077 3691 brandea
3106 3653 3209 3691 seu
3260 3654 3497 3709 pannos
3527 3657 3604 3696 ex
3651 3647 3924 3701 tumulis

2230 4287 2370 4341 toris
2393 4286 2452 4339 in
2481 4287 2725 4357 gratiam
2755 4289 2960 4359 egerit.
2990 4290 3217 4360 Lupum
3238 4296 3532 4362 nepotem
3563 4313 3761 4354 suum
3779 4317 3912 4356 cum

2230 4379 2497 4433 Austrino
2529 4395 2806 4450 germano
2847 4381 2922 4436 ad
2966 4382 3184 4437 insulas
3239 4385 3560 4443 educando
3613 4395 3911 4462 provexit.

2232 4471 2503 4526 Sanctum
2529 4473 2990 4542 Austregisilum,
3019 4475 3280 4530 futurum
3311 4477 3776 4542 Bituricensem
3795 4487 3911 4558 epi-

2232 4580 2465 4634 scopum
2478 4563 2746 4618 clericum
2761 4566 2896 4620 fecit
2908 4569 2965 4620 et
2978 4567 3406 4624 subdiaconum
3430 4573 3778 4634 ordinavit.
3795 4581 3916 4634 Wa-

2227 4657 2467 4712 laricum
2492 4656 2550 4710 in
2576 4659 2996 4713 monasterium
3023 4676 3198 4714 suum
3225 4661 3493 4732 admisit,
3527 4671 3708 4739 quod
3737 4672 3801 4728 in
3829 4690 3915 4728 su-

2226 4748 2432 4804 burbio
2460 4749 2701 4804 civitatis
2733 4753 3129 4808 constructum
3177 4754 3249 4809 de
3279 4762 3675 4820 monasterio
3729 4769 3916 4822 sancti

2228 4841 2494 4897 Germani
2521 4841 2986 4912 interpretamur.
3017 4845 3156 4900 Huic
3192 4853 3597 4922 monasterio,
3635 4858 3748 4914 ubi
3789 4877 3913 4915 cor-

2227 4951 2331 5005 pus
2356 4950 2520 4988 suum
2546 4936 2854 5006 sepultura
2882 4937 3153 4992 mandari
3167 4939 3540 5012 decreverat,
3563 4952 3631 5002 et
3645 4953 3916 5008 ecclesia

2227 5043 2342 5081 sua
2365 5043 2533 5097 agros
2554 5030 2611 5081 et
2628 5027 2789 5082 villas
2818 5028 3074 5098 donavit,
3105 5031 3437 5105 plenusque
3463 5036 3750 5112 dierum,
3787 5064 3914 5100 san-

2226 5118 2420 5174 ctitate
2459 5136 2688 5191 quoque
2727 5124 2785 5175 et
2822 5122 3241 5179 miraculorum
3293 5127 3495 5196 gloria
3537 5132 3915 5195 clarissimus

2227 5213 2468 5266 decessit
2495 5229 2571 5268 vn
2599 5213 2722 5268 Kal.
2753 5214 3007 5283 Octobr.,
3031 5216 3158 5271 initi
3183 5222 3544 5289 prasulatus
3567 5229 3672 5298 44,
3710 5249 3912 5288 mense

2228 5309 2276 5370 l,
2308 5305 2506 5360 diebus
2527 5308 2612 5361 23.
2629 5308 2845 5378 Corpus
2872 5308 2946 5364 ad
2967 5313 3234 5366 sanctum
3257 5312 3651 5377 Germanum
3679 5326 3912 5382 funebri

2223 5414 2438 5468 pompa
2464 5400 2832 5466 tumulatum,
2867 5401 3002 5455 inde
3035 5419 3210 5473 capsa
3237 5412 3541 5476 argentea
3583 5415 3908 5483 inclusum,

507 5485 578 5538 tis
601 5483 799 5538 diebus
819 5503 923 5556 per
951 5503 1208 5542 mensem
1235 5506 1364 5543 cum
1390 5491 1542 5544 clero
1561 5494 1617 5544 et
1640 5490 1849 5560 p0pulo
1880 5490 2126 5560 rogatio—
2223 5490 2644 5546 calvinistarum
2671 5497 2874 5562 postea
2894 5494 3093 5564 prada
3113 5495 3241 5552 fuit.
3257 5493 3390 5571 Proj
3401 5507 3545 5560 ecta
3566 5523 3724 5568 vero
3744 5532 3909 5569 ossaa

506 5595 608 5633 nes
635 5578 926 5644 facerent;
961 5583 1018 5632 2°
1058 5581 1260 5650 quibus
1281 5583 1436 5638 horis
1462 5581 1668 5653 vigilia
1708 5581 1906 5636 diebus
1929 5582 2118 5637 Domi-
2223 5587 2524 5642 Catholicis
2551 5588 2789 5644 collecta
2814 5606 2948 5646 cum
2982 5591 3108 5646 aliis
3140 5593 3202 5648 in
3235 5601 3462 5669 cryptis
3493 5604 3582 5659 ad
3623 5612 3905 5667 ωθιιίάίο.

505 5672 646 5726 nicis
675 5687 740 5726 ac
782 5670 1288 5742 archipresbyteris
1331 5680 1388 5729 et
1437 5675 1740 5730 abbatibus
1784 5675 2024 5746 propriis
2063 5676 2122 5730 in
2223 5677 2414 5730 nalem
2445 5677 2758 5735 fenestram
2790 5680 3086 5738 recondita
3119 5683 3308 5740 fuere.
3372 5689 3618 5752 Colitur
3667 5717 3752 5758 ιη
3789 5703 3902 5758 Kal.

505 5765 638 5820 locis
667 5765 906 5830 fierent;
948 5767 1006 5818 3°
1052 5781 1084 5819 a
1109 5764 1311 5836 quibus
1338 5766 1542 5836 vigilia
1587 5767 1646 5820 in
1686 5766 1916 5821 basilica
1944 5768 2122 5822 sancti
2222 5768 2448 5823 Octobr.

501 5858 776 5930 Stephani
795 5875 930 5918 cum
959 5857 1260 5916 abbatibus
1278 5858 1513 5932 singulis
1528 5857 1904 5916 hebdomada
1923 5859 2122 5916 diebus

2142 5260 2202 5333 D
