3994 6408
310 539 1381 674 CONCILIUMa
1472 529 3262 680 ANTISSIODORENSEI’.

1373 750 2216 872 SYNODUS

70 916 163 960 AB
245 916 659 964 AUNACHABIO
728 918 1024 967 EPISCOPO
1086 919 1653 982 ANTISSIODORENSI,
1721 927 1844 971 CUM
1905 925 2197 971 DICECESIS
2259 924 2389 972 εωΕ
2451 924 2827 982 ABBAT‘IBUS,
2891 927 2972 971 ET
3036 924 3447 973 PRESBYTERIS

165 996 551 1042 cannarum
619 998 677 1044 ις
745 999 856 1046 sua
926 1001 1141 1048 ANNUM
1215 1003 1455 1049 cmusri
1524 1006 1811 1052 anxvm
1838 989 1854 1019 ²
1886 1004 1934 1062 ο,
2007 1006 2068 1053 ιι)
2136 1005 2270 1062 EST,

164 1076 365 1122 REGIS
406 1077 592 1124 XVIII.

2345 1006 2586 1052 PELAGII
2656 1009 2700 1052 II
2768 1005 2939 1052 ΡΔΡᾸΞ
3003 1008 3045 1068 I,
3111 1006 3454 1054 CHILPEBICI

1214 1259 1619 1356 TITULI
1720 1261 2337 1359 CANONUM.

69 1407 125 1456 ι.
411 1405 486 1454 De
510 1402 756 1454 Kalendis
776 1403 1048 1455 Januariis.

70 1468 145 1518 II.
406 1465 911 1578 Uttgqgldragesimaa
947 1465 1148 1517 initium
1191 1466 1246 1517 in
1281 1468 1557 1534 epiphania
1593 1485 1725 1524 nun-

500 1541 651 1577 IBIUI‘.

70 1591 174 1653 III.
406 1591 470 1653 Ut
490 1594 612 1639 vota
637 1592 688 1653 et
708 1588 901 1653 vigilite
924 1589 980 1653 in
1010 1590 1232 1641 ecclesia
1260 1594 1607 1647 exsolvantur.

70 1652 175 1725 EY-
403 1652 471 1725 Et
497 1650 713 1725 arsuris
742 1650 794 1725 εξξ
816 1652 1078 1725 amissis
1102 1653 1374 1725 ροιξββηι·

71 1714 146 1777 }f.
403 1713 604 1777 Vigilia;
628 1713 793 1763 sancti
816 1713 1352 1777 Martiniinterdictze.

70 1775 180 1842 XI:
406 1774 718 1842 Ut'chrisma
742 1789 774 1824 a
794 1774 966 1842 media
987 1776 1388 1842 Quadragesima
1409 1782 1630 1842 petatur.

72 1836 202 1901 VII.
406 1839 480 1901 De
505 1836 718 1901 synodis
740 1836 1182 1901 presbyterorum,
1196 1836 1258 1888 'et
1274 1836 1538 1890 abbatum.

81 1851 114 1884 ν
129 1851 202 1886 ιι.
407 1851 480 1888 ue
505 1851 718 1948 εέιιοαιε
740 1851 1182 1901 presbyterorum,
1206 1851 1258 1888 et
1274 1851 1538 1890 abbatum.

73 1899 230 1970 XIII.
404 1900 515 1970 _Q_uo
553 1900 804 1970 ‘mulsum
828 1898 883 1947 in
906 1899 1052 1970 altari
1076 1899 1262 1970 oﬂ_’erre
1286 1915 1394 1951 non
1418 1902 1588 1953 liceat.

74 1960 171 2011 IX.
404 1963 494 2026 Ne
522 1960 675 2026 chori
712 1963 765 2026 et
804 1961 1005 2026 cantica
1026 1962 1334 2026 puellarum,
1358 1977 1459 2014 nec
1490 1964 1727 2015 convivia

479 2022 535 2071 in
565 2021 790 2071 ecclesia
815 2021 1197 2073 permittuntur.

76 2085 149 2134 X.
406 2086 493 2156 Ne_
520 2084 575 2156 in
614 2083 761 2156 altari
783 2083 873 2156 ubi
901 2084 1178 2156 episcopus
1197 2085 1381 2156 missas
1408 2086 1555 2150 dixit,
1582 2101 1726 2152 pres-

478 2110 479 2127 :
520 2100 575 2132 III
614 2100 761 2158 artari
783 2100 873 2155 uni
901 2100 1178 2195 εριεοοὲιιε
1199 2100 1230 2134 ιι

478 2145 757 2218 byteroilla‘
768 2144 865 2218 die.
877 2159 1060 2218 missas
1098 2150 1230 2218 _i_cat.

76 2206 177 2257 XI.
405 2206 697 2318 Dengggili;
720 2207 950 2271 Pascha,
979 2209 1179 2271 natalis,
1205 2211 1258 2259 et
1292 2209 1507 2260 aliarum
1538 2210 1726 2261 solem-

476 2282 715 2319 nuatum.

76 2332 200 2382 XII.
404 2332 478 2381 Ne
517 2330 735 2394 mortuis
776 2329 1085 2394 eucharistia
1111 2331 1281 2394 detur,
1303 2346 1404 2383 nec
1445 2333 1682 2385 osculum
1708 2349 1722 2385 :

477 2396 621 2455 etne
644 2392 763 2442 velo
786 2393 870 2455 vel
894 2394 1031 2455 palla
1056 2392 1397 2443 involvantur.

76 2456 228 2518 XIII.
356 2482 365 2487 -
403 2456 467 2505 Ut
490 2453 741 2518 diaconus
768 2453 917 2518 pellis
941 2456 1187 2518 scapulas
1203 2468 1312 2518 non
1334 2456 1581 2507 involvat.

74 2517 224 2567 XIV.
401 2519 474 2567 Ne
501 2516 615 2579 quis
642 2516 696 2565 in
723 2516 1349 2579 baptisteria—sepeliatur.

78 2580 198 2629 XV.
403 2582 477 2629 Ne
506 2581 740 2641 mortuus
767 2581 1219 2641 supraimortuum,
1232 2579 1477 2629 mittatur.

77 2641 228 2689 XVI.
403 2642 476 2690 De
503 2639 865 2688 observatione
890 2640 995 2688 diei
1022 2640 1320 2689 Dominicis.

77 2702 255 2751 XVII.
406 2704 477 2751 De
508 2700 569 2749 iis
593 2700 681 2763 qui
708 2701 806 2750 sibi
832 2704 1053 2750 mortem
1081 2702 1429 2751 consciscunt.

80 2764 279 2814 XVIII.
402 2766 466 2815 Ut
502 2762 789 2826 baptismjus
827 2768 971 2813 extra
1015 2764 1211 2813 Pascha
1256 2763 1357 2821 nisi
1401 2762 1723 2814 moribundis

475 2824 585 2873 non
609 2824 918 2873 conferatur.

80 2887 224 2938 XIX.
405 2886 721 2996 Utdipaigstaera
744 2886 937 2951 jejunis
971 2885 1174 2937 clericis
1206 2886 1534 2937 celebrentur
1560 2889 1610 2936 et
1636 2900 1724 2937 au-

623 2963 655 2996 Π
690 2983 702 2996 .

515 2961 702 2997 tantur.

82 3011 200 3062 XX.
407 3012 469 3060 Ut
513 3009 934 3082 archipresbyter
979 3009 1405 3082 deuclericorum
1459 3009 1725 3082 adulteriis

477 3072 747 3143 episcopo,
776 3073 856 3144 vel
889 3072 1255 3145 archidiacono
1284 3072 1567 3144 denuntiet.

404 3134 678 3206 Utglerici‘
700 3137 965 3206 conjugati
991 3134 1055 3206 ab
1080 3134 1329 3206 uxoribus
1353 3134 1658 3206 abstineant.

84 3197 252 3246 XXII.
403 3195 617 3259 Relictis
630 3195 812 3259 clerici
834 3195 954 3259 post
976 3196 1087 3259 ejus
1109 3199 1329 3246 mortem
1352 3195 1498 3245 alteri
1524 3196 1723 3246 nubere

478 3270 585 3307 non
608 3256 747 3307 licet.

1741 2777 1907 2877 BXL

1744 1424 1805 1498 Α
1823 1409 1997 1461 XXIII.
2124 1408 3046 1498 Denpm'nlpn.ab‘b‘atismqu'iumonachi
3086 1411 3304 1475 peccata
3336 1422 3445 1460 non

2195 1470 2455 1532 emendat,
2479 1475 2568 1521 aut
2591 1470 2875 1522 denuntiat.

1822 1534 1997 1584 XXIV.
2125 1532 2312 1582 Abbati
2334 1536 2423 1582 aut
2443 1531 2710 1584 monacho
2737 1534 2803 1583 ad
2830 1534 3035 1584 nuntias
3061 1533 3137 1583 ire
3167 1546 3277 1583 non
3301 1531 3444 1581 licet.

1822 1596 1974 1646 XXV.
2126 1594 2311 1645 Abbati
2324 1598 2426 1660 aut
2450 1595 2707 1647 monacho
2729 1595 2864 1646 ﬁlios
2887 1593 2953 1645 de
2974 1594 3231 1660 baptismo
3250 1593 3445 1644 habere

2193 1670 2301 1706 non
2323 1656 2460 1706 licet.

2124 1718 2198 1767 De
2225 1732 2393 1782 poena
2420 1718 2621 1782 abbatis
2647 1719 2738 1782 qui
2772 1717 3045 1782 mulierem
3084 1717 3140 1768 in
3187 1719 3446 1767 monaste-

2194 1779 2328 1828 rium
2352 1780 2552 1843 ingredi
2575 1779 2886 1843 per—miserit.

2124 1840 2487 1906 Eovercam‘in
2513 1840 2730 1906 uxorem
2754 1841 2991 1906 accipere
3012 1853 3122 1892 non
3145 1840 3287 1891 licet.

2127 1904 2232 1951 Nec
2259 1903 2549 1965 privignam
2585 1904 2797 1954 ducere.

2128 1965 2235 2013 Nec
2260 1969 2549 2025 cognatam.

2132 2027 2236 2074 Nec
2262 2025 2390 2074 duas
2412 2039 2634 2075 sorores.

2127 2088 2234 2137 Nec
2263 2088 2649 2146 consobrinam,
2673 2090 2761 2136 aut
2787 2085 3069 2137 sobrinam.

2130 2150 2236 2199 Nec
2265 2150 2498 2198 relictam
2522 2147 2783 2198 avunculi.

1823 1720 1995 1771 XXVI.

1822 1842 2019 1893 XXVII.

1824 1905 2042 1955 XXVIII.

1823 1966 1995 2016 XXIX.

1823 2028 1975 2077 XXX.

1824 2089 1999 2138 XXXI.

1824 2150 2021 2199 XXXII.

1824 2212 2043 2263 XXXIII.
2130 2211 2193 2261 Ut
2213 2211 2503 2287 presbyteri
2530 2216 2584 2260 et
2605 2209 2811 2260 diaconi
2833 2222 3041 2261 reorum
3064 2210 3319 2275 supplicia
3340 2224 3449 2287 non

1824 2335 2043 2398 XXXIV.
2129 2276 2489 2398 uiagfgglyliér
2504 2332 2703 2398 judicio
2729 2332 2910 2398 capitis
2936 2347 3043 2398 non
3068 2333 3287 2398 intersit.

1824 2397 2023 2447 XXXV.
2132 2396 2196 2445 Ut
2219 2395 2459 2459 'cleriéus
2498 2395 2749 2445 clericum
2785 2395 2851 2445 ad
2887 2395 3120 2459 judicem
3143 2396 3447 2447 secularem

2195 2471 2303 2506 non
2326 2458 2512 2507 trahat.

1822 2519 2040 2583 XXXVI.
2128 2518 2196 2583 Ut
2205 2518 2391 2583 mulier
2406 2517 2765 2583 eucharistiam
2775 2517 2915 2583 nuda
2926 2531 3078 2568 manu
3090 2532 3193 2568 non
3206 2518 3442 2583 accipiat.

1823 2580 2067 2643 XXXVII.
2128 2580 2200 2643 Ne
2228 2581 2414 2630 mulier
2436 2581 2601 2643 pallas
2627 2579 2914 2629 dominicas
2939 2584 3243 2630 contrectet.

1823 2642 2087 2693 XXXVIII.
2132 2642 2192 2691 Ut
2217 2643 2388 2690 nullus
2422 2641 2542 2691 cum
2581 2643 3029 2691 excommunicato
3074 2641 3443 2691 communicet.

1823 2702 2038 2754 XXXIX.
2131 2704 2195 2754 Ut
2211 2703 2298 2766 qui
2319 2717 2438 2753 cum
2458 2703 2906 2753 excommunicato
2928 2704 3281 2755 communicat
3293 2702 3449 2753 simili

2195 2765 2461 2814 sententiae
2487 2765 2767 2827 subjaceat.

2129 2829 2202 2891 Ne
2226 2829 2497 2891 presbyter
2520 2825 2655 2891 inter
2677 2825 2855 2889 epulas
2885 2830 3075 2885 cantet,
3106 2830 3192 2876 aut
3215 2827 3381 2891 saltet.

1822 2864 1947 2953 ζῇς
2127 2864 2453 2953 Βιθξδνιβιίο,
2478 2890 2561 2953 vel
2595 2864 2815 2953 diacgno
2840 2864 3084 2953 accusare
3110 2864 3378 2953 nonulicet.

1822 2951 1971 2999 XLII.
2128 2951 2192 3000 Ut
2235 2950 2422 2999 mulier
2462 2950 2573 2999 sine
2601 2950 2899 2999 dominicali
2934 2964 3041 2999 non
3077 2951 3445 2999 communicet.

1822 3012 1993 3061 XLIII.
2128 3013 2202 3062 De
2244 3025 2401 3075 paena
2429 3012 2622 3076 judicia
2657 3011 3034 3076 qui_clericum
3073 3012 3184 3062 sine
3215 3011 3446 3076 episcopi

2193 3072 2455 3123 voluntate
2481 3072 2814 3122 distrinierit.

1823 3133 1994 3184 XLIV.
2130 3136 2204 3185 De
2239 3149 2393 3199 paena
2418 3134 2537 3185 laici
2564 3136 2652 3199 qui
2679 3135 3118 3199 archipresbyteri
3140 3134 3446 3186 admonitio.
3488 3170 3491 3173 -

2194 3197 2318 3246 ném
2346 3197 2653 3247 contemnit.
2827 3197 2843 3199 “
2988 3197 3001 3199 “
3091 3217 3095 3220 ν

1822 3257 1970 3307 XLV.
2130 3259 2203 3308 De
2229 3259 2588 3309 observatione
2617 3259 2804 3308 horum
2831 3270 3112 3309 canonum.

1327 3486 2193 3619 CANONES.

939 3669 978 3720 I.

164 3763 296 3817 Non
326 3759 499 3815 liceat
524 3758 1059 3815 KalendisJanuarii
1075 3760 1282 3829 vetula,
1298 3763 1396 3817 aut
1412 3763 1635 3818 cervolo
1649 3762 1728 3817 fa-

90 3872 228 3912 cere
250 3855 294 3923 ³,
322 3854 410 3908 vel
450 3854 644 3908 stenas
664 3852 976 3910 diabolicas
1006 3852 1310 3909 observare
1335 3871 1348 3919 ;
1382 3855 1485 3909 sed
1510 3855 1570 3909 in
1602 3855 1726 3926 ipsa

1830 3668 1923 3722 die
1953 3668 2032 3723 sic
2060 3667 2256 3724 omnia
2285 3666 2566 3724 beneﬁcia
2594 3666 2940 3735 tribuantur,
2971 3666 3114 3722 sicut
3132 3667 3191 3720 et
3213 3664 3449 3736 reliquis

1829 3760 2046 3816 diebus.

1253 3953 1452 4009 NOTAE
1488 3955 1724 4011 JACOBI
1763 3955 2116 4023 SIRMONDI,
2157 3955 2213 4010 S.
2252 3956 2300 4009 J.

170 4046 187 4079 ¹
220 4044 283 4097 In
312 4040 534 4113 synodo
559 4040 1037 4096 Antissiodorensi
1058 4040 1200 4115 nihil
1222 4045 1307 4115 est
1322 4042 1476 4115 quod
1503 4045 1730 4115 tempus

94 4116 885 4184 denotet,praater_nomen
936 4113 1281 4184 Aunacharii
1331 4113 1581 4184 episcopi
1624 4113 1730 4184 qui

92 4183 348 4258 praefuit.
379 4182 517 4258 Nos,
559 4182 693 4258 quia
721 4182 1029 4258 verisimile
1073 4182 1382 4258 videbatur
1415 4182 1543 4237 sub'
1567 4182 1730 4258 initia

93 4253 464 4327 episcopatus
504 4253 764 4327 habita_m
805 4253 1009 4327 _fuisse,
1038 4253 1211 4327 satius
1256 4254 1516 4327 duximus
1559 4256 1727 4325 paulo

92 4323 232 4398 post
256 4323 567 4398 concilium
591 4340 646 4377 IV
689 4323 1029 4398 Parisiense,
1052 4324 1524 4398 Acuijinterfuerat,
1554 4323 1726 4398 collo-

94 4393 254 4461 care,
289 4410 466 4464 quam
500 4393 573 4447 ad
612 4410 830 4447 annum
860 4394 1067 4448 Christi
1104 4396 1224 4461 590,
1255 4396 1408 4464 quod
1439 4396 1730 4450 nonnullis

92 4463 635 4539 placuit,rejic_ere.
663 4464 976 4539 Ajbsurdius
1015 4467 1209 4539 autem
1246 4463 1328 4519 illi
1354 4466 1589 4539 faciunt,
1624 4466 1730 4539 qui

97 4535 258 4592 anno
303 4535 407 4589 614
438 4535 739 4600 collocant,
768 4550 897 4588 cum
926 4536 1281 4605 exploratum
1327 4536 1400 4590 sit
1427 4535 1725 4590 Aunaclia-

95 4609 252 4677 rium
278 4605 453 4677 vitam
484 4605 565 4677 ad
585 4621 653 4677 ea
679 4621 860 4674 usque
878 4610 1146 4677 tempora
1166 4622 1283 4660 non
1303 4607 1655 4677 produxisse.

171 4686 198 4726 ς
226 4675 469 4741 Quidam
510 4675 641 4729 libri
669 4677 869 4737 vecola,
902 4676 998 4729 alii
1040 4678 1259 4738 vwcola,
1283 4675 1382 4732 aut
1417 4680 1612 4739 vecolo,
1643 4678 1724 4731 le-

98 4753 266 4820 gunt.
280 4745 471 4800 Lectio
490 4751 687 4820 nostra
701 4750 993 4820 auctorem
1011 4747 1728 4820 habetisanctumiEligium

98 4816 156 4875 in
190 4833 457 4872 sermone
483 4816 557 4871 ad
578 4832 815 4871 omnem
845 4817 1103 4889 plebem:
1127 4819 1348 4873 «Nemo
1380 4818 1438 4871 in
1458 4816 1729 4872 Kalendis

1826 4043 2081 4098 Januarii
2101 4042 2354 4097 nefanda
2373 4044 2430 4098 et
2454 4042 2780 4109 ridiculosa,
2805 4043 3023 4098 vetulas
3053 4046 3152 4098 aut
3175 4043 3448 4110 cervolos,

1829 4115 1914 4168 vel
1937 4113 2176 4183 jocticos
2206 4114 2396 4169 faciat.
2420 4135 2447 4163 ››
2493 4114 2685 4169 Exstat
2710 4114 2802 4168 hic
2825 4130 3015 4185 sermo
3042 4113 3101 4168 in
3130 4113 3445 4185 appendice

1826 4185 1971 4238 tomi
2018 4201 2072 4239 1x
2124 4201 2365 4255 operum
2407 4185 2588 4239 sancti
2630 4184 2954 4255 Augustini,
3000 4184 3292 4252 tractIQO,
3327 4184 3451 4255 sine

1830 4254 2065 4309 nomine
2119 4254 2398 4320 auctoris;
2432 4272 2631 4309 revera
2666 4254 2861 4310 autem
2916 4258 3002 4309 est
3051 4256 3232 4310 sancti
3282 4254 3449 4325 Eligii

1830 4325 2079 4395 episcopi
2126 4326 2521 4380 Noviomensis
2558 4332 2821 4381 veterum
2869 4326 3278 4395 exemplarium
3314 4340 3450 4395 con-

1829 4394 2037 4462 sensu,’
2065 4399 2123 4449 et
2150 4397 2412 4451 Audoeni
2441 4396 2771 4451 testimonio
2806 4397 2866 4450 in
2890 4396 3016 4450 Vita
3036 4394 3222 4450 sancti
3260 4394 3447 4464 Eligii.

1828 4466 1984 4519 Hanc
2011 4472 2201 4520 autem
2228 4468 2534 4521 lectionem
2561 4466 2880 4532 conﬁrmat,
2909 4465 3191 4535 simulque
3219 4465 3356 4535 quid
3380 4464 3453 4535 sit

1828 4537 2017 4590 vetula
2044 4540 2141 4590 aut
2159 4537 2385 4591 cervolo
2411 4537 2600 4590 facere
2623 4536 2790 4591 docet
2804 4540 2963 4590 vetus
2982 4533 3370 4605 poenitentiale
3382 4533 3450 4605 in

1827 4606 2032 4662 Codice
2074 4606 2497 4676 Andegavensi.
2535 4628 2563 4654 «
2594 4606 2653 4661 Si
2679 4606 2824 4676 quis,
2862 4603 3068 4676 inquit,
3096 4606 3166 4676 in,
3185 4603 3451 4676 Kalendis

1826 4676 2108 4732 Ianuariis
2128 4677 2187 4729 in
2224 4674 2450 4731 servulo
2481 4681 2537 4730 et
2562 4676 2621 4729 in
2650 4674 2838 4731 vetula
2864 4674 3050 4742 vadet,
3078 4675 3258 4729 tribus
3287 4674 3453 4729 annis

1826 4746 2122 4817 pmniteat,
2149 4747 2284 4817 quia
2305 4748 2413 4801 hoc
2425 4747 2755 4818 daemonum
2781 4750 2883 4801 est.
2898 4768 2925 4796 »
2948 4746 3261 4818 Utrobique
3276 4760 3451 4818 porro

1826 4819 2008 4871 vetula
2034 4817 2220 4887 prisco
2240 4834 2402 4873 more
2432 4817 2707 4889 scriptum
2736 4834 2842 4889 pro
2871 4818 3062 4872 vitula.

1390 4916 1589 4971 NOTAE
1629 4916 1946 4972 SEVERINI
1985 4916 2166 4971 BlNII.

171 5017 196 5046 ι
223 5004 309 5059 Ad
338 5004 777 5058 ecclesiasticam
826 5002 1185 5074 disciplinam
1232 5021 1337 5060 nec
1377 5023 1495 5060 non
1525 5022 1725 5061 mona-

101 5078 305 5133 sticam
354 5075 781 5130 observantiam
821 5074 1208 5143 retinendam,
1244 5076 1303 5130 in
1332 5077 1440 5132 hoc
1488 5077 1727 5131 concilio

100 5145 308 5205 sanciti
332 5147 704 5226 reperiuntur
726 5145 1110 5226 quadraginta
1158 5147 1411 5226 quinque
1443 5164 1724 5226 canones;

101 5232 349 5292 quorum
368 5217 631 5292 nonnulli
645 5216 764 5292 etsi
788 5216 847 5270 in
876 5232 977 5269 usu
1009 5232 1130 5269 esse
1162 5216 1467 5292 desierint,
1485 5218 1730 5292 antiqui-

101 5235 349 5292 quorum
368 5235 629 5272 nonnum
656 5235 764 5270 BLSI
788 5235 847 5270 in
876 5235 977 5269 usu
1009 5235 1130 5269 esse
1162 5235 1455 5284 aesrermt,
1485 5235 1730 5343 antiqui-

100 5290 238 5346 tatis
287 5290 484 5341 tamen
535 5286 755 5341 indices
803 5290 1229 5341 remanserunt.
1259 5288 1575 5343 Concilium
1644 5289 1730 5343 uit

102 5376 223 5416 non
268 5356 634 5428 provinciale,
694 5357 795 5412 sed
853 5356 1235 5428 dioecesanum
1283 5359 1594 5425 duntaxat,
1635 5359 1728 5413 cui

104 5432 258 5487 solus
271 5427 675 5483 ’Aunacharius
691 5498 703 5500 _
719 5427 978 5500 ejusdem
997 5428 1243 5500 Acivitatis
1269 5430 1566 5500 episcopus
1597 5446 1727 5485 cum

103 5500 403 5558 abbatibus
457 5503 515 5554 et
555 5498 903 5571 presbyteris
954 5498 1215 5571 ejusdem
1274 5498 1531 5571 dioecesis
1580 5517 1724 5571 prea-

104 5574 231 5628 fuit.
275 5571 441 5625 Plura
487 5568 576 5623 ex'
592 5569 681 5637 iis,
699 5568 837 5640 quae
873 5568 936 5640 in
973 5568 1369 5625 Matisconensi
1411 5587 1450 5626 ιι
1489 5568 1726 5626 concilio

104 5645 314 5699 statuta
341 5641 591 5707 fuerant,
620 5639 825 5711 cuique
844 5710 848 5711 ί
867 5639 987 5711 ipse
1025 5640 1419 5711 Aunacharius
1448 5640 1725 5710 interfuit,

107 5720 166 5771 et
192 5714 344 5784 sexto
380 5712 506 5767 loco
552 5710 905 5782 subscripsit,
939 5710 1155 5782 pariter
1191 5711 1284 5766 hic
1321 5711 1567 5784 repetita
1605 5728 1727 5768 esse

106 5782 485 5841 reperiuntur.

240 5851 719 5921 Antissiodorum,
773 5851 959 5927 inquit
988 5851 1251 5923 Ortelius,
1286 5874 1314 5903 «
1344 5852 1496 5909 urbis
1543 5856 1627 5910 est
1668 5854 1727 5911 in

1830 5005 2351 5076 Burgundionibus,
2378 5004 2531 5070 vino,
2556 5004 2710 5076 quod
2731 5003 2866 5058 inde
2889 5000 3453 5076 njomen_h_abet,pl_u-

1828 5072 2038 5130 rimum
2066 5076 2385 5131 nobilitata.
2416 5072 2592 5130 Hodie
2620 5078 2865 5131 Aumerre
2877 5074 3081 5129 dicitur
3101 5073 3237 5144 [Hoc
3257 5072 3452 5144 certis-

1829 5145 2069 5219 ειὶιιιιιιιι]Δ
2088 5147 2403 5219 secundum
2442 5146 2744 5219 quosdam.
2774 5166 2802 5194 ››
2826 5146 2936 5219 _Ita
2972 5142 3287 5219 Hortalius;
3328 5142 3453 5197 aliis

1829 5220 1915 5270 est
1970 5214 2164 5271 civitas
2220 5215 2410 5272 Galliae
2458 5214 2869 5286 Lugdunensis
2908 5215 3072 5286 juxta
3126 5214 3456 5286 Sequanam

1830 5286 2169 5359 [Icaunam],
2186 5287 2312 5353 sita,
2346 5303 2479 5359 quae
2499 5303 2533 5340 a
2557 5284 2866 5359 Ptolemaao
2891 5284 3188 5359 Autricum
3216 5284 3448 5339 dicitur:

1828 5356 2095 5412 meminit
2118 5356 2245 5428 ejus
2270 5356 2595 5412 Antoninus
2620 5357 2679 5411 in
2714 5357 3029 5412 ltinerario.

1896 5511 1919 5539 α
1942 5500 2119 5571 Paulo
2138 5502 2267 5571 post
2287 5500 2593 5556 concilium
2606 5500 3021 5556 Matisconense
3048 5515 3088 5555 II
3114 5499 3264 5554 hanc
3288 5512 3456 5571 syno-

1827 5570 1965 5643 dum
1992 5569 2261 5643 habitam
2278 5572 2448 5626 fuisse
2480 5572 2588 5627 hoc
2608 5572 2819 5628 indicio
2841 5572 3147 5643 colligitur,
3165 5569 3449 5643 quod'Au-

1827 5639 2383 5716 nacharius'utrique
2397 5642 2757 5716 interfuerit,
2790 5639 3029 5716 quaeque
3054 5641 3152 5716 illo
3182 5639 3446 5716 Matisco-

1830 5712 1995 5766 nensi
2013 5728 2052 5767 ιι
2077 5710 2369 5769 communi
2396 5714 2629 5770 Patrum
2650 5710 3176 5770 consensu—sancite
3198 5710 3444 5773 fuerant,

1826 5783 1933 5838 hac
1950 5783 2169 5855 synodo
2210 5784 2533 5842 dicecesana
2564 5786 2680 5842 suis
2700 5785 2939 5843 subditis
2969 5779 3334 5840 intimaverit.
