4022 6400
132 387 244 441 765

126 589 234 640 aut
262 583 328 640 in
347 584 582 640 ecclesia
609 585 749 640 dum
774 585 960 640 missae
989 585 1257 640 dicuntur
1281 588 1447 638 stare.

909 679 1012 733 XX.

202 771 369 834 Quod
399 770 444 826 si
471 773 787 843 presbyter,
819 771 973 842 quod
994 770 1148 826 nefas
1166 774 1250 826 est
1275 769 1480 838 dicere,
1530 772 1630 823 aut
1655 767 1776 822 dia-

125 879 337 931 conus,
369 869 469 919 aut
509 863 904 934 subdiaconus,
944 869 1071 934 post
1106 867 1392 934 acceptam
1427 860 1775 916 benedictio-

129 972 300 1026 nem,
330 957 575 1012 infantes
594 957 992 1028 procreaverit,
1013 961 1110 1011 aut
1121 956 1459 1011 adulterium
1481 952 1774 1009 commise—

1659 384 1977 439 CANONES.

130 495 266 564 post
293 495 597 562 acceptum
626 477 817 547 cibum
853 492 940 546 vel
973 491 1240 563 poculum
1274 490 1471 544 missas
1514 491 1772 560 tractare,
1797 499 1856 574 Α

3399 383 3499 439 766

2572 490 2784 548 XXXIV.

1946 586 2066 640 Non
2086 585 2216 641 licet
2239 587 2568 657 presbytero
2592 585 2652 640 in
2673 583 2889 656 judicio
2918 582 3013 638 illo
3033 585 3203 650 stare,
3221 582 3369 638 unde
3390 582 3496 638 ho-

1878 695 1972 734 mo
2002 679 2074 734 ad
2103 683 2345 734 mortem
2368 679 2641 734 tradatur.

2591 771 2786 826 XXXV.

1947 866 2067 920 Non
2110 865 2242 921 licet
2269 867 2614 937 presbytero,
2655 868 2756 920 aut
2801 863 3054 932 diacono,
3091 863 3179 918 vel
3230 863 3498 934 cuiquam

1877 957 2230 1026 clericorum,
2256 958 2326 1012 de
2351 957 2598 1029 qualibet
2635 973 2798 1010 causa
2821 955 3196 1012 conclericum
3220 971 3385 1010 suum
3421 955 3494 1010 ad

129 1049 235 1116 rit,
263 1054 324 1104 et
353 1049 810 1120 archipresbyter
835 1050 943 1104 hoc
971 1049 1230 1120 episcopo
1259 1052 1359 1104 aut
1385 1047 1776 1102 archidiacono
1869 1051 2120 1121 judicem
2149 1052 2473 1106 saecularem
2498 1049 2742 1105 trahere.

132 1158 260 1196 non
279 1141 600 1198 innotuerit
628 1143 676 1196 si
706 1143 826 1212 scit,
864 1143 1089 1214 integro
1121 1157 1272 1196 anno
1309 1157 1424 1196 non
1457 1139 1775 1195 communi-

131 1239 251 1302 cet,
280 1235 368 1290 illi
399 1251 526 1291 vero
556 1236 658 1307 qui
687 1235 794 1290 hoc
821 1235 1212 1290 commiserint
1235 1235 1606 1306 deponantur.

899 1329 1026 1383 XXI.

211 1422 340 1475 Non
368 1421 500 1476 licet
513 1421 1285 1492 presbytero,postacceptam
1305 1418 1772 1484 benedictionem,

130 1515 199 1568 in
224 1529 346 1568 uno
360 1516 511 1568 tecto
523 1530 655 1568 cum
681 1515 1008 1586 presbytera
1033 1529 1133 1568 sua
1151 1513 1416 1581 dormire,
1441 1527 1546 1566 nec
1573 1510 1632 1565 in
1651 1526 1778 1581 pec-

129 1610 267 1662 cato
299 1607 513 1662 carnali
543 1606 788 1676 misceri,
818 1623 922 1662 nec
958 1606 1213 1674 diacono,
1270 1608 1371 1660 aut
1411 1603 1772 1660 subdiacono.

886 1700 1036 1754 XXII.

213 1794 342 1848 Non
365 1793 496 1848 licet
522 1792 735 1848 relictae
763 1791 1096 1864 presbyteri,
1131 1807 1237 1846 nec
1280 1791 1491 1845 relictas
1529 1789 1772 1858 diaconi,

2558 1144 2768 1198 XXXVI.

1947 1239 2068 1292 Non
2092 1237 2226 1292 licet
2247 1237 2472 1293 mulieri
2497 1237 2651 1292 nuda
2687 1252 2862 1292 manu
2900 1233 3302 1290 Eucharistiam
3346 1235 3494 1289 acci-

1878 1347 2032 1402 pere.

2564 1425 2807 1479 XXXVII.

1945 1518 2069 1572 Non
2097 1517 2225 1572 licet
2247 1517 2470 1573 mulieri
2498 1533 2734 1572 manum
2754 1532 2916 1572 suam
2954 1516 3022 1570 ad
3064 1516 3273 1588 pallam
3311 1513 3492 1569 domi-

1873 1611 2059 1666 nicam
2085 1611 2334 1666 mittere.

2551 1705 2821 1760 XXXVIII.

1943 1797 2064 1850 Non
2091 1795 2222 1851 licet
2249 1813 2380 1850 cum
2405 1797 2892 1852 excommunicato
2919 1796 3360 1864 communicare,
3388 1810 3494 1850 nec

132 1903 248 1944 nec
276 1886 627 1956 subdiaconi,
656 1889 784 1957 post
803 1886 924 1956 ejus
945 1889 1190 1940 mortem
1218 1885 1486 1939 maritum
1504 1884 1772 1954 accipere.
1796 1855 1852 1927 Β
1876 1905 2008 1944 cum
2039 1904 2104 1944 eo
2129 1889 2318 1944 cibum
2344 1905 2587 1944 sumere.

882 1979 1055 2033 XXIII.

215 2074 276 2130 Si
325 2072 640 2128 monachus
666 2073 725 2126 in
749 2071 1090 2126 monasterio
1115 2069 1456 2126 adulterium
1489 2069 1779 2124 commise-

129 2167 235 2234 rit,
271 2170 374 2221 aut
397 2165 680 2238 peculiare
703 2165 912 2220 habere
933 2162 1380 2234 praesumpserit,
1413 2167 1512 2217 aut
1559 2162 1776 2216 furtum

129 2259 360 2327 fecerit,
403 2263 460 2314 et
492 2260 598 2314 hoc
643 2258 812 2312 abbas
852 2273 956 2328 per
995 2273 1052 2311 se
1080 2273 1197 2310 non
1235 2254 1630 2324 emendaverit,
1680 2257 1778 2308 aut

129 2352 428 2423 episc0po,
455 2354 555 2405 aut
577 2349 968 2405 archidiacono
999 2365 1117 2403 non
1143 2347 1476 2417 innotuerit,
1505 2347 1576 2400 ad
1603 2346 1776 2417 poeni-

131 2445 385 2500 tentiam
413 2443 696 2516 agendam
731 2442 790 2497 in
815 2443 926 2497 alio
953 2441 1288 2497 monasterio
1314 2440 1657 2496 retrudatur.

875 2536 1049 2590 XXIV.

210 2631 336 2685 Non
363 2629 494 2684 licet
516 2628 726 2694 abbati,
754 2644 858 2682 nec
886 2628 1182 2694 monacho,
1209 2627 1278 2681 ad
1305 2625 1534 2698 nuptias
1574 2623 1772 2679 ambu-

127 2725 261 2780 lare
292 2721 391 2794 (De
411 2737 638 2785 consec.,
662 2722 790 2776 dist.
823 2721 898 2791 4).

897 2814 1045 2868 XXV.

207 2911 337 2964 Non
383 2909 517 2964 licet
561 2907 750 2962 abbati
779 2907 924 2962 ﬁlios
974 2905 1045 2962 de
1085 2905 1364 2978 baptismo
1414 2903 1644 2970 habere,
1667 2917 1772 2958 nec

125 3001 435 3060 monachis
461 3002 800 3058 commatres
827 2999 1058 3055 habere.

875 3093 1048 3147 XXVI.

205 3189 374 3254 Quod
400 3187 446 3242 si
470 3187 598 3260 quis
617 3186 789 3242 abbas
803 3185 1106 3240 mulierem
1129 3183 1186 3237 in
1206 3179 1546 3236 monasterio
1572 3195 1672 3234 suo
1691 3179 1776 3233 in-
1795 3209 1851 3282 Ο

128 3282 306 3354 gredi
343 3280 686 3354 permiserit,
713 3283 811 3334 aut
833 3277 1158 3332 festivitates
1187 3275 1402 3346 aliquas
1432 3273 1509 3328 ibi
1529 3277 1777 3342 spectare

131 3373 515 3450 [exspectare]
546 3371 900 3444 praeceperit,
927 3370 1107 3424 tribus
1131 3367 1418 3422 mensibus
1443 3367 1504 3420 in
1531 3365 1638 3420 alio
1652 3381 1776 3419 mo-

124 3467 390 3524 nasterio
409 3465 755 3534 retrudatur,
787 3479 934 3536 pane
959 3467 1016 3516 et
1041 3477 1188 3533 aqua
1211 3464 1526 3516 contentus.

563 3557 572 3566 ’
855 3557 1057 3611 XXVII.

209 3655 340 3710 Non
351 3653 485 3708 licet
497 3654 564 3706 ut
576 3649 779 3722 aliquis
792 3665 952 3704 suam
963 3663 1262 3702 novercam
1273 3644 1507 3716 accipiat
1517 3659 1753 3698 uxorem
1761 3684 1773 3698 .

847 3741 1067 3796 XXVIII.

207 3840 336 3895 Non
359 3837 491 3893 licet
512 3841 578 3892 ut
604 3835 782 3890 ﬁliam
811 3834 1002 3888 uxoris
1032 3848 1148 3888 suae
1167 3831 1294 3904 quis
1319 3829 1572 3900 accipiat.

869 3927 1035 3980 XXIX.

208 4025 338 4080 Non
367 4022 501 4077 licet
524 4024 587 4076 ut
609 4019 868 4074 relictam
891 4017 1084 4072 fratris
1111 4015 1196 4070 sui
1227 4015 1354 4086 quis
1377 4013 1436 4068 in
1474 4012 1772 4068 matrimo-

123 4120 306 4174 nium
331 4115 516 4170 ducat.

893 4204 1040 4258 XXX.

205 4304 338 4358 Non
365 4300 496 4356 licet
519 4299 658 4354 duas
683 4312 922 4366 sorores,
955 4296 1001 4350 si
1031 4310 1140 4350 una
1165 4297 1391 4348 mortua
1412 4291 1604 4359 fuerit,
1643 4291 1776 4346 alte-

121 4413 264 4454 ram
297 4395 358 4450 in
389 4391 722 4464 conjugium
747 4389 1020 4460 accipere.
1101 4393 1106 4402 '

873 4481 1041 4537 XXXI.

2573 1983 2798 2037 XXXIX.

1948 2073 2008 2128 Si
2037 2074 2160 2145 quis
2204 2074 2516 2146 presbyter,
2557 2077 2656 2128 aut
2699 2073 2936 2146 quilibet
2983 2073 3052 2128 de
3101 2073 3272 2140 clero,
3304 2076 3402 2126 aut
3426 2073 3496 2126 de

1875 2167 2108 2238 pOpulo,
2140 2167 2688 2222 excommunicatum
2730 2167 2940 2238 absque
2969 2166 3253 2220 voluntate
3295 2164 3491 2235 ipsius,

1876 2259 1974 2330 qui
1999 2275 2131 2314 eum
2157 2259 2684 2328 excommunicavit,
2709 2259 2888 2314 sciens
2915 2259 3208 2330 receperit,
3238 2261 3336 2312 aut
3363 2273 3495 2311 cum

1875 2351 1971 2406 illo
2016 2369 2222 2434 panem
2272 2352 2713 2422 manducaverit,
2746 2353 2831 2406 vel
2885 2351 3231 2422 colloquium
3284 2350 3493 2405 habere

1875 2444 2200 2515 decreverit,
2231 2445 2400 2500 simili
2425 2445 2716 2500 sententia:
2741 2443 3066 2515 subjacebit.

2629 2537 2732 2592 XL.

1945 2625 2067 2685 Non
2120 2631 2251 2686 licet
2288 2630 2612 2702 presbytero
2653 2629 2801 2684 inter
2859 2629 3050 2700 epulas
3113 2631 3336 2682 cantare
3401 2625 3492 2680 vel

1875 2725 2094 2780 saltare.
2862 2704 2868 2710 ’

2621 2817 2752 2872 XLI.

1947 2911 2068 2964 Non
2095 2909 2224 2964 licet
2251 2909 2596 2980 presbytero,
2623 2925 2730 2964 nec
2754 2909 3012 2974 diacono,
3031 2921 3378 2978 quemquam
3404 2902 3490 2956 in-

1875 3001 2146 3070 scribere;
2198 3001 2294 3056 sed
2334 3002 2394 3056 in
2434 3001 2554 3057 vice
2597 3019 2697 3057 sua
2739 3003 2787 3057 si
2831 3017 3058 3056 causam
3091 2996 3370 3066 habuerit,
3399 2999 3496 3050 aut

1872 3094 2128 3164 fratrem,
2154 3099 2254 3150 aut
2271 3110 2666 3166 quemcunque
2694 3094 3022 3150 saecularem
3049 3097 3250 3163 roget..

2605 3189 2760 3243 XLII.

1947 3279 2014 3332 Et
2036 3294 2388 3350 unaquaeque
2413 3279 2639 3348 mulier,
2681 3279 2907 3351 quando
2949 3275 3346 3341 communicat,
3390 3273 3491 3328 do-

1877 3369 2200 3425 minicalem
2243 3369 2398 3440 (Can.
2439 3371 2525 3441 42)
2574 3387 2741 3424 suum
2777 3369 2985 3424 habeat
3001 3369 3048 3424 ⁸.
3080 3361 3248 3432 ~Quod
3294 3365 3341 3420 si
3383 3381 3496 3436 qua

1875 3477 1990 3516 non
2014 3461 2296 3532 habuerit,
2319 3479 2498 3534 usque
2527 3463 2586 3516 in
2609 3463 2788 3517 alium
2817 3461 2970 3516 diem
2995 3459 3346 3514 Dominicum
3379 3473 3494 3511 non

1875 3554 2272 3610 communicet.

2603 3648 2774 3702 XLIII.

1941 3739 2272 3810 Quicunque
2299 3740 2496 3810 judex,
2531 3745 2632 3796 aut
2673 3737 2977 3806 saecularis,
3025 3735 3370 3808 presbytero,
3397 3737 3497 3788 aut

1873 3831 2129 3899 diacono,
2145 3837 2244 3886 aut
2271 3833 2495 3888 cuilicet
2513 3833 2580 3888 de
2607 3834 2778 3901 clero,
2806 3835 2904 3886 aut
2933 3831 3001 3886 de
3021 3828 3342 3900 junioribus
3366 3827 3493 3881 abs-

1875 3941 1985 3994 que
2009 3925 2291 3980 voluntate
2319 3925 2583 3996 episcopi,
2612 3929 2712 3980 aut
2734 3923 3130 3992 archidiaconi,
3179 3922 3266 3976 vel
3307 3919 3493 3974 archi-

1873 4017 2205 4088 presbyteri,
2235 4017 2502 4090 injuriam
2528 4019 2738 4074 inferre
2761 4015 3202 4089 praesumpserit,
3239 4030 3386 4068 anno
3425 4013 3496 4068 ab

1876 4108 2134 4164 omnium
2145 4109 2592 4166 Christianorum
2603 4129 2702 4166 con
2711 4111 2880 4167 sortio
2891 4110 3164 4166 habeatur
3177 4111 3493 4163 extraneas.

2588 4205 2762 4260 XLIV.

1945 4295 2004 4350 Si
2031 4295 2158 4368 quis
2187 4313 2257 4351 ex
2285 4297 2647 4352 saecularibus
2681 4297 3092 4353 institutionem
3117 4299 3216 4350 aut
3237 4293 3494 4350 admoni-

1871 4387 2086 4442 tionem
2111 4389 2581 4461 archipresbyteri
2609 4391 2717 4459 sui,
2749 4389 3105 4444 contumacia
3123 4387 3380 4453 faciente,
3401 4403 3496 4440 au-

1871 4480 1992 4536 dire
2029 4481 2326 4550 distulerit,
2363 4481 2560 4537 tandiu
2609 4499 2642 4536 a
2673 4482 2966 4537 liminibus
3000 4484 3204 4535 sanctae
3251 4479 3496 4534 ecclesiae

209 4584 338 4637 Non
371 4580 505 4635 licet
538 4575 952 4642 consobrinam,
997 4574 1107 4628 hoc
1147 4577 1230 4627 est
1267 4587 1396 4642 quae
1442 4570 1510 4625 de
1553 4567 1849 4639 duobusD
1871 4573 2142 4628 habeatur
2172 4579 2490 4643 extraneus,
2519 4575 2772 4646 quandiu
2799 4578 2915 4628 tam
2941 4573 3226 4628 salubrem
3266 4571 3492 4625 institu-

118 4673 432 4741 fratribus,
487 4676 586 4726 aut
621 4671 690 4724 de
733 4668 951 4724 duabus
993 4665 1278 4720 sororibus
1321 4665 1667 4734 procreatur,
1711 4660 1772 4714 in

121 4765 478 4838 conjugium
515 4763 802 4834 accipere:
841 4776 947 4815 nec
970 4758 1070 4830 qui
1107 4758 1176 4813 de
1207 4756 1343 4828 ipsis
1380 4755 1496 4810 nati
1539 4753 1770 4823 fuerint,

119 4865 190 4918 in
227 4857 499 4931 conjugio
529 4855 831 4912 socientur.

877 4947 1068 5000 XXXII.

203 5049 336 5103 Non
367 5044 498 5100 licet
521 5047 588 5098 ut
613 5056 789 5113 nepos
813 5037 1072 5094 avunculi
1098 5050 1335 5094 uxorem
1367 5032 1617 5104 accipiat.

845 5131 1062 5186 XXXIII.

203 5237 336 5291 Non
364 5231 495 5288 licet
519 5230 870 5302 presbytero,
908 5243 1012 5281 nec
1056 5223 1308 5287 diacono,
1348 5221 1418 5276 ad
1445 5219 1772 5292 trepalium,

120 5330 234 5387 ubi
264 5325 352 5382 rei
380 5325 742 5396 torquentur,
774 5325 939 5376 stare.

1870 4665 2084 4720 tionem
2097 4665 2406 4738 adimplere
2434 4684 2548 4722 non
2567 4667 2865 4722 studuerit.
2885 4668 3114 4737 Insuper
3131 4670 3188 4720 et
3200 4663 3491 4732 muletam,

1871 4774 2042 4830 quam
2072 4758 2501 4830 gloriosissimus
2528 4759 2790 4816 dominus
2828 4776 2928 4814 rex
2965 4761 3242 4830 praecepto
3275 4763 3375 4811 Suo
3403 4755 3491 4809 in-

1872 4850 2072 4919 stituit,
2101 4851 2392 4908 sustineat.

2685 4948 2749 5002 V.

2685 4948 2749 5002 V.

1943 5032 1997 5087 Si
2025 5033 2152 5104 quis
2200 5034 2348 5089 hanc
2393 4948 2800 5104 deﬁnitifilnem,
2847 5052 3019 5108 quam
3059 5050 3127 5090 ex
3169 5031 3496 5088 auctoritate

1873 5125 2142 5180 canonica
2167 5129 2458 5183 communi
2483 5145 2758 5184 consensu
2787 5134 2842 5184 et
2857 5127 3242 5184 convenientia
3259 5125 3498 5181 conscri-

1871 5217 2088 5288 psimus
2114 5235 2180 5274 ac
2200 5220 2568 5290 instituimus,
2602 5226 2718 5276 tam
2745 5223 2814 5277 ad
2841 5223 3074 5290 clerum,
3103 5237 3274 5293 quam
3306 5218 3376 5274 ad
3401 5235 3497 5290 po-

1875 5310 2074 5380 pulum
2103 5315 2598 5386 commonendum,
2630 5316 2716 5371 vel
2747 5315 2820 5370 ad
2849 5315 2906 5371 id
2939 5314 3093 5387 quod
3127 5313 3497 5370 constitutum

1436 5483 1636 5538 ΝΟΤίΕ
1676 5481 1990 5540 SEVERI‘NI
2031 5486 2138 5541 BIN
2145 5488 2205 5542 II.

201 5594 391 5660 'Quid
417 5607 524 5664 per
551 5583 1196 5664 dominicalemjntelligi
1228 5581 1444 5648 debeat,
1487 5579 1674 5664 accipe
1705 5594 1775 5633 ex

119 5649 334 5727 sancto
357 5649 696 5733 Augustino,
726 5658 840 5733 qui_
855 5657 929 5733 de
936 5657 1044 5733 hoc
1063 5649 1183 5726 agit
1195 5666 1457 5733 sermone
1471 5649 1774 5733 centesimo

118 5719 617 5813 quinquagesimo
639 5719 880 5807 secundo
899 5726 967 5780 de
987 5719 1257 5813 tempore,
1279 5721 1372 5813 ubi
1388 5720 1466 5774 ait
1479 5735 1553 5813 :‘u
1567 5719 1774 5774 Omnes

118 5791 264 5874 313’,
287 5791 518 5878 quando
545 5798 957 5878 communicare
984 5791 1324 5878 desiderant,
1339 5791 1526 5878 lavent
1544 5806 1770 5878 manus,

121 5859 423 5939 eli-omnes
452 5871 718 5928 mulieres
743 5867 918 5924 nitida
959 5866 1263 5922 exhibeant
1281 5860 1626 5930 linteamina,
1673 5859 1771 5920 ubi

1873 5597 2076 5654 corpus
2103 5584 2306 5639 Christi
2327 5585 2620 5655 accipiant,
2651 5608 2680 5636 »
2715 5591 2801 5641 etc
2827 5587 2922 5656 (α).

1934 5736 2002 5795 (α)
2036 5734 2219 5800 Errare
2248 5735 2333 5800 hic
2359 5734 2561 5786 videtur
2597 5735 2790 5800 Binius,
2832 5741 2888 5788 ul.
2919 5737 2971 5788 in
2999 5737 3186 5787 nostris
3227 5730 3491 5785 Annotatis

1869 5795 2274 5846 observabimus.
2307 5798 2456 5847 LABB.
