4022 6414
533 366 632 418 767

533 472 618 524 est
641 469 1098 534 conservandum,
1127 467 1422 538 negligens
1449 468 1709 523 inventus
1749 469 1934 536 fuerit,
1983 473 2039 522 et
2075 469 2145 522 ob
2167 483 2226 555 Α

530 561 637 614 hoc
665 561 952 614 observare
981 559 1276 626 distulerit,
1313 564 1411 614 aut
1440 577 1532 614 eos
1575 561 1672 632 qui
1716 562 1902 632 ipsum
1951 561 2146 615 audire

531 651 880 721 neglexerint
901 651 1161 704 celeravit
1178 656 1274 705 aut
1294 653 1684 722 suppresserit,
1723 657 1778 706 et
1801 653 1858 706 in
1885 653 2144 706 notitiam

531 742 775 813 episcopi
797 759 912 796 non
941 743 1278 813 deposuerit,
1326 760 1471 798 anno
1507 761 1539 798 a
1572 745 1847 798 consortio
1883 744 2144 813 fratrum,

529 835 616 888 vel
645 829 714 888 ab
742 835 994 889 omnium
1024 835 1468 892 Christianorum
1509 837 1904 892 communione
1945 837 2147 892 habea-

530 931 625 982 tur
649 933 966 982 extraneus.

1052 1021 1630 1084 SUBSCRIPTIONES.

601 1114 985 1168 Aunacharius
1015 1114 1072 1167 in
1101 1114 1196 1168 Dei
1221 1115 1450 1169 nomine
1479 1114 1769 1185 episcopus
1807 1114 2148 1170 constitutio-

531 1221 662 1261 nem
688 1206 831 1260 hanc
855 1205 1194 1276 [conﬁrmavi
1225 1207 1296 1279 et]
1329 1207 1648 1278 subscripsi.

600 1299 936 1353 Vinobaudis
965 1297 1375 1371 [Winebaudus]
1412 1299 1578 1353 abbas
1599 1299 1898 1370 subscripsi

555 1415 558 1418 ·
601 1390 918 1444 Baudonius
945 1391 1309 1463 [Baudoveus]
1336 1391 1506 1445 abbas
1533 1391 1850 1461 subscripsi.

601 1477 900 1537 Frahcolus
929 1483 1304 1554 [Frannulfus]
1340 1484 1510 1538 abbas
1539 1483 1857 1555 subscripsi.

599 1575 867 1629 Caesarius
893 1576 1060 1630 abbas
1088 1577 1407 1647 subscripsi.

599 1667 951 1722 Desideratus
982 1669 1150 1722 abbas
1179 1670 1498 1740 subscripsi.

601 1761 885 1814 Amandus
904 1761 1072 1814 abbas
1105 1762 1426 1833 subscripsi.

601 1852 884 1922 Tegredus
909 1852 1078 1906 abbas
1106 1853 1426 1924 subscripsi.

600 1944 839 2015 Vigilius
863 1945 1154 2015 presbyter
1183 1946 1506 2016 subscripsi.

601 2040 902 2109 Gregorius
931 2041 1222 2111 presbyter
1247 2041 1448 2113 [abbas]
1482 2042 1798 2114 subscripsi.

601 2133 863 2188 Claudius
891 2133 1184 2203 presbyter
1213 2134 1531 2204 subscripsi.

604 2225 850 2278 Anianus
883 2223 1153 2297 [Ananias]
1193 2226 1483 2296 presbyter
1509 2225 1828 2298 subscripsi.

605 2316 930 2386 Saupandus
953 2317 1245 2388 presbyter
1268 2319 1588 2388 subscripsi.

599 2408 937 2462 Theodulfus
969 2410 1263 2480 presbyter
1287 2410 1607 2481 subscripsi.

599 2500 858 2554 Ruricius
883 2501 1174 2571 presbyter
1199 2503 1520 2572 subscripsi.

601 2592 900 2646 Niobaudis
926 2593 1216 2663 presbyter
1245 2594 1563 2664 subscripsi.

601 2685 874 2738 Antonius
898 2685 1185 2755 presbyter
1210 2686 1529 2755 subscripsi.

602 2777 873 2831 Sevardus
901 2778 1194 2846 presbyter
1221 2778 1544 2848 subscripsi.

601 2868 756 2921 Addo
781 2868 1072 2938 presbyter
1094 2869 1412 2938 subscripsi.

600 2959 882 3014 Sindulfus
911 2961 1202 3032 presbyter
1233 2961 1558 3031 subscripsi.

1274 361 1504 416 SANCTI
1541 362 1836 427 AUNARII,
1877 361 2499 418 ANTISSIODORENSIS
2537 365 2854 432 EPISCOPI,
2895 365 3101 420 EPIST.

3821 361 3936 416 768

2315 472 2592 526 Audovius
2619 472 2954 542 [Audoveus]
2981 471 3274 543 presbyter
3295 469 3640 544 subscripsi.

2315 564 2602 617 Medardus
2629 565 2920 634 presbyter
2947 563 3273 635 subscripsi.

2316 655 2612 709 Badcricus
2641 657 2934 726 presbyter
2959 657 3283 726 subscripsi.

2313 747 2575 817 Syagrius
2595 749 2887 818 presbyter
2917 749 3240 818 subscripsi.

2316 839 2639 894 Friobaudis
2667 841 2964 912 presbyter
2987 841 3311 912 subscripsi.

2315 932 2583 986 Eominus
2609 933 2901 1003 presbyter
2925 933 3248 1004 subscripsi.

2315 1025 2559 1080 Elladius
2587 1026 2882 1096 presbyter
2907 1026 3230 1096 subscripsi.
3443 1073 3456 1088 ,

2315 1117 2742 1172 Theodemodus
2773 1119 3070 1189 presbyter
3096 1117 3425 1189 subscripsi.

2319 1209 2629 1264 Lauuovius
2658 1210 2948 1281 presbyter
2972 1210 3298 1281 subscripsi.

2316 1301 2598 1355 Leonastis
2621 1302 2914 1372 presbyter
2943 1301 3270 1373 subscripsi.

2316 1394 2610 1448 Medardus
2639 1395 2930 1465 presbyter
2955 1393 3260 1466 subscripsi
3281 1410 3388 1466 per
3415 1393 3754 1450 diaconum
3787 1393 3942 1450 Leu-

2247 1486 2565 1556 de'gisilum.

2318 1579 2528 1632 Eunius
2558 1579 2850 1650 presbyter
2873 1579 3196 1650 subscripsi.

2317 1671 2604 1724 Filmatius
2631 1671 2927 1742 presbyter
2951 1671 3278 1742 subscripsi.

2319 1763 2640 1818 Nonnovius
2668 1765 2960 1834 presbyter
2985 1764 3312 1835 subscripsi.

2319 1856 2641 1910 Ballomeris
2670 1857 2965 1928 presbyter
2988 1857 3314 1928 subscripsi.

2315 1949 2714 2003 Romacharius
2739 1950 3033 2020 presbyter
3057 1949 3388 2020 subscripsi.

2315 2041 2608 2096 Medardus
2632 2041 2925 2112 presbyter
2949 2042 3272 2113 subscripsi.

2322 2133 2516 2186 Audila
2537 2134 2838 2204 presbyter.
2851 2133 3175 2206 subscripsi.

2320 2225 2588 2280 Genulfus
2616 2226 2911 2296 presbyter
2937 2227 3263 2298 subscripsi.

2319 2317 2580 2387 Syagrius
2609 2318 2902 2388 presbyter
2927 2319 3252 2390 subscripsi.

2320 2409 2608 2464 Sindulfus
2633 2411 2928 2481 presbyter
2953 2412 3278 2483 subscripsi.

2318 2502 2653 2557 Vinobaudis
2682 2505 2977 2574 presbyter
2999 2505 3350 2576 subscripsi;

2319 2595 2579 2648 Barbario
2607 2595 2872 2650 diaconus
2903 2597 3230 2668 subscripsi.

2319 2687 2703 2758 Leudegisilus
2732 2689 2997 2744 diaconus
3023 2707 3126 2761 pro
3155 2691 3423 2746 Medardo
3445 2692 3816 2766 subscripsi.

2319 2781 2380 2834 In
2411 2780 2510 2832 hac
2537 2782 2742 2847 synodo
2767 2784 2994 2848 fuerunt
3038 2786 3355 2850 congregati
3403 2787 3722 2857 episcopus
3767 2805 3948 2854 unus,

2247 2871 2465 2925 abbates
2487 2877 2702 2940 septem,
2725 2875 3028 2942 presbyteri
3069 2877 3302 2943 triginta
3345 2883 3624 2946 quatuor,
3679 2882 3948 2946 diaconi,

2247 2966 2344 3032 qui
2369 2966 2428 3017 in
2453 2966 2564 3018 vice
2583 2967 3504 3038 presbyterorumsubscripserunt,
3531 2977 3654 3028 tres
3681 2979 3946 3032 tantum.

529 3123 3944 3176 Β

532 3165 3944 3196 Ἦ

1239 3297 1520 3364 SANCTI
1561 3301 1915 3378 AUNARII,
1964 3302 2710 3371 AUTISSIODORENSIS
2754 3307 3148 3385 EPISCOPI,

689 3460 1469 3571 EPISTOLA
1565 3464 1767 3570 AD
1863 3464 2851 3576 STEPHANUM
2941 3470 3774 3588 ABBAT-EM

1611 3652 1748 3731 (Ea:
1791 3653 2119 3731 Bolland.,
2159 3656 2382 3735 prima
2425 3655 2529 3719 die
2571 3655 2792 3732 Maii.)

1209 3814 1369 3859 HUNC
1415 3814 1748 3860 HORTATUR
1791 3818 1868 3862 UT
1910 3817 2108 3862 VITAM
2151 3817 2370 3862 SANCTI
2413 3819 2724 3864 AMATORIS
2769 3820 3172 3867 CONSCRIBAT.

599 4055 969 4109 Dilectissimo
1007 4061 1176 4127 atque
1219 4059 1600 4113 amantissimo
1644 4065 1699 4114 et
1741 4061 1960 4114 interno
2003 4061 2223 4148 mihiC

525 4147 748 4200 vinculo
773 4149 1058 4202 charitatis
1084 4165 1336 4204 conuexo
1365 4152 1645 4222 Stephano
1675 4154 2020 4223 presbytero,
2041 4157 2149 4208 Au-

527 4243 718 4296 narius
744 4245 921 4314 gratia
949 4245 1042 4299 Dei
1073 4247 1383 4319 episcopus,
1417 4248 1476 4302 in
1509 4248 1747 4303 Domino
1775 4253 2046 4304 aeternam
2067 4267 2147 4305 sa-

527 4336 728 4390 lutem.

597 4430 728 4482 Tua:
753 4430 912 4484 nobis
941 4431 1207 4486 doctrinae
1228 4433 1418 4486 multis
1425 4433 1549 4503 jam
1579 4434 1978 4505 experimentis
2003 4451 2149 4489 com-

527 4522 758 4592 probata
807 4523 1108 4593 prudentia
1169 4526 1440 4596 compulit
1500 4543 1620 4596 nos,
1678 4528 1984 4598 quamdam
2038 4529 2150 4582 tuis

525 4615 775 4668 humeris
815 4615 1180 4686 imperiosam
1217 4635 1594 4690 superponere
1634 4619 2010 4688 sarcinulam;
2052 4621 2150 4675 sed

525 4723 650 4761 eam
675 4724 797 4778 qum
819 4708 918 4762 tibi
947 4726 1058 4762 non
1101 4711 1172 4764 sit
1197 4712 1402 4778 oneris,
1432 4712 1526 4766 sed
1568 4713 1836 4780 honoris;
1881 4729 1985 4767 nec
2024 4729 2150 4783 quas

529 4799 794 4854 deorsum
825 4801 1024 4872 iniquo
1071 4803 1318 4872 pondere
1367 4811 1605 4873 premat,
1659 4806 1754 4858 sed
1801 4821 1925 4874 quae
1963 4806 2150 4874 potius

526 4888 730 4942 coelum
753 4905 930 4960 usque
952 4891 1224 4945 sustollat.
1247 4891 1548 4962 Cognitum
1577 4892 1680 4947 tibi
1701 4896 1800 4960 est,
1823 4892 2148 4948 charissime

527 4979 716 5049 frater,
747 4985 803 5035 et
833 4998 960 5052 qua:
991 4983 1062 5036 sit
1102 4983 1484 5038 humanarum
1527 4984 1808 5039 mentium
1840 4985 2148 5052 diversitas,

530 5077 584 5126 et
631 5075 1110 5142 quemadmodum
1151 5077 1208 5130 in
1270 5077 1453 5130 studia
1498 5077 1774 5131 contraria
1813 5093 1928 5131 non
1969 5078 2152 5132 solum

531 5163 700 5218 inane
725 5165 946 5235 vulgus,
979 5184 1174 5223 verum
1201 5169 1372 5223 etiam
1397 5169 1654 5224 universa
1682 5170 1969 5224 scindatur
1987 5171 2148 5225 nobi-

532 5255 684 5310 litas.
711 5258 776 5311 Et
804 5259 1034 5328 quidam
1061 5261 1286 5332 quidem
1317 5263 1570 5333 prosaico
1609 5262 1960 5318 obiectantur
1985 5265 2147 5333 stylo,

2247 4063 2478 4132 quidam
2501 4067 2691 4118 autem
2721 4066 2979 4120 numeris
3021 4082 3079 4122 se
3123 4067 3494 4138 rhythmisve
3531 4089 3608 4127 ac
3658 4080 3952 4136 cantibus

2247 4171 2510 4210 versuum
2541 4157 2803 4211 delectari
2831 4157 3098 4213 fatentur.
3131 4161 3301 4230 Ergo,
3347 4167 3416 4216 ut
3457 4167 3768 4224 omnium
3805 4175 3952 4226 votis

2247 4264 2620 4317 occurrerem,
2673 4255 2729 4303 et
2783 4251 2974 4305 nullus
3039 4268 3142 4306 suo
3191 4253 3482 4310 desiderio
3513 4257 3950 4336 fraudaretur,

2247 4339 2454 4409 placuit
2495 4340 2638 4394 mihi
2687 4347 2751 4396 ut
2801 4343 2941 4397 vitas
2989 4343 3458 4401 beatissimorum
3509 4353 3953 4413 confessorum

2247 4433 2519 4502 quasdam
2557 4434 2698 4503 pede
2739 4434 2915 4489 libero
2972 4437 3362 4508 describeres,
3423 4446 3754 4511 quasdam
3815 4469 3952 4507 vero

2247 4525 2370 4594 lege
2405 4525 2638 4578 metrica
2675 4526 2972 4596 impeditas
3019 4529 3352 4600 digereres:
3415 4534 3492 4588 ob
3551 4554 3766 4608 quam
3829 4562 3954 4599 rem

2249 4617 2476 4671 obsecro
2507 4618 2722 4672 unitam
2750 4620 2896 4674 mihi
2939 4625 3054 4674 tuae
3103 4622 3424 4680 dilectionis
3473 4631 3861 4706 amicitiam,
3901 4645 3962 4692 ut

2247 4709 2556 4764 beatissimi
2583 4711 2842 4766 Germani
2871 4713 3119 4784 episcopi
3143 4717 3322 4770 vitam
3351 4718 3416 4772 in
3463 4737 3786 4784 versuum
3821 4749 3960 4802 qua-

2247 4801 2484 4870 litatem,
2508 4809 2854 4860 commutare
2879 4821 2994 4860 non
3025 4807 3290 4878 desistas;
3335 4815 3530 4868 sancti
3577 4834 3742 4876 vero
3785 4801 3959 4880 Ama-

2249 4894 2382 4948 toris
2411 4896 2660 4964 prosaica
2689 4898 3076 4954 modulatione
3126 4901 3452 4972 describas;
3509 4915 3584 4965 ut
3631 4921 3960 4973 sectatores

2249 4988 2564 5057 apostolicae
2617 4989 3036 5059 praedicationis
3079 4993 3295 5063 effecti,
3375 5003 3702 5062 omnibus
3763 5013 3960 5067 omnia

2252 5079 2584 5148 efﬁciamur,
2631 5085 2687 5135 et
2725 5083 2866 5137 nulli
2910 5085 3224 5156 quidquam
3281 5089 3659 5168 debeamus,
3723 5105 3847 5160 nisi
3903 5113 3958 5159 ut

2252 5171 2490 5226 invicem
2517 5173 2836 5245 diligamns.
2869 5177 3052 5232 Indivi
3077 5179 3412 5238 duammihi
3441 5188 3838 5254 charitatem
3869 5215 3956 5253 ve-

2251 5269 2425 5318 stram
2453 5265 2640 5320 divina
2664 5268 2940 5324 custodiat
2963 5270 3161 5341 pietas,
3191 5278 3557 5337 venerabilis
3587 5285 3818 5346 frater.
