4022 6406
159 445 3516 482 ww

1467 588 1862 656 STEPHANI
1905 590 2245 659 ABBATIS

170 709 1070 897 IMHSTOLA
1197 767 1428 896 AD
1557 770 3514 932 SANCTUMIAUNABIUM,

1348 994 1965 1041 AUTISSIODORENSEM
2005 998 2367 1044 EPISCOPUM.

240 1223 490 1278 Domino
518 1222 854 1280 beatissimo
883 1228 940 1280 et
965 1228 1283 1298 apostolicis
1312 1228 1505 1284 infulis
1532 1231 1802 1288 decorato
1823 1245 1884 1318 Α
1905 1235 2159 1290 assumit.
2179 1237 2379 1290 Nonne
2394 1236 2644 1289 ferarum
2668 1237 2995 1301 sectatores,
3016 1232 3264 1288 siminus
3279 1233 3526 1304 captiosa

156 1315 329 1368 Patri
356 1316 658 1387 spirituali,
686 1318 935 1373 Aunario
969 1321 1254 1392 episcopo,
1289 1322 1627 1393 Stephanus,
1677 1342 1799 1380 om-

157 1408 341 1462 nium
369 1425 666 1465 servorum
696 1411 900 1466 Christi
930 1413 1196 1467 famulus.

239 1507 508 1561 Decursis
547 1508 752 1562 litteris
795 1512 1146 1579 apostolatus
1201 1512 1391 1580 vestri,
1425 1515 1575 1584 quod
1625 1515 1802 1570 sancti

155 1599 445 1653 desiderii
477 1601 650 1655 ardor
699 1619 921 1656 summa
967 1605 1257 1659 alacritate
1307 1608 1631 1676 praetendit,
1679 1609 1802 1661 luce

155 1692 382 1745 clarius
421 1695 754 1764 approbavi.
802 1697 897 1750 Est
922 1713 1060 1766 ergo
1090 1697 1407 1752 devotionis
1433 1706 1638 1754 vestra;
1667 1717 1798 1770 pro-

152 1785 447 1853 positum,
464 1787 719 1840 virorum
739 1788 1264 1858 opinatissimorum
1285 1791 1554 1845 Germani
1571 1796 1802 1846 etAma—

148 1877 308 1931 toris
341 1878 560 1933 ﬂoridae
586 1880 715 1933 vitae
748 1881 968 1935 nobiles
1003 1886 1160 1936 actus
1182 1883 1452 1950 describi;
1486 1885 1585 1938 sed
1609 1885 1681 1938 ad
1705 1902 1801 1939 eos

145 1969 503 2039 lepidissimi
536 1972 693 2025 callis
731 1974 901 2027 vestri
933 1975 1213 2044 dirigatur
1239 1976 1505 2044 intentio,
1541 1977 1637 2047 qui
1667 1994 1797 2047 pos-

155 2066 304 2114 sunt
332 2063 606 2118 virtutum
633 2065 850 2120 lumina
864 2067 1166 2137 aequiparis
1187 2068 1473 2122 afflatibus
1499 2069 1796 2140 inspicere.

151 2157 384 2210 Verum
418 2173 528 2227 ego
561 2158 741 2228 (cujus
791 2158 944 2212 iners
979 2159 1278 2229 ingenium
1328 2161 1559 2231 gemino
1610 2163 1799 2231 rigore

153 2249 462 2318 torpescit,
507 2253 564 2303 et
599 2250 794 2320 lingua
825 2251 1167 2318 balbutiens,
1201 2254 1451 2307 faucium
1492 2255 1642 2308 inter
1667 2272 1796 2308 rau-

152 2335 388 2394 cidhlos
418 2358 614 2395 cursus
654 2343 935 2413 squallido
985 2344 1101 2398 sitis
1130 2345 1405 2415 impedita
1436 2345 1644 2415 rigore,
1682 2363 1798 2401 non

153 2433 446 2503 loquitur,
487 2434 587 2487 sed
612 2436 802 2505 potius
845 2437 1065 2508 stridet)
1096 2438 1386 2507 quomodo
1419 2444 1619 2508 potero
1666 2439 1802 2492 divi-

1901 1328 2180 1382 industria
2196 1329 2551 1396 formaverit,
2572 1327 2759 1381 audax
2782 1328 3075 1380 temeritas
3091 1326 3523 1396 pessumdabit?

1902 1423 2206 1491 Nunquam
2226 1422 2336 1476 tiro
2364 1421 2613 1475 victorias
2647 1423 3023 1474 monumenta
3041 1435 3265 1489 parma,
3290 1435 3415 1488 qua:
3441 1422 3525 1472 est

1901 1514 2071 1582 picta,
2105 1513 2362 1584 gestavit,
2394 1513 2440 1567 si
2467 1528 2600 1567 eum
2631 1512 2799 1567 docta
2823 1511 3077 1565 veterani
3122 1511 3367 1582 exempli
3410 1527 3523 1564 ma-

1902 1623 2008 1659 nus
2029 1624 2145 1661 non
2173 1606 2452 1660 instruxit.
2482 1607 2782 1675 Nunquam
2799 1604 2973 1658 etiam
2995 1604 3143 1658 aeris
3173 1603 3277 1657 sibi
3300 1620 3524 1658 conces-

1902 1716 2027 1753 sum
2072 1701 2331 1770 patulum
2384 1699 2493 1754 iter
2520 1700 2635 1752 ales
2659 1698 2831 1752 tutius
2861 1697 3152 1763 resecavit,
3185 1697 3274 1750 cui
3313 1697 3523 1767 praevia

1902 1791 2010 1844 dux
2039 1793 2320 1862 penniger
2371 1795 2558 1845 mater
2609 1807 2722 1844 non
2768 1789 2958 1844 fuerit.
3001 1789 3220 1844 Jacebit
3267 1790 3521 1859 profecto

1900 1885 2173 1938 ﬂuctuum
2202 1884 2438 1938 elisione
2461 1888 2773 1949 truncatus,
2803 1883 3058 1952 quisquis
3077 1898 3191 1936 suae
3217 1883 3523 1952 procacita-

1899 1977 1970 2030 tis
1989 1977 2123 2030 fisus
2148 1980 2601 2042 auctoramento,
2630 1975 2937 2029 indocilem
2961 1974 3098 2027 ratis
3127 1975 3420 2028 dexteram
3441 1974 3523 2028 in-

1901 2069 2051 2139 gerit
2076 2070 2264 2123 clavo:
2294 2070 2371 2123 sic
2418 2067 2800 2137 unusquisque
2824 2067 2881 2120 in
2913 2066 3194 2120 diversum
3222 2067 3521 2136 imperitia;

1901 2163 2075 2215 hamo
2122 2162 2480 2228 inscinditur,
2522 2161 2566 2214 si
2618 2160 2918 2214 doctorum
2956 2159 3243 2212 favoribus
3281 2158 3520 2213 minime

1899 2255 2215 2324 adjuvetur.
2249 2257 2386 2325 Ego,
2432 2253 2758 2308 beatissime
2796 2253 2899 2319 vir,
2932 2268 3126 2322 quaeso
3167 2255 3228 2305 ut
3254 2251 3350 2305 illa
3377 2251 3518 2305 mihi

1899 2347 2125 2400 culmen
2150 2347 2324 2417 apicis
2350 2347 2430 2400 tui
2457 2347 2738 2416 imponat,
2759 2361 2885 2414 quae
2905 2345 3068 2398 facile
3091 2360 3184 2397 me
3197 2360 3361 2414 posse
3388 2360 3517 2414 per-

1897 2439 2066 2492 ﬁcere
2097 2455 2212 2492 non
2243 2439 2497 2503 dubitat;
2529 2438 2573 2491 si
2594 2442 2788 2491 tamen
2823 2443 2878 2490 et
2911 2436 2969 2489 in
2995 2436 3105 2490 hoc
3133 2453 3324 2506 opere,
3355 2436 3516 2506 quid-

153 2527 322 2580 nitus
379 2526 660 2597 inspirata
699 2528 955 2583 virorum
1011 2531 1497 2585 sanctissimorum
1553 2547 1796 2585 munera
1900 2531 2039 2601 quid
2070 2531 2299 2601 illepide
2329 2534 2426 2584 aut
2471 2530 2716 2583 infacete
2743 2528 2952 2582 rustica
2997 2529 3300 2598 garrulitas
3328 2527 3514 2598 diges-

152 2619 350 2690 polito
385 2619 656 2690 expedire
703 2638 987 2688 sermone,
1019 2623 1114 2692 qui
1153 2639 1257 2677 nec
1299 2623 1518 2693 privata
1568 2640 1798 2693 possum
1818 2601 1874 2671 B
1899 2623 2053 2690 serit,
2078 2623 2478 2693 aequanimiter
2503 2623 2672 2688 feras,
2706 2620 3040 2691 aggrediar;
3072 2626 3128 2675 et
3156 2621 3359 2675 faciam
3389 2635 3517 2691 quae

153 2714 427 2767 humano
459 2730 594 2768 casu
622 2721 895 2784 congesta
909 2716 1141 2786 negotia
1167 2716 1489 2787 explicare?
1516 2717 1793 2784 Ridiculo,

1898 2720 2138 2787 paterna
2166 2715 2340 2769 infert
2367 2731 2431 2770 ac
2467 2715 2631 2784 jubet
2660 2714 2984 2768 auctoritas.
3021 2714 3154 2767 Vale
3181 2713 3240 2768 in
3274 2714 3514 2784 longum

155 2806 225 2860 ni
261 2806 454 2874 fallor,
485 2823 551 2861 ac
595 2807 979 2878 inexplicabili
1003 2809 1249 2863 ludibrio
1303 2813 1488 2863 semet
1514 2809 1799 2880 impendit
1895 2814 2142 2880 tempus,
2171 2807 2403 2864 domine
2434 2823 2600 2878 papa.

152 2899 428 2971 quisquis
458 2900 612 2954 ultra
639 2900 844 2955 virium
899 2917 1130 2956 suarum
1170 2901 1607 2972 possibilitatem
1652 2919 1796 2958 onus

149 3066 3511 3119 Μ

1541 3253 1747 3298 EODEM
1790 3253 2097 3299 TEMPORE.

1180 3427 2518 3671 SEDATUS,

691 3733 1893 3860 BITEBBENSIS
1999 3741 3018 3866 EPISGOPUS.

1465 4138 2253 4276 NOTITIA.

1135 4347 1300 4449 Ea:
1374 4349 1834 4453 Fabricii
1901 4354 2558 4458 Bibliotheca.

236 4673 504 4744 Sedatus,
531 4675 830 4748 episcopus
851 4677 1208 4747 Biterrensis,
1240 4682 1336 4752 qui
1372 4699 1464 4737 an.
1490 4686 1590 4739 589
1617 4684 1800 4739 conci-
1819 4698 1872 4772 ρ
1898 4686 2115 4741 mentio
2138 4687 2401 4742 facienda
2414 4690 2498 4742 est
2514 4687 2884 4759 epistolarum
2911 4687 3083 4741 trium
3101 4683 3295 4742 Sedati
3317 4683 3389 4739 ad
3401 4683 3514 4739 Ru-

151 4769 241 4823 lio
269 4769 548 4823 Toletano
583 4775 639 4824 et
666 4771 1023 4828 Narbonensi
1051 4773 1328 4842 interfuit,
1355 4782 1554 4831 auctor
1585 4783 1669 4832 est
1696 4779 1795 4833 ho-

148 4860 342 4917 milize
373 4861 442 4914 de
468 4862 790 4932 Epiphania
814 4866 1065 4936 primum
1085 4867 1346 4937 Lugduni
1366 4885 1494 4923 cum
1519 4871 1799 4940 opusculis

153 4953 556 5024 quorumdam
606 4957 838 5011 Patrum
872 4962 1008 5013 1615
1056 4976 1090 5013 a
1115 4961 1334 5014 Thoma
1363 4963 1576 5017 Galleto
1609 4964 1795 5031 editae,

150 5050 299 5119 post
323 5045 382 5099 in
413 5047 762 5104 Bibliotheca
798 5053 1029 5106 Patrum
1069 5052 1322 5107 Parisina
1375 5058 1432 5108 et
1474 5057 1798 5111 Coloniensi

152 5141 323 5195 inter
349 5141 532 5194 aetatis
555 5141 786 5197 incertae
813 5145 1112 5215 scriptores
1127 5147 1343 5217 positae,
1364 5149 1452 5203 cui
1478 5150 1714 5204 tandem
1737 5151 1794 5204 in

154 5231 562 5302 Lugdunensi,
591 5239 631 5287 t.
673 5237 759 5302 XI,
789 5254 844 5307 p.
880 5241 1034 5305 1093,
1067 5255 1277 5294 nomen
1332 5242 1582 5312 episc0pi
1628 5243 1796 5298 Biter-

152 5325 352 5381 rensis
381 5333 791 5397 apposuerunt.
822 5331 975 5385 Inter
995 5331 1180 5402 Opera
1201 5335 1522 5404 Augustini,
1545 5339 1583 5389 t.
1600 5336 1791 5390 Vedii.

157 5419 409 5485 Bened.,
443 5421 715 5491 append.,
744 5440 799 5493 p.
828 5427 952 5491 735,
986 5428 1167 5478 exstat
1194 5442 1382 5480 sermo
1414 5428 1484 5481 de
1531 5429 1796 5483 Kalendis

149 5509 468 5579 Januariis,
494 5514 587 5583 qui
612 5514 669 5568 in
690 5516 785 5570 Ms.
803 5516 1170 5571 Floriacensis
1191 5519 1430 5573 abbatize
1452 5520 1661 5576 Sedato
1685 5523 1798 5592 epi-

160 5621 344 5677 scopo
395 5605 683 5676 tribuitur,
715 5608 951 5664 dubium
997 5626 1071 5665 an
1105 5610 1236 5666 huic
1264 5614 1480 5667 nostro.
1537 5614 1795 5685 Denique

235 5780 259 5801 '
289 5775 392 5825 Has
424 5773 870 5840 Sedatiepistolas
896 5777 1292 5840 videsisPatrol.
1317 5781 1444 5828 tom.
1483 5780 1652 5840 LVIII,
1675 5781 1794 5830 coll.

193 5849 276 5904 65,
301 5843 416 5899 866,
441 5841 553 5897 867,
576 5836 721 5888 ubi‘a
751 5840 1041 5902 Μωδεεῖωο
1066 5839 1132 5889 de
1161 5842 1210 5890 la
1232 5841 1411 5904 Bigne,
1442 5856 1508 5892 ex
1540 5836 1686 5906 cujus
1718 5843 1797 5893 Bi-

1897 4779 2099 4833 ricium
2146 4781 2631 4848 Lemovicensem,
2663 4798 2803 4853 quas
2843 4781 3094 4838 Canisius
3120 4779 3297 4834 edidit
3320 4778 3516 4849 Antiq.

1897 4873 2231 4928 Lectionum
2258 4877 2298 4928 t.
2327 4876 2390 4943 V,
2414 4879 2561 4946 part.
2591 4893 2648 4942 u,
2680 4893 2736 4946 p.
2776 4877 2898 4943 438,
2933 4875 3068 4928 edit.
3088 4889 3250 4927 novae
3275 4875 3416 4926 tom.
3450 4872 3517 4938 Il,

1896 4969 2042 5036 part.
2085 4983 2144 5033 ιι,
2175 4969 2369 5037 p.360,
2403 4971 2524 5036 362,
2555 4972 2686 5034 367;
2720 4969 2878 5038 cujus
2899 4983 3126 5038 quoque
3156 4965 3229 5018 ad
3259 4969 3519 5020 nostrum

1897 5059 2115 5129 aliquot
2142 5060 2396 5130 epistolae
2428 5067 2665 5116 exstant.
2700 5062 2993 5116 Habentur
3023 5076 3252 5130 quoque
3289 5062 3446 5113 tomo
3475 5060 3520 5112 II

1897 5151 2282 5206 Conciliorum
2329 5153 2622 5221 Harduini,
2667 5157 2730 5207 ut
2760 5154 2900 5208 alias
2951 5152 3232 5207 editiones
3271 5155 3516 5206 taceam.

1897 5245 2006 5297 Has
2033 5244 2304 5315 epistolas
2325 5245 2558 5316 quidam
2587 5245 2794 5303 Sedato
2826 5247 3296 5302 Nemausensium
3311 5244 3525 5315 episco-

1899 5354 1969 5406 po
2000 5338 2276 5404 tribuunt,
2310 5338 2405 5408 qui
2445 5355 2536 5392 an.
2573 5341 2672 5392 506
2701 5339 2941 5395 concilio
2980 5342 3311 5412 Agathensi,
3347 5346 3403 5396 et
3423 5359 3518 5396 an.

1899 5433 1998 5484 507
2025 5431 2303 5485 Tolosano
2335 5431 2596 5485 interfuit
2622 5436 2662 5487 '.
2703 5434 2861 5488 Adde
2914 5437 3055 5490 Hist.
3090 5436 3350 5492 littéraire
3374 5437 3440 5490 de
3468 5436 3522 5488 Ia

1895 5525 2115 5590 France,
2145 5529 2286 5578 tom.
2320 5525 2406 5591 lll,
2434 5541 2490 5594 p.
2522 5528 2644 5579 362.

1893 5780 2454 5862 plipthgecadeum‘ptaa
2465 5790 2602 5862 sunt,
2617 5789 3516 5862 Fausto_Rhegiensitribuuntur-33%

1894 5844 2068 5896 Sedati
2086 5844 2409 5910 supposititio
2439 5844 2671 5914 nomine,
2695 5852 2764 5903 ad
2792 5844 3051 5903 Ruricium
3079 5851 3338 5902 scribenti.
3371 5844 3514 5899 E'm'r.
