4022 6414
497 408 3892 466 ...-.----.-.-------------

499 454 3891 487 __—____—_——__—_————————————_—___————'—————-——J———————

1357 580 1633 645 SANCTI
1679 579 1980 652 SEDATI,
2028 575 2542 642 BITERRENSIS
2588 572 2976 647 EPISCOPI,

1029 719 1822 842 HOMILIA
1903 717 2144 836 DE
2240 709 3308 835 EPIPHANIA.

569 1016 848 1082 Proxime,
878 1017 1082 1071 fratres
1100 1015 1439 1084 charissimi,
1466 1015 1878 1086 redemptionis
1903 1018 2112 1068 nostrae
2135 1023 2194 1096 Α
2212 1011 2282 1067 sit
2306 1011 2501 1066 vinum
2525 1009 2676 1082 quod
2695 1007 2957 1063 defecisse
2978 1004 3204 1072 dicitur,
3233 1006 3291 1056 et
3310 999 3470 1071 quod
3501 999 3582 1052 sit
3609 995 3785 1096 aliud
3803 994 3890 1096 vi.-

435 1155 444 1163 .
501 1109 1495 1179 celebravimussacramentum,quo
1512 1106 1966 1162 Deushominem
1985 1087 2356 1160 cumunum
2405 1103 2555 1176 quod
2615 1099 2948 1156 mirabiliter
3010 1098 3402 1168 praeparatur,
3463 1090 3638 1162 quod
3698 1087 3896 1142 archi-

500 1201 924 1256 inﬁrmitatibus
967 1201 1170 1254 induit.
1221 1200 1398 1255 Hodie
1457 1201 1596 1253 illud
1645 1199 1950 1254 excolimus
2004 1215 2116 1268 quo
2214 1198 2470 1252 triclinus
2515 1195 2720 1250 melius
2782 1208 2900 1247 esse
2956 1186 3294 1261 pronuntiat
3339 1184 3574 1239 ibidem
3634 1181 3890 1236 dicens:

503 1311 563 1348 se
589 1294 648 1346 in
684 1293 922 1348 homine
967 1294 1148 1346 Deum
1172 1293 1471 1347 virtutibus
1507 1291 1863 1345 declamavit.
1893 1292 2000 1344 Pro
2048 1306 2116 1343 eo
2218 1293 2396 1347 Omnis
2422 1291 2572 1343 homo
2614 1290 2852 1358 primum
2889 1286 3076 1338 vinum
3123 1282 3320 1335 bonum
3350 1279 3543 1348 ponit,
3574 1280 3787 1330 etcum
3815 1276 3897 1326 in-

503 1385 659 1456 quod
685 1385 744 1438 in
764 1387 869 1439 hac
895 1385 984 1439 die
1000 1385 1112 1438 sive
1139 1387 1278 1440 cmlo
1308 1386 1530 1442 stellam
1568 1388 1722 1438 ortus
1745 1383 1827 1436 sui
1856 1381 2118 1437 nuntiam
2218 1385 2412 1437 ebriati
2432 1383 2661 1449 fuerint,
2688 1385 2815 1433 tunc
2843 1377 2902 1432 id
2921 1376 3064 1446 quod
3090 1374 3328 1428 deterius
3353 1375 3455 1426 est.
3491 1373 3580 1425 Tu
3606 1383 3747 1423 vero
3774 1382 3894 1422 ser-

502 1477 895 1549 praabuit,sive
917 1477 1072 1547 quod
1102 1478 1161 1530 in
1179 1479 1471 1532 Chanaam
1499 1475 1740 1530 Galilaeae
1772 1475 1830 1528 in
1863 1474 2118 1529 convivio
2217 1477 2359 1529 vasti
2402 1476 2588 1527 tinum
2629 1473 2822 1525 bonum
2855 1485 3022 1538 usque
3049 1482 3211 1521 nunc.
3257 1465 3474 1518 Vinum
3508 1459 3727 1516 multis
3756 1459 3899 1514 locis

502 1570 744 1640 nuptiali
765 1586 941 1640 aquas
966 1571 1026 1623 in
1050 1569 1183 1624 vina
1208 1569 1504 1635 convertit,
1528 1568 1643 1621 sive
1667 1567 1822 1637 quod
1852 1569 1908 1620 in
1927 1567 2122 1621 Jorda-
2219 1567 2535 1637 accepimus
2547 1565 2730 1619 divina
2751 1566 3028 1633 praecepta
3055 1564 3112 1614 et
3141 1557 3468 1628 Scripturas
3483 1559 3750 1619 sanctas,
3777 1567 3900 1607 me-

504 1663 592 1717 nis
615 1663 782 1717 undis
801 1679 978 1732 aquas
989 1661 1061 1715 ad
1085 1661 1504 1732 reparationem
1522 1659 1759 1714 humani
1781 1659 2007 1728 generis
2019 1675 2119 1711 suo
2220 1659 2570 1713 racissimum
2593 1657 2846 1726 vigorem
2875 1651 3112 1708 coalestis
3143 1649 3442 1721 sapientiae
3481 1647 3896 1710 continentes,

503 1759 790 1829 baptismo
816 1758 1182 1811 consecravit.
1217 1759 1274 1810 ln
1299 1757 1555 1826 quolibet
1585 1756 1790 1809 horum
1821 1755 1995 1809 trium
2032 1771 2118 1808 sa-
2221 1752 2424 1823 quibus
2455 1751 2524 1804 ad
2551 1750 2814 1803 timorem
2841 1746 2936 1802 Dei
2959 1745 3262 1800 incalescat
3281 1757 3513 1811 sensus,
3549 1745 3614 1795 et
3635 1737 3900 1794 inebrie~

503 1851 637 1906 lutis
673 1852 883 1904 nostra:
910 1849 1186 1919 mysteria
1211 1849 1578 1903 continentur
1609 1853 1665 1902 et
1693 1847 1923 1918 gaudia.
1954 1846 2124 1921 Nobis
2222 1849 2315 1897 tur
2334 1843 2584 1897 affectus.

505 1943 663 1996 enim
693 1959 759 1996 ex
787 1941 1015 2011 Virgine
1043 1945 1208 1995 natus
1247 1946 1350 2008 est,
1383 1940 1537 2010 quod
1559 1941 1721 1994 stella
1748 1938 2120 1994 monstravit:
2294 1939 2611 1995 Secundum
2639 1937 2798 2006 illud,
2829 1935 2980 2008 quod
3025 1934 3094 1989 de
3149 1931 3444 2004 Sapientia
3485 1930 3725 1985 dictum
3763 1934 3856 1984 est
3885 1946 3898 1982 :

508 2052 613 2089 nos
637 2034 695 2088 in
741 2034 946 2088 melius
972 2051 1093 2088 esse
1140 2033 1448 2088 mutandos
1493 2033 1683 2102 Operis
1729 2031 2025 2096 miraculo,
2069 2033 2126 2083 et
2222 2040 2448 2094 parauit
2471 2051 2892 2096 mensamsuam,
2921 2033 3341 2087 miscuitvinum
3369 2045 3534 2086 suum
3552 2032 3620 2083 in
3655 2033 3900 2082 cratere.

508 2126 1168 2197 aquarumconversione
1182 2125 1441 2195 signavit.
1462 2124 1634 2178 Nobis
1655 2124 1915 2178 remedia
1940 2122 2125 2193 provi-
2225 2130 2643 2200 scripturarum
2670 2143 2805 2198 ergo
2847 2125 3170 2180 divinarum
3193 2123 3398 2192 virtus,
3430 2121 3760 2193 Siquando
3794 2120 3901 2173 ali-

509 2219 650 2273 vidit
669 2236 736 2272 ex
761 2219 1046 2288 baptismo
1071 2219 1226 2288 quod
1253 2218 1310 2270 in
1341 2217 1605 2272 Jordanis
1638 2218 1795 2270 alveo
1825 2232 1999 2286 aquas
2026 2215 2122 2268 de-
2225 2223 2384 2293 cujus
2430 2221 2695 2274 interiora
2732 2219 3050 2290 repleverit,
3083 2217 3270 2272 dicere
3310 2215 3529 2286 poterit
3577 2229 3726 2268 cum
3756 2215 3902 2267 Pro-

513 2311 756 2377 ᾱὶίεεινίι;
791 2314 849 2364 et
893 2311 1044 2376 ideo.
1074 2311 1278 2364 fratres
1319 2309 1656 2375 Chal‘iSSiﬂli,
1698 2309 1756 2362 in
1793 2307 1953 2362 omni
1998 2310 2126 2360 actu
2147 2376 2197 2386 _
2224 2315 2395 2386 pheta
2421 2313 2637 2383 (Psalm.
2682 2313 2787 2381 le)
2815 2330 2832 2366 :
2883 2313 3096 2366 Potasti
3128 2325 3222 2363 nos
3251 2311 3381 2362 vino
3416 2309 3904 2378 compunctum-is,

513 2407 708 2458 nostro
735 2376 957 2456 Stellam
971 2402 1104 2456 ﬁdei
1125 2403 1518 2472 praeferamus,
1538 2406 1595 2454 et
1617 2401 1673 2454 in
1697 2400 1952 2454 custodia
1969 2399 2124 2470 puri-
2147 2376 2203 2446 B
2225 2376 2276 2462 ξι
2300 2376 2558 2476 populum
2579 2411 2728 2458 tuum
2761 2376 3032 2458 inebrians
3057 2418 3223 2472 quam
3245 2376 3558 2471 paradarum
3589 2404 3675 2454 est
3697 2401 3720 2452 !
3747 2399 3903 2469 Ope-

512 2496 646 2548 tatis
695 2495 900 2550 Christi
954 2495 1305 2564 baptismum
1361 2494 1733 2546 celebremus.
1797 2493 1941 2556 QUia
2009 2492 2130 2544 11330
2227 2503 2386 2554 rante
2415 2492 2549 2567 ergo
2577 2496 2795 2552 Christo
2831 2495 2894 2550 in
2945 2495 3098 2549 Caua
3134 2493 3384 2558 Galileaa,
3412 2491 3630 2546 vinum
3661 2491 3906 2555 defecit,

513 2587 719 2644 Christi
745 2587 1038 2658 generatio
1067 2591 1178 2640 tuae
1205 2585 1337 2640 ﬁdei
1376 2586 1732 2640 conﬁrmatio
1760 2590 1862 2638 est.
1909 2585 1974 2638 Et
1998 2583 2132 2654 quia
2230 2597 2287 2647 et
2315 2591 2508 2645 viuum
2535 2591 2617 2656 ﬁt,
2647 2590 2704 2643 id
2737 2591 2840 2657 est,
2872 2588 3096 2642 umbrae
3148 2589 3549 2654 removentur,
3590 2589 3654 2640 et
3688 2584 3910 2638 veritas

513 2697 618 2751 per
645 2680 971 2734 universum
1014 2679 1296 2734 mandum
1321 2683 1680 2732 sacramento
1725 2676 1998 2748 baptismi
2026 2676 2129 2729 hu-
2230 2686 2620 2756 praesentatur.
2665 2681 2898 2736 Recedit
2943 2681 3054 2747 lex,
3089 2678 3275 2750 gratia
3304 2678 3586 2732 succedit.
3628 2677 3909 2734 Carnalia

516 2792 686 2830 mano
713 2775 912 2846 generi
939 2792 1080 2845 opus
1106 2778 1248 2844 erat,
1277 2774 1440 2845 aquis
1468 2773 1932 2828 benedictionem
1955 2772 2130 2838 dedit,
2230 2777 2290 2831 in
2314 2775 2622 2846 spiritualia
2647 2777 3090 2827 commutantur.
3123 2773 3182 2825 In
3202 2787 3421 2825 novum
3445 2772 3908 2825 Testamentum

519 2868 749 2939 quando
777 2869 835 2920 in
857 2867 1120 2921 Jordanis
1149 2868 1389 2932 alveum,
1411 2866 1597 2935 unica,
1621 2883 1686 2919 ac
1711 2865 1986 2935 singulari
2013 2865 2131 2934 pie-
2232 2868 2539 2922 observatio
2567 2869 2783 2921 vetusta
2822 2865 3238 2921 transfunditur
3261 2883 3278 2929 ;
3307 2863 3460 2918 sicut
3486 2863 3706 2918 beatus
3739 2848 3904 2934 A'po-

519 2964 638 3014 tate
665 2959 972 3013 descendit.
995 2959 1117 3012 Tibi
1135 2975 1272 3028 ergo
1294 2958 1602 3024 nascendo,
1617 2958 1868 3011 Christus
1886 2957 2132 3021 advenit,
2233 2961 2404 3015 stolus
2429 2961 2561 3014 dicit
2577 2961 2642 3031 (Il
2667 2960 2785 3014 Cor.
2800 2959 2912 3028 tu):
2933 2962 3126 3015 Vetera
3143 2959 3506 3018 transierunt,
3527 2962 3582 3012 et
3599 2973 3727 3011 ecce
3748 2960 3910 3024 facta

521 3052 626 3106 tibi
650 3051 890 3106 vivendo
921 3051 1204 3116 militavit,
1230 3051 1333 3104 tibi
1364 3050 1666 3104 moriendo
1690 3050 1962 3116 conflixit,

2327 3063 2355 3112 lt
2381 3074 2539 3112 nova.
2559 3056 2849 3120 Quomodo
2875 3059 3066 3109 autem
3081 3054 3301 3124 hydria:
3318 3053 3435 3107 illa;
3455 3053 3730 3124 impletae
3759 3071 3915 3125 aqua

595 3146 778 3208 Quem
807 3143 964 3197 Vides
989 3159 1090 3214 Ι)Γο
1113 3146 1170 3197 te
1195 3146 1506 3212 mortuum,
1539 3146 1774 3214 Propter
1800 3142 2136 3212 te'intellige
2235 3151 2378 3204 nihil
2403 3151 2671 3204 minuunt
2695 3164 2842 3203 exeo
2862 3147 3015 3219 quod
3039 3151 3220 3212 erant,
3242 3147 3323 3201 ita
3346 3148 3440 3201 lex
3459 3163 3586 3200 non
3613 3149 3784 3217 perit
3809 3163 3919 3219 per

523 3237 892 3309 baptizatum.
926 3235 1654 3302 Illud,fratrescharissimi,
1683 3235 1837 3305 quod
1863 3234 1954 3288 die
1972 3235 2139 3288 tertia
2236 3244 2539 3298 adventum
2567 3241 2774 3296 Christi
2819 3240 3111 3308 dissoluta,
3142 3239 3242 3294 sed
3278 3240 3536 3310 proﬁcit.
3579 3240 3736 3294 Vino
3767 3257 3918 3310 ergo

527 3329 740 3401 nuptiae
772 3330 934 3382 factae
964 3331 1114 3394 sunt,
1136 3327 1264 3394 hoc,
1293 3327 1446 3398 quod
1475 3343 1684 3397 aquam
1715 3327 1772 3380 in
1795 3327 1990 3380 vinum
2010 3343 2140 3381 con-
2237 3335 2550 3402 deﬁciente,
2578 3333 2774 3387 vinum
2795 3332 2950 3386 aliud
2978 3332 3361 3386 ministratur.
3393 3333 3632 3385 Bonum
3660 3333 3918 3402 quidem

525 3439 747 3478 versam
768 3422 960 3486 fuisse,
994 3421 1168 3474 modo
1182 3437 1311 3474 cum
1341 3419 2028 3489 Evangeliumlcgel‘etur,
2048 3437 2141 3473 διι-
2238 3433 2321 3483 est
2347 3433 2506 3482 vetus
2533 3426 2976 3494 Testamentum,
3011 3425 3106 3479 sed
3158 3425 3282 3478 sine
3318 3424 3569 3494 spiritali
3601 3424 3918 3480 intellectu

529 3515 706 3570 distis.
727 3515 834 3570 Sex
854 3519 1045 3568 autem
1067 3513 1284 3584 hydria:
1317 3518 1447 3567 sunt
1473 3529 1564 3566 sex
1586 3513 1790 3567 mundi
1816 3513 1985 3582 hUjus
2011 3514 2142 3566 ωιθ·
2237 3519 2485 3574 vanescit
2509 3519 2567 3572 in
2608 3517 2791 3572 littera
2820 3517 2885 3590 (ΙΙ
2923 3517 3043 3572 Cor.
3075 3523 3178 3584 111).
3235 3517 3459 3571 Novum
3487 3533 3632 3572 vero
3661 3519 3920 3572 odorem

525 3614 632 3676 tes,
655 3625 758 3679 per
783 3624 922 3678 quas
929 3607 1067 3677 justi
1094 3607 1337 3676 ﬁguram
1360 3610 1418 3659 et
1443 3609 1642 3676 typum
1667 3605 1897 3660 Domini
1927 3609 2137 3676 praetu-
2236 3613 2364 3667 vitia
2393 3611 2577 3666 reddit
2601 3611 2659 3664 in
2701 3610 2938 3680 gratiam
2971 3611 3032 3678 (Il
3051 3609 3170 3664 Cor.
3202 3611 3286 3680 ιι).
3315 3610 3463 3665 Cum
3485 3609 3618 3664 haec
3645 3609 3730 3664 ita
3767 3612 3918 3676 sint,

527 3701 734 3756 lerant.
751 3701 992 3770 Capiunt
1020 3702 1294 3752 metretas
1335 3698 1519 3765 binas,
1552 3699 1639 3752 vel
1669 3702 1882 3764 ternas,
1924 3697 2057 3768 quia
2083 3698 2144 3750 ﬁ-
2162 3729 2216 3802 Ο
2241 3704 2702 3758 Architriclinum
2752 3703 2940 3772 ipsum
2977 3701 3352 3774 prtepositum
3380 3702 3441 3756 in
3473 3703 3656 3756 domo
3683 3704 3920 3774 sponsi,

528 3793 821 3848 demintra
834 3809 891 3846 se
905 3792 1204 3846 continent
1221 3791 1531 3846 Trinitatis.
1556 3791 1668 3846 Sed
1681 3791 1979 3845 videamus
2004 3789 2142 3861 quid
2169 3789 2216 3802 ν
2241 3799 2548 3866 videamus,
2593 3812 2764 3868 quem
2799 3795 3006 3850 sentire
3037 3795 3342 3867 possimus.
3373 3797 3442 3850 Et
3484 3812 3671 3866 quem
3700 3797 3919 3866 alium,

530 3887 666 3941 dicit
702 3901 892 3940 sermo
931 3884 1174 3949 divinus,
1203 3890 1259 3938 et
1285 3885 1406 3954 ipsa
1431 3883 1574 3936 sacri
1612 3883 1902 3954 Evangelii
1934 3887 2112 3936 tracte

2338 3890 2352 3942 i
2378 3891 2604 3943 beatum
2632 3888 2868 3942 Paulum
2895 3888 3215 3958 intelligere
3236 3887 3543 3956 debemus,
3559 3889 3668 3960 qui
3683 3890 3926 3960 postle-

530 3995 658 4033 mus
697 3979 944 4033 oracula.
971 3979 1033 4030 ln
1053 3977 1207 4030 Cana
1235 3976 1482 4030 Galilaeae
1520 3992 1699 4046 aquas
1744 3975 1802 4029 in
1850 3975 1981 4029 vina
2007 3991 2112 4028 con

2353 3983 2619 4050 litteram,
2649 3985 2942 4052 acceptum
2971 3979 3105 4036 novi
3164 3981 3517 4035 Testamenti
3549 3983 3921 4052 mysterium

531 4071 1080 4138 vertit,etlatentem
1100 4069 1203 4122 sub
1233 4069 1468 4123 homine
1495 4070 1675 4124 Deum
1688 4085 1928 4139 operum
1941 4069 2143 4121 virtute
2242 4074 2589 4142 suavissimo,
2616 4073 2704 4128 vel
2733 4073 2924 4142 odore,
2954 4074 3044 4128 vel
3075 4078 3267 4144 gustu,
3297 4079 3354 4128 et
3381 4073 3750 4144 spiritalium
3782 4055 3922 4145 seu-

534 4161 763 4218 detexit.
795 4165 865 4216 Et
906 4163 1013 4225 die,
1057 4162 1260 4231 inquit,
1309 4164 1468 4216 tertia
1517 4164 1720 4231 nuptm
1759 4161 1973 4229 ﬁebant.
2008 4160 2122 4224 Qua

2337 4184 2413 4222 un
2449 4165 2747 4238 ﬂagrantia
2789 4166 3060 4236 repletus,
3093 4171 3150 4220 et
3174 4165 3499 4220 inebriatus
3531 4168 3844 4223 exclamat
3870 4175 3925 4224 et

534 4255 1041 4325 suntistaenuptize,
1066 4254 1172 4307 nisi
1191 4253 1396 4323 gaudia
1417 4253 1610 4306 salutis
1635 4253 1942 4307 humanae?
1967 4269 2143 4322 quare
2242 4260 2473 4315 laudat:
2532 4263 2610 4314 Tu
2660 4261 2891 4313 servasti
2945 4259 3137 4313 bonum
3189 4261 3381 4313 vinum
3428 4275 3604 4329 usque
3661 4261 3866 4317 adhuc
3898 4265 3925 4316 7

535 4349 628 4404 die
644 4348 832 4413 tertia,
856 4347 964 4400 nisi
977 4347 1109 4417 quia
1127 4346 1218 4400 die
1241 4346 1410 4399 tertia
1436 4345 1778 4399 resurrexit?
1806 4347 2000 4415 Itaque
2017 4348 2142 4399 tan-
2247 4354 2417 4422 (Joan,
2468 4351 2548 4422 ιι),
2593 4351 2891 4406 Videamus
2928 4354 3121 4405 tamen
3152 4351 3662 4421 quemadmodum
3717 4354 3928 4425 ipsum

534 4459 708 4513 quam
730 4456 969 4511 sponsus
992 4439 1309 4510 procedens
1337 4439 1406 4492 de
1433 4438 1686 4492 thalamo
1719 4454 1820 4492 suo
1853 4437 2148 4492 descendit
2235 4445 2438 4504 vinum
2463 4444 2703 4498 laudat?
2723 4447 2830 4500 Nec
2849 4444 3055 4507 oculus,
3081 4443 3288 4514 inquit,
3315 4445 3481 4508 vidit,
3514 4461 3616 4500 nec
3642 4451 3814 4503 auris
3826 4466 3930 4502 au-

534 4535 608 4590 ad
629 4537 830 4600 terras,
848 4533 1109 4586 Ecclesiae
1131 4549 1197 4585 ex
1224 4531 1488 4602 gentibus
1507 4530 1940 4601 congreganda,
1968 4531 2147 4584 incar-
2245 4541 2403 4602 diuit,
2432 4553 2552 4607 quae
2579 4539 2916 4606 praeparavit
2935 4540 3072 4591 Deus
3099 4536 3458 4605 diligentibus
3482 4551 3562 4592 se.
3583 4539 3734 4594 Ecce
3756 4557 3926 4610 vera,

534 4627 766 4682 natione
797 4625 1146 4696 jungendas.
1183 4624 1287 4680 Cui
1326 4623 1555 4695 quidem
1586 4627 1645 4677 et
1667 4623 1834 4692 hujus
1864 4623 2144 4691 Ecclesiae,
2247 4647 2370 4686 ecce
2400 4629 2760 4700 praedicanda
2809 4628 3100 4697 miracula,
3129 4644 3258 4699 quae
3296 4629 3360 4682 in
3395 4629 3569 4683 nobis
3599 4639 3924 4702 operatur,

533 4737 661 4792 quae
689 4720 881 4790 utique
921 4735 1114 4772 sumus
1141 4735 1265 4785 nos,
1295 4721 1352 4770 et
1395 4717 1614 4783 arrhas,
1643 4720 1702 4770 et
1726 4717 1923 4770 dotem
1965 4715 2142 4770 dedit.
2247 4723 2474 4794 quando
2494 4721 2562 4776 de
2591 4720 2848 4792 pessimis
2873 4721 3052 4776 bonos
3065 4721 3302 4786 facit,de
3331 4722 3604 4794 superbis
3632 4724 3925 4794 humiles,

531 4813 742 4870 Arrhas
789 4811 962 4878 dedit,
1009 4811 1240 4882 quando
1286 4809 1450 4864 nobis
1495 4812 1582 4863 est
1619 4826 1685 4862 ex
1727 4809 1857 4880 lege
1903 4808 2144 4880 promis-
2246 4816 2315 4870 de
2339 4815 2650 4870 inhonestis
2679 4818 2876 4881 castos,
2908 4814 2978 4869 de
3009 4813 3381 4870 sectatoribus
3434 4817 3666 4885 saeculi,
3697 4820 3928 4874 amicos

532 4923 646 4962 sus.
680 4907 886 4962 Dotem
913 4903 1086 4971 dedit,
1117 4903 1347 4975 quando
1385 4919 1490 4973 pro
1516 4901 1680 4957 nobis
1701 4905 1786 4956 est
1804 4902 2143 4956 immolatus.
2247 4907 2368 4962 Dei,

601 5001 670 5054 Et
695 4999 806 5054 alio
835 4996 1010 5053 modo
1055 4996 1162 5052 hoc
1192 4999 1381 5067 potest
1418 4995 1617 5066 accipi,
1649 4997 1712 5048 ut
1757 4995 1973 5062 arrhas,
2001 5011 2144 5065 praa-
2315 5001 2449 5064 Quae
2500 5004 2685 5070 potest
2735 4999 2951 5071 majora
3010 5015 3275 5055 exercere
3341 4999 3634 5057 miracula
3658 5045 3675 5071 ,
3736 5021 3926 5076 quam

530 5093 754 5151 sentem
772 5087 1650 5162 gratiam,dotemintelligamus
1661 5087 1832 5141 vitam
1852 5092 2144 5142 aeternam.
2166 5089 2226 5160 D
2248 5092 2474 5164 quando
2500 5092 2790 5148 hominem
2833 5108 3089 5148 vermem
3116 5097 3174 5147 et
3217 5095 3599 5164 putredinem
3626 5097 3927 5168 dignatur

531 5187 835 5241 Videamus
861 5183 999 5254 quid
1047 5182 1166 5254 agit
1189 5183 1247 5236 in
1279 5182 1567 5237 Chanaam
1597 5181 1858 5236 Galilaazn.
1895 5181 1992 5234 Hic
2022 5181 2146 5250 jam
2245 5185 2307 5240 in
2329 5189 2535 5239 statum
2554 5186 2874 5256 angelicum
2888 5201 3220 5256 promovere
3234 5187 3262 5240 ?
3281 5186 3353 5241 de
3368 5188 3622 5242 terrenis
3636 5189 3705 5244 in
3726 5192 3928 5247 caeles-

531 5278 775 5352 prodant
799 5275 964 5329 nobis
992 5276 1172 5329 Deum
1199 5275 1478 5346 stupenda
1500 5274 1790 5328 miracula.
1815 5273 2152 5328 Statuuntm‘
2195 5324 2206 5335 .
2247 5278 2396 5333 tibus
2423 5277 2709 5348 collocare,
2743 5279 2870 5333 etin
2897 5278 3078 5349 gratia
3098 5294 3218 5332 suae
3234 5279 3604 5350 adoptionis?
3634 5285 3927 5340 solemni-

533 5369 754 5441 hydria:
775 5368 1340 5438 capientesmetretas
1360 5367 1544 5434 binas,
1566 5367 1654 5421 vel
1673 5369 1883 5420 ternas.
1911 5367 2152 5437 Implen-
2246 5374 2438 5439 tatem,
2469 5387 2597 5441 qua:
2640 5370 2979 5450 de_Domini
3006 5370 3298 5425 nativitate
3339 5375 3669 5444 praecessit,
3703 5393 3777 5432 ea
3811 5379 3926 5434 ﬁde

535 5466 632 5516 tur
648 5460 1194 5530 hydriaz,mutantur
1217 5461 1400 5513 subito
1423 5477 1605 5530 aquae,
1623 5459 1887 5513 homines
1903 5462 2149 5530 postmo-
2247 5463 2668 5532 celebravimus,
2698 5480 2810 5534 qua
2835 5479 2904 5518 ex
2938 5463 3175 5518 homine
3221 5465 3367 5519 Deus
3393 5471 3568 5520 natus
3610 5474 3730 5540 est,
3767 5471 3926 5527 hanc

537 5555 676 5610 dum
701 5551 911 5606 maturi
939 5551 1074 5604 dum
1101 5550 1159 5602 in
1197 5551 1398 5604 melius
1427 5552 1833 5618 reformantur,
1858 5551 2011 5605 velut
2047 5551 2144 5604 ba—
2246 5571 2378 5610 vero
2423 5573 2487 5610 ea
2527 5557 2910 5610 observatione
2959 5572 3326 5623 veneramur,
3358 5574 3477 5628 qua
3508 5560 3667 5616 Deus
3720 5564 3790 5618 in
3820 5567 3922 5620 ho-

535 5647 804 5720 ptismate
843 5643 957 5697 vini
995 5642 1286 5712 liquantur
1337 5643 1798 5713 quodammodo;
1849 5643 2146 5698 deﬁciente
2245 5645 2400 5699 mine
2429 5645 2743 5701 declaratus
2768 5649 2870 5700 est.
2899 5643 3018 5698 Illic
3045 5644 3480 5701 inﬁrmitatibus
3502 5648 3924 5722 absconditur,

538 5755 678 5812 ergo
705 5737 860 5806 vino,
889 5735 1027 5791 dicit.
1052 5733 1125 5788 ad
1149 5735 1340 5789 Jesum
1366 5739 1550 5790 mater
1571 5735 1692 5806 ejus
1723 5735 1895 5806 (Joan.
1920 5740 1974 5802 ιι)
2007 5754 2020 5791 :
2058 5739 2149 5793 Vi-
2246 5737 2337 5793 hic
2357 5737 2655 5794 virtutibus
2668 5739 2964 5794 revelatur.
2988 5737 3165 5793 Hodie
3177 5739 3333 5794 enim
3349 5756 3559 5812 magos
3577 5744 3656 5800 ab
3678 5747 3926 5805 Oriente

536 5849 667 5893 num
685 5847 792 5889 non
811 5831 1024 5888 habent.
1076 5828 1202 5883 Jam
1237 5827 1422 5897 primo
1448 5829 1572 5884 loco
1598 5828 1953 5897 requiramus
1996 5831 2148 5900 quod
2246 5832 2532 5887 venientes
2577 5847 2757 5902 usque
2807 5832 3013 5898 locum,
3048 5831 3315 5901 gentibus
3367 5833 3699 5894 Salvatoris
3758 5844 3922 5898 stella
