4022 6468
130 408 214 459 773
1478 401 1772 460 SANCTUS
1808 401 2092 460 ARIGIUS.
3337 405 3440 460 774

127 511 388 568 Christum
406 503 814 582 quaerentibus,
837 509 1221 564 monstratura
1239 509 1522 581 perduxit.
1542 513 1718 582 Expe-
1736 522 1796 596 Α
1815 513 1981 568 aliam
2011 513 2158 568 viam
2185 513 2254 568 ad
2291 509 2582 584 regionem
2611 511 2899 584 propriam
2941 514 3278 579 remearent,
3317 511 3440 566 haec

128 606 245 659 titur
265 604 362 658 sub
388 599 588 658 humili
611 602 843 673 tugurio
864 619 1023 657 sacra
1047 602 1325 658 nativitas.
1355 603 1632 658 Adora'tur
1658 603 1716 657 in
1817 605 1984 659 etiam
2028 605 2190 660 nobis
2233 605 2559 676 spiritaliter
2600 604 3025 675 praecipiuntur.
3054 605 3120 658 Et
3143 619 3246 674 per
3269 603 3441 657 aliam

126 696 320 768 pannis,
347 694 402 748 id
430 699 531 760 est,
553 694 658 748 sub
685 695 930 750 tectione
956 695 1330 766 corruptionis
1355 695 1718 750 humanaein-
1801 697 1983 766 viam,
2015 698 2071 752 id
2101 701 2204 763 est,
2231 714 2336 769 per
2359 698 2528 752 aliam
2572 697 3051 752 conversationem
3093 700 3444 750 revertamur

126 789 290 842 voluta
315 787 570 857 majestas
594 787 898 842 revelatur.
931 787 1192 842 lnnuitur
1216 787 1487 857 mysterio
1514 787 1719 842 divinae
1816 789 1886 844 ad
1913 790 2175 860 patriam.
2207 791 2366 845 Forte
2394 789 2596 860 aliquis
2634 789 2872 860 requirit
2907 788 3191 860 quomodo
3224 787 3279 842 id
3318 787 3442 842 ﬁeri

126 879 495 934 misericordim
530 880 888 950 magnitudo,
939 879 998 934 in
1028 896 1094 935 eo
1139 880 1291 951 quod
1330 880 1401 933 ad
1435 879 1721 935 Christum
1817 881 2034 952 possit?
2057 881 2161 945 Qui
2207 881 2313 936 hoc
2353 881 2494 936 scire
2540 881 2836 949 desiderat,
2878 880 3070 934 audiat
3103 879 3445 950 prophetam

125 972 346 1042 primum
369 971 676 1043 Ethiopes,
710 972 766 1026 id
793 976 896 1040 est,
925 977 1138 1042 gentes,
1168 972 1592 1043 ingrediuntur.
1819 972 2135 1028 dicentem:
2167 977 2378 1029 Diverte
2405 990 2440 1027 a
2464 975 2626 1035 malo,
2653 976 2746 1040 fac
2771 973 2980 1035 bonum,
3003 975 3214 1042 inquire
3231 987 3442 1041 pacem,

185 1066 382 1118 Interea
409 1063 570 1118 beata
594 1064 928 1134 perductam
957 1080 1015 1118 se
1043 1065 1114 1118 ad
1139 1081 1296 1118 sacra
1320 1064 1597 1118 cunabula
1634 1079 1720 1118 ra-
1823 1070 1875 1119 et
1899 1081 2115 1134 sequere
2142 1081 2258 1120 eam
2289 1067 2508 1136 (Psarlm.
2539 1068 2747 1135 xxxm).
2775 1066 2890 1119 Hoc
2917 1065 3071 1120 enim
3107 1065 3306 1120 ordine
3342 1080 3447 1136 per

127 1157 202 1210 dio
226 1157 453 1226 desuper
475 1161 763 1223 currente,
805 1156 1047 1210 miratur
1087 1162 1338 1211 extrema
1377 1172 1534 1226 gens,
1573 1155 1722 1209 bono
1821 1157 1992 1211 aliam
2009 1157 2161 1212 viam
2186 1158 2405 1214 reditur
2430 1157 2500 1212 ad
2525 1157 2786 1228 patriam.

127 1248 322 1318 publico
334 1247 517 1319 prima
529 1247 760 1304 fruitur.
779 1250 958 1312 Quam
975 1249 1250 1320 stupenda
1267 1247 1551 1318 dignatio!
1577 1249 1726 1302 Inter
1891 1251 2031 1303 Nam
2059 1251 2192 1321 quia
2213 1267 2316 1320 per
2339 1250 2663 1321 superbiam
2690 1249 2993 1305 cecidimus
3031 1248 3091 1303 in
3144 1249 3445 1320 mundum,

127 1341 386 1411 amplexus
405 1341 696 1412 genitricis
708 1341 1032 1410 includitur,
1057 1341 1152 1412 qui
1181 1340 1384 1394 coelum
1401 1344 1725 1410 terramque
1823 1345 2044 1412 oportet
2061 1346 2125 1396 ut
2149 1359 2251 1413 per
2274 1342 2655 1398 humilitatem
2680 1343 2978 1396 redeamus
3004 1341 3075 1396 ad
3101 1342 3444 1412 paradisum.

127 1433 502 1503 complectitur.
533 1435 598 1488 In
623 1433 752 1488 sinu
778 1433 976 1488 matris
998 1433 1153 1500 latet,
1173 1433 1525 1504 quiregnum
1551 1431 1727 1486 Patris
1823 1434 1930 1487 Per
1955 1433 2317 1504 cupiditatem
2347 1435 2417 1489 ad
2459 1435 2753 1489 servitium
2791 1434 3000 1488 diaboli
3041 1434 3317 1504 venimus,
3347 1449 3450 1504 per

127 1526 337 1580 excedit.
375 1527 478 1579 Per
508 1525 750 1596 simplex
781 1525 1030 1580 ofﬁcium
1056 1525 1304 1596 spiritale
1331 1525 1614 1580 reveletur
1632 1540 1724 1578 ar-
1823 1525 2264 1580 misericordiam
2285 1527 2354 1582 ad
2374 1527 2657 1582 Christum
2676 1527 2977 1582 Dominum
3002 1527 3314 1582 redeamus.
3345 1528 3452 1580 Per

127 1633 324 1671 canum.
362 1618 692 1672 Humanitas
737 1617 1006 1686 cernitur,
1053 1619 1110 1672 et
1149 1617 1407 1671 divinitas
1442 1617 1726 1673 adoratur.
1823 1618 2186 1689 voluptatem,
2213 1622 2382 1691 atque
2409 1619 2695 1674 luxuriam
2717 1619 3081 1674 durissimum
3101 1620 3311 1690 jugum
3337 1619 3452 1673 dia-

127 1709 380 1764 Exhibent
401 1725 629 1777 aurum,
652 1710 784 1764 thus
810 1714 866 1764 et
889 1709 1200 1780 myrrham.
1226 1710 1351 1763 Plus
1367 1709 1426 1762 in
1448 1709 1728 1779 mysteriis
1825 1709 1940 1764 boli
1965 1711 2352 1781 sustinuimus,
2381 1729 2484 1782 per
2509 1712 2860 1782 charitatem,
2887 1717 3056 1784 atque
3073 1711 3354 1782 justitiam
3375 1711 3451 1765 le-

127 1818 279 1872 quam
311 1801 369 1856 in
398 1801 754 1856 conscientiis
783 1802 1098 1870 offerentes,
1128 1801 1187 1855 in
1212 1801 1334 1855 auri
1359 1817 1616 1870 munere,
1644 1817 1793 1875 re-‘
1829 1818 1892 1856 ve
1909 1802 2119 1874 jugum
2143 1803 2349 1858 Christi
2385 1805 2666 1875 suscipere
2691 1805 3042 1860 festinemus.
3083 1807 3188 1860 Per
3215 1805 3329 1858 vias
3362 1804 3448 1859 in-

129 1869 207 1965 gia
244 1894 502 1964 dignitas,
536 1895 601 1948 in
640 1894 826 1948 thuris
855 1869 1091 1964 vapore,
1119 1893 1310 1948 divina
1346 1869 1626 1963 majestas.
1667 1869 1806 1948 lnB
1827 1869 2104 1950 ﬁdelitatis
2123 1900 2288 1967 atque
2302 1869 2567 1968 nequitia:
2579 1897 2797 1952 diabolo
2809 1897 3104 1952 infeliciter
3122 1897 3451 1965 servientes,

127 1987 352 2058 myrrhae
379 1987 562 2058 specie
596 1986 914 2058 sepelienda
941 1987 1356 2042 demonstratur
1383 1986 1727 2040 humanitas.
1829 1987 1898 2041 ab
1923 1988 2254 2057 angelorum
2273 1989 2534 2044 societate
2554 1989 2930 2058 discessimus,
2953 1989 3454 2060 perviasbonitatis

128 2083 192 2134 Ac
221 2080 290 2134 sic
311 2079 643 2134 Trinitatem
671 2079 967 2134 oblationis
994 2095 1268 2133 numerus
1295 2078 1568 2149 loquitur,
1599 2077 1730 2131 uni-
1830 2095 1893 2133 ac
1918 2079 2047 2134 ﬁdei
2065 2080 2245 2134 redire
2269 2081 2340 2134 ad
2364 2081 2673 2152 principale
2721 2082 3066 2136 studeamus.
3112 2081 3169 2136 Si
3213 2081 3319 2135 hoc
3360 2097 3454 2135 or-

125 2177 282 2227 tatem
308 2173 523 2227 devotio
553 2188 671 2226 una
702 2175 970 2241 testatur;
997 2188 1060 2224 ac
1085 2187 1188 2242 per
1211 2171 1343 2239 hoc,
1371 2169 1528 2241 vigili
1553 2169 1735 2225 inten—
1832 2174 1964 2230 dine
1994 2175 2108 2229 vias
2139 2177 2461 2232 mortiferas
2479 2177 2882 2248 relinquentes,
2935 2177 3052 2232 vias
3097 2177 3226 2232 vitae
3267 2182 3458 2232 tenere

127 2264 258 2320 tione
286 2265 464 2320 cordis
492 2265 704 2319 caelum
733 2265 1058 2319 studeamus
1084 2263 1352 2334 aspicere,
1377 2262 1421 2316 si
1451 2263 1522 2316 ad
1569 2262 1732 2318 Chri-
1831 2268 2197 2336 voluerimus,
2229 2269 2298 2324 de
2323 2269 2550 2324 sinistra
2575 2270 2830 2325 translati
2853 2270 2926 2324 ad
2957 2271 3234 2340 dextram,
3255 2286 3455 2341 mago-

128 2362 258 2411 stum
281 2357 536 2428 cupimus
562 2357 880 2428 pervenire.
913 2356 1128 2427 Dirigat
1159 2355 1321 2409 nobis
1363 2354 1596 2409 semitas
1633 2354 1736 2409 viae
1833 2377 1963 2415 rum
1987 2361 2193 2416 itinera
2234 2362 2474 2418 ﬁdeliter
2510 2380 2574 2417 ac
2616 2362 2853 2418 feliciter
2891 2379 3190 2434 possumus
3227 2363 3455 2416 imitari.

127 2450 374 2519 perfectas
398 2449 558 2505 stella
575 2449 835 2520 justitiaa.
859 2448 940 2515 Ei,
964 2449 1062 2520 qui
1089 2447 1230 2503 dixit
1255 2463 1268 2500 :
1299 2449 1420 2503 Non
1450 2448 1737 2516 apparebis
1833 2453 1938 2518 Qui
1967 2454 2123 2524 prius
2153 2455 2365 2509 solebat
2397 2471 2487 2509 res
2525 2455 2736 2510 alienas
2777 2455 2997 2523 tollere,
3049 2459 3107 2510 et
3132 2471 3284 2510 nunc
3331 2471 3460 2508 suas

127 2549 176 2598 in
200 2551 467 2617 conspectu
492 2563 611 2602 meo
659 2561 860 2601 vacuus
898 2545 1092 2615 (Exod.
1133 2545 1284 2616 mn)
1322 2543 1644 2613 offeramus,
1684 2547 1740 2598 et
1835 2547 2066 2616 coeperit
2091 2546 2528 2601 misericorditer
2561 2563 2816 2618 erogare,
2845 2563 2960 2602 non
2985 2547 3088 2600 tibi
3111 2547 3332 2602 videtur
3357 2563 3461 2617 per

127 2659 218 2697 nos
257 2659 457 2699 aurum
504 2642 663 2710 fidei,
710 2641 930 2714 pietatis
963 2645 1234 2712 aromata,
1279 2639 1546 2696 castitatis
1586 2640 1739 2695 holo-
1837 2639 2009 2693 aliam
2033 2639 2182 2693 viam
2212 2639 2470 2694 incedere
2492 2657 2509 2708 ;
2539 2639 2638 2711 qui
2663 2640 2772 2694 fuit
2799 2640 3038 2710 adulter,
3067 2645 3122 2694 et
3150 2644 3235 2694 est
3253 2642 3456 2708 castus;

129 2739 316 2806 causta,
335 2737 648 2808 spiritalem
673 2751 899 2806 quoque
913 2735 1205 2805 myrrham
1230 2734 1540 2788 habeamus
1563 2733 1623 2786 in
1641 2749 1740 2787 no-
1836 2731 1935 2803 qui
1959 2731 2069 2785 fuit
2097 2731 2366 2800 ebriosus,
2395 2735 2452 2787 et
2477 2738 2561 2787 est
2590 2732 2838 2798 sobrius;
2868 2733 2965 2804 qui
2993 2732 3203 2787 solebat
3227 2732 3462 2787 maledi—

126 2827 218 2896 his,
260 2845 380 2900 qua:
428 2829 508 2884 ita
563 2827 782 2883 animas
827 2833 1045 2881 nostras
1093 2826 1335 2893 condiat,
1373 2831 1439 2880 ut
1475 2825 1670 2880 illaesas
1706 2842 1740 2879 a
1837 2840 1982 2895 cere,
2028 2831 2084 2880 et
2123 2824 2432 2893 benedicit;
2477 2824 2576 2896 qui
2607 2825 2792 2879 fuerat
2819 2825 3062 2894 invidus,
3107 2830 3166 2880 et
3190 2829 3275 2880 est
3300 2825 3458 2878 beni-

127 2922 318 2990 peccati
343 2919 706 2994 corruptione
731 2919 1022 2975 custodiat.
1051 2920 1326 2974 Mutemus
1350 2918 1519 2987 viam,
1552 2919 1597 2972 si
1617 2934 1742 2989 per-
1839 2933 1984 2988 gnus
2012 2933 2024 2971 :
2058 2917 2103 2970 si
2130 2916 2284 2971 enim
2311 2917 2658 2972 orationibus
2681 2917 2849 2972 simul
2884 2922 2942 2973 et
2966 2917 3128 2972 bonis
3177 2917 3460 2990 operibus,

128 3015 301 3070 venire
328 3020 590 3086 Optamus
611 3013 681 3068 ad
702 3011 964 3085 patriam,
993 3011 1062 3066 ad
1091 3011 1332 3083 patriam
1357 3011 1555 3082 utique
1583 3011 1740 3065 caele.
1838 3010 1950 3063 Deo
1979 3008 2302 3077 auxiliante,
2349 3010 2744 3064 contendimus
2781 3010 2888 3065 hoc
2917 3010 3113 3065 ordine
3143 3009 3458 3064 conversio-

129 3111 276 3162 stem.
305 3110 380 3162 Ac
407 3108 454 3162 si
495 3109 652 3162 inter
684 3111 988 3176 utrumque
1027 3104 1452 3174 commercium,
1489 3108 1555 3158 ut
1593 3102 1743 3157 illius
1839 3117 1982 3156 num
2028 3107 2353 3156 nostrarum
2393 3101 2598 3157 itinera
2643 3102 2701 3157 in
2751 3102 2956 3158 melius
2993 3105 3364 3172 commutare,
3395 3103 3466 3158 ad

129 3199 274 3254 nobis
298 3200 706 3272 proprietatem
730 3215 838 3277 usu
861 3197 1024 3252 istius
1060 3213 1484 3268 comparemus;
1515 3196 1593 3250 ita
1619 3195 1731 3251 ela-
1760 3226 1816 3300 Ο
1841 3199 2110 3248 aeternam
2121 3193 2528 3249 beatitudinem
2553 3194 2864 3266 poterimus
2881 3194 3121 3250 feliciter
3143 3195 3460 3266 pervenire.

128 3270 490 3362 heremum—ut
519 3292 675 3347 illius
703 3270 806 3345 ista
828 3289 902 3344 sit
925 3289 1195 3361 pretium.
1761 3270 1816 3300 υ
1843 3287 1998 3351 Quod
2039 3291 2305 3357 praestare
2361 3287 2629 3358 dignetur
2678 3287 2776 3358 qui
2825 3303 2954 3342 cum
3017 3289 3180 3342 Patre
3245 3293 3302 3342 et
3343 3287 3468 3359 Spi-

195 3386 326 3441 lllud
351 3389 545 3460 autem
572 3384 726 3456 quod
751 3383 830 3438 ait
858 3381 1232 3454 Evangelista,
1263 3397 1461 3452 magos
1489 3380 1742 3436 admoni-
1843 3379 1958 3434 ritu
2001 3383 2191 3434 sancto
2239 3378 2376 3432 vivit
2410 3383 2466 3434 et
2508 3383 2712 3450 regnat
2749 3379 2808 3434 in
2851 3379 3057 3434 saecula
3110 3380 3462 3436 saeculorum.

130 3482 206 3533 tos
229 3495 343 3535 esse
367 3480 429 3534 in
460 3477 700 3547 somnis,
727 3493 800 3532 ne
829 3468 1080 3532 redirent
1099 3475 1172 3530 ad
1196 3474 1494 3545 Herodem,
1523 3474 1622 3530 sed
1647 3489 1750 3545 per
1848 3475 2049 3526 Amen.

989 3808 1852 3950 SERMON
1860 3809 2105 3947 ES
2195 3808 2626 3950 DUO

255 4045 692 4133 SANCTO
808 4043 1236 4130 SEDATO
1353 4040 2094 4128 BITTERRENSI
2201 4040 2745 4128 EPISCOPO
2857 4039 3342 4131 TRIBUTI.

369 4323 694 4406 (Exstant
717 4323 836 4386 sub
863 4323 1124 4387 nomine
1151 4323 1364 4388 sancti
1388 4324 1778 4406 Augustini,
1810 4322 1957 4386 Pati

1652 4324 1778 4400 ini,
1810 4322 2058 4386 Patrol.
2091 4331 2244 4385 tom.
2291 4321 2361 4400 V,
2385 4332 2561 4405 part.
2595 4340 2657 4398 ιι,
2690 4322 2806 4386 col.
2842 4325 3240 4404 1001-1005.)

143 4489 3472 4540 ὥ

1509 4673 1678 4719 ANNO
1718 4672 1936 4719 DOMINI
1979 4673 2146 4718 DXCI.

325 4745 340 4756 ’
466 4813 1720 5025 SANCTUS
1870 4814 3160 5065 ABEGIUS,

1424 5107 2182 5400 Αιιιῖἷιιιδ,

863 5455 1466 5576 ABBAS
1553 5452 2784 5575 ATTANENSIS.

145 5788 406 5870 (Hujus
447 5787 668 5850 sancti
717 5786 930 5852 Vitam
973 5797 1037 5853 et
1077 5797 1528 5855 testamentum
1571 5789 1780 5872 legere
1819 5797 1914 5872 est
1953 5789 2118 5853 inter
2158 5806 2366 5872 opera
2403 5786 2712 5872 Gregorio
2762 5788 3114 5858 Turonensi
3153 5794 3490 5871 attributa,

1235 5878 1389 5934 tom.
1431 5868 1736 5952 praem,
1775 5870 1892 5934 col.
1939 5875 2095 5934 1119
2137 5868 2210 5933 ei
2241 5868 2446 5950 1143.)
