4022 6424
592 433 3974 494 W

1959 625 2168 672 EODEM
2209 625 2516 672 TEMPORE.

1431 780 3032 990 COGITOSUS.

1188 1087 1585 1204 Canis.,
1685 1089 2270 1189 Thesaurus
2353 1119 2804 1188 manum.
2885 1102 3124 1186 tom.
3211 1083 3297 1182 Ῑ.

1327 1413 1993 1567 ΝΟΤΙΤΙΑ,
2066 1415 2275 1538 EX
2323 1593 2328 1599 _
2369 1411 2915 1539 BASNA(

1582 1415 1993 1567 l‘ITIA,
2066 1415 2275 1538 EX
2323 1593 2328 1599 _
2369 1409 3170 1539 BASNAGIO.

643 1717 966 1788 Cogitosum
991 1717 1083 1772 hic
1112 1717 1458 1788 reponimus,
1484 1717 1722 1772 aliorum
1760 1719 2010 1789 vestigiis
2051 1719 2188 1773 insi-
2213 1719 2508 1804 Amaticae
2537 1718 2692 1788 leges
2720 1721 2911 1788 peccat
2946 1715 3154 1787 saepius
3196 1714 3293 1769 ille
3344 1713 3619 1785 scriptor,
3670 1719 3734 1768 et
3787 1713 3978 1784 stylus

572 1813 781 1864 stentes
807 1811 1190 1881 potius,quam
1211 1815 1415 1865 nostrae
1434 1811 1722 1865 sententiae
1742 1810 2192 1882 addicti.Quippe
2293 1811 2616 1865 Barbariem
2661 1809 2851 1863 saeculi
2891 1825 3004 1880 quo
3042 1807 3184 1862 vixit
3233 1805 3472 1861 indicat.
3522 1807 3656 1861 Vita
3707 1805 3978 1876 Brigida:

572 1903 755 1958 multo
795 1903 1160 1957 recentiorem
1195 1904 1476 1958 credimus
1518 1903 1678 1956 illum
1709 1903 2058 1974 scriptorem.
2089 1905 2191 1957 Po-
2291 1919 2462 1974 quam
2489 1901 2782 1972 descripsit
2795 1906 2910 1956 tota
2925 1900 3214 1955 miraculis
3235 1902 3434 1968 scatet,
3456 1903 3673 1971 utpote
3695 1914 3872 1970 quae,
3899 1914 3981 1952 se-

572 1995 742 2048 stulat
767 1995 996 2065 quidem
1016 1996 1331 2065 Cogitosus,
1358 1999 1424 2050 ut
1452 1999 1646 2050 oretur
1670 2011 1773 2066 pro
1801 2012 1857 2049 se
1872 2001 2056 2065 nepote
2075 1996 2190 2050 cul—
2291 1995 2542 2049 cundum
2563 1995 2769 2065 ipsum,
2785 1999 3036 2062 potenter
3063 1995 3247 2048 omnia
3267 2007 3389 2062 qua
3417 1991 3806 2046 desiderabat
3847 2007 3980 2062 ope-

566 2090 764 2158 pabili.
787 2091 892 2145 Sed
917 2107 974 2145 se
1005 2090 1245 2162 Brigidaa
1286 2097 1526 2160 nepotem
1570 2108 1685 2145 non
1729 2091 1882 2158 dicit,
1927 2107 2029 2146 nec
2073 2108 2193 2146 rem
2292 2092 2526 2142 raretur.
2554 2086 2716 2141 Canis
2745 2101 2861 2140 non
2888 2103 3056 2140 ausus
3082 2090 3186 2154 est,
3214 2089 3280 2139 ut
3303 2085 3548 2156 quidem
3579 2085 3833 2154 asserit,
3882 2101 3978 2138 co-

573 2181 681 2252 ipsi
709 2181 1009 2252 gloriosam
1039 2183 1296 2238 siluisset.
1327 2187 1411 2237 An
1432 2199 1499 2238 ex
1527 2181 1658 2252 ﬁlia,
1685 2200 1758 2238 an
1783 2199 1851 2238 ex
1892 2199 2078 2238 sorore
2108 2183 2193 2237 vel
2293 2179 2517 2234 medere
2549 2178 2865 2248 depositum
2889 2178 3069 2233 beatae
3096 2177 3354 2248 virginis,
3386 2177 3489 2232 sed
3517 2183 3722 2232 custos
3741 2181 3985 2248 patiens

573 2273 746 2327 fratre
769 2290 944 2344 nepos
956 2274 1136 2328 dictus
1153 2275 1262 2328 est?
1275 2274 1378 2330 Sed
1393 2276 1536 2329 nulli
1554 2280 1944 2330 memorantur
1956 2275 2196 2346 Brigida;
2297 2272 2445 2325 lardi
2467 2270 2653 2325 divina
2677 2271 2990 2324 refrenatus
3021 2269 3230 2324 virtute
3273 2269 3513 2324 exstitit.
3554 2271 3784 2325 Mirare
3824 2271 3983 2341 quod

573 2365 661 2418 vel
689 2365 890 2419 fratres
926 2367 1013 2420 vel
1034 2382 1269 2434 sorores,
1302 2383 1405 2421 nec
1430 2367 1603 2420 tiliam
1627 2367 1809 2438 potuit
1837 2367 2042 2421 habere
2067 2383 2194 2437 quae
2293 2363 2391 2416 illa
2415 2363 2574 2433 virgo
2600 2363 2782 2416 virum
2812 2362 3170 2417 eremiticum
3197 2362 3627 2432 convocaverit,
3667 2366 3744 2416 ut
3789 2363 3980 2417 eccle-

573 2456 733 2528 virgo
760 2459 1084 2528 permansit.
1103 2459 1223 2522 Qua
1241 2459 1455 2513 ratione
1473 2460 1646 2530 igitur
1663 2476 1720 2513 se
1742 2465 1981 2529 nepotem
2001 2459 2192 2529 appel-
2295 2455 2437 2510 siam
2460 2455 2518 2509 in
2545 2454 2844 2526 epiSCOpali
2863 2453 3136 2526 dignitate
3173 2471 3307 2508 cum
3352 2471 3419 2508 ea
3467 2455 3888 2526 gubernaret;
3933 2461 3986 2509 et

574 2549 956 2615 laverit,nobis
981 2567 1140 2620 aeque
1161 2567 1224 2603 ac
1244 2551 1460 2606 Canisio
1485 2551 1785 2606 incertum.
1809 2551 1900 2605 Ait
1925 2556 2198 2622 praeterea
2293 2553 2486 2619 postea
2512 2549 2585 2602 sic
2612 2552 2833 2601 unctum
2855 2552 3020 2618 caput
3039 2552 3088 2602 et
3115 2548 3428 2602 beatissima
3447 2549 3798 2618 puellarum
3821 2552 3986 2618 prin-

573 2641 862 2711 Cogitosus
877 2645 1100 2697 virtutes
1112 2645 1350 2712 Brigida?
1363 2660 1468 2698 non
1483 2645 1653 2698 solum
1669 2644 1960 2705 audivisse,
1976 2643 2069 2697 sed
2080 2659 2196 2697 ocu—
2295 2640 2488 2708 cipalis
2517 2639 2665 2694 felici
2689 2639 2980 2708 comitatu,
3008 2640 3392 2710 principalem
3414 2640 3744 2695 ecclesiam
3769 2642 3982 2696 erexit.

577 2734 992 2790 lissuisvidisse.
1018 2735 2198 2806 SedhicnonagiturdemiraculisaBrigida
2295 2732 2645 2802 Stupendum
2693 2731 2882 2799 etiam,
2939 2731 3223 2803 virginem
3303 2733 3698 2788 saluberrima
3764 2738 3984 2790 semina

467 2877 473 2880 _
575 2826 714 2880 dum
733 2826 941 2880 viveret
959 2828 1210 2898 patratis.
1232 2827 1758 2898 VideratCogitosus
1774 2831 2032 2897 portenta
2047 2843 2198 2897 quee-
2292 2825 2442 2878 verbi
2470 2825 2726 2878 dominici
2755 2840 2821 2878 ex
2863 2840 3006 2880 more
3047 2826 3459 2881 consuetudinis
3497 2827 3779 2882 omnibus
3819 2830 3984 2883 semi-

578 2917 792 2984 dam,in
811 2918 2196 2990 ejustemplooperarisolita;quodillamjamprius
2293 2931 2471 2970 nasse.
2517 2917 2644 2971 Haec
2686 2916 2839 2970 enim
2865 2917 3087 2988 legibus
3115 2919 3519 2974 adversantur.
3565 2920 3727 2975 Nata
3765 2919 3984 2975 dicitur

577 3009 897 3064 defunctam
912 3010 1456 3082 indicat,probatque
1475 3028 1590 3065 non
1609 3011 1980 3078 coaevum,sed
2001 3026 2194 3065 recen-
2214 3077 2259 3082 _
2294 3008 2519 3080 Brigida
2541 3024 2692 3063 anno
2714 3011 2838 3064 439.
2855 3008 3022 3079 Obiit,
3041 3010 3359 3065 secundum
3379 3011 3808 3082 Sigebertum,
3830 3029 3982 3066 anno

576 3101 959 3156 tioremfuisse
977 3077 1320 3172 Cogitosum,
1344 3077 1441 3174 qui
1457 3103 1695 3174 Brigidze
1713 3077 1949 3158 viventis
1963 3102 2195 3158 virtutes
2214 3077 2272 3150 Β
2295 3077 2418 3170 518,
2460 3100 2549 3155 vel
2583 3117 2732 3155 anno
2761 3104 2884 3170 521,
2927 3077 3243 3156 secundum
3283 3077 3610 3158 Martinum
3657 3077 3982 3173 Polonum,

578 3210 613 3248 a
648 3193 953 3265 majoribus
989 3199 1210 3250 tantum
1247 3195 1616 3264 inaudiverat,
1659 3212 1774 3250 non
1814 3195 2028 3250 viderat
2052 3195 2192 3266 ipse.
2293 3209 2463 3265 quem
2505 3193 2758 3265 sequitur
2790 3193 3080 3249 Baronius.
3133 3194 3421 3267 Distingui
3473 3195 3663 3252 debet
3694 3198 3776 3253 ab
3806 3199 3987 3253 altera

579 3287 848 3342 Describit
865 3287 1153 3358 Cogitosus
1179 3288 1417 3358 parietes
1455 3289 1739 3343 decoratos
1766 3288 1927 3360 pictis
1969 3287 2192 3355 tabulis,
2295 3285 2548 3356 Brigitta,
2579 3302 2706 3357 quas
2733 3286 2934 3340 saeculo
2963 3302 3055 3342 xxv
3082 3286 3241 3358 vixit,
3269 3292 3328 3343 et
3351 3289 3500 3344 ccelo
3549 3290 3838 3363 ascripta
3881 3291 3987 3346 fuit

580 3384 630 3434 et
665 3381 990 3448 imaginibus
1027 3381 1273 3450 depictis,
1306 3397 1431 3452 quas
1466 3381 1774 3452 posteriora
1817 3380 2072 3436 redolent
2100 3396 2198 3434 sae-
2295 3395 2328 3432 a
2354 3378 2636 3434 Bonifacio
2661 3378 2927 3450 pontiﬁce
2951 3379 3208 3435 Romano
3237 3396 3334 3437 an.
3370 3383 3542 3438 4391.
3577 3383 3666 3438 De
3699 3383 3812 3439 illa
3845 3401 3983 3440 con-

543 3453 550 3468 ’
579 3472 736 3540 cula;
767 3489 882 3528 non
911 3473 1064 3528 enim
1084 3474 1314 3528 ineunte
1339 3475 1544 3529 saeculo
1573 3490 1627 3527 vr
1646 3473 2028 3544 pingebantur
2051 3473 2194 3526 ima-
2295 3471 2404 3526 suli
2427 3475 2611 3543 potest
2633 3472 2937 3527 Casimirus
2963 3473 3170 3543 Oudin,
3203 3473 3304 3545 qui
3333 3488 3469 3530 eam
3489 3491 3662 3533 anno
3695 3480 3816 3534 530
3844 3478 3986 3534 assi-

581 3564 738 3636 gines
767 3566 827 3620 in
851 3567 1076 3638 templis
1099 3566 1493 3622 Hibernorum.
1521 3566 1772 3638 Denique
1793 3571 1985 3622 contra
1997 3567 2196 3620 Gram-
2299 3568 2454 3634 gnat.
2483 3565 2666 3636 suppl.
2695 3564 2763 3620 de
2792 3565 2969 3637 Scrip.
2995 3582 3088 3637 ep.
3121 3567 3245 3622 l08.

589 3902 1399 4053 SANCTzE
1505 3905 2174 4058 BRIGID

2471 3904 3349 4058 VIRGINIS
3465 3910 3986 4128 VITA

1656 4162 1726 4242 A
1779 4159 2230 4242 COGITOSO
2285 4159 2840 4244 ADORNATA.

2023 4443 2477 4574 prologue.

663 4731 872 4807 Cogisti
898 4747 1011 4804 me,
1032 4732 1252 4803 fratres,
1279 4737 1345 4787 ut
1369 4735 1572 4786 sanctae
1599 4733 1654 4784 et
1675 4727 1851 4784 beatae
1876 4728 2166 4784 memoriae
2190 4729 2430 4802 Brigidae
2455 4728 2690 4801 virginis
2715 4729 2948 4786 virtutes
2969 4734 3028 4787 et
3052 4747 3246 4803 opera,
3273 4749 3448 4792 more
3480 4737 3847 4816 doctorum,
3878 4759 3983 4800 me-

582 4824 778 4880 moria:
795 4823 1108 4896 litterisque
1137 4823 1360 4878 tradere
1386 4819 1706 4892 aggrediar.
1729 4819 1886 4884 Quod
1912 4836 2053 4890 opus
2081 4818 2427 4890 impositum,
2457 4822 2515 4874 et
2539 4818 2790 4874 delicatae
2814 4819 3066 4876 materia:
3090 4821 3363 4894 arduum,
3380 4829 3717 4897 parvitatis
3745 4840 3810 4890 et
3834 4835 3980 4906 igno-

581 4914 777 4969 rantia:
801 4929 944 4968 mese
971 4915 1027 4968 et
1051 4912 1262 4982 linguae
1287 4910 1522 4966 minime
1548 4907 1826 4963 convenit.
1853 4908 1959 4963 Sed
1985 4912 2182 4979 potens
2204 4913 2287 4964 est
2311 4909 2455 4963 Deus
2480 4908 2548 4964 de
2568 4907 2819 4962 minimis
2844 4925 3055 4982 magna
3078 4911 3285 4984 facere,
3307 4919 3378 4970 ut
3407 4915 3483 4972 de
3511 4921 3756 4994 exiguo
3781 4926 3912 4981 oleo
3937 4930 3981 4979 et

582 5003 779 5058 farina:
802 5004 1018 5075 pugillo
1048 5003 1284 5058 domum
1310 5002 1566 5073 implevit
1594 5001 1950 5072 pauperculae
1975 5000 2158 5055 viduae
2190 5000 2292 5070 (III
2313 5003 2442 5069 Reg.
2466 5017 2578 5056 xvn
2592 5018 2610 5070 ;
2636 5003 2723 5058 IV
2736 5005 2866 5071 Reg.
2891 5003 2986 5074 Iv).

652 5114 842 5182 Itaque
860 5111 1206 5182 jussionibus
1231 5110 1428 5166 vestris
1443 5114 1686 5179 coactus,
1707 5108 1848 5200 satis
1865 5108 2066 5200 liabeo
2081 5125 2269 5200 meam
2294 5125 2408 5200 non
2426 5109 2666 5165 defuisse
2686 5110 3091 5183 obedientiam,
3123 5117 3182 5169 et
3205 5114 3337 5171 ideo
3357 5133 3557 5189 pauca
3581 5123 3666 5181 de
3690 5128 3978 5200 pluribus,

584 5218 616 5292 a
639 5201 944 5270 majoribus
969 5207 1024 5256 et
1046 5201 1400 5292 peritissimis
1429 5200 1650 5265 tradita,
1675 5199 1793 5292 sine
1821 5198 1936 5253 ulla
1959 5199 2342 5292 ambiguitatis
2368 5199 2628 5292 caligine,
2660 5201 3160 5292 ne_inobedientiae
3187 5205 3414 5262 crimen
3435 5198 3801 5289 incurram,
3832 5225 3977 5292 pate.

582 5290 764 5344 facere
791 5305 1010 5345 censeo.
1042 5291 1120 5346 Ex
1147 5290 1353 5360 quibus
1381 5292 1595 5360 quanta
1619 5289 1910 5360 qualisque
1937 5287 2098 5359 virgo
2123 5289 2397 5343 virtutum
2421 5289 2697 5344 bonarum
2722 5290 2940 5360 ﬂorida,
2993 5298 3334 5350 cunctorum
3368 5299 3566 5356 oculis
3631 5287 3977 5365 inndtéscat.

583 5378 706 5432 Non
733 5378 882 5448 quod
905 5377 1198 5448 memoria,
1225 5383 1282 5433 et
1311 5377 1684 5446 mediocritas,
1713 5382 1766 5431 et
1795 5376 2032 5431 rusticus
2056 5393 2239 5432 sermo
2263 5377 2538 5448 ingenioli
2564 5378 2676 5433 mei
2702 5379 2844 5434 tanti
2872 5382 3126 5436 muneris
3170 5383 3429 5442 ofﬁcium
3476 5393 3813 5464 explicare
3855 5401 3979 5455 vale-

583 5470 690 5566 ret,
715 5466 818 5608 se;
838 5465 967 5609 {Elei
980 5473 1182 5565 vestrae
1208 5467 1512 5533 beatitudo,
1540 5469 1596 5520 et
1622 5465 1945 5520 orationum
1971 5470 2282 5520 vestrarum
2311 5465 2649 5521 diuturnitas
2675 5473 2928 5524 meretur
2950 5469 3210 5542 accipere
3235 5475 3396 5544 quod
3436 5493 3568 5535 non
3615 5487 3794 5544 valet
3832 5489 3975 5560 inge-

583 5571 747 5609 nium
803 5570 854 5608 1c
913 5562 1043 5609 ntis.

583 5562 747 5609 nium
766 5562 1043 5610 dictantis.

655 5663 780 5718 Haec
805 5677 943 5732 ergo
971 5660 1214 5733 egregiis
1236 5676 1486 5716 crescens
1511 5657 1827 5730 virtutibus,
1857 5665 1913 5716 et
1939 5678 2041 5734 per
2065 5660 2276 5718 famam
2297 5661 2574 5720 bonarum
2599 5681 2792 5721 rerum
2818 5666 2889 5722 ad
2917 5683 3043 5724 eam
3067 5668 3138 5724 de
3165 5671 3446 5730 omnibus
3501 5685 3864 5750 provinciis
3909 5687 3974 5740 gi.

583 5752 798 5808 herniae
824 5749 1260 5805 innumerabiles
1281 5749 1473 5835 populi
1495 5750 1564 5804 de
1588 5753 1833 5819 utroque
1858 5766 1994 5806 sexu
2015 5751 2379 5824 conﬂuentes,
2392 5757 2522 5809 vota
2548 5753 2654 5809 sibi
2677 5756 3295 5828 voventes,voluntarie
3321 5779 3507 5822 suum
3518 5749 3972 5835 monasterium.

586 5844 756 5911 caput
771 5853 918 5910 pene
939 5838 1196 5893 omnium
1216 5827 1662 5893 Biberniensium
1679 5837 2073 5910 Ecclesiarum,
2106 5847 2162 5897 et
2189 5843 2411 5898 culmen
2439 5844 2763 5915 praecellens
2792 5827 2982 5902 omnia
3012 5852 3364 5908 monasteria
3405 5827 3973 5936 Scotonig;
