4022 6418
141 343 245 394 777
1419 343 1462 397 A
1498 341 1813 396 cocrroso
1849 339 2223 397 ADORNATA.
3370 350 3505 416 .778

139 446 420 516 parochia
440 462 548 518 per
571 450 747 502 totam
777 447 1180 502 Hibernensem
1209 453 1420 503 terram
1449 449 1670 517 diffusa,
1701 466 1735 502 a
1758 449 1900 502 mari
1931 465 2110 519 usque
2130 449 2201 502 ad
2229 464 2390 502 mare
2419 453 2646 503 extensa
2665 453 2768 515 est,
2800 449 2856 503 in
2889 450 3292 520 campestribus
3321 453 3508 524 campi

152 534 396 602 Litl‘eim,
427 553 600 607 supra
625 537 1060 592 fundamentum
1093 537 1220 591 fidei
1247 538 1477 592 ﬁrmum
1504 539 1835 606 construxit,
1859 541 1917 590 et
1941 539 2205 608 prudenti
2229 538 2643 610 dispensatione
2664 539 2732 592 de
2751 539 3042 593 animabus
3057 555 3252 593 eorum
3276 541 3504 612 regula-

141 623 293 678 riter
320 624 380 678 in
407 625 676 679 omnibus
704 643 1033 696 procurans,
1062 632 1119 680 et
1139 627 1206 680 de
1233 628 1490 681 Ecclesiis
1520 630 1826 681 multarum
1865 627 2283 697 provinciarum
2309 627 2415 681 sibi
2443 627 2857 681 adhaarentibus
2882 627 3204 695 sollicitans,
3233 633 3290 682 et
3313 644 3504 683 secum

142 713 468 780 revolvens,
499 714 654 784 quod
681 714 801 767 sine
827 731 1050 767 summo
1079 715 1385 780 sacerdote,
1420 715 1518 785 qui
1546 715 1802 768 ecclesias
1830 718 2197 782 consecraret,
2226 721 2282 769 et
2307 715 2706 770 ecclesiasticos
2727 715 2783 768 in
2811 715 2892 769 eis
2919 715 3126 786 gradus
3148 715 3500 787 subrogaret,

141 817 270 854 esse
300 818 418 855 non
445 807 670 871 posset;
701 802 982 856 illustrem
1013 803 1200 856 virum
1225 809 1281 857 et
1303 804 1636 872 solitarium,
1669 803 1931 857 omnibus
1956 804 2206 857 moribus
2222 809 2507 870 ornatum,
2539 821 2643 874 per
2666 820 2838 874 quem
2871 805 3013 858 Deus
3042 803 3275 858 virtutes
3303 821 3502 874 opera-

143 895 243 942 tus
270 896 356 943 est
381 891 678 961 plurimas,
706 908 1016 957 convocans
1039 908 1172 946 eum
1197 892 1265 946 de
1297 909 1487 946 eremo
1515 897 1571 946 et
1595 893 1662 947 de
1693 909 1792 946 sua
1818 891 1931 946 vita
1957 892 2224 958 solitaria,
2257 898 2313 946 et
2340 892 2416 946 ibi
2444 891 2548 946 sibi
2577 893 2797 946 obviam
2824 909 3086 964 pergens,
3113 897 3180 946 ut
3206 893 3504 948 Ecclesiam

145 979 210 1030 in
243 979 554 1076 episcopali
587 979 860 1050 dignitate
907 997 1037 1034 cum
1067 996 1132 1034 ea
1161 981 1522 1050 gubernaret,
1551 987 1719 1051 atque
1754 985 1814 1035 ut
1855 981 1997 1034 nihil
2025 981 2092 1035 de
2120 982 2314 1036 ordine
2362 981 2688 1035 sacerdotali
2715 982 2774 1036 in
2817 982 2932 1036 suis
2961 981 3176 1036 deesset
3227 981 3503 1052 Ecclesiis,

147 1068 470 1122 accersivit.

229 1175 304 1273 Et.
324 1182 520 1273 postea
538 1177 615 1230 sic
645 1180 1067 1273 unctumraput
1093 1183 1149 1232 et
1173 1177 1483 1250 principale
1509 1179 1768 1233 omnium
1793 1177 2186 1250 episcoporum
2215 1184 2271 1232 et
2297 1179 2614 1234 beatissima
2639 1179 2957 1250 puellarum
2983 1178 3330 1250 principalis,
3359 1178 3509 1234 felici

149 1265 436 1319 comitatu
465 1265 614 1320 inter
643 1283 700 1320 se
717 1271 772 1320 et
801 1266 1196 1336 gubernaculis
1221 1269 1480 1322 omnium
1502 1268 1778 1322 virtutum
1795 1283 1959 1322 suam
1981 1267 2161 1322 erexit
2174 1267 2545 1339 principalem
2560 1267 2868 1334 ecclesiam,
2897 1273 2952 1322 et
2968 1268 3268 1322 amborum
3293 1267 3510 1322 meritis

147 1368 256 1405 sua
288 1353 556 1496 catheiilra
583 1354 911 1426 episcOpalis
941 1361 996 1410 et
1019 1357 1303 1426 puellaris,
1332 1374 1395 1410 ac
1421 1357 1468 1411 si
1495 1357 1622 1411 vitis
1647 1356 1919 1428 frugifera
1943 1355 2148 1411 diffusa
2174 1357 2425 1428 undique
2455 1357 2625 1411 ramis
2658 1356 3055 1425 crescentibus,
3083 1356 3145 1410 in
3169 1361 3285 1411 tota
3309 1355 3506 1410 Hiber-

147 1441 321 1495 nensi
342 1442 432 1496 ius
494 1459 527 1496 a
553 1443 804 1496 inolevit.

147 1441 321 1495 nensi
342 1442 527 1496 insula
553 1443 804 1498 inolevit.

225 1549 412 1612 Quam
439 1566 667 1622 semper
690 1553 1153 1624 Archiepiscopus
1179 1553 1632 1608 Hiberniensium
1661 1555 2055 1625 episcoporum
2082 1559 2140 1608 et
2163 1553 2460 1623 abbatissa,
2479 1569 2652 1625 quam
2671 1569 2868 1608 omnes
2897 1551 3193 1607 abbatissm
3213 1553 3507 1607 Scotorum

143 1643 518 1706 venerantur,
549 1639 698 1694 felici
724 1643 1066 1695 successione
1091 1646 1148 1696 et
1175 1642 1287 1696 ritu
1317 1647 1587 1714 perpetuo
1615 1643 1999 1698 dominantur.
2032 1643 2243 1697 Exinde
2273 1659 2430 1714 ergo,
2466 1645 2528 1696 ut
2555 1659 2721 1712 supra
2751 1642 2890 1709 dixi,
2919 1658 2952 1695 a
2974 1641 3238 1696 fratribus
3263 1645 3508 1707 coactus,

142 1727 339 1780 beata:
366 1727 537 1798 hujus
563 1727 800 1799 virginis
828 1731 1066 1801 Brigidze
1093 1731 1322 1785 virtutes
1352 1737 1471 1785 tam
1489 1748 1579 1785 eas
1605 1749 1743 1803 quas
1763 1737 1892 1786 ante
1917 1732 2316 1803 principatum,
2344 1748 2516 1802 quam
2543 1731 2678 1785 alias
2705 1747 2844 1802 quas
2885 1730 2945 1783 in
2969 1730 3288 1801 principatu
3317 1729 3506 1799 gessit,

145 1816 339 1870 multo
358 1816 544 1871 studio
567 1817 874 1886 brevitatis,
896 1821 1024 1876 licet
1049 1826 1393 1891 praapostero
1425 1822 1622 1876 ordine
1649 1821 1922 1876 virtutum
1950 1821 2349 1892 compendiose
2376 1820 2658 1892 explicare
2683 1819 2947 1874 conabor.

149 1990 432 2004 -ῄ

887 2159 1302 2252 INCIPIT
1367 2161 1644 2253 VITA
1713 2158 2182 2252 SANCTIE
2253 2157 2794 2252 BRIGIDAE.

229 2351 434 2406 Sancta
464 2349 656 2422 itaque
707 2350 955 2424 Brigida,
989 2371 1160 2424 quam
1197 2356 1340 2409 Deus
1386 2355 1682 2427 prrescivit,
1721 2356 1792 2410 ad
1813 2355 2280 2438 Amonstrabant
2324 2371 2425 2408 sua
2473 2369 2642 2424 Opera
2695 2353 2995 2424 completa,
3035 2349 3336 2423 quaesitum
3375 2353 3456 2403 est
3483 2365 3516 2402 a

147 2460 328 2498 suam
355 2443 668 2514 imaginem
697 2451 752 2499 et
779 2446 1213 2516 praedestinavit,
1240 2465 1272 2500 a
1297 2448 1614 2503 christianis
1639 2449 1793 2503 nobi-

147 2537 512 2608 lioribusque
564 2538 913 2608 parentibus,
943 2538 1010 2592 de
1061 2539 1210 2593 bona
1259 2557 1320 2594 ac
1359 2541 1793 2612 prudentissima

151 2630 339 2684 Etech
365 2630 622 2700 prosapia
652 2631 710 2684 in
746 2631 924 2686 Scotia
971 2636 1110 2700 orta,
1145 2638 1302 2703 patre
1349 2633 1640 2688 Dubtocho
1664 2647 1706 2701 i,
1737 2641 1795 2689 et

151 2730 347 2777 matre
377 2725 576 2776 Brocca
595 2723 813 2795 genita,
843 2740 874 2776 a
904 2741 1004 2777 sua
1031 2726 1267 2795 pueritia
1293 2727 1571 2781 bonarum
1601 2744 1793 2782 rerum

148 2816 365 2870 studiis
389 2816 642 2870 inolevit.
675 2817 862 2870 Electa
904 2817 1058 2870 enim
1091 2833 1160 2871 ex
1191 2819 1298 2872 Deo
1325 2820 1511 2890 puella
1540 2820 1794 2874 moribus

148 2909 374 2975 sobria,
404 2909 586 2964 aetatis
614 2925 678 2962 ac
703 2909 987 2980 pudicitiae
1013 2910 1198 2980 plena,
1227 2911 1284 2965 in
1313 2912 1542 2966 meliora
1572 2929 1794 2984 semper

147 3001 469 3057 crescebat.

232 3097 304 3150 Et
331 3095 458 3166 quis
483 3111 584 3148 sua
608 3111 800 3166 opera,
829 3113 958 3168 quae
978 3096 1146 3150 etiam
1175 3097 1233 3151 in
1274 3098 1378 3152 hac
1407 3101 1572 3154 tetate
1602 3099 1790 3170 gessit,

149 3189 335 3262 plene
358 3193 544 3258 potest
567 3203 829 3242 enarrare
857 3189 884 3244 τ
911 3191 1009 3243 sed
1030 3189 1151 3243 haec
1177 3206 1354 3260 pauca
1377 3191 1446 3245 de
1475 3192 1795 3246 innumera-

147 3281 372 3335 bilibus
396 3280 645 3350 exempli
677 3297 843 3334 causa
867 3281 1041 3352 posita
1070 3283 1598 3338 demonstrabimus.

234 3373 452 3428 Exinde
482 3374 624 3441 haec,
655 3391 785 3428 cum
837 3377 1062 3445 tempus
1108 3379 1399 3430 maturum
1441 3377 1691 3446 advenit,
1735 3377 1795 3433 in

145 3482 307 3538 Opus
329 3465 569 3536 coaguli,
597 3471 661 3520 ut
688 3466 756 3520 de
783 3467 1005 3520 turbato
1032 3483 1324 3522 vaccarum
1353 3469 1492 3523 lacte
1526 3469 1796 3540 butyrum

145 3563 528 3630 aggregaret,
559 3574 592 3612 a
616 3563 797 3612 matre
844 3559 1174 3613 transmissa
1201 3566 1283 3614 est
1311 3578 1327 3629 ;
1382 3566 1449 3615 ut
1493 3563 1636 3616 sicut
1673 3563 1795 3616 aliae

144 3652 398 3708 feminas
447 3651 554 3704 hoc
591 3667 732 3721 opus
773 3665 1034 3706 exercere
1079 3653 1362 3722 solebant,
1407 3654 1526 3724 ipsa
1569 3671 1795 3726 quoque

149 3744 377 3816 aequali
423 3760 661 3798 munere
694 3749 1027 3815 perageret;
1069 3749 1134 3798 ut
1157 3761 1288 3799 cum
1315 3747 1531 3800 caeteris
1559 3746 1617 3800 in
1648 3753 1792 3802 tem-
1817 3724 1872 3796 Β

147 3853 308 3911 pore
337 3837 579 3906 placido,
609 3853 900 3890 vaccarum
949 3837 1199 3892 fructum
1245 3855 1308 3892 ac
1363 3840 1604 3909 pondus,
1633 3857 1795 3894 men-

149 3937 545 4000 suratumque
565 3929 756 4001 butyri
784 3930 1009 3984 solitum
1036 3930 1359 4000 plenissime
1389 3932 1447 3986 in
1473 3948 1637 3986 usum
1667 3934 1795 3988 red-

149 4025 350 4080 deret.
382 4023 491 4076 Sed
527 4023 647 4076 hasc
681 4023 934 4076 moribus
985 4023 1367 4094 pulcherrima
1415 4031 1472 4080 et
1513 4026 1800 4096 hospitalis

147 4117 353 4186 virgo,
381 4114 652 4169 obaudire
677 4115 862 4185 magis
890 4117 1080 4171 volens
1105 4118 1220 4170 Deo
1249 4134 1420 4188 quam
1449 4119 1796 4190 hominibus,

145 4207 514 4282 pauperibus
557 4212 614 4262 et
655 4207 970 4278 hospitibus
1000 4209 1081 4263 lac
1124 4209 1382 4280 largitur,
1432 4216 1488 4266 et
1531 4211 1800 4283 butyrum

147 4300 477 4359 distribuit.
510 4301 576 4355 Et
618 4316 748 4354 cum
793 4302 1103 4356 secundum
1150 4308 1533 4374 Opportunum
1576 4305 1802 4362 advenit

147 4404 420 4466 tempus,
449 4397 516 4447 ut
540 4409 735 4448 omnes
780 4394 1080 4450 redderent
1108 4395 1356 4450 fructum
1381 4414 1698 4468 vaccarum,
1729 4401 1800 4455 ad

150 4504 298 4545 eam
355 4490 691 4558 perventum
743 4492 845 4542 est.
891 4488 997 4543 Sed
1041 4505 1172 4544 cum
1215 4491 1624 4561 c00peratrices
1680 4493 1802 4563 ejus

243 4617 510 4697 "Surius,
554 4618 847 4697 qui_vitam
875 4623 1079 4674 sanctae
1110 4619 1352 4697 Brigidae
1382 4623 1801 4697 paraphrastice

155 4686 352 4757 dedit,
397 4686 618 4758 patrem
665 4690 997 4760 Duptacum,
1031 4686 1270 4745 matrem
1318 4686 1579 4748 Brotseéh
1621 4702 1799 4751 vocat.

1455 4767 1589 4820 CAN.

253 4828 281 4867 ι)
303 4828 473 4909 ᾼρᾳᾶ
509 4829 736 4909 Su_rium
781 4835 1012 4909 vocatur
1063 4832 1348 4909 Machillus
1387 4837 1560 4909 sancti
1591 4836 1804 4909 Patritii

157 4899 504 4978 discipulus:
565 4901 808 4978 Fuerant
836 4906 1032 4978 autem
1069 4907 1524 4978 cqntemporanei
1574 4907 1804 4961 Patricio

162 4970 690 5052 {inquitSylvester
707 4971 960 5052 Giraldus
981 4970 1405 5052 Cambrensisin
1431 4977 1807 5052 topographia

159 5042 484 5118 Iliberrim,
531 5042 1141 5118 distincti_one_3,_cap.
1193 5049 1288 5114 18;
1318 5047 1410 5100 cui
1454 5042 1619 5118 capiti
1651 5042 1802 5102 hunc

156 5112 412 5184 titulum
440 5113 723 5182 prmﬁgit:
753 5114 904 5180 Quod
933 5115 1041 5166 tria
1065 5112 1287 5184 corpora
1315 5112 1554 5180 Patn'tc'i’,
1581 5121 1798 5180 scilicet,

158 5183 469 5244 Columbae,
523 5188 573 5236 et
612 5185 865 5251 Bn'gide,
909 5185 1062 5252 apud
1115 5183 1382 5241 Ultom’am
1423 5191 1480 5242 in
1533 5193 1807 5245 Dunuensi

155 5256 422 5326 civitate,_
449 5254 740 5326 hisAnost-ris
765 5255 950 5308 diebus
974 5258 1208 5318 inventa,
1223 5264 1348 5312 sunt
1372 5261 1652 5326 translala)
1683 5277 1804 5315 san-

157 5332 304 5406 etus
328 5323 620 5406 Qolumba,
651 5329 707 5406 et
731 5328 918 5406 sancta
957 5325 1474 5406 Brigida,_.et_apud
1504 5323 1800 5406 Ultoniam,

159 5400 234 5470 in
265 5393 466 5470 eadem
493 5394 752 5470 civitate,_
789 5393 1079 5470 Dunnensi
1127 5393 1494 5470 scilicetfquo
1543 5393 1806 5454 dominus

156 5469 382 5550 Comes
399 5465 644 5550 Joannes
668 5465 950 5550 primohin
989 5467 1316 5550 .Hiberniam
1340 5465 1530 5538 venit,
1560 5472 1719 5550 quasi
1747 5471 1806 5525 in

1891 2447 2051 2502 beata
2104 2446 2424 2517 supradicta
2474 2445 2709 2515 virgine,
2736 2450 2801 2499 ut
2841 2449 2897 2498 et
2925 2445 3045 2514 ipsa
3089 2442 3346 2496 similiter
3381 2441 3516 2494 assi-

1893 2545 2092 2611 gnaret
2127 2556 2295 2593 suum
2335 2555 2498 2609 opus.
2537 2539 2601 2592 Et
2644 2537 2766 2608 ipsa
2805 2537 2998 2590 matris
3037 2533 3243 2590 timore
3289 2533 3508 2605 pavida,

1891 2649 2020 2686 cum
2042 2647 2154 2685 non
2174 2632 2406 2685 haberet
2430 2630 2580 2702 quod
2607 2634 2968 2697 monstraret,
2997 2627 3130 2698 quia
3157 2630 3339 2680 totum
3365 2641 3510 2698 pau-

1891 2725 2120 2796 peribus
2145 2724 2415 2794 erogavit,
2444 2723 2749 2777 crastinum
2777 2738 2892 2775 non
2928 2736 3233 2792 procurans
3261 2723 3508 2790 tempus,

1893 2824 1949 2872 et
1996 2815 2442 2888 inexstinguibili
2492 2815 2716 2868 ﬂamma
2746 2813 2878 2868 ﬁdei
2923 2819 3176 2879 accensa,
3217 2828 3282 2866 ac
3325 2811 3511 2880 ﬁrma,

1892 2911 1962 2966 ad
1994 2909 2298 2964 Dominum
2339 2926 2397 2963 se
2425 2913 2754 2962 convertens
2789 2906 2984 2960 oravit.
3026 2906 3134 2960 Nec
3173 2920 3354 2970 mora,
3403 2905 3512 2957 Do-

1893 3004 2080 3058 minus
2112 3019 2305 3058 vocem
2347 3001 2581 3072 virginis
2629 3000 2862 3054 audiens
2905 3015 2970 3053 ac
3010 3014 3224 3069 preces,
3254 2997 3514 3068 largitate

1892 3096 2066 3151 divini
2083 3094 2356 3164 Numinis,
2384 3094 2528 3149 sicut
2542 3098 2625 3147 est
2651 3092 2874 3164 adjutor
2901 3091 2958 3146 in
2975 3088 3513 3162 opportunitatibus,

1893 3189 2092 3255 adfuit,
2119 3193 2175 3244 et
2202 3204 2305 3260 pro
2333 3203 2432 3240 sua
2459 3187 2516 3240 in
2537 3203 2593 3240 se
2609 3185 2840 3257 virginis
2862 3184 3199 3238 confidentia
3218 3182 3516 3237 afﬂuenter

1893 3283 2163 3352 butyrum
2195 3279 2503 3335 constituit.
2538 3278 2738 3332 Mirum
2766 3278 2823 3331 in
2871 3277 3105 3331 modum
3145 3281 3202 3330 et
3241 3276 3339 3330 illa
3375 3275 3518 3328 hora

1895 3380 2019 3446 post
2043 3373 2355 3428 orationem
2383 3373 2543 3441 virgo
2563 3370 2928 3436 sanctissima,
2951 3368 3095 3423 nihil
3123 3368 3192 3422 de
3216 3385 3318 3422 suo
3347 3383 3517 3438 opere

1895 3468 2084 3522 deesse
2137 3465 2468 3532 ostendens,
2521 3462 2619 3517 sed
2649 3478 2818 3532 super
2867 3477 3062 3515 omnes
3113 3459 3518 3530 cooperatrices

1895 3560 2206 3614 abundasse
2233 3555 2565 3611 monstravit
2601 3555 2905 3625 complesse
2935 3569 3101 3607 suum
3147 3551 3420 3606 officium.
3453 3552 3519 3605 Et

1897 3669 2026 3708 cum
2056 3651 2377 3723 plenissime
2422 3649 2714 3702 inventum
2744 3647 2802 3701 in
2848 3645 3044 3712 oculis,
3077 3645 3334 3700 omnium
3376 3643 3518 3698 tanti

1896 3745 2146 3801 muneris
2156 3743 2490 3798 miraculum
2517 3740 2780 3806 innotuit,
2799 3744 2856 3793 et
2878 3738 3170 3793 laudantes
3184 3737 3514 3802 Dominum,

1896 3839 1991 3910 qui
2010 3840 2114 3892 hoc
2142 3837 2291 3904 fecit,
2309 3842 2521 3890 tantam
2549 3833 2677 3888 ﬁdei
2704 3833 2971 3887 virtutem
2991 3830 3251 3902 virginali
3278 3834 3509 3900 pectore

1897 3931 2206 3986 constitisse
2242 3927 2506 3983 admirati
2535 3930 2686 3981 sunt.

1969 4031 2044 4080 Ac
2081 4041 2199 4078 non
2245 4022 2424 4076 multo
2455 4026 2600 4092 post,
2629 4033 2762 4074 cum
2790 4032 2914 4071 eam
2936 4015 3025 4070 sui
3055 4019 3333 4086 parentes,
3363 4029 3518 4068 more

1899 4119 2170 4187 humano,
2199 4116 2321 4170 viro
2351 4115 2690 4186 desponsare
2731 4111 2954 4178 vellent,
2984 4109 3076 4163 illa
3105 4108 3319 4163 caelitus
3344 4107 3517 4178 inspi-

1898 4217 2040 4279 rata,
2073 4228 2130 4264 se
2175 4209 2452 4280 virginem
2485 4211 2694 4262 castam
2737 4203 3004 4259 exhibere
3035 4202 3226 4256 volens
3269 4201 3403 4266 Deo,
3451 4199 3521 4254 ad

1899 4305 2224 4376 episcopum
2279 4300 2692 4356 sanctissimum
2737 4297 2914 4351 beatae
2963 4293 3253 4348 memoriae
3289 4293 3470 4348 Macca
3497 4292 3525 4332 ι)

1899 4396 2168 4468 perrexit.
2217 4395 2324 4460 Qui
2359 4393 2580 4448 caeleste
2627 4391 2854 4445 intuens
2891 4387 3232 4441 desiderium
3271 4390 3328 4440 et
3352 4383 3525 4455 pndis

1902 4491 2113 4559 citiam,
2159 4495 2214 4544 et
2255 4491 2427 4542 tantas
2457 4483 2722 4539 castitatis
2758 4495 3010 4536 amorem
3068 4479 3130 4533 in
3155 4477 3251 4532 tali
3278 4477 3517 4548 virgine,

2107 4641 2164 4689 In
2189 4639 2354 4696 burgo
2383 4637 2552 4695 Duno,
2575 4631 2776 4683 tumulo
2799 4629 3119 4696 tumulantur
3141 4627 3196 4696 in
3219 4641 3324 4677 uno

2151 4689 2377 4762 Brigida,
2396 4689 2652 4756 Patritius,
2675 4697 2828 4757 atque
2858 4690 3108 4741 Columba
3129 4689 3264 4754 pius.

1978 4818 2103 4870 Haec
2144 4812 2422 4878 Giraldus,
2452 4809 2570 4880 qui,
2603 4805 2834 4880 ibidem,
2864 4806 3119 4880 cap._t7,
3138 4802 3256 4856 haec
3279 4819 3296 4856 :
3321 4820 3348 4852 α

1902 4892 2092 4942 autem
2119 4886 2179 4938 Β.
2207 4872 2626 4939 Ρειὶι·ἰιίίιδ’θι’ίιι
2652 4876 2890 4931 Domino
2918 4872 3148 4944 quievit,
3176 4872 3524 4944 annozetatis

1905 4941 2022 5011 suae
2055 4958 2174 5022 120,
2205 4953 2274 5007 ab
2320 4949 2710 5022 incarnatione
2740 4941 2980 5022 Domini
3005 4945 3128 5022 483,
3168 4941 3238 4996 ab
3272 4943 3522 5022 adventu

1905 5013 2331 5082 Hibernensium
2392 5025 2547 5076 1800.
2572 5039 2598 5070 ››
2652 5018 2755 5073 Ubi
2794 5022 2983 5071 tamen
3015 5014 3075 5067 in
3103 5013 3360 5083 margine
3404 5013 3522 5067 hec

1822 5085 1878 5159 C
1901 5099 2051 5180 varia
2095 5097 2264 5176 lectio
2298 5092 2549 5180 apposita
2603 5094 2796 5180 estina
2824 5089 3008 5180 Anno“
3037 5083 3369 5180 aetatismsu'te
3400 5087 3520 5152 I23,

1902 5166 2298 5223 incarnationis
2334 5153 2634 5217 hbminicee
2662 5161 2784 5226 493,
2816 5156 3177 5228 pontificante
3218 5153 3394 5228 Felice
3418 5170 3523 5228 pa-

1900 5256 1974 5312 pa
1997 5239 2384 5312 I,7imperante
2402 5305 2411 5312 _
2430 5229 2740 5312 Anastasio,
2771 5225 3527 5312 principante‘in‘Britannia

1902 5294 2128 5365 Aurelio
2157 5294 2474 5372 .Ambrosio,
2502 5303 2563 5356 in
2591 5294 2854 5355 Hibernia
2880 5294 3074 5352 autem
3104 5294 3368 5421 Forkgro.
3402 5314 3430 5346 ιι

3291 5382 3383 5422 ΑΝ.

1980 5475 2213 5543 Ibidem,
2234 5490 2356 5544 cap.
2383 5475 2446 5526 16
2480 5486 2495 5524 :
2523 5467 2806 5544 Patritius,
2841 5466 3067 5544 natione
3095 5463 3418 5544 Britannus,
3447 5465 3532 5544 vir

158 5537 448 5611 spelunca
477 5535 702 5611 triplici,
732 5535 960 5590 Patritio
985 5537 1043 5590 in
1058 5538 1246 5611 medio
1253 5539 1494 5611 jacente,
1519 5535 1644 5594 aliis
1675 5542 1810 5596 duo-
1906 5547 2022 5600 vita
2048 5553 2103 5601 et
2127 5535 2414 5600 sanctitate
2441 5535 2800 5611 conspicuus,
2821 5543 2950 5611 εἰεί,
2984 5542 3097 5611 tota
3114 5535 3447 5611 jamAinsula
3460 5535 3530 5588 ad

158 5605 288 5666 b'us
337 5605 468 5659 hinc
499 5605 648 5674 inde,
676 5607 885 5660 Joanne
931 5623 1062 5660 vero
1108 5608 1176 5661 de
1217 5605 1378 5662 Gurci
1417 5605 1553 5664 tunc
1594 5611 1807 5666 ibidem

159 5675 549 5753 praesidente,
605 5681 662 5730 et
701 5677 827 5753 hoc.
857 5684 1191 5753 procurante
1245 5684 1360 5734 tres
1411 5681 1626 5753 nobiles
1683 5684 1808 5738 the-

160 5746 360 5814 iauri,
391 5746 582 5801 divina
604 5746 941 5804 revelatione
969 5747 1202 5816 inventi,
1220 5755 1352 5806 sunt
1363 5751 1641 5808 translati.
1657 5753 1812 5809 Unde

161 5834 380 5881 νθηω
411 5833 426 5875 3

518 5915 792 5986 Pnaon.
835 5917 1070 5989 LXXII.

1908 5617 2076 5689 fidem
2101 5616 2308 5670 Christi
2333 5604 2616 5689 conversa,
2638 5608 2786 5689 apud
2814 5604 3191 5689 Ardm‘acham
3211 5606 3322 5689 sibi
3340 5604 3528 5689 sedem

1912 5688 2100 5758 elegit,
2128 5703 2297 5758 quam
2329 5675 2698 5758 etiam__quasi_
2719 5678 3080 5758 metropolim
3125 5675 3446 5758 constituit}.
3474 5678 3532 5758 et

1952 5742 2227 5829 rovpriuin
2255 5755 2426 5829 totius
2477 5742 2754 5829 Hiberniae
2804 5742 3096 5829 primaria
3139 5746 3345 5800 locum.
3405 5742 3530 5829 Hinc

1952 5774 2204 5829 roprlum
2255 5774 2426 5812 tonus
2477 5774 2754 5807 moeran
2805 5774 3096 5822 primum:
3139 5774 3345 5800 ιυυιυιι.
3405 5774 3530 5796 ιιωυ

1911 5774 2121 5886 ἓὶνειό.
2168 5825 2270 5884 Ubi
2318 5826 2377 5881 in
2418 5823 2676 5896 margine
2705 5821 2863 5876 hec:
2916 5840 2944 5870 «
2970 5820 3134 5874 Anno
3171 5829 3284 5887 quo
3312 5816 3534 5868 sanctus

3139 5915 3219 5975 28
