4022 6448
507 385 634 453 779,
1131 440 1140 447 _
1621 369 1770 424 VlTA
1807 364 2081 422 SANCTzE
2121 361 2402 417 BRIGIDXE
2443 358 2746 422 VIRGINIS,
3799 334 3916 386 780

505 489 741 563 pallium
767 485 958 539 album
983 485 1040 536 et
1065 483 1274 534 vestem
1308 477 1605 532 candidam
1634 491 1803 545 super
1834 473 2006 543 ipsius
2030 487 2124 523 ve—
2149 482 2207 554 Α
2225 474 2596 522 transversam
2625 470 2679 518 et
2698 463 2867 516 ﬁxam
2896 461 3121 530 putans,
3144 469 3207 507 ac
3235 451 3489 522 desuper
3511 441 3916 514 complutam

3019 553 3030 563 .
3170 551 3184 563 ιι
3488 561 3496 563 ξ
3525 545 3571 563 ,1:
3616 545 3666 563 ,ι
3701 539 3887 563 itm“

508 539 737 563 r""““'
1702 539 1719 545 -
1855 539 1875 543 —
2149 539 2207 554 ι-

508 582 756 638 nerabile
785 581 949 648 caput
973 573 1260 644 imposuit.
1297 572 1430 634 Quae
1447 586 1633 624 coram
1653 570 1762 622 Deo
1790 571 1845 620 et
1864 565 2120 636 episcopo
2217 571 2428 622 vestem
2452 578 2672 635 ponens
2702 565 2977 628 tanquam
3015 553 3076 606 in
3106 551 3307 605 arbore
3359 545 3578 618 grandi
3609 545 3671 595 et
3701 539 3914 601 ﬁrma,

509 693 572 730 ac
589 672 745 727 altari
763 686 945 740 genua
965 667 1261 721 humiliter
1279 665 1766 730 flectens,etsuam
1793 657 2121 728 virginalem
2221 659 2278 714 in
2325 659 2446 728 ipsa
2473 655 2628 710 tenui
2681 650 2847 706 solari
2873 647 3074 702 umbra
3115 643 3286 697 vestis
3313 637 3623 711 pependit.
3662 634 3918 686 Etcum

517 722 568 730 ,ν
763 722 794 740 υ
1512 722 1522 730 ,
1883 722 1910 728 υ
2347 722 2365 728 -

517 767 592 838 [F.
615 759 1016 833 virginitatem]
1052 775 1237 813 coram
1271 756 1510 812 Domino
1559 753 1948 822 Onmipotente
1995 750 2124 802 olfe-
2221 752 2401 822 ipsius
2433 751 2636 804 domus
2664 745 3012 799 habitatores
3033 737 3205 792 vicini
3221 736 3330 789 hoc
3345 729 3583 802 ingenti
3608 722 3918 780 miraculo

1655 831 1670 838 -
2766 837 2769 838 ,
2934 834 2944 838 _
3263 827 3336 838 ιο.
3485 823 3524 838 1-
3631 819 3675 838 ογ
3723 813 3891 838 1.---.12

510 875 660 924 rens,
682 855 1114 910 fundamentum
1138 851 1414 921 ligneum,
1443 864 1556 918 quo
1584 831 1755 899 altare
1771 842 2122 910 fulciebatur,

2224 845 2455 900 fuissent
2477 838 2739 912 perculsi,
2761 837 2905 890 hanc
2931 827 3444 901 incomparabilem
3468 819 3679 892 dignis
3723 813 3920 870 laudi-

511 950 720 1020 tetigit.
747 947 902 1011 Quod
951 946 1168 1015 lignum
1199 943 1258 996 in
1302 938 1829 996 commemoratione
1875 934 2126 1008 pristina:
2223 939 2330 992 bus
2358 935 2718 990 extollebant.

511 1041 752 1107 virtutis,
781 1055 959 1110 usque
987 1038 1053 1091 ad
1085 1051 1333 1107 praisens
1359 1037 1586 1104 tempus
1616 1031 1812 1099 viride,
1854 1045 1916 1081 ac
1941 1028 1985 1082 si
2015 1043 2128 1080 non

517 1140 663 1190 esset
691 1133 957 1198 excisum,
1005 1135 1059 1183 et
1122 1127 1545 1193 decorticatum,
1593 1125 1690 1178 sed
1745 1124 1802 1176 in
1853 1120 2132 1174 radicibus

516 1229 694 1282 fixum
719 1221 1082 1290 viresceret“;
1116 1225 1170 1276 et
1198 1235 1370 1290 usque
1399 1217 1566 1272 hodie
1591 1217 1892 1287 languores
1913 1219 1968 1268 et
1985 1228 2133 1266 mor-

516 1321 616 1374 bos
645 1320 711 1373 de
737 1315 1058 1371 hominibus
1085 1312 1308 1384 expellit
1331 1311 1604 1366 ﬁdelibus.

590 1414 699 1466 Nec
725 1407 1185 1482 praetereundum
1209 1404 1348 1460 mihi
1361 1403 1581 1458 videtur
1597 1415 2041 1456 commemorare
2066 1399 2135 1452 de

520 1506 613 1560 illa
638 1503 861 1569 virtute,
891 1517 1062 1572 quam
1114 1499 1235 1552 haec
1275 1495 1643 1551 famosissima
1680 1495 1889 1548 famula
1933 1491 2138 1546 dicitur

523 1614 585 1650 ac
611 1595 796 1650 divino
825 1593 1165 1646 incessanter
1200 1587 1495 1642 famulatui
1526 1587 1750 1654 tradita,
1778 1589 2006 1655 operata
2033 1586 2134 1637 est.

527 1691 664 1743 Nam
712 1703 840 1741 cum
891 1685 985 1738 illa
1015 1682 1312 1754 aliquando
1343 1681 1402 1734 in
1431 1679 1670 1734 caldario
1720 1678 1944 1731 lardum
1971 1677 2136 1730 adve-

527 1781 815 1836 nientibus
861 1777 1173 1848 hospitibus
1199 1779 1439 1838 coxerat,
1463 1772 1590 1826 cani
1622 1770 1895 1838 adulanti,
1928 1786 1988 1822 ac
2035 1767 2139 1821 ﬂa-

531 1873 750 1945 gitanti,
797 1843 1230 1925 misericorditer
1266 1883 1390 1920 eam
1437 1865 1665 1919 tradidit
1691 1881 1708 1932 ;
1753 1868 1810 1918 et
1835 1877 1961 1916 cum
1988 1843 2219 1914 lardoB

530 1967 599 2021 de
627 1964 867 2019 caldario
897 1965 1091 2030 tracto,
1113 1977 1176 2014 ac
1208 1963 1400 2030 postea
1423 1957 1734 2027 hospitibus
1783 1960 1924 2009 esset
1947 1953 2142 2018 divisa,

531 2075 596 2113 ac
643 2059 686 2111 si
716 2074 832 2110 non
857 2057 999 2109 esset
1027 2055 1272 2122 dempta,
1302 2049 1624 2121 plenissime
1655 2052 1882 2119 reperta
1907 2047 2049 2100 est“.
2083 2046 2149 2098 Et

534 2151 694 2204 valde
719 2150 781 2202 hi
819 2148 916 2219 qui
941 2148 1048 2200 hoc
1075 2146 1359 2213 viderunt,
1397 2143 1740 2197 admirantes
1781 2139 2025 2211 puellam
2058 2138 2146 2192 in-

537 2241 969 2313 comparabilem
995 2239 1198 2292 virtute
1228 2237 1378 2304 fidei,
1411 2235 1611 2288 merito
1647 2234 1922 2287 bonarum
1973 2231 2146 2284 virtu-

537 2341 680 2404 tum,
709 2334 893 2404 dignis
916 2331 1176 2387 laudibus
1203 2329 1652 2398 divulgaverunt.

609 2429 674 2481 Et
745 2426 940 2480 eadem
1016 2438 1290 2478 messores
1343 2437 1406 2474 ac
1451 2419 1736 2491 operarios
1785 2419 2048 2471 convocat
2095 2415 2154 2469 in

537 2536 773 2576 messem
807 2535 1004 2586 suam;
1049 2522 1102 2570 et
1126 2516 1269 2568 facta
1301 2513 1396 2567 illa
1425 2528 1737 2566 messorum
1766 2509 2151 2577 conventione,

540 2614 804 2669 nebulosa
845 2629 910 2665 ac
937 2608 1195 2681 pluvialis
1235 2607 1350 2660 dies
1390 2607 1482 2659 illa
1521 2605 1722 2658 accidit
1751 2602 2151 2657 conventionis.

544 2710 607 2760 Et
649 2705 848 2776 pluviis
894 2703 1122 2774 largiter
1170 2717 1237 2753 ex
1278 2699 1520 2752 nubibus
1574 2698 1782 2765 elfusis,
1831 2714 1933 2767 per
1981 2699 2158 2748 totam

541 2799 696 2852 illam
742 2799 800 2850 in
845 2795 1084 2850 circuitu
1139 2791 1502 2862 provinciam,
1541 2808 1604 2844 ac
1638 2789 1828 2843 rivulis
1867 2793 2157 2858 guttarum

545 2890 831 2945 efﬂuentia
857 2905 960 2959 per
1000 2887 1272 2940 convalles
1302 2889 1356 2937 et
1402 2884 1571 2937 rimas
1598 2888 1876 2936 terrarum
1923 2896 2157 2934 curren-

543 2983 713 3050 tibus,
743 2981 859 3034 sola
905 2979 1096 3032 messis
1126 2995 1224 3031 sua
1266 2976 1419 3030 arida
1471 2977 1592 3028 sine
1629 2974 1944 3044 pluviarum
1977 2973 2157 3042 impe-

547 3075 798 3130 dimento
835 3077 890 3126 et
927 3071 1345 3142 perturbatione
1389 3068 1672 3138 perstitit;
1728 3069 1940 3120 etcum
1966 3081 2162 3118 omnes

548 3182 825 3222 messores
852 3163 1098 3234 undique
1125 3161 1296 3233 ipsius
1333 3160 1578 3230 regionis
1621 3159 1890 3230 prohibiti
1932 3157 2160 3228 pluviali

549 3197 825 3222 IIICDDULCD
855 3197 1098 3234 uuuuiuc
1126 3197 1296 3233 IJJDLIAD
1335 3197 1578 3230 ιυὸιυιιισ
1621 3197 1890 3230 ιιιυμιυιιι
1932 3197 2160 3228 ῙΙᾹυγιυιι

549 3259 660 3327 die,
690 3258 796 3326 sui,
843 3257 962 3310 sine
993 3255 1104 3308 ulla
1129 3254 1331 3307 umbra
1375 3253 1628 3322 caliginis
1671 3251 1896 3322 pluvias,
1933 3251 2022 3303 illa
2073 3197 2236 3303 dieC

548 3354 681 3413 tota,
704 3351 772 3404 ab
800 3355 925 3403 ortu
952 3363 1130 3418 usque
1172 3346 1244 3400 ad
1273 3362 1550 3414 occasum,
1592 3361 1884 3411 messores,
1929 3343 2030 3396 Dei
2063 3359 2166 3414 po-

558 3444 736 3500 tentia
759 3459 898 3513 opus
927 3439 1279 3494 exercebant.

621 3547 757 3599 Ecce
807 3543 954 3597 inter
1007 3545 1236 3596 czrteras
1285 3540 1518 3593 virtutes
1566 3539 1738 3609 ipsius
1782 3538 1886 3592 hoc
1933 3537 2168 3608 dignum

552 3635 922 3692 admiratione
949 3635 1168 3688 videtur
1199 3649 1336 3700 esse,
1366 3637 1422 3686 et
1445 3631 1790 3685 admirabile.
1818 3629 2170 3685 Advenienti-

552 3731 658 3785 bus
698 3729 849 3783 enim
895 3725 1191 3798 episcopis,
1221 3730 1432 3779 etcum
1473 3741 1538 3779 ea
1583 3724 2016 3794 hospitantibus,
2043 3739 2172 3777 cum

553 3839 668 3878 non
696 3821 928 3875 haberet
961 3819 1114 3873 unde
1151 3834 1244 3872 eos
1269 3816 1500 3882 cibaret,
1539 3816 1730 3886 adjuta
1754 3816 1848 3869 Dei
1877 3815 2172 3886 multiplici

553 3916 759 3969 virtute
802 3913 964 3966 solito
1013 3926 1172 3964 more
1235 3909 1607 3976 abundanter,
1655 3913 1720 3963 ut
1768 3925 1868 3962 sua
1915 3909 2176 3980 poscebat

556 4006 875 4070 necessitas,
896 4019 1120 4058 vaccam
1171 4017 1346 4054 unam
1374 4001 1573 4066 tribus,
1607 4005 1799 4056 contra
1827 4003 2176 4056 consuetudi-

557 4115 711 4166 nem,
739 4097 799 4150 in
828 4111 942 4150 una
971 4094 1060 4148 die
1081 4093 1291 4146 vicibus
1318 4094 1530 4147 mulsit.
1565 4094 1630 4148 Et
1660 4094 1809 4164 quod
1829 4094 1970 4148 solet
1990 4095 2056 4148 de
2073 4112 2174 4166 op-

558 4191 712 4246 timis
738 4188 915 4242 tribus
941 4185 1120 4240 vaccis
1149 4185 1410 4257 exprimi,
1441 4186 1564 4256 ipsa
1593 4186 1840 4240 mirabili
1877 4191 2080 4242 eventu
2109 4187 2176 4244 de

561 4299 677 4338 una
701 4298 800 4336 sua
829 4279 1104 4351 expressit
1128 4295 1308 4332 vacca.

633 4386 770 4438 Ecce
794 4388 849 4438 et
873 4383 1017 4436 hanc
1041 4382 1309 4436 virtutem
1333 4381 1669 4436 beatitudini
1689 4385 1882 4436 vestrae
1919 4381 2178 4436 intimare

563 4493 780 4546 censeo,
832 4476 888 4530 in
935 4491 1106 4545 quam
1149 4490 1310 4528 mens
1361 4491 1505 4545 pura
1553 4474 1864 4544 virginalis,
1895 4478 1950 4528 et
1981 4492 2182 4529 manus

2300 1033 2366 1084 Et
2395 1030 2498 1083 hoc
2525 1025 2747 1080 silentio
2777 1038 2915 1092 opus
2940 1035 3058 1073 non
3087 1021 3171 1071 est
3200 1008 3724 1086 prmtereundum.
3759 1005 3920 1058 Cum

2231 1124 2381 1180 enim
2413 1123 2531 1175 haec
2547 1123 2733 1172 sancta
2753 1113 2976 1183 Brigida
2991 1112 3050 1164 in
3079 1125 3218 1180 agro
3239 1108 3408 1178 juxta
3431 1117 3686 1174 gregem
3708 1097 3924 1152 ovium

2232 1214 2572 1288 pascendum
2621 1226 2756 1263 cura
2810 1203 3076 1277 pastorali
3132 1205 3280 1255 esset
3335 1196 3587 1252 sollicita
3623 1236 3636 1262 ,
3697 1189 3928 1262 aliquis

2234 1324 2480 1380 nequam
2515 1304 2832 1358 adolescens
2861 1297 3060 1353 callide
3089 1293 3439 1363 subripiens,
3473 1293 3534 1342 et
3562 1287 3761 1358 ipsius
3799 1286 3926 1337 lar-

2238 1404 2466 1473 gitatem
2480 1400 2534 1452 in
2554 1393 2897 1468 pauperibus
2921 1388 3327 1460 comprobans,
3351 1386 3410 1438 et
3424 1385 3661 1436 mutato
3683 1383 3932 1449 septem

2236 1498 2306 1550 ab
2336 1511 2399 1548 ea
2427 1506 2688 1546 verveces
2737 1489 2798 1540 in
2837 1501 2947 1538 una
2997 1484 3086 1536 die
3117 1478 3341 1544 detulit,
3371 1481 3431 1530 et
3456 1475 3522 1529 in
3549 1475 3791 1527 secreto
3823 1471 3936 1523 ah-

2243 1585 2483 1644 scondit.
2518 1586 2585 1638 Et
2621 1597 2750 1636 cum
2797 1595 2931 1650 grex
2957 1576 3024 1630 ad
3057 1587 3362 1644 vesperum
3395 1568 3466 1622 ad
3492 1567 3734 1620 caulam
3776 1568 3940 1618 esset

2247 1679 2578 1752 diligendus
2626 1693 2690 1730 ex
2719 1688 2897 1740 more,
2926 1669 3144 1724 duabus
3170 1665 3257 1719 vel
3287 1663 3478 1718 tribus
3507 1660 3745 1714 vicibus
3791 1657 3936 1710 dili-

2244 1771 2566 1846 gentissime
2595 1768 3017 1829 adnumeratus,
3048 1762 3170 1815 sine
3197 1759 3412 1812 damno
3432 1755 3664 1808 mirum
3685 1752 3754 1806 in
3792 1767 3937 1804 mo-

2245 1869 2381 1923 dum
2419 1869 2568 1919 totus
2606 1862 2828 1930 integro
2865 1860 3125 1927 repertus
3155 1857 3236 1908 est
3277 1866 3550 1904 numero.
3617 1847 3690 1900 Et
3721 1843 3936 1897 admi-

2243 1966 2430 2017 rantes
2458 1957 2539 2023 hi,
2567 1955 2664 2026 qui
2695 1951 2898 2006 conscii
2925 1948 3061 2002 facti
3088 1950 3272 2014 erant,
3295 1944 3589 1996 virtutem
3611 1938 3717 1992 Dei
3741 1936 3946 1990 mani-

2245 2057 2381 2108 feste
2423 2053 2626 2105 factam
2662 2063 2767 2118 per
2803 2043 3102 2113 virginem,
3144 2042 3365 2109 septem
3396 2051 3552 2106 quos
3591 2031 3942 2085 absconde-

2246 2151 2381 2202 runt
2426 2157 2682 2198 verveces
2723 2139 2792 2192 ad
2823 2152 2992 2190 suum
3027 2133 3381 2187 remiserunt
3414 2141 3694 2198 gregem,
3743 2130 3811 2178 et,
3843 2123 3946 2176 ille

2252 2237 2440 2311 gregis
2476 2250 2746 2290 numerus
2801 2247 2903 2284 nec
2933 2229 3060 2299 plus
3103 2242 3208 2280 nec
3246 2224 3465 2288 minus,
3506 2219 3615 2274 sed
3673 2223 3749 2272 ut
3801 2223 3945 2270 ante

2249 2334 2470 2401 integer
2493 2333 2746 2398 repertus
2776 2327 2860 2378 est
2886 2325 2932 2376 b.

2327 2425 2419 2478 llis
2448 2425 2505 2476 et
2539 2420 2662 2474 aliis
2689 2413 3139 2472 innumeralibus
3186 2407 3498 2463 virtutibus
3531 2403 3946 2459 famosissima

2255 2523 2348 2574 DEI
2369 2515 2577 2572 famula
2606 2513 2665 2566 in
2691 2526 2785 2564 ore
2816 2507 3072 2564 omnium
3100 2521 3218 2558 non
3243 2500 3571 2568 immerito,
3605 2499 3713 2552 sed
3739 2496 3953 2568 dignis

2253 2611 2510 2667 laudibus
2539 2601 2916 2661 excelsissima
2940 2599 3060 2652 visa
3085 2601 3188 2651 est.

2327 2701 2561 2758 Mirabili
2613 2711 2840 2768 quoque
2880 2696 3082 2748 eventu
3111 2690 3180 2744 ab
3206 2689 3313 2742 hac
3341 2685 3670 2740 venerabili
3700 2684 3954 2756 Brigida

2257 2796 2460 2869 leprosi
2510 2791 2800 2847 cervisiam
2847 2790 3122 2858 petentes,
3171 2798 3304 2836 cum
3337 2795 3463 2834 non
3503 2779 3768 2834 haberet
3825 2780 3952 2845 illa,

2258 2893 2452 2946 videns
2489 2903 2692 2958 aquam
2722 2883 2792 2936 ad
2818 2880 3022 2954 balnea
3053 2881 3334 2948 paratam,
3371 2889 3513 2926 cum
3547 2873 3783 2926 virtute
3818 2870 3956 2924 fidei

2259 2981 2614 3046 benedicens,
2641 2978 2697 3030 in
2718 2974 2989 3045 optimam
3012 2968 3298 3024 convertit
3319 2966 3663 3034 cervisiam,
3681 2971 3744 3020 et
3756 2965 3953 3019 abun-

2261 3079 2459 3133 dauter
2489 3070 2805 3126 sitientibus
2845 3063 3124 3120 exhausit.
3176 3062 3277 3114 Ille
3309 3060 3502 3127 enim,
3537 3059 3652 3130 qui
3695 3059 3764 3112 in
3797 3059 3956 3112 Cana

2264 3169 2500 3224 Galilzcaa
2529 3179 2735 3234 aquam
2763 3157 3036 3214 convertit
3062 3155 3122 3208 in
3153 3155 3378 3219 vinum,
3412 3169 3526 3224 per
3575 3152 3769 3222 hujus
3801 3168 3954 3222 quo-

2267 3279 2376 3333 que
2396 3257 2734 3314 beatissima-2
2759 3253 2985 3306 feminae
3013 3250 3186 3304 ﬁdem
3214 3263 3433 3318 aquam
3457 3247 3728 3300 mutavit
3748 3246 3817 3300 in
3831 3262 3954 3299 cer-

2338 3449 2406 3502 Et
2429 3445 2740 3499 secundum
2765 3437 2918 3511 quod
2949 3435 3141 3490 omnia
3178 3433 3478 3506 possibilia
3519 3438 3670 3487 sunt
3698 3433 3958 3486 creden-

2269 3542 2416 3596 tibus
2441 3538 2560 3591 sine
2581 3536 2693 3590 ulla
2712 3530 3086 3605 possibilitate
3112 3527 3374 3600 quotidie
3405 3527 3742 3582 innumera
3773 3527 3958 3580 mira-

2271 3635 2395 3689 cula
2424 3629 2776 3702 operabatur.

2341 3725 2590 3791 Quadam
2615 3720 2770 3776 enim
2791 3719 2898 3786 die,
2923 3733 3055 3771 cum
3079 3714 3320 3786 quidam
3349 3713 3436 3766 sal
3450 3716 3670 3784 petens
3704 3715 3959 3778 veniret,

2274 3825 2416 3878 sicut
2443 3819 2629 3875 caeteri
2658 3831 2956 3888 pauperes,
2987 3817 3044 3867 ct
3064 3811 3232 3882 egeni
3257 3815 3315 3864 et
3341 3810 3844 3866 innumerabiles
3861 3828 3958 3864 ve-

2274 3918 2396 3973 nire
2421 3913 2690 3980 solebant,
2707 3926 2808 3981 pro
2823 3909 2937 3962 suis
2964 3904 3418 3970 necessitatibus,
3448 3904 3584 3974 ipsa
3609 3903 3963 3958 beatissima

2276 4009 2501 4078 Brigida
2527 4006 2586 4059 in
2601 4005 2696 4058 illa
2710 4004 2854 4057 hora
2881 4001 2960 4054 sal
2983 4001 3197 4054 factum
3221 3997 3292 4052 de
3312 3997 3536 4066 lapide,
3557 4013 3758 4067 quem
3781 3999 3962 4052 bene-

2277 4103 2438 4168 dixit,
2467 4101 2526 4154 in
2548 4115 2687 4170 opus
2707 4094 2988 4167 poscentis
3013 4091 3364 4146 sufﬁcienter
3391 4090 3613 4158 largita
3636 4097 3756 4146 est.
3791 4093 3864 4146 Et
3892 4091 3964 4144 sic

2276 4197 2346 4251 ab
2377 4213 2442 4249 ea
2468 4193 2549 4247 sal
2573 4196 2802 4263 portans
2829 4189 2994 4241 laetus
3023 4183 3319 4256 propriam
3347 4183 3608 4237 domum
3635 4185 3856 4240 rediit.

2351 4291 2418 4343 Et
2435 4289 2541 4342 hoc
2565 4281 3024 4355 potentissimum
3053 4295 3196 4349 opus
3216 4276 3487 4331 divinum
3510 4276 3802 4345 ejusdem
3824 4278 3962 4348 jun-

2281 4382 2532 4455 gendum
2564 4394 2682 4432 esse
2710 4374 2854 4428 mihi
2879 4373 3105 4427 videtur
3130 4371 3286 4424 inter
3311 4373 3546 4438 caetera,
3581 4385 3718 4440 quo
3770 4372 3962 4426 Salva-

2279 4476 2414 4531 toris
2440 4474 2614 4527 instar
2649 4468 2942 4532 imitatrix,
2971 4464 3148 4520 divini
3177 4463 3433 4518 nominis
3480 4463 3963 4519 excelsissimam

563 4567 908 4640 cooperatrix
935 4568 994 4622 in
1022 4583 1201 4621 unum
1235 4567 1534 4621 convenire
1560 4572 1850 4638 apparent.
1879 4569 2018 4622 Nam
2057 4569 2177 4622 haec
2196 4559 2254 4629 D
2279 4571 2509 4641 operata
2534 4568 2618 4617 est
2641 4563 2930 4616 virtutem.

563 4681 691 4718 cum
719 4678 845 4717 suas
882 4677 987 4732 ope
1025 4660 1290 4730 pastorali
1319 4664 1572 4731 pasceret
1615 4677 1743 4714 oves
1767 4660 1823 4713 in
1858 4661 2175 4730 campestri,

563 4757 685 4810 loco
725 4754 986 4822 herboso,
1038 4753 1300 4823 largitate
1357 4753 1532 4806 nimia
1574 4754 1890 4824 pluviarum
1931 4755 2176 4824 profusa,

565 4847 812 4903 humidis
840 4846 1083 4900 vestibus
1113 4845 1345 4898 domum
1374 4846 1560 4924 rediit.
1592 4847 1796 4900 Etcum
1816 4847 2019 4900 umbra
2045 4847 2183 4900 sola-

565 4942 642 4996 ris
670 4957 772 5012 per
794 4939 1074 4994 foramina
1113 4938 1349 4992 domum
1372 4929 1711 4992 intrinsecus
1733 4938 1988 5008 intraret,
2030 4938 2181 4994 illam

566 5034 828 5088 umbram
892 5033 1092 5086 obtusa
1141 5031 1433 5085 oculorum
1491 5031 1638 5098 acie,
1685 5031 1944 5085 arborem
2013 5033 2182 5088 fuisse

567 5157 916 5236 Augustinus
944 5157 1144 5236 doctor
1183 5159 1439 5235 mortuus
1467 5161 1568 5223 est,
1599 5155 1806 5210 scilicet
1829 5157 1951 5220 418,
1983 5157 2184 5213 missus

570 5227 941 5282 est’l’atritius
965 5227 1025 5280 in
1065 5227 1406 5292 Hiberniam,
1440 5229 1591 5279 venit
1621 5243 1750 5281 vero
1786 5245 1850 5281 eo
1882 5229 2003 5282 432.
2049 5229 2180 5282 San-

571 5306 657 5350 cta
687 5298 909 5365 Brigida
935 5303 1062 5351 nata
1086 5299 1209 5352 439.
1233 5297 1379 5350 Obiit
1403 5297 1665 5351 Patritius
1685 5301 1808 5364 493,
1836 5316 1984 5354 anno
2009 5301 2185 5353 aetatis

571 5384 685 5447 sua:
715 5371 832 5446 l
863 5368 985 5447 iizec
1113 5367 1614 5447 quodamj'etulsto
1655 5369 1800 5421 libro
1831 5371 2184 5426 Chromelliae

575 5437 793 5508 inveni.
812 5457 836 5482 n
867 5438 992 5490 Hzec
1016 5437 1090 5489 ibi
1119 5439 1178 5508 in
1203 5437 1480 5508 margine.
1513 5441 1645 5493 CAN.

571 5510 682 5632 FQ;
685 5507 873 5630 1ξίιὲηέ
911 5507 1165 5562 miraculi
1218 5509 1426 5561 mentio
1454 5509 1512 5561 in
1541 5509 1706 5564 Rom.
1743 5511 2095 5582 Martyrolog.
2135 5515 2184 5566 i.

615 5595 732 5633 CDI'.
762 5595 799 5630 iV
837 5595 894 5630 Π.

643 5649 670 5687 ι)
697 5649 955 5701 Silvester
989 5646 1244 5720 Giraldus
1269 5646 1326 5697 in
1353 5650 1724 5720 topographia
1766 5653 2068 5720 Hiberniae,
2099 5653 2185 5708 di-

571 5721 755 5794 stinct.
778 5723 832 5794 2,
863 5720 1100 5794 02113-36,
1129 5717 1286 5794 haec:
1325 5738 1350 5762 «
1379 5697 1520 5794 Sim?
1543 5697 1606 5794 αξ
1622 5723 1709 5774 hic
1739 5697 2190 5794 (ίιλρῖἱίξὲζέἰιῆἱιι

572 5789 891 5860 liylduriam
945 5787 1202 5854 Laglnia:
1252 5801 1418 5856 quam
1453 5790 1692 5856 gloriosa
1741 5787 1968 5863 Drigida
2010 5787 2193 5852 reddit

2348 4662 2486 4714 Nam
2519 4655 2832 4712 secundum
2865 4650 3194 4721 exemplum
3221 4647 3454 4704 Domini
3496 4654 3558 4704 et
3585 4649 3732 4706 haec
3773 4652 3965 4706 oculos

2279 4754 2410 4809 caeci
2440 4751 2554 4805 nati
2583 4748 2820 4820 aperuit.
2853 4747 2961 4801 Sua
2987 4745 3142 4799 enim
3180 4743 3420 4796 nomina
3447 4747 3509 4796 et
3547 4760 3752 4814 opera
3779 4762 3964 4799 mem—

2279 4847 2394 4902 bris
2421 4843 2688 4898 Dominus
2724 4839 2959 4910 largitus
2987 4842 3072 4892 est
3107 4835 3244 4906 suis,
3271 4835 3412 4907 quia
3441 4835 3518 4889 de
3549 4853 3618 4890 se
3669 4839 3813 4910 ipso
3841 4854 3962 4893 cum

2281 4941 2610 5011 loqueretur
2638 4954 2650 4990 :
2680 4938 2792 5004 Ego
2825 4949 2946 4988 sum
2972 4933 3068 4986 tua:
3105 4930 3306 4985 mundi
3335 4929 3521 4998 (Joan.
3554 4934 3721 5003 vui),
3755 4933 3960 4987 nihilu-

2283 5034 2474 5088 minus
2527 5031 2642 5084 suis
2689 5028 2826 5083 dicit
2874 5025 3184 5096 apostolis:
3232 5027 3340 5080 Vos
3389 5027 3524 5079 estis
3577 5025 3700 5080 lum
3757 5027 3963 5081 mundi.

2281 5158 2579 5220 illustrem,
2600 5159 2662 5207 ut
2681 5151 2868 5223 inquit
2885 5167 3006 5220 cap.
3037 5149 3122 5218 34)
3143 5147 3495 5223 campestria
3521 5149 3962 5219 pulcherrini,:,

2284 5245 2410 5300 quas
2441 5226 2680 5296 Brigidae
2710 5220 2914 5300 pascua
2942 5225 3262 5300 vocantur,
3306 5220 3368 5272 in
3399 5235 3539 5289 quae
3589 5224 3820 5277 nullus
3849 5241 3962 5276 ar.-

2283 5289 2438 5354 trum
2469 5289 2636 5350 elisus
2663 5289 2744 5348 est
2765 5294 3010 5359 mittere,
3045 5292 3112 5344 de
3141 5289 3352 5360 quibus
3380 5307 3490 5360 pro
3523 5292 3844 5348 miraculo
3870 5296 3961 5347 ὼς-

2285 5370 2448 5434 citur,
2477 5367 2783 5438 quodlicet
2811 5362 3114 5438 provinciae
3129 5361 3300 5414 totius
3321 5361 3616 5415 animalia
3648 5367 3785 5418 solo
3815 5373 3908 5418 ten
3933 5381 3966 5413 λλ

2287 5433 2513 5509 vesperi
2531 5437 2766 5491 herbam
2792 5433 3154 5509 corroserint,
3194 5448 3368 5509 mane
3397 5433 3582 5499 facto,
3623 5452 3761 5490 non
3793 5437 3966 5490 ιυὶῃίικ

2287 5502 2594 5565 herbositas
2609 5505 2920 5578 apparebit.
2941 5505 3230 5574 Tanquam
3255 5502 3325 5556 de
3343 5505 3586 5574 pascuis
3600 5505 3734 5561 illis
3763 5509 3964 5562 dictum

2285 5581 2457 5636 fuerit
2477 5597 2490 5633 :
2919 5631 2929 5640 ,

2371 5714 2384 5728 .
2449 5677 2513 5726 Et
2541 5678 2786 5739 quantum
2816 5673 3238 5739 longis__c_arpunt
3269 5674 3521 5739 armenta
3553 5674 3796 5739 diebus,

2461 5735 2661 5802 Exigua
2685 5741 2883 5787 tantum
2913 5735 3118 5799 gelidus
3141 5748 3230 5783 ros
3257 5737 3421 5783 nocte
3443 5740 3708 5799 reponit.

642 5887 664 5908 ‘
700 5883 924 5940 Phrasis
969 5883 1252 5938 mendosa.
1293 5883 1567 5940 Castorum
1609 5905 1778 5961 quam
1815 5890 2143 5964 imperfecto
2186 5893 2324 5964 διδ-ιο
2361 5896 2472 5947 tota
2514 5891 2632 5946 Vita
2670 5890 2878 5962 scripta
2910 5887 2999 5956 sit,
3041 5887 3200 5944 facile
3235 5887 3469 5962 patebit
3513 5891 3788 5976 legenti.
3836 5895 3966 5954 Em.
