4022 6390
159 330 243 384 781

1425 338 1466 392 Α
1503 335 1817 393 COGITOSO
1854 336 2227 395 ADORNATA.

3387 348 3487 401 782

150 437 351 505 (Matth.
382 436 455 507 γ),
486 442 546 492 et
577 436 785 493 eisdem
812 438 1003 495 dicens
1030 442 1219 495 intulit
1248 459 1261 496 :
1310 444 1481 513 Opem
1519 463 1636 514 quw
1676 462 1767 513 ego
1790 448 2148 530 Aposcebat.
2180 449 2288 501 Nec
2320 447 2440 518 ipsa
2461 448 2580 519 ejus
2609 449 2839 503 audiens
2865 466 3059 520 preces
3093 450 3346 520 distulit;
3391 453 3489 507 sed

141 532 293 597 facio,
320 533 427 599 ipsi
443 533 673 597 facient,
697 537 745 585 ct
766 534 972 601 majora
1000 536 1187 589 horum
1204 539 1407 603 facient
1432 538 1602 606 (Joan.
1630 541 1757 609 xxv).

212 623 337 676 lude
358 640 532 693 quem
560 626 831 681 naturalis
854 632 1045 696 partus
1065 645 1277 682 czecum
1296 630 1757 700 protulitnatum,

145 717 271 769 ﬁdes
296 716 552 785 ejusdem
577 718 813 789 Brigidae
835 728 1010 789 grano
1043 727 1270 792 Operatio
1291 723 1518 793 sinapis,
1552 727 1606 778 et
1632 742 1762 778 con-

144 808 329 861 similis
378 810 587 879 eidem,
636 813 823 866 oculos
866 814 1147 884 simplices
1190 820 1245 869 et
1282 815 1495 869 lucidos
1548 817 1761 887 ingenii

144 901 398 954 miraculo
426 903 669 971 aperuit.
702 905 825 957 Hree
861 905 1049 976 itaque
1094 907 1259 960 tantis
1298 908 1597 962 virtutibus
1628 910 1757 962 illu-

143 994 280 1056 stris,
310 994 636 1048 humilitate
658 998 839 1050 cordis
876 1004 932 1051 et
982 999 1224 1069 puritate
1261 1001 1485 1069 mentis,
1537 1018 1759 1056 morum

146 1087 504 1156 temperantia
525 1093 581 1142 et
606 1089 879 1159 spirituali
909 1092 1085 1161 gratia
1122 1093 1305 1162 plena,
1334 1098 1551 1148 tantam
1576 1100 1759 1149 aucto-

142 1180 355 1233 ritatem
383 1185 440 1234 et
490 1182 708 1235 celebre
743 1200 951 1237 nomen
1000 1201 1115 1255 prae
1160 1186 1421 1241 omnibus
1466 1189 1758 1241 coaetaneis

142 1272 438 1343 virginibus
468 1274 680 1329 habere
720 1277 948 1331 meruit.

204 1366 265 1418 Et
297 1366 543 1435 quadam
591 1368 700 1435 die,
748 1386 877 1422 cum
923 1387 1035 1424 una
1079 1388 1147 1425 ex
1194 1372 1610 1426 adhaerentibus
1654 1374 1756 1427 sibi

144 1458 476 1512 extrinsecus
500 1460 735 1530 femina,
759 1478 887 1515 cum
909 1462 1021 1517 ﬁlia
1039 1464 1337 1519 duodecim
1365 1482 1540 1519 annos
1561 1467 1755 1536 aetatis,

143 1567 201 1603 ex
241 1552 478 1604 naturali
517 1554 907 1627 procreatione
934 1561 1110 1621 muta,
1137 1558 1205 1610 ad
1235 1575 1357 1611 eam
1387 1559 1599 1612 veniret
1625 1559 1746 1613 visi-

143 1644 379 1710 tandam,
436 1661 569 1698 cum
612 1647 786 1717 digna
825 1649 1181 1703 veneratione
1225 1657 1280 1704 et
1314 1652 1649 1721 reverentia,
1694 1656 1759 1706 ut

141 1753 322 1791 omnes
349 1739 625 1807 solebant,
656 1756 712 1793 se
743 1741 1016 1794 inclinans
1039 1749 1095 1796 et
1123 1744 1323 1796 humili
1350 1745 1489 1797 collo
1525 1745 1594 1797 ad
1637 1745 1757 1815 ejus

1866 557 1999 593 mox
2054 540 2205 594 illam
2250 558 2418 611 quam
2470 542 2740 612 optimam
2769 543 2837 597 de
2866 543 3130 598 omnibus
3158 560 3399 613 vaccam,
3433 550 3489 599 et

1860 633 2001 686 alius
2023 650 2199 687 vacca}
2226 635 2463 687 vitulum
2508 636 2825 705 elegantem
2855 641 2910 690 et
2952 636 3233 707 optimum
3266 636 3490 708 roganti

1862 724 2085 778 inﬁrmo
2112 726 2421 780 voluntarie
2443 727 2664 781 donavit
2687 746 2703 795 ;
2746 732 2802 782 et
2843 728 3284 783 misericorditer
3320 746 3488 784 suum

1861 834 1990 871 cum
2021 818 2117 871 illo
2140 819 2526 873 transmittens
2553 836 2783 873 currum
2811 820 3040 891 pariter,
3072 821 3307 892 longum
3334 827 3390 875 et
3412 822 3488 875 la—

1860 913 2140 968 tissimum
2167 932 2448 985 campum,
2482 932 2553 969 ne
2578 917 2888 970 molestiam
2919 917 2977 970 in
3020 934 3181 972 vacca
3215 918 3486 974 minanda

1860 1006 2117 1060 inﬁrmus
2164 1008 2335 1077 longo
2383 1009 2558 1061 fessus
2603 1009 2805 1063 itinere
2850 1016 3201 1079 sustentaret,
3248 1011 3487 1066 vitulum

1861 1102 1986 1169 post
2010 1105 2234 1169 tergum
2261 1101 2379 1170 ejus
2408 1101 2467 1154 in
2495 1118 2725 1155 currum
2752 1102 2887 1172 poni
2911 1103 3292 1173 praecipiebat.
3316 1105 3382 1158 Et
3408 1105 3486 1158 sic

1860 1207 1993 1246 eum
2014 1209 2174 1246 vacca
2199 1192 2393 1263 lingua
2418 1194 2688 1261 lambens,
2712 1200 2766 1248 et
2787 1200 3052 1265 tanquam
3088 1195 3383 1266 proprium
3410 1196 3489 1250 di-

1857 1284 2058 1355 ligens,
2089 1286 2319 1340 nemine
2334 1302 2460 1341 eam
2487 1293 2740 1357 cogente,
2768 1304 2944 1358 usque
2967 1288 3036 1342 ad
3050 1288 3169 1342 loca
3208 1289 3483 1344 destinata

1858 1382 2153 1432 consecuta
2184 1384 2284 1432 est.

1928 1471 2251 1525 Charissimi
2290 1472 2488 1526 videtis
2530 1472 2751 1539 fratres,
2796 1474 2945 1544 quod
2992 1478 3046 1527 et
3080 1472 3246 1531 bruta
3290 1479 3480 1529 contra

1857 1564 2319 1618 consuetudinem
2347 1565 2399 1619 ei
2426 1565 2849 1620 famulabantur
2875 1566 3157 1621 animalia.

1928 1657 2178 1720 Quodam
2209 1657 2497 1712 intervallo
2529 1659 2797 1729 temporis
2824 1659 2916 1711 alii
2941 1660 3271 1731 nequissimi
3306 1660 3480 1729 fures,

1857 1749 1955 1818 qui
1982 1766 2084 1802 nec
2104 1750 2403 1804 Dominum
2417 1768 2521 1805 nec
2543 1752 2799 1805 homines
2820 1752 3172 1818 verebantur,
3205 1753 3273 1807 de
3294 1754 3482 1824 aliqua

141 1830 422 1899 paciﬁcum
462 1833 720 1886 osculum
746 1834 1057 1904 procidens,
1090 1835 1203 1906 ipsa
1234 1837 1493 1890 omnibus
1529 1837 1758 1891 all’abilis
1778 1829 1834 1899 B
1858 1837 2139 1907 provincia
2159 1838 2228 1891 ob
2249 1838 2604 1892 latrocinium
2625 1840 2934 1906 venientes,
2961 1857 3294 1909 peramnem
3320 1858 3484 1912 granc

143 1923 370 1992 Brigida,
428 1930 484 1978 et
539 1924 696 1992 felix,
753 1928 990 1981 conditis
1030 1929 1141 1981 sale
1173 1930 1525 1983 sermonibus
1567 1930 1755 1983 divino

140 2032 252 2069 eam
280 2017 583 2072 salubriter
608 2019 845 2073 allocuta
866 2026 966 2088 est,
997 2038 1061 2074 ac
1106 2022 1398 2075 Salvatoris
1439 2023 1614 2076 nostri
1656 2024 1751 2094 ju-

140 2109 309 2164 bentis
336 2113 604 2181 exemplo
629 2113 891 2183 parvulos
919 2114 990 2167 ad
1012 2130 1068 2168 se
1106 2115 1314 2183 venire,
1355 2115 1483 2169 ﬁliae
1522 2133 1753 2171 manum

143 2204 371 2258 retinens
398 2222 576 2259 manu
604 2222 726 2271 sua,
764 2207 1046 2260 nesciente
1082 2207 1175 2261 illa
1205 2208 1355 2278 quod
1399 2214 1542 2262 esset
1577 2216 1750 2278 muta,

140 2298 538 2353 etvoluntatem
565 2298 740 2369 ipsius
767 2299 1143 2369 interrogans,
1167 2306 1358 2355 utrum
1378 2302 1555 2356 velato
1577 2303 1753 2372 capite

138 2407 455 2460 permanere
496 2391 659 2463 virgo
711 2409 781 2446 an
826 2394 1038 2463 nuptiis
1087 2394 1357 2449 tradenda
1404 2411 1522 2447 esse
1565 2396 1749 2463 vellet,

140 2489 302 2537 matre
332 2485 509 2555 ipsius
537 2486 899 2552 admonente,
928 2487 1077 2557 quod
1110 2487 1214 2540 sibi
1252 2486 1362 2539 ﬁlia
1408 2475 1561 2540 nulla
1598 2488 1754 2543 daret

141 2593 407 2647 responsa,
438 2579 788 2649 respondens
812 2580 1155 2648 matridixit,
1180 2597 1235 2633 se
1253 2597 1363 2633 non
1393 2580 1751 2634 dimissuram

139 2670 256 2723 tiliae
284 2688 538 2739 manum,
580 2671 635 2723 ni
667 2672 770 2724 sibi
813 2673 970 2742 prius
1006 2690 1337 2743 responsum
1370 2673 1646 2727 redderet.
1688 2674 1753 2728 Et

137 2763 296 2817 ﬁliam
322 2781 450 2818 cum
479 2765 726 2817 secunda
756 2765 873 2818 vice
903 2765 1295 2837 interrogaret,
1325 2767 1611 2838 respondit
1636 2766 1753 2819 ﬁlia

136 2857 232 2909 sibi
258 2857 443 2912 dicens
473 2874 486 2910 :
517 2858 641 2911 Non
668 2857 838 2924 aliud,
862 2858 971 2910 nisi
1014 2860 1163 2929 quod
1212 2864 1273 2914 tu
1320 2860 1578 2928 volueris,
1628 2860 1753 2912 volo

137 2965 314 3019 agere.
370 2952 447 3002 Ac
492 2950 573 3002 sic
617 2955 809 3021 postea
849 2956 1043 3021 aperto
1080 2969 1174 3005 ore
1228 2953 1346 3007 sine
1386 2954 1597 3023 linguae
1652 2952 1755 3006 im-

135 3043 481 3111 pedimento,
531 3048 590 3097 et
644 3043 828 3096 soluto
882 3044 1055 3114 ipsius
1104 3044 1361 3114 vinculo,
1418 3047 1754 3118 loquebatur

135 3151 273 3189 53118.

199 3231 258 3283 Et
284 3230 489 3301 quibus
520 3230 628 3283 hoc
656 3230 906 3300 ejusdem
937 3248 1078 3301 opus
1105 3231 1273 3285 nullis
1313 3232 1622 3286 multorum
1650 3250 1751 3285 au-

134 3321 276 3375 ribus
302 3323 626 3377 inauditum
656 3324 983 3394 scrupulum
1015 3342 1127 3377 non
1157 3326 1454 3378 moveret?

198 3416 336 3470 Dum
367 3417 521 3471 enim
549 3417 669 3470 hazc
693 3417 883 3471 animo
907 3423 1049 3471 esset
1076 3418 1287 3471 intenta
1309 3418 1617 3472 caelestium
1640 3435 1756 3473 me-

133 3507 407 3579 ditatione,
437 3516 501 3565 ut
528 3527 753 3581 semper
779 3510 1007 3579 solebat,
1032 3527 1191 3564 suam
1222 3512 1289 3565 de
1310 3512 1665 3565 terrestribus
1685 3512 1754 3566 ad

132 3603 365 3657 coelestia
390 3604 619 3658 elevans
638 3604 1135 3671 conversationem,
1160 3605 1469 3675 quamdam
1494 3622 1609 3658 non
1631 3621 1755 3675 par-

133 3711 268 3763 vam,
298 3697 392 3750 sed
422 3696 699 3768 grandem
727 3696 869 3750 lardi
909 3684 1145 3767 partem'
1173 3714 1300 3750 cum
1346 3714 1482 3750 cane
1519 3697 1748 3751 dimisit.

133 3789 191 3841 Et
216 3806 342 3844 cum
371 3795 517 3844 esset
548 3788 840 3860 inquisita,
870 3807 984 3843 non
1013 3790 1237 3857 alicubi,
1271 3791 1365 3844 sed
1399 3790 1495 3844 ubi
1523 3790 1671 3844 canis
1692 3790 1751 3843 in

131 3897 190 3934 eo
212 3882 329 3936 loco
359 3883 573 3937 solebat
600 3900 738 3949 esse,
763 3899 955 3937 mense
980 3887 1278 3950 transacto,
1310 3884 1516 3938 intacta
1561 3890 1617 3939 et
1660 3883 1749 3937 in-

131 3978 280 4044 tegra
304 3982 531 4047 reperta
556 3981 657 4030 est.
688 3977 807 4029 Non
835 3976 988 4030 enim
1033 3976 1184 4029 canis
1234 3992 1401 4029 ausus
1455 3977 1751 4031 comedere

129 4067 434 4138 depositum
462 4070 641 4123 beatae
668 4068 923 4139 virginis,
954 4069 1049 4122 sed
1075 4074 1258 4123 custos
1286 4069 1506 4139 patiens
1528 4069 1667 4123 lardi
1694 4074 1752 4124 et

126 4160 351 4217 idoneus
377 4169 574 4217 contra
600 4178 767 4216 suum
796 4162 1021 4216 solitum
1046 4179 1269 4217 morem
1290 4162 1481 4216 divina
1507 4164 1751 4217 refrena-

129 4260 214 4309 tur
239 4257 442 4312 virtute
471 4257 705 4311 exstitit.

190 4356 553 4405 Accrescente
593 4348 842 4422 quotidie
873 4349 1279 4403 miraculorum
1318 4365 1574 4416 numero,
1619 4367 1748 4422 quae

130 4444 208 4497 vix
239 4444 564 4499 enumerari
583 4448 837 4515 possunt,
853 4448 1127 4514 quantum
1148 4442 1541 4497 misericordia:
1567 4450 1621 4498 et
1635 4445 1749 4516 pie-

1775 3183 1829 3255 C

1857 1929 1985 1984 dem
2012 1930 2157 1982 facili
2188 1936 2377 1984 meatu
2407 1932 2611 2001 pedum
2664 1932 3033 2002 egredientes,
3068 1932 3267 1988 bovem
3308 1934 3482 2004 ipsius

1854 2021 2025 2075 furati
2054 2025 2203 2076 sunt.
2236 2023 2343 2077 Sed
2371 2040 2465 2077 eos
2491 2024 2749 2078 eamdem
2779 2028 3120 2078 revertentes
3139 2026 3289 2079 viam
3309 2027 3481 2097 impe-

1854 2119 1944 2169 tus
1969 2115 2216 2185 ingentis
2256 2115 2527 2183 ﬂuminis,
2571 2117 2935 2170 inundatione
2980 2134 3255 2188 aquarum
3300 2118 3482 2172 subito

1853 2206 2014 2277 facta,
2055 2208 2425 2262 conturbavit.
2483 2210 2605 2262 Non
2655 2209 2809 2263 enim
2857 2208 3070 2262 flumen
3114 2210 3292 2263 instar
3332 2210 3481 2263 muri

1854 2305 2102 2353 erectum
2148 2301 2593 2354 scelestissimam
2639 2301 2813 2355 boum
2859 2302 3115 2355 fraudem
3144 2302 3321 2355 beatae
3354 2303 3476 2356 Bri-

1854 2392 1997 2461 gida:
2026 2410 2126 2462 per
2147 2411 2204 2447 se
2234 2393 2464 2447 transire
2493 2394 2779 2464 permisit;
2811 2394 2906 2447 sed
2926 2396 3149 2448 eosdem
3189 2396 3343 2448 fures
3382 2395 3476 2450 de-

1854 2501 2115 2555 mergens
2142 2490 2195 2538 et
2222 2503 2410 2539 secum
2437 2487 2683 2551 trahens,
2723 2486 2890 2539 boves
2916 2487 2983 2541 de
3010 2487 3263 2556 ipsorum
3298 2488 3477 2542 mani—

1853 2577 1955 2630 bus
1996 2578 2237 2646 liberati,
2280 2578 2412 2631 loris
2452 2578 2507 2631 in
2538 2578 2798 2632 cornibus
2822 2579 3216 2649 pendentibus,
3249 2581 3319 2634 ad
3348 2598 3479 2652 pro-

1853 2671 2039 2742 prium
2065 2675 2451 2725 armentorum
2481 2671 2551 2725 ad
2582 2671 2859 2725 bubulum
2903 2672 3107 2727 reversi
3143 2678 3292 2727 sunt.
3345 2675 3480 2728 Ecce

1853 2769 1907 2818 et
1937 2764 2025 2817 hic
2052 2764 2224 2817 virtus
2254 2764 2441 2817 divina
2467 2767 2718 2834 apparet.

1924 2859 2065 2912 Cum
2092 2857 2333 2928 quadam
2361 2857 2449 2910 die
2476 2857 2596 2927 ipsa
2622 2856 2964 2911 sanctissima
2981 2858 3223 2929 Brigida,
3248 2864 3479 2930 cogente

1851 2951 2040 3021 aliqua
2066 2950 2389 3004 necessitate
2417 2949 2690 3017 utilitatis,
2718 2956 2782 3003 ut
2824 2951 3253 3006 conventionem
3300 2954 3476 3023 plebis

1853 3044 2119 3109 visitaret,
2153 3042 2212 3096 in
2240 3059 2408 3096 curru
2445 3042 2642 3097 sedens
2687 3043 2844 3113 equis
2878 3043 3025 3097 binis
3060 3045 3389 3114 vehebatur,
3426 3050 3482 3101 et

1855 3154 1985 3190 cum
2010 3137 2068 3190 in
2097 3154 2196 3190 suo
2223 3136 2479 3190 vehiculo
2507 3136 2867 3190 meditatione
2906 3137 3155 3191 theorica
3198 3138 3479 3193 ccelestem

1853 3246 2025 3300 agens
2052 3229 2109 3282 in
2136 3228 2300 3282 terris
2321 3228 2510 3297 vitam,
2543 3246 2729 3296 suum,
2776 3231 2859 3293 ut,
2900 3230 3133 3299 solebat,
3166 3230 3478 3286 dominato-

1854 3339 1977 3376 rem
2010 3325 2211 3386 oraret,
2246 3321 2312 3375 de
2339 3321 2446 3374 alio
2467 3322 2762 3392 procidens
2780 3321 3077 3389 loco,alter
3102 3323 3267 3378 bruto
3291 3325 3480 3379 animo

1854 3431 2032 3485 equus
2058 3414 2257 3467 saliens
2284 3413 2340 3466 in
2368 3430 2556 3479 curru,
2581 3417 2637 3467 et
2661 3413 3032 3468 inrefrenatus
3059 3414 3291 3468 habenis
3318 3416 3477 3471 forti-

1852 3512 1940 3561 ter
1963 3524 2020 3559 se
2050 3506 2355 3571 excutiens,
2398 3511 2454 3559 et
2492 3505 2559 3557 de
2595 3505 2738 3575 jugo
2780 3506 3079 3560 exterritus
3121 3523 3224 3577 per
3260 3525 3479 3579 campe-

1852 3600 1984 3654 stria
2008 3598 2291 3665 cucurrit;
2325 3603 2381 3652 et
2413 3598 2488 3651 sic
2514 3614 2715 3651 manus
2744 3598 2962 3652 [lumini
2983 3599 3191 3670 jugum
3227 3601 3478 3671 pendens

1852 3694 1971 3747 sine
1998 3691 2308 3764 praecipitio
2328 3690 2672 3745 sustentavit.
2705 3692 2769 3745 Et
2787 3691 3006 3746 vidente
3026 3693 3209 3761 turba,
3235 3693 3304 3746 ob
3330 3695 3481 3748 testi-

1850 3786 2105 3840 monium
2134 3784 2331 3839 divina:
2349 3784 2570 3837 virtutis
2592 3788 2802 3849 secuta,
2824 3784 2881 3837 in
2898 3801 2999 3838 suo
3028 3802 3193 3839 orans
3219 3786 3474 3841 vehiculo

1851 3896 1980 3933 cum
2007 3896 2122 3932 uno
2149 3895 2293 3947 equo
2320 3878 2423 3931 sub
2455 3893 2626 3931 curru
2669 3877 2867 3947 posito,
2904 3878 2973 3931 ad
3012 3878 3192 3948 plebis
3233 3896 3473 3934 conven-

1850 3973 2081 4040 tionem,
2129 3971 2381 4025 discursu
2422 3969 2701 4040 placabili,
2751 3970 2922 4023 illmsa
2960 3971 3235 4041 pervenit,
3289 3978 3344 4026 et
3398 3973 3475 4027 sic

1850 4065 2026 4136 signis
2054 4069 2108 4118 et
2132 4064 2431 4117 virtutibus
2457 4079 2559 4116 sua
2584 4063 2945 4131 conﬁrmans,
2964 4063 3238 4135 doctrina,
3269 4082 3478 4119 sermo—

1848 4159 2014 4214 nibus
2049 4157 2403 4226 salutaribus,
2449 4162 2505 4210 et
2546 4157 2656 4211 sale
2708 4157 2896 4210 divino
2946 4157 3198 4224 conditis,
3250 4159 3472 4229 plebem

1849 4253 2144 4307 exhortata
2172 4256 2275 4305 est.
2304 4251 2370 4304 Et
2409 4250 2514 4304 hoc
2551 4249 2852 4304 virtutibus
2891 4250 3010 4320 ejus
3056 4250 3279 4306 videtur
3312 4252 3476 4307 nobis

1850 4362 1967 4400 esse
1994 4344 2396 4415 deputandum.

1920 4440 2060 4493 Cum
2087 4454 2223 4509 aper
2250 4436 2402 4490 ferus
2428 4435 2726 4506 singularis
2756 4439 2811 4489 et
2846 4435 3109 4489 silvestris
3146 4435 3376 4491 territus
3420 4443 3475 4492 et

125 4538 267 4607 tatis,
309 4544 363 4592 et
400 4538 460 4592 in
498 4553 777 4608 pauperes
811 4536 1295 4606 eleemosynarum
1336 4541 1649 4608 opportune
1694 4543 1825 4617 etD
1848 4532 2117 4603 fugitivus
2144 4534 2305 4597 esset,
2333 4529 2403 4582 ad
2425 4543 2659 4598 gregem
2685 4543 2983 4598 porcorum
3008 4526 3247 4598 Brigidze
3274 4529 3473 4583 felicis-

124 4629 493 4701 inopportune
523 4630 930 4700 postulantium
960 4635 1186 4700 operata
1210 4628 1310 4683 est!
1330 4631 1466 4683 Nam
1482 4647 1611 4683 eum
1636 4630 1739 4684 ali-

122 4724 241 4792 quis
266 4724 533 4795 indigens
545 4723 669 4777 cibo
693 4739 1009 4794 pauperum
1029 4740 1151 4776 eam
1177 4727 1418 4793 rogaret,
1450 4723 1543 4775 illa
1567 4724 1637 4777 ad
1652 4740 1744 4778 eos

122 4816 215 4885 qui
239 4833 436 4872 carnes
453 4822 739 4884 coxerant,
765 4821 827 4869 ut
849 4816 918 4869 ab
943 4816 1051 4869 illis
1074 4816 1286 4886 aliquid
1316 4816 1546 4887 pauperi
1569 4816 1745 4870 defer-

122 4914 221 4979 ret,
251 4910 556 4977 festinavit,
582 4915 634 4963 et
661 4909 892 4963 illorum
908 4925 1056 4962 unus
1076 4909 1462 4963 stolidissimus
1476 4909 1741 4979 famulus,

122 5002 215 5071 qui
241 5019 439 5057 carnes
467 5007 710 5069 coxerat,
738 5002 1069 5072 insipienter
1094 5006 1313 5073 partem
1338 5002 1589 5056 nondum
1619 5019 1741 5056 car-

122 5095 204 5149 nis
229 5100 468 5161 coctam,
498 5096 556 5149 in
581 5096 831 5150 albatum
856 5095 1033 5165 ipsius
1045 5095 1277 5149 sinuata:
1297 5095 1463 5149 vestis
1492 5100 1742 5166 recepta-

121 5190 308 5244 culum
337 5189 644 5258 transjecit,
677 5193 732 5243 et
758 5188 835 5242 sic
864 5188 978 5257 illa,
1025 5205 1139 5242 non
1181 5188 1452 5243 suﬁ'ocato
1497 5188 1740 5258 mantili,

122 5288 173 5336 et
202 5283 261 5336 in
291 5300 392 5337 suo
434 5282 671 5336 candido
711 5282 901 5336 colore
941 5286 1203 5335 manente
1240 5287 1466 5352 portans
1509 5282 1744 5353 pauperi

123 5376 333 5430 tribuit.
364 5376 476 5430 Nec
506 5392 623 5430 non
645 5378 701 5429 et
725 5375 831 5429 hoc
861 5375 929 5428 de
970 5374 1139 5444 gestis
1183 5374 1433 5428 felicibus
1478 5374 1746 5428 admirari

122 5468 301 5523 debet.
330 5468 762 5523 Conﬂuentibus
782 5468 934 5522 enim
954 5468 1022 5521 ad
1045 5484 1169 5520 eam
1190 5467 1445 5537 undique
1487 5467 1745 5537 pauperi-

120 5560 223 5615 bus
252 5566 308 5616 et
330 5561 667 5633 peregrinis,
697 5561 915 5631 ingenti
940 5561 1090 5614 fama
1105 5559 1342 5625 virtutis,
1367 5564 1421 5613 et
1433 5559 1748 5613 nimizelar-

122 5654 306 5723 gitatis
348 5655 533 5721 tracti,
578 5656 842 5709 accedens
890 5654 961 5709 ad
1006 5670 1129 5708 eam
1172 5652 1320 5708 inter
1359 5669 1451 5707 eos
1491 5652 1747 5722 ingratus

120 5748 348 5819 quidam
373 5749 647 5821 leprosus,
681 5748 954 5820 optimam
981 5748 1049 5803 de
1077 5752 1335 5802 armento
1366 5762 1585 5801 vaccam
1613 5761 1745 5800 cum

122 5841 332 5917 optimo
358 5842 533 5898 vitulo
559 5841 814 5898 omnium
842 5842 1144 5898 vitulorum
1164 5840 1393 5899 insimul
1419 5840 1521 5896 sibi
1552 5837 1749 5896 donari

1843 4626 1997 4683 simae
2036 4623 2288 4678 concitus
2333 4638 2501 4674 cursu
2527 4620 2802 4691 praecipiti
2829 4619 3103 4690 pervenit.
3136 4621 3317 4684 Quem
3346 4621 3467 4692 ipsa

1842 4724 2074 4775 ventum
2110 4717 2256 4770 inter
2293 4730 2420 4768 suas
2447 4730 2682 4767 cernens
2709 4712 3017 4767 benedixit.
3045 4712 3255 4768 Deinde
3284 4713 3468 4785 impa-

1842 4813 2000 4867 vidus
2025 4827 2087 4864 ac
2114 4806 2400 4862 familiaris
2424 4822 2551 4859 cum
2581 4804 2757 4877 ipsius
2779 4822 3081 4877 porcorum
3109 4822 3281 4876 grege
3304 4823 3465 4860 man-

1842 4905 1929 4961 sit.
1962 4907 2116 4969 Ecce,
2140 4902 2357 4967 fratres,
2388 4899 2585 4954 videtis
2611 4899 2762 4970 quod
2790 4903 2845 4953 et
2889 4898 3054 4953 bruta
3100 4898 3363 4953 animalia
3416 4906 3471 4954 et

1841 4998 2030 5054 bestia:
2075 4993 2426 5050 sermonibus
2471 4997 2526 5047 et
2566 4991 2837 5047 voluntati
2880 4991 3000 5061 ejus
3050 4992 3305 5046 resistere
3353 5009 3470 5048 non

1842 5093 2120 5163 poterant,
2148 5088 2241 5142 sed
2271 5086 2479 5141 domita
2517 5091 2572 5139 et
2614 5085 2863 5156 subjecta
2886 5085 2989 5137 sibi
3026 5084 3467 5141 famulahantur.

1913 5188 2162 5253 Quadam
2206 5189 2395 5238 autem
2439 5184 2545 5252 die,
2587 5199 2717 5237 cum
2766 5182 2968 5253 aliquis
3006 5182 3163 5236 nulla
3213 5182 3471 5239 suffultus

1844 5281 2093 5349 scientia,
2111 5279 2338 5349 vulpem
2362 5276 2510 5347 regis
2539 5277 2608 5331 ad
2634 5276 2902 5346 palatium
2927 5276 3311 5331 ambulantem
3324 5277 3473 5332 vide—

1844 5378 1950 5443 ret,
2001 5378 2205 5444 putans
2254 5370 2431 5438 illam,
2490 5369 2780 5423 obezecatis
2820 5368 3074 5422 sensibus
3114 5369 3249 5436 suis,
3293 5370 3470 5425 feram

1844 5483 1965 5522 esse
1992 5465 2247 5529 bestiam,
2267 5468 2323 5517 et
2348 5462 2496 5534 quod
2529 5462 2588 5515 in
2616 5462 2743 5515 aula
2772 5461 2919 5533 regis
2938 5462 3233 5516 familiaris
3247 5468 3301 5518 et
3318 5481 3471 5517 man-

1845 5563 2003 5616 sueta
2034 5563 2195 5625 esset,
2218 5556 2385 5610 variis
2403 5555 2617 5609 artibus
2630 5555 2821 5608 edocta
2849 5555 3101 5624 agilitate
3117 5555 3384 5626 corporis,
3416 5560 3472 5609 et

1845 5652 2148 5706 subtilitate
2173 5648 2369 5717 animi,
2394 5648 2514 5718 regi
2534 5654 2589 5703 et
2616 5647 2731 5701 suis
2760 5647 3057 5702 comitibus
3078 5648 3286 5717 grande
3315 5663 3467 5717 prte-

1846 5750 1997 5799 stans
2008 5743 2384 5813 signaculum,
2404 5740 2938 5811 ignoraret,vidente
2955 5740 3315 5794 multitudine
3332 5736 3473 5791 occis

1848 5837 1930 5893 dit
1953 5852 2097 5895 eam.
2130 5837 2196 5891 Et
2222 5834 2407 5891 statim
2438 5833 2507 5890 ab
2533 5833 2621 5889 his
2646 5834 2744 5910 qui
2770 5833 3029 5890 viderunt
3052 5833 3259 5888 factum
3285 5828 3472 5903 alliga
