4022 6482
430 365 441 376 ’
509 387 611 439 ’783

507 497 598 546 tus
619 495 674 544 et
689 488 1000 543 diffamatus
1018 490 1118 552 est,
1146 485 1215 539 ad
1237 500 1430 555 regem
1454 485 1755 556 perductus
1782 487 1880 536 est.
1907 484 2118 536 Etcum
2141 491 2200 563 Α

508 600 605 638 rex
636 583 808 634 iratus
834 596 952 633 rem
984 577 1197 632 discens
1223 583 1458 648 gestam,
1491 577 1598 631 nisi
1628 577 1730 631 sibi
1757 574 1935 646 vulpis
1962 573 2118 627 simi-

504 675 574 728 lis
599 674 656 727 in
683 672 940 726 omnibus
966 671 1371 739 calliditalibus,
1399 687 1536 741 quas
1565 687 1664 724 sua
1704 667 1884 738 vulpis
1923 683 2119 737 opera-

506 767 690 833 batur,
718 764 976 818 restituta
1002 768 1162 830 esset,
1192 764 1349 817 illum
1369 763 1538 833 jussit
1567 760 1763 829 occidi,
1798 765 1852 814 et
1885 775 2121 814 uxorem

505 863 562 912 et
585 858 730 912 ﬁlios
761 862 816 911 et
845 855 1036 910 omnia
1061 872 1188 926 quae
1235 856 1436 910 habeat
1477 855 1536 908 in
1574 853 1898 910 servitutem
1941 850 2121 922 redigi

502 950 778 1022 praecipit.

575 1045 824 1113 Cumque
855 1056 974 1094 rem
1005 1045 1215 1110 gestam
1245 1047 1433 1094 sancta
1453 1042 1510 1094 et
1533 1037 1866 1094 venerabilis
1894 1037 2121 1108 Brigida

504 1135 800 1203 didicisset,
829 1139 982 1187 tanto
1012 1133 1368 1188 miseriarum
1398 1137 1454 1187 et
1493 1132 1713 1204 pietatis
1748 1131 1950 1185 affectu
1986 1145 2116 1200 per-

505 1232 677 1296 mota,
723 1241 950 1280 currum
997 1225 1099 1278 sibi
1146 1225 1314 1296 jungi
1359 1225 1656 1296 praecepit,
1698 1229 1754 1279 et
1798 1240 1866 1278 ex
1920 1221 2120 1276 intimo

504 1321 668 1374 corde
694 1319 886 1374 dolens
909 1335 1010 1390 pro
1037 1318 1158 1389 ipso
1196 1318 1424 1386 infelici,
1453 1317 1551 1388 qui
1597 1317 1802 1388 injuste
1838 1315 2119 1386 judicatus

504 1415 606 1480 est,
643 1411 900 1482 precibus
944 1411 1014 1465 ad
1055 1411 1359 1464 Dominum
1393 1410 1550 1476 fusis,
1597 1413 1654 1464 et
1695 1425 1796 1480 per
1822 1406 2120 1478 planiciem

503 1503 688 1574 campi
713 1503 988 1574 equitans,
1021 1503 1268 1573 perrexit
1291 1503 1349 1556 in
1382 1502 1528 1556 viam
1548 1517 1675 1572 qum
1706 1501 1775 1554 ad
1797 1500 1946 1570 regis
1968 1499 2120 1569 pala-

501 1597 645 1650 tium
674 1595 928 1650 ducebat.
959 1595 1067 1649 Nec
1115 1610 1270 1648 mora
1311 1595 1583 1648 Dominus
1631 1593 1857 1647 exaudit
1903 1591 2115 1662 ipsam,

503 1706 630 1744 suas
665 1688 998 1742 fundentem
1039 1688 1287 1742 assiduas
1308 1703 1521 1758 preces.
1553 1687 1735 1740 Unam
1767 1686 1834 1740 de
1866 1684 1978 1738 suis
2004 1683 2118 1737 vul-

501 1781 665 1852 pibus
688 1781 818 1836 feris
847 1781 918 1835 ad
945 1797 1068 1835 eam
1098 1781 1285 1836 venire
1306 1780 1488 1850 jussit.
1522 1780 1658 1843 Quae
1687 1794 1818 1831 cum
1836 1775 2113 1831 velocissi-

501 1889 596 1929 mo
627 1890 793 1928 cursu
825 1874 896 1928 ad
941 1889 1066 1927 eam
1109 1872 1344 1939 veniret,
1395 1876 1452 1924 et
1496 1869 1831 1924 beatissima:
1876 1854 2193 1938 BrigidaeB

502 1967 695 2021 currui
730 1965 1226 2038 appropinquaret,
1259 1965 1456 2018 leviter
1498 1981 1556 2017 se
1590 1963 1811 2017 elevans
1854 1961 1911 2015 in
1950 1976 2120 2014 curru

500 2057 746 2126 sedebat,
779 2063 834 2112 et
858 2057 959 2110 sub
987 2057 1403 2128 receptaculum
1433 2055 1672 2126 Brigida:
1701 2054 1866 2109 vestis
1897 2070 1953 2108 se
1983 2069 2116 2108 con-

500 2151 757 2218 stituens,
788 2149 969 2204 sobrie
999 2149 1059 2202 in
1089 2165 1260 2203 curru
1291 2164 1420 2202 cum
1453 2165 1516 2200 ea
1547 2147 1790 2201 sedebat.

570 2246 640 2296 At
671 2258 799 2296 cum
825 2241 944 2312 ipsa
969 2241 1038 2295 ad
1067 2257 1262 2312 regem
1285 2239 1520 2306 veniret,
1549 2244 1614 2292 ut
1663 2238 1752 2292 ille
1796 2237 1966 2292 miser
2013 2237 2117 2290 im-

499 2335 784 2405 providus,
809 2332 904 2406 qui
931 2339 1088 2388 reatu
1115 2350 1230 2386 suce
1263 2331 1597 2403 ignorantiae
1629 2330 1944 2398 tenebatur,
1981 2329 2121 2384 liber

501 2432 556 2482 et
585 2427 870 2482 absolutus
901 2427 967 2481 de
988 2426 1209 2480 vinculo
1230 2425 1592 2496 egrederetur
1619 2423 1784 2494 coepit
1813 2422 2120 2493 precari.Et

499 2537 628 2574 cum
674 2537 771 2575 rex
812 2521 931 2590 ejus
973 2519 1232 2590 precibus
1273 2517 1586 2572 consentire
1621 2515 1909 2584 noluisset,
1959 2515 2116 2569 obte-

499 2616 649 2667 stans
675 2630 731 2667 se
763 2629 876 2667 non
908 2611 1066 2666 illum
1105 2611 1488 2678 dimissurum,
1531 2608 1638 2662 nisi
1687 2609 1855 2662 talem
1894 2607 2120 2678 vulpem

495 2711 668 2760 tantae
695 2705 1138 2760 mansuetudinis
1162 2709 1218 2758 et
1246 2702 1562 2756 calliditatis
1588 2702 1770 2772 qualis
1799 2701 1993 2771 vulpes
2020 2716 2118 2753 sua

498 2797 680 2852 fuerat
707 2798 964 2852 restituta
992 2801 1153 2865 esset,
1182 2797 1303 2866 ipsa
1329 2812 1487 2848 suam
1525 2795 1583 2848 in
1614 2794 1862 2848 medium
1896 2793 2118 2862 vulpem

497 2889 749 2960 protulit.
773 2892 908 2954 Qua:
935 2907 1120 2944 coram
1149 2905 1280 2958 rege
1309 2891 1365 2940 et
1393 2887 1547 2941 omni
1575 2887 1952 2953 multitudine,
1994 2902 2116 2938 om-

497 2997 596 3036 nes
633 2999 836 3051 mores,
866 2987 922 3036 et
953 2980 1321 3036 subtilitatem
1348 2979 1646 3034 docibilem
1699 2978 1864 3031 variis
1906 2977 2120 3031 artibus

497 3073 726 3128 alterius
756 3091 927 3144 agens
948 3073 1146 3144 vulpis,
1193 3072 1251 3126 in
1274 3072 1468 3126 eadem
1495 3072 1676 3124 forma
1707 3071 1909 3140 prioris
1933 3070 2118 3140 palam

499 3167 761 3222 omnibus
784 3166 932 3220 lusit.
966 3167 1117 3220 Tunc
1147 3183 1244 3219 rex
1277 3165 1526 3235 placatus
1546 3169 1646 3230 est,
1679 3164 1800 3217 haec
1826 3163 2035 3230 videns,
2065 3165 2120 3216 et

501 3259 798 3330 optimates
828 3261 946 3330 ejus
973 3275 1102 3312 cum
1131 3218 1352 3328 ingenti
1383 3259 1581 3327 plausu
1616 3218 1992 3310 multitudinis
2017 3218 2115 3308 ad-
2140 3218 2193 3291 C

500 3353 755 3407 mirantis
786 3351 1040 3406 mirabile
1081 3351 1309 3419 factum,
1352 3351 1511 3403 illum
1557 3349 1715 3417 solvi,
1769 3353 1824 3402 et
1880 3348 2119 3402 liberum

499 3445 674 3512 abire,
705 3445 802 3515 qui
830 3445 1014 3498 fuerat
1037 3451 1166 3498 ante
1192 3460 1320 3497 reus
1350 3442 1557 3511 delicti,
1575 3442 1762 3511 jussit.

571 3539 678 3592 Nec
709 3539 887 3592 multo
916 3542 1059 3608 post,
1093 3553 1222 3590 cum
1253 3540 1437 3590 sancta
1470 3535 1691 3604 Brigida
1720 3534 1991 3589 solutione
2031 3534 2117 3604 ip-

500 3629 611 3685 sius
640 3636 696 3685 et
725 3631 978 3685 libertate
1007 3630 1168 3696 facta,
1199 3629 1265 3682 ad
1299 3645 1459 3682 suam
1485 3627 1691 3682 rediret
1716 3627 1968 3694 domum,
2001 3626 2121 3696 ipsa

499 3725 694 3794 vulpes
723 3723 911 3777 dolosa
930 3739 986 3776 se
1013 3723 1160 3776 inter
1179 3721 1370 3775 turbas
1396 3725 1680 3790 torquens,
1704 3723 1758 3772 et
1777 3719 1972 3773 callide
1993 3735 2118 3772 mo-

501 3829 655 3882 vens,
669 3814 904 3886 fugitiva
921 3815 990 3867 ad
1008 3813 1130 3867 loca
1149 3813 1366 3867 deserta
1387 3817 1440 3866 et
1468 3811 1762 3880 silvestria,
1791 3816 1846 3865 et
1865 3811 1930 3864 ad
1948 3810 2119 3864 ‘suum

501 3911 749 3976 antrum,
776 3907 970 3960 multis
999 3905 1280 3976 equitibus
1309 3907 1365 3958 et
1393 3904 1622 3958 canibus
1649 3904 2010 3975 sequentibus
2040 3920 2116 3972 se,

503 4000 741 4054 illudens
765 4015 828 4052 ac
853 4014 954 4068 per
978 4001 1230 4068 patentes
1256 4013 1478 4066 campos
1505 3995 1748 4067 fugiens,
1781 3995 2120 4050 incolumnis

505 4091 695 4146 evasit.
742 4093 808 4144 Et
847 4107 1044 4144 omnes
1087 4089 1444 4158 admirantes,
1492 4089 1640 4160 quod
1680 4089 1889 4142 factum
1919 4090 2117 4157 fuerat,

504 4183 803 4256 privilegio
829 4183 1150 4251 sanctitatis,
1181 4188 1235 4236 et
1255 4182 1619 4253 praerogativa
1657 4183 1964 4236 multarum
2005 4181 2118 4234 vir-

503 4281 688 4331 tutum
727 4293 948 4346 semper
984 4276 1286 4346 pollentem
1323 4275 1625 4346 majoribus
1660 4273 1831 4346 gestis
1873 4279 2122 4331 sanctam

505 4369 753 4424 venerati
776 4375 908 4423 sunt
935 4368 1238 4440 Brigidam.

576 4463 642 4516 Et
667 4479 796 4516 cum
825 4463 884 4540 in
913 4461 1020 4515 alia
1051 4461 1138 4516 die
1167 4463 1359 4514 anates
1385 4464 1610 4530 pectore
1637 4459 1842 4514 carnali
1871 4465 2122 4515 natantes

1597 378 1748 432 VlTA
1785 373 2056 429 SANCTAS
2095 369 2380 427 BRIGIDE
2417 370 2723 432 VIBGINIS,

3791 355 3900 409 78's

2289 483 2425 536 Nam
2453 499 2585 536 cum
2609 481 2822 535 semina
2851 472 3233 532 saluberrima
3265 471 3428 528 verbi
3477 467 3784 524 Dominici
3831 485 3896 520 ex

2220 591 2380 630 more
2411 591 2525 628 suae
2569 571 2986 628 consuetudinis
3032 567 3302 622 omnibus
3341 565 3700 629 seminaret,
3758 560 3900 613 vidit

2218 684 2420 722 novem
2451 667 2597 722 viros
2622 667 2680 720 iu
2708 665 2952 736 quadam
2982 662 3171 716 forma
3199 659 3435 730 speciali
3465 672 3640 710 vanae
3684 660 3747 708 et
3768 653 3892 708 dia-

2219 765 2414 819 bolicae
2445 762 2855 834 superstitionis
2882 761 3146 832 plausum
3189 757 3498 824 habentes,
3543 753 3708 806 vocis
3755 751 3896 804 ridi-

2222 859 2362 912 culae
2391 874 2453 910 ac
2497 856 2775 910 insaniam
2797 854 3002 908 mentis
3027 851 3362 907 maximam.
3399 851 3466 902 ln
3495 861 3768 918 quorum
3801 845 3903 898 viis

2220 949 2477 1004 contritio
2503 953 2558 1004 et
2584 949 2893 1016 infelicitas,
2928 949 2985 1000 et
3014 945 3246 1016 antiquo
3285 941 3468 1009 hosti,
3517 938 3625 1010 qui
3677 938 3743 992 in
3792 937 3902 990 illis

2221 1043 2490 1112 regnabat
2509 1041 2650 1095 votis
2675 1038 3076 1095 scelestissimis
3108 1041 3163 1091 et
3199 1033 3582 1105 juramentis,
3637 1031 3904 1086 sitientes

2219 1135 2547 1190 effusionem
2577 1133 2888 1204 sanguinis,
2922 1137 3228 1201 antequam
3259 1127 3521 1182 calendas
3563 1125 3707 1180 Julii
3743 1124 3905 1176 illius

2217 1228 2426 1282 mensis
2447 1226 2891 1298 supervenirent,
2914 1221 3423 1288 venturi,aliorum
3450 1217 3908 1290 jugulationem

2219 1323 2274 1374 et
2303 1319 2600 1374 homicidia
2631 1297 3031 1389 deposuerunt.
3065 1314 3281 1379 Quibus
3313 1309 3809 1366 reverentissima
3852 1314 3905 1362 et

2217 1412 2450 1466 affabilis
2481 1411 2706 1482 Brigida
2745 1410 3018 1464 melliﬂua
3047 1407 3363 1462 verborum
3398 1405 3574 1475 capia
3603 1402 3906 1475 praedica-

2221 1507 2317 1574 vit,
2351 1509 2412 1558 ut
2442 1504 2744 1558 mortiferis
2767 1501 3053 1558 erroribus
3085 1500 3317 1567 relictis,
3350 1497 3606 1552 crimina
3644 1512 3763 1568 per
3789 1512 3913 1549 cor-

2221 1598 2306 1652 dis
2331 1597 2822 1668 compunctionem
2853 1599 2908 1650 et
2927 1611 3121 1649 veram
3149 1593 3411 1647 delerent
3451 1589 3908 1662 pcenitentiam.

2215 1691 2319 1756 Qui
2351 1690 2689 1745 hebetudine
2716 1689 2925 1744 mentis
2952 1704 3090 1754 suae,
3107 1685 3218 1740 nisi
3245 1685 3409 1756 prius
3431 1701 3586 1738 vana
3617 1701 3734 1738 sua
3758 1699 3914 1737 com-

2216 1785 2460 1861 plessent
2487 1787 2636 1848 vota,
2660 1783 2796 1836 illud
2829 1780 3172 1846 resistentes,
3202 1779 3261 1832 in
3313 1778 3468 1832 viam
3505 1781 3916 1848 perrexerunt

2217 1894 2376 1931 suam
2405 1894 2420 1943 ;
2448 1880 2503 1930 et
2529 1892 2630 1947 pro
2664 1877 2770 1930 hac
2800 1891 2861 1930 re
2887 1873 3026 1928 fusis
3043 1873 3113 1927 ad
3140 1873 3323 1927 Deum
3345 1869 3633 1942 precibus
3655 1869 3911 1924 afﬂuen-

2218 1974 2304 2024 ter
2345 1973 2621 2024 veneratzn
2667 1967 2922 2038 virginis,
2969 1964 3227 2032 volentis,
3295 1963 3538 2018 Domini
3601 1962 3913 2034 exemplo,

2219 2079 2416 2117 omnes
2447 2061 2624 2115 salvos
2649 2060 2791 2128 ﬁeri,
2827 2065 2884 2113 et
2913 2059 2981 2112 ad
3007 2056 3362 2128 agnitionem
3400 2055 3705 2112 veritatis.

2289 2157 2356 2209 Et
2403 2155 2756 2226 egredientes
2793 2151 2876 2206 illi
2923 2149 3104 2205 nefari
3149 2149 3474 2220 imaginem
3521 2147 3729 2204 instar
3775 2149 3913 2215 viri,

2221 2265 2390 2319 quem
2419 2245 2740 2302 debuissent
2763 2243 3050 2315 jugulare,
3090 2242 3580 2313 contemplantes,
3622 2245 3688 2295 et
3721 2244 3916 2296 conti-

2217 2356 2332 2394 nuo
2361 2341 2476 2394 suis
2498 2339 2828 2410 jugulantes
2873 2335 3104 2404 lanceis,
3152 2340 3209 2390 et
3253 2335 3460 2406 gladiis
3513 2335 3917 2399 decollantes,

2218 2432 2375 2504 quasi
2401 2436 2524 2502 post
2553 2430 2911 2500 triumphum
2943 2429 3011 2482 de
3039 2445 3140 2482 suo
3189 2427 3525 2482 adversario
3555 2429 3758 2482 armis
3786 2445 3917 2482 san-

2221 2525 2438 2596 guineis
2456 2523 2663 2578 reversi
2681 2523 2873 2576 multis
2890 2525 3300 2592 apparuerunt.
3325 2520 3544 2575 Mirum
3569 2520 3638 2574 in
3662 2521 3919 2575 modum

2220 2635 2349 2672 cum
2381 2618 2668 2672 neminem
2697 2615 3034 2680 occiderent,
3075 2613 3186 2667 illis
3218 2613 3412 2667 visum
3445 2618 3540 2668 est
3576 2614 3922 2686 complesse

2219 2727 2320 2764 sua
2347 2716 2502 2764 vota:
2537 2713 2705 2780 atque
2739 2725 2868 2762 cum
2891 2723 3064 2761 nemo
3093 2707 3288 2760 deerat
3319 2707 3390 2761 de
3421 2707 3530 2761 illa
3575 2708 3918 2780 provincia,

2218 2803 2286 2857 de
2318 2819 2429 2874 quo
2455 2801 2537 2856 illi
2563 2802 3002 2871 triumpharent,
3027 2799 3259 2870 largitas
3287 2799 3473 2854 divini
3504 2801 3799 2856 muneris
3822 2817 3924 2872 per

2219 2895 2630 2950 sanctissimam
2663 2893 2947 2964 Brigidam
2983 2893 3131 2946 facta
3183 2893 3461 2948 omnibus
3510 2893 3816 2949 innotuit.
3862 2895 3924 2948 Et

2220 2989 2295 3042 sic
2321 2988 2404 3042 illi
2427 2987 2523 3058 qui
2551 2992 2712 3040 antea
2753 2991 2912 3040 erant
2954 2985 3278 3054 homicidae,
3324 3003 3434 3057 per
3482 2987 3922 3058 paenitentiam

2219 3081 2288 3135 ad
2319 3079 2620 3134 Dominum
2648 3079 2899 3134 conversi
2933 3082 3085 3134 sunt.

2290 3175 2355 3228 Et
2383 3174 2438 3227 in
2470 3173 2575 3226 hoc
2607 3189 2775 3242 opere
2800 3188 2904 3242 per
2946 3175 3202 3226 sanctam
3247 3171 3564 3242 Brigidam
3617 3175 3798 3229 cultu
3848 3175 3929 3228 in-

2218 3265 2516 3320 enarrabili
2541 3282 2710 3318 sacrae.
2741 3264 3028 3334 religionis
3055 3264 3245 3318 divina
3273 3265 3671 3321 manifestata
3703 3270 3802 3323 est
3829 3285 3928 3338 po-

2217 3359 2413 3413 tentia.
2446 3359 2602 3412 lllam
2633 3357 2805 3424 enim,
2838 3356 3222 3427 Luguidinam
3248 3358 3526 3426 nomine,
3565 3361 3814 3416 validus
3841 3364 3926 3415 vir

2217 3451 2398 3519 valde,
2439 3455 2495 3504 et
2540 3450 2792 3504 virorum
2843 3449 3202 3516 fortissimus,
3262 3450 3594 3506 duodecim
3647 3455 3926 3509 virorum

2219 3560 2389 3614 opera
2414 3559 2517 3614 per
2541 3541 2907 3612 semetipsum
2933 3547 3052 3596 tota
3079 3543 3422 3598 fortitudine
3473 3545 3574 3599 sui
3629 3547 3926 3618 corporis,

2219 3639 2276 3694 in
2309 3657 2436 3709 una,
2469 3656 2599 3694 cum
2625 3638 2813 3704 vellet,
2847 3638 3108 3692 laborans
3130 3638 3244 3704 die,
3279 3644 3344 3693 et
3385 3639 3648 3712 cibaria,
3710 3645 3929 3715 quibus

2219 3731 2560 3786 sufﬁcienter
2585 3730 2882 3784 duodecim
2907 3730 3013 3784 viri
3041 3731 3190 3784 vesci
3221 3735 3486 3801 possent,
3521 3735 3718 3789 simul
3739 3753 3924 3791 come-

2219 3825 2355 3879 dens
2387 3823 2548 3893 (sicut
2577 3822 2729 3876 enim
2754 3823 2982 3876 illorum
3011 3838 3185 3894 opera
3208 3824 3388 3892 solus,
3441 3825 3528 3880 sic
3587 3832 3652 3882 et
3702 3829 3925 3883 cibaria

2219 3917 2418 3987 aequali
2446 3917 2614 3970 modo
2640 3933 2788 3970 unus
2815 3919 3010 3970 contra
3036 3917 3230 3986 plures
3257 3917 3586 3973 comedere
3638 3926 3927 3992 poteratl,

2219 4009 2548 4079 deprecatus
2568 4013 2668 4077 est,
2700 4012 2762 4062 ut
2787 4007 2906 4078 ipsa
2932 4009 3244 4063 Dominum
3272 4015 3476 4065 oraret
3512 4013 3927 4088 Omnipoten-

2218 4101 2356 4169 tem,
2401 4107 2464 4156 ut
2507 4102 2627 4171 ejus
2680 4101 3014 4172 ingluviem,
3057 4118 3174 4172 qua
3223 4104 3535 4173 superﬂua
3567 4107 3926 4169 devorabat.

2220 4199 2594 4264 temperaret;
2647 4209 2752 4247 nec
2801 4197 3107 4264 antequam
3149 4194 3434 4250 virtutem
3497 4199 3604 4252 sui
3663 4203 3931 4273 corporis

2219 4303 2322 4358 pro
2350 4287 2454 4340 hac
2479 4286 2756 4340 amisisset
2784 4303 2969 4340 causa.
3004 4287 3071 4340 Et
3103 4287 3183 4340 sic
3205 4287 3298 4340 illa
3328 4290 3585 4362 Brigida
3612 4293 3808 4351 illum
3833 4295 3927 4350 be-

2219 4377 2502 4447 nedicens,
2531 4384 2586 4433 et
2610 4394 2713 4450 pro
2761 4379 2856 4432 illo
2899 4379 3208 4434 Dominum
3249 4397 3468 4450 orans;
3525 4383 3669 4454 ipse
3729 4396 3932 4460 postea

2219 4472 2368 4526 victu
2397 4473 2565 4526 unius
2589 4471 2695 4525 viri
2727 4472 2856 4525 satis
2884 4475 3204 4540 contentus,
3240 4489 3328 4540 ac,
3361 4479 3429 4528 ut
3449 4483 3647 4532 antea
3678 4483 3932 4539 solebat.

505 4555 564 4610 in
595 4573 758 4627 aqua,
791 4558 848 4609 et
875 4570 976 4625 per
1005 4571 1136 4608 aera
1164 4553 1446 4608 interdum
1488 4554 1800 4620 volitantes,
1839 4553 2000 4608 beata
2038 4553 2495 4650 vi-Dlaborans,
2542 4565 2686 4619 sicut
2751 4563 3048 4619 duodecim
3088 4565 3342 4636 operarii
3400 4573 3824 4645 operabatur,
3878 4576 3932 4628 in

507 4649 680 4702 disset
708 4647 952 4718 Brigida,
980 4663 1070 4701 eas
1085 4647 1152 4700 ad
1176 4663 1232 4700 se
1261 4645 1450 4700 venire
1463 4646 2120 4717 jussit.Quaepennigero

506 4742 710 4810 volatu,
744 4745 799 4795 et
823 4743 937 4795 toto
965 4741 1162 4794 ardore
1189 4738 1520 4793 obedientize
1551 4739 1670 4808 ejus
1715 4738 1943 4792 vocibus
1993 4742 2118 4793 tan-

505 4851 676 4906 quam
713 4835 962 4888 humana
991 4849 1125 4886 cura
1151 4835 1448 4898 consuetzr,
1495 4831 1613 4885 sine
1657 4831 1770 4885 ulla
1823 4831 2120 4886 formidine

505 4927 808 4982 multitudo
836 4926 906 4980 ad
935 4942 1058 4980 eam
1083 4925 1347 4978 volitavit.
1377 4925 1522 4988 Quas
1551 4941 1722 4978 manu
1767 4928 2025 4994 tangens,
2067 4929 2122 4979 et

505 5021 868 5090 amplectens,
897 5024 952 5073 et
986 5034 1089 5090 per
1125 5017 1476 5088 aliquantum
1517 5016 1786 5086 temporis
1825 5017 1930 5070 hoc
1972 5017 2120 5071 idem

505 5113 731 5180 faciens,
763 5112 943 5166 redire
971 5129 1034 5166 ac
1062 5111 1246 5165 volare
1275 5110 1388 5164 suis
1416 5109 1475 5164 in
1501 5127 1690 5165 aerem
1717 5109 1816 5164 alis
1845 5110 2118 5180 permisit.

507 5206 840 5260 Collaudans
877 5206 1197 5259 Creatorem
1242 5203 1498 5257 omnium
1541 5220 1750 5272 rerum,
1799 5203 1887 5256 cui
1933 5204 2124 5258 omnia

508 5297 756 5367 subjecta
784 5301 914 5352 sunt
937 5297 1260 5364 animantia,
1285 5303 1341 5352 et
1359 5297 1449 5350 cui
1465 5296 1652 5350 omnia
1679 5295 1894 5362 vivunt,
1922 5299 1988 5351 ut
2005 5297 2122 5368 qui-

505 5391 634 5445 dem
664 5390 758 5458 ait,
791 5389 972 5444 oflicio
1007 5390 1254 5458 gerendi.

577 5486 641 5538 Et
671 5501 737 5538 ex
765 5481 852 5536 his
888 5480 1148 5534 omnibus
1181 5482 1475 5536 manifeste
1510 5480 1698 5553 colligi
1731 5486 1919 5554 potest
1968 5482 2119 5554 quod

418 5647 427 5658 '
503 5578 686 5632 omnis
728 5578 933 5630 natura
977 5572 1281 5628 bestiarum
1337 5579 1393 5629 et
1425 5592 1692 5644 pecorum
1743 5581 1798 5630 et
1829 5576 2120 5631 volucrum

500 5660 752 5741 subjecta
785 5666 907 5733 ejus
933 5663 1036 5716 fuit
1069 5663 1319 5734 imperio.
1375 5669 1439 5721 Et
1486 5668 1592 5722 hoc
1635 5669 1754 5738 ejus
1788 5669 2119 5724 miraculum

503 5763 768 5818 omnibus
801 5755 1016 5807 sarculis
1047 5756 1440 5812 celebrandum
1462 5759 1688 5813 auribus
1717 5761 1963 5816 ﬁdelium
1993 5763 2122 5816 insi-

505 5856 792 5909 nuandnm
829 5851 930 5900 est.

2221 4658 2416 4712 eadem
2445 4658 2675 4727 antiqua
2701 4658 3013 4728 permansit
3041 4657 3271 4713 virtute.

2288 4753 2424 4804 Item
2453 4751 2623 4804 arbor
2641 4752 2900 4821 quaedam
2920 4751 3150 4822 grandis
3169 4756 3227 4806 et
3247 4753 3638 4826 maxima,ad
3665 4759 3930 4834 aliquem

2219 4843 2470 4915 paranda
2491 4859 2812 4909 usum,cum
2834 4843 2922 4897 his
2949 4843 3302 4914 quiartificia
3324 4862 3628 4907 exercere
3661 4855 3930 4911 solebant

2219 4936 2279 4990 in
2309 4935 2463 5006 ligna
2484 4934 2772 5006 lignorum
2797 4935 3289 4991 securibusexcisa
3307 4943 3417 4994 est.
3445 4942 3540 4996 Ad
3561 4961 3771 5017 quam
3793 4967 3924 5004 con-

2219 5029 2404 5083 ventio
2430 5028 2682 5082 virorum
2703 5029 2941 5083 fortium
2963 5034 3200 5100 propter
3215 5030 3344 5101 ejus
3363 5034 3740 5096 molestiam
3773 5049 3835 5099 et
3858 5045 3932 5097 in-

2222 5125 2450 5193 gentem
2477 5120 2708 5189 molem,
2735 5121 2859 5175 loca
2885 5121 3223 5176 difﬁcillima
3253 5123 3318 5178 in
3346 5126 3586 5196 quibus
3617 5149 3930 5192 ramorum

2220 5231 2348 5268 cum
2365 5213 2588 5284 fragore
2609 5230 2866 5282 suorum,
2887 5220 2950 5268 ut
2970 5216 3779 5287 deponerent,attraherent
3808 5245 3931 5284 cum

2219 5306 2412 5362 multis
2446 5306 2650 5376 bubus,
2691 5313 2747 5361 et
2771 5307 3052 5362 artiﬁcum
3078 5309 3368 5365 machinis
3393 5311 3472 5368 ad
3495 5315 3736 5377 locum
3766 5324 3931 5378 desti-

2220 5404 2436 5465 natum,
2477 5402 2541 5452 ut
2581 5399 2882 5454 necessitas
2917 5401 2999 5454 rei
3046 5403 3340 5473 poscebat,
3376 5419 3792 5485 congregata
3840 5424 3929 5471 est.

2221 5491 2285 5546 Et
2301 5509 2432 5545 cum
2453 5507 2555 5546 nec
2576 5492 2882 5547 multitudo
2907 5493 3184 5564 virorum,
3203 5496 3360 5551 vires
3381 5497 3616 5571 boum,
3661 5515 3732 5564 et
3771 5513 3928 5564 vam:

2219 5585 2497 5639 artificum
2517 5591 2684 5652 artes,
2713 5601 2936 5640 movere
2967 5587 3054 5641 vel
3098 5589 3334 5644 trahere
3371 5592 3504 5649 ullo
3567 5603 3778 5658 modo
3810 5621 3927 5676 pos-

2221 5681 2343 5731 sent
2385 5693 2508 5732 eam
2545 5678 2827 5744 arborem,
2857 5677 3258 5736 recedentibus
3290 5687 3533 5742 cunctis
3591 5695 3680 5749 ab
3719 5713 3814 5765 ea,
3845 5713 3929 5768 per

2219 5769 2584 5824 fortissimam
2607 5770 2776 5824 fidem
2803 5771 2981 5826 beatae
3011 5773 3259 5844 Brigidte
3285 5793 3480 5848 grano
3501 5784 3762 5862 sinapis
3795 5791 3928 5846 simi-

2220 5863 2351 5925 lem,
2381 5881 2482 5934 per
2509 5880 2680 5935 quam
2723 5864 2912 5934 ﬁdem,
2961 5870 3026 5920 ut
3062 5865 3341 5937 Magister
3386 5875 3674 5937 ccelestis
3709 5902 3924 5961 organo
