4022 6396
147 385 240 441 785

1416 385 1458 442 Α
1496 387 1812 443 CUGITOSO
1848 384 2224 444 ADORNATA.

3390 391 3489 452 786

144 489 471 564 evangelica
498 489 651 548 vocis
675 491 857 562 docet,
890 496 1108 549 montes
1132 498 1452 562 moventur,
1479 495 1556 550 sic
1581 496 1759 568 possi-
1781 506 1840 581 Α
1859 495 2058 552 eadem
2077 495 2260 550 forma
2297 494 2536 550 vitulum
2563 511 2695 551 cum
2725 512 2823 550 sua
2859 488 3073 554 invenit
3103 512 3286 570 vacca,
3315 514 3488 572 quem

143 586 268 644 bilia
311 590 443 641 sunt
471 586 736 640 omnibus
773 587 1129 642 credentibus
1173 588 1386 658 (Matth.
1432 587 1582 659 xvu),
1633 606 1762 645 eam

145 679 525 751 gravissimam
553 680 813 734 arborem
831 697 968 736 evan
975 680 1170 752 gelicas
1191 681 1434 748 virtutis,
1453 699 1558 753 per
1574 683 1763 737 divina

143 773 417 843 mysteria,
447 773 609 827 nullo
635 773 958 828 mortalium
979 773 1191 828 auxilio
1220 774 1469 828 levantes
1499 775 1617 830 sine
1649 777 1763 830 ulla

143 871 458 926 difﬁcultate
487 871 560 925 ad
606 871 814 941 locum,
843 888 1013 942 quem
1059 871 1237 926 voluit
1279 876 1473 927 sancta
1515 872 1758 944 Brigida,

142 965 472 1031 detulerunt,
504 981 570 1018 ac
607 981 708 1034 per
751 981 948 1019 omnes
994 964 1308 1036 provincias
1353 969 1507 1020 tanta
1559 966 1762 1021 divinm

141 1058 350 1114 virtutis
375 1057 711 1112 excellentia
739 1057 1026 1128 divulgata
1056 1062 1160 1113 est.

207 1153 268 1206 Et
291 1156 482 1206 nostro
529 1151 772 1206 occurrit
798 1151 1007 1220 animo,
1041 1168 1153 1206 non
1194 1151 1493 1208 excludere
1525 1156 1582 1208 et
1612 1153 1760 1208 hanc

143 1246 391 1300 virtutem
425 1245 651 1299 silentio
676 1249 892 1299 nostro.

205 1339 435 1402 Quidam
479 1339 638 1392 enim
677 1338 765 1392 vir
801 1338 1102 1405 saecularis,
1133 1343 1187 1394 et
1234 1343 1401 1410 gente
1445 1339 1666 1405 nobilis,
1705 1344 1762 1394 et

143 1432 348 1487 dolosus
384 1431 643 1485 moribus
676 1431 1043 1485 exardescens
1088 1431 1146 1486 in
1191 1431 1482 1502 cujusdam
1531 1431 1759 1486 feminae

141 1525 664 1595 concupiscentiam,
702 1528 759 1578 et
794 1541 908 1595 quo
937 1525 1106 1578 modo
1143 1525 1264 1594 ejus
1311 1525 1616 1579 concubitu
1645 1525 1756 1580 frui

141 1624 312 1689 posset
329 1617 525 1672 callide
553 1617 829 1688 cogitans,
858 1633 922 1670 ac
949 1622 1164 1671 sentem
1191 1624 1520 1688 argenteam
1545 1618 1755 1688 pretio-

143 1727 248 1765 sam
273 1711 330 1764 in
373 1711 696 1781 depositum
739 1710 846 1764 sibi
891 1711 1317 1776 commendans,
1349 1727 1524 1781 quam
1569 1710 1756 1765 dolose

141 1804 360 1858 retraxit
385 1803 479 1857 illa
506 1804 827 1874 ignorante,
859 1807 915 1856 et
947 1802 1085 1872 jecit
1110 1803 1169 1856 in
1197 1819 1374 1871 mare,
1405 1808 1461 1857 et
1485 1819 1614 1858 cum
1637 1803 1756 1874 ipsa

1858 593 1923 644 ut
1947 588 2195 659 priorem
2224 589 2346 660 ipsa
2373 589 2662 645 dilexerat.
2696 591 2762 644 Et
2805 590 3003 644 telaria
3037 591 3196 663 ligna
3224 591 3488 650 similiter

1859 681 1965 737 sibi
1994 699 2109 752 prae
2138 683 2354 736 casteris
2381 687 2657 753 reparata,
2691 683 2751 739 in
2777 683 2873 737 tali
2900 684 3081 740 forma
3099 691 3153 740 et
3171 686 3484 757 quantitate

1859 774 1918 829 in
1939 793 2048 846 qua
2075 775 2261 846 priora
2284 775 2529 842 fuerant,
2558 777 2935 848 contemplata
2961 782 3064 832 est.

1931 869 1997 922 Et
2026 869 2102 922 sic
2131 874 2318 922 sancta
2355 869 2584 940 Brigida
2613 869 2758 925 felici
2785 887 3108 941 progressu,
3139 875 3195 925 et
3240 873 3485 930 mirabili

1859 960 2004 1015 facta
2029 961 2252 1029 virtute,
2282 964 2338 1016 et
2364 961 2770 1017 habitatoribus
2784 962 3122 1034 valedicens,
3142 965 3408 1034 pontiﬁce
3425 966 3483 1023 in

1861 1070 2021 1108 suam
2052 1054 2203 1108 viam
2229 1053 2496 1124 perrexit.

1930 1148 1998 1201 Et
2047 1162 2173 1200 ecce
2214 1145 2274 1200 in
2312 1151 2462 1201 tanta
2499 1147 2906 1202 miraculorum
2956 1148 3349 1219 magnitudine
3376 1151 3518 1221 hoc.

1861 1237 2115 1308 ejusdem
2169 1256 2310 1309 opus
2362 1240 2695 1310 praeclarum
2746 1241 3018 1295 admirari
3064 1242 3225 1298 solet.
3281 1244 3481 1300 Tribus

1861 1331 2012 1386 enim
2032 1332 2268 1402 leprosis
2286 1333 2698 1402 postulantibus
2719 1350 2925 1388 munus
2946 1335 3393 1408 aliquodcunque
3409 1338 3481 1392 ab

1859 1440 1923 1480 ea
1950 1425 2220 1496 accipere,
2251 1441 2346 1479 vas
2394 1425 2597 1496 largita
2623 1431 2706 1480 est
2746 1433 3103 1497 argenteum.
3159 1430 3227 1483 Et
3263 1447 3338 1484 ne
3371 1430 3484 1484 illis

1857 1521 2002 1572 esset
2025 1535 2188 1572 causa
2213 1518 2510 1572 discordias
2539 1524 2595 1574 et
2623 1519 3016 1589 contentionis,
3047 1521 3090 1574 si
3121 1521 3200 1585 illi
3245 1522 3394 1578 inter
3421 1539 3480 1576 se

1857 1610 2186 1676 dividerent,
2246 1611 2468 1666 cuidam
2515 1611 2574 1666 in
2621 1613 2964 1682 ponderibus
3009 1613 3133 1667 auri
3171 1620 3228 1669 et
3253 1616 3477 1686 argenti

1857 1707 2141 1772 comperto
2166 1703 2306 1757 dixit
2336 1709 2398 1757 ut
2440 1703 2589 1758 inter
2629 1704 2752 1758 illos
2781 1705 2886 1758 hoc
2911 1707 3258 1776 ponderaret
3299 1708 3480 1763 tribus

1859 1795 2166 1866 aequalibus
2212 1795 2486 1866 partibus.
2531 1797 2782 1868 Cumque
2825 1813 3092 1853 excusare
3130 1817 3186 1854 se
3226 1800 3482 1872 caapisset

140 1913 242 1950 non
267 1902 451 1967 posset
479 1897 737 1964 reddere,
769 1895 874 1950 sibi
906 1900 1050 1949 esset
1078 1895 1300 1962 ancilla,
1337 1900 1395 1950 et
1420 1896 1541 1965 ejus
1563 1900 1757 1966 postea
1777 1869 1830 1940 B
1855 1887 2062 1952 dicens.
2089 1889 2400 1958 Ponderal‘e
2427 1905 2484 1942 58
2527 1890 2819 1959 aequaliter
2841 1907 2956 1944 11011
2981 1908 3166 1962 130559,
3196 1892 3314 1962 ίρδα
3351 1893 3474 1946 {31i-

143 1994 396 2058 uteretur,
430 1993 496 2044 ut
525 1989 716 2058 vellet,
743 1968 1118 2060 amplexibus,
1143 1989 1501 2043 machinatus
1528 1995 1604 2043 est
1651 1990 1756 2043 hoc

139 2082 392 2153 perﬁcere
421 2083 662 2150 malum,
711 2083 866 2136 nulla
900 2081 1007 2135 alia
1033 2098 1092 2134 re
1119 2098 1182 2136 ac
1210 2082 1596 2152 redemptione
1631 2081 1753 2152 pla-

140 2180 281 2231 catus
307 2175 428 2231 ﬁeri
469 2193 636 2247 posse
666 2176 875 2240 dicens,
902 2175 1010 2228 nisi
1039 2177 1137 2229 aut
1179 2175 1409 2246 propria
1455 2174 1558 2229 sibi
1599 2178 1755 2229 sente

139 2273 386 2338 argentea
415 2269 660 2338 reddita,
682 2272 782 2322 aut
820 2269 938 2338 ipsa
961 2268 1173 2322 femina
1199 2268 1259 2321 in
1291 2267 1616 2322 servitutem
1648 2267 1753 2321 sibi

138 2362 340 2416 redacta
367 2379 467 2433 pro
493 2379 665 2416 causa
708 2361 973 2432 culpabili
1014 2361 1231 2430 fragilis
1283 2360 1750 2430 concupiscentia:

140 2459 391 2509 uteretur.
422 2457 487 2510 Et
516 2455 645 2509 haec
672 2455 878 2509 timens
907 2454 1110 2524 pudica
1135 2453 1348 2508 femina
1379 2453 1538 2523 quasi
1572 2453 1639 2506 ad
1670 2453 1748 2506 ci-

137 2547 347 2602 vitatem
365 2548 574 2620 refugii
592 2547 950 2616 tutissimam,
967 2548 1035 2602 ad
1057 2549 1306 2601 sanctam
1322 2545 1410 2599 Bri
1418 2546 1606 2616 gidam
1621 2562 1752 2600 con-

136 2641 288 2710 fugit.
317 2643 449 2706 Quaa
471 2658 606 2696 cum
635 2643 806 2696 talem
833 2640 1198 2711 comperisset
1223 2655 1472 2704 causam,
1500 2639 1584 2692 vel
1611 2639 1750 2710 quid

136 2750 228 2805 pro
254 2735 353 2788 hac
379 2751 438 2790 re
457 2741 657 2806 ageret
675 2734 968 2805 cogitaret,
993 2750 1121 2787 cum
1136 2749 1236 2786 nec
1251 2732 1388 2786 dum
1413 2731 1583 2785 verba
1599 2749 1750 2786 com-

135 2826 344 2895 plesset,
373 2826 703 2899 supervenit
731 2827 800 2880 ad
827 2843 883 2880 se
905 2825 1135 2896 quidam
1151 2841 1279 2878 cum
1307 2823 1551 2894 piscibus
1567 2823 1750 2878 deﬂu-

135 2919 274 2973 mine
305 2921 512 2974 tractis.
529 2921 784 2991 Cumque
798 2919 1027 2974 illorum
1044 2919 1256 2972 viscera
1274 2917 1460 2971 excisa
1479 2920 1536 2970 et
1555 2921 1750 2988 aperta

137 3019 324 3086 essent,
355 3018 530 3072 sentis
567 3017 660 3072 illa
687 3021 976 3088 argentea,
1012 3031 1184 3086 quam
1213 3015 1308 3068 ille
1350 3013 1592 3068 crudelis
1610 3013 1748 3084 jecit
1776 3075 1789 3086 I

135 3108 189 3163 in
212 3126 380 3178 mare,
402 3111 460 3164 in
480 3110 672 3165 medio
693 3111 859 3164 unius
877 3108 1044 3180 piscis
1068 3112 1290 3178 reperta
1304 3111 1404 3162 est.
1429 3108 1494 3162 Et
1509 3106 1584 3160 sic
1601 3111 1748 3177 post-

137 3218 194 3255 ea
229 3219 416 3258 secura
444 3207 640 3258 mente
694 3203 953 3257 eamdem
993 3206 1211 3256 sentem
1243 3216 1430 3254 secum
1475 3204 1740 3270 portans;
1766 3231 1821 3304 Ο

135 3298 184 3348 et
210 3296 276 3349 ad
300 3301 642 3351 conventum
667 3294 1046 3350 multitudinis
1058 3309 1161 3365 pro
1190 3294 1295 3347 hac
1319 3293 1482 3363 culpa
1511 3308 1638 3346 cum
1667 3297 1748 3362 ty-

135 3403 300 3444 ranno
337 3389 539 3444 infami
587 3388 980 3460 progrediens,
1009 3392 1065 3441 et
1109 3391 1429 3440 monstrans
1457 3384 1561 3438 sibi
1588 3401 1744 3439 eam-

135 3480 252 3534 dem
279 3487 513 3553 sentem,
544 3481 738 3536 multis
764 3481 1118 3548 testantibus,
1149 3479 1246 3550 qui
1281 3495 1408 3533 eam
1442 3493 1747 3548 agnoscere

134 3578 395 3644 poterant,
427 3593 544 3630 non
573 3575 742 3630 aliam
770 3590 908 3641 esse,
939 3573 1035 3627 sed
1053 3573 1233 3644 ipsam
1259 3572 1327 3626 de
1352 3587 1462 3641 qua
1490 3570 1614 3624 talis
1627 3586 1746 3624 ser-

133 3681 218 3719 mo
240 3667 539 3734 ferebatur,
567 3668 955 3722 adhaerentem
975 3666 1083 3720 sibi
1109 3665 1380 3719 feminam
1400 3663 1662 3735 pudicam
1677 3662 1747 3718 de

131 3759 376 3814 manibus
403 3759 632 3832 tyranni
659 3757 1320 3814 crudelissimiliberavit.
1345 3756 1440 3810 Ille
1469 3771 1602 3810 vero
1622 3772 1750 3826 pos-

134 3852 212 3904 tea
236 3853 503 3908 confitens
533 3869 692 3906 suam
723 3853 973 3924 culpam,
1003 3855 1211 3904 sancta
1244 3848 1483 3920 Brigidie
1512 3847 1744 3902 humili-

133 3945 210 3997 ter
233 3961 329 4000 sua
347 3945 598 4001 subdidit
627 3945 784 3999 colla.
812 3945 965 3999 Tunc
991 3943 1088 3997 illa
1115 3943 1185 3996 ab
1215 3941 1480 3996 omnibus
1505 3940 1747 4012 gloriosa

130 4043 340 4106 peracto
379 4039 484 4094 hoc
513 4038 736 4108 ingenti
773 4037 1044 4092 miraculo
1076 4035 1283 4107 gratias
1327 4051 1501 4105 agens
1531 4035 1660 4102 Deo,
1691 4038 1748 4088 et

131 4130 314 4185 omnia
337 4131 394 4186 in
421 4132 544 4204 ejus
603 4129 845 4202 gloriam
893 4129 1124 4195 faciens,
1151 4127 1387 4182 domum
1415 4125 1583 4181 rediit
1613 4141 1740 4197 pro-

129 4223 320 4290 priam.
1469 4273 1473 4278 .

195 4317 256 4370 Et
279 4315 366 4371 his
392 4316 676 4372 miraculis
725 4315 1038 4388 gloriosum
1071 4315 1192 4385 ejus
1221 4330 1349 4368 cum
1379 4313 1567 4384 aliqua
1593 4311 1743 4367 fideli

130 4407 330 4464 femina
358 4410 668 4481 hospitium
703 4409 874 4480 jungi
903 4409 1090 4464 debet.
1118 4409 1237 4472 Quo
1279 4422 1614 4478 prosperum
1639 4405 1746 4460 iter

130 4499 323 4556 faciens
343 4508 534 4558 sancta
549 4502 776 4574 Brigida
802 4503 861 4556 in
889 4501 990 4556 Dei
1014 4501 1299 4555 voluntate
1315 4499 1374 4553 in
1399 4498 1744 4570 amplissimo

1857 1979 2078 2034 cissima
2123 1980 2368 2051 Brigida,
2417 1981 2768 2051 apprehenso
2805 1999 2930 2036 vase
2973 1990 3262 2054 argenteo,
3300 1985 3479 2040 allidit

1855 2075 2051 2126 contra
2075 2073 2340 2143 lapidem,
2369 2078 2424 2127 et
2448 2073 2724 2144 confregit
2748 2073 2806 2128 in
2831 2078 2965 2143 tres,
2992 2080 3050 2128 ut
3079 2077 3274 2142 voluit,
3297 2094 3480 2147 aequa.-

1855 2165 1934 2219 les
1975 2171 2176 2236 partes.
2219 2165 2419 2220 Mirum
2450 2166 2511 2220 in
2541 2166 2796 2234 modum,
2841 2185 2973 2221 cum
3005 2173 3194 2238 postea
3220 2169 3340 2223 istae
3366 2174 3478 2224 tres

1854 2267 2040 2332 partes
2080 2262 2138 2316 in
2165 2263 2410 2333 pondere
2455 2267 2644 2318 essent
2685 2281 2948 2333 emensae,
2999 2265 3156 2318 nulla
3195 2282 3328 2337 pars
3367 2267 3476 2320 alia

1853 2355 2038 2408 minor
2064 2356 2149 2409 vel
2176 2355 2288 2410 alia
2307 2373 2434 2426 quae
2461 2357 2628 2410 aliam
2660 2359 2974 2428 superaret,
2996 2357 3124 2412 licet
3150 2375 3262 2412 uno
3289 2358 3472 2426 obolo,

1853 2447 1920 2502 de
1951 2447 2040 2501 his
2059 2447 2286 2502 inventa
2315 2452 2398 2502 est
2423 2449 2604 2502 tribus
2631 2449 2902 2518 partibus.
2933 2451 2998 2503 Et
3022 2449 3100 2504 sic
3125 2449 3230 2520 ipsi
3259 2467 3471 2522 paupe-

1853 2557 1939 2594 res
1967 2540 2085 2594 sine
2110 2541 2226 2595 ulla
2252 2540 2326 2611 inj
2337 2541 2475 2595 uriae
2503 2547 2558 2595 et
2571 2541 2794 2596 invidia:
2813 2543 3102 2596 causalaeti
3123 2550 3472 2598 recesserunt
3549 2610 3552 2613 _

1851 2649 1981 2687 cum
2013 2633 2126 2687 suis
2162 2633 2343 2688 donis.

1919 2725 2235 2780 Secundum
2285 2725 2436 2780 enim
2481 2726 2789 2780 beatissimi
2822 2726 2921 2780 Job
2955 2728 3278 2798 exemplum
3319 2746 3464 2783 nun-

1845 2835 2016 2888 quam
2063 2819 2260 2890 inopcs
2303 2837 2334 2873 a
2369 2835 2426 2873 se
2457 2820 2715 2874 recedere
2765 2819 2892 2872 sinu
2937 2837 3112 2874 vacuo
3163 2839 3319 2892 passa
3362 2832 3464 2877 est.

1845 2913 1984 2966 Nam
2029 2913 2362 2966 vestimenta
2402 2913 2778 2967 transmarina
2804 2917 2860 2968 et
2886 2913 3185 2986 peregrina
3223 2914 3468 2987 episcopi

1845 3004 2115 3060 Conleath
2144 3006 2390 3060 decorati
2419 3005 2670 3072 luminis,
2699 3006 2903 3077 quibus
2930 3007 2989 3060 in
3017 3008 3467 3062 solemnitatibus

1843 3098 2066 3152 Domini
2090 3102 2146 3152 et
2167 3099 2374 3170 vigiliis
2398 3099 2782 3169 apostolorum
2796 3115 2950 3152 sacra
2967 3099 3026 3154 in
3047 3099 3316 3155 altaribus
3336 3101 3470 3155 olfe-

1844 3207 1974 3244 rens
2023 3192 2290 3262 mysteria
2331 3191 2629 3257 utebatur,
2660 3191 3002 3263 pauperibus
3039 3193 3241 3263 largita
3266 3197 3364 3248 est.
3399 3195 3467 3250 Et

1846 3299 1975 3337 cum
1997 3285 2221 3354 tempus
2248 3283 2614 3338 solemnitatis
2637 3283 2880 3353 advenit,
2903 3285 3212 3340 secundum
3228 3302 3461 3340 consue-

1844 3375 2120 3443 tudinem,
2147 3382 2214 3430 ut
2239 3376 2359 3446 ipse
2385 3393 2642 3430 summus
2688 3377 3034 3448 papulorum
3073 3377 3326 3448 pontifex
3351 3379 3466 3433 suis

1845 3469 2076 3523 indutus
2095 3473 2238 3523 esset
2262 3469 2577 3524 mutatoriis
2595 3469 2859 3538 vestibus,
2882 3475 3072 3523 sancta
3093 3469 3316 3538 Brigida
3336 3487 3464 3542 quae

1844 3563 2036 3633 priora
2087 3561 2420 3616 vestimenta
2470 3561 2616 3616 illius
2653 3562 2897 3632 episcopi
2935 3561 3154 3616 Christo
3188 3563 3248 3616 in
3280 3563 3465 3618 forma

1845 3670 2158 3726 pauperum
2187 3655 2364 3725 posito
2389 3654 2651 3723 donabat,
2665 3655 2771 3708 alia
2795 3654 2996 3708 similia
3012 3671 3114 3725 per
3134 3655 3323 3710 omnia
3337 3673 3462 3711 vcs-

1845 3747 2081 3802 timenta
2100 3747 2384 3818 prioribus
2410 3752 2526 3802 tam
2552 3746 2808 3816 texturis,
2826 3763 2997 3818 quam
3015 3747 3312 3817 coloribus,
3333 3765 3462 3820 quae

1843 3840 1903 3894 in
1931 3841 2027 3895 illa
2051 3841 2189 3894 hora
2206 3857 2239 3894 a
2267 3841 2505 3910 Christo,
2534 3857 2704 3912 quem
2719 3855 2821 3911 per
2839 3857 3148 3912 pauperem
3172 3840 3460 3910 induebat,

1843 3935 2054 4007 perlata
2080 3933 2137 3988 in
2163 3937 2334 3988 curru
2355 3935 2593 3988 duarum
2622 3937 2915 4006 acceperat
2933 3937 3204 4002 rotarum,
3232 3935 3465 3992 tradidit

1845 4045 1946 4100 pro
1964 4027 2104 4082 aliis.
2131 4027 2452 4081 Voluntarie
2467 4027 2620 4082 enim
2646 4027 2752 4081 alia
2777 4027 3116 4098 pauperibus
3130 4027 3464 4084 vestimenta

1844 4121 2066 4190 obtulit,
2097 4125 2153 4175 et
2181 4120 2302 4174 haec
2330 4137 2432 4192 pro
2460 4121 2537 4175 eis
2563 4125 2878 4192 opportune
2904 4121 3134 4192 recepit.
3170 4121 3307 4176 Nam
3332 4138 3461 4176 cum

1843 4214 1959 4286 ipsa
1988 4217 2133 4268 esset
2157 4213 2348 4268 vivum
2368 4219 2425 4268 et
2441 4213 2826 4268 felicissimum
2845 4213 3054 4268 summi
3075 4213 3270 4284 capitis
3289 4231 3466 4270 mem-

1841 4308 2031 4378 brum,
2059 4312 2320 4379 potenter
2337 4308 2546 4375 omnia,
2569 4324 2696 4379 quae
2722 4307 3088 4376 desiderabat,
3105 4308 3462 4378 operabatur.

1916 4402 2053 4455 [tem
2084 4406 2140 4456 et
2180 4402 2288 4456 hoc
2315 4405 2510 4455 sancta
2551 4400 2709 4453 fulsit
2737 4399 2964 4470 Brigida
3003 4399 3293 4455 miraculo.
3325 4401 3464 4464 Quia

1843 4511 1973 4549 cum
2001 4494 2149 4564 regis
2168 4494 2318 4547 illius
2341 4493 2538 4565 patrizn
2561 4492 2621 4546 in
2643 4509 2756 4563 qua
2791 4491 2913 4562 ipsa
2935 4491 3046 4546 fuit
3063 4508 3167 4562 per
3191 4493 3381 4563 plebes
3407 4499 3463 4548 et

129 4609 315 4666 campo
344 4597 508 4668 Breg,
541 4612 671 4651 cum
712 4595 1019 4650 declinaret
1047 4595 1118 4649 ad
1158 4609 1456 4664 vesperum
1508 4591 1645 4660 dies,
1674 4591 1744 4646 ad
1763 4593 1822 4664 D
1843 4587 2155 4659 provincias
2167 4603 2292 4658 qua:
2313 4586 2416 4640 sub
2443 4585 2564 4656 ejus
2583 4587 2744 4640 erant
2769 4584 2979 4638 ditione
3005 4591 3355 4656 praeceptum
3379 4585 3464 4640 in-

130 4680 502 4744 habitaculum
527 4689 649 4760 ejus
679 4687 908 4744 veniens
941 4703 1072 4742 cum
1101 4703 1168 4742 ea
1204 4683 1568 4758 pernoctavit.
1607 4685 1741 4748 Quae

131 4778 296 4835 obviis
335 4783 597 4850 manibus
639 4786 696 4837 et
745 4781 1096 4852 gratulanter
1145 4779 1471 4850 suscipiens,
1533 4777 1742 4848 gratias

129 4870 506 4945 Omnipotenti
541 4892 715 4946 agens
740 4875 808 4929 de
832 4873 978 4928 felici
1006 4873 1250 4928 adventu
1279 4870 1742 4927 reverentissime:

128 4959 356 5031 Brigidre
382 4963 619 5035 virginis
639 4963 870 5018 Christi.

193 5054 444 5127 Cumque
464 5073 581 5112 non
610 5057 865 5124 haberet,
885 5059 1116 5126 propter
1130 5053 1577 5123 suaminOpiam,
1591 5051 1744 5106 unde

127 5145 260 5201 tales
297 5150 561 5214 nutriret,
591 5154 647 5206 et
677 5149 868 5204 cibum
894 5148 1042 5202 unde
1065 5147 1206 5202 tales
1231 5147 1480 5218 hospites
1508 5145 1740 5211 cibaret,

130 5237 370 5296 incidens
388 5243 544 5312 ligna
565 5243 776 5310 telaria,
798 5242 857 5297 in
877 5240 1083 5313 quibus
1109 5244 1330 5294 textura
1356 5239 1598 5294 telarum
1618 5253 1745 5309 ope-

132 5331 350 5388 rabatur
376 5335 432 5390 in
461 5342 623 5407 pastu
647 5335 816 5408 ignis,
834 5334 1078 5390 vitulum
1109 5349 1298 5401 suum,
1321 5348 1492 5404 quem
1519 5331 1741 5397 occidit,

133 5438 292 5494 super
307 5431 518 5484 struem
543 5425 834 5501 lignorum
860 5428 1118 5498 ipsorum
1143 5424 1516 5497 ponens,igni
1541 5423 1747 5479 assavit

133 5535 256 5575 cum
281 5523 424 5578 bona
456 5527 758 5580 voluntate.
787 5527 854 5580 Et
879 5539 1038 5578 coena
1062 5522 1232 5589 facta,
1263 5526 1317 5576 et
1360 5525 1524 5575 nocte
1551 5536 1742 5574 assue-

131 5613 197 5666 tis
219 5619 495 5673 transacta
522 5618 750 5690 vigiliis,
769 5616 1189 5688 expergiscente
1209 5617 1336 5686 post
1355 5613 1508 5667 illam
1524 5613 1592 5667 de
1621 5629 1743 5666 ma-

137 5721 204 5759 ne
231 5715 469 5780 noctem,
484 5716 548 5767 ut
559 5712 780 5766 nullum
800 5711 868 5765 de
887 5708 1210 5780 receptione
1231 5712 1286 5762 et
1311 5706 1613 5760 refectione
1626 5721 1744 5760 san-

141 5803 235 5853 ctae
264 5801 503 5873 Brigidaa
531 5804 702 5859 ullius
731 5803 812 5858 rei
838 5802 1141 5857 sustineret
1166 5801 1437 5855 damnum
1467 5799 1586 5870 ipsa
1613 5799 1744 5852 hos-

142 5891 337 5962 pitalis,
367 5913 493 5969 quae
509 5897 751 5954 vitulum
775 5895 1042 5952 amiserat
1064 5911 1180 5949 sum
1199 5910 1399 5964 vaccae,
1427 5893 1668 5949 alterum
1687 5891 1747 5946 in

1839 4683 2156 4749 valesceret,
2188 4683 2253 4734 ut
2271 4679 2339 4734 de
2366 4678 2630 4734 omnibus
2660 4678 2708 4748 ej
2719 4695 2779 4730 us
2797 4677 3122 4748 regionibus
3148 4683 3205 4732 et
3229 4678 3462 4750 provin-

1841 4775 1939 4830 ciis
1983 4773 2346 4828 convenirent
2389 4771 2584 4844 populi
2635 4787 2853 4841 omnes,
2907 4775 3076 4840 atque
3118 4771 3462 4826 aediﬁcarent

1840 4868 1988 4922 viam
2015 4868 2202 4935 latam,
2233 4870 2288 4920 et
2310 4866 2534 4920 ﬁrmam
2559 4865 2734 4918 ramis
2757 4863 3044 4930 arborum,
3059 4863 3234 4934 petris
3255 4863 3312 4918 in
3336 4865 3464 4919 fun-

1842 4962 2104 5016 damento
2129 4959 2342 5030 positis,
2372 4961 2430 5013 et
2453 4957 2864 5012 munitionibus
2888 4956 3227 5028 quibusdam
3249 4957 3458 5011 ﬁrmis-

1841 5054 1998 5108 simis
2022 5053 2083 5108 in
2105 5069 2326 5124 gronna
2346 5051 2627 5123 profunda
2656 5056 2711 5104 et
2737 5050 2882 5104 bene
2912 5049 3378 5116 intransmeabili,
3409 5055 3466 5105 et

1843 5147 1902 5202 in
1926 5147 2058 5201 locis
2099 5145 2486 5213 humentibus,
2519 5149 2686 5216 atque
2715 5143 2775 5198 in
2817 5141 3135 5214 paludibus,
3171 5143 3229 5196 in
3259 5143 3466 5214 quibus

1845 5241 2072 5311 grandis
2099 5239 2360 5294 currebat
2383 5237 2608 5304 ﬂuvius,
2643 5253 2769 5308 quae
2795 5240 3113 5290 constructa
3137 5237 3460 5308 quadrigas,

1844 5339 1899 5388 et
1926 5333 2162 5405 equites,
2191 5337 2248 5386 et
2273 5348 2490 5398 currus,
2521 5336 2577 5386 et
2603 5331 2986 5402 plaustrorum
3011 5335 3178 5399 rotas,
3206 5335 3262 5385 et
3280 5330 3465 5402 impe-

1843 5431 1964 5482 tum
2013 5425 2356 5497 populorum
2389 5429 2558 5495 atque
2589 5423 2884 5478 incursum
2927 5423 3177 5494 undique
3217 5423 3466 5478 hostium

1844 5523 2155 5574 sustentare
2185 5523 2388 5590 posset.

1915 5606 2385 5662 Convenientibus
2399 5609 2588 5660 autem
2616 5605 2866 5676 undique
2883 5604 3104 5676 populis
3126 5619 3231 5676 per
3257 5620 3464 5674 cogna-

1843 5701 2024 5756 tiones
2052 5706 2108 5754 et
2132 5699 2369 5754 familias
2409 5699 2719 5754 diviserunt
2744 5698 2894 5753 viam
2921 5699 3094 5766 illam,
3127 5712 3294 5768 quam
3326 5695 3462 5749 aedi-

1845 5793 2010 5848 ﬁcare
2049 5793 2377 5858 debuerant,
2405 5793 2464 5845 in
2495 5797 2682 5862 partes
2709 5791 2982 5863 proprias,
3007 5793 3075 5844 ut.
3108 5802 3464 5856 unaquaque

1846 5886 2105 5960 cognatio
2131 5890 2188 5944 et
2214 5885 2426 5942 familia
2455 5901 2614 5941 suam
2645 5885 2751 5939 sibi
2779 5883 3046 5940 creditam
3069 5878 3470 5937 construxisset
