4022 6434
506 439 606 494 787

1609 426 1759 482 VITA
1797 419 2068 478 SANGTAS
2107 419 2390 476 BRIGlDJﬂ
2428 413 2734 483 VIRGINIS,

3807 399 3920 453 788

505 552 746 626 partem.
779 549 846 603 Et
869 561 1000 600 cum
1024 540 1119 599 illa
1145 557 1272 614 pars
1309 539 1558 596 ﬂuminis
1595 537 1940 602 difﬁcillima,
1963 538 2018 588 et
2042 532 2117 587 la-
2140 538 2198 611 Α
2218 531 2302 600 ter
2321 526 2495 582 dixit:
2527 527 2892 595 Nequaquam
2925 521 3032 576 hoc
3081 517 3161 625 ita
3187 517 3285 574 ﬁat
3302 535 3318 588 ;
3349 517 3453 574 sed
3495 515 3680 622 hunc.
3707 513 3922 626 levate

504 645 731 703 boriosa
756 643 815 698 in
853 645 1000 694 sorte
1025 636 1260 706 alicujus
1303 652 1372 689 ex
1399 633 1532 705 ipsis
1560 630 1878 686 nationibus
1905 627 2120 683 evenis-

503 742 611 804 set,
651 737 774 807 ipsa
810 733 964 789 natio
1005 731 1374 786 durissimum
1420 726 1672 782 devitans
1713 723 1984 790 laborem,
2023 737 2124 792 per

505 845 670 887 suam
690 825 1076 882 fortitudinem
1103 825 1310 878 sanctae
1336 819 1578 890 Brigidae
1605 817 1978 871 inﬁrmiorem
2005 830 2125 868 coe-

506 923 593 995 git
617 921 922 987 nationem,
951 922 1016 972 ut
1044 917 1192 971 hanc
1217 917 1546 986 operaretur
1588 910 1880 966 difﬁcilem
1917 907 2125 979 pariter

503 1017 568 1072 in
594 1017 874 1069 structura
892 1011 995 1066 viae
1022 1028 1038 1080 ;
1066 1011 1132 1063 ut
1155 1023 1313 1064 suam
1341 1021 1512 1076 quam
1544 1003 1855 1058 faciliorem
1887 999 2126 1054 habebat

505 1113 729 1180 partem
773 1106 1004 1176 eligens,
1035 1102 1156 1173 ipsa
1196 1099 1436 1154 crudelis
1477 1096 1633 1152 natio
1679 1095 1982 1150 aediﬁcaret
2005 1092 2126 1146 sine

511 1201 627 1258 ulla
649 1198 898 1255 ﬂuminis
923 1193 1366 1268 perturbatione.

580 1297 760 1365 Atque
789 1307 920 1346 cum
957 1289 1027 1344 ad
1063 1291 1314 1342 sanctam
1357 1284 1642 1356 Brigidam
1678 1283 1764 1336 sui
1816 1278 2127 1334 secundum

510 1403 738 1443 carnem
762 1382 986 1454 cognati
1012 1381 1248 1435 fuissent
1275 1379 1536 1448 religiose
1563 1373 1842 1448 prostrati,
1874 1373 1992 1443 ipsa
2020 1370 2128 1424 illis

504 1477 874 1553 probabiliter
897 1473 1100 1529 dixisse
1130 1473 1343 1526 fertur:
1374 1470 1558 1537 Abite,
1581 1466 1887 1521 voluntatis
1919 1464 2018 1518 Dei
2046 1466 2128 1518 est

513 1577 572 1630 et
614 1569 904 1644 potestatis
946 1579 1012 1622 ut
1054 1567 1144 1620 ille
1169 1563 1374 1619 ﬂuvius
1401 1564 1645 1616 transeat
1688 1559 1756 1613 de
1785 1559 1907 1610 loco
1934 1558 1994 1610 in
2021 1573 2130 1627 quo

512 1669 617 1732 est,
636 1668 692 1718 et
716 1663 816 1717 ubi
837 1679 934 1715 vos
963 1660 1102 1715 dura
1127 1656 1456 1728 opprimunt
1481 1669 1670 1724 opera,
1694 1651 1753 1705 in
1779 1651 1931 1704 illam
1961 1665 2132 1720 quam

513 1757 622 1830 ipsi
649 1757 940 1827 elegerunt
965 1757 1202 1823 partem.
1242 1751 1308 1804 Et
1335 1763 1466 1802 cum
1504 1747 1573 1801 de
1616 1761 1780 1798 mane
1828 1743 1996 1814 ipsius
2023 1741 2132 1796 diei

512 1853 709 1905 omnes
728 1845 1102 1902 surrexissent
1113 1843 1181 1898 ad
1196 1857 1364 1912 Opera
1380 1839 1591 1910 populi,
1607 1837 1810 1891 ﬂuvius
1824 1836 1938 1902 ille,
1959 1851 2130 1905 quem

2221 621 2453 676 viriliter
2503 619 2799 682 molarem,
2830 618 2886 670 et
2917 613 3232 668 submittite
3272 613 3335 668 in
3379 608 3812 684 praecipitium
3845 607 3921 662 de

2222 713 2490 768 altissimo
2515 711 2619 766 isto
2645 709 2852 764 montis
2871 707 3185 776 cacumine,
3212 707 3274 761 in
3303 706 3555 760 nomine
3588 707 3652 759 et
3674 703 3921 756 virtute

2223 805 2688 862 reverentissimae
2719 808 2924 857 sanctae
2951 800 3216 872 Brigidae.
3245 800 3390 865 Quia
3415 815 3526 853 nos
3543 797 3741 852 nullis
3773 795 3924 850 arti-

2223 901 2362 955 liciis
2391 904 2446 954 et
2475 897 2684 952 viribus
2725 912 2828 967 per
2851 895 2954 948 ista
2979 894 3100 948 loca
3135 899 3367 964 petrosa
3395 893 3563 946 hunc
3603 890 3920 945 molarem

2224 994 2470 1066 lapidem
2493 1007 2790 1063 possumus
2815 991 3062 1060 portare,
3084 987 3195 1041 nisi
3212 986 3468 1057 Brigida,
3495 985 3599 1040 cui
3617 983 3788 1038 nihil
3811 982 3925 1036 im-

2224 1086 2483 1159 possibile
2531 1089 2632 1150 est,
2661 1081 2970 1137 secundum
2999 1080 3140 1134 illud
3169 1080 3324 1151 quod
3353 1079 3559 1133 omnia
3585 1075 3924 1150 possibilia

2227 1184 2358 1235 sunt
2397 1177 2665 1242 credenti,
2711 1175 2872 1230 illum
2919 1173 3230 1245 portaverit
3277 1173 3348 1227 ad
3387 1173 3617 1239 locum,
3669 1188 3756 1226 ex
3799 1187 3925 1242 quo

2227 1273 2371 1327 vires
2395 1271 2567 1324 boum
2597 1269 2820 1323 trahere
2858 1268 3048 1339 ipsum
3089 1265 3328 1337 possint.
3357 1266 3428 1319 Et
3459 1265 3543 1318 sic
3577 1265 3702 1318 ﬁde
3736 1262 3926 1318 ﬁrma

2228 1363 2592 1436 praecipitans
2623 1361 2782 1416 illum
2809 1360 2867 1414 in
2915 1361 3140 1427 vallem,
3173 1363 3230 1413 et
3254 1357 3540 1429 paulatim
3579 1357 3658 1412 de
3701 1362 3926 1410 monte

2231 1457 2554 1523 ascendens,
2606 1453 2910 1526 aliquando
2961 1457 3150 1523 petras
3201 1451 3508 1520 devitans,
3572 1449 3926 1521 aliquando

2230 1567 2400 1622 super
2423 1566 2512 1604 eas
2543 1549 2766 1613 saliens,
2798 1551 2853 1602 et
2879 1547 2937 1600 in
2965 1546 3104 1600 locis
3129 1561 3368 1600 currens
3401 1543 3679 1598 humidis
3711 1543 3786 1596 in
3825 1560 3927 1596 ra-

2230 1644 2348 1698 dice
2368 1642 2574 1696 montis
2600 1639 2814 1712 positis,
2845 1641 2904 1693 in
2929 1639 3135 1710 quibus
3168 1655 3272 1692 nec
3291 1636 3569 1692 homines
3593 1653 3716 1690 nec
3741 1636 3934 1690 boves

2231 1741 2374 1791 stare
2400 1739 2676 1806 poterant,
2706 1750 2810 1804 pro
2835 1733 3066 1786 illorum
3093 1731 3398 1798 funditate,
3423 1729 3706 1784 mirabili
3741 1730 3934 1784 comi-

2232 1833 2350 1882 tatu
2381 1849 2407 1888 ι)
2448 1843 2628 1897 usque
2656 1825 2726 1879 ad
2769 1825 2891 1878 loca
2927 1825 3096 1896 plana
3123 1824 3245 1878 sine
3289 1824 3410 1877 ulla
3449 1823 3792 1892 fractione,
3825 1823 3933 1876 ubi

512 1942 913 2015 querebantur,
939 1937 1092 1993 visus
1137 1941 1218 1990 est
1241 1933 1536 2004 reliquisse
1566 1947 1733 1984 suum
1773 1930 1959 1983 locum
1985 1927 2130 1982 anti-
2154 1897 2208 1968 Β
2232 1921 2462 1976 illorum
2503 1923 2663 1974 erant
2709 1919 2896 1984 boves,
2934 1933 3066 1971 cum
3116 1917 3198 1970 eis
3253 1933 3612 1987 progressus
3674 1921 3799 1970 est.
3865 1918 3932 1969 Et

514 2051 692 2107 quum
711 2037 766 2088 et
809 2030 1142 2096 convallem,
1171 2027 1320 2082 inter
1357 2025 1549 2079 ambas
1574 2039 1798 2077 currere
1816 2021 2026 2075 solebat
2054 2021 2130 2074 ri-

514 2145 634 2200 pas,
672 2131 730 2180 et
766 2126 1163 2179 transmutasse
1203 2121 1270 2174 de
1312 2122 1491 2190 parte,
1517 2116 1615 2170 ubi
1659 2118 1866 2168 sanctae
1893 2113 2134 2183 Brigidae

513 2219 667 2275 natio
695 2217 987 2292 compulsa
1037 2213 1397 2284 operabatur,
1426 2210 1487 2263 in
1533 2209 1759 2262 illorum
1805 2206 2038 2260 fortium
2079 2208 2136 2258 et

517 2311 889 2383 superborum
918 2311 1160 2378 partem,
1194 2305 1292 2375 qui
1317 2303 1454 2356 alios
1471 2301 1761 2372 pauciores
1789 2305 1842 2354 et
1870 2298 2136 2352 inﬁrmio-

516 2422 606 2461 res
631 2421 688 2458 se
717 2403 924 2472 injuste
951 2399 1171 2470 operari
1209 2395 1622 2466 compellebant
1653 2411 1670 2462 ;
1700 2397 1756 2446 et
1792 2392 1852 2444 in
1879 2391 2132 2445 testimo-

515 2497 676 2552 nium
701 2493 922 2549 virtutis
959 2491 1196 2562 vestigia
1234 2488 1507 2554 ﬂuminis,
1554 2491 1610 2540 et
1635 2485 1791 2539 vallis
1820 2501 2010 2551 vacua,
2037 2483 2135 2537 ubi

516 2588 800 2644 inundans
825 2590 880 2640 et
906 2600 1174 2639 emanans
1198 2582 1432 2652 antiquo
1458 2579 1718 2633 currebat
1753 2577 1958 2630 fluvius
1989 2581 2135 2629 tem-

518 2697 674 2753 pore,
692 2681 810 2750 ipso
837 2679 903 2732 ad
926 2678 1165 2731 alterum
1186 2673 1424 2729 ﬂumine
1449 2672 1743 2726 recedente
1773 2671 1957 2723 locum
1978 2686 1994 2737 ;
2022 2668 2137 2739 ipse

515 2775 670 2829 locus
699 2772 930 2826 siccatus
945 2769 1066 2823 sine
1093 2768 1222 2822 ullis
1251 2769 1484 2838 apparet
1508 2763 1860 2818 ﬂuitantibus
1887 2761 2064 2832 aquis.

588 2868 710 2920 Non
751 2864 934 2917 solum
978 2866 1164 2916 autem
1199 2861 1256 2914 in
1283 2876 1384 2912 sua
1412 2859 1526 2911 vita
1566 2855 1796 2924 carnali,
1837 2859 2140 2925 antequam

521 2957 797 3012 sarcinam
849 2955 1154 3026 deponeret
1204 2951 1388 3006 carnis
1413 2982 1456 3016 ε,
1501 2949 1734 3002 virtutes
1777 2951 2009 3018 operata
2059 2949 2142 3000 est

523 3050 816 3122 plurimas,
845 3048 940 3102 sed
966 3047 1195 3116 largitas
1222 3044 1393 3098 divini
1424 3041 1679 3096 muneris
1708 3041 1767 3094 in
1793 3057 1893 3094 suo
1921 3056 2142 3093 monas-

522 3143 664 3197 terio
690 3141 786 3195 ubi
814 3141 934 3211 ejus
972 3137 1291 3194 venerabile
1331 3135 1632 3207 requiescit
1658 3151 1880 3204 corpus,
1921 3148 2143 3203 semper

2233 2014 2432 2069 exinde
2451 2029 2580 2066 cum
2600 2011 2803 2076 bubus,
2821 2027 3001 2081 usque
3029 2009 3099 2063 ad
3127 2010 3536 2064 molendinum
3567 2014 3795 2065 vectus
3819 2015 3934 2077 est,

2232 2107 2523 2161 artificiose
2550 2121 2680 2158 cum
2706 2105 2880 2159 altero
2899 2105 3135 2173 junctus
3167 2109 3250 2157 est
3271 2101 3486 2173 lapide.

2304 2202 2370 2254 Et
2399 2203 2460 2254 ut
2485 2199 2612 2269 plus
2639 2198 2742 2252 iste
2770 2195 2996 2250 molaris
3023 2197 3186 2267 lapis,
3215 2196 3319 2267 qui
3349 2196 3410 2250 in
3437 2195 3701 2250 nomine
3733 2197 3937 2251 beatae

2235 2293 2478 2348 directus
2509 2295 2592 2345 est
2634 2291 2899 2359 Brigidte,
2940 2289 3205 2343 omnibus
3245 2289 3438 2343 adhuc
3484 2289 3936 2359 innotesceret,

2233 2385 2389 2439 addit
2427 2387 2483 2438 et
2500 2384 2606 2437 hoc
2635 2383 2957 2437 inauditum
2985 2386 3152 2436 antea
3178 2387 3235 2436 et
3262 2383 3622 2452 praeclarum
3653 2385 3938 2438 miracu-

2234 2478 2373 2532 lum.
2407 2478 2548 2530 Nam
2589 2493 2718 2530 cum
2743 2475 2977 2546 quidam
3004 2491 3268 2546 paganus
3295 2493 3360 2529 ac
3389 2475 3763 2530 molendino
3803 2478 3942 2531 vici-

2235 2588 2342 2626 nus
2359 2587 2456 2624 suo
2476 2569 2797 2622 habitaculo
2817 2567 3006 2622 dolose
3019 2585 3123 2639 per
3135 2569 3313 2622 alium
3336 2569 3686 2640 simplicem
3701 2571 3914 2624 virum
3926 2614 3939 2637 ,

2237 2664 2535 2734 ignorante
2571 2661 3002 2730 molendinario,
3031 2661 3130 2732 qui
3163 2678 3307 2731 opus
3333 2662 3644 2716 mouturm
3686 2680 3939 2718 exerce-

2237 2757 2352 2823 bat,
2377 2772 2540 2809 suum
2581 2771 2824 2825 granum
2853 2753 2922 2808 ad
2956 2754 3063 2808 hoc
3108 2754 3433 2808 transmisit
3460 2756 3938 2812 molendinum.

2240 2850 2307 2903 Et
2331 2847 2623 2902 cuminter
2646 2848 2750 2901 hos
2778 2847 3018 2900 molares
3032 2847 3415 2917 transjectum
3445 2854 3505 2902 et
3536 2849 3764 2904 fusum
3796 2851 3944 2905 fuis-

2241 2947 2325 2995 set
2349 2941 2581 3011 lapides,
2603 2940 2764 2993 illum
2780 2939 3168 3010 supradictum
3191 2939 3446 3010 lapidem
3467 2943 3788 2998 molarem
3811 2945 3942 2999 nul-

2239 3035 2326 3088 lus
2355 3035 2602 3105 impetus
2629 3033 2788 3086 fortis
2818 3032 3068 3086 ﬂuminis
3093 3037 3150 3087 et
3175 3034 3337 3088 nulla
3356 3050 3662 3106 aquarum
3702 3038 3941 3092 violen-

2241 3128 2337 3194 tia,
2371 3126 2527 3179 nulla
2555 3125 2835 3180 artiﬁcum
2865 3125 3165 3180 conamina
3193 3143 3431 3182 movere
3458 3133 3844 3197 potuerunt.
3881 3133 3946 3186 Et

525 3229 746 3301 operari
789 3229 1024 3282 virtutes
1062 3243 1174 3280 non
1223 3230 1418 3290 cessat,
1460 3240 1596 3294 quas
1638 3239 1740 3276 nos
1769 3221 2000 3275 virtutes
2029 3237 2140 3275 non
2164 3253 2218 3326 Ο
2242 3219 2378 3274 dum
2406 3219 2484 3273 illi
2511 3219 2607 3289 qui
2634 3219 2739 3273 hoc
2767 3219 3030 3272 viderunt
3049 3219 3118 3272 de
3134 3220 3242 3273 hac
3270 3237 3330 3274 re
3351 3221 3729 3293 cogitarent,
3755 3225 3947 3279 nimio

524 3325 701 3378 solum
732 3321 1068 3386 audivimus,
1099 3319 1194 3373 sed
1243 3318 1411 3372 etiam
1446 3317 1620 3370 oculis
1657 3315 1859 3368 nostris
1881 3315 2140 3369 vidimus.

596 3417 735 3469 Nam
767 3413 1096 3486 praepositus
1118 3410 1370 3465 "maximi
1421 3415 1477 3464 et
1501 3407 1794 3463 clarissimi
1821 3407 2146 3462 monasterii

527 3513 732 3564 sanctae
773 3507 1038 3577 Brigidae,
1071 3506 1139 3560 de
1165 3521 1277 3575 quo
1320 3503 1378 3556 in
1419 3503 1540 3572 ejus
1580 3500 1834 3572 opusculi
1872 3500 2146 3571 principio

527 3603 755 3656 brevem
786 3599 1021 3654 fecimus
1066 3597 1436 3662 mentionem,
1484 3594 1766 3664 cperarios
1796 3599 1852 3647 et
1897 3593 2148 3663 lapidum

530 3703 762 3748 cfesores
807 3707 1059 3763 qurerere
1098 3691 1343 3760 lapidem
1369 3693 1424 3742 et
1449 3688 1694 3742 incidere
1722 3687 2014 3752 molarem,
2048 3703 2152 3757 per

527 3788 648 3840 loca
672 3800 1045 3857 quaecumque
1073 3784 1152 3837 ibi
1180 3786 1404 3853 possent
1430 3780 1696 3848 invenire,
1727 3779 2052 3833 transmisit.
2084 3781 2153 3833 Et

531 3879 611 3934 illi
632 3879 751 3933 sine
772 3879 886 3932 ulla
911 3875 1260 3948 providentia
1284 3875 1502 3927 viarum
1533 3873 1764 3926 arduam
1793 3873 2153 3926 ascendentes

532 3973 702 4037 viam,
719 3972 785 4025 ad
815 3985 1084 4024 cacumen
1104 3967 1312 4038 petrosi
1334 3966 1540 4020 montis
1558 3967 1946 4036 perrexerunt,
1965 3970 2018 4018 et
2038 3965 2149 4018 ele-

537 4067 743 4134 gerunt
766 4061 1011 4132 lapidem
1037 4058 1306 4130 grandem
1334 4057 1392 4112 in
1421 4057 1540 4128 ipso
1562 4057 1768 4111 montis
1789 4056 2043 4110 altissimi
2070 4073 2155 4110 ca-

537 4155 782 4210 cumine.
812 4155 879 4207 Et
913 4153 1187 4206 caedentes
1217 4167 1346 4206 eum
1391 4151 1459 4205 de
1503 4150 1654 4204 omni
1681 4153 1839 4220 parte
1869 4149 1925 4202 in
1957 4154 2153 4202 rotun-

539 4248 697 4315 dum,
717 4250 771 4300 et
785 4245 1128 4316 perforatum
1147 4245 1414 4297 malorem
1439 4242 1583 4313 [Leg.
1599 4241 1886 4314 molarem]
1913 4242 2155 4312 lapidem

537 4340 942 4393 formaverunt.
986 4337 1127 4392 Cum
1175 4353 1304 4390 vero
1345 4335 1678 4408 prmpositus
1723 4335 1790 4388 de
1819 4334 2156 4388 monasterio

537 4432 803 4486 invitatus
827 4431 896 4484 ab
937 4430 1016 4484 eis
1044 4428 1284 4484 venisset
1327 4445 1458 4483 cum
1485 4428 1668 4482 bubus
1693 4427 1762 4482 ad
1791 4427 1953 4481 illum
1991 4444 2155 4482 mon-

539 4531 673 4592 tem,
706 4525 763 4578 in
791 4541 902 4595 quo
929 4523 1067 4594 lapis
1101 4523 1376 4576 formatus
1419 4521 1528 4576 fuit
1558 4521 1806 4590 molaris,
1836 4525 2002 4591 atque
2030 4538 2158 4575 cum

2243 3311 2482 3384 perculsi
2513 3315 2760 3382 stupore,
2791 3328 3035 3382 granum
3061 3312 3200 3366 illud
3231 3314 3390 3384 magi
3415 3331 3544 3370 esse
3561 3333 3946 3388 cognoscen-

2243 3411 2343 3474 tes,
2373 3405 2532 3458 nullo
2562 3405 2731 3459 modo
2759 3405 3110 3472 dubitabant,
3143 3406 3298 3476 quod
3327 3407 3428 3461 ille
3476 3409 3742 3465 molaris
3793 3413 3946 3483 lapis

2245 3499 2303 3552 in
2328 3515 2438 3568 quo
2465 3502 2652 3551 sancta
2675 3497 2903 3568 Brigida
2931 3498 3199 3552 virtutem
3229 3505 3474 3570 operata
3504 3506 3600 3556 est
3639 3503 3947 3574 divinam,

2250 3608 2489 3661 granum
2518 3589 2740 3660 gentilis
2763 3590 3012 3644 hominis
3040 3591 3099 3644 in
3119 3591 3373 3646 farinam
3403 3597 3835 3666 comprimere
3854 3617 3946 3653 re-

2249 3683 2502 3754 spuisset.
2559 3684 2624 3736 Et
2663 3683 2852 3736 statim
2896 3683 3160 3738 tollentes
3199 3685 3356 3738 foras
3407 3703 3689 3758 granum
3755 3692 3950 3764 ipsius

2253 3775 2475 3846 pagani,
2505 3778 2560 3830 et
2587 3793 2750 3829 suum
2783 3792 3026 3846 granum
3052 3778 3467 3833 monasteriale
3501 3781 3727 3838 subter
3755 3788 3949 3840 mola-

2250 3885 2371 3922 rem
2395 3869 2555 3922 illum
2580 3868 2824 3938 lapidem
2851 3874 3146 3938 ponentes,
3179 3886 3384 3924 cursus
3427 3874 3673 3944 solitus,
3705 3881 3771 3931 et
3803 3897 3950 3950 quo-

2255 3961 2496 4014 tidianus
2515 3961 2634 4014 sine
2660 3961 2790 4014 ullis
2818 3960 3245 4031 impedimentis
3267 3970 3586 4034 reparatus
3620 3973 3719 4023 est
3747 3974 3951 4026 molae.

2325 4055 2390 4108 Et
2418 4057 2546 4124 post
2569 4053 2936 4108 intervallum
2961 4056 3234 4125 temporis
3274 4057 3489 4112 accidit
3517 4065 3594 4114 ut
3640 4065 3952 4120 molendi-

2255 4163 2393 4200 num
2421 4148 2602 4216 ipsum
2629 4145 2761 4216 igne
2801 4147 3254 4203 combureretur.
3286 4150 3399 4204 Nec
3432 4157 3495 4205 et
3522 4153 3648 4208 hoc
3699 4175 3953 4224 parvum

2255 4239 2360 4296 fuit
2385 4239 2743 4308 miraculum,
2781 4256 2911 4292 cum
2939 4239 3090 4309 ignis
3117 4243 3296 4294 totam
3328 4243 3590 4300 domum
3621 4251 3952 4307 combure-

2257 4335 2362 4400 ret,
2392 4337 2447 4385 ct
2471 4331 2713 4385 alterum
2755 4331 3021 4402 lapidem,
3051 4333 3150 4404 qui
3170 4334 3412 4403 junctus
3443 4355 3642 4409 supra
3670 4339 3844 4399 dicto
3872 4347 3950 4400 la-

2255 4425 2372 4496 pidi
2397 4425 2522 4493 fuit,
2550 4425 2702 4478 hunc
2735 4427 2957 4479 tantum
2985 4427 3288 4496 specialem
3317 4435 3540 4485 sanctae
3577 4435 3683 4489 Bri
3693 4437 3860 4507 gidzr
3885 4440 3954 4492 la-

2257 4517 2448 4588 pidem
2479 4518 2633 4572 nullo
2677 4519 2842 4572 modo
2868 4522 3105 4589 tangere
3144 4523 3230 4573 est
3253 4537 3430 4576 ausus
3464 4527 3527 4578 et
3555 4531 3949 4586 comburere.

536 4618 704 4672 boves
735 4633 926 4671 secum
975 4620 1206 4687 propter
1253 4615 1487 4669 arduam
1530 4613 1736 4667 montis
1777 4613 2156 4668 ascensionem
2176 4615 2234 4686 D
2259 4611 2386 4666 Sine
2411 4611 2527 4664 ulla
2555 4611 2811 4666 molestia
2836 4612 2986 4684 ignis
3010 4613 3069 4667 in
3099 4630 3312 4686 magno
3344 4617 3707 4677 molendini
3753 4625 3955 4681 incen-

539 4712 763 4766 trahere
789 4716 843 4764 et
869 4726 1070 4780 cogere
1095 4726 1209 4763 non
1254 4713 1456 4780 posset,
1488 4707 1851 4762 durissimum
1880 4707 1987 4761 iter
2031 4723 2161 4760 cum

538 4805 730 4876 paucis
755 4804 916 4858 illum
937 4802 1297 4872 sequentibus
1323 4801 1414 4854 vix
1442 4801 1740 4854 ascendere
1763 4800 1965 4871 potuit.

608 4898 703 4953 llle
721 4913 851 4951 vero
871 4912 1001 4949 cum
1025 4895 1288 4948 omnibus
1315 4893 1429 4947 suis
1457 4893 1750 4964 operariis,
1781 4893 1915 4946 dum
1943 4893 2158 4964 cogita-

543 4995 628 5045 ret
667 4989 948 5062 quomodo
985 4988 1151 5042 illum
1179 4987 1451 5041 molarem
1484 4986 1802 5057 deportaret
1827 4985 2068 5056 lapidem
2095 4987 2162 5040 de

535 5083 676 5154 jugo
706 5081 956 5136 altissimi
988 5080 1214 5149 montis,
1255 5095 1384 5135 cum
1426 5079 1596 5134 boves
1637 5079 1694 5132 in
1741 5078 1836 5132 illo
1878 5082 2164 5150 praerupto

543 5175 751 5229 montis
781 5173 884 5228 sub
909 5175 1170 5229 oneribus
1192 5179 1248 5229 et
1279 5175 1486 5245 jugum
1514 5188 1632 5228 esse
1669 5172 1827 5226 nullo
1868 5173 2034 5226 modo
2061 5187 2160 5242 po-

543 5267 774 5321 tuerint.
801 5267 954 5320 Tunc
982 5267 1126 5321 facta
1151 5267 1558 5338 desperatione,
1589 5266 1712 5320 aliis
1738 5282 1802 5320 ex
1834 5265 1914 5320 eis
1941 5265 2164 5319 descen-

548 5359 828 5426 dentibus,
869 5358 1024 5412 illum
1070 5361 1322 5416 deserere
1357 5360 1622 5431 lapidem,
1665 5364 1722 5413 et
1747 5375 1838 5412 eos
1864 5358 1922 5412 in
1954 5374 2165 5412 vanum

546 5452 864 5519 laborasse,
910 5451 1007 5522 qui
1048 5452 1206 5508 illum
1234 5454 1639 5508 formaverunt.
1689 5453 1784 5507 Ille
1830 5451 2166 5522 praepositus

546 5543 810 5616 prudenti
825 5544 1251 5615 dispensatione,
1268 5551 1323 5600 et
1333 5545 1566 5600 consilio
1585 5545 1696 5599 suis
1713 5545 1981 5616 operariis
1992 5544 2167 5598 ﬁdeli-

624 5673 646 5700 δ
669 5659 947 5714 Marianus
974 5660 1167 5715 Scotus
1209 5658 1286 5714 ait
1312 5659 1510 5715 obiisse
1547 5661 1650 5714 sub
1674 5660 1887 5715 Justino
1937 5660 2164 5715 Seniore

549 5732 886 5802 imperatore
915 5747 1063 5783 anno
1090 5733 1211 5795 521,
1241 5746 1410 5799 quem
1451 5730 1634 5802 potius
1672 5747 1872 5802 sequor
1901 5747 2028 5783 cum
2061 5732 2162 5783 Ra-

549 5800 856 5925 tom
883 5803 992 5868 Vll,
1023 5816 1114 5853 an.
1145 5803 1266 5868 521,
1287 5816 1445 5854 num.
1481 5801 1569 5864 41,
1591 5817 1760 5870 quam
1786 5800 2161 5869 Sigebertum.

550 5911 564 5925 .
649 5913 658 5925 .
735 5890 824 5925 AN.

550 5890 658 5928 iV”.
691 5890 824 5928 hAN.

620 5942 647 5984 ι)
672 5943 950 5998 Concitatu
1002 5939 1284 5998 Hanckius
1322 5941 1386 5998 Ν.
1431 5955 1536 5996 ms.
1573 5940 1677 5995 Sed
1719 5955 1784 5996 ea
1823 5956 1928 5997 vox
1963 5955 2165 6014 parum

2261 4703 2354 4758 dio
2378 4704 2686 4774 permansit
2710 4705 3028 4760 incolumis.

2333 4799 2522 4851 Postea
2550 4797 2656 4852 hoc
2681 4798 2796 4851 viso
2836 4799 3110 4853 miraculo
3151 4800 3221 4853 ad
3269 4806 3735 4865 monasterium
3779 4815 3958 4884 perla-

2262 4895 2351 4946 tus
2376 4897 2476 4960 est,
2506 4895 2560 4944 et
2577 4891 2742 4961 juxta
2759 4893 2983 4962 portam
3009 4891 3298 4948 interioris
3324 4897 3578 4968 castelli,
3608 4919 3746 4972 quo
3779 4909 3952 4962 eccle-

2263 4983 2338 5038 sia
2370 4983 2636 5052 ambitur,
2669 4983 2766 5038 ubi
2794 4985 2957 5039 multi
2988 4987 3338 5042 conveniunt
3378 4989 3452 5042 ob
3482 5000 3954 5054 venerationem

2264 5079 2471 5131 sanctae
2498 5076 2737 5147 Brigidze
2779 5077 2836 5130 in
2861 5078 2983 5148 ipsa
3008 5083 3172 5150 porta
3196 5081 3522 5139 honoriﬁce
3567 5091 3829 5157 positus
3857 5100 3952 5159 est,

2263 5175 2319 5225 et
2347 5170 2415 5224 de
2440 5169 2696 5224 ﬁdelibus
2732 5171 2885 5226 hunc
2926 5171 3173 5242 lapidem
3220 5177 3618 5246 tangentibus
3676 5188 3955 5241 morbum

2265 5263 2513 5335 expellit.

2335 5357 2443 5410 Nec
2469 5361 2526 5411 et
2544 5355 2612 5411 de
2632 5357 2903 5412 miraculo
2929 5357 2989 5412 in
3016 5359 3380 5430 reparatione
3427 5366 3727 5426 ecclesias
3769 5379 3955 5429 tacen-

2265 5449 2401 5505 dum
2431 5453 2534 5517 est,
2567 5451 2627 5504 in
2669 5466 2782 5522 qua
2833 5451 3073 5522 gloriosa
3121 5453 3456 5524 amborum,
3503 5458 3630 5515 hoc
3697 5474 3800 5522 est
3845 5471 3954 5540 epi-

2265 5542 2415 5613 scopi
2457 5543 2726 5598 Conleath
2751 5556 2773 5584 ο
2799 5548 2854 5598 et
2916 5544 3088 5614 hujus
3123 5545 3367 5616 virginis
3411 5557 3653 5610 sach
3707 5560 3955 5634 Brigidzr

2263 5657 2464 5738 usitata
2506 5659 2920 5738 n-ec_mirabilis
2946 5659 2998 5714 ei
3038 5662 3321 5729 convenit,
3375 5663 3511 5720 ideo
3563 5671 3748 5730 nihil
3804 5679 3955 5732 debet

2266 5731 2574 5783 immutari.
2603 5731 2770 5784 BASN.

2335 5811 2358 5839 ο
2379 5801 2500 5854 Jam
2519 5805 2683 5854 antea
2707 5800 2866 5853 citavi
2896 5817 2962 5856 ex
2992 5800 3216 5856 Giraldo
3247 5803 3354 5856 hos
3381 5821 3608 5864 versus
3636 5831 3654 5868 :

2453 5889 2696 5960 Inpurgp
2716 5888 2864 5960 ano
2895 5889 3101 5960 tumulo
3124 5891 3454 5960 tumulantur
3483 5895 3547 5946 in
3579 5915 3718 5954 uno

2514 5949 2736 6016 Brigida,
2770 5950 3030 6015 Patritius,
3058 5956 3212 6019 atque
3235 5945 3744 6026 Columbapiu—sr’
