4022 6414
167 399 276 455 789

1453 405 1496 460 A
1531 405 1848 464 COGlTOSO
1883 407 2258 464 ADORNATA.

3422 415 3526 471 790

164 521 412 579 corpora
433 524 468 564 a
495 506 712 566 dextris
753 513 811 566 et
843 527 877 566 a
916 509 1156 568 sinistris
1205 511 1394 568 altaris
1437 512 1700 582 decorati,
1743 514 1806 570 in
1827 515 2103 602 Aartifex
2133 515 2565 572 Hibernensium
2589 515 2856 590 prudenti
2881 516 3103 574 loeutus
3131 519 3214 576 est
3241 521 3472 579 consilio
3507 537 3524 580 :

162 604 563 658 monumentis
611 606 794 676 posita
838 607 1069 665 ornatis.
1118 607 1268 661 vario
1299 607 1456 662 cultu
1481 608 1601 662 auri
1629 611 1685 663 et
1713 625 1804 662 ar-

166 696 336 767 genti
365 699 422 750 et
459 713 840 768 gemmarum,
865 705 919 754 et
947 699 1176 771 pretiosi
1205 700 1424 770 lapidis,
1452 706 1620 774 atque
1647 718 1803 756 coro-

163 789 259 843 nis
287 790 481 845 aureis
511 796 568 846 et
598 792 880 864 argenteis
907 793 1149 864 desuper
1175 793 1550 865 pendentibus
1577 795 1802 866 requie-

164 888 362 937 scunt.

247 977 494 1031 Ecclesia
532 995 780 1050 namque
824 985 1104 1035 crescente
1153 997 1390 1035 numero
1449 980 1704 1036 ﬁdelium
1754 985 1810 1036 et

167 1075 422 1141 utroque
448 1088 609 1139 sexu,
637 1073 752 1127 solo
779 1073 1038 1144 spatiosa,
1067 1080 1121 1128 et
1145 1073 1204 1127 in
1233 1075 1410 1128 altum
1433 1075 1638 1128 minaci
1673 1089 1806 1145 pro-

165 1164 410 1218 ceritate
460 1170 736 1234 porrecta,
769 1183 832 1220 ac
873 1167 1134 1220 decorata
1175 1167 1339 1240 pictis
1385 1168 1661 1234 tabulatis,
1699 1167 1809 1220 tria

167 1256 521 1311 intrinsecus
548 1259 764 1313 habens
789 1261 1051 1326 oratoria,
1093 1261 1285 1332 ampla
1306 1263 1362 1314 et
1389 1260 1560 1314 divisa
1587 1260 1810 1330 parieti-

167 1349 286 1402 bus
335 1350 624 1419 tabulatis,
658 1352 761 1406 sub
791 1369 905 1406 uno
941 1353 1188 1407 culmine
1231 1353 1458 1422 majoris
1495 1353 1716 1419 domus,
1749 1353 1809 1408 in

164 1459 290 1512 quo
320 1459 470 1497 unus
500 1445 686 1514 paries
728 1445 1044 1514 decoratus,
1072 1451 1127 1499 et
1158 1446 1500 1516 imaginibus
1527 1446 1806 1516 depictus,

166 1553 237 1588 ac
265 1536 697 1590 linteaminibus
726 1542 924 1606 tectus,
959 1555 1060 1609 per
1083 1539 1439 1592 latitudinem
1467 1539 1526 1592 in
1553 1538 1810 1592 orientali

167 1629 432 1701 ecclesitr
482 1635 664 1700 parte,
695 1649 728 1684 a
768 1632 982 1702 pariete
1024 1633 1092 1686 ad
1135 1634 1376 1686 alterum
1404 1631 1677 1702 parietem
1726 1650 1812 1686 ec-

167 1723 368 1775 clesize
403 1739 458 1776 se
499 1724 772 1790 tetendit;
804 1724 902 1794 qui
951 1725 1008 1779 in
1044 1725 1156 1778 suis
1201 1724 1651 1778 extremitatibus
1699 1725 1810 1778 duo

169 1815 354 1869 habet
391 1815 448 1868 in
479 1833 579 1869 sua
605 1816 743 1870 ostia
769 1835 785 1884 ;
815 1822 871 1870 et
913 1834 1016 1888 per
1041 1834 1220 1870 unum
1265 1818 1509 1872 hostium
1535 1817 1592 1870 in
1621 1822 1812 1872 extera

167 1913 343 1978 parte
399 1909 644 1978 positum
688 1909 932 1963 intratur
973 1911 1043 1963 ad
1081 1911 1461 1964 sanctuarium
1513 1911 1581 1964 ad
1637 1911 1812 1966 altare

170 2018 446 2055 summus
495 2002 745 2072 pontifex
770 2019 900 2056 cum
931 2019 1034 2056 sua
1065 2002 1312 2073 regulari
1339 2005 1488 2057 scola
1519 2007 1574 2057 et
1600 2003 1686 2056 his
1719 2020 1810 2056 sa-

171 2093 292 2147 cris
320 2100 455 2149 sunt
489 2095 744 2166 deputati
779 2096 1128 2164 ministeriis,
1158 2113 1310 2149 sacra
1340 2097 1409 2150 ad
1449 2095 1733 2150 dominica
1759 2100 1814 2150 et

171 2187 484 2242 immolare
508 2188 799 2242 sacriﬁcia.
819 2191 884 2242 Et
903 2206 1004 2259 per
1023 2189 1264 2242 alterum
1286 2190 1491 2242 ostium
1513 2188 1572 2242 in
1592 2189 1815 2243 sinistra

169 2286 343 2351 parte
391 2280 622 2352 parietis
649 2299 818 2352 supra
847 2281 980 2335 dicti
1008 2285 1062 2334 et
1094 2283 1398 2336 transversi
1425 2282 1692 2351 positum,
1721 2282 1815 2336 ab-

171 2373 390 2427 batissa
417 2389 548 2427 cum
576 2374 691 2428 suis
727 2374 930 2445 puellis
970 2380 1025 2428 et
1061 2374 1242 2428 viduis
1291 2375 1547 2428 ﬁdelibus
1593 2380 1815 2430 tantum

169 2467 360 2521 iverat
392 2466 535 2538 [ch.
567 2468 780 2537 intrat],
799 2472 864 2521 ut
889 2467 1142 2521 convivio
1170 2467 1418 2538 corporis
1441 2473 1497 2522 et
1523 2467 1816 2538 sanguinis

173 2562 452 2616 fruantur
476 2562 604 2614 Jesu
626 2560 851 2614 Christi.
874 2564 1056 2632 Atque
1077 2561 1220 2614 alius
1237 2561 1418 2631 paries
1432 2561 1816 2631 pavimentum

172 2654 388 2708 domus
436 2654 494 2708 in
543 2654 684 2708 duas
739 2655 979 2725 (equales
1025 2653 1276 2708 dividens
1326 2658 1538 2724 partes,
1579 2670 1613 2707 a
1655 2657 1816 2725 parte

176 2747 448 2802 orientali
479 2763 656 2818 usque
681 2748 751 2801 ad
777 2753 1158 2801 transversum
1186 2747 1246 2799 in
1291 2746 1586 2800 latitudine
1635 2746 1817 2816 parie-

175 2849 303 2895 tem
333 2843 600 2895 extensus
627 2845 728 2894 est.
760 2841 825 2894 Et
846 2841 966 2894 haec
994 2844 1146 2893 tenet
1171 2838 1414 2893 Ecclesia
1438 2839 1494 2892 in
1528 2856 1582 2892 se
1613 2839 1817 2892 multas

171 2936 480 3003 fenestras,
511 2938 754 2988 etuuam
773 2933 834 2988 in
854 2934 1025 2988 latere
1055 2933 1251 2987 dextro
1281 2939 1539 2986 ornatam
1563 2937 1808 3004 portam,

172 3045 288 3100 per
317 3044 494 3099 quam
547 3027 863 3081 sacerdotes
897 3032 953 3081 et
1003 3026 1247 3097 populus
1293 3025 1474 3080 fidelis
1523 3023 1817 3078 masculini

175 3121 415 3194 generis
443 3137 611 3175 sexus
651 3119 824 3174 intrat
869 3120 1169 3174 Ecclesiam
1199 3124 1291 3186 ;et
1319 3120 1556 3174 alterma
1595 3123 1816 3188 portam

175 3217 242 3270 in
273 3214 503 3268 sinistro
535 3213 728 3283 latere,
756 3230 860 3284 per
897 3229 1069 3284 quam
1096 3213 1342 3284 virgines
1369 3216 1424 3266 et
1463 3209 1714 3265 fidelium
1743 3211 1819 3264 fe-

173 3309 472 3363 minarum
525 3305 890 3378 congregatio
936 3306 1147 3360 intrare
1185 3306 1347 3359 solet.
1396 3306 1462 3358 Et
1498 3304 1576 3357 sic
1613 3303 1673 3357 in
1703 3319 1818 3356 una

173 3401 416 3457 basilica
444 3399 712 3467 maxima,
743 3399 991 3470 populus
1019 3399 1248 3469 grandis
1277 3398 1335 3451 in
1364 3397 1580 3465 ordine,
1601 3402 1657 3451 et
1687 3412 1816 3466 gra-

177 3497 377 3563 dibus,
403 3499 458 3548 et
483 3509 642 3562 sexu,
674 3498 730 3547 et
755 3492 890 3546 locis
918 3492 1148 3546 diversis
1178 3491 1482 3561 interjectis
1503 3496 1559 3544 et
1583 3489 1733 3544 inter
1761 3504 1818 3542 se

174 3589 444 3662 partibus
483 3608 530 3657 ο,
563 3586 781 3640 diverso
827 3586 1023 3641 ordine
1071 3590 1127 3640 et
1155 3601 1268 3638 uno
1296 3583 1484 3638 animo
1515 3582 1818 3637 Dominum

175 3681 643 3752 omnipotentem
669 3685 811 3734 orat.

257 3777 330 3830 Et
365 3790 498 3830 cum
547 3773 754 3827 ostium
795 3771 1096 3842 antiquum
1141 3775 1320 3841 portze
1365 3768 1674 3837 sinistralis,
1716 3784 1820 3839 per

175 3868 340 3940 quod
373 3866 586 3921 solebat
633 3869 822 3920 sancta
849 3863 1076 3934 Brigida
1123 3861 1425 3917 Ecclesiam
1467 3861 1702 3928 intrare,
1747 3859 1818 3914 ab

176 3961 501 4017 artiﬁcibus
525 3959 584 4014 in
611 3959 726 4013 suis
753 3963 896 4012 esset
923 3957 1242 4011 cardinibus
1267 3955 1457 4025 situm,
1487 3960 1662 4010 totam
1689 3969 1819 4009 con-

177 4055 419 4110 cludere
444 4058 666 4124 portam
690 4052 1060 4106 instauratam
1086 4054 1141 4104 et
1186 4053 1440 4104 novatam
1470 4065 1672 4102 novam
1703 4064 1817 4102 non

1834 1889 1888 1961 B

1839 3248 1892 3320 C

177 4147 398 4222 potuit.
429 4147 640 4211 Quarta
665 4145 819 4200 enim
845 4149 1024 4215 portas
1063 4160 1194 4214 pars
1221 4147 1413 4213 aperta
1443 4141 1560 4194 sine
1589 4140 1813 4194 conclu-
1862 4178 1871 4185 .

177 4244 347 4297 sione
371 4245 428 4294 et
454 4239 732 4311 patefacta
778 4236 1100 4310 apparebat.
1130 4237 1198 4290 Et
1234 4235 1280 4289 si
1307 4235 1497 4289 addita
1537 4240 1592 4288 et
1621 4235 1819 4305 juncta

179 4340 260 4395 ad
290 4337 648 4394 altitudinem
679 4336 806 4390 ostii
832 4339 1032 4407 quarta
1059 4350 1188 4404 pars
1231 4333 1448 4399 fuisset,
1482 4337 1614 4387 tunc
1641 4334 1816 4386 totam

178 4431 527 4489 concludere
576 4435 801 4502 portam
829 4433 1016 4501 posset
1039 4429 1210 4482 altam
1235 4431 1293 4481 et
1335 4426 1722 4480 instauratam.
1750 4426 1818 4478 Et

181 4542 324 4582 cum
363 4524 604 4579 artiﬁces
646 4525 888 4578 alterum
918 4522 1100 4592 majus
1137 4536 1348 4574 novum
1397 4519 1579 4574 facere
1611 4517 1815 4572 ostium

1908 611 1968 664 ln
1995 611 2101 664 hac
2139 615 2548 682 superventura
2595 616 2755 666 nocte
2808 629 2967 667 orare
3012 613 3313 669 Dominum
3359 615 3527 686 juxta

1905 708 2156 758 sanctam
2191 704 2473 774 Brigidam
2519 703 2758 758 fideliter
2800 705 3090 773 debemus,
3117 711 3182 762 ut
3221 706 3340 778 ipsa
3365 709 3526 764 nobis

1905 797 1974 850 de
1999 813 2186 864 mane,
2215 797 2351 868 quid
2379 797 2437 850 in
2467 813 2634 867 opere
2656 797 2763 850 hoc
2775 798 2953 852 acturi
2979 815 3192 865 sumus,
3215 801 3523 870 provideat.

1906 891 1974 943 Et
1999 889 2076 943 sic
2101 907 2264 947 orans
2277 891 2443 961 juxta
2474 897 2906 945 monumentum
2937 898 3140 946 sanctae
3169 892 3410 964 Brigidaa
3437 900 3524 950 to-

1905 988 2024 1038 tam
2048 989 2271 1037 noctem
2298 983 2586 1052 transegit.

1979 1077 2045 1129 Et
2069 1092 2236 1129 mane
2268 1091 2520 1146 surgens,
2549 1077 2798 1130 oratione
2825 1077 3132 1148 praemissa,
3155 1079 3360 1142 ostium
3389 1080 3528 1135 anti-

1908 1185 2087 1238 quum
2141 1169 2369 1222 trudens
2410 1185 2472 1222 ac
2515 1185 2731 1240 ponens
2773 1169 2835 1222 in
2885 1186 2987 1222 suo
3019 1171 3264 1239 cardine,
3289 1173 3525 1242 januam

1909 1261 2183 1315 conclusit
2213 1265 2385 1314 totam
2417 1278 2430 1315 :
2477 1277 2580 1315 nec
2604 1261 2816 1333 aliquid
2841 1261 3018 1336 defuit
3044 1263 3112 1317 de
3139 1263 3314 1334 ipsius
3343 1266 3525 1336 pleni-

1909 1354 2125 1420 tudine,
2156 1371 2260 1407 nec
2286 1355 2401 1408 ulla
2427 1353 2485 1407 in
2513 1355 2634 1424 ejus
2666 1355 3052 1424 magnitudine
3090 1358 3373 1427 superﬂua
3400 1375 3529 1429 pars

1907 1452 2130 1518 reperta
2156 1452 2258 1500 est.
2290 1448 2354 1502 Et
2381 1446 2457 1500 sic
2485 1449 2676 1500 sancta
2703 1447 2930 1517 Brigida
2958 1448 3095 1502 illud
3113 1449 3316 1504 ostium
3341 1455 3532 1505 exten-

1909 1539 1990 1593 dit
2018 1539 2077 1592 in
2105 1540 2482 1607 altitudinem,
2525 1545 2586 1594 ut
2611 1543 2727 1593 tota
2753 1544 2912 1610 porta
2951 1541 3049 1594 illa
3091 1542 3161 1596 ab
3188 1559 3254 1597 eo
3298 1544 3370 1596 sit
3393 1561 3528 1598 con-

1909 1632 2081 1700 clusa,
2118 1649 2220 1685 nec
2251 1633 2308 1685 in
2337 1648 2402 1686 ea
2429 1633 2575 1686 ullus
2603 1633 2757 1687 locus
2787 1633 3094 1703 patefactus
3121 1635 3393 1702 videatur,
3423 1637 3530 1690 nisi

1909 1741 2040 1778 cum
2067 1725 2274 1778 ostium
2302 1725 2632 1794 retruditur,
2662 1731 2724 1779 ut
2749 1726 2978 1780 ecclesia
3027 1727 3290 1782 intretur.
3335 1730 3398 1783 Et
3426 1729 3532 1783 hoc

1911 1817 2132 1871 virtutis
2155 1816 2451 1870 dominica:
2478 1817 2651 1871 oculis
2676 1818 2936 1872 omnium
2961 1801 3272 1874 videntium
3298 1821 3533 1874 miracu-

1912 1909 2052 1974 lum,
2081 1909 2237 1963 illam
2262 1910 2499 1979 januam
2523 1915 2577 1964 et
2606 1910 2826 1963 valvam
2854 1911 3148 1966 manifeste
3176 1917 3348 1982 patet.

1983 2004 2050 2056 Et
2075 2002 2200 2072 quis
2227 2018 2484 2056 sermone
2506 2001 2783 2072 explicare.
2810 2008 3014 2073 potest,
3039 2005 3349 2059 maximum
3376 2005 3536 2060 deco-

1911 2110 2032 2149 rem
2086 2095 2254 2164 hujus
2283 2095 2550 2162 ecclcsiae,
2577 2099 2633 2148 et
2675 2094 2973 2148 innumera
2995 2096 3146 2150 illius
3177 2097 3412 2152 civitatis
3439 2098 3536 2167 qui

1913 2187 2164 2240 dicemus
2192 2187 2461 2240 miracula
2479 2187 2506 2240 ?
2525 2186 2569 2239 si
2600 2187 2680 2240 fas
2705 2192 2788 2241 est
2809 2187 2923 2242 dici
2950 2188 3164 2258 civitas,
3193 2189 3261 2242 de
3287 2206 3402 2260 qua
3427 2190 3538 2244 vita

1916 2279 1973 2333 in
1994 2296 2050 2332 se
2078 2281 2391 2333 multorum
2416 2296 2622 2334 nomen
2652 2280 2882 2350 accepit.
2924 2281 3162 2334 Maxima
3201 2281 3323 2335 hzec
3349 2281 3539 2335 civitas

1915 2376 1971 2425 et
1997 2372 2426 2442 mctropolitana
2453 2377 2553 2437 est,
2583 2371 2642 2425 in
2667 2373 2828 2442 cujus
2870 2373 3225 2440 suburbanis,
3253 2391 3381 2446 qua:
3408 2391 3536 2428 san-

1916 2469 2005 2518 cta
2033 2469 2184 2518 certo
2228 2464 2407 2518 limite
2435 2464 2747 2533 designavit
2778 2464 3022 2535 Brigida,
3067 2466 3254 2520 nullus
3301 2466 3540 2520 carnalis

1914 2557 2284 2626 adversarius,
2314 2573 2416 2610 nec
2443 2573 2636 2610 cursus
2661 2557 2896 2610 timetur
2920 2557 3187 2612 hostium.
3219 2557 3326 2612 Sed
3352 2558 3542 2612 civitas

1915 2655 1999 2705 est
2019 2649 2225 2721 refugii
2245 2649 2525 2704 tutissima
2555 2650 2623 2703 de
2652 2649 2786 2702 foris
2813 2649 3145 2704 suburbanis
3173 2650 3234 2704 in
3277 2655 3393 2704 tota
3419 2651 3541 2705 Sco-

1916 2751 2106 2800 torum
2128 2750 2296 2809 terra,
2331 2759 2460 2796 cum
2491 2743 2606 2796 suis
2629 2743 2886 2797 omnibus
2912 2742 3161 2814 fugitivis
3191 2743 3250 2796 in
3277 2760 3389 2814 qua
3417 2760 3538 2797 ser—

1917 2843 2119 2891 vantur
2146 2835 2394 2889 thesauri
2435 2851 2656 2904 regum,
2704 2839 2759 2889 et
2787 2834 3034 2889 decorati
3062 2834 3324 2889 culminis
3355 2836 3539 2890 excel-

1916 2931 2226 2986 lentissima
2254 2943 2372 2982 esse
2400 2927 2682 2982 videntur.

1987 3025 2054 3078 Et
2081 3022 2206 3093 quis
2235 3037 2568 3076 enumerare
2592 3024 2774 3092 potest
2799 3019 3044 3074 diversas
3072 3020 3262 3074 turbas
3289 3025 3344 3076 et
3370 3020 3540 3076 innu-

1918 3115 2213 3170 merabiles
2269 3114 2504 3186 populos
2552 3113 2620 3167 de
2668 3112 2931 3167 omnibus
2980 3112 3277 3184 provinciis
3323 3115 3539 3169 conﬂu-

1919 3213 2076 3264 entes
2105 3225 2119 3262 :
2155 3207 2249 3262 alii
2276 3207 2346 3260 ob
2374 3207 2672 3278 epularum
2699 3205 3126 3274 abundantiam,
3157 3206 3249 3260 alii
3289 3206 3544 3277 languidi

1918 3304 2153 3374 pr0pter
2199 3299 2480 3369 sanitates,
2528 3298 2620 3352 alii
2655 3299 2725 3352 ad
2771 3298 3153 3400 spectaculum
3205 3299 3540 3369 turbarum;

1917 3393 2012 3448 alii
2050 3409 2179 3447 cum
2234 3391 2454 3462 magnis
2499 3390 2660 3444 donis
2689 3390 2976 3444 venientes
3007 3390 3078 3444 ad
3128 3390 3543 3446 solemnitatem

1918 3485 2220 3541 nativitatis
2265 3487 2468 3538 sanctae
2500 3483 2762 3554 Brigidze,
2792 3499 2917 3553 qua:
2954 3482 3014 3535 in
3045 3482 3133 3536 die
3161 3483 3543 3542 Kalendarum

1919 3577 2204 3634 Februarii
2230 3576 2438 3631 mensis
2467 3575 2750 3631 dormiens
2793 3590 2988 3628 secure
3031 3574 3307 3628 sarcinam
3336 3576 3540 3646 dejecit

1919 3672 2126 3741 carnis,
2174 3673 2232 3725 et
2272 3673 2500 3741 Agnum
2549 3668 2646 3722 Dei
2689 3667 2748 3723 in
2791 3667 3106 3723 coelestibus
3157 3668 3542 3726 mansionibus

1918 3769 2105 3820 secuta
2131 3763 2260 3819 est?

1990 3875 2218 3930 Veniam
2245 3877 2375 3946 peto
2407 3890 2440 3927 a
2480 3872 2746 3928 fratribus
2784 3877 2840 3928 et
2860 3872 3160 3928 lectoribus
3189 3873 3310 3928 haec
3355 3873 3543 3946 legen-

1918 3969 2088 4038 tibus,
2115 3968 2214 4040 qui
2239 3983 2406 4022 causa
2433 3966 2766 4022 obedientite
2792 3971 3034 4033 coactus,
3063 3967 3215 4020 nulla
3249 3984 3536 4038 praeroga-

1918 4062 2031 4117 tiva
2059 4061 2304 4116 scientiae
2331 4059 2605 4127 sufflatus,
2636 4059 2872 4130 pelagus
2900 4059 3241 4114 immensum
3266 4059 3540 4116 virtutum

1919 4161 2122 4210 sanctae
2150 4154 2389 4225 Brigidze
2409 4160 2464 4210 et
2489 4153 2620 4207 viris
2645 4153 2966 4208 fortissimis
2990 4153 3432 4222 formidandum,
3455 4155 3542 4209 his

1918 4248 2110 4320 paucis
2135 4247 2343 4302 rustico
2371 4263 2630 4301 sermone
2658 4245 2820 4302 dictis
2847 4246 3148 4302 virtutibus
3183 4247 3252 4302 de
3277 4247 3541 4303 maximis

1919 4345 1975 4397 et
2001 4339 2510 4396 innumerabilibus
2534 4339 2829 4394 currerim.

1989 4456 2153 4511 Orate
2173 4472 2278 4528 pro
2306 4472 2396 4510 me
2423 4455 2682 4525 Cogitoso
2703 4458 2907 4525 nepote
2935 4455 3218 4525 culpabili,
3248 4459 3305 4510 et
3322 4459 3387 4510 ut
3411 4473 3536 4510 ora-

1921 4549 2068 4604 tione
2093 4555 2275 4603 vestra
2303 4549 2397 4619 pio
2427 4547 2664 4602 Domino
2691 4563 2785 4602 me
2815 4547 3220 4602 commendetis
3266 4565 3455 4616 exoro,
3484 4555 3541 4604 et

177 4619 590 4713 deliberarent’
619 4617 771 4713 (1⁸οά
797 4620 970 4713 totam}
999 4613 1600 4713 οοηοίυάετβρονίδηξν
1623 4616 1818 4713 θυι-ω’
1837 4613 1894 4684 D
1921 4645 2062 4698 Deus
2089 4643 2244 4697 vobis
2273 4613 2468 4713 pacem
2511 4639 2896 4712 evangelicam
2941 4645 3216 4695 sectantes
3253 4613 3534 4697 exaudiat.

177 4714 386 4770 bulam
410 4712 593 4766 facere
634 4711 893 4781 junctam
938 4707 1000 4763 in
1048 4713 1204 4762 vetus
1257 4706 1484 4775 ostium,
1514 4709 1577 4759 ut
1622 4709 1817 4776 postea

179 4807 447 4864 suﬂicere
462 4809 668 4876 posset,
689 4802 992 4882 praedictus
1011 4802 1204 4857 doctor
1221 4807 1277 4857 et
1293 4799 1552 4855 omnium
1577 4798 1817 4870 praivius

258 4990 284 5018 ³
312 4976 480 5030 Forte
511 4971 839 5044 parietibus.
868 4971 944 5025 De
971 4971 1075 5044 hoc
1101 4967 1332 5044 antiquo
1378 4983 1700 5044 m_ore,__quo
1731 4966 1814 5044 fe-

178 5049 359 5105 mine
386 5063 419 5100 a
447 5039 582 5099 viris
627 5041 1162 5114 separatmiorabant
1191 5039 1255 5094 in
1272 5039 1514 5114 templis,
1542 5039 1814 5114 Cl_em_ent.

178 5137 340 5178 cons.
390 5117 493 5173 lib.
523 5131 563 5171 ιι
601 5109 722 5185 cap.
753 5116 812 5168 61
839 5130 858 5182 ;
895 5113 1058 5183 Greg.
1099 5113 1250 5180 Naz.,
1280 5111 1340 5166 in
1376 5111 1526 5166 Som.
1579 5109 1648 5164 de
1675 5112 1818 5164 Ana-

2152 4791 2390 4861 Emplicit
2424 4791 2553 4845 Vita
2581 4793 2778 4878 sancta:
2803 4788 3038 4856 Brigidw
3064 4751 3312 4856 virginis.

1917 4962 2122 5031 stasia;
2169 4961 2452 5027 Ambros-3.,
2485 4959 2555 5013 ad
2599 4959 2743 5031 virg.
2791 4959 2956 5030 laps.;
3004 4960 3227 5029 Baron.,
3260 4957 3319 5014 in
3345 4960 3534 5031 Appa-

1917 5040 2042 5089 ratu
2067 5034 2295 5102 Eccles.,
2323 5031 2394 5086 ad
2419 5047 2580 5086 num.
2616 5034 2702 5085 52.
2731 5031 2864 5086 CAN.
