4022 6432
1863 727 1926 771 IN
1969 724 2110 770 FINE
2162 721 2384 770 SECULI
2423 723 2512 770 γι.

1704 895 2692 1123 ΜΑΒΙΠΞ,

963 1185 2320 1340 AVENTIGENSIS
2401 1217 3434 1342 EPISGOPUS.

1660 1443 1988 1524 (Galland.
2021 1445 2322 1510 Biblioth.
2355 1453 2508 1507 tom.
2544 1445 2730 1527 XII.)

1934 1810 2432 1906 NOTITIA.

2039 2003 2319 2017 Μ

593 2130 636 2182 ῐ.
664 2129 727 2184 In
757 2125 945 2182 [Eduis
971 2125 1148 2181 nobili
1179 2141 1384 2197 genere
1409 2129 1564 2181 ortus
1592 2130 1676 2181 est
1699 2127 1922 2196 Marius,
1953 2130 2136 2181 stante
2157 2137 2216 2209 Α

524 2220 709 2275 adhuc
725 2219 1068 2290 Burgundize
1096 2235 1290 2290 regno,
1309 2219 1453 2273 circa
1465 2235 1678 2274 annum
1704 2219 1908 2280 Christi
1937 2223 2054 2287 532,
2077 2225 2140 2275 ut

521 2313 771 2384 produnt
804 2311 1053 2366 Cointius
1084 2313 1151 2381 (α)
1181 2327 1244 2366 ac
1285 2311 1540 2366 Historiae
1586 2312 1870 2366 litterariae
1915 2313 2138 2366 Gallicas

523 2405 820 2474 scriptores
850 2403 1053 2458 eruditi
1084 2404 1175 2474 (b),
1215 2403 1560 2458 Chifﬂetium
1584 2404 1831 2458 asscctati
1865 2406 1946 2473 (ο).
1978 2407 2139 2458 Anno

522 2500 713 2550 autem
742 2495 961 2550 circiter
986 2499 1108 2562 576,
1135 2499 1200 2549 ut
1229 2495 1583 2566 postmodum
1613 2513 1680 2550 ex
1708 2496 1954 2551 dicendis
1983 2513 2136 2550 com-

523 2593 746 2659 pertum
775 2587 890 2656 fiet,
918 2587 1050 2642 dum
1091 2589 1268 2644 aetatis
1295 2605 1509 2642 annum
1555 2593 1747 2658 ageret
1777 2589 2136 2659 quadragesi-

521 2697 678 2735 mum
707 2683 994 2752 quartum,
1022 2684 1244 2734 evectus
1280 2685 1362 2735 est
1387 2681 1459 2735 ad
1498 2680 1784 2734 ecclesiam
1815 2681 2139 2735 Aventicen—

522 2790 640 2828 sem
678 2772 986 2844 regendam
1011 2773 1070 2826 in
1095 2773 1472 2828 Helvetiorum
1502 2777 1684 2826 tractu
1727 2773 1891 2826 sitam
1920 2789 1934 2827 :
1968 2790 2138 2844 quam

522 2865 752 2936 quidem
787 2864 976 2918 sedem
1021 2865 1392 2935 episcopalem
1441 2865 1538 2918 diu
1569 2864 1768 2932 tenuit,
1809 2865 1986 2919 donec
2029 2866 2134 2920 sub

523 2957 698 3011 finem
723 2955 910 3009 saeculi
949 2955 1118 3026 hujus
1149 2973 1223 3024 γι,
1251 2956 1588 3012 Childeberti
1621 2957 1960 3010 Francorum
1991 2958 2141 3027 regis

521 3048 820 3118 permissu,
851 3063 976 3100 eam
995 3049 1258 3102 Aventico
1279 3049 1628 3102 Lausannam
1656 3049 1958 3114 transtulit,
1981 3055 2046 3102 ut
2073 3065 2140 3103 ex

523 3139 752 3195 Claudio
771 3139 1014 3194 Roberto
1040 3140 1209 3194 tradit
1231 3140 1489 3194 laudatus
1525 3140 1773 3196 Cointius
1804 3142 1898 3210 (εἰ).
1926 3142 2142 3197 Childe—

524 3233 716 3286 bertus
746 3231 901 3286 enim
947 3232 1288 3302 Burgundise
1334 3249 1576 3302 regnum
1620 3233 1678 3286 in
1711 3250 1822 3304 quo
1847 3235 2141 3288 Aventicus

526 3329 583 3379 et
607 3325 896 3378 Lausanna
925 3325 1311 3392 censebantur,
1341 3331 1466 3395 post
1490 3325 1706 3379 obitum
1735 3326 2140 3381 Guntchramni

524 3415 711 3487 patrui
737 3417 978 3470 obtinuit
1003 3417 1072 3470 ab
1091 3433 1238 3470 anno
1255 3417 1524 3471 duntaxat
1543 3421 1665 3486 593,
1689 3417 1754 3471 ad
1771 3434 1985 3472 annum
2014 3421 2137 3473 596.

525 3509 750 3574 Verum,
783 3507 828 3561 si
873 3508 1182 3562 Adrianum
1222 3509 1501 3562 Valesium
1539 3509 1832 3562 audiamus
1864 3508 1949 3581 (e),
1979 3511 2141 3564 tertio
2162 3489 2216 3559 B

526 3601 755 3670 quidem
783 3617 932 3654 anno
958 3600 1013 3654 in
1057 3601 1384 3670 Burgundia
1412 3606 1606 3654 exacto
1637 3617 1964 3671 supremum
1991 3602 2141 3656 diem

525 3692 663 3747 ob'iit
689 3692 1076 3747 Childebertus
1100 3709 1248 3746 anno
1275 3696 1394 3760 595,
1422 3693 1519 3762 qui
1552 3693 1822 3746 nimirum
1863 3711 2010 3747 anno
2041 3698 2141 3750 592

525 3801 768 3856 regnum
793 3784 1218 3855 Burgundicum
1263 3785 1616 3838 haereditario
1633 3785 1762 3854 jure
1787 3787 2138 3856 acquisierat.

526 3875 631 3930 Sed
655 3879 720 3929 ut
742 3875 813 3930 ad
839 3876 1072 3930 Marium
1112 3881 1480 3941 revertamur,
1522 3876 1671 3930 inter
1708 3877 2144 3948 subscriptiones

523 3969 915 4038 episcoporum
940 3967 1036 4038 qui
1063 3967 1294 4021 concilio
1337 3967 1716 4022 Matisconensi
1741 3985 1783 4032 ,ιι
1809 3970 2139 4038 interfuere,

527 4075 677 4114 anno
719 4058 1123 4113 Guntchramni
1163 4059 1314 4128 regis
1361 4063 1452 4127 25,
1481 4076 1606 4114 εει-ω
1656 4061 2009 4132 Dionysianaa
2041 4067 2142 4118 585

527 4151 824 4219 celebrato,
867 4151 1110 4204 adfuisse
1137 4151 1484 4221 comperitur
1512 4156 1720 4208 Marius
1750 4157 2020 4224 episcopus
2062 4171 2141 4210 ec-

529 4245 705 4297 clesiae
717 4245 984 4298 Aventicae
1006 4244 1068 4310 (Γ)
1101 4261 1114 4298 :
1145 4244 1292 4298 unde
1313 4244 1490 4315 liquet
1506 4245 1694 4300 sedem
1721 4247 2144 4302 Aventicensem

528 4335 784 4390 nondum
839 4352 904 4390 eo
945 4353 1094 4390 anno
1148 4337 1494 4391 Lausannam
1559 4338 1730 4392 fuisse
1771 4339 2142 4408 translatam;

527 4428 778 4498 adeoque
797 4428 977 4482 serius
1001 4433 1125 4500 post
1143 4445 1345 4482 novem
1363 4435 1460 4484 aut
1485 4431 1678 4484 decem
1707 4429 1927 4484 circiter
1946 4448 2142 4501 annos,

527 4520 631 4575 sub
655 4521 1009 4576 Childeberto
1045 4521 1271 4590 scilicet,
1301 4521 1358 4576 id
1398 4523 1718 4593 contigisse,
1755 4528 1816 4578 ut
1862 4523 2031 4577 modo
2053 4525 2143 4578 in-

527 4613 776 4668 nuimus.
823 4615 996 4668 Porro
1035 4630 1104 4668 ex
1133 4613 1376 4684 antiquis
1414 4609 1893 4669 Lausanuensium
1942 4616 2146 4670 tabulis

526 4705 788 4775 perhibet
829 4706 1141 4761 Chifﬂetius
1171 4707 1239 4778 (g)
1267 4707 1500 4761 Marium
1528 4707 1588 4761 in
1615 4708 1938 4778 episcopatu
1965 4709 2146 4779 egisse

527 4814 707 4853 annos
724 4815 816 4867 xx,
837 4817 902 4853 ac
927 4816 1150 4854 menses
1170 4816 1266 4854 vni
1294 4817 1310 4868 ;
1341 4800 1542 4854 vixisse
1569 4806 1758 4854 autem
1789 4801 2024 4855 omnino
2051 4819 2146 4855 an-
2165 4839 2220 4913 Ο

529 4907 626 4913 μ--
657 4907 779 4913 -__--
837 4892 1025 4913 _-I._2:__-
1057 4909 1185 4913 __.._
1216 4892 1388 4913 μ-Ῐλέ-
1423 4892 1690 4913 ΙῙ-1.-,..“1--
1728 4893 2004 4913 l______-:-_
2052 4910 2110 4913 ,μ

527 4907 628 4944 nos
656 4907 797 4960 LXIV,
830 4892 1032 4946 obiisse
1057 4909 1190 4946 vero
1214 4892 1393 4962 pridie
1421 4892 1694 4946 Kalendas
1718 4893 2029 4960 Januarias,
2047 4910 2144 4947 an-

526 4999 600 5037 no
625 4983 884 5039 videlicet
908 4988 1030 5039 596.
1053 4985 1173 5049 Qua
1200 4985 1427 5055 quidem
1452 4985 1541 5038 die
1571 4985 1898 5040 Sanctorum
1929 4986 2141 5042 ordini-

527 5074 634 5129 bus
659 5078 930 5146 ascriptus
955 5077 1214 5143 traditur,
1233 5077 1442 5148 quippe
1458 5077 1558 5148 qui
1575 5093 1800 5131 morum
1824 5077 2146 5148 integritate

528 5181 594 5221 ac
613 5167 818 5238 pietate
833 5168 1040 5240 insigni
1053 5169 1332 5225 claruerit.
1347 5170 1513 5224 Miror
1531 5169 1791 5241 equidem
1809 5170 2146 5240 Saussayum

605 5332 672 5401 (α)
700 5333 910 5409 _(:.oint.,
939 5335 1134 5409 annal.
1158 5337 1291 5391 eccl.
1321 5299 1701 5404 Francor.,\ad
1727 5353 1860 5390 ann.
1885 5339 2006 5400 581,
2033 5337 2065 5409 §
2094 5342 2141 5406 1,

530 5406 668 5472 tom.
700 5404 764 5470 ll,
794 5419 922 5472 pag.
949 5407 1073 5459 220.

1061 5445 1130 5547 tle
1155 5477 1208 5530 la
1232 5479 1442 5544 Franc.,
1466 5481 1604 5530 tom.
1630 5444 1716 5544 111,
1747 5494 1805 5547 p.
1834 5479 1958 5532 400.

625 5549 666 5609 c)
695 5543 921 5617 Chiiﬂ.,_
948 5545 1164 5613 praefat.
1212 5548 1282 5602 ad
1330 5543 1485 5617 Marii
1533 5543 1767 5616 Chrom,
1809 5548 1960 5602 inter
2005 5549 2138 5603 Hist.

528 5613 798 5689 Francor.
822 5615 1386 5689 scriptor.,_Duchén.,
1414 5613 1554 5672 tom.
1589 5620 1629 5686 1,
1658 5635 1715 5689 p.
1744 5613 1868 5672 210.

601 5683 678 5753 (d)
707 5683 908 5753 Coint.,
931 5683 1046 5741 loc.
1075 5683 1169 5740 cit.

523 5748 668 5880 4799]
687 5748 1040 5828 Vales.,'Rer.
1071 5757 1268 5811 Franc.
1298 5755 1396 5810 lib.
1428 5771 1540 5822 1m,
1573 5761 1710 5811 tom.
1729 5758 1795 5824 ll,
1817 5773 1986 5829 pagg.
2017 5759 2141 5814 464-

596 5895 660 5967 V)
690 5896 856 5953 Cone.
881 5902 1018 5954 tom.
1051 5898 1134 5964 Vl,
1164 5911 1222 5969 p.
1252 5898 1374 5967 680,
1407 5896 1538 5953 edit.
1580 5899 1596 5950 1
1633 5897 1765 5954 Vcn.
1797 5896 1964 5954 Labb.

2235 2125 2356 2196 ejus
2396 2125 2744 2181 mentionem
2783 2124 3213 2197 praetermisisse
3250 2123 3313 2179 in
3345 2141 3452 2178 suo
3479 2123 3920 2196 Martyrologio

2237 2219 2516 2273 Gallicana
2545 2237 2559 2273 :
2589 2219 2736 2289 quod
2761 2223 2947 2273 tamen
2975 2217 3241 2290 praestitit
3263 2217 3726 2271 eruditissimus
3745 2217 3920 2274 Clau-

2237 2311 2362 2364 dius
2410 2312 2754 2365 Castellanus
2782 2312 2876 2381 (h).
2929 2312 3212 2366 Caeterum
3257 2309 3413 2364 beati
3465 2309 3647 2364 Marii
3703 2326 3924 2380 corpus

2237 2403 2540 2457 Lausannae
2583 2404 2870 2473 sepultum
2913 2409 2996 2457 est
3034 2404 3094 2456 in
3135 2403 3258 2456 aeda
3281 2402 3467 2456 sancti
3497 2402 3756 2473 Thyrsi,
3793 2419 3924 2473 qum

2238 2500 2426 2564 postea
2451 2495 2626 2550 sancti
2665 2495 2818 2550 Marii
2844 2512 3054 2549 nomen
3087 2496 3328 2566 accepit.
3357 2497 3488 2550 Haec
3519 2495 3750 2566 paucis
3783 2513 3920 2548 con-

2240 2589 2474 2666 trahunt
2515 2587 2792 2642 Adrianus
2822 2587 3066 2641 Valesius
3093 2589 3144 2654 (ι)
3177 2593 3232 2641 et
3267 2587 3538 2642 Cointius
3571 2589 3665 2656 ω.
3728 2589 3925 2643 Latius

2237 2681 2410 2734 refert
2452 2681 2760 2750 Basnagius
2789 2680 2896 2750 1k);
2937 2680 3036 2750 qui
3084 2679 3256 2733 verbo
3307 2685 3482 2734 tenus
3539 2681 3924 2738 Chifﬂetium

2237 2773 2576 2840 exscribens,
2604 2789 2904 2842 suppresso
2931 2777 3124 2826 tamen
3164 2773 3288 2842 ejus
3329 2774 3610 2840 nomine,
3643 2775 3924 2830 bifariam

2239 2870 2408 2933 errat,
2436 2880 2685 2918 asserens
2712 2863 3031 2918 interfuisse
3062 2865 3300 2918 Marium
3346 2865 3606 2920 concilio
3651 2869 3924 2922 Matisco-

2237 2957 2400 3012 nensi
2441 2973 2514 3025 ιν,
2559 2957 2791 3028 ejusque
2831 2956 3150 3012 Chronicon
3193 2957 3264 3010 ab
3307 2975 3464 3014 anno
3508 2961 3633 3014 465
3686 2961 3926 3017 initium

2241 3050 2464 3104 ducere.

2310 3145 2374 3198 II.
2403 3143 2658 3214 Episcopi
2707 3143 2877 3214 hujus
2917 3143 3302 3198 Aventicensis
3351 3161 3549 3200 unum
3581 3148 3927 3203 Chronicon

2240 3241 2512 3305 superest,
2545 3236 2781 3290 strictim
2803 3241 3133 3290 contextum
3162 3254 3196 3290 a
3220 3242 3488 3308 tempore
3521 3257 3654 3310 quo
3675 3244 3928 3313 Prosper

2241 3329 2498 3382 desierat.
2555 3329 2757 3398 Incipit
2797 3334 2988 3382 autem
3033 3329 3104 3382 ab
3141 3346 3291 3383 anno
3337 3331 3564 3386 Christi
3615 3336 3760 3401 455,
3817 3353 3929 3406 quo

2242 3423 2445 3474 levatus
2471 3427 2544 3474 est
2568 3422 2766 3475 Avitus
2798 3423 3093 3491 imperator
3115 3425 3175 3476 in
3205 3424 3446 3486 Gallias,
3477 3440 3686 3496 usque
3721 3428 3796 3481 ad
3823 3445 3926 3482 an-

2240 3529 2380 3567 num
2410 3516 2531 3581 581,
2560 3529 2672 3582 quo
2721 3515 3044 3568 Mummolus
3077 3517 3352 3584 patricius
3378 3516 3531 3586 fuga
3563 3535 3631 3572 se
3665 3523 3926 3576 Avenio-

2239 3621 2372 3658 nem
2413 3605 2642 3674 recepit,
2684 3621 2824 3659 anno
2849 3609 2881 3660 2
2922 3609 3230 3662 aemulatus
3284 3609 3500 3663 Tiberii
3557 3613 3930 3669 Constantini

2241 3699 2492 3764 Augusti,
2523 3698 2814 3752 indictione
2851 3700 2936 3752 14.
2963 3699 3124 3763 Quod
3161 3699 3366 3754 itidem
3407 3709 3625 3758 narrat
3657 3705 3929 3776 ejusdem

2242 3791 2345 3842 arvi
2381 3789 2619 3859 scriptor
2661 3791 2964 3860 Gregorius
3007 3792 3354 3846 Turonensis
3385 3793 3445 3865 (ι)
3478 3812 3495 3862 ;
3554 3799 3744 3868 cujus
3795 3817 3928 3869 pm-

2242 3887 2436 3951 pterea
2477 3881 2768 3935 historiam
2819 3883 3235 3955 chronologicis
3277 3887 3431 3940 notis
3474 3889 3625 3944 satis
3679 3893 3929 3947 destitu-

2241 3979 2378 4039 tam,
2419 3990 2598 4045 eoque
2641 3975 3048 4044 obscuriorem,
3096 3978 3140 4031 si
3191 3979 3322 4048 quis
3366 3995 3511 4034 cum
3570 3983 3930 4055 hujusmodi

2241 4066 2394 4120 Marii
2413 4068 2679 4136 opusculo
2703 4068 3004 4138 diligenter
3025 4071 3354 4140 contulerit,
3386 4089 3458 4126 ex
3497 4091 3573 4129 eo
3615 4078 3929 4133 enimvero

2243 4159 2421 4212 eidem
2453 4159 2706 4214 Historiae
2726 4161 3084 4231 Gregoriante
3102 4179 3374 4234 magnam
3405 4165 3615 4223 lucem
3649 4173 3930 4226 accedere

2243 4251 2408 4320 plane
2457 4251 2776 4321 intelliget:
2816 4270 2942 4323 quae
2973 4261 3056 4309 est
3092 4257 3374 4311 sententia
3421 4262 3654 4330 saepius
3709 4265 3929 4319 laudati

2244 4343 2528 4409 Chifﬂetii,
2574 4345 2664 4398 cui
2693 4346 2939 4400 concinit
2987 4351 3043 4400 et
3088 4349 3352 4404 Cointius
3399 4352 3518 4422 (τη).
3587 4357 3822 4411 Verum
3865 4359 3929 4412 de

2243 4437 2474 4506 hujusce
2487 4437 2752 4491 Chronici
2777 4439 2958 4508 pretio
2986 4439 3175 4509 ipsum
3195 4441 3602 4502 clarissimum
3637 4451 3928 4506 editorem

2243 4529 2604 4582 disserentem
2633 4530 2830 4584 audire
2847 4536 3080 4601 praestat
3109 4549 3122 4586 :
3152 4555 3178 4582 ‹‹
3211 4535 3590 4594 Desideratus
3619 4550 3717 4597 est
3744 4545 3930 4598 hacte-

2244 4637 2370 4688 nus,
2387 4621 2590 4692 inquit,
2619 4622 2888 4693 antiquus
2915 4625 3294 4697 scriptor-,qui
3322 4629 3632 4689 occidenti
3664 4637 3929 4692 Romano

2244 4713 2418 4767 veteri
2465 4714 2703 4785 imperio
2733 4715 2905 4769 funus
2949 4717 3201 4787 duceret,
3231 4721 3334 4790 qui
3377 4721 3804 4784 barbarorum
3841 4732 3930 4784 illa

2243 4812 2518 4876 tempora,
2568 4808 2882 4877 provincias
2930 4810 3174 4865 Romani
3214 4813 3367 4882 juris
3438 4820 3644 4875 armis
3698 4823 3928 4878 arbitris

2244 4898 2394 4953 inter
2436 4915 2493 4952 se
2549 4898 2920 4954 dividentium
2970 4902 3319 4974 illustraret;
3375 4909 3482 4978 qui
3528 4911 3924 4978 Francorum,

2245 4991 2734 5062 Burgundionum,
2753 4993 3180 5066 Gothorumque
3197 5015 3410 5068 regum
3444 5008 3746 5064 veterum
3775 5026 3927 5064 exor-

2243 5083 2354 5148 dia,
2384 5100 2474 5138 res
2495 5090 2697 5153 gestas,
2726 5085 3028 5158 obitusque
3055 5089 3286 5158 optimis
3322 5096 3692 5164 temporum
3725 5103 3924 5157 chara-

2243 5171 2488 5226 cteribus
2510 5173 2886 5245 consignaret.
2919 5176 2986 5230 Et
3009 5177 3200 5232 nescio
3229 5179 3374 5250 quid
3388 5181 3704 5244 libaverat
3734 5197 3928 5246 auctor

2315 5339 2384 5408 (g)
2424 5339 2688 5407 Chifﬂet.,
2719 5341 2824 5396 loc.
2856 5341 2952 5397 cit.

2315 5409 2386 5536 δὴ)
2416 5411 2490 5464 M.
2521 5410 2821 5492 Chatelain,
2850 5413 3133 5492 Martyrol.
3162 5415 3418 5472 univers.
3451 5437 3610 5495 pag.
3650 5430 3790 5484 663,

2334 5479 2370 5536 ὑ
2400 5480 2602 5536 Vales..
2629 5482 2740 5536 loc.
2770 5488 2888 5536 c1t..
2917 5482 3015 5536 11b.
3040 5500 3158 5536 xm.
3193 5502 3328 5536 nam
3366 5491 3501 5536 2'74-

2334 5479 2370 5558 ι)
2400 5480 2602 5558 Yales.,
2629 5482 2740 5558 loc.
2770 5483 2888 5558 cit.,
2917 5479 3015 5537 lib'.
3040 5500 3158 5550 xm,
3193 5502 3328 5558 pag.
3366 5479 3502 5546 2'75.

2313 5550 2372 5620 (j)
2399 5550 2604 5620 Coint.,
2631 5551 2736 5606 loc.
2763 5553 2856 5606 cit.

2315 5618 2379 5714 Qa)
2401 5618 2896 5714 ‘lzasnagunltnnal.
2926 5624 3084 5679 Polit.
3117 5626 3278 5696 eccl.,
3313 5629 3386 5683 ad
3419 5648 3571 5690 ann.
3604 5641 3809 5714 581,§
3841 5649 3915 5705 10.

2239 5694 2375 5762 tum.
2401 5693 2488 5755 ιιι,
2519 5708 2646 5762 pag.
2681 5694 2802 5748 874.

2311 5761 2993 5853 gI)\Grreg.1Turon.,_‘Hist.
3024 5765 3224 5853 Eranc.
3252 5768 3357 5825 lib.
3383 5788 3460 5847 η,
3493 5793 3637 5853 cap.
3679 5787 3734 5842 ι,

2311 5819 2396 5902 (νὴ)
2425 5819 2628 5903 (ὶοίἱιιη
2657 5833 2764 5889 loc.
2795 5819 2912 5904 cit.,
2941 5850 2999 5907 ρ.
3027 5819 3152 5892 219;

3549 6027 4008 6432 sl
