4022 6398
110 415 202 469 793
1581 415 1962 471 CHRONICON
1971 453 1982 467 .

3355 413 3457 468 794

109 516 428 592 appendicis
481 517 557 575 ad
605 516 993 576 Marcellinum
1043 517 1310 575 comitem
1337 535 1351 574 :
1392 519 1489 575 sed
1531 519 1580 575 is
1621 521 1733 575 huc
1754 534 1814 608 Α
1832 524 1941 588 tos,
1969 520 2056 574 vel
2081 517 2152 574 ob
2172 533 2263 574 res
2291 533 2359 574 ex
2388 517 2594 591 quibus
2623 521 2858 589 constat,
2889 517 2976 574 vel
3007 521 3239 590 propter
3260 520 3454 574 aucto-

108 628 278 684 usque
306 613 387 667 ita
426 613 776 669 deformatus
809 613 870 668 in
913 613 1204 686 publicum
1244 612 1474 686 prodiit,
1511 617 1577 668 ut
1603 630 1735 670 cum

106 707 274 761 trium
301 706 584 762 duntaxat
609 707 857 762 Francise
883 723 1086 779 regum
1105 707 1289 762 exitus
1311 706 1728 778 perstrinxerit,

107 799 444 855 Childeberti
483 800 718 870 quidem
785 800 1024 856 senioris
1081 801 1298 856 obitum
1364 817 1515 855 anno
1574 816 1728 869 uno;

109 893 370 950 Chramni
393 909 536 948 vero
557 894 792 963 caedem,
822 897 945 948 tum
971 893 1138 949 etiam
1157 893 1535 949 Theodebaldi
1562 893 1733 948 inter-

109 987 263 1054 itum,
293 986 535 1041 biennio
573 989 904 1042 antevertat.
937 987 1104 1041 Plura
1126 987 1184 1042 id
1211 1003 1390 1058 genus
1411 990 1468 1041 et
1495 987 1732 1057 diligen-

109 1079 211 1134 tius
253 1078 314 1133 in
365 1079 476 1134 hoc
525 1081 795 1151 opusculo
839 1080 1100 1135 adnotata
1147 1081 1324 1152 leges.
1379 1080 1730 1135 Thesaurum

109 1171 250 1226 hunc
287 1171 359 1226 ad
386 1172 539 1226 hanc
574 1188 756 1244 usque
793 1173 944 1227 diem
981 1172 1289 1242 defossum,
1327 1189 1391 1226 ac
1419 1188 1492 1227 ne
1517 1171 1725 1244 quassi-

112 1267 224 1318 tum
261 1265 520 1335 quidem,
573 1265 718 1320 forte
769 1265 1116 1321 membranae
1151 1265 1542 1320 vetustissimae
1587 1264 1730 1320 mihi

110 1357 448 1426 objecerunt,
480 1358 822 1430 inscripmm
852 1359 1021 1414 Mario
1059 1358 1337 1430 episcopo.
1366 1360 1544 1422 Quem
1567 1362 1632 1412 ut
1669 1357 1728 1413 in

106 1451 502 1523 persequendis
561 1452 1030 1523 Burgundionum
1093 1453 1261 1507 rebus
1322 1451 1728 1506 accuratiorem

108 1545 230 1612 vidi,
256 1561 319 1599 ac
331 1543 681 1600 nominatim
705 1545 765 1600 in
780 1545 1048 1601 Vallensis
1059 1546 1182 1616 agri
1203 1545 1275 1600 ad
1290 1545 1478 1600 lacum
1499 1545 1729 1599 Leman-

107 1653 256 1704 num,
279 1637 778 1710 ﬁnitimorumque
800 1639 1222 1709 Agaunensium
1243 1637 1626 1692 describendis
1641 1653 1728 1691 ca-

107 1730 264 1799 sibus,
280 1731 549 1801 expensis
571 1747 768 1787 rernm
789 1731 1067 1800 omnium,
1082 1730 1350 1799 nominis,
1367 1729 1722 1798 conditionis,

105 1823 346 1878 locorum
371 1829 819 1896 temporumque
832 1824 919 1894 adj
928 1825 1126 1893 unctis,
1153 1840 1268 1878 non
1293 1822 1565 1892 dubitavi,
1587 1823 1726 1894 quin

1830 615 1907 670 ris
1937 615 2333 686 antiquitatem
2362 631 2378 682 ;
2419 614 2518 685 qui
2541 613 2806 669 videlicet
2833 614 3072 670 Heraclii
3101 613 3456 684 imperatoris

1831 723 1981 762 anno
2025 708 2110 773 14,
2139 707 2367 762 Clotarii
2418 723 2586 778 porro
2637 707 2869 762 secundi
2916 708 3256 762 Francorum
3302 707 3454 779 regis

1829 816 1978 854 anno
2024 802 2112 869 40,
2145 800 2250 854 hoc
2277 805 2360 855 est
2411 815 2562 854 anno
2591 799 2797 854 Christi
2824 802 2925 854 623
2952 803 3053 854 aut
3089 799 3191 854 624
3220 815 3345 853 eam
3393 815 3452 854 se

1830 891 2221 963 conscripsisse
2275 891 2572 965 signiﬁcat.
2604 913 2633 942 »
2689 893 2771 947 Ex
2813 893 2921 946 hac
2961 908 3096 946 sane
3138 891 3452 963 appendice

1829 986 2069 1058 dignum
2094 985 2310 1040 censuit
2327 987 2480 1058 quod
2505 986 2844 1040 exscriberet
2870 984 3210 1040 clarissimus
3236 985 3448 1040 Huina-

1828 1079 2048 1135 nartius
2069 1084 2398 1152 excerptum
2413 1080 2482 1135 de
2505 1083 2687 1134 morte
2717 1077 3088 1134 Brunichildis
3117 1079 3330 1151 reginae
3362 1079 3452 1150 (ὁ),

1828 1173 1899 1227 ad
1956 1172 2355 1227 illustrandum
2413 1171 2686 1227 nimirum
2760 1171 3081 1242 Fredegarii
3133 1172 3452 1228 Scholastici

1827 1265 2147 1321 Chronicon
2171 1265 2272 1320 ubi
2298 1281 2363 1320 ea
2389 1265 2458 1320 de
2477 1281 2539 1320 re
2571 1265 2781 1322 mentio
2809 1265 2894 1335 (c),
2926 1265 3183 1320 Historiae
3212 1265 3448 1320 Franco-

1827 1373 1959 1412 rum
1985 1357 2239 1428 Gregorii
2260 1357 2598 1412 Turonensis
2613 1357 2948 1429 subjectum.
2967 1357 3224 1412 Notanda
3237 1373 3368 1412 vero
3391 1358 3450 1413 in

1825 1451 2028 1523 primis
2052 1467 2333 1506 annorum
2358 1467 2578 1505 summa
2602 1467 2774 1522 quam
2803 1451 2872 1505 ab
2900 1449 3130 1506 exordio
3159 1451 3361 1505 mundi
3379 1451 3450 1505 ad

1826 1560 1985 1598 suam
2005 1561 2183 1615 usque
2203 1548 2426 1600 aetatem
2440 1549 2789 1599 contractam
2809 1545 2880 1599 ad
2902 1544 3076 1599 finem
3101 1561 3215 1598 suae
3239 1561 3452 1615 appen-

1826 1637 1961 1692 dicis
1981 1637 2211 1713 exhibet
2228 1637 2320 1692 hic
2335 1653 2651 1708 anonymus
2669 1641 2885 1707 auctor,
2903 1637 3306 1692 conferendam
3319 1653 3450 1693 cum

1825 1729 2113 1800 superiore
2141 1746 2317 1800 quam
2342 1746 2412 1784 ex
2435 1729 2605 1785 Mario
2633 1730 2990 1786 Aventicensi
3021 1716 3442 1801 descripsimus.

1826 1821 1911 1877 Sic
1935 1822 2092 1876 enim
2121 1823 2216 1876 ille
2245 1838 2258 1876 :
2285 1825 2448 1878 Fiunt
2470 1825 2660 1892 igitur,
2681 1823 2888 1894 inquit,
2921 1824 2988 1876 ab
3012 1823 3231 1894 exordio
3259 1824 3452 1878 mundi

104 1916 146 1969 is
170 1916 284 1987 ipse
309 1921 457 1972 esset
497 1917 706 1973 Marius
748 1917 1128 1972 Aventicensis
1174 1932 1272 1972 seu
1317 1896 1802 1971 LausannensisB
1824 1931 1990 1984 usque
2040 1917 2100 1969 in
2145 1917 2348 1970 Herum
2392 1922 2728 1986 prmsentem,
2756 1917 2814 1970 id
2859 1921 2956 1979 est,
2995 1917 3234 1972 Heraclii
3285 1917 3368 1982 14,
3398 1919 3451 1972 et

107 2010 408 2081 episcopus.
437 2032 464 2059 »
499 2012 786 2065 Hactenus
810 2010 897 2064 vir
933 2010 1202 2065 eruditus.

167 2104 252 2157 Ill.
281 2104 358 2159 De
395 2104 602 2159 eodem
643 2103 922 2158 Chronico
953 2103 1121 2158 verba
1164 2103 1432 2157 facientes
1469 2103 1724 2157 Historiae

106 2195 378 2250 litterariae
405 2196 636 2252 Gallicae
651 2199 924 2264 auctores,
954 2195 1137 2266 primo
1157 2195 1456 2250 advertunt
1481 2194 1551 2266 [a)
1578 2195 1638 2250 in
1658 2212 1724 2250 eo

106 2289 255 2358 plura
289 2289 433 2344 scitu
470 2290 647 2360 digna
687 2305 1000 2357 occurrere,
1031 2305 1158 2360 quae
1187 2288 1320 2342 alibi
1343 2288 1552 2342 frustra
1576 2305 1724 2359 quaa-

107 2386 292 2436 rantur
317 2399 333 2450 ;
363 2382 575 2438 deinde
602 2383 749 2436 illius
763 2381 1098 2452 scriptorem
1114 2381 1172 2435 in
1189 2381 1386 2435 mundi
1411 2381 1572 2434 annis
1585 2397 1720 2452 sup-

105 2475 359 2545 putandis
389 2492 525 2530 eam
571 2475 761 2530 iniisse
807 2474 1105 2542 rationem,
1144 2474 1234 2528 cui
1273 2474 1517 2544 pressius
1559 2473 1719 2528 dein-

107 2584 224 2638 ceps
247 2567 474 2623 inhaesit
487 2568 800 2637 Gregorius
823 2567 1166 2623 Turonensis
1188 2583 1202 2621 :
1223 2567 1474 2636 illudque
1493 2571 1722 2637 praeter-

107 2677 162 2714 ea
205 2661 542 2730 observant,
580 2661 816 2715 Marium
846 2649 906 2715 ni
943 2677 1068 2716 eam
1107 2659 1456 2714 descendisse
1494 2661 1720 2714 senten-

107 2755 248 2823 tiam,
279 2759 343 2809 ut
385 2753 730 2809 existimarit
753 2771 788 2808 α
807 2756 1076 2824 principio
1102 2754 1294 2808 mundi
1335 2768 1502 2822 usque
1528 2754 1604 2806 ad
1628 2769 1724 2806 an-

106 2863 223 2901 num
263 2851 504 2918 primum
551 2848 857 2902 consulatus
916 2849 1118 2903 Justim‘
1171 2848 1411 2901 Junioris
1461 2847 1718 2914 Augusti,

109 2940 282 2994 indz'ct.
308 2945 392 3007 t5,
418 2940 475 2994 id
503 2945 612 3009 est,
640 2957 818 3011 usque
845 2940 913 2994 ad
953 2956 1168 2994 annum
1199 2942 1298 2993 567
1324 2955 1500 2992 annos
1519 2955 1719 2992 excur-

105 3034 230 3088 risse
256 3049 626 3090 vuncccxvlu.
671 3035 762 3087 His
803 3038 992 3088 autem
1030 3032 1267 3102 aliisque
1297 3031 1717 3099 animadversis,

107 3126 402 3182 admonent
428 3127 490 3182 in
522 3142 778 3182 errorem
812 3125 1114 3197 aliquando
1147 3125 1318 3179 fuisse
1354 3125 1573 3194 lapsum
1617 3140 1718 3186 au-

107 3225 323 3275 ctorem.

171 3313 249 3366 IV.
273 3312 536 3367 Praesulis
568 3311 744 3365 nostri
769 3310 1151 3366 Aventicensis
1177 3309 1451 3366 Chronico
1489 3309 1717 3379 subjici-

105 3409 188 3458 tur
211 3405 515 3476 appendix,
551 3405 621 3458 de
647 3421 758 3475 qua
791 3404 912 3458 htec
959 3403 1276 3458 Chifﬂetius
1306 3419 1318 3456 :
1353 3422 1381 3454 α
1409 3402 1564 3466 Quod
1590 3417 1716 3472 spe-

104 3503 204 3551 ctat
231 3499 302 3552 ad
338 3499 494 3553 Marii
522 3497 894 3569 appendicem
927 3513 1098 3568 quam
1133 3513 1200 3550 ex
1248 3496 1450 3550 iisdem
1475 3493 1720 3564 antiquis

103 3591 434 3646 membranis
462 3590 871 3661 excerpsimus,
898 3589 1237 3644 contractior
1260 3589 1356 3644 illa
1383 3587 1616 3658 quidem
1638 3590 1722 3640 est

102 3699 261 3752 quam
291 3685 609 3756 optandum
655 3686 819 3751 esset,
847 3699 952 3736 nec
981 3687 1200 3736 certum
1227 3681 1470 3735 auctoris
1509 3695 1720 3734 nomen

102 3778 336 3846 praefert.
371 3779 553 3833 Suum
575 3781 768 3830 tamen
809 3775 1056 3847 pretium
1093 3773 1321 3828 habebit
1343 3773 1493 3844 apud
1521 3772 1713 3827 erudi-

168 3919 237 3990 (a)
265 3924 404 3977 Hist.
435 3922 606 3976 littér.
640 3920 706 3974 de
744 3921 799 3974 la
823 3923 1044 3982 Franc.,
1071 3916 1311 3990 loctcit.
1341 3916 1628 3990 pag._4t)l.

168 3988 557 4061 (b)Huinart.,
616 3991 675 4044 in
741 3990 986 4062 append.
1044 3989 1112 4043 ad
1173 3989 1404 4058 Gregor.
1473 3988 1718 4052 Turon.,

103 4078 226 4204 pati}
255 4066 512 4204 Eigdeg”
567 4131 776 4186 Chron.
827 4147 950 4203 cap.
1002 4130 1091 4200 42,
1121 4147 1180 4200 p.
1227 4131 1350 4196 523,
1399 4127 1532 4183 edit.
1582 4128 1718 4182 Gre-

1741 3255 1794 3328 C

1825 2009 2190 2066 Chlothacarii
2210 2011 2352 2076 regis
2376 2024 2578 2062 annum
2602 2009 2690 2076 40,
2723 2011 2858 2062 anni
2887 2023 3230 2064 vnncccxxn.

1894 2102 1956 2154 V.
1980 2101 2097 2155 Erit
2130 2101 2362 2154 fortasse
2388 2116 2490 2154 cur
2515 2100 2801 2172 quispiam
2830 2101 3074 2155 miretur
3100 2099 3446 2172 praetermis-

1823 2208 1951 2246 sum
1987 2209 2021 2246 a
2044 2192 2290 2248 Gerardo
2314 2193 2532 2247 ‘Joanne
2580 2193 2789 2257 Vossio,
2825 2197 3026 2248 caetera
3065 2192 3446 2260 solertissimo,

1821 2291 2079 2340 nostrum
2106 2286 2629 2356 chronographum,
2648 2285 2800 2340 haud
2817 2290 2968 2341 certe
2991 2286 3291 2357 imparem,
3316 2302 3450 2356 quo-

1821 2377 1990 2432 modo
2021 2377 2167 2431 mihi
2197 2378 2534 2448 persuadeo,
2561 2379 2853 2449 Prospero,
2884 2377 3082 2444 ldacio,
3129 2377 3446 2433 Marcellino

1822 2469 2032 2539 comiti,
2065 2470 2270 2524 Victori
2311 2471 2661 2539 Tununensi,
2692 2469 2898 2524 Joanni
2935 2469 3259 2525 Biclariensi
3290 2470 3442 2525 aliis-

1821 2579 1952 2634 que,
1985 2563 2053 2617 de
2085 2562 2290 2633 quibus
2316 2563 2410 2617 ille
2441 2563 2611 2618 verba
2637 2563 2770 2618 facit
2795 2563 2854 2616 in
2882 2563 3038 2617 libris
3068 2563 3136 2618 dc
3159 2563 3446 2617 Historicis

1822 2655 2046 2710 Latinis.
2067 2655 2270 2726 -Neque
2307 2671 2441 2710 vero
2481 2655 2810 2726 hujusmodi
2847 2655 3074 2710 chasma
3101 2671 3166 2708 eo
3190 2655 3250 2709 in
3275 2671 3446 2726 opere

1822 2747 2224 2818 complendum
2262 2748 2476 2803 curavit
2524 2748 2759 2804 Sandius
2784 2747 2844 2802 in
2887 2747 3000 2802 suis
3030 2747 3445 2819 Supplementis

1822 2839 2104 2894 Vossianis
2133 2856 2146 2893 :
2181 2840 2334 2910 quod
2364 2843 2576 2909 tamen,
2622 2841 2814 2912 paucis
2840 2840 2988 2909 licet,
3016 2841 3279 2911 praestitit
3309 2841 3439 2894 Hal-

1819 2933 2133 2987 lervordius
2167 2934 2260 3002 (ιι).
2306 2934 2556 2988 Mirseum
2599 2938 2874 3004 prmtereo
2899 2934 3252 3004 Caveumque
3277 2939 3447 3006 atque

1821 3025 2132 3094 Oudinum,
2161 3025 2258 3096 qui
2279 3026 2348 3080 de
2379 3032 2571 3081 nostro
2599 3026 2868 3097 scriptore
2894 3026 3036 3080 nihil
3060 3026 3212 3093 novi,
3235 3031 3446 3098 praeter

1821 3133 1884 3173 ea
1913 3135 2042 3190 quae
2068 3137 2134 3172 ex
2187 3119 2466 3174 Chifﬂetio
2519 3120 2888 3190 exscripsere,
2915 3119 2974 3174 in
3013 3119 3265 3174 medium
3307 3119 3442 3173 affe-

1820 3216 1972 3266 runt.
2005 3211 2089 3265 Ad
2119 3211 2428 3266 editionem
2455 3218 2709 3266 nostram
2728 3213 2877 3284 quod
2905 3212 3128 3278 attinet,
3161 3228 3286 3266 eam
3317 3211 3441 3266 dili-

1821 3307 2023 3374 genter
2053 3304 2346 3374 exegimus
2374 3305 2444 3358 ad
2474 3321 2646 3358 uuam
2678 3305 2828 3362 Petri
2858 3304 3130 3358 Francisci
3159 3304 3444 3373 Chifﬂetii,

1819 3396 1916 3468 qui
1944 3396 2101 3452 Marii
2141 3397 2459 3450 Chronicon
2485 3414 2552 3450 ex
2583 3404 2907 3467 pervetusto
2938 3396 3140 3451 Codice
3188 3413 3294 3451 ms.
3322 3397 3440 3468 pri-

1821 3506 1948 3543 mus
1987 3489 2044 3542 in
2069 3488 2254 3542 lucem
2281 3489 2454 3543 edidit
2476 3490 2626 3544 inter
2655 3489 2907 3544 Historia:
2934 3490 3275 3543 Francorum
3304 3489 3440 3544 scri-

1819 3587 2008 3652 ptores
2041 3587 2369 3648 coaetaneos,
2403 3598 2574 3651 opera
2598 3587 2654 3636 et
2682 3581 2868 3636 studio
2899 3581 3142 3636 Andreas
3171 3583 3247 3637 du
3271 3581 3442 3637 Chéne

1819 3689 1969 3728 anno
1997 3677 2128 3728 1636
2155 3673 2390 3728 Lutetia:
2417 3673 2756 3728 Parisiorum
2794 3673 3098 3744 evulgatos.

1823 3915 2158 3986 gorTuron.
2527 3983 2538 3986 _
2770 3985 2788 3986 ί
2875 3985 2880 3986 ν
3007 3940 3026 3956 ι
3221 3910 3226 3914 κ

1823 3983 1860 4108 ὲ
1893 3985 2258 4109 ξλῐίᾶηθιτγη
2292 3985 2482 4056 Spicil.
2511 3983 2580 4040 de
2605 3983 2744 4040 Hist.
2768 3985 2973 4054 Latin.,
2995 4001 3126 4056 pag.
3149 3989 3274 4056 759,
3303 3983 3438 4040 edit.

1865 4072 1898 4109 a
1939 4072 2036 4110 nc.

1493 4387 2043 4547 manu

1293 4613 1859 4681 AVENTICENSIS
1903 4613 2257 4679 EPISCOPI

1102 4763 2433 4984 CHWON.

173 5069 339 5138 Usque
355 5070 441 5124 hic
461 5072 689 5138 Prosper
708 5086 724 5122 :
743 5085 860 5138 qua
881 5073 1175 5138 sequuntur
1191 5069 1404 5124 Marius
1423 5069 1716 5137 episcopus.
1736 5049 1797 5122 Ι)

166 5161 402 5217 Consule
427 5178 597 5233 supra
612 5162 817 5232 scripto
843 5163 1056 5216 levatus
1083 5166 1168 5216 est
1193 5161 1386 5216 Avitus
1406 5160 1719 5230 imperator

103 5250 154 5304 in
185 5253 382 5308 Gallias
415 5271 429 5309 :
461 5259 516 5310 et
539 5254 828 5326 ingressus
853 5260 938 5310 est
969 5254 1349 5310 Theodericus
1377 5269 1476 5308 rex
1503 5253 1714 5307 Gotho-

101 5359 226 5399 rum
253 5347 475 5402 Arelato
503 5365 635 5402 cum
659 5347 926 5403 fratribus
949 5348 1064 5403 suis
1089 5347 1148 5402 in
1175 5362 1333 5418 pace.

168 5437 424 5494 JOANNE
453 5441 538 5495 ET
563 5442 860 5496 VARANA.

169 5527 258 5582 His
299 5529 627 5585 consulibus
663 5531 912 5601 dejectus
967 5531 1052 5584 est
1095 5525 1294 5582 Avitus
1343 5526 1656 5598 imperator
1683 5543 1715 5580 a

101 5617 399 5689 Majoriano
425 5625 484 5676 et
524 5622 807 5678 Ricimere
846 5621 1144 5687 Placentia,
1189 5625 1246 5676 et
1269 5619 1447 5674 factus
1479 5621 1564 5672 est
1591 5618 1712 5690 epi-

102 5728 297 5783 scopus
324 5716 386 5768 in
413 5714 652 5770 civitate.

169 5806 244 5859 Eo
271 5823 418 5861 anno
450 5808 879 5880 Burgundiones
913 5811 1138 5880 partem
1171 5807 1360 5863 Gallias
1405 5821 1712 5876 occupave-

105 5905 250 5964 runt,
277 5905 570 5975 terrasque
597 5917 726 5960 cum
751 5901 916 5959 Gallis
943 5902 1295 5959 senatoribus
1315 5901 1639 5959 diviserunt.

1889 5062 2360 5118 CONSTANTINO
2391 5063 2474 5117 ET
2505 5062 2709 5130 RUFO,

1888 5155 2270 5211 MAJORIANO
2302 5156 2385 5210 ET
2422 5155 2664 5223 LEONE,

1887 5249 2234 5304 RECIMERE
2271 5249 2354 5302 ET
2383 5247 2716 5317 PATRICIO,
3548 5305 3552 5310 ,

1886 5341 2118 5397 MAGNO
2164 5343 2246 5396 ET
2291 5341 2738 5396 APOLLONARE
2784 5341 2890 5411 [Εω
2939 5343 3102 5407 fastis
3147 5341 3438 5398 APOLLO-

3126 5434 3284 5506 N10].

1887 5529 1982 5582 His
2011 5527 2332 5583 consulibus
2361 5527 2697 5599 Majorianus
2723 5527 3028 5600 imperator
3056 5528 3338 5601 profectus
3359 5533 3442 5585 est

1815 5620 1887 5675 ad
1915 5620 2226 5691 Hispanias.
2691 5605 2695 5608 ⁴

1882 5715 1960 5768 Eo
1988 5730 2138 5768 anno
2163 5718 2339 5785 captae
2369 5718 2501 5770 sunt
2517 5731 2688 5770 naves
2715 5733 2750 5770 a
2779 5714 3037 5772 Vandalis
3063 5715 3134 5770 ad
3163 5713 3384 5770 El’ecem
3415 5729 3432 5780 ;

1807 5806 1970 5876 juxta
1992 5807 2329 5878 Carthagine
2356 5807 2656 5878 Spartaria.

1885 5898 2218 5956 SEVEBINO
2251 5901 2334 5954 ET
2365 5899 2763 5956 DAGALAIFO.
