  <div class='ocr_page' id='page_1' title='image "/cluster/home/n/w/nwhite01/storage/ocr_20150623/72/umn.31951002477365o/405.png"; bbox 0 0 4022 6492; ppageno 0'>
   <div class='ocr_carea' id='block_1_1' title="bbox 533 427 3906 499">
    <p class='ocr_par' dir='ltr' id='par_1_1' title="bbox 533 427 3906 499">
     <span class='ocr_line' id='line_1_1' title="bbox 533 427 3906 499; baseline 0.003 -19"><span class='ocrx_word' id='word_1_1' title='bbox 533 427 634 480; x_wconf 74' lang='lat'>795</span> <span class='ocrx_word' id='word_1_2' title='bbox 1662 431 1865 496; x_wconf 74' lang='lat' dir='ltr'>MAR&quot;,</span> <span class='ocrx_word' id='word_1_3' title='bbox 1899 427 2374 485; x_wconf 80' lang='lat' dir='ltr'>AVENTICENSIS</span> <span class='ocrx_word' id='word_1_4' title='bbox 2411 431 2726 499; x_wconf 85' lang='lat' dir='ltr'>EPISCOPI,</span> <span class='ocrx_word' id='word_1_5' title='bbox 3815 436 3906 489; x_wconf 77' lang='lat'><strong>796</strong></span> 
     </span>
    </p>
   </div>
   <div class='ocr_carea' id='block_1_2' title="bbox 599 531 3910 620">
    <p class='ocr_par' dir='ltr' id='par_1_2' title="bbox 599 531 3910 620">
     <span class='ocr_line' id='line_1_2' title="bbox 599 531 3910 620; baseline 0.001 -32"><span class='ocrx_word' id='word_1_6' title='bbox 599 533 692 588; x_wconf 86' lang='lat' dir='ltr'>His</span> <span class='ocrx_word' id='word_1_7' title='bbox 715 533 1032 589; x_wconf 88' lang='lat' dir='ltr'>consulibus</span> <span class='ocrx_word' id='word_1_8' title='bbox 1057 531 1303 606; x_wconf 85' lang='lat' dir='ltr'>dejectus</span> <span class='ocrx_word' id='word_1_9' title='bbox 1329 539 1413 590; x_wconf 88' lang='lat' dir='ltr'>est</span> <span class='ocrx_word' id='word_1_10' title='bbox 1440 536 1770 608; x_wconf 84' lang='lat' dir='ltr'>Majorianus</span> <span class='ocrx_word' id='word_1_11' title='bbox 1801 538 1868 593; x_wconf 89' lang='lat' dir='ltr'>de</span> <span class='ocrx_word' id='word_1_12' title='bbox 1896 537 2138 609; x_wconf 88' lang='lat' dir='ltr'>imperio</span> <span class='ocrx_word' id='word_1_13' title='bbox 2159 547 2218 620; x_wconf 68' lang='grc' dir='ltr'><strong>Α</strong></span> <span class='ocrx_word' id='word_1_14' title='bbox 2239 553 2330 592; x_wconf 90' lang='lat' dir='ltr'>cos</span> <span class='ocrx_word' id='word_1_15' title='bbox 2355 543 2410 592; x_wconf 86' lang='lat' dir='ltr'>et</span> <span class='ocrx_word' id='word_1_16' title='bbox 2451 538 2902 608; x_wconf 81' lang='lat' dir='ltr'>Burgundiones,</span> <span class='ocrx_word' id='word_1_17' title='bbox 2931 535 3271 609; x_wconf 79' lang='lat' dir='ltr'>Godegeselo</span> <span class='ocrx_word' id='word_1_18' title='bbox 3318 536 3430 592; x_wconf 88' lang='lat' dir='ltr'>hoc</span> <span class='ocrx_word' id='word_1_19' title='bbox 3466 534 3682 591; x_wconf 80' lang='lat' dir='ltr'>dolose</span> <span class='ocrx_word' id='word_1_20' title='bbox 3717 544 3910 592; x_wconf 85' lang='lat' dir='ltr'>contra</span> 
     </span>
    </p>
   </div>
   <div class='ocr_carea' id='block_1_3' title="bbox 524 627 3912 702">
    <p class='ocr_par' dir='ltr' id='par_1_3' title="bbox 524 627 3912 702">
     <span class='ocr_line' id='line_1_3' title="bbox 524 627 3912 702; baseline 0.001 -21"><span class='ocrx_word' id='word_1_21' title='bbox 524 627 583 682; x_wconf 89' lang='lat' dir='ltr'>in</span> <span class='ocrx_word' id='word_1_22' title='bbox 611 627 826 681; x_wconf 83' lang='lat' dir='ltr'>civitate</span> <span class='ocrx_word' id='word_1_23' title='bbox 857 629 1096 682; x_wconf 88' lang='lat' dir='ltr'>Bertona</span> <span class='ocrx_word' id='word_1_24' title='bbox 1115 645 1145 681; x_wconf 87' lang='lat' dir='ltr'>a</span> <span class='ocrx_word' id='word_1_25' title='bbox 1172 629 1715 700; x_wconf 80' lang='lat' dir='ltr'>RicimerePatricio,</span> <span class='ocrx_word' id='word_1_26' title='bbox 1738 637 1792 686; x_wconf 90' lang='lat' dir='ltr'>et</span> <span class='ocrx_word' id='word_1_27' title='bbox 1819 631 2142 686; x_wconf 72' lang='lat' dir='ltr'>interfectus</span> <span class='ocrx_word' id='word_1_28' title='bbox 2243 631 2475 685; x_wconf 77' lang='lat' dir='ltr'>fratrem</span> <span class='ocrx_word' id='word_1_29' title='bbox 2506 647 2671 685; x_wconf 89' lang='lat' dir='ltr'>suum</span> <span class='ocrx_word' id='word_1_30' title='bbox 2713 631 3243 702; x_wconf 88' lang='lat' dir='ltr'>Gundobagaudum</span> <span class='ocrx_word' id='word_1_31' title='bbox 3293 629 3718 686; x_wconf 81' lang='lat' dir='ltr'>machinante.</span> <span class='ocrx_word' id='word_1_32' title='bbox 3765 634 3827 688; x_wconf 87' lang='lat' dir='ltr'>In</span> <span class='ocrx_word' id='word_1_33' title='bbox 3853 651 3912 687; x_wconf 88' lang='lat' dir='ltr'>eo</span> 
     </span>
    </p>
   </div>
   <div class='ocr_carea' id='block_1_4' title="bbox 525 721 3909 797">
    <p class='ocr_par' dir='ltr' id='par_1_4' title="bbox 525 721 3909 797">
     <span class='ocr_line' id='line_1_4' title="bbox 525 721 3909 797; baseline 0.001 -22"><span class='ocrx_word' id='word_1_34' title='bbox 525 723 610 776; x_wconf 88' lang='lat' dir='ltr'>est</span> <span class='ocrx_word' id='word_1_35' title='bbox 631 736 800 795; x_wconf 85' lang='lat' dir='ltr'><strong>super</strong></span> <span class='ocrx_word' id='word_1_36' title='bbox 829 722 913 776; x_wconf 88' lang='lat' dir='ltr'>Ira</span> <span class='ocrx_word' id='word_1_37' title='bbox 937 721 1106 776; x_wconf 87' lang='lat' dir='ltr'>ﬂuvio</span> <span class='ocrx_word' id='word_1_38' title='bbox 1128 739 1144 792; x_wconf 85' lang='lat'><strong><em>;</em></strong></span> <span class='ocrx_word' id='word_1_39' title='bbox 1169 725 1224 778; x_wconf 89' lang='lat' dir='ltr'><strong>et</strong></span> <span class='ocrx_word' id='word_1_40' title='bbox 1251 723 1459 778; x_wconf 86' lang='lat' dir='ltr'>levatus</span> <span class='ocrx_word' id='word_1_41' title='bbox 1485 729 1571 779; x_wconf 92' lang='lat' dir='ltr'>est</span> <span class='ocrx_word' id='word_1_42' title='bbox 1586 725 1822 780; x_wconf 81' lang='lat' dir='ltr'>Severus</span> <span class='ocrx_word' id='word_1_43' title='bbox 1837 723 2144 797; x_wconf 84' lang='lat' dir='ltr'>imperator</span> <span class='ocrx_word' id='word_1_44' title='bbox 2243 723 2440 794; x_wconf 65' lang='lat' dir='ltr'>preelio</span> <span class='ocrx_word' id='word_1_45' title='bbox 2457 723 2830 793; x_wconf 83' lang='lat' dir='ltr'>Godegeselus</span> <span class='ocrx_word' id='word_1_46' title='bbox 2848 741 2979 778; x_wconf 90' lang='lat' dir='ltr'>cum</span> <span class='ocrx_word' id='word_1_47' title='bbox 3005 723 3138 792; x_wconf 87' lang='lat' dir='ltr'>suis,</span> <span class='ocrx_word' id='word_1_48' title='bbox 3168 724 3442 778; x_wconf 87' lang='lat' dir='ltr'>adversus</span> <span class='ocrx_word' id='word_1_49' title='bbox 3463 723 3732 779; x_wconf 80' lang='lat' dir='ltr'>fratrem</span> <span class='ocrx_word' id='word_1_50' title='bbox 3754 743 3909 780; x_wconf 90' lang='lat' dir='ltr'>suum</span> 
     </span>
    </p>
   </div>
   <div class='ocr_carea' id='block_1_5' title="bbox 523 817 3909 886">
    <p class='ocr_par' dir='ltr' id='par_1_5' title="bbox 523 817 3909 886">
     <span class='ocr_line' id='line_1_5' title="bbox 523 817 3909 886; baseline 0.002 -18"><span class='ocrx_word' id='word_1_51' title='bbox 523 817 808 874; x_wconf 81' lang='lat' dir='ltr'>Ravenna.</span> <span class='ocrx_word' id='word_1_52' title='bbox 2242 833 2374 870; x_wconf 90' lang='lat' dir='ltr'>cum</span> <span class='ocrx_word' id='word_1_53' title='bbox 2417 817 2638 870; x_wconf 84' lang='lat' dir='ltr'>Francis</span> <span class='ocrx_word' id='word_1_54' title='bbox 2676 817 2960 871; x_wconf 81' lang='lat' dir='ltr'>dimicavit</span> <span class='ocrx_word' id='word_1_55' title='bbox 2990 833 3003 871; x_wconf 90' lang='lat'><strong>:</strong></span> <span class='ocrx_word' id='word_1_56' title='bbox 3037 823 3094 871; x_wconf 86' lang='lat' dir='ltr'><strong>et</strong></span> <span class='ocrx_word' id='word_1_57' title='bbox 3129 818 3398 886; x_wconf 85' lang='lat' dir='ltr'>fugatum</span> <span class='ocrx_word' id='word_1_58' title='bbox 3445 817 3716 871; x_wconf 82' lang='lat' dir='ltr'>fratrem</span> <span class='ocrx_word' id='word_1_59' title='bbox 3751 835 3909 874; x_wconf 87' lang='lat' dir='ltr'>suum</span> 
     </span>
    </p>
   </div>
   <div class='ocr_carea' id='block_1_6' title="bbox 590 909 3907 982">
    <p class='ocr_par' dir='ltr' id='par_1_6' title="bbox 590 909 3907 982">
     <span class='ocr_line' id='line_1_6' title="bbox 590 909 3907 982; baseline 0.001 -18"><span class='ocrx_word' id='word_1_60' title='bbox 590 910 808 965; x_wconf 71' lang='lat' dir='ltr'><strong>LEONE</strong></span> <span class='ocrx_word' id='word_1_61' title='bbox 835 913 880 964; x_wconf 90' lang='lat' dir='ltr'>ll</span> <span class='ocrx_word' id='word_1_62' title='bbox 913 911 996 965; x_wconf 99' lang='lat' dir='ltr'>ET</span> <span class='ocrx_word' id='word_1_63' title='bbox 1027 911 1314 979; x_wconf 82' lang='lat' dir='ltr'>SEVERO,</span> <span class='ocrx_word' id='word_1_64' title='bbox 2240 909 2780 979; x_wconf 84' lang='lat' dir='ltr'>Gundobagaudum,</span> <span class='ocrx_word' id='word_1_65' title='bbox 2813 926 3058 979; x_wconf 79' lang='lat' dir='ltr'><strong>regnum</strong></span> <span class='ocrx_word' id='word_1_66' title='bbox 3083 909 3264 980; x_wconf 81' lang='lat' dir='ltr'>ipsius</span> <span class='ocrx_word' id='word_1_67' title='bbox 3292 909 3606 980; x_wconf 82' lang='lat' dir='ltr'>paulisper</span> <span class='ocrx_word' id='word_1_68' title='bbox 3639 912 3907 982; x_wconf 80' lang='lat' dir='ltr'>obtinuit,</span> 
     </span>
    </p>
   </div>
   <div class='ocr_carea' id='block_1_7' title="bbox 590 1002 3667 1074">
    <p class='ocr_par' dir='ltr' id='par_1_7' title="bbox 590 1002 3667 1074">
     <span class='ocr_line' id='line_1_7' title="bbox 590 1002 3667 1074; baseline 0.001 -18"><span class='ocrx_word' id='word_1_69' title='bbox 590 1004 872 1070; x_wconf 82' lang='lat' dir='ltr'>BASILIO,</span> <span class='ocrx_word' id='word_1_70' title='bbox 904 1005 986 1058; x_wconf 89' lang='lat' dir='ltr'>ET</span> <span class='ocrx_word' id='word_1_71' title='bbox 1013 1005 1306 1060; x_wconf 80' lang='lat' dir='ltr'>BIBIANO.</span> <span class='ocrx_word' id='word_1_72' title='bbox 2242 1007 2298 1057; x_wconf 91' lang='lat' dir='ltr'>et</span> <span class='ocrx_word' id='word_1_73' title='bbox 2320 1002 2808 1074; x_wconf 88' lang='lat' dir='ltr'>Gundobagaudus</span> <span class='ocrx_word' id='word_1_74' title='bbox 2836 1003 3122 1057; x_wconf 83' lang='lat' dir='ltr'>Avenione</span> <span class='ocrx_word' id='word_1_75' title='bbox 3150 1002 3435 1058; x_wconf 85' lang='lat' dir='ltr'>latebram</span> <span class='ocrx_word' id='word_1_76' title='bbox 3467 1003 3667 1058; x_wconf 88' lang='lat' dir='ltr'>dedit.</span> 
     </span>
    </p>
   </div>
   <div class='ocr_carea' id='block_1_8' title="bbox 593 1095 3911 1170">
    <p class='ocr_par' dir='ltr' id='par_1_8' title="bbox 593 1095 3911 1170">
     <span class='ocr_line' id='line_1_8' title="bbox 593 1095 3911 1170; baseline 0.001 -19"><span class='ocrx_word' id='word_1_77' title='bbox 593 1096 684 1151; x_wconf 86' lang='lat' dir='ltr'>His</span> <span class='ocrx_word' id='word_1_78' title='bbox 724 1097 1044 1152; x_wconf 83' lang='lat' dir='ltr'>consulibus</span> <span class='ocrx_word' id='word_1_79' title='bbox 1073 1114 1266 1168; x_wconf 89' lang='lat' dir='ltr'>pugna</span> <span class='ocrx_word' id='word_1_80' title='bbox 1293 1097 1436 1152; x_wconf 86' lang='lat' dir='ltr'>facta</span> <span class='ocrx_word' id='word_1_81' title='bbox 1475 1099 1558 1152; x_wconf 87' lang='lat' dir='ltr'>est</span> <span class='ocrx_word' id='word_1_82' title='bbox 1599 1096 1751 1152; x_wconf 87' lang='lat' dir='ltr'>inter</span> <span class='ocrx_word' id='word_1_83' title='bbox 1774 1098 2059 1170; x_wconf 64' lang='lat' dir='ltr'>:‘Egidium</span> <span class='ocrx_word' id='word_1_84' title='bbox 2086 1102 2143 1153; x_wconf 90' lang='lat' dir='ltr'><strong>et</strong></span> <span class='ocrx_word' id='word_1_85' title='bbox 2311 1096 2386 1149; x_wconf 89' lang='lat' dir='ltr'><strong>Eo</strong></span> <span class='ocrx_word' id='word_1_86' title='bbox 2415 1110 2564 1148; x_wconf 88' lang='lat' dir='ltr'>anno</span> <span class='ocrx_word' id='word_1_87' title='bbox 2589 1095 3084 1166; x_wconf 78' lang='lat' dir='ltr'>Gundohagaudus</span> <span class='ocrx_word' id='word_1_88' title='bbox 3112 1095 3426 1166; x_wconf 83' lang='lat' dir='ltr'>resumptis</span> <span class='ocrx_word' id='word_1_89' title='bbox 3469 1095 3718 1151; x_wconf 87' lang='lat' dir='ltr'>viribus</span> <span class='ocrx_word' id='word_1_90' title='bbox 3747 1099 3911 1154; x_wconf 85' lang='lat' dir='ltr'>Vien-</span> 
     </span>
    </p>
   </div>
   <div class='ocr_carea' id='block_1_9' title="bbox 519 1187 3912 1262">
    <p class='ocr_par' dir='ltr' id='par_1_9' title="bbox 519 1187 3912 1262">
     <span class='ocr_line' id='line_1_9' title="bbox 519 1187 3912 1262; baseline 0.001 -19"><span class='ocrx_word' id='word_1_91' title='bbox 519 1189 744 1257; x_wconf 88' lang='lat' dir='ltr'>Gothos,</span> <span class='ocrx_word' id='word_1_92' title='bbox 771 1189 919 1244; x_wconf 89' lang='lat' dir='ltr'>inter</span> <span class='ocrx_word' id='word_1_93' title='bbox 935 1189 1134 1261; x_wconf 88' lang='lat' dir='ltr'>Ligere</span> <span class='ocrx_word' id='word_1_94' title='bbox 1156 1189 1762 1262; x_wconf 85' lang='lat' dir='ltr'>etLigerecino,juxta</span> <span class='ocrx_word' id='word_1_95' title='bbox 1781 1191 2137 1260; x_wconf 78' lang='lat' dir='ltr'>Aurelianis;</span> <span class='ocrx_word' id='word_1_96' title='bbox 2239 1202 2370 1240; x_wconf 81' lang='lat' dir='ltr'>nam</span> <span class='ocrx_word' id='word_1_97' title='bbox 2415 1203 2544 1240; x_wconf 85' lang='lat' dir='ltr'>cum</span> <span class='ocrx_word' id='word_1_98' title='bbox 2589 1188 2842 1242; x_wconf 78' lang='lat' dir='ltr'>exercitu</span> <span class='ocrx_word' id='word_1_99' title='bbox 2889 1187 3286 1256; x_wconf 76' lang='lat' dir='ltr'>circmndedit,</span> <span class='ocrx_word' id='word_1_100' title='bbox 3335 1193 3640 1260; x_wconf 71' lang='lat' dir='ltr'>captaque</span> <span class='ocrx_word' id='word_1_101' title='bbox 3693 1191 3912 1247; x_wconf 80' lang='lat' dir='ltr'>civitate</span> 
     </span>
    </p>
   </div>
   <div class='ocr_carea' id='block_1_10' title="bbox 516 1279 3913 1354">
    <p class='ocr_par' dir='ltr' id='par_1_10' title="bbox 516 1279 3913 1354">
     <span class='ocr_line' id='line_1_10' title="bbox 516 1279 3913 1354; baseline 0.001 -18"><span class='ocrx_word' id='word_1_102' title='bbox 516 1279 709 1354; x_wconf 83' lang='lat' dir='ltr'>ibique</span> <span class='ocrx_word' id='word_1_103' title='bbox 737 1283 1062 1338; x_wconf 83' lang='lat' dir='ltr'>interfectus</span> <span class='ocrx_word' id='word_1_104' title='bbox 1088 1284 1400 1338; x_wconf 83' lang='lat' dir='ltr'>Frediricus</span> <span class='ocrx_word' id='word_1_105' title='bbox 1437 1301 1538 1339; x_wconf 92' lang='lat' dir='ltr'>rex</span> <span class='ocrx_word' id='word_1_106' title='bbox 1563 1283 1890 1340; x_wconf 84' lang='lat' dir='ltr'>Gothorum.</span> <span class='ocrx_word' id='word_1_107' title='bbox 2237 1279 2472 1333; x_wconf 78' lang='lat' dir='ltr'><strong>fratrem</strong></span> <span class='ocrx_word' id='word_1_108' title='bbox 2500 1295 2668 1333; x_wconf 84' lang='lat' dir='ltr'>suum</span> <span class='ocrx_word' id='word_1_109' title='bbox 2693 1280 3009 1348; x_wconf 81' lang='lat' dir='ltr'>interfecit;</span> <span class='ocrx_word' id='word_1_110' title='bbox 3040 1282 3356 1352; x_wconf 85' lang='lat' dir='ltr'>pluresque</span> <span class='ocrx_word' id='word_1_111' title='bbox 3383 1282 3664 1338; x_wconf 87' lang='lat' dir='ltr'>seniores</span> <span class='ocrx_word' id='word_1_112' title='bbox 3693 1299 3764 1339; x_wconf 83' lang='lat' dir='ltr'>ac</span> <span class='ocrx_word' id='word_1_113' title='bbox 3785 1286 3913 1339; x_wconf 90' lang='lat' dir='ltr'>Bur-</span> 
     </span>
    </p>
   </div>
   <div class='ocr_carea' id='block_1_11' title="bbox 586 1371 3913 1448">
    <p class='ocr_par' dir='ltr' id='par_1_11' title="bbox 586 1371 3913 1448">
     <span class='ocr_line' id='line_1_11' title="bbox 586 1371 3913 1448; baseline 0.003 -25"><span class='ocrx_word' id='word_1_114' title='bbox 586 1375 882 1431; x_wconf 81' lang='lat' dir='ltr'>OLYBRIO</span> <span class='ocrx_word' id='word_1_115' title='bbox 914 1377 998 1430; x_wconf 85' lang='lat' dir='ltr'>ET</span> <span class='ocrx_word' id='word_1_116' title='bbox 1034 1377 1362 1446; x_wconf 66' lang='lat' dir='ltr'>RUSTICIO,</span> <span class='ocrx_word' id='word_1_117' title='bbox 2240 1371 2552 1442; x_wconf 89' lang='lat' dir='ltr'>gundiones</span> <span class='ocrx_word' id='word_1_118' title='bbox 2579 1371 2676 1442; x_wconf 88' lang='lat' dir='ltr'>qui</span> <span class='ocrx_word' id='word_1_119' title='bbox 2705 1389 2837 1426; x_wconf 91' lang='lat' dir='ltr'>cum</span> <span class='ocrx_word' id='word_1_120' title='bbox 2863 1373 2985 1444; x_wconf 90' lang='lat' dir='ltr'>ipso</span> <span class='ocrx_word' id='word_1_121' title='bbox 3005 1379 3322 1441; x_wconf 85' lang='lat' dir='ltr'>senserant,</span> <span class='ocrx_word' id='word_1_122' title='bbox 3355 1374 3567 1428; x_wconf 90' lang='lat' dir='ltr'>multis</span> <span class='ocrx_word' id='word_1_123' title='bbox 3583 1377 3913 1448; x_wconf 84' lang='lat' dir='ltr'>exquisitis-</span> 
     </span>
    </p>
   </div>
   <div class='ocr_carea' id='block_1_12' title="bbox 586 1465 3914 1542">
    <p class='ocr_par' dir='ltr' id='par_1_12' title="bbox 586 1465 3914 1542">
     <span class='ocr_line' id='line_1_12' title="bbox 586 1465 3914 1542; baseline 0.002 -24"><span class='ocrx_word' id='word_1_124' title='bbox 586 1469 1014 1524; x_wconf 81' lang='lat' dir='ltr'>ERMENERICO</span> <span class='ocrx_word' id='word_1_125' title='bbox 1044 1471 1126 1524; x_wconf 82' lang='lat' dir='ltr'>ET</span> <span class='ocrx_word' id='word_1_126' title='bbox 1158 1469 1524 1539; x_wconf 74' lang='lat' dir='ltr'>BASILISCO,</span> <span class='ocrx_word' id='word_1_127' title='bbox 2237 1480 2347 1534; x_wconf 86' lang='lat' dir='ltr'>que</span> <span class='ocrx_word' id='word_1_128' title='bbox 2386 1465 2679 1518; x_wconf 87' lang='lat' dir='ltr'>tormentis</span> <span class='ocrx_word' id='word_1_129' title='bbox 2727 1470 2908 1520; x_wconf 88' lang='lat' dir='ltr'>morte</span> <span class='ocrx_word' id='word_1_130' title='bbox 2957 1465 3248 1520; x_wconf 86' lang='lat' dir='ltr'>damnavit</span> <span class='ocrx_word' id='word_1_131' title='bbox 3277 1483 3296 1534; x_wconf 88' lang='lat'><strong>;</strong></span> <span class='ocrx_word' id='word_1_132' title='bbox 3333 1483 3734 1540; x_wconf 86' lang='lat' dir='ltr'>regnumque</span> <span class='ocrx_word' id='word_1_133' title='bbox 3765 1472 3914 1542; x_wconf 85' lang='lat' dir='ltr'>quod</span> 
     </span>
    </p>
   </div>
   <div class='ocr_carea' id='block_1_13' title="bbox 583 1556 3915 1631">
    <p class='ocr_par' dir='ltr' id='par_1_13' title="bbox 583 1556 3915 1631">
     <span class='ocr_line' id='line_1_13' title="bbox 583 1556 3915 1631; baseline 0.001 -17"><span class='ocrx_word' id='word_1_134' title='bbox 583 1561 803 1616; x_wconf 78' lang='lat' dir='ltr'><strong>LEONE</strong></span> <span class='ocrx_word' id='word_1_135' title='bbox 830 1564 897 1617; x_wconf 84' lang='grc' dir='ltr'>ΙΙΙ</span> <span class='ocrx_word' id='word_1_136' title='bbox 932 1563 1014 1616; x_wconf 89' lang='lat' dir='ltr'>ET</span> <span class='ocrx_word' id='word_1_137' title='bbox 1041 1563 1388 1631; x_wconf 80' lang='lat' dir='ltr'>TASSIANO,</span> <span class='ocrx_word' id='word_1_138' title='bbox 2236 1556 2571 1626; x_wconf 87' lang='lat' dir='ltr'>perdiderat,</span> <span class='ocrx_word' id='word_1_139' title='bbox 2592 1572 2722 1612; x_wconf 90' lang='lat' dir='ltr'>cum</span> <span class='ocrx_word' id='word_1_140' title='bbox 2761 1573 2828 1612; x_wconf 90' lang='lat' dir='ltr'>eo</span> <span class='ocrx_word' id='word_1_141' title='bbox 2855 1558 3008 1629; x_wconf 89' lang='lat' dir='ltr'>quod</span> <span class='ocrx_word' id='word_1_142' title='bbox 3031 1558 3429 1629; x_wconf 87' lang='lat' dir='ltr'>Godegeselus</span> <span class='ocrx_word' id='word_1_143' title='bbox 3456 1561 3786 1631; x_wconf 85' lang='lat' dir='ltr'>habuerat,</span> <span class='ocrx_word' id='word_1_144' title='bbox 3820 1581 3915 1618; x_wconf 87' lang='lat' dir='ltr'>re-</span> 
     </span>
    </p>
   </div>
   <div class='ocr_carea' id='block_1_14' title="bbox 585 1650 3914 1728">
    <p class='ocr_par' dir='ltr' id='par_1_14' title="bbox 585 1650 3914 1728">
     <span class='ocr_line' id='line_1_14' title="bbox 585 1650 3914 1728; baseline 0.004 -28"><span class='ocrx_word' id='word_1_145' title='bbox 585 1654 797 1708; x_wconf 83' lang='lat' dir='ltr'><strong>POSEO</strong></span> <span class='ocrx_word' id='word_1_146' title='bbox 825 1655 909 1708; x_wconf 85' lang='lat' dir='ltr'>ET</span> <span class='ocrx_word' id='word_1_147' title='bbox 935 1655 1212 1708; x_wconf 75' lang='lat' dir='ltr'>JOANNE,</span> <span class='ocrx_word' id='word_1_148' title='bbox 2236 1653 2484 1720; x_wconf 89' lang='lat' dir='ltr'>ceptum,</span> <span class='ocrx_word' id='word_1_149' title='bbox 2513 1665 2690 1720; x_wconf 89' lang='lat' dir='ltr'>usque</span> <span class='ocrx_word' id='word_1_150' title='bbox 2720 1650 2782 1705; x_wconf 91' lang='lat' dir='ltr'>in</span> <span class='ocrx_word' id='word_1_151' title='bbox 2808 1651 2961 1706; x_wconf 90' lang='lat' dir='ltr'>diem</span> <span class='ocrx_word' id='word_1_152' title='bbox 3005 1652 3206 1706; x_wconf 88' lang='lat' dir='ltr'>mortis</span> <span class='ocrx_word' id='word_1_153' title='bbox 3244 1667 3370 1708; x_wconf 74' lang='lat' dir='ltr'>suae</span> <span class='ocrx_word' id='word_1_154' title='bbox 3401 1653 3668 1710; x_wconf 84' lang='lat' dir='ltr'>feliciter</span> <span class='ocrx_word' id='word_1_155' title='bbox 3697 1657 3914 1728; x_wconf 81' lang='lat' dir='ltr'>guber-</span> 
     </span>
    </p>
   </div>
   <div class='ocr_carea' id='block_1_15' title="bbox 584 1741 2408 1817">
    <p class='ocr_par' dir='ltr' id='par_1_15' title="bbox 584 1741 2408 1817">
     <span class='ocr_line' id='line_1_15' title="bbox 584 1741 2408 1817; baseline -0.002 -19"><span class='ocrx_word' id='word_1_156' title='bbox 584 1746 676 1798; x_wconf 86' lang='lat' dir='ltr'>His</span> <span class='ocrx_word' id='word_1_157' title='bbox 700 1745 1023 1800; x_wconf 88' lang='lat' dir='ltr'>consulibus</span> <span class='ocrx_word' id='word_1_158' title='bbox 1059 1745 1273 1801; x_wconf 83' lang='lat' dir='ltr'>levatus</span> <span class='ocrx_word' id='word_1_159' title='bbox 1315 1752 1398 1801; x_wconf 88' lang='lat' dir='ltr'>est</span> <span class='ocrx_word' id='word_1_160' title='bbox 1421 1747 1754 1802; x_wconf 79' lang='lat' dir='ltr'>Anthemius</span> <span class='ocrx_word' id='word_1_161' title='bbox 1804 1747 2133 1817; x_wconf 88' lang='lat' dir='ltr'>imperator.</span> <span class='ocrx_word' id='word_1_162' title='bbox 2236 1741 2408 1796; x_wconf 88' lang='lat' dir='ltr'>navit.</span> 
     </span>
    </p>
   </div>
   <div class='ocr_carea' id='block_1_16' title="bbox 585 1835 3006 1904">
    <p class='ocr_par' dir='ltr' id='par_1_16' title="bbox 585 1835 3006 1904">
     <span class='ocr_line' id='line_1_16' title="bbox 585 1835 3006 1904; baseline -0 -13"><span class='ocrx_word' id='word_1_163' title='bbox 585 1839 660 1892; x_wconf 90' lang='lat' dir='ltr'><strong>Eo</strong></span> <span class='ocrx_word' id='word_1_164' title='bbox 686 1855 833 1892; x_wconf 88' lang='lat' dir='ltr'>anno</span> <span class='ocrx_word' id='word_1_165' title='bbox 859 1839 1186 1893; x_wconf 85' lang='lat' dir='ltr'>interfectus</span> <span class='ocrx_word' id='word_1_166' title='bbox 1214 1843 1296 1894; x_wconf 91' lang='lat' dir='ltr'>est</span> <span class='ocrx_word' id='word_1_167' title='bbox 1317 1840 1692 1894; x_wconf 88' lang='lat' dir='ltr'>Theodoricus</span> <span class='ocrx_word' id='word_1_168' title='bbox 1710 1856 1806 1894; x_wconf 88' lang='lat' dir='ltr'>rex</span> <span class='ocrx_word' id='word_1_169' title='bbox 1824 1840 2136 1895; x_wconf 88' lang='lat' dir='ltr'>Gothorum</span> <span class='ocrx_word' id='word_1_170' title='bbox 2304 1835 2553 1889; x_wconf 85' lang='lat' dir='ltr'>ABIENO</span> <span class='ocrx_word' id='word_1_171' title='bbox 2583 1836 2666 1890; x_wconf 90' lang='lat' dir='ltr'>ET</span> <span class='ocrx_word' id='word_1_172' title='bbox 2694 1835 3006 1904; x_wconf 83' lang='lat' dir='ltr'>POMPEIO,</span> 
     </span>
    </p>
   </div>
   <div class='ocr_carea' id='block_1_17' title="bbox 509 1907 3250 1996">
    <p class='ocr_par' dir='ltr' id='par_1_17' title="bbox 509 1907 3250 1996">
     <span class='ocr_line' id='line_1_17' title="bbox 509 1907 3250 1996; baseline 0.005 -13"><span class='ocrx_word' id='word_1_173' title='bbox 509 1947 543 1983; x_wconf 88' lang='lat' dir='ltr'>a</span> <span class='ocrx_word' id='word_1_174' title='bbox 571 1930 740 1984; x_wconf 85' lang='lat' dir='ltr'>fratre</span> <span class='ocrx_word' id='word_1_175' title='bbox 771 1947 872 1984; x_wconf 89' lang='lat' dir='ltr'>suo</span> <span class='ocrx_word' id='word_1_176' title='bbox 902 1933 1204 1986; x_wconf 88' lang='lat' dir='ltr'>Euthorico</span> <span class='ocrx_word' id='word_1_177' title='bbox 1229 1933 1488 1988; x_wconf 85' lang='lat' dir='ltr'>Tholosa.</span> <span class='ocrx_word' id='word_1_178' title='bbox 2155 1907 2210 1978; x_wconf 90' lang='grc' dir='ltr'><strong>Β</strong></span> <span class='ocrx_word' id='word_1_179' title='bbox 2301 1928 2548 1982; x_wconf 74' lang='lat' dir='ltr'>ABIENO</span> <span class='ocrx_word' id='word_1_180' title='bbox 2575 1929 2858 1983; x_wconf 76' lang='lat' dir='ltr'>JUNIORE</span> <span class='ocrx_word' id='word_1_181' title='bbox 2888 1929 2970 1983; x_wconf 79' lang='lat' dir='ltr'><strong>ET</strong></span> <span class='ocrx_word' id='word_1_182' title='bbox 2995 1929 3250 1996; x_wconf 67' lang='lat' dir='ltr'>P8080.</span> 
     </span>
    </p>
   </div>
   <div class='ocr_carea' id='block_1_18' title="bbox 585 2020 2706 2090">
    <p class='ocr_par' dir='ltr' id='par_1_18' title="bbox 585 2020 2706 2090">
     <span class='ocr_line' id='line_1_18' title="bbox 585 2020 2706 2090; baseline 0.006 -14"><span class='ocrx_word' id='word_1_183' title='bbox 585 2025 927 2078; x_wconf 84' lang='lat' dir='ltr'>ANTHEMIO</span> <span class='ocrx_word' id='word_1_184' title='bbox 955 2024 1288 2090; x_wconf 83' lang='lat' dir='ltr'>AUGUSTO,</span> <span class='ocrx_word' id='word_1_185' title='bbox 2305 2020 2706 2088; x_wconf 64' lang='lat' dir='ltr'>VOLUSIANO:</span> 
     </span>
    </p>
   </div>
   <div class='ocr_carea' id='block_1_19' title="bbox 585 2113 2629 2186">
    <p class='ocr_par' dir='ltr' id='par_1_19' title="bbox 585 2113 2629 2186">
     <span class='ocr_line' id='line_1_19' title="bbox 585 2113 2629 2186; baseline -0.003 -15"><span class='ocrx_word' id='word_1_186' title='bbox 585 2116 934 2171; x_wconf 79' lang='lat' dir='ltr'>MARCIANO</span> <span class='ocrx_word' id='word_1_187' title='bbox 967 2117 1049 2170; x_wconf 91' lang='lat' dir='ltr'>ET</span> <span class='ocrx_word' id='word_1_188' title='bbox 1079 2117 1323 2186; x_wconf 82' lang='lat' dir='ltr'><strong>LEONE,</strong></span> <span class='ocrx_word' id='word_1_189' title='bbox 2303 2113 2629 2180; x_wconf 83' lang='lat' dir='ltr'><strong>CETHEGO,</strong></span> 
     </span>
    </p>
   </div>
   <div class='ocr_carea' id='block_1_20' title="bbox 582 2205 3191 2278">
    <p class='ocr_par' dir='ltr' id='par_1_20' title="bbox 582 2205 3191 2278">
     <span class='ocr_line' id='line_1_20' title="bbox 582 2205 3191 2278; baseline -0.001 -14"><span class='ocrx_word' id='word_1_190' title='bbox 582 2209 844 2264; x_wconf 76' lang='lat' dir='ltr'><strong>SEVERO</strong></span> <span class='ocrx_word' id='word_1_191' title='bbox 869 2209 953 2264; x_wconf 89' lang='lat' dir='ltr'>ET</span> <span class='ocrx_word' id='word_1_192' title='bbox 979 2209 1307 2278; x_wconf 80' lang='lat' dir='ltr'>JORDANO,</span> <span class='ocrx_word' id='word_1_193' title='bbox 2304 2205 2660 2258; x_wconf 83' lang='lat' dir='ltr'>SAVINIANO</span> <span class='ocrx_word' id='word_1_194' title='bbox 2685 2206 2769 2258; x_wconf 88' lang='lat' dir='ltr'>ET</span> <span class='ocrx_word' id='word_1_195' title='bbox 2798 2206 3191 2276; x_wconf 79' lang='lat' dir='ltr'><strong>THEUDOHO,</strong></span> 
     </span>
    </p>
   </div>
   <div class='ocr_carea' id='block_1_21' title="bbox 583 2297 3136 2370">
    <p class='ocr_par' dir='ltr' id='par_1_21' title="bbox 583 2297 3136 2370">
     <span class='ocr_line' id='line_1_21' title="bbox 583 2297 3136 2370; baseline -0.001 -15"><span class='ocrx_word' id='word_1_196' title='bbox 583 2302 802 2356; x_wconf 88' lang='lat' dir='ltr'><strong>LEONE</strong></span> <span class='ocrx_word' id='word_1_197' title='bbox 832 2303 899 2355; x_wconf 90' lang='lat' dir='ltr'><strong>IV</strong></span> <span class='ocrx_word' id='word_1_198' title='bbox 928 2302 1010 2356; x_wconf 88' lang='lat' dir='ltr'>ET</span> <span class='ocrx_word' id='word_1_199' title='bbox 1040 2302 1405 2370; x_wconf 80' lang='lat' dir='ltr'>PROBIANO,</span> <span class='ocrx_word' id='word_1_200' title='bbox 2301 2297 2606 2351; x_wconf 86' lang='lat' dir='ltr'>MESSALA</span> <span class='ocrx_word' id='word_1_201' title='bbox 2630 2299 2713 2351; x_wconf 89' lang='lat' dir='ltr'>ET</span> <span class='ocrx_word' id='word_1_202' title='bbox 2741 2298 3136 2366; x_wconf 82' lang='lat' dir='ltr'>ARIOBINDA,</span> 
     </span>
    </p>
   </div>
   <div class='ocr_carea' id='block_1_22' title="bbox 590 2390 3062 2462">
    <p class='ocr_par' dir='ltr' id='par_1_22' title="bbox 590 2390 3062 2462">
     <span class='ocr_line' id='line_1_22' title="bbox 590 2390 3062 2462; baseline -0.001 -16"><span class='ocrx_word' id='word_1_203' title='bbox 590 2395 818 2462; x_wconf 81' lang='lat' dir='ltr'><strong>FESTO,</strong></span> <span class='ocrx_word' id='word_1_204' title='bbox 2303 2391 2432 2442; x_wconf 81' lang='lat' dir='ltr'>VEN</span> <span class='ocrx_word' id='word_1_205' title='bbox 2436 2390 2636 2444; x_wconf 87' lang='lat' dir='ltr'><strong>ANTIO</strong></span> <span class='ocrx_word' id='word_1_206' title='bbox 2666 2391 2748 2444; x_wconf 87' lang='lat' dir='ltr'>ET</span> <span class='ocrx_word' id='word_1_207' title='bbox 2774 2390 3062 2458; x_wconf 82' lang='lat' dir='ltr'><strong>CELERE,</strong></span> 
     </span>
    </p>
   </div>
   <div class='ocr_carea' id='block_1_23' title="bbox 583 2483 2816 2552">
    <p class='ocr_par' dir='ltr' id='par_1_23' title="bbox 583 2483 2816 2552">
     <span class='ocr_line' id='line_1_23' title="bbox 583 2483 2816 2552; baseline -0.002 -12"><span class='ocrx_word' id='word_1_208' title='bbox 583 2487 804 2540; x_wconf 80' lang='lat' dir='ltr'><strong>LEONE</strong></span> <span class='ocrx_word' id='word_1_209' title='bbox 835 2487 896 2540; x_wconf 89' lang='lat' dir='ltr'>V.</span> <span class='ocrx_word' id='word_1_210' title='bbox 2300 2483 2360 2535; x_wconf 88' lang='lat' dir='ltr'>P.</span> <span class='ocrx_word' id='word_1_211' title='bbox 2389 2484 2446 2537; x_wconf 88' lang='lat' dir='ltr'>C.</span> <span class='ocrx_word' id='word_1_212' title='bbox 2479 2483 2816 2552; x_wconf 74' lang='lat' dir='ltr'>VENANTII,</span> 
     </span>
    </p>
   </div>
   <div class='ocr_carea' id='block_1_24' title="bbox 582 2575 2708 2650">
    <p class='ocr_par' dir='ltr' id='par_1_24' title="bbox 582 2575 2708 2650">
     <span class='ocr_line' id='line_1_24' title="bbox 582 2575 2708 2650; baseline -0.003 -16"><span class='ocrx_word' id='word_1_213' title='bbox 582 2581 692 2634; x_wconf 80' lang='lat' dir='ltr'>Hoc</span> <span class='ocrx_word' id='word_1_214' title='bbox 738 2579 963 2634; x_wconf 85' lang='lat' dir='ltr'>consule</span> <span class='ocrx_word' id='word_1_215' title='bbox 1007 2579 1217 2634; x_wconf 89' lang='lat' dir='ltr'>levatus</span> <span class='ocrx_word' id='word_1_216' title='bbox 1259 2584 1342 2634; x_wconf 88' lang='lat' dir='ltr'>est</span> <span class='ocrx_word' id='word_1_217' title='bbox 1371 2579 1656 2650; x_wconf 78' lang='lat' dir='ltr'>Glycerius</span> <span class='ocrx_word' id='word_1_218' title='bbox 1688 2581 1995 2650; x_wconf 86' lang='lat' dir='ltr'>imperator</span> <span class='ocrx_word' id='word_1_219' title='bbox 2025 2581 2128 2634; x_wconf 80' lang='lat' dir='ltr'>Ba-</span> <span class='ocrx_word' id='word_1_220' title='bbox 2301 2575 2708 2629; x_wconf 85' lang='lat' dir='ltr'>IMPORTUNO.</span> 
     </span>
    </p>
   </div>
   <div class='ocr_carea' id='block_1_25' title="bbox 508 2667 3925 2744">
    <p class='ocr_par' dir='ltr' id='par_1_25' title="bbox 508 2667 3925 2744">
     <span class='ocr_line' id='line_1_25' title="bbox 508 2667 3925 2744; baseline 0.004 -24"><span class='ocrx_word' id='word_1_221' title='bbox 508 2689 714 2727; x_wconf 76' lang='lat' dir='ltr'>venna.</span> <span class='ocrx_word' id='word_1_222' title='bbox 1879 2685 1888 2696; x_wconf 65' lang='grc' dir='ltr'><strong><em>υ</em></strong></span> <span class='ocrx_word' id='word_1_223' title='bbox 2303 2669 2412 2720; x_wconf 83' lang='grc' dir='ltr'>Ηοο</span> <span class='ocrx_word' id='word_1_224' title='bbox 2431 2667 2657 2722; x_wconf 89' lang='lat' dir='ltr'>consule</span> <span class='ocrx_word' id='word_1_225' title='bbox 2683 2667 2922 2722; x_wconf 84' lang='lat' dir='ltr'>Mammo</span> <span class='ocrx_word' id='word_1_226' title='bbox 2949 2668 3065 2722; x_wconf 88' lang='lat' dir='ltr'>dux</span> <span class='ocrx_word' id='word_1_227' title='bbox 3088 2669 3419 2726; x_wconf 89' lang='lat' dir='ltr'>Gothorum</span> <span class='ocrx_word' id='word_1_228' title='bbox 3447 2677 3697 2744; x_wconf 87' lang='lat' dir='ltr'>partem</span> <span class='ocrx_word' id='word_1_229' title='bbox 3727 2678 3925 2733; x_wconf 77' lang='lat' dir='ltr'>Galliae</span> 
     </span>
    </p>
   </div>
   <div class='ocr_carea' id='block_1_26' title="bbox 580 2759 2590 2830">
    <p class='ocr_par' dir='ltr' id='par_1_26' title="bbox 580 2759 2590 2830">
     <span class='ocr_line' id='line_1_26' title="bbox 580 2759 2590 2830; baseline -0.002 -12"><span class='ocrx_word' id='word_1_230' title='bbox 580 2765 796 2820; x_wconf 82' lang='lat' dir='ltr'><strong>LEONE</strong></span> <span class='ocrx_word' id='word_1_231' title='bbox 825 2765 1126 2820; x_wconf 80' lang='lat' dir='ltr'>JUNIORE.</span> <span class='ocrx_word' id='word_1_232' title='bbox 2229 2759 2590 2830; x_wconf 73' lang='lat' dir='ltr'>depraadavit.</span> 
     </span>
    </p>
   </div>
   <div class='ocr_carea' id='block_1_27' title="bbox 577 2853 2564 2929">
    <p class='ocr_par' dir='ltr' id='par_1_27' title="bbox 577 2853 2564 2929">
     <span class='ocr_line' id='line_1_27' title="bbox 577 2853 2564 2929; baseline -0.001 -18"><span class='ocrx_word' id='word_1_233' title='bbox 577 2859 688 2911; x_wconf 81' lang='lat' dir='ltr'>Hoc</span> <span class='ocrx_word' id='word_1_234' title='bbox 714 2859 940 2911; x_wconf 90' lang='lat' dir='ltr'>consule</span> <span class='ocrx_word' id='word_1_235' title='bbox 967 2859 1252 2928; x_wconf 84' lang='lat' dir='ltr'>depositus</span> <span class='ocrx_word' id='word_1_236' title='bbox 1277 2861 1361 2912; x_wconf 87' lang='lat' dir='ltr'>est</span> <span class='ocrx_word' id='word_1_237' title='bbox 1383 2857 1668 2928; x_wconf 79' lang='lat' dir='ltr'>Glycerius</span> <span class='ocrx_word' id='word_1_238' title='bbox 1697 2858 1763 2912; x_wconf 91' lang='lat' dir='ltr'>de</span> <span class='ocrx_word' id='word_1_239' title='bbox 1789 2856 2045 2929; x_wconf 89' lang='lat' dir='ltr'>imperio,</span> <span class='ocrx_word' id='word_1_240' title='bbox 2075 2862 2134 2911; x_wconf 86' lang='lat' dir='ltr'>et</span> <span class='ocrx_word' id='word_1_241' title='bbox 2305 2853 2564 2919; x_wconf 87' lang='grc' dir='ltr'>ΒΟΕΤΙΟ,</span> 
     </span>
    </p>
   </div>
   <div class='ocr_carea' id='block_1_28' title="bbox 509 2944 3084 3021">
    <p class='ocr_par' dir='ltr' id='par_1_28' title="bbox 509 2944 3084 3021">
     <span class='ocr_line' id='line_1_28' title="bbox 509 2944 3084 3021; baseline -0.001 -18"><span class='ocrx_word' id='word_1_242' title='bbox 509 2949 723 3004; x_wconf 85' lang='lat' dir='ltr'>levatus</span> <span class='ocrx_word' id='word_1_243' title='bbox 753 2953 834 3004; x_wconf 88' lang='lat' dir='ltr'>est</span> <span class='ocrx_word' id='word_1_244' title='bbox 859 2967 1034 3020; x_wconf 88' lang='lat' dir='ltr'>nepos</span> <span class='ocrx_word' id='word_1_245' title='bbox 1061 2951 1388 3021; x_wconf 85' lang='lat' dir='ltr'>imperator.</span> <span class='ocrx_word' id='word_1_246' title='bbox 1666 2968 1669 2969; x_wconf 47' lang='grc' dir='ltr'><em>ν</em></span> <span class='ocrx_word' id='word_1_247' title='bbox 2299 2944 2530 2998; x_wconf 85' lang='lat' dir='ltr'>FELICE</span> <span class='ocrx_word' id='word_1_248' title='bbox 2562 2945 2645 2998; x_wconf 87' lang='lat' dir='ltr'>ET</span> <span class='ocrx_word' id='word_1_249' title='bbox 2685 2944 3084 3014; x_wconf 74' lang='lat' dir='ltr'>SECUNDINO,</span> 
     </span>
    </p>
   </div>
   <div class='ocr_carea' id='block_1_29' title="bbox 576 3037 3062 3112">
    <p class='ocr_par' dir='ltr' id='par_1_29' title="bbox 576 3037 3062 3112">
     <span class='ocr_line' id='line_1_29' title="bbox 576 3037 3062 3112; baseline -0.002 -15"><span class='ocrx_word' id='word_1_250' title='bbox 576 3044 638 3097; x_wconf 91' lang='lat' dir='ltr'>P.</span> <span class='ocrx_word' id='word_1_251' title='bbox 668 3042 728 3097; x_wconf 91' lang='lat' dir='ltr'>C.</span> <span class='ocrx_word' id='word_1_252' title='bbox 761 3043 996 3097; x_wconf 81' lang='lat' dir='ltr'>LEONIS</span> <span class='ocrx_word' id='word_1_253' title='bbox 1023 3043 1328 3097; x_wconf 80' lang='lat' dir='ltr'>JUNIORIS</span> <span class='ocrx_word' id='word_1_254' title='bbox 1357 3041 1664 3112; x_wconf 86' lang='lat' dir='ltr'>AUGUSTI,</span> <span class='ocrx_word' id='word_1_255' title='bbox 2299 3037 2560 3091; x_wconf 84' lang='lat' dir='ltr'>PAULLO</span> <span class='ocrx_word' id='word_1_256' title='bbox 2589 3038 2672 3091; x_wconf 88' lang='lat' dir='ltr'>ET</span> <span class='ocrx_word' id='word_1_257' title='bbox 2698 3037 3062 3104; x_wconf 84' lang='lat' dir='ltr'>MUSCIANO,</span> 
     </span>
    </p>
   </div>
   <div class='ocr_carea' id='block_1_30' title="bbox 581 3130 3116 3198">
    <p class='ocr_par' dir='ltr' id='par_1_30' title="bbox 581 3130 3116 3198">
     <span class='ocr_line' id='line_1_30' title="bbox 581 3130 3116 3198; baseline -0.001 -10"><span class='ocrx_word' id='word_1_258' title='bbox 581 3134 918 3189; x_wconf 86' lang='lat' dir='ltr'><strong>BASILISCO</strong></span> <span class='ocrx_word' id='word_1_259' title='bbox 949 3135 1032 3188; x_wconf 90' lang='lat' dir='ltr'>ET</span> <span class='ocrx_word' id='word_1_260' title='bbox 1059 3135 1362 3190; x_wconf 82' lang='lat' dir='ltr'>ARMATO.</span> <span class='ocrx_word' id='word_1_261' title='bbox 2299 3130 2726 3186; x_wconf 81' lang='lat' dir='ltr'>CLEMENTINO</span> <span class='ocrx_word' id='word_1_262' title='bbox 2757 3131 2840 3185; x_wconf 87' lang='lat' dir='ltr'>ET</span> <span class='ocrx_word' id='word_1_263' title='bbox 2869 3131 3116 3198; x_wconf 82' lang='lat' dir='ltr'>PROBO,</span> 
     </span>
    </p>
   </div>
   <div class='ocr_carea' id='block_1_31' title="bbox 577 3223 2673 3334">
    <p class='ocr_par' dir='ltr' id='par_1_31' title="bbox 577 3223 2673 3334">
     <span class='ocr_line' id='line_1_31' title="bbox 577 3223 2673 3334; baseline 0 -54"><span class='ocrx_word' id='word_1_264' title='bbox 577 3226 671 3280; x_wconf 83' lang='lat' dir='ltr'>His</span> <span class='ocrx_word' id='word_1_265' title='bbox 688 3227 1010 3280; x_wconf 87' lang='lat' dir='ltr'>consulibus</span> <span class='ocrx_word' id='word_1_266' title='bbox 1035 3229 1243 3281; x_wconf 90' lang='lat' dir='ltr'>levatus</span> <span class='ocrx_word' id='word_1_267' title='bbox 1269 3227 1650 3313; x_wconf 35' lang='lat' dir='ltr'>est.0dovacer</span> <span class='ocrx_word' id='word_1_268' title='bbox 1677 3243 1796 3282; x_wconf 89' lang='lat' dir='ltr'>rex.</span> <span class='ocrx_word' id='word_1_269' title='bbox 2147 3261 2202 3334; x_wconf 65' lang='grc' dir='ltr'>Ο</span> 
     </span>
    </p>
   </div>
   <div class='ocr_carea' id='block_1_32' title="bbox 577 3305 3177 3388">
    <p class='ocr_par' dir='ltr' id='par_1_32' title="bbox 577 3305 3177 3388">
     <span class='ocr_line' id='line_1_32' title="bbox 577 3305 3177 3388; baseline 0.001 -16"><span class='ocrx_word' id='word_1_270' title='bbox 577 3320 636 3372; x_wconf 86' lang='grc' dir='ltr'>Ρ.</span> <span class='ocrx_word' id='word_1_271' title='bbox 665 3321 724 3374; x_wconf 90' lang='lat' dir='ltr'>C.</span> <span class='ocrx_word' id='word_1_272' title='bbox 752 3319 1069 3375; x_wconf 75' lang='lat' dir='ltr'>BASILISCI</span> <span class='ocrx_word' id='word_1_273' title='bbox 1097 3321 1179 3374; x_wconf 91' lang='lat' dir='ltr'>ET</span> <span class='ocrx_word' id='word_1_274' title='bbox 1204 3305 1482 3388; x_wconf 75' lang='lat' dir='ltr'>ARMATI,</span> <span class='ocrx_word' id='word_1_275' title='bbox 2148 3305 2202 3334; x_wconf 64' lang='grc' dir='ltr'>υ</span> <span class='ocrx_word' id='word_1_276' title='bbox 2297 3315 2670 3370; x_wconf 79' lang='lat' dir='ltr'>FLORENTIO</span> <span class='ocrx_word' id='word_1_277' title='bbox 2697 3315 2780 3370; x_wconf 88' lang='lat' dir='ltr'>ET</span> <span class='ocrx_word' id='word_1_278' title='bbox 2804 3316 3177 3374; x_wconf 77' lang='grc' dir='ltr'>ΑΝΤΗΕΜΙΟ.</span> 
     </span>
    </p>
   </div>
   <div class='ocr_carea' id='block_1_33' title="bbox 576 3407 3928 3494">
    <p class='ocr_par' dir='ltr' id='par_1_33' title="bbox 576 3407 3928 3494">
     <span class='ocr_line' id='line_1_33' title="bbox 576 3407 3928 3494; baseline 0.004 -30"><span class='ocrx_word' id='word_1_279' title='bbox 576 3411 836 3479; x_wconf 87' lang='lat' dir='ltr'>ILLONE,</span> <span class='ocrx_word' id='word_1_280' title='bbox 2295 3407 2388 3462; x_wconf 89' lang='lat' dir='ltr'>His</span> <span class='ocrx_word' id='word_1_281' title='bbox 2416 3407 2738 3462; x_wconf 87' lang='lat' dir='ltr'>consulibus</span> <span class='ocrx_word' id='word_1_282' title='bbox 2764 3411 3180 3467; x_wconf 88' lang='lat' dir='ltr'>monasterium</span> <span class='ocrx_word' id='word_1_283' title='bbox 3210 3414 3462 3471; x_wconf 86' lang='lat' dir='ltr'>Acauno</span> <span class='ocrx_word' id='word_1_284' title='bbox 3486 3433 3526 3472; x_wconf 77' lang='grc' dir='ltr'>ει</span> <span class='ocrx_word' id='word_1_285' title='bbox 3551 3435 3710 3493; x_wconf 87' lang='lat' dir='ltr'>rege</span> <span class='ocrx_word' id='word_1_286' title='bbox 3748 3423 3928 3494; x_wconf 84' lang='lat' dir='ltr'>Sigis-</span> 
     </span>
    </p>
   </div>
   <div class='ocr_carea' id='block_1_34' title="bbox 577 3501 2996 3572">
    <p class='ocr_par' dir='ltr' id='par_1_34' title="bbox 577 3501 2996 3572">
     <span class='ocr_line' id='line_1_34' title="bbox 577 3501 2996 3572; baseline 0.001 -16"><span class='ocrx_word' id='word_1_287' title='bbox 577 3504 862 3572; x_wconf 82' lang='lat' dir='ltr'><strong>ZENONE,</strong></span> <span class='ocrx_word' id='word_1_288' title='bbox 2223 3501 2436 3556; x_wconf 90' lang='lat' dir='ltr'>mundo</span> <span class='ocrx_word' id='word_1_289' title='bbox 2461 3503 2853 3556; x_wconf 89' lang='lat' dir='ltr'>constructum</span> <span class='ocrx_word' id='word_1_290' title='bbox 2890 3505 2996 3558; x_wconf 87' lang='lat' dir='ltr'>est.</span> 
     </span>
    </p>
   </div>
   <div class='ocr_carea' id='block_1_35' title="bbox 573 3593 2535 3666">
    <p class='ocr_par' dir='ltr' id='par_1_35' title="bbox 573 3593 2535 3666">
     <span class='ocr_line' id='line_1_35' title="bbox 573 3593 2535 3666; baseline -0.001 -18"><span class='ocrx_word' id='word_1_291' title='bbox 573 3595 833 3650; x_wconf 86' lang='lat' dir='ltr'>BASILIO</span> <span class='ocrx_word' id='word_1_292' title='bbox 862 3596 1168 3666; x_wconf 82' lang='lat' dir='ltr'>JUNIORE,</span> <span class='ocrx_word' id='word_1_293' title='bbox 2292 3593 2535 3648; x_wconf 78' lang='lat' dir='ltr'><strong>PETRO.</strong></span> 
     </span>
    </p>
   </div>
   <div class='ocr_carea' id='block_1_36' title="bbox 571 3683 3930 3770">
    <p class='ocr_par' dir='ltr' id='par_1_36' title="bbox 571 3683 3930 3770">
     <span class='ocr_line' id='line_1_36' title="bbox 571 3683 3930 3770; baseline 0.006 -33"><span class='ocrx_word' id='word_1_294' title='bbox 571 3683 880 3752; x_wconf 84' lang='lat' dir='ltr'>PLAGIDO,</span> <span class='ocrx_word' id='word_1_295' title='bbox 2292 3687 2406 3740; x_wconf 86' lang='lat' dir='ltr'>Hoc</span> <span class='ocrx_word' id='word_1_296' title='bbox 2447 3685 2674 3741; x_wconf 91' lang='lat' dir='ltr'>consule</span> <span class='ocrx_word' id='word_1_297' title='bbox 2699 3703 2801 3742; x_wconf 82' lang='lat' dir='ltr'>rex</span> <span class='ocrx_word' id='word_1_298' title='bbox 2825 3687 3334 3762; x_wconf 80' lang='lat' dir='ltr'>Gundobagaudus</span> <span class='ocrx_word' id='word_1_299' title='bbox 3377 3696 3555 3770; x_wconf 88' lang='lat' dir='ltr'>obiit,</span> <span class='ocrx_word' id='word_1_300' title='bbox 3593 3703 3661 3757; x_wconf 78' lang='lat' dir='ltr'>et</span> <span class='ocrx_word' id='word_1_301' title='bbox 3691 3702 3930 3762; x_wconf 79' lang='lat' dir='ltr'>levatus</span> 
     </span>
    </p>
   </div>
   <div class='ocr_carea' id='block_1_37' title="bbox 571 3776 3203 3850">
    <p class='ocr_par' dir='ltr' id='par_1_37' title="bbox 571 3776 3203 3850">
     <span class='ocr_line' id='line_1_37' title="bbox 571 3776 3203 3850; baseline 0.004 -21"><span class='ocrx_word' id='word_1_302' title='bbox 571 3776 901 3830; x_wconf 81' lang='lat' dir='ltr'>SEVERINO</span> <span class='ocrx_word' id='word_1_303' title='bbox 929 3777 1234 3845; x_wconf 82' lang='lat' dir='ltr'>JUNIORE,</span> <span class='ocrx_word' id='word_1_304' title='bbox 2227 3782 2310 3833; x_wconf 89' lang='lat' dir='ltr'>est</span> <span class='ocrx_word' id='word_1_305' title='bbox 2327 3778 2476 3831; x_wconf 85' lang='lat' dir='ltr'>ﬁlius</span> <span class='ocrx_word' id='word_1_306' title='bbox 2501 3779 2622 3848; x_wconf 88' lang='lat' dir='ltr'>ejus</span> <span class='ocrx_word' id='word_1_307' title='bbox 2651 3779 3048 3850; x_wconf 88' lang='lat' dir='ltr'>Sigismundus</span> <span class='ocrx_word' id='word_1_308' title='bbox 3076 3798 3203 3839; x_wconf 90' lang='lat' dir='ltr'>rex.</span> 
     </span>
    </p>
   </div>
   <div class='ocr_carea' id='block_1_38' title="bbox 573 3868 3126 3942">
    <p class='ocr_par' dir='ltr' id='par_1_38' title="bbox 573 3868 3126 3942">
     <span class='ocr_line' id='line_1_38' title="bbox 573 3868 3126 3942; baseline 0.003 -20"><span class='ocrx_word' id='word_1_309' title='bbox 573 3868 847 3936; x_wconf 81' lang='lat' dir='ltr'>FAUSTO,</span> <span class='ocrx_word' id='word_1_310' title='bbox 2289 3871 2658 3926; x_wconf 82' lang='lat' dir='ltr'><strong>ANASTASIO</strong></span> <span class='ocrx_word' id='word_1_311' title='bbox 2685 3873 2770 3926; x_wconf 87' lang='lat' dir='ltr'>ET</span> <span class='ocrx_word' id='word_1_312' title='bbox 2795 3873 3126 3942; x_wconf 85' lang='lat' dir='ltr'><strong>AGAPETO,</strong></span> 
     </span>
    </p>
   </div>
   <div class='ocr_carea' id='block_1_39' title="bbox 569 3961 2550 4032">
    <p class='ocr_par' dir='ltr' id='par_1_39' title="bbox 569 3961 2550 4032">
     <span class='ocr_line' id='line_1_39' title="bbox 569 3961 2550 4032; baseline 0.002 -19"><span class='ocrx_word' id='word_1_313' title='bbox 569 3961 902 4015; x_wconf 85' lang='lat' dir='ltr'>VENANTIO</span> <span class='ocrx_word' id='word_1_314' title='bbox 928 3961 1012 4015; x_wconf 89' lang='lat' dir='ltr'>ET</span> <span class='ocrx_word' id='word_1_315' title='bbox 1040 3961 1493 4032; x_wconf 84' lang='lat' dir='ltr'>THEODORICO,</span> <span class='ocrx_word' id='word_1_316' title='bbox 2290 3963 2550 4032; x_wconf 84' lang='lat' dir='ltr'>MAGNO,</span> 
     </span>
    </p>
   </div>
   <div class='ocr_carea' id='block_1_40' title="bbox 571 4052 3008 4128">
    <p class='ocr_par' dir='ltr' id='par_1_40' title="bbox 571 4052 3008 4128">
     <span class='ocr_line' id='line_1_40' title="bbox 571 4052 3008 4128; baseline 0.002 -22"><span class='ocrx_word' id='word_1_317' title='bbox 571 4052 956 4120; x_wconf 83' lang='lat' dir='ltr'>SYMMACHO,</span> <span class='ocrx_word' id='word_1_318' title='bbox 2286 4055 2551 4110; x_wconf 84' lang='lat' dir='ltr'>JUSTINO</span> <span class='ocrx_word' id='word_1_319' title='bbox 2580 4057 2663 4110; x_wconf 88' lang='lat' dir='ltr'>ET</span> <span class='ocrx_word' id='word_1_320' title='bbox 2702 4057 3008 4128; x_wconf 87' lang='lat' dir='ltr'><strong>EUTECIO,</strong></span> 
     </span>
    </p>
   </div>
   <div class='ocr_carea' id='block_1_41' title="bbox 569 4144 3120 4222">
    <p class='ocr_par' dir='ltr' id='par_1_41' title="bbox 569 4144 3120 4222">
     <span class='ocr_line' id='line_1_41' title="bbox 569 4144 3120 4222; baseline 0.004 -25"><span class='ocrx_word' id='word_1_321' title='bbox 569 4144 766 4198; x_wconf 86' lang='lat' dir='ltr'><strong>DECIO</strong></span> <span class='ocrx_word' id='word_1_322' title='bbox 798 4145 881 4198; x_wconf 90' lang='lat' dir='ltr'>ET</span> <span class='ocrx_word' id='word_1_323' title='bbox 917 4145 1254 4215; x_wconf 79' lang='lat' dir='ltr'>LONGINO,</span> <span class='ocrx_word' id='word_1_324' title='bbox 2289 4148 2598 4203; x_wconf 81' lang='lat' dir='ltr'>RUSTICIO</span> <span class='ocrx_word' id='word_1_325' title='bbox 2626 4150 2710 4204; x_wconf 90' lang='lat' dir='ltr'>ET</span> <span class='ocrx_word' id='word_1_326' title='bbox 2734 4151 3120 4222; x_wconf 86' lang='lat' dir='ltr'>VITALIANO,</span> 
     </span>
    </p>
   </div>
   <div class='ocr_carea' id='block_1_42' title="bbox 569 4229 3136 4317">
    <p class='ocr_par' dir='ltr' id='par_1_42' title="bbox 569 4229 3136 4317">
     <span class='ocr_line' id='line_1_42' title="bbox 569 4229 3136 4317; baseline 0.005 -29"><span class='ocrx_word' id='word_1_327' title='bbox 569 4237 832 4304; x_wconf 82' lang='lat' dir='ltr'><strong>BOETIO,</strong></span> <span class='ocrx_word' id='word_1_328' title='bbox 1346 4229 1351 4236; x_wconf 67' lang='grc'><em>’</em></span> <span class='ocrx_word' id='word_1_329' title='bbox 2283 4241 2668 4296; x_wconf 83' lang='lat' dir='ltr'>JUSTINIANO</span> <span class='ocrx_word' id='word_1_330' title='bbox 2699 4243 2785 4296; x_wconf 90' lang='lat' dir='ltr'>ET</span> <span class='ocrx_word' id='word_1_331' title='bbox 2814 4244 3136 4317; x_wconf 81' lang='lat' dir='ltr'>VALERIO,</span> 
     </span>
    </p>
   </div>
   <div class='ocr_carea' id='block_1_43' title="bbox 529 4329 3068 4398">
    <p class='ocr_par' dir='ltr' id='par_1_43' title="bbox 529 4329 3068 4398">
     <span class='ocr_line' id='line_1_43' title="bbox 529 4329 3068 4398; baseline 0.005 -16"><span class='ocrx_word' id='word_1_332' title='bbox 529 4329 893 4384; x_wconf 86' lang='lat' dir='ltr'>-DINAMICO</span> <span class='ocrx_word' id='word_1_333' title='bbox 926 4331 1008 4384; x_wconf 90' lang='lat' dir='ltr'>ET</span> <span class='ocrx_word' id='word_1_334' title='bbox 1035 4331 1290 4398; x_wconf 81' lang='lat' dir='ltr'>SIFIDIO,</span> <span class='ocrx_word' id='word_1_335' title='bbox 2289 4333 2650 4390; x_wconf 83' lang='lat' dir='ltr'>SYMMACHO</span> <span class='ocrx_word' id='word_1_336' title='bbox 2682 4335 2766 4390; x_wconf 91' lang='lat' dir='ltr'>ET</span> <span class='ocrx_word' id='word_1_337' title='bbox 2801 4336 3068 4398; x_wconf 85' lang='lat' dir='ltr'>BOETIO.</span> 
     </span>
    </p>
   </div>
   <div class='ocr_carea' id='block_1_44' title="bbox 564 4421 3921 4523">
    <p class='ocr_par' dir='ltr' id='par_1_44' title="bbox 564 4421 3921 4523">
     <span class='ocr_line' id='line_1_44' title="bbox 564 4421 3921 4523; baseline 0.008 -47"><span class='ocrx_word' id='word_1_338' title='bbox 564 4421 972 4523; x_wconf 57' lang='lat' dir='ltr'>EBOBINGET</span> <span class='ocrx_word' id='word_1_339' title='bbox 996 4423 1298 4523; x_wconf 69' lang='lat' dir='ltr'>EllSEBIO.</span> <span class='ocrx_word' id='word_1_340' title='bbox 1360 4518 1417 4523; x_wconf 45' lang='grc' dir='ltr'>ω</span> <span class='ocrx_word' id='word_1_341' title='bbox 1533 4518 1548 4523; x_wconf 54' lang='lat'><strong>_</strong></span> <span class='ocrx_word' id='word_1_342' title='bbox 1623 4519 1632 4523; x_wconf 24' lang='grc' dir='ltr'><strong>Δ</strong></span> <span class='ocrx_word' id='word_1_343' title='bbox 1915 4519 1940 4523; x_wconf 25' lang='grc' dir='ltr'>ξ</span> <span class='ocrx_word' id='word_1_344' title='bbox 2011 4521 2020 4523; x_wconf 18' lang='grc' dir='ltr'><strong>Α</strong></span> <span class='ocrx_word' id='word_1_345' title='bbox 2217 4519 2228 4523; x_wconf 50' lang='lat'><em>_</em></span> <span class='ocrx_word' id='word_1_346' title='bbox 2287 4426 2378 4479; x_wconf 82' lang='lat' dir='ltr'>His</span> <span class='ocrx_word' id='word_1_347' title='bbox 2403 4427 2726 4523; x_wconf 84' lang='lat' dir='ltr'>consulibus</span> <span class='ocrx_word' id='word_1_348' title='bbox 2769 4428 3068 4523; x_wconf 66' lang='lat' dir='ltr'>Segericus</span> <span class='ocrx_word' id='word_1_349' title='bbox 3093 4432 3246 4490; x_wconf 85' lang='lat' dir='ltr'>ﬁlius</span> <span class='ocrx_word' id='word_1_350' title='bbox 3295 4437 3684 4510; x_wconf 84' lang='lat' dir='ltr'>Sigismundi</span> <span class='ocrx_word' id='word_1_351' title='bbox 3728 4453 3921 4523; x_wconf 83' lang='lat' dir='ltr'>regis,</span> 
     </span>
    </p>
   </div>
   <div class='ocr_carea' id='block_1_45' title="bbox 563 4513 3298 4592">
    <p class='ocr_par' dir='ltr' id='par_1_45' title="bbox 563 4513 3298 4592">
     <span class='ocr_line' id='line_1_45' title="bbox 563 4513 3298 4592; baseline 0.007 -26"><span class='ocrx_word' id='word_1_352' title='bbox 563 4513 652 4566; x_wconf 83' lang='lat' dir='ltr'>His</span> <span class='ocrx_word' id='word_1_353' title='bbox 677 4514 999 4569; x_wconf 90' lang='lat' dir='ltr'>consulibus</span> <span class='ocrx_word' id='word_1_354' title='bbox 1042 4516 1331 4586; x_wconf 88' lang='lat' dir='ltr'>ingressus</span> <span class='ocrx_word' id='word_1_355' title='bbox 1359 4518 1737 4574; x_wconf 90' lang='lat' dir='ltr'>Theudoricus</span> <span class='ocrx_word' id='word_1_356' title='bbox 1765 4535 1864 4576; x_wconf 87' lang='lat' dir='ltr'>rex</span> <span class='ocrx_word' id='word_1_357' title='bbox 1904 4519 2109 4576; x_wconf 88' lang='lat' dir='ltr'>Gotho-</span> <span class='ocrx_word' id='word_1_358' title='bbox 2205 4519 2368 4589; x_wconf 91' lang='lat' dir='ltr'>jussu</span> <span class='ocrx_word' id='word_1_359' title='bbox 2393 4519 2568 4590; x_wconf 87' lang='lat' dir='ltr'>patris</span> <span class='ocrx_word' id='word_1_360' title='bbox 2591 4521 2680 4574; x_wconf 91' lang='lat' dir='ltr'>sui</span> <span class='ocrx_word' id='word_1_361' title='bbox 2707 4521 2918 4592; x_wconf 88' lang='lat' dir='ltr'>injuste</span> <span class='ocrx_word' id='word_1_362' title='bbox 2948 4525 3162 4581; x_wconf 89' lang='lat' dir='ltr'>occisus</span> <span class='ocrx_word' id='word_1_363' title='bbox 3190 4535 3298 4584; x_wconf 91' lang='lat' dir='ltr'>est.</span> 
     </span>
    </p>
   </div>
   <div class='ocr_carea' id='block_1_46' title="bbox 494 4606 2934 4692">
    <p class='ocr_par' dir='ltr' id='par_1_46' title="bbox 494 4606 2934 4692">
     <span class='ocr_line' id='line_1_46' title="bbox 494 4606 2934 4692; baseline 0.005 -34"><span class='ocrx_word' id='word_1_364' title='bbox 494 4621 623 4660; x_wconf 91' lang='lat' dir='ltr'>rum</span> <span class='ocrx_word' id='word_1_365' title='bbox 647 4606 705 4660; x_wconf 91' lang='lat' dir='ltr'>in</span> <span class='ocrx_word' id='word_1_366' title='bbox 735 4607 889 4660; x_wconf 86' lang='lat' dir='ltr'>Italla</span> <span class='ocrx_word' id='word_1_367' title='bbox 919 4609 1089 4662; x_wconf 90' lang='lat' dir='ltr'>Ponte</span> <span class='ocrx_word' id='word_1_368' title='bbox 1122 4610 1310 4665; x_wconf 92' lang='lat' dir='ltr'>lsonti.</span> <span class='ocrx_word' id='word_1_369' title='bbox 2133 4620 2192 4692; x_wconf 84' lang='lat' dir='ltr'><strong>D</strong></span> <span class='ocrx_word' id='word_1_370' title='bbox 2284 4615 2543 4676; x_wconf 57' lang='lat' dir='ltr'>Mamimo,</span> <span class='ocrx_word' id='word_1_371' title='bbox 2570 4614 2866 4670; x_wconf 75' lang='lat' dir='ltr'>indictione</span> <span class='ocrx_word' id='word_1_372' title='bbox 2895 4633 2934 4670; x_wconf 79' lang='grc' dir='ltr'><strong>ι.</strong></span> 
     </span>
    </p>
   </div>
   <div class='ocr_carea' id='block_1_47' title="bbox 562 4698 3927 4808">
    <p class='ocr_par' dir='ltr' id='par_1_47' title="bbox 562 4698 3927 4808">
     <span class='ocr_line' id='line_1_47' title="bbox 562 4698 3927 4808; baseline 0.018 -60"><span class='ocrx_word' id='word_1_373' title='bbox 884 4701 968 4754; x_wconf 89' lang='grc' dir='ltr'>ΕΤ</span> <span class='ocrx_word' id='word_1_374' title='bbox 989 4701 1274 4770; x_wconf 85' lang='lat' dir='ltr'>FAUSTO,</span> <span class='ocrx_word' id='word_1_375' title='bbox 2282 4723 2390 4776; x_wconf 84' lang='lat' dir='ltr'>Hoc</span> <span class='ocrx_word' id='word_1_376' title='bbox 2417 4724 2649 4778; x_wconf 91' lang='lat' dir='ltr'>consule</span> <span class='ocrx_word' id='word_1_377' title='bbox 2695 4725 3093 4796; x_wconf 85' lang='lat' dir='ltr'>Sigismundus</span> <span class='ocrx_word' id='word_1_378' title='bbox 3144 4747 3248 4787; x_wconf 90' lang='lat' dir='ltr'>rex</span> <span class='ocrx_word' id='word_1_379' title='bbox 3303 4733 3844 4808; x_wconf 83' lang='lat' dir='ltr'>Burgundionum</span> <span class='ocrx_word' id='word_1_380' title='bbox 3895 4770 3927 4804; x_wconf 86' lang='lat' dir='ltr'><strong>a</strong></span> 
     </span>
    </p>
   </div>
   <div class='ocr_carea' id='block_1_48' title="bbox 560 4791 3927 4897">
    <p class='ocr_par' dir='ltr' id='par_1_48' title="bbox 560 4791 3927 4897">
     <span class='ocr_line' id='line_1_48' title="bbox 560 4791 3927 4897; baseline 0.007 -29"><span class='ocrx_word' id='word_1_381' title='bbox 560 4791 930 4897; x_wconf 50' lang='grc' dir='ltr'><strong>Α</strong></span> <span class='ocrx_word' id='word_1_382' title='bbox 964 4886 1046 4897; x_wconf 45' lang='grc' dir='ltr'>’Ἦ</span> <span class='ocrx_word' id='word_1_383' title='bbox 1075 4887 1248 4897; x_wconf 50' lang='lat' dir='ltr'>mu“</span> <span class='ocrx_word' id='word_1_384' title='bbox 2210 4815 2710 4885; x_wconf 82' lang='lat' dir='ltr'>Burgundionibus</span> <span class='ocrx_word' id='word_1_385' title='bbox 2759 4791 2991 4874; x_wconf 72' lang='lat' dir='ltr'>Erancis</span> <span class='ocrx_word' id='word_1_386' title='bbox 3028 4823 3276 4879; x_wconf 90' lang='lat' dir='ltr'>traditus</span> <span class='ocrx_word' id='word_1_387' title='bbox 3314 4791 3927 4897; x_wconf 45' lang='lat' dir='ltr'>est,ue:i;i&#39;E;;ci;</span> 
     </span>
    </p>
   </div>
   <div class='ocr_carea' id='block_1_49' title="bbox 559 4883 3922 4992">
    <p class='ocr_par' dir='ltr' id='par_1_49' title="bbox 559 4883 3922 4992">
     <span class='ocr_line' id='line_1_49' title="bbox 559 4883 3922 4992; baseline 0.006 -32"><span class='ocrx_word' id='word_1_388' title='bbox 943 4886 1276 4992; x_wconf 44' lang='grc' dir='ltr'>ἔξξὲον</span> <span class='ocrx_word' id='word_1_389' title='bbox 2208 4906 2268 4961; x_wconf 93' lang='lat' dir='ltr'>in</span> <span class='ocrx_word' id='word_1_390' title='bbox 2290 4883 2493 4962; x_wconf 83' lang='lat' dir='ltr'>habitu</span> <span class='ocrx_word' id='word_1_391' title='bbox 2520 4909 2840 4965; x_wconf 87' lang='lat' dir='ltr'>monachali</span> <span class='ocrx_word' id='word_1_392' title='bbox 2868 4913 3174 4982; x_wconf 89' lang='lat' dir='ltr'>perductus</span> <span class='ocrx_word' id='word_1_393' title='bbox 3201 4934 3220 4988; x_wconf 82' lang='lat'><strong>;</strong></span> <span class='ocrx_word' id='word_1_394' title='bbox 3248 4883 3454 4992; x_wconf 66' lang='lat' dir='ltr'>ibique</span> <span class='ocrx_word' id='word_1_395' title='bbox 3470 4883 3692 4986; x_wconf 46' lang='lat' dir='ltr'>&quot;cur—n-</span> <span class='ocrx_word' id='word_1_396' title='bbox 3716 4883 3922 4992; x_wconf 42' lang='lat'>11:23:;</span> 
     </span>
    </p>
   </div>
   <div class='ocr_carea' id='block_1_50' title="bbox 558 4975 3163 5077">
    <p class='ocr_par' dir='ltr' id='par_1_50' title="bbox 558 4975 3163 5077">
     <span class='ocr_line' id='line_1_50' title="bbox 558 4975 3163 5077; baseline 0.014 -49"><span class='ocrx_word' id='word_1_397' title='bbox 558 4975 804 5077; x_wconf 49' lang='lat' dir='ltr'>ébBlNO</span> <span class='ocrx_word' id='word_1_398' title='bbox 832 4977 1242 5077; x_wconf 80' lang='lat' dir='ltr'>EUSEBlO.</span> <span class='ocrx_word' id='word_1_399' title='bbox 1372 5076 1376 5077; x_wconf 8' lang='grc' dir='ltr'><em>γ</em></span> <span class='ocrx_word' id='word_1_400' title='bbox 1445 5073 1467 5077; x_wconf 64' lang='lat'>_</span> <span class='ocrx_word' id='word_1_401' title='bbox 1496 5073 1512 5077; x_wconf 68' lang='lat'><em>_</em></span> <span class='ocrx_word' id='word_1_402' title='bbox 2208 5004 2266 5055; x_wconf 92' lang='lat' dir='ltr'>et</span> <span class='ocrx_word' id='word_1_403' title='bbox 2286 4999 2413 5054; x_wconf 82' lang='lat' dir='ltr'>ﬁliis</span> <span class='ocrx_word' id='word_1_404' title='bbox 2439 5000 2500 5054; x_wconf 89' lang='lat' dir='ltr'>in</span> <span class='ocrx_word' id='word_1_405' title='bbox 2528 5006 2702 5071; x_wconf 90' lang='lat' dir='ltr'>puteo</span> <span class='ocrx_word' id='word_1_406' title='bbox 2743 5008 2826 5059; x_wconf 89' lang='lat' dir='ltr'>est</span> <span class='ocrx_word' id='word_1_407' title='bbox 2852 4975 3163 5077; x_wconf 80' lang='lat' dir='ltr'>projectus.</span> 
     </span>
    </p>
   </div>
   <div class='ocr_carea' id='block_1_51' title="bbox 556 5067 2109 5149">
    <p class='ocr_par' dir='ltr' id='par_1_51' title="bbox 556 5067 2109 5149">
     <span class='ocr_line' id='line_1_51' title="bbox 556 5067 2109 5149; baseline 0.008 -28"><span class='ocrx_word' id='word_1_408' title='bbox 556 5067 650 5122; x_wconf 86' lang='lat' dir='ltr'>His</span> <span class='ocrx_word' id='word_1_409' title='bbox 697 5069 1016 5124; x_wconf 89' lang='lat' dir='ltr'>consulibus</span> <span class='ocrx_word' id='word_1_410' title='bbox 1061 5071 1276 5126; x_wconf 89' lang='lat' dir='ltr'>occisus</span> <span class='ocrx_word' id='word_1_411' title='bbox 1305 5076 1386 5128; x_wconf 90' lang='lat' dir='ltr'>est</span> <span class='ocrx_word' id='word_1_412' title='bbox 1433 5073 1718 5129; x_wconf 85' lang='lat' dir='ltr'>Odovacer</span> <span class='ocrx_word' id='word_1_413' title='bbox 1765 5089 1866 5130; x_wconf 91' lang='lat' dir='ltr'>rex</span> <span class='ocrx_word' id='word_1_414' title='bbox 1902 5092 1935 5129; x_wconf 88' lang='lat' dir='ltr'><strong>a</strong></span> <span class='ocrx_word' id='word_1_415' title='bbox 1974 5093 2109 5149; x_wconf 88' lang='lat' dir='ltr'>rege</span> 
     </span>
    </p>
   </div>
   <div class='ocr_carea' id='block_1_52' title="bbox 749 5112 3152 5183">
    <p class='ocr_par' dir='ltr' id='par_1_52' title="bbox 749 5112 3152 5183">
     <span class='ocr_line' id='line_1_52' title="bbox 749 5112 3152 5183; baseline 0.005 -19"><span class='ocrx_word' id='word_1_416' title='bbox 1305 5112 1386 5128; x_wconf 65' lang='lat' dir='ltr'>w&quot;</span> <span class='ocrx_word' id='word_1_417' title='bbox 1436 5112 1709 5129; x_wconf 58' lang='lat' dir='ltr'>&quot;“Vmw‘</span> <span class='ocrx_word' id='word_1_418' title='bbox 1766 5112 1866 5130; x_wconf 62' lang='grc'>⁵⁸³⁸</span> <span class='ocrx_word' id='word_1_419' title='bbox 1902 5112 1935 5129; x_wconf 70' lang='grc'><strong><em>⁸³</em></strong></span> <span class='ocrx_word' id='word_1_420' title='bbox 1974 5112 2109 5149; x_wconf 65' lang='grc' dir='ltr'>¹⁹δ⁹</span> <span class='ocrx_word' id='word_1_421' title='bbox 2277 5112 2488 5166; x_wconf 83' lang='lat' dir='ltr'>Justino</span> <span class='ocrx_word' id='word_1_422' title='bbox 2516 5128 2555 5165; x_wconf 86' lang='lat' dir='ltr'>Il</span> <span class='ocrx_word' id='word_1_423' title='bbox 2578 5118 2627 5166; x_wconf 82' lang='lat' dir='ltr'>et</span> <span class='ocrx_word' id='word_1_424' title='bbox 2648 5114 2916 5183; x_wconf 78' lang='lat' dir='ltr'>Opilione,</span> <span class='ocrx_word' id='word_1_425' title='bbox 2945 5119 3066 5173; x_wconf 79' lang='lat' dir='ltr'>ind.</span> <span class='ocrx_word' id='word_1_426' title='bbox 3089 5135 3152 5176; x_wconf 86' lang='lat' dir='ltr'>II.</span> 
     </span>
    </p>
   </div>
   <div class='ocr_carea' id='block_1_53' title="bbox 486 5158 1204 5218">
    <p class='ocr_par' dir='ltr' id='par_1_53' title="bbox 486 5158 1204 5218">
     <span class='ocr_line' id='line_1_53' title="bbox 486 5158 1204 5218; baseline 0.004 -3"><span class='ocrx_word' id='word_1_427' title='bbox 486 5158 831 5215; x_wconf 86' lang='lat' dir='ltr'>Theuderico</span> <span class='ocrx_word' id='word_1_428' title='bbox 859 5162 921 5216; x_wconf 91' lang='lat' dir='ltr'>in</span> <span class='ocrx_word' id='word_1_429' title='bbox 949 5163 1204 5218; x_wconf 86' lang='lat' dir='ltr'>Laureto.</span> 
     </span>
    </p>
   </div>
   <div class='ocr_carea' id='block_1_54' title="bbox 557 5221 3920 5328">
    <p class='ocr_par' dir='ltr' id='par_1_54' title="bbox 557 5221 3920 5328">
     <span class='ocr_line' id='line_1_54' title="bbox 557 5221 3920 5328; baseline 0.007 -53"><span class='ocrx_word' id='word_1_430' title='bbox 557 5251 846 5306; x_wconf 68' lang='lat' dir='ltr'>ASTERIO</span> <span class='ocrx_word' id='word_1_431' title='bbox 876 5254 956 5308; x_wconf 77' lang='grc' dir='ltr'>ΕΤ</span> <span class='ocrx_word' id='word_1_432' title='bbox 982 5256 1067 5310; x_wconf 76' lang='lat' dir='ltr'>PR</span> <span class='ocrx_word' id='word_1_433' title='bbox 1072 5257 1336 5328; x_wconf 53' lang='lat' dir='ltr'>E51010,</span> <span class='ocrx_word' id='word_1_434' title='bbox 2212 5315 2250 5328; x_wconf 44' lang='lat' dir='ltr'><strong>ﬁ</strong></span> <span class='ocrx_word' id='word_1_435' title='bbox 2277 5221 2371 5276; x_wconf 84' lang='lat' dir='ltr'>His</span> <span class='ocrx_word' id='word_1_436' title='bbox 2399 5223 2724 5328; x_wconf 63' lang='lat' dir='ltr'>consulibus</span> <span class='ocrx_word' id='word_1_437' title='bbox 2747 5227 3098 5328; x_wconf 65' lang='lat' dir='ltr'>Gudemarus</span> <span class='ocrx_word' id='word_1_438' title='bbox 3126 5233 3306 5292; x_wconf 88' lang='lat' dir='ltr'><strong>frater</strong></span> <span class='ocrx_word' id='word_1_439' title='bbox 3333 5237 3761 5323; x_wconf 60' lang='lat' dir='ltr'>Sigismundi,</span> <span class='ocrx_word' id='word_1_440' title='bbox 3809 5272 3920 5311; x_wconf 58' lang='lat' dir='ltr'>re;</span> 
     </span>
    </p>
   </div>
   <div class='ocr_carea' id='block_1_55' title="bbox 559 5315 3164 5410">
    <p class='ocr_par' dir='ltr' id='par_1_55' title="bbox 559 5315 3164 5410">
     <span class='ocr_line' id='line_1_55' title="bbox 559 5315 3164 5410; baseline 0.001 -31"><span class='ocrx_word' id='word_1_441' title='bbox 559 5344 625 5398; x_wconf 80' lang='lat' dir='ltr'><strong>v1</strong></span> <span class='ocrx_word' id='word_1_442' title='bbox 627 5341 874 5410; x_wconf 56' lang='lat' dir='ltr'>ATORE,</span> <span class='ocrx_word' id='word_1_443' title='bbox 1322 5315 1334 5328; x_wconf 90' lang='lat'><strong><em>&#39;</em></strong></span> <span class='ocrx_word' id='word_1_444' title='bbox 2211 5315 2704 5388; x_wconf 82' lang='lat' dir='ltr'>Burgundionum,</span> <span class='ocrx_word' id='word_1_445' title='bbox 2736 5319 3028 5377; x_wconf 88' lang='lat' dir='ltr'>ordinatus</span> <span class='ocrx_word' id='word_1_446' title='bbox 3059 5329 3164 5382; x_wconf 88' lang='lat' dir='ltr'>est.</span> 
     </span>
    </p>
   </div>
   <div class='ocr_carea' id='block_1_56' title="bbox 556 5427 3922 5518">
    <p class='ocr_par' dir='ltr' id='par_1_56' title="bbox 556 5427 3922 5518">
     <span class='ocr_line' id='line_1_56' title="bbox 556 5427 3922 5518; baseline 0.011 -53"><span class='ocrx_word' id='word_1_447' title='bbox 556 5433 614 5487; x_wconf 52' lang='grc' dir='ltr'>Ρ,</span> <span class='ocrx_word' id='word_1_448' title='bbox 650 5435 711 5488; x_wconf 52' lang='grc' dir='ltr'>ο,</span> <span class='ocrx_word' id='word_1_449' title='bbox 740 5434 807 5487; x_wconf 72' lang='lat' dir='ltr'><strong>v1</strong></span> <span class='ocrx_word' id='word_1_450' title='bbox 807 5436 1068 5506; x_wconf 54' lang='lat' dir='ltr'>ATORIS,</span> <span class='ocrx_word' id='word_1_451' title='bbox 2276 5427 2352 5480; x_wconf 89' lang='lat' dir='ltr'><strong>Eo</strong></span> <span class='ocrx_word' id='word_1_452' title='bbox 2383 5443 2531 5482; x_wconf 89' lang='lat' dir='ltr'>anno</span> <span class='ocrx_word' id='word_1_453' title='bbox 2555 5433 2749 5486; x_wconf 87' lang='lat' dir='ltr'>contra</span> <span class='ocrx_word' id='word_1_454' title='bbox 2775 5431 3213 5493; x_wconf 88' lang='lat' dir='ltr'>Chlodomerem</span> <span class='ocrx_word' id='word_1_455' title='bbox 3251 5455 3470 5515; x_wconf 87' lang='lat' dir='ltr'>regem</span> <span class='ocrx_word' id='word_1_456' title='bbox 3529 5452 3922 5518; x_wconf 62' lang='lat' dir='ltr'>Francorum</span> 
     </span>
    </p>
   </div>
   <div class='ocr_carea' id='block_1_57' title="bbox 555 5518 3910 5612">
    <p class='ocr_par' dir='ltr' id='par_1_57' title="bbox 555 5518 3910 5612">
     <span class='ocr_line' id='line_1_57' title="bbox 555 5518 3910 5612; baseline 0.012 -55"><span class='ocrx_word' id='word_1_457' title='bbox 555 5526 614 5580; x_wconf 72' lang='grc' dir='ltr'>ρ⁹</span> <span class='ocrx_word' id='word_1_458' title='bbox 642 5525 702 5580; x_wconf 51' lang='lat' dir='ltr'>C.</span> <span class='ocrx_word' id='word_1_459' title='bbox 737 5527 1048 5584; x_wconf 68' lang='lat' dir='ltr'>VIATORIS</span> <span class='ocrx_word' id='word_1_460' title='bbox 1073 5531 1254 5587; x_wconf 72' lang='lat' dir='ltr'>ANNO</span> <span class='ocrx_word' id='word_1_461' title='bbox 1279 5535 1347 5602; x_wconf 61' lang='grc' dir='ltr'>η,</span> <span class='ocrx_word' id='word_1_462' title='bbox 2203 5518 2522 5576; x_wconf 82' lang='lat' dir='ltr'>Viseroncia</span> <span class='ocrx_word' id='word_1_463' title='bbox 2557 5522 2873 5597; x_wconf 62' lang='lat' dir='ltr'>praeliavit;</span> <span class='ocrx_word' id='word_1_464' title='bbox 2904 5526 3098 5600; x_wconf 79' lang='lat' dir='ltr'>ibique</span> <span class='ocrx_word' id='word_1_465' title='bbox 3117 5529 3473 5598; x_wconf 66' lang='lat' dir='ltr'>interfectus</span> <span class='ocrx_word' id='word_1_466' title='bbox 3505 5552 3607 5604; x_wconf 84' lang='lat' dir='ltr'>est</span> <span class='ocrx_word' id='word_1_467' title='bbox 3637 5552 3910 5612; x_wconf 69' lang='lat' dir='ltr'>Chlodo-</span> 
     </span>
    </p>
   </div>
   <div class='ocr_carea' id='block_1_58' title="bbox 557 5617 2409 5689">
    <p class='ocr_par' dir='ltr' id='par_1_58' title="bbox 557 5617 2409 5689">
     <span class='ocr_line' id='line_1_58' title="bbox 557 5617 2409 5689; baseline -0.002 -17"><span class='ocrx_word' id='word_1_468' title='bbox 557 5617 914 5689; x_wconf 83' lang='lat' dir='ltr'>PAULLINO,</span> <span class='ocrx_word' id='word_1_469' title='bbox 2205 5629 2409 5669; x_wconf 86' lang='lat' dir='ltr'>meres.</span> 
     </span>
    </p>
   </div>
   <div class='ocr_carea' id='block_1_59' title="bbox 551 5711 3914 5822">
    <p class='ocr_par' dir='ltr' id='par_1_59' title="bbox 551 5711 3914 5822">
     <span class='ocr_line' id='line_1_59' title="bbox 551 5711 3914 5822; baseline 0.013 -40"><span class='ocrx_word' id='word_1_470' title='bbox 551 5711 1294 5822; x_wconf 36' lang='lat' dir='ltr'>E-‘ELEAIELELN&#39;ELHWM</span> <span class='ocrx_word' id='word_1_471' title='bbox 2275 5729 2351 5822; x_wconf 86' lang='lat' dir='ltr'><strong>Eo</strong></span> <span class='ocrx_word' id='word_1_472' title='bbox 2375 5745 2526 5784; x_wconf 87' lang='lat' dir='ltr'>anno</span> <span class='ocrx_word' id='word_1_473' title='bbox 2552 5731 2878 5788; x_wconf 87' lang='lat' dir='ltr'>interfectus</span> <span class='ocrx_word' id='word_1_474' title='bbox 2904 5738 2987 5790; x_wconf 91' lang='lat' dir='ltr'>est</span> <span class='ocrx_word' id='word_1_475' title='bbox 3014 5737 3244 5797; x_wconf 87' lang='lat' dir='ltr'>Boetius</span> <span class='ocrx_word' id='word_1_476' title='bbox 3282 5751 3592 5816; x_wconf 86' lang='lat' dir='ltr'>patricius</span> <span class='ocrx_word' id='word_1_477' title='bbox 3629 5761 3700 5820; x_wconf 87' lang='lat' dir='ltr'>in</span> <span class='ocrx_word' id='word_1_478' title='bbox 3733 5768 3914 5822; x_wconf 51' lang='lat' dir='ltr'>tetri-</span> 
     </span>
    </p>
   </div>
   <div class='ocr_carea' id='block_1_60' title="bbox 552 5804 2797 5880">
    <p class='ocr_par' dir='ltr' id='par_1_60' title="bbox 552 5804 2797 5880">
     <span class='ocr_line' id='line_1_60' title="bbox 552 5804 2797 5880; baseline 0.011 -24"><span class='ocrx_word' id='word_1_479' title='bbox 552 5804 865 5861; x_wconf 74' lang='lat' dir='ltr'>PATRICIO</span> <span class='ocrx_word' id='word_1_480' title='bbox 897 5805 982 5858; x_wconf 89' lang='lat' dir='ltr'>ET</span> <span class='ocrx_word' id='word_1_481' title='bbox 1008 5805 1321 5864; x_wconf 82' lang='lat' dir='ltr'>HYPATIO.</span> <span class='ocrx_word' id='word_1_482' title='bbox 2200 5820 2345 5875; x_wconf 88' lang='lat' dir='ltr'>torio</span> <span class='ocrx_word' id='word_1_483' title='bbox 2369 5821 2797 5880; x_wconf 84' lang='lat' dir='ltr'>Mediolanense.</span> 
     </span>
    </p>
   </div>
   <div class='ocr_carea' id='block_1_61' title="bbox 558 5896 3364 5991">
    <p class='ocr_par' dir='ltr' id='par_1_61' title="bbox 558 5896 3364 5991">
     <span class='ocr_line' id='line_1_61' title="bbox 558 5896 3364 5991; baseline 0.015 -42"><span class='ocrx_word' id='word_1_484' title='bbox 558 5896 652 5950; x_wconf 81' lang='lat' dir='ltr'>His</span> <span class='ocrx_word' id='word_1_485' title='bbox 677 5896 994 5953; x_wconf 82' lang='lat' dir='ltr'>consulibus</span> <span class='ocrx_word' id='word_1_486' title='bbox 1020 5915 1214 5971; x_wconf 84' lang='lat' dir='ltr'>pugna</span> <span class='ocrx_word' id='word_1_487' title='bbox 1236 5899 1382 5956; x_wconf 85' lang='lat' dir='ltr'>facta</span> <span class='ocrx_word' id='word_1_488' title='bbox 1403 5905 1487 5958; x_wconf 86' lang='lat' dir='ltr'>est</span> <span class='ocrx_word' id='word_1_489' title='bbox 1514 5903 1746 5962; x_wconf 86' lang='lat' dir='ltr'>Divione</span> <span class='ocrx_word' id='word_1_490' title='bbox 1774 5905 1923 5963; x_wconf 87' lang='lat' dir='ltr'>inter</span> <span class='ocrx_word' id='word_1_491' title='bbox 1936 5907 2102 5968; x_wconf 85' lang='lat' dir='ltr'>Fran-</span> <span class='ocrx_word' id='word_1_492' title='bbox 2276 5915 2670 5988; x_wconf 78' lang='lat' dir='ltr'>Probojum’ore</span> <span class='ocrx_word' id='word_1_493' title='bbox 2699 5922 2749 5974; x_wconf 82' lang='lat' dir='ltr'>et</span> <span class='ocrx_word' id='word_1_494' title='bbox 2774 5919 3091 5990; x_wconf 65' lang='lat' dir='ltr'>Philoxeno,</span> <span class='ocrx_word' id='word_1_495' title='bbox 3121 5927 3248 5985; x_wconf 75' lang='lat' dir='ltr'>ind.</span> <span class='ocrx_word' id='word_1_496' title='bbox 3276 5946 3364 5991; x_wconf 81' lang='lat' dir='ltr'>Ill.</span> 
     </span>
    </p>
   </div>
  </div>
