4022 6414
149 420 259 472 797

1641 427 2041 482 CHRONICON.

3414 428 3514 485 198

222 526 324 582 His
351 529 685 585 consulibus
725 531 940 588 occisus
980 535 1066 588 est
1100 532 1481 605 Symmachus
1524 534 1792 607 patricius
1814 547 1872 620 Α
1964 536 2040 590 Eo
2062 550 2214 591 anno
2235 534 2471 593 Baduila
2491 552 2588 591 rex
2609 535 2925 592 Gothorum
2949 537 3134 592 Roma
3154 541 3322 609 capta
3343 526 3516 610 depo-

145 621 471 678 Ravennae.

222 717 472 785 Olybrio,
514 719 630 774 ind.
664 736 736 774 IV.

219 811 340 865 Hoc
381 813 618 866 consule
650 813 952 870 defunctus
993 819 1078 870 est
1119 815 1505 872 Theudoricus
1539 833 1635 870 rex
1675 817 1782 871 Go-

137 904 392 960 thorum
416 905 478 959 in
517 905 657 960 urbe
697 907 990 977 Ravenna,
1033 913 1090 964 et
1118 911 1333 966 levatus
1360 913 1443 966 est
1468 926 1565 965 rex
1592 911 1781 965 Atala-

136 998 304 1053 ricus
335 1016 538 1070 nepos.

213 1095 486 1156 Maturio,
514 1094 630 1148 ind.
661 1111 718 1150 v.

211 1188 534 1242 Iustiniano
559 1203 619 1256 ιι,
647 1187 765 1242 ind.
799 1203 872 1244 v1.

212 1281 379 1334 Decio
395 1281 640 1350 juniore,
661 1281 780 1336 ind.
808 1298 904 1337 vu.

211 1374 521 1444 Lampadio
545 1379 596 1429 et
616 1375 816 1438 Oreste,
846 1375 963 1430 ind.
998 1391 1116 1431 vin.

208 1469 355 1522 Item
381 1469 447 1522 P.
477 1471 535 1526 C.
566 1470 856 1538 Lampadii
882 1475 932 1524 et
955 1470 1174 1537 Orestis,
1197 1471 1316 1524 ind.
1347 1485 1418 1525 ix.

205 1561 355 1615 Item
383 1563 446 1616 P.
483 1563 540 1618 C.
562 1563 854 1632 Lampadii
873 1567 922 1616 et
949 1563 1170 1626 Orestis,
1201 1564 1320 1618 ind.
1355 1579 1408 1618 x.

209 1653 315 1708 His
354 1653 683 1708 consulibus
717 1655 988 1726 Hypatius
1018 1655 1307 1727 patricius,
1348 1656 1628 1712 seditione
1667 1675 1772 1729 po-

129 1747 260 1818 puli
289 1747 616 1818 imperator
653 1749 891 1817 levatus,
919 1753 976 1803 et
1008 1749 1169 1820 jussu
1205 1749 1506 1805 Iustiniani
1535 1751 1774 1822 Augusti

129 1839 486 1895 interfectus
507 1844 612 1907 est,
632 1843 840 1896 etcum
858 1859 925 1896 eo
945 1843 1273 1912 Pompeius,
1299 1847 1354 1897 et
1374 1861 1522 1914 pene
1538 1844 1773 1916 triginta

129 1932 329 1987 millia
359 1933 667 1988 hominum
691 1933 748 1988 in
775 1934 924 1989 circo
957 1934 1151 2005 gladio
1183 1935 1371 1990 necati
1397 1939 1547 1991 sunt.

203 2029 528 2082 Iustiniano
553 2028 800 2096 Augusto
829 2045 887 2096 ιι,
915 2029 1034 2083 ind.
1062 2044 1136 2084 x1.

205 2121 468 2176 Paullino
482 2121 719 2190 juniore,
743 2122 860 2176 ind.
895 2137 990 2176 xu.

205 2216 331 2270 Hoc
353 2215 587 2270 consule
609 2231 776 2285 reges
801 2216 1150 2270 Francorum
1172 2215 1586 2284 Childebertus,
1603 2218 1770 2273 Chlo-

121 2309 320 2363 tarius
353 2312 411 2362 et
427 2307 860 2362 Theudebertus
883 2309 1274 2379 Burgundiam
1295 2309 1696 2380 obtinuerunt;
1718 2313 1776 2365 et

121 2403 340 2473 fugato
371 2401 700 2456 Godomaro
730 2419 897 2472 rege,
936 2419 1182 2472 regnum
1220 2401 1396 2474 ipsius
1437 2403 1768 2458 diviserunt.

199 2497 286 2550 Eo
316 2512 472 2550 anno
496 2495 687 2549 Africa
717 2497 978 2550 Romano
1019 2495 1262 2566 imperio
1295 2500 1423 2567 post
1452 2497 1772 2569 nonaginta

118 2594 184 2644 et
216 2589 370 2643 duos
395 2605 581 2643 annos
606 2605 711 2659 per
737 2587 1085 2642 Belesarium
1115 2589 1418 2660 patricium
1446 2589 1766 2659 reducitur;

120 2687 187 2738 et
230 2682 485 2738 Gelimer
527 2699 625 2736 rex
656 2682 1042 2736 Vandalorum
1074 2682 1326 2753 captivus
1363 2683 1766 2738 Constantino-

121 2777 253 2848 poli
287 2775 610 2843 exhibetur,
636 2779 695 2829 et
719 2775 1041 2830 Justiniano
1067 2776 1322 2845 Augusto
1347 2793 1478 2830 cum
1503 2777 1770 2832 uxoribus

119 2874 186 2924 et
219 2869 512 2924 thesauris
559 2886 592 2922 a
633 2885 804 2940 supra
843 2869 1052 2939 scripto
1097 2869 1335 2940 patricio
1367 2873 1764 2941 praesentatur.

198 2965 501 3026 Bclesa-rio,
528 2963 646 3016 ind.
677 2978 790 3018 XIII.

199 3059 325 3112 Hoc
346 3055 602 3122 consule,
634 3072 702 3110 eo
731 3071 884 3110 anno
917 3073 1029 3126 quo
1061 3057 1421 3110 consulatum
1454 3056 1645 3125 dedit,
1680 3059 1764 3112 Si-

116 3151 331 3206 ciliam
361 3149 672 3220 ingressus,
701 3165 832 3203 eam
861 3148 1107 3220 imperio
1133 3149 1397 3204 Romano
1425 3151 1691 3206 restituit.

197 3248 268 3301 P.
301 3245 360 3302 C.
387 3245 668 3304 Belesarii,
695 3243 812 3296 ind.
847 3259 956 3298 x1v.

199 3343 337 3395 Item
364 3339 427 3392 P.
459 3339 515 3395 C.
548 3337 829 3400 Belesarii,
868 3337 988 3390 ind.
1019 3351 1107 3390 xv.

196 3435 434 3494 Joanne,
461 3430 578 3484 ind.
607 3447 646 3485 1.

199 3527 324 3580 Hoc
351 3525 586 3579 consule
610 3523 962 3579 Mediolanus
991 3539 1025 3576 a
1049 3521 1246 3577 Gothis
1269 3525 1325 3576 et
1343 3523 1762 3594 Burgundioni-

112 3623 238 3676 bus
294 3618 532 3672 eﬂ’racta
573 3619 690 3684 est;
746 3616 938 3688 ibique
990 3619 1286 3670 senatores
1337 3619 1396 3670 et
1439 3617 1764 3672 sacerdotes

112 3729 264 3770 cum
296 3711 534 3782 reliquis
563 3710 807 3782 pOpulis,
839 3709 1013 3764 etiam
1039 3709 1097 3763 in
1125 3710 1245 3781 ipsa
1266 3714 1622 3764 sacrosancta
1640 3712 1764 3764 loca

110 3805 423 3863 interfecti
452 3808 613 3871 sunt;
642 3804 724 3858 ita
750 3805 813 3858 ut
850 3803 1129 3873 sanguine
1160 3819 1362 3857 eorum
1399 3803 1521 3874 ipsa
1561 3803 1764 3858 altaria

111 3901 437 3955 cruentata
463 3897 597 3952 sint.

193 3994 476 4064 Appione,
501 3992 620 4046 ind.
653 4007 714 4046 ιι.

192 4087 319 4141 Hoc
346 4085 580 4138 consule
609 4083 1042 4138 Theudebertus
1058 4099 1155 4136 rex
1175 4083 1521 4136 Francorum
1541 4082 1762 4137 Italiam

108 4183 446 4250 ingressus,
473 4177 768 4249 Liguriam
801 4175 1207 4246 [Emiliamque
1236 4175 1578 4242 devastavit;
1609 4176 1757 4246 ejus-

107 4291 239 4348 que
266 4271 550 4326 exercitus
578 4270 687 4325 loci
713 4269 1046 4324 infirmitate
1073 4273 1340 4340 gravatus
1359 4269 1524 4324 valde
1546 4269 1756 4324 contri-

105 4369 360 4423 bulatus
386 4369 489 4419 est.

191 4461 438 4520 Iustino,
463 4457 581 4512 ind.
614 4473 694 4512 ιιι.

190 4553 318 4608 Hoc
348 4551 580 4606 consule
605 4535 761 4604 Persi
795 4548 1158 4604 Antiochiam
1199 4551 1595 4618 vastaverunt,
1631 4550 1755 4604 uni-

109 4665 473 4720 versamque
499 4648 746 4720 Syriam,
779 4647 1214 4718 depOpulantes.

189 4746 279 4799 Eo
308 4759 462 4796 anno
490 4740 808 4796 Belesarius
831 4740 1102 4811 patricius
1128 4739 1388 4810 Wittegis
1415 4755 1616 4809 regem
1647 4739 1753 4793 Go-

109 4841 386 4904 thorum,
420 4836 490 4890 de
517 4836 789 4890 Ravenna
815 4834 1099 4904 captivum
1131 4833 1462 4900 abductum,
1486 4835 1759 4890 Constan-

109 4929 372 5002 tin0poli
405 4945 535 4982 cum
573 4929 746 4984 uxore
783 4931 842 4981 et
877 4926 1178 4995 thesauris,
1203 4928 1423 4982 Iustino
1447 4927 1471 4956 ⁸
1501 4929 1755 4998 Augusto

109 5013 519 5098 praesentavit.

187 5116 422 5177 Basilio,
449 5113 566 5169 ind.
598 5129 670 5176 iv,

190 5213 258 5266 P.
291 5210 350 5266 Ο.
377 5208 578 5264 Basilii
597 5221 740 5260 anno
771 5221 809 5272 1,
837 5207 954 5260 ind.
989 5221 1040 5258 v.

187 5306 257 5360 P.
289 5303 349 5359 ο.
377 5301 576 5356 Basilii
603 5315 744 5354 anno
785 5315 844 5370 ιι,
871 5299 990 5354 ind.
1021 5313 1095 5353 v1.

186 5399 255 5452 P:
289 5396 350 5452 C.
378 5393 577 5450 Basilii
599 5408 741 5447 anno
767 5408 849 5460 ιιι,
881 5393 1000 5446 ind.
1029 5407 1122 5446 v11.

185 5493 255 5547 P.
285 5487 345 5544 C.
373 5487 568 5543 Basilii
591 5501 736 5540 anno
762 5499 839 5554 Iv,
866 5485 982 5540 ind.
1012 5500 1132 5538 vin.

185 5586 254 5640 P.
289 5582 349 5639 C.
378 5580 576 5637 Basilii
597 5593 737 5633 anno
762 5594 816 5648 v,
845 5577 963 5632 ind.
992 5593 1067 5632 1x.

185 5679 254 5733 Ρ.
284 5674 344 5729 C.
371 5673 568 5728 Basilii
588 5687 732 5726 anno
758 5687 834 5739 vi,
863 5671 978 5725 ind.
1008 5686 1062 5726 x.

185 5770 306 5822 Hoc
330 5781 487 5821 anno
513 5763 753 5836 Vigilius
777 5780 927 5836 papa
947 5764 1242 5819 Romanus
1259 5759 1755 5832 Constantinopoli

109 5859 476 5934 properavit.

1889 630 2121 700 pulavit,
2147 629 2497 701 dejectisque
2517 631 2696 686 muris
2721 634 2940 702 partem
2971 629 3210 686 civitatis
3234 632 3508 686 incendit.

1958 724 2034 778 Eo
2063 740 2216 778 anno
2237 725 2545 796 resumptis
2569 724 2782 779 viribus
2799 725 3114 780 Belesarius
3130 725 3241 782 dux
3264 727 3509 784 Romam

1886 815 1958 870 ad
1989 817 2312 872 Romanum
2341 817 2664 872 dominium
2692 818 2996 874 revocavit.

1955 911 2016 965 P.
2049 913 2106 969 Ο.
2137 911 2328 967 Basilii
2349 927 2488 967 anno
2505 895 2612 979 vn,
2639 913 2756 966 ind.
2783 929 2857 967 x1.

1955 1004 2034 1058 Eo
2083 1020 2235 1058 anno
2267 1005 2698 1060 Theudebertus
2736 1022 2834 1082 rex
2873 1022 3120 1077 magnus
3161 1007 3506 1063 Francorum

1885 1095 2052 1163 obiit;
2105 1101 2164 1150 et
2214 1097 2363 1151 sedit
2413 1098 2471 1152 in
2515 1115 2696 1171 regno
2743 1099 2865 1170 ejus
2893 1097 3331 1155 Theudebaldus
3360 1099 3506 1155 ﬁlius

1881 1188 2078 1261 ipsius.

1951 1283 2030 1338 Eo
2063 1300 2216 1338 anno
2248 1284 2656 1340 Lanthacarius
2701 1285 2813 1341 dux
2856 1288 3206 1342 Francorum
3251 1285 3310 1341 in
3355 1286 3505 1342 bello

1878 1375 2143 1433 Romano
2170 1378 2514 1432 transfossus
2543 1377 2702 1434 obiit.

1946 1472 2007 1524 P.
2046 1473 2101 1528 ϐ.
2131 1473 2328 1526 Basilii
2346 1487 2488 1526 anno
2513 1489 2628 1540 vni,
2656 1475 2774 1528 ind.
2803 1489 2900 1530 xu.

1946 1564 2007 1618 P.
2038 1563 2096 1618 Ο.
2124 1566 2322 1620 Basilii
2343 1581 2485 1618 anno
2520 1579 2592 1632 Ix,
2622 1567 2738 1620 ind.
2766 1582 2886 1622 xm.

1941 1659 2003 1710 P.
2035 1658 2092 1714 C.
2119 1658 2312 1713 Basilii
2337 1674 2480 1712 anno
2505 1673 2562 1728 x,
2593 1660 2712 1713 ind.
2741 1675 2854 1714 xxv.

1943 1751 2005 1804 P.
2033 1748 2092 1805 C.
2119 1751 2316 1806 Basilii
2339 1767 2478 1806 anno
2503 1767 2580 1818 xI,
2613 1752 2729 1806 ind.
2762 1769 2853 1807 xv.

1941 1844 2004 1897 P.
2036 1845 2093 1900 Ο.
2122 1845 2318 1899 Basilii
2334 1861 2472 1899 anno
2503 1861 2599 1914 xu,
2633 1846 2748 1900 ind.
2773 1862 2831 1900 ιι.

1792 1915 1849 1986 Β
1945 1938 2059 1990 Hoc
2089 1953 2242 1991 anno
2271 1937 2507 1992 Baduila
2537 1955 2631 1992 rex
2667 1939 2982 1994 Gothorum
3011 1939 3082 1994 ab
3109 1939 3356 1994 exercitu
3385 1938 3496 1995 rei-

1873 2027 2116 2100 publicae
2143 2047 2246 2100 per
2275 2031 2570 2086 Narsetem
2591 2032 3043 2087 chartulharium
3066 2033 3392 2088 eunuchum
3417 2031 3500 2085 in-

1875 2123 2177 2189 terﬁcitur;
2203 2125 2260 2176 et
2287 2124 2422 2193 Teja
2448 2124 2666 2196 accepit
2695 2140 2940 2196 regnum
2969 2125 3109 2196 ejus.

1944 2217 2006 2270 P.
2047 2215 2104 2270 C.
2133 2217 2331 2272 Basilii
2353 2233 2494 2272 anno
2519 2233 2636 2287 xm,
2664 2219 2780 2272 ind.
2803 2235 2862 2273 ιι.

1945 2308 2058 2362 Hoc
2101 2326 2254 2363 anno
2305 2310 2440 2380 Teja
2489 2328 2586 2365 rex
2633 2311 2948 2367 Gothorum
2993 2329 3027 2366 a
3075 2328 3248 2384 supra
3289 2312 3498 2383 scripto

1871 2402 2042 2456 Narse
2072 2402 2432 2457 interficitur.

1942 2497 2001 2548 P.
2034 2497 2090 2552 C.
2119 2496 2312 2550 Basilii
2337 2512 2476 2550 anno
2502 2513 2612 2563 xiv,
2641 2497 2758 2552 ind.
2780 2513 2862 2552 ιιι.

1943 2589 2056 2642 Hoc
2091 2604 2243 2642 anno
2273 2589 2715 2644 Theudobaldus
2745 2607 2842 2644 rex
2867 2591 3214 2646 Francorum
3244 2590 3404 2658 obiit,
3438 2595 3498 2646 et

1871 2680 2116 2735 obtinuit
2140 2698 2386 2752 regnum
2426 2682 2546 2752 ejus
2576 2683 3027 2752 Chlothacarius,
3054 2687 3290 2756 patruus
3318 2685 3494 2756 patris

1869 2775 2010 2846 ejus.

1939 2869 2018 2923 Eo
2048 2885 2200 2923 anno
2223 2869 2545 2924 Chramnus
2566 2869 2713 2924 filius
2733 2869 3120 2926 Chlothacarii
3146 2871 3318 2943 regis,
3345 2870 3494 2926 solli-

1868 2961 2078 3016 citante
2102 2962 2466 3017 Childeberto
2495 2966 2699 3034 patruo
2727 2981 2850 3034 suo,
2884 2965 2956 3018 ad
2985 2964 3174 3036 ipsum
3207 2966 3490 3020 latebram

1867 3054 2043 3108 dedit.

1935 3149 2012 3202 Eo
2046 3164 2199 3204 anno
2236 3149 2551 3204 Saxonibus
2585 3150 2996 3206 rebellantibus
3017 3195 3029 3219 ,
3065 3151 3493 3208 Chlothacarius

1867 3257 1964 3294 rex
1991 3257 2122 3295 cum
2151 3243 2308 3312 gravi
2339 3243 2588 3297 exercitu
2617 3247 2822 3298 contra
2862 3245 3014 3315 ipsos
3042 3245 3367 3312 dimicavit;
3396 3247 3492 3301 ubi

1868 3333 2176 3388 multitudo
2239 3335 2582 3389 Francorum
2645 3325 2730 3391 et.
2765 3337 3049 3392 Saxonum
3130 3339 3486 3408 ceciderunt;

1865 3426 2222 3481 Chlotharius
2255 3431 2451 3482 tamen
2483 3445 2578 3482 rex
2605 3429 2786 3484 victor
2815 3430 3102 3484 abscessit.

1936 3520 2014 3573 Eo
2044 3523 2305 3590 tempore
2331 3521 2676 3576 Buccelenus
2715 3523 2826 3576 dux
2871 3524 3218 3578 Francorum
3251 3524 3307 3578 in
3338 3524 3487 3579 bello

1867 3613 2128 3667 Romano
2159 3630 2289 3667 cum
2320 3614 2476 3668 omni
2504 3616 2754 3670 exercitu
2779 3633 2880 3671 suo
2907 3616 3142 3670 interiit.

1937 3709 1996 3760 P.
2039 3705 2098 3762 C.
2126 3708 2319 3762 Basilii
2335 3724 2474 3762 anno
2503 3725 2592 3778 xv,
2622 3710 2739 3764 ind.
2772 3727 2845 3764 Iv.

1934 3805 2012 3859 Eo
2045 3821 2198 3859 anno
2233 3804 2444 3862 iterum
2470 3807 2879 3862 rebellantibus
2911 3807 3226 3864 Saxonibus
3255 3809 3482 3864 Chlota-

1862 3897 1980 3952 rius
2006 3915 2098 3952 rex
2127 3915 2383 3968 pugnam
2417 3899 2610 3967 dedit;
2652 3899 2846 3973 ibique
2875 3902 3127 3957 maxima
3151 3919 3284 3974 pars
3312 3903 3480 3959 Saxo-

1863 4008 2004 4045 num
2035 3991 2256 4046 cecidit.

1932 4086 2010 4138 Eo
2039 4101 2193 4139 anno
2225 4086 2426 4140 Franci
2451 4090 2630 4141 totam
2656 4089 3056 4159 Thoringiam,
3097 4107 3202 4162 pro
3231 4107 3298 4145 eo
3331 4091 3484 4162 quod

1862 4195 1992 4232 cum
2015 4178 2329 4234 Saxonibus
2361 4179 2778 4251 conjuraverat,
2806 4187 3188 4238 vastaverunt.

1929 4271 2070 4342 Ipsis
2098 4271 2299 4326 diebus
2321 4273 2642 4329 Chramnus
2659 4276 2898 4332 collecto
2917 4276 3167 4332 exercitu
3186 4278 3484 4350 regionem

1860 4364 2037 4436 patris
2061 4365 2146 4419 sui
2169 4365 2446 4421 devastat.
3437 4425 3448 4440 ,

1931 4459 2009 4511 Eo
2030 4475 2181 4512 anno
2198 4460 2474 4513 exercitus
2489 4460 2837 4516 Francorum
2861 4461 3185 4533 reipublicae
3207 4465 3483 4519 Romanas

1859 4551 2172 4606 exercitum
2195 4552 2450 4619 vastavit,
2472 4556 2644 4624 atque
2666 4554 2980 4626 eti'ugatum
3007 4555 3337 4624 devastavit,
3351 4574 3480 4612 cum

1774 4643 1833 4714 Ι)
1858 4644 1967 4698 illis
1995 4648 2052 4698 et
2078 4644 2288 4698 divitiis
2316 4645 2513 4698 multis
2539 4645 2814 4700 abductis.

1930 4739 2006 4792 Eo
2039 4753 2192 4792 anno
2239 4737 2515 4792 exercitus
2555 4738 2884 4809 reipublicae
2929 4743 3232 4814 resumptis
3268 4743 3482 4798 viribus

1857 4835 2080 4903 partem
2109 4831 2304 4898 Italiae,
2325 4847 2499 4902 quam
2519 4832 2949 4888 Theudebertus
2974 4851 3072 4889 rex
3107 4837 3476 4910 adquisierat,

1858 4924 2172 4996 occupavit.

1927 5021 1988 5073 P.
2019 5017 2077 5074 C.
2108 5018 2302 5074 Basilii
2324 5033 2465 5073 anno
2494 5033 2608 5087 va,
2637 5021 2754 5075 ind.
2783 5038 2838 5077 v.

1926 5113 1987 5166 P.
2019 5110 2078 5166 C.
2105 5113 2300 5166 Basilii
2324 5128 2466 5166 anno
2492 5129 2623 5182 xvn,
2654 5115 2767 5169 ind.
2798 5131 2874 5170 v1.

1928 5204 2044 5259 Hoc
2081 5220 2235 5259 anno
2275 5203 2670 5261 Childebertus
2707 5225 2804 5263 rex
2845 5209 3192 5267 Francorum
3229 5213 3478 5282 transiit,

1858 5299 1916 5350 et
1944 5296 2196 5351 obtinuit
2219 5314 2465 5367 regnum
2488 5299 2538 5370 ej
2548 5316 2610 5354 us
2637 5301 2960 5358 Chlotarius
2981 5321 3101 5374 rex,
3130 5306 3311 5362 frater
3334 5307 3477 5380 ejus.

1926 5391 1989 5445 P.
2023 5391 2080 5448 C.
2107 5391 2302 5446 Basilii
2326 5405 2467 5445 anno
2497 5407 2651 5462 xviu,
2678 5395 2796 5450 ind.
2823 5411 2923 5452 vn.

1927 5485 1988 5539 P.
2016 5481 2074 5538 Ο.
2105 5483 2304 5539 Basilii
2329 5499 2468 5540 anno
2497 5501 2610 5554 χιχ,
2635 5488 2752 5543 ind.
2783 5505 2898 5546 vni.

1929 5575 2044 5630 Hoc
2063 5593 2236 5646 anno,
2262 5577 2574 5634 serenitate
2591 5581 2736 5650 coeli,
2764 5581 2917 5638 inter
2941 5586 3132 5642 stellas
3153 5588 3482 5659 splendidas

1858 5667 2160 5723 obscurata
2191 5674 2276 5724 est
2304 5671 2439 5724 luna
2465 5687 2578 5742 xvx,
2609 5677 2671 5728 ut
2698 5675 2786 5729 vix
2816 5677 3068 5749 conspici
3091 5684 3302 5750 posset.

1927 5761 2006 5815 Eo
2025 5777 2180 5816 anno
2200 5761 2522 5820 Chramnus
2539 5772 2670 5837 post
2689 5775 3052 5827 sacramenta
3067 5787 3194 5842 quas
3213 5771 3360 5842 patri
3383 5771 3479 5826 de-

1857 5853 2038 5920 derat,
2063 5854 2137 5909 ad
2159 5854 2462 5912 Britannos
2474 5859 2641 5930 petiit
2660 5877 2673 5914 :
2695 5864 2754 5916 et
2771 5863 3014 5918 moliens
3035 5878 3279 5934 regnum
3300 5863 3477 5934 patris

189 5977 216 6006 ³
245 5976 339 6033 Sic
364 5973 502 6031 edit.
521 5972 1103 6032 mendose.Rescribe
1123 5969 1448 6030 Iustiniano.
1470 5973 1655 6044 Atque
1678 5969 1756 6028 ita
1786 5968 1930 6043 legit
1954 5969 2161 6044 Pagius
2190 5971 2264 6028 ad
2295 5987 2514 6032 annum
2542 5975 2663 6046 540,
2695 5973 2727 6048 §
2758 5979 2840 6034 Η.
