4022 6404
541 366 642 418 799

539 469 830 536 invadere,
875 469 1140 524 adversus
1182 467 1368 539 ipsum
1415 483 1547 522 cum
1587 466 1873 522 Britannis
1923 481 2153 520 movere

544 579 710 616 ausus
737 567 838 628 est,
881 563 1169 632 multaque
1211 561 1334 614 loca
1377 561 1628 630 graviter
1657 558 2024 630 deprzedavit.
2069 558 2154 612 Ad

542 655 698 724 cujus
741 653 1023 709 insaniam
1063 653 1490 724 reprimendam
1536 656 1700 724 pater
1737 668 1866 706 cum
1909 637 2156 706 exercitu

543 732 896 818 properavit;
969 751 1026 800 et
1086 747 1386 801 interfecto
1447 746 1658 800 comite
1721 744 2154 811 Britannorum,

541 839 893 896 Chramnum
933 841 1118 893 vivum
1158 840 1335 910 cepit,
1367 839 1782 909 incensumque
1819 854 1950 892 cum
1983 853 2155 892 uxore

543 937 600 988 et
625 933 774 1000 ﬁliis,
806 933 977 987 totius
1009 932 1260 1002 regionis
1285 931 1483 986 incidit
1506 930 1808 986 excidium.

611 1029 672 1082 P.
707 1029 762 1084 C.
791 1027 982 1082 Basilii
1007 1041 1148 1080 anno
1171 1042 1265 1093 xx,
1292 1025 1409 1079 ind.
1441 1041 1516 1078 ιχ.

612 1121 726 1173 Hoc
755 1135 905 1174 anno
935 1117 1362 1173 Chlothacarius
1382 1134 1478 1172 rex
1497 1121 1757 1172 mortuus
1782 1121 1892 1186 est;
1925 1120 1983 1170 et
2013 1116 2152 1171 divi-

543 1196 738 1266 serunt
769 1227 1011 1282 regnum
1039 1211 1161 1281 ejus
1191 1210 1291 1264 ﬁlii
1315 1210 1518 1281 ipsius,
1547 1209 1606 1263 id
1637 1213 1738 1276 est,
1766 1210 2151 1275 Charibertus,

545 1305 1014 1370 Guntecramnus,
1042 1303 1355 1373 Hilpericus
1385 1305 1442 1356 et
1468 1302 1803 1374 Sigibertus.

611 1401 670 1452 P.
703 1400 759 1454 C.
791 1398 984 1452 Basilii
1009 1412 1151 1450 anno
1180 1412 1289 1463 xxI,
1319 1397 1436 1450 ind.
1462 1413 1514 1450 x.

609 1492 671 1546 P.
701 1493 757 1548 C.
784 1491 978 1544 Basilii
999 1505 1140 1544 anno
1168 1506 1300 1555 χχιι,
1329 1489 1445 1543 ind.
1475 1505 1552 1544 x1.

611 1585 725 1637 Hoc
755 1599 907 1636 anno
937 1599 1105 1635 mons
1131 1581 1348 1636 validus
1373 1581 1832 1647 Tauretunensis,
1856 1579 1916 1634 in
1935 1579 2158 1634 territo-

541 1675 624 1730 rio
651 1675 915 1744 Vallensi,
952 1674 1032 1728 ita
1063 1674 1247 1730 subito
1281 1673 1394 1727 ruit
1416 1717 1429 1741 ,
1458 1677 1521 1726 ut
1547 1677 1796 1728 castrum
1827 1673 1915 1727 cui
1943 1672 2156 1726 vicinus

539 1772 680 1834 erat,
715 1771 769 1822 et
794 1768 944 1822 vicos
971 1784 1098 1821 cum
1121 1767 1387 1821 omnibus
1413 1765 1628 1820 ibidem
1651 1766 2040 1820 habitantibus
2061 1781 2156 1835 op-

1666 359 1873 423 MABII,
1914 358 2387 413 AVENTICENSIS
2425 358 2737 422 EPISCOPI,

3833 353 3942 406 800

2255 465 2559 520 multitudo
2595 463 2948 534 captivorum
2985 462 3175 534 gentis
3211 461 3394 532 ipsius
3421 457 3790 514 venundata
3827 462 3938 512 est.

2325 561 2480 614 Anno
2507 574 2559 612 ιγ
2585 573 2724 612 cons.
2753 559 2959 612 Justini
2972 556 3101 624 jun.
3130 557 3304 624 Aug.,
3331 555 3456 608 ind.
3493 571 3582 608 ιιι.

2326 653 2439 706 Hoc
2472 668 2623 704 anno
2654 650 2888 704 morbus
2913 649 3136 703 validus
3161 691 3173 714 ,
3203 665 3335 701 cum
3365 645 3673 718 profluvio
3703 647 3942 700 ventris

2258 749 2312 798 et
2345 745 2577 808 variola,
2609 744 2832 798 Italiam
2854 742 3211 812 Galliamque
3242 741 3412 794 valde
3444 739 3688 805 afﬂixit,
3716 743 3783 792 et
3807 755 3937 792 ani-

2258 837 2432 892 malia
2457 837 2668 892 bubula
2701 853 2804 907 per
2837 837 2958 890 loca
3004 851 3176 905 supra
3214 834 3433 906 scripta
3463 831 3740 888 maxime
3778 831 3940 886 inte-

2257 931 2492 984 rierunt.

2328 1025 2404 1078 Eo
2438 1039 2588 1077 anno
2615 1027 2875 1097 mortuus
2907 1025 2992 1076 est
3013 1022 3208 1076 Celsus
3238 1021 3546 1093 patricius.

2324 1118 2480 1172 Anno
2507 1133 2538 1170 v
2569 1131 2708 1170 cons.
2739 1116 3077 1184 Justinijun.
3105 1116 3276 1184 Aug.,
3304 1115 3428 1169 ind.
3460 1130 3544 1171 1v.

2326 1211 2440 1262 Hoc
2467 1225 2618 1262 anno
2642 1209 2880 1262 infanda
2900 1208 3208 1262 infirmitas
3227 1209 3406 1278 atque
3427 1206 3754 1278 glandula,
3771 1207 3948 1276 cujus

2259 1318 2468 1356 nomen
2493 1305 2578 1354 est
2605 1302 2850 1372 pustula,
2884 1301 2942 1354 in
2974 1318 3147 1371 supra
3183 1300 3351 1354 dictis
3377 1299 3744 1371 regionibus
3767 1299 3949 1352 innu-

2258 1394 2594 1470 m_erabilem
2620 1395 2896 1464 populum
2923 1393 3258 1448 devastavit.

2324 1490 2482 1543 Anno
2511 1503 2565 1541 v1
2595 1503 2738 1542 cons.
2765 1489 2969 1542 Justini
2985 1487 3112 1556 jun.
3143 1488 3316 1556 Aug.,
3347 1487 3470 1540 ind.
3507 1503 3563 1540 v.

2326 1583 2442 1634 Hoc
2467 1596 2618 1634 anno
2648 1581 2940 1634 Albuenus
2960 1597 3058 1634 rex
3079 1579 3618 1650 Langobardorum
3639 1597 3678 1634 a
3700 1580 3860 1646 suis,
3892 1581 3950 1634 id

2257 1678 2360 1740 est,
2395 1672 2667 1743 Hilmegis
2697 1689 2826 1727 cum
2856 1673 3113 1744 reliquis,
3137 1672 3553 1728 consentiente
3578 1689 3780 1728 uxore
3816 1691 3950 1738 sua,

2256 1767 2590 1820 interfectus
2609 1769 2720 1831 est;
2747 1771 2802 1820 et
2823 1783 2996 1836 supra
3015 1765 3260 1836 scriptus
3281 1767 3597 1836 Hilmegis,
3625 1783 3778 1820 cum
3806 1771 3953 1820 ante

539 1861 866 1934 pressisset;
902 1865 960 1914 et
996 1861 1184 1915 lacum
1215 1859 1272 1913 in
1315 1858 1676 1929 longitudine
1705 1875 1774 1914 1.x
1803 1859 2068 1924 millium,
2099 1851 2230 1923 etB
2255 1859 2404 1913 dicta
2431 1875 2602 1914 uxore
2625 1859 2800 1929 ipsius
2821 1875 2997 1929 quam
3021 1859 3130 1912 sibi
3159 1859 3218 1912 in
3239 1858 3715 1914 matrimonium
3749 1859 3952 1914 socia-

541 1954 838 2008 latitudine
865 1970 934 2006 xx
966 1953 1233 2019 millium,
1265 1953 1345 2006 ita
1371 1955 1553 2006 totum
1574 1951 1773 2019 movit,
1809 1955 1870 2005 ut
1895 1968 2155 2021 egressus

537 2049 776 2116 utraque
804 2046 927 2116 ripa
952 2045 1104 2099 vicos
1135 2044 1562 2115 antiquissimos
1583 2061 1718 2098 cum
1743 2043 2076 2098 hominibus
2099 2046 2156 2098 et

541 2139 838 2209 pecoribus
866 2141 1167 2204 vastasset;
1213 2137 1386 2192 etiam
1428 2139 1608 2191 multa
1643 2140 2002 2191 sacrosancta
2032 2138 2155 2190 loca

540 2247 669 2286 cum
699 2231 778 2284 eis
804 2231 1176 2284 servientibus
1197 2230 1542 2295 demolisset,
1564 2233 1620 2284 ct
1641 2234 1875 2300 pontem
1901 2231 2150 2283 Genava-

541 2341 689 2390 cum,
713 2325 956 2379 molinas
979 2327 1035 2377 et
1057 2323 1321 2378 homines
1342 2340 1442 2394 per
1461 2323 1575 2376 vim
1597 2323 1830 2392 dejecit;
1851 2326 1909 2378 et
1927 2325 2155 2378 Genava

539 2418 762 2470 civitate
791 2433 1054 2487 egressus
1082 2417 1272 2486 plures
1304 2416 1568 2470 homines
1598 2416 1900 2470 interfecit.

609 2512 668 2564 P.
701 2512 756 2567 C.
784 2511 979 2565 Basilii
999 2525 1140 2562 anno
1165 2526 1314 2576 xxm,
1344 2510 1460 2562 ind.
1489 2525 1582 2564 x11.

609 2605 670 2658 P.
703 2603 757 2657 (ἶ.
789 2604 982 2656 Basilii
1005 2619 1144 2657 anno
1169 2619 1314 2668 xx1v,
1339 2602 1458 2656 ind.
1487 2619 1604 2656 x111.

611 2697 721 2750 Hoc
751 2712 902 2749 anno
932 2695 1199 2748 monachi
1225 2697 1598 2764 Agaunenses
1622 2693 1930 2748 iracundia).
1956 2695 2153 2764 spiritu

538 2787 776 2852 incitati,
805 2787 986 2841 noctis
1005 2791 1265 2857 tempore
1287 2787 1617 2856 episcopum
1639 2804 1802 2840 suum
1827 2787 2151 2855 Agricolam

541 2897 668 2933 cum
691 2881 862 2946 clero,
895 2882 952 2933 et
981 2879 1127 2933 cives
1153 2879 1248 2950 qui
1275 2896 1403 2934 cum
1437 2879 1558 2950 ipso
1587 2883 1771 2946 erant,
1796 2879 2051 2934 occidere
2074 2879 2154 2933 ni-

537 2974 743 3034 tentes,
767 2973 1003 3026 domum
1027 2972 1276 3026 ecclesiae
1299 2971 1682 3041 effregerunt:
1707 2975 1766 3026 et
1785 2972 1922 3026 dum
1945 2973 2156 3043 episco-

539 3081 676 3135 pum
704 3081 868 3118 suum
909 3065 1094 3118 clerici
1125 3065 1210 3117 vel
1255 3063 1402 3118 cives
1442 3064 1742 3118 defensare
1783 3065 1970 3139 conati
2001 3067 2152 3131 sunt,

541 3157 788 3227 graviter
815 3157 884 3211 ab
909 3157 1046 3227 ipsis
1071 3157 1369 3211 monachis
1398 3158 1678 3211 vulnerati
1703 3160 1852 3211 sunt.

2255 1955 2432 2020 verat,
2457 1954 2513 2005 et
2534 1951 2692 2005 omni
2710 1951 3002 2017 thesauro,
3017 1955 3137 2005 tam
3152 1951 3311 2023 quod
3324 1951 3396 2006 de
3418 1952 3760 2007 Pannonia
3788 1953 3958 2006 exhi-

2253 2045 2474 2111 buerat,
2523 2061 2698 2115 quam
2743 2045 2899 2114 quod
2942 2044 3012 2098 de
3043 2045 3206 2099 Italia
3238 2049 3761 2115 congregaverat,
3811 2063 3952 2100 cum

2253 2140 2416 2208 parte
2443 2138 2738 2204 exercitus,
2765 2139 3051 2191 Ravennm
3079 2137 3423 2209 reipublicae
3447 2155 3510 2192 se
3543 2138 3846 2194 tradidit.

2324 2230 2484 2284 Anno
2512 2247 2582 2285 v11
2611 2246 2751 2284 cons.
2777 2231 3118 2298 Justinijun.
3151 2233 3322 2298 Aug.,
3351 2231 3476 2285 ind.
3512 2247 3592 2286 v1.

2325 2325 2439 2377 Hoc
2489 2340 2640 2378 anno
2695 2323 2806 2376 dux
2855 2323 3400 2393 Langobardorum,
3447 2323 3714 2380 nomine
3779 2327 3954 2392 Cleb,

2253 2416 2412 2486 genti
2440 2416 2613 2486 ipsius
2652 2433 2750 2470 rex
2777 2415 3076 2470 ordinatus
3103 2420 3207 2483 cst,
3239 2420 3298 2470 et
3328 2419 3534 2488 plures
3565 2419 3869 2474 seniores
3899 2426 3959 2473 et

2253 2509 2570 2562 mediocres
2603 2509 2672 2562 ab
2704 2507 2827 2578 ipso
2857 2507 3145 2562 interfecti
3175 2513 3330 2564 sunt.

2325 2603 2400 2655 Eo
2441 2617 2592 2655 anno
2621 2601 2892 2656 Vzefarius
2920 2601 3033 2654 dux
3061 2602 3422 2656 Francorum
3454 2603 3642 2672 obiit,
3684 2608 3752 2659 et
3786 2607 3954 2661 ordi-

2255 2697 2421 2748 natus
2451 2697 2534 2748 est
2561 2693 2979 2748 Thcodofridus
3007 2694 3062 2748 in
3095 2695 3288 2748 locum
3317 2695 3448 2765 ejus
3479 2696 3626 2752 dux.

2322 2788 2476 2842 Anno
2503 2803 2594 2842 v111
2621 2803 2761 2841 cons.
2787 2788 3128 2857 Justinijun.
3151 2788 3324 2856 Aug.,
3357 2790 3482 2844 ind.
3515 2807 3624 2844 v11.

2324 2880 2438 2933 Hoc
2463 2896 2614 2934 anno
2641 2879 2843 2936 Clcbus
2867 2897 2965 2934 rex
2991 2881 3527 2952 Langobardorum
3547 2900 3584 2938 a
3607 2901 3823 2956 puero
3851 2905 3956 2943 suo

2252 2971 2586 3027 interfectus
2612 2975 2716 3028 est.

2325 3067 2402 3120 Eo
2427 3081 2577 3121 anno
2600 3066 2810 3120 iterum
2825 3066 3191 3138 Langobardi
3214 3067 3274 3122 in
3289 3069 3454 3122 Valle
3477 3067 3763 3140 ingressi
3791 3079 3956 3142 sunt,

2255 3162 2310 3212 et
2333 3160 2525 3212 Clusas
2553 3158 2953 3226 obtinuerunt,
2989 3163 3048 3213 et
3083 3159 3142 3214 in
3170 3163 3544 3219 monasterio
3579 3169 3960 3224 sanctorum

611 3251 688 3304 Eo
719 3267 872 3304 anno
902 3250 1127 3303 transiit
1145 3250 1534 3318 Magnacarius
1561 3250 1672 3304 dux
1702 3251 2063 3305 Francorum.
2176 3210 2230 3284 Ο
2255 3251 2676 3306 Acaunensium
2707 3251 2906 3306 diebus
2929 3253 3125 3308 multis
3151 3254 3615 3328 habitaverunt;
3645 3265 3712 3316 et
3735 3267 3962 3333 postea

612 3346 672 3398 P.
703 3343 760 3397 C.
787 3345 981 3399 Basilii
1002 3359 1144 3397 anno
1175 3359 1298 3409 xxv,
1326 3344 1441 3396 ind.
1474 3359 1582 3398 x1v.

611 3437 723 3489 Hoc
749 3452 901 3490 anno
927 3435 1115 3506 sigum
1148 3436 1413 3506 apparuit
1440 3435 1499 3490 in
1522 3437 1662 3490 coelo
1687 3451 1792 3506 per
1811 3435 1932 3490 dies
1961 3453 2082 3490 Lxx.

611 3529 687 3581 Eo
731 3545 882 3582 anno
925 3531 1186 3582 mortuus
1226 3531 1311 3582 est
1350 3529 1702 3583 Justinianus
1746 3529 2052 3599 Augustus,
2101 3531 2158 3583 et

540 3621 785 3690 suscepit
807 3621 1056 3676 Justinus
1089 3637 1266 3692 nepos
1295 3621 1470 3692 ipsius
1499 3621 1827 3691 imperium.

609 3715 686 3767 Eo
713 3727 864 3767 anno
897 3713 1083 3768 hiems
1112 3713 1498 3768 valentissima
1527 3713 1654 3778 fuit,
1691 3717 1753 3768 ut
1778 3714 2030 3785 quinque
2059 3718 2158 3770 aut

541 3823 608 3861 eo
636 3806 878 3877 amplius
905 3806 1196 3860 mensibus
1236 3809 1473 3877 propter
1511 3805 1656 3859 nivis
1696 3806 2155 3876 magnitudinem

538 3901 692 3952 terra
734 3899 915 3952 videri
956 3915 1072 3952 non
1117 3901 1352 3968 posset:
1388 3898 1625 3968 ipsaque
1660 3899 1934 3968 asperitas
1976 3901 2155 3956 multa

542 3990 816 4045 animalia
848 3989 1088 4044 necavit.

612 4083 690 4136 Eo
712 4099 865 4135 anno
893 4082 1208 4136 Sindewala
1229 4083 1427 4137 Erolus
1448 4083 1810 4153 tyrannidem
1831 4085 2152 4156 assumpsit,

541 4177 596 4228 et
620 4192 652 4228 a
683 4175 893 4228 Narseo
918 4174 1158 4244 patricio
1187 4174 1522 4230 interfectus
1551 4179 1655 4229 est.

613 4269 770 4322 Anno
782 4269 960 4336 primo
975 4269 1282 4322 aemulatus
1296 4269 1739 4338 Justinijunioris
1747 4272 1917 4340 Aug.,
1930 4271 2044 4326 ind.
2061 4289 2151 4328 xv.

609 4361 655 4412 Α
684 4359 964 4430 principio
990 4360 1191 4416 mundi
1223 4378 1402 4432 usque
1425 4361 1498 4417 ad
1518 4362 1668 4416 hunc
1697 4365 1988 4418 consulem
2009 4365 2156 4419 fiunt

539 4452 679 4508 anni
709 4469 1074 4509 vnoccnxvm.

607 4549 763 4602 Anno
789 4563 827 4602 11
855 4562 998 4602 cons.
1019 4550 1224 4602 Justini
1237 4547 1361 4617 jun.
1389 4549 1563 4618 Aug.,
1592 4549 1707 4604 ind.
1735 4565 1774 4604 1.

609 4640 722 4694 Hoc
747 4656 899 4694 anno
940 4641 1144 4694 Narses
1191 4657 1257 4694 ex
1300 4641 1602 4712 praeposito
1631 4645 1688 4697 et
1725 4641 1984 4712 patricio,
2026 4645 2154 4713 post

534 4736 725 4787 tantos
741 4736 1055 4804 prostratos
1071 4736 1364 4804 tyrannos,
1385 4734 1443 4788 id
1465 4738 1550 4788 est
1569 4735 1863 4789 Baduilam
1882 4739 1939 4789 et
1956 4736 2152 4806 Tejam

533 4842 700 4896 reges
727 4826 1064 4893 Gothorum,
1089 4830 1146 4880 et
1163 4827 1538 4880 Buccelenum
1559 4827 1763 4881 ducem
1784 4829 2152 4898 Francorum,

536 4934 640 4972 nec
667 4934 784 4973 non
821 4922 879 4973 et
919 4919 1298 4974 Sindewalem
1341 4920 1610 4986 Erolum;
1651 4919 2034 4975 Mediolanum
2065 4923 2152 4976 vel

534 5010 782 5080 reliquas
815 5011 1070 5066 civitates
1097 5029 1236 5082 quas
1263 5011 1430 5066 Gothi
1457 5012 1875 5080 destruxerant,
1901 5014 2154 5068 laudabi-

535 5106 664 5161 liter
705 5111 1017 5177 reparatas,
1065 5109 1135 5162 de
1169 5109 1291 5180 ipsa
1323 5109 1481 5165 Italia
1519 5127 1553 5164 a
1600 5127 1772 5182 supra
1797 5111 2006 5182 scripto
2039 5115 2148 5167 Au-

538 5201 703 5267 gusto
735 5203 986 5254 remotus
1012 5205 1114 5254 est.

605 5290 762 5344 Anno
793 5305 849 5344 ιιι
880 5307 1021 5347 cons.
1050 5297 1250 5348 Justini
1264 5297 1392 5362 jun.
1421 5297 1590 5364 Aug.,
1625 5297 1740 5350 ind.
1770 5312 1830 5351 ιι.

605 5380 718 5434 Hoc
731 5397 882 5436 anno
899 5384 1186 5439 Alboenus
1199 5403 1293 5440 rex
1312 5387 1826 5458 Langobardorum
1843 5405 1973 5444 cum
1992 5389 2151 5444 omni

535 5473 782 5528 exercitu
792 5475 1120 5546 relinquens
1131 5481 1303 5548 atque
1316 5479 1587 5536 incedens
1597 5482 1952 5537 Pannoniam
1963 5523 1976 5550 ,
1990 5498 2152 5538 suam

535 5566 800 5636 patriam,
835 5585 964 5622 cum
1001 5570 1363 5638 mulieribus,
1395 5575 1480 5626 vel
1513 5573 1671 5627 omni
1701 5576 1910 5645 populo
1937 5591 2060 5641 suo,
2089 5578 2152 5630 ut

533 5660 654 5714 fera
673 5660 896 5714 Italiam
921 5660 1249 5729 occupavit:
1279 5661 1468 5734 ibique
1491 5665 1587 5720 alii
1602 5666 1824 5732 morbo,
1849 5667 1946 5720 alii
1972 5667 2146 5736 fame,

534 5752 794 5807 nonnulli
826 5751 1016 5822 gladio
1047 5751 1377 5825 interempti
1405 5759 1552 5810 sunt.
1586 5758 1664 5812 Eo
1707 5773 1858 5814 anno
1883 5759 2059 5814 etiam
2091 5760 2149 5815 in

535 5843 781 5899 ﬁnitima
805 5845 933 5898 loca
953 5842 1260 5900 Galliarum
1283 5845 1503 5918 ingredi
1524 5856 2030 5924 praesumpserunt,
2055 5853 2150 5910 ubi

2257 3344 2316 3397 in
2339 3345 2524 3398 Baccis
2545 3361 2801 3415 pugnam
2817 3349 3018 3400 contra
3036 3347 3354 3403 exercitum
3378 3350 3779 3410 Francorum
3799 3373 3963 3412 com-

2256 3437 2554 3504 miserunt,
2573 3437 2670 3491 ubi
2688 3455 2834 3508 pene
2852 3439 2927 3493 ad
2940 3439 3234 3510 integrum
3249 3441 3556 3498 interfecti
3577 3451 3756 3516 sunt,
3773 3452 3963 3521 pauci

2258 3529 2392 3600 fuga
2435 3530 2678 3585 liberati.
2726 3531 2839 3587 Sed
2873 3535 2930 3586 et
2955 3533 3132 3588 Mauri
3162 3536 3220 3587 et
3250 3534 3382 3589 alia:
3427 3542 3656 3606 gentes
3686 3583 3702 3607 ,
3739 3544 3854 3614 qui
3901 3543 3958 3598 in

2255 3622 2550 3678 Provincia
2581 3640 2784 3678 eorum
2816 3624 3044 3696 ingredi
3081 3634 3615 3700 prmsumpserunt
3640 3675 3658 3702 ,
3691 3635 3777 3691 ab
3815 3637 3962 3709 ipsis

2256 3715 2480 3771 Francis
2509 3715 2711 3770 devicti
2739 3721 2888 3772 sunt.

2325 3811 2482 3864 Anno
2507 3825 2560 3864 ιιι
2591 3825 2732 3864 cons.
2762 3813 2964 3866 Justini
2977 3812 3104 3881 jun.
3135 3814 3312 3881 Aug.,
3339 3816 3470 3871 ind.
3500 3833 3634 3874 vm.

2323 3904 2480 3956 Anno
2506 3918 2538 3957 x
2563 3918 2704 3958 cons.
2729 3906 2932 3958 Justini
2947 3905 3069 3973 jun.
3101 3907 3270 3975 Aug.,
3301 3909 3422 3963 ind.
3460 3926 3544 3966 1x.
3569 3888 3582 3894 ν

2325 3995 2437 4049 Hoc
2465 4011 2618 4050 anno
2647 3995 2967 4066 Sigibertus
2993 4014 3092 4051 rex
3117 3999 3786 4070 Francorum,bellum
3813 4027 3959 4066 con-

2255 4089 2344 4140 tra
2355 4087 2591 4142 fratrem
2605 4105 2772 4142 suum
2785 4089 3130 4160 Hilpericum
3143 4097 3372 4162 movet;
3397 4098 3460 4148 et
3477 4113 3630 4153 cum
3648 4117 3808 4157 eum
3827 4105 3962 4176 jam

2254 4179 2532 4234 inclusum
2558 4181 2814 4249 haberet,
2839 4186 2896 4236 et
2916 4183 2986 4238 de
3007 4184 3130 4253 ejus
3149 4185 3581 4245 interfectione
3617 4197 3960 4266 cogitaret,

2254 4274 2324 4327 ab
2346 4274 2675 4328 hominibus
2691 4275 2992 4346 Chilperici
3014 4294 3118 4348 per
3131 4277 3402 4334 fraudem
3421 4281 3817 4349 interfectus
3842 4297 3960 4347 est:

2255 4369 2311 4420 et
2345 4367 2592 4438 suscepit
2624 4383 2871 4438 regnum
2904 4369 3027 4440 ejus
3056 4371 3468 4428 Childebertus
3511 4377 3689 4434 ﬁlius
3743 4383 3959 4455 ipsius.

2323 4461 2480 4515 Anno
2505 4477 2558 4515 x1
2580 4476 2722 4517 cons.
2749 4463 3088 4532 Justinijun.
3116 4465 3289 4534 Aug.,
3318 4467 3444 4523 ind.
3484 4485 3545 4525 x.

2323 4553 2400 4606 Eo
2433 4569 2586 4606 anno
2617 4553 2829 4607 mortui
2869 4557 3002 4609 sunt
3032 4556 3180 4626 regii
3217 4561 3397 4629 atque
3441 4567 3702 4638 egregii
3737 4570 3960 4628 adole-

2253 4648 2494 4714 scentes,
2522 4646 2910 4701 Chlotacarius
2951 4651 3008 4702 et
3040 4649 3476 4721 Chlodomeris,
3514 4657 3638 4714 filii
3670 4662 3960 4722 Gunthe-

2254 4739 2480 4810 gramni
2510 4738 2681 4810 regis.

2321 4834 2476 4889 Anno
2503 4849 2576 4887 x11
2607 4848 2749 4888 cons.
2781 4836 2986 4890 Justini
2999 4835 3126 4905 jun.
3153 4837 3326 4906 Aug.,
3358 4841 3484 4896 ind.
3520 4859 3610 4901 X1.

2325 4927 2437 4980 Hoc
2469 4942 2622 4981 anno
2649 4927 2943 4982 Meroveus
2982 4929 3135 4984 ﬁlius
3179 4931 3459 5003 Hilperici
3497 4939 3686 5012 regis
3732 4947 3967 5004 occisus

2255 5023 2358 5074 est.

2323 5114 2477 5168 Anno
2498 5127 2592 5167 x111
2619 5128 2758 5168 cons.
2791 5117 2997 5170 Justini
3010 5117 3140 5184 jun.
3169 5118 3340 5188 Aug.,
3374 5122 3502 5178 ind.
3532 5139 3653 5184 xu.

2324 5205 2437 5258 Hoc
2463 5221 2614 5260 anno
2642 5206 2756 5261 duo
2787 5207 3094 5276 Germani,
3135 5210 3409 5268 Salonius
3438 5219 3505 5270 et
3539 5219 3962 5298 Sagittarius,

2253 5296 2500 5396 episcopi
2533 5313 2567 5352 a
2590 5299 2816 5396 synodo
2845 5316 2974 5396 quae
3003 5301 3342 5396 Cabalonuo
3375 5308 3656 5371 collecta
3690 5325 3820 5390 est,
3861 5296 3963 5396 pre

2250 5389 2482 5444 diversis
2526 5390 2859 5446 criminibus
2897 5393 2970 5448 ab
3018 5394 3386 5466 episcopatus
3433 5401 3703 5465 honore
3745 5389 3962 5489 dejecti

2251 5485 2400 5536 sunt.

2321 5577 2398 5629 Eo
2433 5591 2586 5630 anno
2631 5580 2892 5632 mortuus
2934 5583 3021 5633 est
3051 5581 3311 5636 Justinus
3338 5589 3700 5663 Augustus,
3745 5605 3816 5657 et
3845 5623 3960 5659 ευρ.

2249 5668 2416 5721 cessit
2439 5668 2692 5723 Tiberius
2723 5670 2784 5723 in
2810 5671 2934 5725 loco
2968 5672 3110 5742 ejus.

2239 5800 2242 5804 .
2318 5762 2472 5816 Anno
2500 5777 2517 5815 1
2543 5754 2684 5817 cons.
2718 5763 2918 5818 Tiberii
2953 5767 3300 5823 Constantini
3325 5771 3637 5846 Augusti,
3675 5788 3818 5845 ind.
3853 5809 3961 5848 xm.

2319 5854 2396 5909 Eo
2419 5871 2592 5928 anno,
2629 5871 2828 5915 mense
2850 5856 3117 5932 Octobre,
3142 5859 3226 5918 ita
3246 5861 3308 5920 in
3332 5865 3612 5933 Vallensi
3643 5880 3960 5944 territorio

3623 6239 4022 6404 --Α
