4022 6398
124 363 213 414 801
1625 357 1735 413 APP

1849 357 1972 413 DIX.

3365 367 3466 419 802

124 466 419 522 Rhodanus
447 464 772 532 exundavit,
809 469 871 520 ut
895 462 1080 537 c0pias
1107 465 1374 520 messium
1406 466 1739 535 denegaret;
1766 481 1822 552 Α
1846 468 1980 538 gina
2025 467 2162 522 obiit
2189 487 2204 534 ;
2238 473 2468 539 prOpter
2495 469 2652 542 cujus
2683 471 2984 527 transitum
3029 470 3308 527 interfecti
3334 479 3468 528 sunt

123 565 173 613 et
197 560 345 612 intra
378 558 599 613 Italiam
639 560 720 613 ita
756 559 910 614 ﬂuvii
950 559 1398 626 exundaverunt,
1433 565 1493 612 ut
1539 559 1744 613 damna
1844 561 1954 614 duo
1980 561 2202 627 medici,
2227 563 2481 616 Nicolaus
2509 569 2564 619 et
2594 566 2854 620 Donatus.

124 652 375 722 agricolae
401 657 758 722 paterentur.

189 747 340 800 Anno
361 761 398 799 ιι
429 761 574 799 cons.
609 747 809 800 Tiberii
836 746 1178 800 Constantini
1204 746 1458 814 Augusti,
1486 745 1600 798 ind.
1631 760 1740 800 xw.

189 840 260 892 lia
296 837 634 909 indictione,
668 855 860 894 mense
887 839 1224 911 Septembri,
1258 838 1623 908 Austregildis
1651 854 1739 892 re-

1913 655 1988 707 Eo
2020 671 2169 708 anno
2199 655 2532 711 Mummolus
2577 659 2840 728 patricius
2865 676 2996 714 cum
3025 677 3200 714 uxore
3231 667 3286 714 et
3315 660 3461 729 ﬁliis,

1842 752 1898 800 et
1936 747 2298 804 multitudine
2341 750 2570 804 familiae
2596 768 2659 804 ac
2699 751 2902 806 divitiis
2938 753 3148 821 multis,
3190 753 3247 807 in
3278 771 3464 808 marca

1843 839 2184 898 Childeberti
2211 843 2382 914 regis,
2413 841 2468 898 id
2496 849 2598 911 est,
2625 845 2919 914 Avinione,
2949 846 3220 917 confugit.

693 1396 812 1462 AD
858 1396 1148 1484 MARII,
1201 1387 1829 1467 AVENTICENSIS
1876 1397 2300 1484 EPISCOPI,
2351 1396 2886 1485 CHRONICON,

1204 1567 1478 1612 AUCTORE
1525 1567 1774 1625 IGNOTO,
1825 1567 1935 1613 εει)
1981 1566 2382 1621 PERANTIQUO.

189 1774 364 1844 Usque
385 1773 475 1828 hic
502 1775 709 1829 Marius
739 1776 1055 1848 episcopus.

188 1870 337 1922 Anno
364 1883 422 1930 ul
453 1869 658 1923 Tiberii
682 1870 848 1939 Aug.,
875 1871 992 1925 ind.
1021 1887 1107 1925 xv.

188 1961 338 2014 Anno
361 1977 413 2014 1v
447 1961 654 2015 Tiberii
676 1963 844 2032 Aug.,
875 1963 991 2017 ind.
1023 1981 1060 2018 ι.

188 2054 336 2108 Anno
361 2069 395 2106 γ
437 2055 642 2109 Tiberii
667 2057 834 2125 Aug.,
861 2058 979 2110 ind.
1007 2073 1062 2111 ιι.

187 2148 336 2201 Anno
365 2163 418 2202 γι
444 2149 648 2202 Tiberii
666 2150 832 2218 Aug.,
862 2151 981 2204 ind.
1010 2167 1090 2206 ιιι.

188 2241 336 2295 Anno
364 2257 436 2296 vu
473 2242 680 2296 Tiberii
704 2245 873 2312 Aug.,
900 2243 1018 2298 ind.
1049 2260 1122 2298 Iv.

185 2333 342 2387 Gothi
369 2335 472 2388 sud
503 2335 870 2406 Ermengildo
900 2337 1229 2408 Leubegildi
1248 2337 1395 2408 regis
1408 2337 1522 2392 ﬁlio
1542 2338 1736 2395 bifarie

121 2427 289 2496 divisi,
323 2433 530 2482 mutua
555 2428 707 2482 caede
735 2432 1042 2485 vastantur.

185 2522 476 2576 Indictione
509 2537 566 2575 ν.

185 2614 475 2668 Mauricius
515 2613 681 2668 annis
720 2631 809 2668 XXI
837 2615 999 2672 Suevi
1037 2634 1069 2670 a
1098 2617 1438 2689 Leubegildo
1484 2635 1617 2690 rege
1645 2620 1740 2674 oh-

118 2705 266 2774 tenti,
297 2707 488 2762 Gothis
524 2707 920 2778 subjiciuntur.

183 2801 468 2856 Indictione
493 2816 574 2856 v1.

185 2893 343 2948 Gothi
387 2893 663 2949 Recarido
705 2909 840 2966 rege
884 2895 1231 2964 intendente,
1258 2914 1291 2952 a
1326 2898 1436 2953 ﬁde
1469 2899 1739 2954 catholica

123 2991 488 3042 revertuntur.

184 3085 378 3136 Avares
404 3081 677 3135 adversus
707 3082 989 3136 Romanos
1019 3083 1370 3152 dimicantes,
1393 3102 1530 3140 auro
1558 3085 1738 3158 magis

121 3187 282 3244 quam
309 3174 458 3229 ferro
488 3174 801 3246 pelluntur.

183 3268 385 3322 Phocas
405 3285 588 3322 annos
619 3283 692 3323 ιιι.
728 3269 830 3324 Iste
861 3268 1132 3325 seditione
1159 3271 1390 3327 militari
1431 3271 1738 3343 imperator

120 3359 308 3430 factus,
345 3361 678 3416 Mauricium
707 3365 1026 3433 Augustum
1080 3365 1468 3436 nobiliumque
1505 3366 1732 3421 multos.

253 3455 397 3525 [Leg.
429 3455 761 3525 interfecit].

186 3547 356 3618 Hujus
378 3555 638 3619 tempore
660 3549 892 3603 Parisini
915 3553 971 3604 et
995 3551 1189 3605 Veneti
1212 3568 1313 3622 per
1340 3552 1623 3607 Orientem
1651 3553 1736 3607 vel

122 3640 414 3712 Egyptum
449 3643 611 3697 civile
647 3642 862 3696 bellum
901 3643 1129 3708 faciunt,
1158 3661 1220 3698 ac
1245 3661 1301 3698 se
1343 3651 1538 3700 mutua
1585 3646 1736 3699 cmde

122 3739 494 3802 prosternunt.
551 3736 752 3789 Prmlia
798 3753 1024 3807 quoque
1069 3739 1364 3792 Persarum
1411 3739 1737 3808 gravissima

122 3826 374 3883 adversus
399 3829 814 3900 rempublicam
841 3830 1175 3899 excitantur,
1205 3847 1237 3884 a
1265 3831 1468 3900 quibus
1497 3831 1736 3885 Romani

122 3918 332 3975 fortiter
356 3921 642 3989 debellati,
669 3922 944 3993 plurimas
975 3923 1291 3994 provincias
1321 3928 1375 3977 et
1407 3924 1585 3994 ipsam
1617 3925 1738 3979 Hie-

123 4014 448 4085 rosolymam
476 4015 808 4070 amiserunt.

188 4107 468 4162 Heraclius
505 4107 705 4179 quinto
734 4109 955 4181 imperii
1001 4109 1086 4163 sui
1116 4109 1250 4164 dum
1279 4109 1536 4181 fungitur
1564 4127 1733 4178 anno,

122 4198 390 4255 Sisehotus
411 4202 724 4256 Gothorum
752 4219 848 4257 rex
873 4203 929 4257 in
949 4203 1158 4274 Spania
1175 4203 1448 4274 plurimas
1466 4205 1735 4258 Romamn

121 4291 330 4348 militiae
363 4295 557 4364 urbes,
597 4301 798 4366 quarto
833 4296 998 4368 regni
1023 4295 1109 4350 sui
1139 4297 1243 4350 sibi
1267 4297 1526 4351 bellando
1557 4297 1731 4368 subji-

119 4385 218 4454 cit;
245 4389 539 4442 etJudaeos
575 4389 660 4442 sui
682 4389 840 4461 regni
863 4390 1130 4457 subditos,
1155 4395 1360 4460 praeter
1387 4407 1482 4444 eos
1520 4391 1618 4461 qui
1643 4391 1731 4444 fu-

121 4493 186 4546 ga
210 4480 348 4551 lapsi
377 4487 509 4536 sunt
531 4483 602 4536 ad
627 4483 889 4552 Francos,
911 4483 980 4538 ad
1007 4483 1213 4538 Christi
1241 4483 1409 4538 (idem
1441 4485 1731 4539 convertit.

185 4572 354 4644 Hujus
386 4575 744 4646 imperatoris
787 4576 1158 4648 temporibus,
1191 4577 1260 4632 ad
1302 4594 1480 4648 usque
1515 4577 1735 4648 imperii

123 4665 202 4718 sui
231 4682 446 4722 annum
479 4669 564 4736 14,
596 4671 652 4722 et
687 4669 1023 4724 Chlotacarii
1073 4671 1455 4742 gloriosissimi
1488 4671 1732 4726 Franco-

121 4773 243 4814 rum
259 4762 532 4833 principis
558 4763 722 4834 regni
747 4763 833 4817 sui
853 4780 1068 4818 annum
1093 4765 1182 4832 40,
1210 4765 1389 4820 multa
1410 4765 1736 4836 reipublicae

121 4851 384 4922 partibus,
414 4851 626 4923 ubique
652 4868 796 4923 pene
828 4869 862 4905 a
885 4852 1116 4906 diversis
1144 4853 1405 4924 gentibus
1446 4854 1736 4926 dispendia

123 4940 266 4996 illata
302 4945 480 5000 fuere.

1907 1691 1994 1704 ..-

1757 1795 1814 1866 Β
1908 1781 2082 1852 Hujus
2105 1786 2361 1851 tempore
2386 1780 2536 1834 Persi
2568 1778 2948 1835 Calcidoniam
2973 1795 3153 1853 usque
3184 1799 3456 1854 pervene-

1838 1880 1994 1929 runt.

1909 1968 2057 2022 Huni
2085 1984 2312 2022 murum
2339 1967 2576 2039 longum
2622 1967 3120 2038 interrumpentes,
3151 1973 3208 2023 et
3233 1970 3302 2024 ad
3329 1987 3458 2025 moe«

1839 2061 1936 2115 nia
1979 2061 2483 2132 Constantinopolis
2526 2061 2976 2131 peraccedentes,
3025 2078 3155 2115 cum
3191 2063 3458 2132 praedicto

1839 2152 2198 2224 imperatore,
2245 2159 2444 2208 mutuo
2489 2153 2548 2208 in
2595 2169 2759 2208 muro
2796 2158 2978 2208 stante
3013 2154 3186 2224 [Forte
3229 2157 3458 2225 stantes]

1838 2247 2184 2302 collocuntur
2209 2265 2224 2316 ;
2261 2247 2358 2318 qui
2398 2248 2691 2318 acceptum
2718 2247 2788 2301 ab
2815 2263 2880 2300 eo
2907 2247 3062 2318 pacis
3093 2248 3363 2318 pretium,
3388 2250 3458 2303 ad

1837 2343 2063 2412 tempus
2101 2340 2392 2394 recedunt.

1910 2434 2014 2487 Per
2030 2433 2176 2487 idem
2193 2438 2417 2504 tempus
2435 2433 2610 2487 divisa
2636 2431 2694 2486 iu
2716 2432 2894 2486 tribus
2920 2433 3057 2486 olim
3085 2435 3274 2504 regnis
3292 2436 3458 2490 Fran-

1839 2523 1942 2592 cia,
1971 2525 2029 2579 in
2055 2542 2170 2580 uno
2199 2543 2232 2578 a
2257 2525 2490 2596 praefato
2519 2541 2651 2594 rege
2679 2525 3022 2578 Francorum
3053 2543 3295 2596 regnum
3331 2544 3458 2582 con-

1831 2619 2095 2690 jungitur
2123 2635 2136 2685 ;
2175 2622 2342 2689 atque
2370 2623 2741 2689 persequente
2783 2618 3128 2672 Theuderico
3165 2636 3297 2690 rege
3325 2636 3455 2690 ger-

1840 2728 2077 2766 manum
2106 2728 2272 2765 suum
2304 2711 2716 2765 Austrasiorum
2743 2727 2938 2781 regem
2976 2711 3454 2779 Theudebertum,

1838 2805 2122 2859 vincentes
2167 2804 2362 2858 Franci
2387 2803 2444 2857 in
2473 2804 2862 2873 Burgundiam
2904 2810 3196 2858 moventes
3223 2806 3456 2860 Austra.

1837 2897 1964 2965 sios,
1992 2898 2060 2952 ad
2091 2903 2406 2951 extremum
2437 2896 2622 2968 ipsum
2653 2897 3000 2952 occiderunt.
3032 2898 3143 2952 Nec
3169 2913 3347 2966 mora,
3383 2899 3460 2954 vi-

1839 2997 1958 3046 ctor
1997 2989 2378 3045 Theudericus
2415 2989 2596 3044 Mettis
2623 3005 2753 3043 cum
2780 2989 3026 3056 obiisset,
3067 2990 3360 3062 Sigoberto
3388 2990 3457 3047 ﬂ-

1836 3083 1910 3139 lio
1942 3084 2177 3155 parvulo
2218 3099 2346 3138 cum
2378 3083 2500 3137 avia
2541 3099 2640 3136 sua
2667 3083 3012 3152 Brunihilde,
3042 3099 3286 3154 regnum
3315 3087 3459 3139 male

1758 3159 1812 3234 C
1835 3183 2173 3249 usurpatum
2203 3176 2459 3247 reliquit;
2481 3175 2809 3248 quivivente
2836 3177 3018 3230 adhuc
3046 3193 3319 3248 germano
3335 3195 3458 3244 suo,

1834 3276 2101 3340 nepotem
2129 3287 2294 3324 suum
2324 3269 2390 3323 ad
2424 3273 2642 3340 petram
2675 3269 2732 3322 in
2763 3269 2902 3322 albis
2931 3270 3065 3323 elidi
3084 3271 3272 3340 jussit.

1907 3365 2011 3418 Per
2034 3363 2184 3416 idem
2211 3367 2434 3434 tempus
2455 3361 2583 3415 victi
2602 3362 2701 3414 ﬁlii
2718 3363 2804 3416 sui
2830 3379 2863 3415 a
2889 3378 3022 3432 rege
3050 3364 3282 3432 praefato
3298 3365 3460 3419 Chlo-

1836 3457 2042 3510 tacario
2072 3456 2372 3526 capiuntur
2397 3472 2414 3523 ;
2446 3472 2509 3508 ac
2547 3455 2779 3525 praefata
2805 3454 3024 3524 regina,
3058 3457 3457 3525 praedictorum

1837 3549 1978 3615 avia,
2009 3549 2077 3603 ab
2097 3566 2164 3602 eo
2187 3551 2370 3618 capta,
2403 3548 2733 3618 diversoque
2761 3563 3059 3617 poenarum
3089 3563 3295 3618 genere
3319 3549 3460 3603 affli-

1835 3647 1942 3712 cta,
1975 3643 2179 3697 deinde
2227 3641 2438 3694 camelo
2481 3641 2766 3712 imposita,
2801 3640 2995 3693 multis
3025 3641 3140 3694 suis
3175 3648 3460 3711 spectacu-

1835 3735 1954 3789 lum
1984 3734 2225 3806 prtebuit
2253 3751 2266 3788 :
2289 3739 2574 3804 postremo
2602 3733 2948 3788 ferocissimo
2976 3733 3149 3802 [Forte
3175 3734 3453 3790 ferocissi.

1837 3829 1935 3898 mi]
1964 3829 2221 3899 colligata
2246 3827 2482 3898 pedibus
2500 3827 2632 3897 equi
2658 3831 2837 3896 tergo,
2855 3831 3173 3880 extremum
3195 3828 3456 3898 spiritum

1837 3921 2133 3976 exhalavit.
2155 3920 2439 3990 Cujusque
2467 3920 2728 3990 deinceps
2749 3919 3146 3990 corpusculum
3160 3919 3458 3977 incenden-

1835 4019 1920 4070 tes
1943 4014 2159 4086 pOpuli,
2191 4014 2513 4085 sepulcrum
2553 4013 2701 4084 ignis
2728 4012 2872 4081 fuit;
2901 4013 2971 4066 ad
3008 4013 3272 4086 deinceps
3301 4015 3453 4085 judi-

1836 4109 1986 4162 cium
2013 4111 2310 4179 paternum
2342 4107 2461 4161 sine
2488 4106 2865 4160 misericordia
2891 4106 2950 4160 in
2971 4122 3242 4177 germano
3273 4111 3329 4162 et
3353 4125 3453 4162 ne-

1833 4206 1963 4272 pote
1992 4200 2281 4272 quondam
2309 4199 2524 4269 datum,
2551 4199 2608 4253 in
2638 4199 2764 4253 ﬁliis
2791 4199 3124 4254 redundavit
3151 4217 3164 4266 ;
3195 4216 3398 4272 eosque
3425 4184 3460 4255 ὃ.

1835 4293 2194 4366 quibusdam,
2213 4297 2276 4347 ut
2304 4293 2482 4362 aiunt,
2502 4294 2892 4364 interemptos,
2915 4293 3300 4347 mouarchiam
3321 4311 3459 4364 prte-

1835 4393 2193 4457 nuncupatus
2224 4403 2321 4440 rex
2353 4387 2410 4440 in
2438 4386 2615 4440 tribus
2643 4386 2832 4456 regnis
2861 4385 3106 4440 obtinuit
3129 4403 3146 4454 ;
3179 4403 3349 4456 quam
3373 4388 3452 4442 fe-

1833 4480 2014 4534 liciter
2058 4479 2436 4550 religioseque
2467 4479 2807 4550 gubernans,
2839 4494 2990 4532 nunc
3016 4495 3144 4532 cum
3177 4479 3456 4549 prioribus

1839 4573 1997 4644 regni
2022 4573 2108 4626 sui
2134 4589 2282 4626 anno
2301 4573 2369 4626 40
2394 4571 2568 4625 vitam
2597 4571 2772 4625 ducit.

1907 4667 2075 4720 Fiunt
2121 4665 2295 4735 igitur
2331 4665 2400 4718 ab
2437 4664 2667 4719 exordio
2705 4663 2903 4718 mundi
2947 4678 3126 4734 usque
3176 4665 3234 4718 in
3283 4683 3454 4722 seram

1837 4763 2194 4831 prmsentem,
2223 4758 2282 4812 id
2325 4760 2430 4826 est,
2471 4758 2534 4812 14
2581 4756 2816 4812 Heraclii
2853 4761 2908 4810 et
2941 4757 3271 4813 Chlotacarii
3310 4761 3458 4830 regis

1837 4869 2051 4908 annum
2075 4854 2163 4922 40,
2192 4852 2326 4908 anni
2354 4867 2688 4908 vuncccxxu.
