4022 6400
131 315 240 370 803

1480 321 1545 374 IN
1583 319 1825 376 MATTH.
1867 318 2014 374 CAP.
2054 315 2139 372 VI.

3395 320 3496 375 806

127 439 309 485 κτους
334 437 691 479 concussum"
711 440 763 479 IN
785 439 1020 490 nosam,
1044 442 1106 480 ET
1133 443 1303 482 rxrsa
1322 441 1521 481 vssrsn
1543 443 1759 482 com.ss-
1785 442 1844 514 Α
1862 429 2106 495 Insuper,
2128 430 2178 480 et
2201 425 2343 496 quod
2364 442 2469 480 non
2499 427 2707 498 petisti,
2743 425 2882 480 dabo
2903 425 3022 489 tibi,
3043 425 3268 480 divitias
3289 429 3492 490 saeculi,

122 532 209 570 TIS
243 532 436 572 rxscxr
465 534 604 573 ILLA.
632 517 885 572 Dederat
911 521 1406 590 comparationem
1441 521 1512 574 de
1545 522 1762 590 majore

123 608 201 662 ad
233 609 560 678 minorem;
595 610 668 664 de
695 611 890 666 anima
917 611 992 665 ad
1013 628 1236 682 corpus,
1262 615 1319 668 et
1349 612 1420 666 de
1451 613 1674 667 minore
1693 613 1767 668 ad

123 702 443 772 majorem,
460 703 531 758 de
545 720 676 758 esca
689 704 761 758 ad
774 705 1052 774 animam;
1068 723 1219 761 nunc
1233 706 1440 761 iterum
1457 707 1526 760 de
1543 707 1766 762 minore

122 801 200 853 ad
227 801 521 870 majorem
557 802 658 856 dat
695 803 1184 874 comparationem
1203 847 1216 872 ,
1249 804 1319 858 de
1347 806 1667 859 volucribus
1693 806 1767 860 ad

119 893 433 947 hominem
455 911 590 948 cum
613 894 784 949 dicit:
813 899 1075 967 Respicite
1094 899 1340 952 volatilia
1370 901 1504 952 coeli.
1523 898 1766 962 Quidam

119 987 388 1042 volatilia
413 989 539 1042 caeli
576 990 814 1058 angelos
847 989 1170 1060 intelligere
1197 992 1403 1059 voluit,
1439 995 1676 1063 propter
1699 991 1763 1046 il-

123 1081 225 1133 lud
255 1097 270 1134 :
308 1081 550 1144 Volavit,
584 1082 773 1153 inquit
812 1084 1121 1154 propheta,
1151 1086 1224 1139 ad
1249 1101 1330 1140 me
1357 1101 1496 1139 unus
1525 1087 1590 1140 de
1615 1102 1765 1140 sera-

117 1175 281 1242 phin,
313 1176 414 1244 qui
434 1190 541 1228 non
573 1176 842 1230 laborant.
862 1176 995 1231 Ideo
1015 1177 1249 1247 quidem
1275 1178 1490 1232 visione
1519 1178 1616 1232 Dei
1635 1195 1763 1249 per-

121 1267 421 1334 fruuntur,
443 1267 667 1322 dicente
694 1270 862 1324 Petro
895 1271 1182 1340 apostolo:
1209 1273 1274 1325 In
1290 1288 1443 1341 quem.
1460 1272 1768 1326 desiderant

118 1361 315 1428 angeli
335 1363 662 1430 prospicere.
697 1361 810 1416 Sed
834 1379 1203 1434 nequaquam
1225 1364 1304 1418 ita
1325 1361 1764 1434 intelligendhm

119 1456 232 1518 est,
259 1456 325 1506 ut
345 1453 520 1508 homo
543 1455 730 1508 malus
751 1455 821 1508 sit
845 1455 998 1525 apud
1017 1458 1194 1510 Deum
1217 1473 1391 1526 quam
1416 1451 1624 1526 angeli.
1651 1458 1763 1512 Sed

119 1547 336 1599 melius
369 1549 455 1600 est
491 1549 554 1600 ut
582 1546 973 1618 intelligamus
1010 1549 1261 1603 volatilia
1287 1550 1442 1617 caeli,
1477 1567 1606 1604 aves
1636 1567 1762 1622 qua).

118 1656 230 1709 per
246 1639 403 1693 hunc
425 1657 622 1693 aerem
639 1640 982 1709 discurrunt,
1001 1642 1151 1696 unde
1176 1646 1232 1696 et
1253 1660 1384 1696 aves
1405 1643 1525 1697 cozli
1555 1661 1757 1698 vocan-

117 1735 252 1785 tur:
275 1748 396 1786 non
412 1732 680 1786 laborant
702 1750 886 1804 neque
901 1737 1144 1802 metunt,
1161 1734 1260 1788 sed
1273 1739 1478 1802 rostro,
1495 1740 1551 1789 et
1564 1736 1763 1806 ungui-

1867 523 1993 574 auri
2015 524 2068 574 et
2090 523 2322 587 argenti.
2350 520 2464 575 Sed
2490 519 2549 573 in
2575 519 2732 574 omni
2753 518 3123 573 multitudine
3145 518 3490 588 divitiarum,

1867 615 1924 665 et
1953 612 2230 667 varietate
2255 613 2498 668 vestium
2525 630 2642 668 non
2672 616 2758 667 est
2781 615 3104 684 coopertus,
3142 612 3287 666 sicut
3312 629 3491 667 unum

1867 705 2075 770 existis,
2100 705 2584 760 subauditurliliis
2603 705 2746 776 agri.
2767 707 2891 760 Non
2917 705 3071 759 enim
3091 705 3355 772 sericum,
3384 722 3492 760 nec

1865 814 2069 867 regum
2099 815 2372 868 purpura,
2406 816 2512 853 nec
2541 799 2764 869 pictura
2792 798 3094 852 textricum
3127 801 3310 868 potest
3333 797 3488 852 ﬂori-

1866 889 1971 943 bus
2001 891 2340 961 comparari.
2377 891 2524 955 Quid
2547 892 2704 946 enim
2722 892 2800 946 ita
2821 891 2986 946 rubet
3003 891 3241 944 utrosa?
3257 891 3394 961 quid
3411 891 3491 945 ita

1867 983 2077 1036 candet
2111 987 2174 1036 ut
2210 984 2430 1039 lilium?
2468 985 2632 1040 violas
2663 1002 2796 1039 vero
2825 1001 3096 1056 purpura,
3133 984 3288 1038 nullo
3321 1001 3488 1054 supe-

1867 1075 1982 1129 rari
2006 1076 2244 1142 murice,
2273 1079 2568 1132 oculorum
2592 1079 2774 1150 magis
2803 1094 2975 1149 quam
2997 1093 3328 1131 sermonum
3343 1077 3493 1148 judi-

1869 1166 2022 1220 cium
2055 1171 2159 1221 est.
2192 1168 2344 1222 Fecit
2371 1169 2526 1223 enim
2564 1169 2835 1224 Salomon
2876 1187 3010 1223 vasa
3039 1186 3214 1224 aurea
3238 1169 3294 1222 in
3323 1169 3494 1224 domo

1866 1260 2118 1328 Domini,
2145 1261 2302 1314 velut
2329 1261 2401 1316 ad
2433 1261 2774 1332 dignitatem
2805 1263 3050 1332 regiam.
3083 1262 3196 1316 Sed
3226 1265 3283 1315 et
3309 1265 3490 1329 fercu-

1867 1357 1978 1411 lum
2001 1359 2135 1425 fecit
2158 1358 2410 1413 Salomon
2441 1360 2504 1413 de
2527 1361 2689 1428 lignis
2714 1361 2938 1421 Sethim,
2961 1361 3338 1428 columnasque
3362 1362 3490 1426 fecit

1863 1450 2174 1518 drgcnteas,
2219 1467 2492 1506 ascensum
2529 1468 2902 1522 purpureum,
2947 1453 3345 1506 reclinatorium
3387 1469 3485 1507 au-

1861 1559 2011 1596 reum
2033 1544 2207 1597 medio
2231 1545 2482 1598 claritate
2517 1548 2813 1599 constravit
2840 1550 3065 1616 propter
3103 1547 3245 1614 ﬁlias
3267 1548 3486 1600 Jerusa-

1862 1637 1980 1689 lem.
2011 1623 2307 1690 Ferculum
2335 1637 2492 1690 enim
2530 1641 2787 1692 sanctam
2821 1639 3108 1708 signiﬁcat
3145 1639 3485 1706 Ecclesium,

1861 1729 2141 1783 columna:
2162 1746 2294 1783 vero
2319 1733 2543 1784 sanctos
2566 1731 2845 1799 doctores,
2877 1731 3020 1784 sicut
3041 1731 3112 1784 de
3140 1731 3483 1802 quibusdam

117 1825 231 1878 bus
253 1829 588 1896 pascuntur.
609 1826 668 1880 Si
681 1825 1126 1896 inquitvolatilia
1142 1828 1285 1895 ceali,
1301 1846 1546 1899 quorum
1565 1830 1749 1884 anima

1862 1838 2064 1875 eorum
2092 1822 2307 1877 dictum
2339 1826 2424 1877 est
2453 1841 2466 1877 :
2494 1825 2719 1880 Jacobus
2757 1829 2808 1879 et
2849 1826 3072 1893 Cephas,
3103 1829 3153 1878 et
3186 1827 3484 1890 Iohannes,

115 1935 258 1971 cum
283 1934 524 1990 corpore
550 1919 812 1986 moritur,
838 1920 986 1973 Deus
1007 1919 1085 1997 sic
1107 1921 1304 1990 pascit,
1329 1926 1544 1992 quanto
1574 1915 1761 1992 magis

113 2027 223 2064 vos
245 2011 344 2081 qui
369 2011 441 2066 ad
473 2011 790 2082 imaginem
811 2012 911 2066 Dei
933 2013 1068 2066 facti
1091 2013 1222 2067 estis
1245 2013 1393 2068 illis?
1419 2015 1582 2070 Ratio
1604 2015 1759 2069 enim

114 2104 246 2158 hinc
275 2121 394 2158 non
417 2104 491 2158 ad
513 2105 1008 2172 numerositatem,
1039 2107 1139 2160 sed
1167 2107 1240 2160 ad
1265 2109 1760 2178 comparationem

112 2197 506 2266 intelligenda
555 2200 658 2251 est.
703 2198 760 2252 Si
807 2198 879 2251 ad
929 2216 1234 2252 numerum
1276 2199 1599 2271 intelligas,
1633 2203 1759 2272 plus

110 2293 257 2344 sunt
287 2289 543 2344 volatilia
568 2290 692 2344 coeli
714 2307 890 2362 quam
919 2291 1216 2358 homines;
1245 2293 1345 2346 sed
1371 2293 1443 2347 ad
1468 2294 1754 2364 quantita-

115 2387 264 2450 tem,
282 2386 340 2437 et
352 2383 848 2454 comparationem
865 2385 1400 2456 estintelligendum
1417 2387 1572 2458 quod
1591 2387 1753 2442 dicit:

107 2478 315 2532 Nosse
347 2493 452 2532 vos
481 2493 644 2532 MAGIS
672 2494 873 2534 PLURES
914 2494 1059 2533 usus
1085 2480 1262 2534 lLLis?
1293 2479 1346 2533 id
1375 2483 1462 2534 est
1490 2481 1757 2536 meliores

110 2572 174 2622 et
205 2569 502 2624 chariores
533 2570 696 2638 estis,
729 2574 786 2624 et
823 2572 948 2641 plus
978 2572 1202 2638 valetis;
1239 2573 1338 2626 illa
1363 2572 1518 2626 enim
1549 2573 1592 2626 si
1621 2574 1756 2628 laesa

110 2662 298 2716 fuerit
319 2662 536 2730 anima,
565 2679 770 2734 corpus
795 2663 1071 2719 interibit.
1091 2666 1274 2720 Homo
1293 2667 1535 2720 moritur
1550 2683 1749 2738 corpo-

109 2773 202 2823 re,
223 2755 427 2810 anima
447 2756 521 2810 ad
543 2757 794 2812 coelestia
815 2757 1020 2812 tendit.
1043 2760 1190 2813 Deus
1206 2759 1362 2813 enim
1383 2760 1752 2831 omnipotens

111 2866 238 2904 non
263 2848 534 2904 homines
554 2853 791 2921 propter
811 2867 960 2918 aves,
977 2851 1076 2904 sed
1089 2869 1219 2906 aves
1239 2856 1474 2924 propter
1490 2853 1754 2908 homines

107 2943 276 3011 fecit,
321 2946 380 2997 et
422 2948 661 3014 propter
689 2943 956 2998 homines
987 2945 1144 2998 venit
1182 2945 1239 2999 in
1286 2946 1603 3014 mundum,
1637 2964 1752 3002 non

107 3039 360 3107 propter
397 3053 550 3104 aves,
592 3051 735 3108 quos
766 3039 823 3091 et
852 3055 984 3092 caro
1025 3039 1209 3109 pretio
1236 3039 1412 3108 emit,
1447 3039 1590 3094 sicut
1616 3040 1750 3094 scri-

107 3134 283 3200 ptum
312 3133 400 3183 est
418 3147 430 3184 :
451 3133 638 3200 Empti
659 3133 798 3186 enim
823 3134 946 3186 estis
961 3135 1140 3202 pretio
1172 3149 1387 3202 magno.
1407 3136 1540 3200 Qus
1569 3150 1749 3190 mrsu
1772 3173 1826 3246 Ο

105 3239 368 3279 VESTRUM
426 3239 690 3279 COGITANS
753 3240 955 3280 POTEST
1016 3242 1268 3281 ADJICERE
1329 3243 1398 3281 AD
1473 3243 1750 3283 STATURAM

105 3333 262 3373 sum
307 3328 544 3372 summa
571 3316 759 3372 unum?
783 3319 980 3372 Nullus
1006 3319 1160 3374 enim
1187 3319 1259 3373 ad
1285 3322 1563 3374 staturam
1587 3337 1750 3375 suam

102 3409 378 3464 cubitum
407 3426 588 3463 unum
610 3409 856 3480 adjicere
880 3413 1063 3480 Valet;
1099 3412 1215 3466 imo
1237 3429 1342 3466 nec
1369 3430 1548 3467 unum
1578 3414 1747 3484 capil-

104 3505 237 3557 lum
265 3501 470 3574 capitis
514 3503 709 3558 album
749 3505 938 3558 facere
981 3509 1078 3559 aut
1108 3505 1358 3576 nigrum.
1392 3507 1594 3561 Danda
1631 3509 1752 3561 erat

100 3596 478 3667 comparatio
501 3595 573 3650 de
592 3597 934 3651 vestimento
957 3598 1028 3652 ad
1052 3615 1276 3670 corpus,
1301 3599 1446 3653 sicut
1465 3603 1522 3654 et
1541 3599 1612 3653 de
1634 3600 1751 3654 ani-

100 3707 210 3744 ma
251 3688 391 3743 data
418 3693 562 3743 erat.
596 3689 760 3754 Quod
799 3690 939 3745 dicit
964 3691 1288 3746 istiusmodi
1316 3695 1437 3746 est:
1467 3693 1546 3746 illi
1575 3693 1744 3748 relin-

100 3783 273 3854 quite
297 3799 494 3837 curam
517 3782 615 3854 qui
633 3783 768 3837 fecit
783 3787 1090 3852 staturam;
1121 3785 1218 3856 qui
1237 3785 1391 3839 enim
1415 3800 1618 3857 corpus
1635 3803 1748 3857 qua

97 3873 297 3931 voluit
340 3891 616 3930 mensura
663 3876 986 3946 constituit,
1028 3878 1239 3932 scilicet
1280 3895 1453 3949 quam
1484 3880 1743 3949 longum,

98 3985 292 4042 quam
313 3969 486 4023 breve
509 3972 676 4037 esset,
707 3969 902 4041 utique
927 3970 1077 4040 quod
1107 3971 1296 4025 minus
1329 3975 1414 4026 est
1433 3971 1610 4040 dabit,
1638 3973 1742 4028 sci-

97 4065 248 4118 licet
273 4061 683 4116 indumentum
702 4067 760 4117 et
777 4066 1196 4134 tegumentum.
1221 4065 1327 4129 Qui
1349 4065 1502 4120 enim
1524 4065 1746 4137 majora

96 4155 380 4222 contulit,
409 4173 516 4210 nec
548 4173 662 4211 non
693 4157 987 4228 utriusque
1015 4161 1073 4212 et
1098 4159 1325 4212 minora
1351 4160 1662 4228 prastabit.

177 4251 566 4305 CONSIDERATE
615 4265 752 4306 LILIA
806 4267 933 4306 AGRI
981 4267 1246 4314 ΟΠΟΜοΒο
1295 4267 1586 4320 CRESCUNT,
1639 4270 1742 4310 NON

94 4358 416 4410 LABORANT,
459 4359 634 4406 secus
671 4360 823 4400 NENT.
860 4346 974 4400 Hoc
1005 4345 1129 4400 loco
1169 4363 1287 4400 non
1325 4346 1647 4418 specialiter
1674 4347 1740 4401 li-

95 4439 280 4502 lium,
323 4435 423 4490 sed
469 4453 672 4490 omnes
707 4437 914 4491 herbas
943 4437 1352 4508 intelligamus,
1397 4455 1521 4510 qua:
1553 4439 1742 4494 hieme

1859 1917 1954 1984 qui
1995 1916 2324 1970 videbantur
2371 1918 2626 1972 columna:
2678 1933 2802 1973 esse.
2845 1917 3126 1972 Ascensus
3168 1933 3487 1988 purpureus

1859 2011 2085 2062 sanctos
2097 2008 2381 2078 signiﬁcat
2393 2011 2768 2076 confessores,
2784 2010 3210 2064 reclinatorium
3224 2028 3484 2082 aureum,

1860 2099 2113 2154 divinam
2135 2101 2498 2172 sapientiam.
2517 2104 2598 2157 De
2617 2120 2730 2174 qua
2752 2102 2920 2158 alibi:
2949 2105 3250 2158 Theseu-rus
3271 2105 3477 2160 deside-

1855 2195 2070 2257 rabilis,
2095 2197 2381 2264 requiescit
2404 2211 2547 2250 more
2570 2178 2850 2266 sapientis.
2879 2195 3030 2250 Filiae
3053 2199 3370 2252 Jerusalem
3409 2199 3479 2252 si-

1858 2287 2134 2357 gniﬁcant
2159 2287 2383 2342 animas
2412 2291 2655 2343 sanctas.
2680 2289 2954 2353 Quamvis
2972 2289 3129 2344 enim
3151 2290 3228 2344 sic
3254 2290 3485 2345 decora-

1858 2382 1946 2432 tus
1973 2379 2168 2434 fuisset
2184 2380 2480 2448 Salomon,
2504 2384 2702 2436 tamen
2725 2399 3022 2452 nunquam
3044 2382 3233 2452 potuit
3251 2383 3327 2438 sic
3345 2400 3478 2437 can-

1857 2471 2055 2526 didum
2073 2469 2289 2527 habere
2309 2475 2714 2528 vestimentum
2736 2479 2798 2528 ut
2823 2475 3126 2542 estlilium,
3153 2493 3258 2530 nec
3271 2493 3479 2557 purpu-

1855 2581 2018 2618 reum
2054 2565 2198 2619 sicut
2227 2565 2395 2636 viola,
2443 2583 2547 2620 nec
2578 2567 2906 2622 coccineum
2943 2567 3087 2621 sicut
3113 2585 3262 2624 rosa.
3301 2569 3474 2639 Spiri-

1857 2658 2092 2712 tualiter
2115 2675 2220 2730 per
2245 2659 2429 2714 lilium
2457 2660 2810 2730 signiﬁcatur
2835 2661 3151 2730 virginitas,
3175 2679 3279 2732 per
3305 2663 3478 2718 violas

1855 2752 2230 2819 confessores,
2257 2770 2362 2823 per
2396 2770 2556 2808 rosas
2586 2757 2886 2824 martyres.
2922 2754 3193 2810 Salomon
3227 2764 3476 2826 namque

1857 2845 2244 2915 virginitatem
2277 2863 2395 2900 non
2421 2847 2640 2914 habuit,
2670 2848 2770 2902 sed
2801 2848 2976 2902 etiam
3005 2865 3104 2903 cor
3127 2849 3250 2920 ejus
3269 2849 3473 2921 depra-

1853 2942 2047 2993 vatum
2074 2943 2157 2993 est
2186 2957 2290 3010 per
2313 2940 2606 2997 mulieres.

1923 3032 1981 3086 SI
2020 3049 2199 3088 mrsu
2237 3050 2414 3089 rsmru
2452 3049 2578 3090 AGRI
2619 3049 2764 3098 QUOD
2801 3050 2967 3091 HODIE
3000 3051 3111 3103 ssr,
3161 3052 3224 3091 ET
3259 3052 3392 3093 CRAS
3423 3053 3471 3094 1N

1852 3140 2119 3182 CLIBANUM
2159 3143 2428 3194 umrrua,
2469 3130 2612 3184 Deus
2651 3143 2734 3184 31c
2772 3144 2975 3184 vssrir.
3022 3129 3120 3183 Hic
3149 3134 3345 3201 aperte
3373 3131 3470 3186 daa

1853 3221 1944 3272 tur
1985 3219 2228 3290 intelligi
2269 3220 2403 3290 quia
2453 3221 2712 3291 superius
2745 3238 2916 3276 omne
2957 3239 3138 3292 genus
3163 3223 3474 3280 herbarum

1851 3313 2342 3383 comprehendere
2369 3314 2546 3367 voluit
2581 3330 2713 3368 cum
2739 3314 2878 3368 dicit
2922 3331 2935 3369 :
2979 3319 3040 3372 Si
3075 3321 3252 3371 autem
3289 3321 3473 3384 fenum

1851 3408 1976 3474 agri
2003 3407 2146 3475 quod
2174 3406 2332 3461 hodie
2361 3412 2457 3470 est,
2485 3411 2536 3461 et
2555 3422 2674 3462 cras
2698 3409 2755 3461 in
2775 3408 3048 3462 clibanum
3072 3412 3328 3465 mittitur.
3359 3412 3469 3466 Ho-

1850 3498 1943 3552 die
1969 3515 2074 3569 pro
2111 3499 2377 3570 praesenti
2413 3502 2675 3570 tempore
2709 3502 2924 3570 posuit,
2955 3517 3080 3556 cras
3108 3519 3211 3572 pro
3237 3503 3467 3572 futuro;

1849 3595 1912 3645 ut
1955 3595 2041 3645 est
2066 3592 2206 3646 illud
2231 3592 2405 3647 Jacob
2439 3609 2450 3647 :
2479 3595 2621 3649 CRAS
2660 3609 2921 3649 amamur
2958 3611 3032 3649 ua
3067 3611 3300 3652 JL'STITIA
3339 3614 3465 3654 um.

1848 3686 1915 3739 Et
1944 3685 2173 3740 Samuel
2207 3685 2346 3739 dixit
2377 3685 2449 3739 ad
2489 3687 2622 3740 Saul
2672 3703 2685 3740 :
2727 3690 2860 3744 Cras
2889 3694 2974 3751 tu,
3018 3693 3070 3743 et
3095 3690 3200 3758 ﬁlii
3236 3692 3336 3753 tui,
3365 3707 3469 3746 me-

1846 3794 1966 3832 cum
1993 3780 2162 3834 eritis.
2205 3781 2424 3846 QUANTO
2465 3795 2625 3834 MAGIS
2664 3795 2767 3836 vos
2806 3797 3012 3836 uisum:
3047 3783 3229 3837 rion?
3254 3783 3464 3854 Repre-

1847 3872 2118 3926 henditur
2136 3872 2278 3926 fides
2297 3873 2708 3944 apostolorum,
2734 3875 2820 3927 vel
2847 3875 3196 3944 Iudaeorum,
3222 3879 3318 3948 qui
3341 3895 3461 3934 mo-

1846 3965 2034 4019 dicam
2089 3964 2308 4018 habent
2346 3965 2544 4019 ﬁdem.
2593 3968 2796 4021 Noun-2
2848 3984 2985 4023 aaoo
3034 3984 3293 4026 somcm
3341 3988 3468 4030 assa

1845 4073 2134 4113 DICENTES:
2196 4057 2343 4122 Quid
2394 4075 2831 4127 uxsnucxsmus,
2871 4077 2974 4117 AL'T
3031 4079 3158 4125 cum
3212 4081 3462 4135 BIBEMUS,

1844 4167 1947 4206 AUT
1986 4167 2094 4213 ouo
2121 4152 2466 4208 orsmsuua?
2494 4153 2574 4206 De
2596 4170 2744 4224 esca,
2771 4157 2829 4208 et
2843 4155 3186 4211 vestimento
3208 4160 3468 4230 superius

1845 4243 2289 4299 sollicitudinem
2313 4245 2540 4312 tulerat,
2556 4245 2627 4300 de
2649 4249 2787 4317 potu
2815 4248 3139 4305 reticuerat.
3164 4252 3465 4324 Recapitu-
3517 4261 3521 4272 '

1845 4337 2018 4392 lando
2059 4337 2253 4392 subdit
2293 4354 2306 4392 :
2352 4339 2529 4395 Nolite
2570 4341 2792 4394 solliciti
2828 4356 2938 4396 esse
2987 4343 3218 4398 dicentes
3261 4364 3278 4399 :
3324 4347 3466 4414 Quid

1842 4431 2288 4486 manducabimus
2306 4437 2404 4486 aut
2427 4433 2562 4501 quid
2582 4434 2855 4487 bibemus?
2875 4439 2978 4488 aut
2995 4451 3099 4504 quo
3123 4440 3422 4505 operiemur
3437 4443 3468 4494 ?

97 4531 385 4585 arefacta:
412 4529 696 4596 videntur,
721 4533 916 4584 instate
947 4531 1182 4585 diversis
1207 4532 1441 4586 ﬂoribus
1461 4533 1744 4587 adornan-

1853 4523 2182 4578 subauditur
2229 4522 2536 4593 exquisitas
2578 4525 2812 4594 epulas;
2855 4529 2956 4579 aut
3003 4527 3140 4596 quid
3177 4525 3460 4600 bibemus,

91 4629 220 4679 tur.
239 4625 460 4692 Agrum
479 4623 764 4676 mundum
781 4623 956 4678 istum
974 4625 1390 4696 intelligamus;
1409 4625 1480 4680 de
1503 4643 1617 4696 quo
1638 4627 1743 4681 Do-

90 4717 306 4773 minus
334 4715 394 4768 in
420 4715 727 4786 Evangelia
749 4733 762 4770 :
787 4720 932 4786 Ager
957 4720 1096 4772 enim
1122 4723 1200 4773 est
1221 4719 1470 4774 mundus.
1503 4720 1626 4773 Non
1657 4720 1738 4774 la-

90 4813 324 4866 borant
347 4808 407 4862 in
437 4809 669 4876 ﬁlando,
694 4825 798 4864 nec
820 4810 878 4863 in
900 4810 1167 4877 texendo,
1189 4827 1294 4866 nec
1321 4813 1492 4866 telam
1517 4811 1743 4867 ordien-

93 4903 204 4968 do,
231 4901 336 4955 sed
365 4902 463 4955 Dei
489 4901 851 4972 providentia
871 4907 1149 4958 crescunt.
1172 4905 1310 4960 DICO
1349 4921 1524 4960 ACTEM
1561 4920 1740 4973 vosls,

91 5011 358 5060 QUONIAM
385 5011 484 5050 NEC
514 4997 770 5051 SALOMON
805 5013 859 5052 IN
899 5013 1032 5052 OMNI
1062 5013 1257 5053 GLORIA
1294 5015 1394 5054 SUA
1430 5014 1742 5054 COOPERTUS

93 5106 203 5147 asr
245 5103 404 5144 SICUT
442 5104 592 5144 UNL’M
632 5105 695 5144 sx
733 5105 888 5145 ISTIS.
919 5089 1063 5154 Quid
1095 5093 1180 5144 est
1203 5091 1376 5162 quod,
1405 5095 1492 5146 tot
1511 5091 1742 5163 regibus

89 5181 531 5256 praetermissis,
563 5182 659 5252 qui
689 5185 822 5237 ante
863 5165 1265 5251 Salomonem,
1299 5186 1384 5238 vel
1431 5187 1564 5256 post
1609 5202 1739 5239 eum

90 5279 366 5340 fuerunt,
415 5275 682 5330 omnibus
722 5275 905 5346 ipsum
949 5277 1231 5347 praetulit?
1270 5293 1479 5348 nempe
1505 5279 1742 5348 propter

89 5367 480 5440 sapientiam,
513 5369 600 5422 vel
638 5368 881 5436 divitias,
916 5385 984 5424 eo
1022 5370 1173 5439 quod
1203 5370 1470 5424 omnibus
1511 5370 1738 5442 sapien-

90 5463 240 5528 tior,
271 5461 362 5514 vel
389 5460 564 5515 ditior
605 5461 814 5529 fuerit,
863 5461 1087 5516 dicente
1117 5462 1222 5516 sibi
1250 5463 1364 5516 Deo
1398 5481 1410 5516 :
1455 5465 1593 5530 Quia
1635 5481 1740 5519 non

84 5556 296 5630 petisti
317 5554 418 5609 tibi
441 5555 666 5609 divitias
686 5557 812 5609 auri
839 5559 890 5610 et
915 5557 1146 5626 argenti,
1167 5571 1262 5610 nec
1281 5556 1394 5610 dies
1405 5557 1619 5618 multos,
1643 5572 1737 5610 ne-

90 5665 208 5722 que
240 5649 459 5702 animas
505 5649 846 5704 inimicorum
887 5653 1136 5715 tuorum;
1171 5649 1265 5704 sed
1310 5651 1630 5718 sapientiam
1666 5650 1741 5704 ad

91 5741 525 5800 discernendum
541 5741 731 5796 bonum
749 5747 798 5796 et
813 5744 1037 5805 malum,
1051 5759 1162 5798 ecce
1174 5743 1300 5798 dedi
1315 5743 1416 5797 tibi
1420 5743 1742 5811 sapientiam

93 5837 179 5895 ad
189 5834 608 5891 discernendum
625 5835 816 5890 bonum
837 5840 888 5891 et
903 5837 1126 5901 malum,
1147 5852 1260 5893 ecce
1279 5837 1407 5892 dedi
1415 5836 1738 5907 tibisapiem

95 5935 245 5992 tiam
275 5931 339 5983 ut
369 5929 442 5983 sis
477 5928 693 5999 sapiens
721 5942 881 6000 super
913 5945 1089 5987 omnes
1121 5933 1218 6004 qui
1250 5934 1474 6004 fuerunt
1503 5934 1630 5986 ante
1669 5935 1738 5988 te.

1843 4619 1983 4688 quot
2017 4632 2233 4686 genera
2261 4615 2590 4686 potionum;
2625 4620 2724 4671 aut
2764 4634 2879 4688 quo
2914 4618 3260 4689 operiemur,
3294 4625 3464 4679 vesti-

1841 4713 2039 4764 menta
2077 4709 2291 4763 scilicet
2336 4708 2606 4779 pretiosa.
2651 4711 2780 4765 Haec
2833 4727 3001 4768 0mm
3048 4729 3245 4770 GENTES
3282 4731 3462 4780 [NOUI-

1841 4819 1998 4859 RUNT.
2029 4803 2176 4872 Haec,
2200 4819 2330 4873 qua:
2351 4801 2611 4873 superius
2633 4802 2783 4858 dicta
2804 4807 2954 4870 sunt,
2979 4805 3190 4860 scilicet
3214 4811 3460 4866 mandu-

1841 4913 1992 4964 care,
2023 4897 2239 4962 bibere,
2271 4896 2616 4951 vestimenta
2639 4897 2892 4966 pretiosa
2911 4897 3092 4967 indui,
3115 4901 3311 4957 omnia
3333 4903 3460 4974 ista,

1841 4993 1901 5044 et
1925 4989 2012 5043 his
2041 4989 2249 5044 similia
2269 5030 2283 5056 ,
2327 4995 2529 5059 gentes
2569 4989 2954 5060 quaesierunt,
2983 5006 3111 5062 quae
3139 4998 3306 5050 erant
3325 4999 3464 5054 sicut

1841 5099 2006 5152 equus
2029 5089 2080 5138 et
2104 5084 2304 5145 mulus,
2334 5084 2529 5152 quibus
2556 5099 2661 5138 non
2685 5089 2762 5138 est
2782 5085 3100 5148 intellectus,
3127 5087 3464 5158 ignorantes

1841 5177 2167 5232 Dominum.
2213 5179 2336 5232 Scn'
2374 5192 2500 5232 sum
2539 5179 2715 5232 PATER
2752 5193 2952 5233 vssrsa
2992 5194 3293 5250 COEL'ESTIS,
3335 5201 3463 5248 om

1843 5287 1930 5326 HIS
1952 5285 2187 5326 OMNIBUS
2213 5285 2496 5326 lNDIGETIS.
2519 5271 2790 5325 Nonnulli
2805 5273 3038 5326 fuerunt
3066 5274 3162 5344 qui
3182 5275 3458 5336 dicerent.

1842 5365 1901 5420 Si
1931 5366 2081 5419 Deus
2101 5381 2276 5418 omne
2303 5363 2456 5434 quod
2483 5363 2646 5418 nobis
2671 5365 3056 5420 necessarium
3077 5372 3161 5421 est
3183 5370 3304 5437 scit,
3325 5374 3463 5444 quid

1841 5457 2169 5528 indigemus
2199 5457 2250 5511 ei
2277 5461 2470 5528 petere
2486 5457 2514 5510 ‘l
2533 5457 2638 5538 s'cit
2657 5458 2810 5512 enim
2833 5459 2925 5512 ille
2949 5461 3175 5529 omnia;
3205 5467 3460 5522 attamen

1841 5553 2124 5622 petendus
2155 5555 2239 5605 est
2264 5554 2321 5604 et
2344 5550 2652 5622 rogandus.
2684 5551 2828 5606 Dicit
2854 5553 3010 5606 enim
3037 5553 3157 5624 ipse
3179 5575 3198 5610 :
3220 5559 3388 5614 Petita
3412 5567 3462 5616 et

1839 5647 2130 5714 accipietis,
2196 5647 2417 5713 quaerite
2473 5649 2524 5698 et
2589 5647 2886 5701 invenietis.
2933 5647 3245 5704 Laboribus
3281 5652 3457 5707 etiam

1841 5753 2120 5792 manuum
2139 5740 2463 5791 nostrarum
2479 5737 2666 5791 vivere
2686 5736 2962 5793 debemus
2977 5756 2990 5806 ;
3005 5741 3135 5810 quia
3155 5742 3340 5811 primo
3360 5743 3460 5798 ho.

1839 5830 1983 5886 mini
2011 5829 2234 5887 dictum
2262 5833 2351 5886 est
2391 5847 2404 5886 :
2444 5833 2510 5888 In
2541 5831 2736 5890 sudore
2762 5833 2941 5888 vultus
2974 5835 3055 5886 tui
3076 5837 3293 5890 vesceris
3313 5850 3458 5905 pane

1841 5931 1948 5982 tuo.
1972 5927 2222 5996 Quaem:
2259 5940 2436 5981 mrsu
2474 5940 2682 5983 PRIMUM
2721 5940 2936 5981 naevum
2973 5926 3069 5980 De:
3097 5941 3160 5981 s'r
3183 5941 3456 5990 :vsrrmu

3562 5746 3686 5841 \/
