4022 6458
557 331 660 391 807
1999 323 2393 382 LUCULENTII
3867 311 3977 366 808

559 467 700 517 EJUS,
741 466 802 503 ετ
841 465 950 502 inec
988 463 1154 500 OMNIA
1192 460 1536 499 ADJICIENTUR
1567 459 1740 498 voms.
1774 440 2038 512 Regnum
2075 442 2174 494 Dei
2199 437 2632 526 Aremunerari
2673 451 3018 491 mereamur.
3073 437 3145 490 Et
3195 435 3379 489 omnia
3419 433 3538 487 haec
3597 431 3976 501 adﬁcientur

559 542 752 596 multis
781 541 968 595 modis
1000 538 1291 609 accipitur,
1343 537 1441 590 sed
1481 537 1572 591 hic
1621 539 1718 590 aut
1758 535 1878 589 Filii
1917 533 2052 600 Dei,
2081 537 2178 587 aut
2200 523 2450 597 "vobis;
2493 531 2706 585 scilicet
2730 529 2989 600 superius
3016 529 3170 582 dicta
3199 526 3567 598 adjicientur
3593 524 3809 580 vobis.
3845 523 3980 576 Non

559 635 846 704 Scriptura
868 649 1025 686 sacra
1043 631 1378 700 intelligitur
1397 645 1640 700 regnum
1655 629 1776 694 Dei,
1792 626 1944 698 quod
1964 630 2177 680 utrum-

558 743 667 796 que
682 741 938 796 quaerere
957 724 1254 778 debemus.
1272 721 1390 775 Filii
1410 722 1528 787 Dei,
1543 719 1833 774 sicutdicit
1853 719 2133 789 propheta
2157 736 2171 772 :

557 820 786 886 Quzerite
813 819 1119 877 Dominum,
1166 821 1215 869 et
1257 816 1666 882 conﬁrmamini,
1713 815 1930 881 quaerite
1981 814 2178 878 faciem

555 911 665 980 ejus
703 926 922 979 semper.
954 909 1050 962 Vel
1093 907 1380 977 Scriptura
1413 922 1588 972 sacra,
1624 921 1798 974 quam
1839 903 2084 971 legendo
2123 907 2172 954 et

557 999 1258 1073 perscrutando,invenire
1289 1013 1608 1070 possumus,
1640 996 1885 1067 qualiter
1895 995 2174 1064 justitiam

559 1101 612 1148 et
642 1098 922 1166 praecepta
953 1094 1073 1162 ejus
1104 1092 1510 1156 custodiamus,
1552 1090 1637 1143 vel
1673 1089 1918 1160 qualiter
1955 1088 2025 1142 ab
2053 1087 2174 1156 ipso

2277 626 2567 679 dabuntur
2596 623 2752 689 dixit,
2797 622 2900 675 sed
2944 620 3320 691 adjicientur;
3368 618 3514 690 quia
3533 615 3892 688 ‘quidquid
3923 615 3982 668 in

2277 717 2539 788 praesenti
2586 715 2912 786 accipimus,
2940 715 3047 768 vile
3081 718 3165 768 est
3187 713 3260 767 ad
3290 711 3854 783 comparationem
3883 726 3981 762 su-

2277 826 2588 880 pernorum
2633 809 3040 878 prtemiorum;
3076 810 3134 860 et
3164 806 3297 860 ideo
3326 805 3496 877 prius
3526 805 3635 858 illa
3661 818 3818 874 quas
3848 817 3980 856 ma-

2271 902 2401 970 jora
2431 905 2562 954 sunt
2589 900 2838 970 petenda
2868 905 3020 964 sunt,
3048 898 3263 952 scilicet
3289 915 3558 969 regnum
3588 896 3722 963 Dei,
3758 900 3828 948 et
3848 895 3980 964 jus-

2276 994 2399 1047 titia
2425 994 2565 1063 ejus,
2600 997 2661 1046 ut
2689 993 2794 1046 ista
2831 1008 2957 1062 quae
2989 991 3311 1045 necessaria
3344 994 3490 1044 sunt
3521 988 3784 1060 corpori
3821 987 3979 1055 adji-

2277 1087 2516 1151 ciantur,
2544 1085 2779 1155 insuper
2808 1089 2866 1138 et
2895 1084 3120 1153 majora
3139 1084 3372 1138 dentur.

565 1275 3973 1301 Μ

2157 1405 2302 1526 ΙΙ.

637 1597 850 1662 Lectio
878 1596 1085 1661 sancti
1116 1597 1451 1678 Evangelii
1481 1594 1844 1678 secundum
1871 1593 2193 1678 Joannem
2226 1593 2426 1678 (1,29)
2461 1592 2734 1678 :_In_illo
2765 1591 3248 1678 tempore_vidit
3269 1591 3597 1678 _Joannes
3633 1587 3900 1651 Iesum

1117 1697 1158 1738 a
1187 1672 1519 1745 NaEareth
1547 1676 1904 1738 venientem
1927 1673 2022 1736 ad
2043 1692 2132 1749 se,
2163 1682 2224 1735 et
2253 1672 2411 1734 dicit
2439 1675 2502 1735 ei
2525 1695 2543 1732 :
2579 1673 2745 1736 Ecce
2774 1672 3003 1752 Agnus
3035 1672 3188 1747 Dei,
3221 1675 3346 1733 etc.

1844 1811 2120 1866 HOMILIA
2150 1808 2174 1836 ⁸
2213 1809 2629 1864 LUCULENTII.

630 1914 798 1966 Recte
849 1911 1051 1965 beatus
1103 1913 1353 1966 Joannes
1403 1927 1619 1980 agnum
1678 1909 1928 1980 appellat
1986 1910 2177 1963 Jesum
2199 1920 2255 1990 B
2279 1924 2488 1962 carnem
2516 1909 2641 1963 Filii
2667 1908 2915 1969 hominis,
2954 1910 3005 1960 et
3027 1905 3269 1959 biberitis
3299 1907 3650 1974 sanguinem
3685 1903 3848 1972 ejus,
3881 1919 3986 1956 non

558 2005 658 2059 Dei
702 2005 940 2069 FiliUm;
983 2020 1166 2074 agnus
1211 2003 1367 2056 enim
1407 2003 1542 2073 quia
1595 2002 1890 2055 innocens.
1937 2003 2043 2054 lste
2097 2003 2182 2053 est

557 2113 738 2166 agnus
771 2096 840 2149 de
867 2112 980 2166 quo
1014 2097 1195 2149 multo
1229 2099 1362 2149 ante
1394 2095 1613 2148 dixerat
1650 2094 1818 2147 Isaias
1853 2110 1866 2147 :
1903 2097 2181 2162 Tanquam

559 2192 670 2243 ovis
717 2190 789 2243 ad
819 2191 1124 2246 occisionem
1151 2189 1342 2242 ductus
1386 2193 1485 2249 est,
1536 2192 1585 2241 et
1627 2189 1762 2240 sicut
1803 2202 1974 2255 agnus
2003 2202 2180 2239 coram

559 2283 810 2336 tondente
850 2298 904 2336 se
940 2282 1272 2342 obmutescet,
1310 2286 1360 2334 ct
1397 2297 1500 2334 non
1530 2282 1745 2349 aperuit
1778 2294 1832 2333 os
1877 2295 2050 2332 suum.
2103 2279 2180 2331 De

560 2391 672 2446 quo
697 2391 848 2444 agno
880 2375 1128 2428 Joannes
1159 2373 1216 2426 in
1243 2373 1580 2444 Apocalypsi
1607 2390 1619 2426 ε
1650 2375 1835 2440 Agnus
1861 2375 1956 2440 qui
1983 2374 2176 2425 occisus

557 2474 633 2522 est
651 2484 685 2521 a
714 2469 860 2520 vobis
885 2484 919 2521 α
944 2469 1312 2520 constitutione
1339 2466 1561 2530 mundi;
1591 2465 1724 2534 quia
1752 2480 1934 2532 agnus
1961 2463 2176 2516 occisus

558 2563 643 2614 est
676 2560 733 2612 in
765 2560 931 2624 Abel,
961 2559 1194 2612 otl‘ertus
1225 2559 1331 2628 [Ita
1359 2559 1509 2626 Cod.]
1546 2557 1603 2609 in
1647 2558 1818 2621 Isaac,
1847 2556 2178 2609 immolatus

561 2653 616 2706 in
631 2655 869 2722 Aigypto
887 2669 899 2716 ;
917 2651 1049 2722 quia
1071 2652 1190 2721 ipse
1213 2651 1268 2704 in
1293 2651 1575 2704 mundum
1590 2650 1824 2703 veniens
1845 2649 2178 2719 adimplcvit

559 2745 614 2798 in
648 2745 883 2798 veritate
913 2743 1192 2814 quidquid
1222 2747 1354 2796 ante
1383 2743 1452 2795 de
1493 2759 1560 2796 eo
1592 2759 1694 2812 per
1721 2743 1932 2811 ﬁguras
1963 2741 2177 2794 dictum

451 2891 463 2899 ,
558 2839 643 2890 vel
671 2841 897 2906 gestum
929 2837 1134 2901 fuerat,
1176 2852 1305 2888 cum
1339 2837 1769 2904 vesperascente
1810 2833 2026 2886 mundo
2076 2850 2176 2902 pro

562 2929 724 2983 nobis
741 2929 800 2981 in
824 2945 923 2982 ara
943 2927 1121 2980 crucis
1139 2931 1223 2980 est
1247 2927 1596 2991 immolatus,
1623 2927 1890 2996 Apostolo
1915 2925 2136 2978 dicente
2163 2942 2174 2979 :

559 3025 770 3078 Etenim
799 3022 1003 3090 pascha
1024 3025 1262 3074 nostrum
1292 3019 1598 3072 immolatus
1634 3023 1710 3071 est
1746 3019 2006 3072 Christus.
2037 3020 2180 3072 Ecce

559 3119 741 3170 AGNt'S
771 3116 884 3168 DEI.
917 3114 1055 3165 Ecce
1083 3111 1359 3182 particula
1387 3111 1721 3164 adverbium
1754 3115 1838 3163 est
1869 3110 2174 3164 ostenden-

561 3207 631 3260 tis
654 3224 666 3260 :
705 3207 838 3276 quia
868 3205 1022 3258 enim
1041 3204 1242 3258 beatus
1261 3205 1509 3257 Joannes
1537 3205 1698 3256 oculo
1729 3201 1974 3269 videbat,
1999 3203 2176 3272 digito

2281 2003 2540 2056 habebitis
2575 2003 2747 2054 vitam
2785 2003 2842 2054 in
2878 1999 3044 2052 vobis.
3090 1999 3159 2050 Et
3195 1997 3415 2051 iterum
3445 2014 3459 2050 :
3501 1999 3620 2064 Qui
3653 1997 3989 2051 manducat

2279 2115 2490 2152 carnem
2515 2114 2708 2160 meam,
2737 2102 2786 2152 et
2813 2097 2946 2150 bibit
2965 2097 3284 2165 sanguinem
3314 2111 3524 2156 meum,
3549 2097 3618 2148 in
3643 2109 3746 2148 me
3769 2099 3988 2152 manet,

2279 2197 2328 2246 et
2357 2208 2449 2259 ego
2480 2194 2535 2244 in
2559 2207 2636 2245 eo.

2349 2283 2458 2338 Sed
2500 2283 2678 2354 quaeri
2728 2287 2917 2354 potest
2952 2299 3053 2336 cur
3094 2281 3190 2334 Dei
3234 2281 3413 2335 Filius
3456 2281 3538 2334 ad
3576 2280 3988 2352 baptismum

2279 2376 2470 2429 venire
2501 2376 2694 2442 voluit,
2720 2393 2850 2429 cum
2879 2391 2994 2429 non
3027 2375 3272 2428 haberet
3299 2379 3658 2444 peccatum,
3699 2374 3887 2444 quod
3913 2375 3988 2427 illi

2279 2485 2508 2522 necesse
2545 2469 2743 2522 fuisset
2773 2467 3040 2538 expiare?
3071 2470 3239 2523 Certe
3275 2467 3416 2538 quia
3463 2467 3674 2520 futuri
3713 2472 3909 2521 erant
3935 2468 3988 2519 in

2278 2561 2525 2615 Ecclesia
2550 2563 2942 2614 catechumeni
2973 2560 3416 2613 excellentiores
3443 2576 3721 2629 genere,
3753 2561 3868 2632 qui
3901 2561 3991 2613 de-

2279 2654 2592 2724 dignantur
2623 2653 2816 2707 venire
2847 2653 2916 2706 ad
2953 2653 3333 2722 baptismum,
3363 2653 3654 2706 dicentes
3688 2654 3875 2724 apud
3904 2671 3988 2708 se-

2278 2747 2553 2816 metipsos
2577 2763 2589 2800 :
2619 2747 2732 2800 Hoc
2762 2763 2885 2799 sum
2905 2749 3245 2816 accepturus
3267 2745 3430 2816 quod
3454 2745 3662 2798 habet
3693 2747 3810 2800 ille
3827 2746 3858 2800 ?
3883 2765 3988 2816 ego

2279 2834 2484 2888 melior
2513 2851 2640 2887 sum
2685 2834 2781 2887 illo
2809 2838 2866 2886 et
2896 2833 2990 2886 illo
3020 2833 3225 2898 fidele;
3254 2837 3321 2887 ut
3349 2834 3578 2887 horum
3612 2837 3987 2906 superbiam

2277 2925 2591 2996 frangeret,
2623 2925 2815 2980 venire
2845 2925 3115 2994 dignatus
3146 2929 3232 2978 est
3261 2925 3336 2978 ad
3368 2926 3785 2996 baptismum
3817 2929 3985 2991 servi,

2279 3018 2438 3088 quasi
2465 3019 2762 3088 alloquens
2784 3018 3216 3088 superbientem
3252 3018 3414 3072 dicat
3445 3036 3458 3073 :
3493 3021 3674 3083 Quid
3705 3027 3774 3077 te
3813 3025 3987 3078 extol-

2277 3111 2388 3164 lis?
2419 3110 2557 3181 quid
2585 3115 2640 3164 te
2667 3110 2965 3164 extendis?
3008 3114 3226 3180 quanta
3269 3095 3582 3180 potestate
3629 3119 3736 3169 est
3795 3118 3987 3187 gratia

2277 3203 2414 3257 tua?
2447 3207 2662 3273 quanta
2687 3203 3060 3256 excellentia?
3088 3204 3366 3275 Nunquid
3395 3207 3612 3276 major
3637 3214 3836 3279 potes
3869 3227 3986 3263 esse

561 3299 918 3363 ostendebat,
969 3301 1121 3350 recte
1168 3297 1425 3350 diccbat:
1471 3299 1598 3350 Ecce
1641 3297 1832 3364 Agnus
1877 3299 1985 3349 Dei.
2037 3277 2452 3366 DictiCquam
2499 3313 2592 3349 me
2643 3294 2743 3366 [Ita
2787 3295 2981 3364 Cod.]?
3013 3295 3071 3350 Si
3118 3313 3228 3366 ego
3272 3297 3410 3350 veni
3460 3299 3544 3352 ad
3591 3277 3987 3373 baptismum

560 3396 692 3446 sunt
731 3395 788 3445 et
833 3390 1072 3460 apostoli
1123 3389 1278 3458 agni,
1326 3388 1566 3442 Domino
1613 3387 1836 3441 dicente
1873 3403 1886 3440 :
1923 3391 2047 3442 Ecce
2086 3404 2176 3455 ego

558 3489 712 3540 mitto
740 3501 824 3538 vos
853 3486 990 3538 sicut
1016 3498 1182 3551 agnos
1208 3485 1349 3536 inter
1375 3483 1542 3551 lupos.
1573 3481 1722 3534 Bene
1750 3480 1904 3550 agni,
1935 3479 2069 3549 quia
2098 3479 2178 3532 in-

559 3582 850 3643 nocentes,
867 3575 999 3646 quia
1013 3575 1298 3645 simplices
1313 3591 1326 3640 ;
1341 3574 1455 3626 veri
1480 3574 1633 3626 enim
1649 3573 1782 3644 agni
1801 3573 1980 3626 instar
2005 3571 2175 3642 [Cod.,

558 3688 690 3726 vero
722 3688 873 3741 agno
897 3668 1152 3738 inserat],
1176 3668 1245 3721 de
1275 3684 1386 3738 quo
1418 3665 1676 3736 superius
1693 3666 1954 3720 diximus.
1984 3667 2178 3736 Agnus

559 3768 684 3818 erat
721 3767 778 3817 et
816 3765 1086 3826 Joannes,
1129 3759 1261 3830 quia
1303 3763 1360 3812 et
1404 3759 1521 3829 ipse
1573 3759 1850 3812 innocens
1899 3761 2177 3828 quantum

557 3857 826 3913 Christus.
843 3856 1052 3909 Omnes
1067 3852 1221 3905 enim
1234 3868 1362 3904 cum
1383 3853 1612 3922 peccato
1633 3851 1940 3916 nascimur,
1955 3851 2177 3904 dicente

560 3949 876 4020 propheta:
919 3949 982 4000 In
1009 3944 1385 4013 iniquitatibus
1421 3949 1692 4012 conceptus
1727 3957 1861 3996 sum.
1895 3943 2055 3996 Solus
2085 3942 2177 3994 ille

563 4043 684 4094 sine
709 4042 944 4111 peccato
965 4036 1140 4105 venit,
1166 4037 1316 4090 solus
1345 4035 1568 4088 macula
1597 4034 1813 4105 peccati
1852 4034 2051 4088 caruit.
2083 4035 2180 4087 Ve-

565 4134 651 4186 nit
682 4132 837 4186 enim
869 4135 926 4184 in
968 4129 1320 4183 similitudine
1361 4131 1540 4181 carnis
1574 4129 1793 4197 peccati,
1825 4131 2016 4180 tamen
2057 4127 2178 4179 sine

563 4228 816 4297 peccato.
849 4225 951 4290 Qui
967 4228 1244 4292 peccatum
1274 4237 1377 4274 non
1404 4223 1531 4287 fecit
1555 4262 1568 4280 ,
1599 4236 1692 4274 nec
1717 4223 1959 4274 inve-ntus
1979 4225 2054 4274 est
2083 4221 2176 4273 do-

563 4319 644 4373 lus
671 4321 725 4372 in
747 4335 833 4372 ore
860 4317 992 4384 ejus.
1023 4317 1267 4369 Carnem
1297 4313 1602 4382 assumpsit
1644 4313 1713 4366 dc
1744 4313 1947 4379 Adam,
1977 4329 2158 4384 peccat

561 4415 683 4465 tum
716 4428 829 4464 non
862 4408 1187 4479 assumpsit.
1221 4408 1290 4460 Et
1320 4406 1448 4459 ideo
1481 4406 1615 4476 quia
1639 4421 1752 4459 non
1778 4405 2084 4476 assumpsit
2109 4405 2178 4458 de

561 4508 757 4558 nostra
775 4520 964 4557 massa
985 4504 1303 4572 peccatum,
1329 4499 1448 4569 ipsc
1476 4504 1560 4552 est
1588 4499 1685 4569 qui
1719 4498 1863 4552 tollit
1882 4502 2176 4568 peccatum

2276 3388 2441 3454 servi,
2469 3392 2532 3441 ut
2559 3387 2892 3457 dedignaris
2917 3389 3114 3442 venire
3143 3389 3218 3443 ad
3249 3389 3648 3460 baptismum
3691 3397 3987 3450 Domini?

2275 3482 2372 3534 Vel
2395 3483 2546 3534 certe
2573 3481 2852 3550 baptizari
2869 3481 3066 3549 voluit,
3091 3485 3154 3534 ut
3186 3482 3472 3537 omnibus
3495 3487 3696 3556 aquis
3719 3491 3985 3544 sanctiﬁ-

2277 3573 2564 3628 cationem
2591 3573 2757 3627 daret
2777 3577 2833 3627 et
2857 3574 3346 3644 puriﬁcationem.
3370 3576 3513 3632 Sive
3544 3581 3759 3636 etiam
3794 3589 3865 3638 ut
3889 3586 3986 3637 Ve-

2275 3667 2386 3720 teri
2410 3667 2774 3720 Testamento
2805 3667 2980 3720 tinem
3018 3667 3215 3734 daret,
3250 3672 3310 3721 et
3353 3687 3601 3728 novum
3633 3676 3986 3734 inchoaret.

2276 3761 2400 3829 Ipse
2432 3760 2587 3812 enim
2616 3759 2814 3812 tandin
2848 3760 2950 3812 sub
2979 3760 3109 3829 lege
3141 3761 3269 3826 fuit,
3315 3765 3611 3832 quandiu
3645 3769 3990 3843 baptizatus

2277 3851 2390 3921 legi
2413 3851 2628 3904 Veteris
2644 3852 2993 3906 Testamenti
3018 3853 3220 3922 tinem,
3239 3858 3298 3907 et
3319 3857 3546 3925 gratia:
3581 3866 3796 3919 sancti
3816 3868 3990 3920 Evan-

2280 3945 2410 4016 gelii
2433 3944 2659 3998 initium
2684 3945 2864 3998 daret.
2905 3946 3188 4016 Baptizari
3215 3949 3424 4016 voluit,
3465 3957 3541 4005 ut
3579 3971 3857 4014 omnem
3892 3962 3986 4014 hu-

2278 4037 2582 4091 militatem
2611 4036 2862 4091 doceret.
2896 4038 3081 4104 Unde,
3110 4039 3257 4092 sicut
3284 4041 3388 4095 alii
3424 4043 3665 4102 dicunt
3693 4054 3990 4124 evangeli—

2279 4133 2400 4194 sla‘,
2435 4146 2564 4183 cum
2597 4131 2819 4183 veniret
2841 4131 2916 4184 ad
2940 4129 3206 4186 Joannem
3245 4138 3308 4187 ut
3341 4135 3783 4204 baptizaretur
3817 4148 3892 4201 ab
3921 4165 3986 4206 eo.

2279 4221 2359 4275 ait
2397 4222 2476 4276 illi
2513 4225 2744 4277 Joannes
2770 4242 2786 4276 :
2821 4225 2897 4278 Tu
2929 4224 3007 4277 ad
3035 4241 3118 4278 me
3144 4229 3297 4281 venis
3327 4228 3652 4298 baptizari
3676 4239 3710 4290 ?
3754 4256 3859 4306 ego
3889 4258 3920 4294 α
3951 4246 3988 4293 te

2279 4314 2435 4368 debeo
2457 4315 2748 4385 baptizari.
2779 4317 2846 4368 Et
2865 4315 3145 4370 Dominus
3174 4317 3226 4372 ei
3256 4335 3269 4373 :
3297 4323 3435 4376 Sine
3458 4327 3651 4382 modo
3685 4333 3988 4403 impleatur

2279 4410 2448 4461 omnis
2477 4407 2720 4475 justitia.
2771 4408 2918 4472 Quid
2963 4413 3049 4462 est
3097 4409 3420 4480 impleatur
3461 4422 3696 4475 omnis
3745 4426 3987 4495 justitia,

2282 4499 2386 4552 nisi
2444 4499 2749 4570 impleatur
2810 4501 2998 4555 omnis
3061 4503 3416 4560 humilitas?
3484 4513 3582 4565 Ac
3667 4516 3726 4570 si
3799 4520 3987 4574 dicat:

563 4603 841 4653 nostrum.
861 4595 989 4706 .S‘cd
1029 4594 1166 4648 dicit
1195 4592 1426 4662 aliquis,
1461 4591 1598 4662 quid
1643 4590 1806 4695 nobis
1832 4591 2416 4706 p'rodestilleDMori
2470 4592 2638 4662 veni,
2696 4594 2976 4664 baptizari
3024 4612 3144 4649 non
3193 4598 3354 4652 veni.
3415 4601 3584 4659 Mori
3635 4609 3858 4667 habeo
3901 4630 3987 4684 pro

560 4697 754 4762 Agnus
778 4688 919 4746 Dei?
957 4691 1085 4743 Ecce
1121 4701 1292 4755 agnus
1323 4688 1436 4747 Dei,
1484 4701 1592 4738 ecce
1639 4686 1736 4752 qui
1782 4685 1923 4736 tollit
1964 4689 2183 4753 peccata

560 4785 769 4840 mundi.
783 4782 931 4837 Tulit
951 4783 1247 4852 peccatum
1269 4777 1492 4843 mundi,
1509 4775 1642 4847 quia
1661 4775 1822 4846 signa
1837 4779 1894 4829 et
1910 4775 2182 4828 miracula

563 4878 798 4944 faciens,
831 4891 1011 4929 caecos
1040 4871 1402 4936 illuminavit,
1427 4873 1685 4923 mortuos
1711 4869 2016 4922 suscitavit.
2035 4870 2183 4922 lnsu-

563 4987 666 5042 per
696 4969 787 5024 cui
819 4967 1044 5023 volebat
1083 4963 1472 5036 potentialiter
1507 4961 1734 5015 dicebat
1766 4978 1778 5015 :
1822 4965 2182 5016 Dimittuntur

562 5065 662 5118 tibi
693 5066 910 5134 peccata
955 5065 1066 5114 tua.
1111 5057 1258 5113 Tulit
1295 5056 1469 5109 etiam
1517 5058 1753 5124 peccata
1784 5053 2004 5120 mundi,
2050 5071 2179 5108 cum

2283 4684 2652 4752 hominibus,
2703 4686 2981 4756 baptizari
3033 4705 3150 4743 non
3191 4690 3384 4745 habeo
3431 4711 3558 4765 pro
3610 4701 3985 4760 hominibus.

2281 4779 2349 4832 Et
2387 4781 2538 4832 certe
2566 4779 2850 4849 suscipere
2872 4780 3070 4834 debuit
3097 4781 3472 4853 baptismum
3511 4807 3558 4845 a
3589 4793 3780 4853 bono
3816 4817 3983 4855 ερι-γο,

2279 4869 2374 4941 qui
2404 4870 2730 4940 passionem
2771 4873 3019 4943 suscepit
3067 4891 3100 4927 a
3149 4876 3320 4930 malis
3358 4882 3592 4940 servis.
3634 4889 3758 4945 Hic
3801 4911 3898 4948 asr
3935 4909 3982 4946 nr

2281 4979 2389 5024 ouo
2429 4980 2570 5018 DlXt'l‘
2601 4980 2614 5018 :
2645 4965 2781 5018 Posr
2819 4982 2892 5020 ne
2931 4982 3090 5022 vemr
3131 4984 3244 5038 vni,
3289 4987 3386 5033 ριτι
3431 4991 3609 5035 ANTE
3658 5000 3750 5041 ΜΕ
3793 5001 3979 5042 “cui

2279 5071 2396 5110 EST.
2437 5056 2545 5110 Ubi
2587 5056 2696 5110 hoc
2728 5057 2949 5112 dixerat
2983 5061 3238 5115 Joannes
3275 5062 3351 5117 de
3384 5066 3688 5130 Domino
3711 5079 3745 5133 ?
3784 5081 3882 5134 ubi
3911 5083 3978 5133 in-

563 5151 822 5222 pendens
840 5151 899 5203 in
920 5166 1103 5218 cruce,
1128 5150 1325 5218 aperto
1352 5146 1530 5199 latere
1553 5143 1842 5198 emanavit
1870 5144 2100 5215 sanguis
2126 5148 2183 5198 et
2280 5151 2604 5218 terrogatus
2635 5167 2666 5202 a
2691 5150 3084 5206 sacerdotibus
3127 5157 3186 5208 et
3224 5155 3420 5212 levitis
3456 5171 3753 5236 negavit
3787 5191 3848 5227 se
3880 5189 3980 5226 esse

565 5258 733 5314 aqua.
764 5243 901 5296 Hinc
923 5242 991 5296 de
1019 5259 1086 5295 eo
1107 5243 1304 5295 Petrus
1337 5237 1507 5292 dicit:
1539 5240 1759 5291 Peccata
1787 5243 1973 5291 nostra
1992 5243 2180 5306 pertu-

566 5339 629 5391 lit
667 5339 724 5389 in
747 5351 958 5405 corpore
987 5351 1080 5390 suo
1109 5349 1268 5404 super
1307 5333 1530 5400 lignum.
1567 5330 1733 5384 Tollit
1763 5329 2018 5400 quotidie
2049 5347 2177 5400 pec-

565 5433 692 5483 cata
705 5429 902 5482 mundi
920 5444 1023 5498 per
1035 5425 1532 5498 participationem
1553 5423 1805 5493 corporis
1816 5426 1873 5475 et
1889 5423 2182 5494 sanguinis

565 5522 667 5576 sui.
694 5523 904 5575 Ferunt
920 5520 1073 5574 enim
1103 5519 1237 5590 quia
1253 5519 1397 5570 sicut
1416 5517 1683 5587 stipulam
1707 5517 1989 5570 consumit
2011 5515 2178 5586 ignis,

2279 5239 2584 5306 Christum,
2638 5242 2853 5308 Eliam,
2904 5251 3077 5315 atque
3134 5249 3532 5318 prophetam.
3599 5263 3842 5322 Adhuc
3894 5269 3977 5320 illis

2280 5333 2784 5403 percunctantibus
2813 5352 2826 5389 :
2862 5337 3004 5402 Quid
3031 5353 3157 5406 ergo
3198 5340 3515 5410 baptizas?
3577 5357 3642 5408 si
3696 5363 3768 5413 tu
3805 5377 3911 5414 non
3943 5374 3978 5412 ις

2281 5425 2542 5490 Christus,
2557 5443 2724 5496 neque
2739 5430 2912 5490 Elias,
2927 5445 3096 5498 neque
3103 5435 3378 5502 propheta
3396 5457 3414 5504 ;
3436 5456 3509 5494 re
3517 5451 3802 5515 spondit
3823 5460 3880 5508 et
3895 5455 3972 5506 an;

2279 5521 2390 5586 Ego
2433 5520 2644 5588 baptizo
2688 5523 2744 5574 in
2783 5537 2958 5590 aqua,
3004 5524 3216 5580 medius
3258 5534 3458 5586 autem
3508 5548 3798 5601 vestrum
3838 5550 3972 5602 steti;

564 5616 642 5669 sic
666 5615 892 5668 minora
918 5615 1153 5682 peccata
1178 5626 1281 5678 per
1319 5608 1816 5678 participationem
1843 5609 2095 5678 corporis
2125 5611 2182 5662 et
2279 5627 2432 5680 quem
2475 5629 2564 5667 vos
2597 5617 2827 5669 nescitis.
2879 5615 2992 5668 Hoc
3035 5616 3226 5686 ipsum
3271 5627 3677 5697 recapitulat
3733 5641 3928 5696 dicen.
3961 5657 3970 5691 ;

565 5706 860 5778 sanguinis
890 5705 1029 5774 ejus.
1066 5705 1186 5771 Ipse
1211 5701 1363 5753 enim
1389 5701 1559 5754 dicit:
1587 5705 1710 5757 Nisi
1725 5703 2182 5756 manducaveritis
2279 5705 2401 5758 Post
2439 5721 2520 5760 me
2545 5708 2690 5761 venit
2715 5710 2801 5761 vir
2824 5709 2920 5779 qui
2945 5714 3072 5764 ante
3098 5727 3181 5765 me
3203 5715 3403 5782 factus
3435 5729 3550 5782 est.
3583 5729 3822 5791 Virum
3851 5741 3968 5790 recte

635 5815 661 5846 ⁸
685 5815 769 5874 ιιι
793 5811 970 5865 Codd.
997 5826 1010 5864 :
1040 5806 1214 5862 modo
1235 5813 1610 5875 commentum;
1640 5808 1814 5863 modo
1842 5811 2094 5878 homilia;
2125 5810 2297 5866 modo
2328 5815 2604 5884 expositio.
