4022 6404
128 374 234 425 809

1540 385 1597 438 IN
1647 386 1829 440 JUAN.
1875 386 2017 440 CAP.
2070 384 2108 440 l.

3394 397 3495 447 810

127 478 397 547 appellat,
435 479 504 534 de
545 482 667 551 ipso
709 482 862 537 enim
912 486 1185 557 pr0pheta
1233 487 1367 543 dicit
1414 509 1428 543 :
1477 494 1603 544 Ecce
1659 496 1763 553 vir,
1788 496 2085 575 Aqua’ritc
2128 493 2300 544 illum.
2348 493 2408 545 Et
2450 492 2721 548 Dominus
2766 494 2899 548 dicit
2945 495 3275 565 discipulis:
3314 502 3488 553 Estotc

126 572 321 625 Oriens
360 589 553 627 nomen
592 577 726 642 ejus.
763 578 888 630 Post
930 595 1020 633 me
1061 582 1231 648 venit,
1259 582 1356 651 qui
1403 584 1763 652 postmodum

126 669 303 716 natus
330 670 434 718 est.
464 666 753 721 Praecessit
778 669 929 722 enim
955 671 1151 725 beatus
1176 675 1417 728 Joannes
1442 675 1535 728 Dei
1564 675 1764 729 Filium

122 754 184 807 in
232 758 621 826 conceptione,
652 760 711 813 in
741 762 1050 833 nativitate,
1086 765 1141 817 in
1170 766 1451 835 passione.
1504 769 1607 833 Qui
1641 774 1763 821 ante

121 864 211 900 me
230 851 415 914 factus
440 855 537 912 est,
568 852 625 905 id
646 859 726 905 est
751 855 1013 923 przelatus
1040 862 1122 910 est
1150 858 1309 927 nihil,
1336 875 1461 920 om
1494 875 1654 913 PRIOR
1691 877 1761 914 ME

119 956 265 993 ERAT
298 957 311 993 :
338 946 493 1011 prior
532 960 614 997 me
649 951 763 999 erat
793 948 924 1016 quia
953 951 1009 1001 in
1040 954 1308 1019 principio
1348 956 1464 1005 erat
1512 954 1758 1013 Verbum,

119 1039 174 1085 et
214 1035 452 1087 Verbum
482 1042 602 1090 erat
629 1039 780 1106 apud
809 1042 993 1101 Deum,
1028 1048 1075 1095 et
1099 1046 1234 1097 Deus
1258 1048 1373 1097 erat
1400 1046 1547 1113 apud
1573 1048 1757 1107 Deum,
1800 1040 1813 1047 ’

121 1131 171 1177 et
208 1129 349 1180 Deus
385 1134 503 1181 erat
538 1131 775 1184 verbum.
820 1133 977 1186 Prior
1010 1135 1225 1203 Joanni,
1266 1136 1420 1205 prior
1456 1142 1512 1191 et
1553 1138 1756 1205 Mariae,

120 1217 249 1286 ipse
288 1218 447 1272 enim
466 1220 596 1274 fecit
621 1223 869 1291 Mariam,
892 1230 945 1278 et
972 1226 1087 1295 ipse
1108 1232 1270 1281 natus
1291 1233 1373 1282 est
1388 1244 1490 1299 per
1508 1230 1755 1284 Mariam.

118 1310 290 1363 Prior
328 1313 539 1365 etenim
590 1319 645 1368 et
681 1316 834 1368 omni
865 1322 1157 1387 creaturae,
1185 1321 1329 1373 sicut
1369 1322 1486 1391 ipse
1526 1323 1659 1377 dicit
1700 1324 1759 1376 in

118 1402 420 1471 Sapientia
447 1420 460 1456 :
493 1408 745 1459 Dominus
772 1411 1007 1476 possedit
1035 1428 1115 1464 me
1137 1415 1193 1465 in
1222 1416 1375 1465 initio
1399 1417 1612 1467 viarum
1629 1431 1755 1468 sua-

117 1511 266 1556 rum,
291 1501 585 1565 antequam
600 1500 892 1567 quidquam
909 1504 1112 1566 faceret
1138 1521 1171 1557 α
1187 1508 1473 1574 principio.
1504 1508 1567 1559 Et
1592 1510 1759 1562 :Ante

116 1588 417 1652 luciferum
460 1593 622 1655 genui
658 1596 723 1644 te.
772 1594 844 1646 Er
895 1609 994 1648 eoo
1047 1612 1337 1651 sesamum
1384 1615 1517 1665 una;
1553 1615 1647 1653 san
1694 1616 1758 1653 L’T

114 1694 531 1735 MANIFESTETL'R
571 1699 622 1736 1N
662 1685 867 1752 ISltAEL,
898 1703 1205 1743 PROPTEREA
1233 1706 1353 1744 V’ENI
1388 1707 1486 1745 EGO
1524 1708 1575 1745 IN
1616 1709 1754 1747 MUN-

118 1788 259 1837 ουλε,
294 1789 345 1826 ικ
382 1789 522 1835 seu
554 1791 862 1831 BAPTIZANS.
895 1780 960 1832 Ut
986 1782 1439 1837 manifestaretur
1483 1784 1539 1837 in
1591 1786 1753 1839 Israel

1860 586 2149 652 prudentes
2221 588 2355 637 sicut
2425 593 2705 655 serpentes,
2774 594 2822 641 et
2882 590 3146 656 simplices
3218 592 3356 643 sicut
3415 608 3494 645 co-

1868 677 2075 730 tumbae.

1936 770 2005 821 Ετ
2033 785 2131 822 nco
2160 785 2453 824 NESCIEBAM
2482 786 2608 825 EL‘M.
2640 770 2783 833 Quid
2814 776 2897 824 est
2926 773 3073 841 quod
3114 774 3247 827 dicit
3281 777 3490 830 nescie-

1862 860 1989 913 bam
2019 878 2148 915 eum
2163 863 2189 915 ?
2210 880 2335 916 cum
2356 863 2476 932 jam
2504 868 2589 917 tot
2610 869 2664 917 et
2683 868 2839 916 tanta
2857 866 3172 919 testimonia
3192 869 3490 936 perhibue-

1861 953 2113 1021 rat;jam
2149 954 2300 1007 enim
2334 955 2509 1024 digito
2549 957 2869 1009 ostenderat
2910 974 3060 1023 eum,
3101 959 3222 1027 jam
3265 959 3483 1013 dixerat

1861 1060 1971 1097 ecce
2000 1047 2185 1112 Agnus
2211 1049 2321 1099 Dei.
2353 1047 2407 1100 Si
2435 1048 2585 1100 enim
2616 1048 2895 1101 nesciebat
2920 1065 3071 1116 cum,
3104 1052 3386 1119 quomodo
3417 1054 3485 1106 ad

1861 1152 1919 1188 se
1948 1138 2191 1190 venienti
2220 1142 2279 1190 ut
2308 1139 2685 1208 baptizaretur
2707 1141 2929 1193 diccbat
2961 1158 2973 1194 :
3006 1145 3082 1195 Tu
3104 1143 3178 1194 ad
3202 1159 3279 1195 me
3300 1147 3442 1197 renis
3462 1148 3488 1195 ?

1859 1244 1951 1297 ego
1978 1245 2013 1282 a
2044 1234 2090 1283 te
2120 1231 2275 1283 debeo
2307 1233 2597 1301 baptizari.
2640 1233 2743 1286 Sed
2776 1234 3214 1301 intelligendum
3243 1239 3326 1289 est
3355 1237 3483 1306 quia

1860 1322 2074 1391 aliquid
2103 1322 2161 1376 in
2191 1340 2255 1377 eo
2284 1341 2396 1377 non
2426 1330 2675 1390 noverat,
2709 1330 2763 1377 et
2788 1326 3001 1395 aliquid
3029 1333 3278 1380 noverat.
3313 1330 3488 1382 Nove-

1857 1414 1948 1463 rat
1977 1411 2298 1475 Dominum,
2330 1415 2564 1466 noverat
2591 1414 2687 1466 Dei
2714 1414 2938 1481 Filium,
2974 1415 3070 1466 sed
3103 1417 3353 1469 nondum
3383 1434 3484 1469 no-

1858 1506 2015 1555 verat
2043 1508 2372 1572 potestatem
2401 1506 2723 1574 baptizandi
2764 1507 2865 1559 sibi
2910 1507 3210 1561 Dominum
3241 1514 3486 1562 retentu-

1857 1612 2004 1661 rum,
2036 1601 2091 1648 et
2134 1596 2189 1648 in
2226 1598 2518 1650 neminem
2563 1614 2850 1651 servorum
2896 1600 3319 1653 translaturum.
3372 1602 3481 1654 Hoc

1857 1690 2091 1740 noverat
2127 1693 2181 1741 et
2214 1689 2315 1741 hoc
2346 1689 2541 1741 didicit
2568 1706 2666 1758 per
2694 1690 3042 1744 columbam.
3066 1691 3119 1745 Si
3146 1693 3298 1745 enim
3328 1694 3484 1746 daret

1858 1779 2021 1831 alicui
2051 1784 2401 1848 potestatem,
2432 1782 2662 1834 forsitan
2693 1782 2869 1851 aliqui
2900 1783 3171 1851 eligerent
3212 1785 3313 1836 sibi
3354 1803 3479 1838 san-

113 1865 281 1933 dicit,
314 1866 369 1919 id
398 1871 479 1919 est
506 1868 610 1937 ipsi
638 1872 845 1939 populo
874 1873 1055 1926 Israel.
1086 1876 1385 1944 Propterea
1423 1878 1625 1930 missus
1670 1883 1755 1931 est
1775 1852 1830 1922 Β
1855 1871 2053 1923 ctiores
2081 1873 2232 1925 viros
2258 1889 2291 1925 a
2318 1874 2523 1943 quibus
2548 1874 2981 1943 baptizarentur.
3007 1875 3112 1927 Sed
3138 1876 3248 1929 sive
3278 1877 3476 1935 bonus.

108 1959 365 2011 Joannes
398 1959 455 2012 in
488 1978 636 2030 aqua
674 1962 977 2033 baptizans,
1010 1970 1073 2019 ut
1115 1969 1493 2023 manit‘estaret
1532 1970 1630 2023 Dei
1677 1971 1757 2023 Fi-

106 2051 267 2104 lium
296 2054 507 2122 populo
539 2055 723 2121 Israel,
753 2058 885 2126 quia
925 2060 1175 2113 occultus
1204 2062 1479 2127 veniebat,
1517 2067 1577 2116 ut
1605 2063 1695 2115 vix
1724 2080 1757 2115 a

112 2145 322 2214 paucis
352 2147 438 2198 vel
462 2162 493 2199 a
514 2147 671 2200 nullo
689 2151 947 2217 cognosci
970 2152 1260 2221 potuisset.
1295 2155 1446 2207 Unde
1470 2155 1584 2224 ipse
1603 2157 1763 2209 Joan-

110 2253 224 2290 nes
252 2237 388 2290 alibi
414 2238 492 2291 ait
519 2256 531 2292 :
568 2243 676 2308 Ego
708 2242 920 2309 baptizo
945 2247 1003 2297 in
1033 2262 1197 2313 aqua,
1234 2248 1441 2299 medius
1473 2253 1649 2301 autem
1680 2264 1760 2302 ve-

109 2336 298 2383 strum
337 2336 447 2384 stat
487 2349 641 2400 quem
681 2350 769 2387 vos
806 2340 1035 2390 nescitis.
1067 2342 1221 2407 Aqua
1252 2341 1637 2393 tantummodo
1668 2342 1757 2393 ba-

112 2424 392 2492 ptizabat,
444 2432 673 2493 peccata
723 2428 1002 2482 dimittere
1060 2448 1173 2483 non
1227 2437 1463 2501 poterat,
1511 2434 1652 2486 sicut
1704 2437 1759 2486 et

116 2516 302 2569 modo
328 2518 644 2571 sacerdotes
672 2520 728 2572 in
752 2522 993 2574 Beelesia
1016 2524 1243 2576 faciunt.
1268 2527 1507 2593 Corpora
1530 2526 1759 2593 tingunt

111 2626 294 2679 aqua,
328 2616 597 2663 ca'terum
629 2612 802 2677 [C0d.,
834 2615 1052 2685 cratera]
1096 2622 1323 2685 peccata
1349 2618 1534 2669 nullus
1563 2618 1753 2670 dimit—

112 2707 241 2755 tere
272 2707 480 2771 potest,
512 2703 617 2755 nisi
649 2706 798 2757 solus
830 2708 987 2759 Deus.

194 2796 270 2848 Er
316 2811 681 2850 rasrmoxu'x
724 2815 1007 2853 PERlllBl'lT
1044 2802 1300 2868 Joauxas,
1337 2819 1461 2863 Ql'lA
1492 2820 1600 2856 γιυι
1632 2805 1752 2858 SP1-

111 2904 290 2942 RITI'M
346 2904 779 2944 DESCENDENTEM.
826 2892 982 2945 Alius
1032 2896 1369 2963 evangelista
1420 2896 1573 2961 dicit,
1627 2899 1757 2965 quia

110 2983 435 3049 baptizatus
484 2986 741 3037 Dominus
792 2989 1065 3051 confestim
1107 2990 1343 3041 ascendit
1389 2988 1456 3040 ab
1504 3005 1667 3057 aqua,
1707 2994 1756 3041 et

111 3091 235 3127 ecce
254 3078 439 3143 aperti
454 3080 581 3128 sunt
610 3079 659 3128 ei
682 3078 819 3138 coeli,
847 3083 895 3131 et
922 3081 1059 3131 vidit
1085 3082 1346 3147 Spiritum
1376 3083 1531 3149 quasi
1555 3082 1750 3135 colum-

113 3168 248 3220 bam
286 3167 703 3234 descendentem,
734 3175 784 3222 et
812 3174 1011 3224 mansit
1044 3188 1204 3240 super
1234 3189 1369 3226 eum.
1409 3174 1757 3243 Aperiantur

110 3260 245 3313 coeli
266 3254 547 3329 baptizata
577 3262 836 3330 Domino,
870 3269 924 3316 et
951 3264 1237 3317 descendit
1266 3265 1505 3334 Spiritus
1533 3271 1756 3318 sanctus

110 3370 296 3422 super
314 3369 467 3421 eum,
486 3358 548 3407 ut
568 3356 729 3407 nobis
743 3357 972 3409 daretur
990 3356 1225 3427 intelligi
1245 3359 1374 3427 quia
1393 3358 1572 3411 omnis
1586 3359 1755 3411 homo

107 3447 431 3511 antequam
462 3442 670 3508 veniat,
699 3444 768 3496 ad
800 3445 1135 3513 baptismum
1165 3446 1385 3499 aditum
1409 3448 1568 3517 regni
1599 3449 1755 3501 cccle-

109 3535 221 3588 stis
248 3536 505 3589 clausum
535 3536 705 3589 habet
741 3542 969 3606 propter
995 3538 1266 3606 originale
1307 3548 1615 3609 peccatum,
1658 3542 1753 3594 sed

108 3630 173 3682 in
218 3628 502 3697 baptismo
541 3630 830 3697 egreditur
860 3631 1085 3700 spiritus
1114 3634 1314 3698 malus,
1356 3640 1410 3687 et
1438 3634 1631 3705 incipit
1661 3636 1755 3688 ha-

106 3723 304 3775 bitare
355 3722 594 3791 Spiritus
654 3727 906 3790 sanctus,
950 3725 1167 3779 dicente
1216 3727 1480 3795 Apostolo
1532 3744 1544 3781 :
1594 3730 1754 3783 Scitis

102 3820 250 3885 quia
281 3816 536 3884 templum
566 3818 661 3869 Dei
681 3820 803 3870 estis
834 3833 944 3879 eos,
969 3824 1016 3872 et
1041 3821 1276 3886 Spiritus
1300 3825 1517 3873 semotus
1542 3822 1754 3875 habitat

102 3912 168 3962 in
204 3909 373 3961 vobis.
418 3909 594 3961 Habes
639 3910 747 3963 hoc
788 3912 845 3963 in
880 3912 1000 3964 loco
1039 3915 1214 3965 totam
1241 3913 1571 3967 Trinitatem
1597 3931 1746 3967 com-

102 4002 482 4072 prehensam.
514 4003 675 4056 Pater
701 4004 929 4056 auditur
953 4005 1011 4056 in
1036 4020 1187 4071 voce,
1219 4005 1385 4058 Filius
1412 4006 1466 4058 in
1498 4007 1747 4073 nomine,

101 4094 364 4165 Spiritus
393 4099 618 4147 sanctus
644 4096 1061 4151 demonstratur
1086 4098 1143 4150 in
1166 4099 1446 4152 columba.
1478 4100 1581 4153 Sed
1615 4101 1750 4171 quid

101 4191 205 4242 est
235 4187 476 4257 Spiritus
504 4193 746 4255 sanctus,
779 4207 893 4243 non
922 4191 1042 4260 jam
1082 4192 1313 4245 alterius
1342 4193 1456 4245 avis
1486 4194 1747 4247 similitu-

98 4282 250 4335 dine
283 4280 659 4334 demonstrari
687 4282 880 4351 voluit,
909 4283 1017 4336 nisi
1044 4302 1075 4337 a
1101 4285 1379 4338 columba.
1414 4288 1574 4341 Certe
1616 4288 1748 4357 quia

99 4372 383 4428 columba
413 4374 649 4443 simplex
690 4378 773 4428 est
809 4376 1043 4444 animal,
1072 4381 1239 4446 atque
1275 4395 1307 4430 a
1343 4379 1572 4432 malitiae
1617 4379 1748 4433 faece

99 4467 396 4521 alienum.
432 4468 499 4521 Ut
525 4468 781 4522 ostendat
805 4468 937 4538 quia
966 4470 1155 4522 nullus
1180 4470 1287 4523 nisi
1312 4472 1549 4541 simplex
1580 4473 1751 4526 fuerit

1776 3207 1829 3280 C

1860 1963 1971 2016 sive
2002 1966 2185 2017 malus
2218 1966 2459 2034 baptizet
2494 1967 2552 2019 in
2591 1966 2899 2019 ministerio
2947 1968 3004 2019 in
3048 1973 3356 2037 potestate;
3392 1971 3480 2022 hic

1861 2056 2013 2109 enim
2057 2058 2153 2127 qui
2194 2058 2457 2126 baptizat,
2500 2058 2611 2111 sive
2666 2060 2905 2126 adulter,
2964 2059 3075 2113 sive
3121 2064 3323 2127 castus,
3368 2064 3481 2114 sive,

1862 2148 2114 2202 ebriosus
2144 2150 2402 2219 baptizet,
2436 2150 2525 2203 hic
2549 2151 2746 2220 estqui
2772 2152 3033 2220 baptizat.
3056 2152 3179 2205 Sive
3202 2155 3479 2209 columba.

1860 2241 1970 2293 sive
2016 2242 2217 2295 milvus
2267 2242 2524 2311 baptizet.
2574 2244 2662 2296 hic
2707 2247 2790 2296 est
2834 2244 2927 2313 qui
2979 2245 3239 2313 baptizat.
3292 2248 3485 2299 Petrus

1859 2333 2119 2401 baptizet,
2150 2336 2350 2387 Paulus
2380 2336 2637 2404 baptizet,
2666 2336 2835 2388 Judas
2864 2338 3127 2405 baptizet,
3162 2338 3251 2390 hic
3280 2342 3361 2391 est
3389 2341 3481 2407 qui

1858 2424 2116 2493 baptizat,
2150 2426 2243 2495 qui
2274 2433 2497 2495 peccata
2518 2427 2769 2491 dimittit,
2803 2428 2899 2495 qui
2929 2428 3201 2496 Spiritum
3230 2435 3487 2481 sanctum

1860 2518 2076 2583 tribuit,
2100 2518 2197 2587 qui
2236 2519 2521 2587 discipulis
2561 2520 2675 2570 suis
2716 2520 2889 2571 dicit:
2922 2522 3150 2573 Joannes
3194 2522 3491 2589 baptizai'it

1856 2626 2018 2677 aqua,
2048 2627 2135 2663 eos
2171 2617 2348 2663 autem
2391 2612 2737 2679 baptizemiui
2774 2614 2983 2679 Spiritu
3008 2619 3209 2666 saneto.
3244 2616 3351 2665 lloc
3382 2631 3483 2666 ne-

1859 2703 2063 2754 sciebat
2092 2704 2157 2755 de
2191 2704 2429 2755 Domino
2463 2704 2936 2772 beatusJoannes,
2962 2711 3015 2758 et
3037 2705 3140 2757 hoc
3170 2706 3363 2758 didicit
3384 2724 3485 2775 per

1857 2796 2196 2849 columbam.
2227 2797 2327 2850 Sen
2366 2813 2454 2857 Ql’l
2488 2813 2557 2849 ME
2589 2813 2731 2849 )llSlT
2768 2814 3053 2851 memmi:
3082 2815 3138 2852 1N
3168 2816 3329 2867 seu,
3372 2816 3488 2853 IPSE

1857 2904 1973 2942 Mllll
2004 2905 2143 2942 DleT
2173 2906 2185 2941 ἶ
2217 2890 2390 2943 SUPER
2422 2906 2567 2950 Ql'liM
2608 2905 2817 2943 VIDElllS
2858 2890 3115 2945 Sl’llllTl'M
3152 2908 3485 2945 DESCRNDEV‘

1856 2998 1958 3035 ΤΕΜ
2002 2999 2061 3035 ΕΤ
2109 2998 2395 3036 ΜΑΝΕΝΤΕΜ
2440 2998 2609 3037 διῬΕῐὶ
2656 2999 2784 3049 El'M,
2816 2999 2905 3037 HIC
2956 3000 3049 3037 EST
3100 3001 3189 3045 Ql'l
3234 3001 3487 3040 BAPTIZAT

1856 3091 1908 3127 1N
1936 3075 2149 3128 SPlRlTl'
2183 3090 2385 3128 sauero
2416 3091 2477 3128 ET
2505 3091 2646 3129 IGNE.
2682 3077 2745 3128 Et
2774 3075 3166 3129 testimonium
3202 3077 3489 3146 perhibuit,

1854 3168 2092 3220 Joannes
2141 3168 2331 3221 dicens
2387 3184 2399 3221 :
2456 3170 2591 3230 Ql'lA
2644 3184 2733 3222 me
2785 3185 2878 3222 EST
2929 3170 3109 3223 FiLuts
3164 3170 3280 3223 DEI.
3339 3171 3480 3222 Vidit

1858 3260 2052 3313 beatus
2075 3262 2317 3313 Joannes
2347 3261 2515 3313 caelos
2543 3266 2764 3330 apertos
2793 3279 2961 3330 super
2992 3263 3316 3330 Dominum,
3345 3263 3480 3316 vidit

1858 3353 2124 3422 Spiritum
2152 3356 2404 3405 sanctum
2429 3354 2868 3407 descendentem
2888 3355 2941 3406 in
2961 3356 3245 3407 columba.
3268 3356 3489 3408 Audivit

1857 3457 2051 3494 vocem
2075 3442 2248 3494 Patris
2276 3442 2554 3494 dicentem
2581 3458 2593 3493 :
2627 3442 2726 3494 Hic
2760 3447 2833 3493 est
2864 3443 3028 3494 Filius
3058 3458 3202 3495 meus
3242 3444 3484 3497 dilectus.

1856 3530 1919 3586 Et
1948 3534 2072 3588 ideo
2103 3534 2321 3587 dicebat
2350 3550 2362 3586 :
2394 3535 2505 3586 Eoo
2538 3550 2664 3598 vini,
2702 3550 2761 3587 ET
2804 3549 3168 3588 TESTIMONIL‘M
3211 3551 3483 3600 PERHIBL’],

1853 3630 1978 3696 quia
2008 3629 2091 3679 hic
2115 3632 2189 3679 est
2215 3628 2380 3680 Filius
2402 3629 2513 3679 Dei.
2537 3628 2649 3680 Sed
2677 3627 2991 3679 notandum
3015 3633 3114 3693 est,
3140 3627 3289 3697 quod
3312 3627 3481 3681 dicit:

1850 3724 2021 3789 Super
2044 3736 2196 3789 quem
2230 3720 2425 3771 videris
2452 3721 2711 3787 Spiritum
2738 3720 3131 3772 descendentem
3173 3725 3222 3773 et
3267 3737 3488 3774 manen-

1853 3820 1951 3867 tem
1976 3830 2134 3882 super
2159 3829 2295 3865 eum.
2330 3812 2417 3865 Sic
2448 3812 2597 3864 enim
2639 3812 2924 3864 descendit
2968 3812 3205 3881 Spiritus
3253 3819 3480 3867 sanctus

1854 3924 2022 3976 super
2050 3907 2346 3959 Dominum
2373 3906 2733 3975 baptizatum,
2764 3910 2823 3958 ut
2851 3922 3150 3974 nunquam
3185 3906 3253 3959 ab
3283 3922 3349 3959 eo
3377 3907 3486 3960 dis-

1850 4000 2091 4053 cederet.
2119 4000 2345 4051 Nullum
2377 3999 2527 4051 enim
2554 3998 2681 4051 fecit
2709 4001 3022 4067 peccatum,
3048 4016 3152 4069 pro
3184 4016 3295 4068 quo
3320 4001 3389 4053 ab
3414 4017 3479 4054 eo

1852 4093 2138 4147 discedere
2166 4092 2466 4145 debuisset.
2505 4092 2607 4145 Sed
2641 4108 2753 4143 non
2776 4091 2983 4144 diceret
3003 4098 3305 4145 manentem
3324 4110 3484 4162 super

1849 4202 1986 4247 eum,
2002 4185 2109 4238 nisi
2126 4202 2159 4238 a
2177 4184 2382 4238 sanctis
2402 4184 2699 4255 aliquoties
2721 4184 3052 4253 discederet,
3069 4191 3164 4238 aut
3180 4203 3283 4255 per
3308 4187 3484 4240 malas

1849 4279 2236 4349 cogitationes,
2254 4283 2350 4331 aut
2374 4295 2473 4348 per
2498 4278 2650 4330 mala
2674 4294 2866 4347 opera.
2891 4277 3171 4347 Scriptum
3189 4282 3272 4332 est
3289 4280 3439 4333 enim
3462 4300 3477 4333 :

1847 4375 2081 4443 Spiritus
2106 4377 2321 4426 sanctus
2349 4372 2653 4439 disciplina:
2678 4371 2893 4438 effugiet
2916 4373 3119 4437 ﬁctum.
3144 4372 3211 4423 Et
3238 4371 3441 4426 iterum
3465 4391 3477 4426 :

1848 4470 2111 4520 Perversa:
2152 4468 2293 4519 enim
2336 4467 2679 4531 cogitationes
2726 4468 2986 4530 separant
3016 4480 3049 4514 a
3078 4466 3212 4527 Deo;
3244 4481 3357 4517 non
3398 4472 3477 4519 est

98 4560 371 4623 effectus,
395 4560 669 4629 Spiritum
701 4567 956 4615 sanctum
987 4564 1236 4632 accipere
1269 4549 1471 4633 potest.
1505 4566 1741 4628 Quidam
1764 4568 1822 4639 Ι)
1845 4560 1997 4613 enim
2013 4560 2182 4613 homo
2198 4563 2585 4627 supertcrram
2610 4556 2705 4625 qui
2726 4556 2888 4608 faciat
2903 4556 3195 4622 bonum,et
3220 4574 3329 4610 non
3354 4574 3474 4626 pec-

98 4652 276 4708 enim
302 4652 360 4705 in
388 4654 540 4707 corvi
570 4655 753 4723 specie
782 4655 1051 4723 Spiritum
1080 4662 1330 4710 sanctum
1371 4659 1620 4727 accipere
1648 4676 1743 4711 vo-

98 4750 372 4813 luerunt,
390 4747 533 4801 sicut
551 4748 657 4801 fuit
677 4748 870 4803 Simon
889 4764 1110 4817 magus,
1138 4750 1236 4819 qui
1257 4752 1462 4803 sanctis
1482 4753 1746 4821 apostolis

96 4839 418 4913 pecuniam
444 4839 647 4893 obtulit
673 4840 897 4894 dicens:
927 4844 1058 4895 Date
1082 4845 1216 4895 mihi
1249 4845 1385 4897 hanc
1406 4849 1743 4913 potestatem,

96 4940 172 4988 ut
216 4934 409 4999 cuique
443 4948 637 4986 manus
688 4936 1005 5003 imposuero,
1042 4938 1275 5005 accipiat
1311 4940 1574 5006 Spiritum
1613 4954 1743 4991 san-

96 5032 283 5081 ctum.
315 5026 514 5079 Emere
550 5027 791 5092 volebat,
834 5028 987 5096 quod
1030 5029 1252 5082 charius
1292 5032 1657 5100 venundaret,
1692 5036 1747 5085 et

95 5120 246 5175 ideo
271 5117 489 5171 audivit
516 5135 549 5172 a
574 5121 738 5173 Petro
768 5136 781 5173 :
806 5122 1034 5174 Pecunia
1062 5127 1155 5175 tua
1182 5128 1347 5177 tecum
1373 5126 1443 5176 sit
1481 5128 1538 5177 in
1557 5125 1741 5194 perdi-

97 5216 282 5273 tione,
313 5214 445 5280 quia
477 5215 797 5267 existimasti
824 5214 1023 5268 donum
1061 5218 1159 5270 Dei
1186 5220 1426 5286 pecuniis
1459 5219 1742 5287 possideri.

94 5310 235 5363 Non
294 5306 396 5357 erit
446 5306 546 5359 tibi
590 5322 740 5376 pars,
766 5322 933 5376 neque
956 5323 1068 5361 sors
1094 5311 1152 5361 in
1169 5324 1405 5363 sermone
1448 5313 1567 5364 isto.
1598 5312 1745 5381 Ergo

94 5398 209 5471 qui
240 5397 518 5467 Spiritum
554 5403 810 5453 sanctum
836 5400 1085 5472 accipere
1124 5401 1422 5469 desiderat,
1453 5403 1511 5456 in
1540 5405 1747 5457 colum-

95 5497 202 5559 ba,
235 5490 295 5545 id
326 5495 411 5545 est
435 5491 494 5544 in
526 5492 901 5563 simplicitate,
933 5494 1093 5549 illum
1123 5510 1377 5565 quaerere
1402 5496 1586 5550 debet.
1608 5498 1742 5550 Pro-

95 5593 241 5663 pter
266 5584 411 5640 illud
440 5586 592 5657 quod
618 5586 890 5658 scriptum
916 5593 1001 5643 est
1040 5605 1053 5643 :
1092 5591 1154 5644 In
1185 5589 1527 5658 simplicitate
1567 5591 1743 5655 cordis

448 5934 720 6030 Ρλνιςιιοι.
771 5946 1002 6012 LXXII.

1846 4658 1949 4707 cet.
1986 4653 2137 4706 Sicut
2160 4651 2444 4720 apostolus
2471 4649 2605 4702 dicit
2639 4665 2650 4700 :
2685 4650 2746 4703 Si
2781 4649 3075 4701 direrimus
3118 4652 3245 4717 quia
3283 4667 3473 4719 pecca-

1850 4754 1960 4800 tum
2001 4762 2105 4799 uon
2150 4746 2420 4803 habemus,
2456 4758 2549 4796 nos
2588 4746 2729 4811 ipsos
2766 4742 3086 4803 seducimus,
3117 4747 3167 4794 et
3190 4746 3387 4797 reritas
3414 4747 3469 4797 in

1848 4841 1992 4893 nobis
2020 4856 2125 4892 non
2146 4843 2241 4891 est.
2275 4838 2337 4890 Et
2362 4838 2562 4889 iterum
2596 4852 2609 4889 :
2634 4839 2695 4890 In
2723 4836 2902 4888 multis
2931 4835 3244 4903 offendimus
3274 4853 3471 4891 omnes.

1844 4935 2121 4987 Caeterum
2153 4948 2319 5001 super
2345 4930 2649 4983 Dominum
2676 4927 3016 4998 baptizatum
3040 4928 3209 4993 venit,
3231 4934 3293 4982 ut
3314 4930 3383 4981 ab
3407 4948 3471 4983 eo

1846 5041 2135 5096 nunquam
2181 5024 2509 5077 discederet.
2541 5024 2605 5075 Et
2636 5022 2758 5075 ideo
2787 5021 2843 5075 in
2874 5022 2993 5075 solo
3027 5021 3165 5075 Filio
3194 5021 3295 5075 sibi
3321 5038 3470 5076 com-

1844 5120 2053 5191 placuit
2082 5121 2261 5186 Pater,
2300 5118 2443 5170 sicut
2478 5115 2611 5169 dicit
2642 5132 2654 5169 :
2692 5118 2769 5169 Tu
2790 5130 2840 5169 es
2876 5115 3043 5169 Filius
3062 5131 3206 5169 meus
3226 5116 3469 5177 dilectus,

1846 5217 1903 5268 in
1934 5219 1981 5268 te
2004 5213 2339 5282 complacuit.
2383 5212 2447 5264 Et
2492 5209 2762 5279 propheta
2801 5224 2813 5260 :
2850 5211 3066 5263 Iuravit
3119 5211 3373 5263 Dominus
3423 5216 3474 5264 et

1844 5324 1948 5362 non
1967 5307 2246 5377 paenitebit
2270 5321 2405 5358 eum.
2442 5304 2519 5357 De
2561 5301 2889 5356 mortalibus
2917 5318 3050 5355 vero
3080 5302 3352 5373 scriptum
3391 5310 3476 5358 est

1848 5398 2148 5455 Dominum
2168 5399 2401 5453 dixisse:
2423 5396 2657 5469 poenitet
2678 5388 2831 5450 enim
2848 5411 2938 5451 me
2963 5395 3155 5451 fecisse
3177 5396 3469 5453 hominem

1848 5510 2016 5566 super
2036 5499 2265 5549 terram.

3083 5942 3161 6001 26
