4022 6486
584 503 1526 525 ......-............-..................,,,
1557 507 1594 524 ,,
2121 502 2123 504 ,
2611 499 2616 504 _
3781 498 3784 500 _

2132 656 2342 779 ΙΙΙ.

580 875 793 957 Lectio
825 872 1124 957 Epistolae
1151 873 1345 957 beati
1366 872 1548 957 Pauli
1582 872 1859 954 apostoli
1878 873 1983 957 _ad
2025 873 2356 957 Romanos
2387 874 2518 954 (χιι,
2556 876 2610 948 1)
2649 891 2662 933 :
2692 872 2969 957 Fratres
2983 869 3238 957 obsecro
3263 885 3380 931 vos
3401 885 3535 950 per
3562 866 3938 957 misericor-

658 956 840 1016 diam
872 946 1023 1029 Dei,
1054 962 1128 1014 ut
1163 953 1515 1016 exhibeatis
1549 946 1822 1033 corpora
1868 952 2146 1015 hostiam
2186 946 2530 1028 viventem,
2561 946 2876 1027 sanctam,
2920 952 3052 1014 Deo
3087 946 3494 1031 placentem,
3541 946 3940 1008 rationabile

657 1033 1032 1114 obsequium
1061 1040 1365 1094 vestrum.

1807 1147 2216 1202 COMMENTUM
2256 1147 2670 1202 LUCULENTII.

647 1265 870 1319 Dixerat
891 1263 1094 1316 Paulus
1117 1263 1402 1334 apostolus
1431 1263 1706 1334 superius,
1731 1265 1975 1334 qualiter
2001 1263 2186 1316 omnis
2208 1275 2267 1346 Α
2285 1265 2443 1318 nibus
2469 1269 2642 1326 rectae,
2659 1278 2892 1332 quarum
2909 1265 3032 1331 ﬁnis
3052 1277 3222 1330 usque
3242 1263 3318 1315 ad
3336 1259 3716 1330 profundum
3743 1261 3950 1325 inferni

576 1355 884 1411 observatio
913 1355 1308 1410 mandatorum
1338 1355 1434 1410 Dei
1461 1356 1746 1409 transisset
1780 1357 1848 1410 de
1882 1355 2085 1410 Judaeis
2112 1357 2181 1409 ad

575 1453 787 1520 gentes.
819 1449 939 1502 Jam
965 1463 1117 1502 nunc
1150 1464 1365 1515 omnes,
1407 1448 1614 1502 scilicet
1641 1452 1852 1518 gentes,
1881 1451 1936 1502 et
1963 1463 2056 1501 eos
2083 1447 2181 1518 qui

573 1543 642 1595 de
686 1540 1105 1594 circumcisione
1155 1541 1225 1593 ad
1276 1540 1448 1593 ﬁdem
1502 1543 1788 1605 venerant,
1822 1541 2083 1593 hortatur
2123 1544 2183 1592 ut

572 1632 743 1686 fidem
761 1649 931 1702 quam
954 1636 1284 1703 acceperant
1309 1630 1697 1685 inconcussam
1730 1636 2031 1686 servarent.
2062 1632 2180 1684 Imo

571 1741 701 1780 vero
732 1725 872 1780 sicut
895 1731 1024 1778 ante
1045 1720 1445 1778 consueverant
1466 1724 1676 1777 hostias
1693 1729 2048 1778 mortuorum
2068 1723 2182 1776 ani-

571 1817 826 1884 malium,
857 1816 933 1870 sic
949 1817 1072 1886 jam
1097 1817 1410 1886 inciperent
1435 1832 1491 1870 se
1529 1816 1680 1886 ipsos
1721 1816 1962 1870 hostiam
2002 1816 2180 1868 vivam

569 1909 766 1964 offerre
796 1911 928 1978 Deo,
960 1909 1148 1962 dicens
1176 1925 1189 1961 :
1221 1909 1468 1962 OBSECRO
1498 1924 1602 1962 vos
1633 1924 1734 1962 PER
1762 1923 2180 1962 MISERICORDIAM
2221 1955 2231 1962 ,

567 2002 686 2056 DEI.
735 2003 884 2054 Inter
927 2016 1126 2069 rogare
1164 2004 1220 2053 et
1255 2001 1546 2053 obsecrare
1592 2001 1700 2054 hoc
1749 2000 2002 2067 interest,
2051 1999 2181 2069 quia

566 2109 832 2162 rogamus
858 2093 926 2146 de
953 2092 1222 2159 minimis,
1250 2091 1605 2144 obsecramus
1630 2109 1732 2162 pro
1759 2090 2039 2145 maximis.
2073 2092 2174 2145 Sed

569 2185 899 2240 obsecrabat
921 2184 1212 2254 Apostolus
1239 2184 1538 2249 Romanos,
1567 2183 1624 2236 id
1653 2190 1754 2250 est,
1783 2184 1987 2238 obnixe
2015 2200 2178 2254 roga—

566 2277 679 2344 bat,
723 2277 911 2331 dicens
949 2293 962 2329 :
1007 2277 1224 2331 Obsecro
1253 2291 1342 2329 vos
1374 2292 1474 2345 per
1509 2277 1927 2330 misericordiam
1969 2278 2080 2330 Dei.
2105 2278 2182 2329 Ac

566 2371 612 2423 si
654 2369 910 2422 diceret:
952 2369 1058 2422 Per
1099 2368 1249 2420 illius
1303 2368 1751 2422 misericordiam
1789 2385 1887 2422 vos
1931 2369 2178 2433 obsecro,

565 2465 660 2532 qui
677 2478 766 2516 vos
789 2464 994 2516 vocavit
1017 2461 1083 2514 de
1108 2461 1333 2514 tenebris
1357 2461 1417 2513 in
1449 2461 1772 2514 admirabile
1801 2462 1977 2514 lumen
2004 2477 2178 2522 suum,

564 2559 618 2608 et
643 2571 742 2624 per
769 2554 922 2607 illam
966 2551 1411 2604 misericordiam
1436 2567 1534 2605 vos
1577 2539 1829 2621 obsecro,
1861 2568 1969 2622 qua
2000 2568 2180 2606 recon-

2281 1359 2634 1424 dcmergitur;
2679 1359 2731 1409 et
2778 1355 2905 1408 ideo
2948 1370 3174 1408 necesse
3207 1359 3386 1407 estut
3412 1351 3838 1422 unusquisque
3885 1351 3946 1403 de

2283 1451 2428 1503 bono
2455 1447 2604 1518 quod
2628 1447 2744 1517 agit
2769 1463 2883 1500 non
2908 1445 3256 1513 hominibus,
3286 1444 3392 1498 sed
3414 1445 3536 1497 Deo
3557 1445 3805 1514 placere
3834 1448 3946 1496 stu-

2281 1542 2424 1608 deat,
2457 1557 2526 1594 ne
2559 1539 2773 1592 dicatur
2802 1538 2855 1592 ei
2887 1555 2900 1591 :
2938 1541 3206 1606 Recepisti
3243 1537 3553 1591 mercedem
3580 1541 3773 1590 tuam.
3801 1535 3951 1598 Quod

2281 1631 2379 1703 qui
2405 1631 2618 1700 fecerit,
2648 1629 2833 1684 hostia
2863 1631 2976 1684 Deo
3001 1631 3211 1699 placita
3234 1629 3386 1683 efﬁci
3414 1628 3673 1700 poterit.

2350 1726 2712 1779 RATIONABILE
2749 1737 3056 1784 OBSEQUIUM
3095 1737 3368 1777 vasraUM.
3419 1722 3510 1774 Ad
3549 1722 3674 1774 hoc
3700 1720 3955 1791 pertinet

2279 1816 2412 1887 quia
2442 1831 2612 1886 supra
2636 1816 2849 1869 dictum
2875 1820 2958 1868 est
2984 1813 3132 1884 quod
3166 1814 3496 1868 offerebant
3523 1813 3779 1878 vitulos,
3810 1812 3953 1866 arie-

2279 1912 2384 1976 tes,
2412 1912 2470 1961 et
2498 1909 2701 1961 horum
2731 1907 2955 1960 similia.
2985 1907 3144 1969 Quod
3164 1906 3249 1960 illi
3275 1905 3580 1960 faciebant
3611 1905 3955 1970 carnaliter,

2279 2017 2382 2054 nos
2421 1999 2590 2054 modo
2634 1999 3025 2069 spiritualiter;
3067 1999 3222 2069 quod
3270 1998 3357 2053 illi
3395 1997 3458 2052 in
3502 1999 3736 2068 figura,
3771 2014 3881 2052 nos
3907 1997 3960 2050 in

2277 2092 2507 2146 veritate
2534 2093 2714 2146 facere
2741 2091 3030 2144 debemus.
3057 2091 3197 2154 Quia
3225 2091 3376 2144 sicut
3401 2092 3740 2160 Apostolus
3772 2091 3914 2144 dicit
3944 2108 3956 2142 :

2281 2185 2470 2240 Omnia
2496 2187 2553 2238 in
2578 2187 2754 2252 ﬁgura
2777 2185 3153 2252 contingebant
3173 2185 3303 2237 illis.
3341 2185 3410 2236 Et
3439 2183 3578 2236 ideo
3605 2183 3957 2238 rationabile

2281 2276 2613 2345 obsequium
2642 2292 2746 2330 nos
2773 2275 3028 2346 praecipit
3057 2276 3331 2330 exhibere
3362 2278 3704 2346 Apostolus
3733 2277 3957 2330 dicens:

2278 2369 2616 2424 Rationabile
2642 2369 2946 2436 obsequium
2973 2372 3230 2422 vestrum.
3265 2369 3426 2422 Inter
3457 2369 3780 2424 rationale
3809 2375 3868 2424 et
3892 2386 3964 2422 ra-

2280 2460 2548 2514 tionabile
2586 2461 2730 2514 hanc
2765 2460 3087 2514 distantiam
3137 2459 3337 2514 dicunt
3383 2477 3514 2515 esse
3559 2463 3871 2528 doctores,
3914 2466 3964 2514 ut

2279 2552 2609 2606 rationabile
2638 2553 2919 2622 pertineat
2933 2553 3002 2606 ad
3023 2553 3308 2607 rationem
3334 2559 3392 2608 et
3414 2571 3609 2624 opera
3642 2557 3854 2623 bona;
3883 2572 3962 2608 ra-

563 2648 736 2700 ciliati
761 2649 882 2700 estis
906 2648 1032 2706 Deo,
1059 2661 1176 2698 non
1213 2660 1316 2714 per
1350 2643 1788 2714 phi1050phiam,
1815 2660 1918 2698 nec
1946 2661 2048 2714 per
2075 2644 2174 2696 ali-
2198 2634 2254 2704 B
2277 2643 2542 2698 tionabile
2566 2661 2696 2698 vero
2723 2645 2792 2698 ad
2819 2645 3238 2700 discretionem.
3264 2647 3332 2700 Et
3352 2646 3510 2700 bene
3535 2647 3702 2702 dicit
3721 2655 3964 2703 rationa-

561 2755 734 2810 quam
771 2739 1122 2792 mundanam
1165 2737 1518 2806 sapientiam,
1549 2753 1663 2789 non
1703 2752 1804 2806 per
1844 2735 2173 2805 potentiam,

2273 2737 2374 2791 bile
2409 2737 2718 2805 obsequium
2755 2743 3009 2800 vestrum,
3052 2738 3190 2808 quia
3232 2739 3375 2792 illud
3415 2742 3748 2810 quondam
3802 2743 3956 2796 obse-

564 2848 676 2885 non
706 2847 806 2901 per
831 2830 1080 2884 suasoria
1113 2829 1300 2896 verba,
1348 2827 1445 2882 sed
1479 2843 1580 2897 per
1619 2830 1717 2882 Dei
1758 2830 2177 2882 misericordiam
2272 2829 2726 2898 quiumvestrum
2745 2845 2859 2882 non
2879 2833 2999 2883 erat
3018 2831 3383 2885 rationabile.
3402 2832 3688 2888 Stultum
3703 2840 3798 2889 est
3822 2837 3964 2888 enim

561 2939 650 2976 vos
680 2925 884 2976 obsecro
921 2938 1032 2991 qua
1072 2920 1390 2990 regenerati
1420 2920 1550 2973 estis
1593 2919 1650 2972 in
1693 2919 1848 2972 fonte
1889 2919 2172 2988 baptismi.

561 3016 705 3079 Quid
737 3030 868 3068 vero
912 3030 1006 3067 eos
1051 3014 1322 3080 obsecret,
1353 3011 1536 3082 aperit
1569 3027 1696 3064 cum
1741 3011 2030 3082 subjungit
2057 3029 2070 3065 :
2099 3013 2175 3066 UT

2271 2923 2337 2974 ut
2354 2921 2476 2974 vivo
2503 2922 2612 2974 Deo
2638 2927 2692 2976 et
2717 2921 2978 2975 invisibili
3009 2928 3239 2976 mortua
3268 2925 3563 2979 cadavera
3609 2928 3963 2984 offerantur.

2274 3012 2428 3067 Sicut
2445 3013 2597 3066 enim
2613 3019 2903 3068 mortuum
2914 3014 3036 3068 vivo
3055 3015 3402 3086 obsequium
3430 3033 3560 3071 non
3589 3029 3883 3090 praestat,
3909 3025 3968 3075 ita

563 3121 874 3163 EXHIBEATIS
929 3121 1177 3160 coarom
1219 3119 1423 3158 vssras
1461 3119 1694 3158 uosruu
1732 3112 2016 3158 VIVENTEM.
2065 3105 2175 3158 Mos
2272 3107 2458 3158 nullus
2484 3106 2793 3160 immortali
2819 3111 2875 3160 et
2893 3106 3234 3178 incorporeo
3263 3109 3385 3163 Deo
3417 3111 3656 3166 vitulos
3689 3131 3805 3169 seu
3825 3117 3963 3168 arie-

563 3201 672 3255 fuit
711 3199 842 3253 filiis
880 3197 1068 3263 lsrael,
1101 3201 1157 3251 et
1183 3197 1274 3250 lex
1305 3195 1682 3266 praecipiebat,
1708 3200 1772 3250 ut
1800 3196 2065 3250 offerrent
2087 3215 2172 3251 sa—

562 3291 835 3346 crificium
861 3291 996 3358 Deo,
1020 3289 1240 3358 vitulos,
1272 3287 1490 3354 arietes,
1517 3293 1574 3341 et
1603 3287 1804 3355 hircos,
1829 3305 2024 3358 agnos,
2055 3292 2172 3342 tur-

563 3389 734 3450 tures,
765 3400 860 3438 seu
889 3383 1196 3450 columbas,
1230 3384 1288 3434 et
1310 3384 1514 3434 cmtera
1560 3396 1687 3450 quae
1722 3380 1782 3434 in
1821 3381 1944 3451 lege
1973 3382 2172 3452 praici-

561 3478 880 3549 piebantur.
913 3475 1021 3530 Sed
1045 3475 1192 3544 quod
1214 3473 1297 3526 illi
1314 3473 1610 3526 carnaliter
1628 3472 1903 3526 faciebant
1926 3474 1983 3526 in
2013 3491 2178 3544 pecu-

561 3571 741 3636 dibus,
757 3567 922 3622 nobis
941 3567 997 3621 in
1011 3565 1336 3636 corporibus
1349 3564 1552 3619 nostris
1572 3565 1886 3635 specialiter
1897 3567 2173 3621 convenit.

562 3663 783 3718 Etenim
809 3677 1041 3731 corpora
1067 3664 1278 3727 nostra,
1303 3663 1358 3712 et
1382 3657 1562 3711 hostia
1587 3663 1718 3712 sunt
1740 3663 1796 3712 et
1823 3659 1961 3712 viva.
1994 3660 2177 3714 Hostia

561 3757 792 3821 scilicet,
823 3754 958 3825 quia
993 3752 1366 3807 mortificatur
1403 3767 1566 3819 caro;
1596 3751 1736 3820 viva,
1775 3753 1905 3822 quia
1932 3753 2172 3807 vivifica-

561 3854 657 3905 tur
681 3847 912 3919 spiritus
940 3845 1252 3900 secundum
1285 3843 1536 3913 ejusdem
1567 3845 1804 3914 apostoli
1831 3850 2176 3916 praeceptum

565 3941 804 3997 dicentis
831 3957 844 3993 :
871 3941 1184 4006 Mortiﬁcate
1219 3937 1452 3990 membra
1495 3943 1670 3990 vestra
1711 3954 1828 4006 quae
1863 3945 1992 3992 sunt
2020 3955 2179 4008 super

565 4040 783 4090 terram.
825 4032 922 4085 Vel
953 3987 1084 4102 quia
1125 4029 1183 4083 in
1217 4028 1376 4082 bonis
1405 4028 1683 4082 inhabitat
1715 3987 1817 4084 ille
1864 4031 1960 4101 qui
1999 3987 2133 4086 dicit
2161 3987 2251 4086 :C

566 4130 678 4195 Ego
705 4141 822 4180 sum
848 4126 960 4186 via,
997 4125 1216 4184 veritas,
1243 4127 1292 4175 et
1330 4124 1461 4174 vita.
1492 4123 1556 4175 Et
1591 4121 1660 4175 de
1691 4139 1804 4193 quo
1833 4125 2128 4194 Apostolus
2161 4142 2174 4178 :

567 4220 828 4273 Habitare
853 4218 1117 4274 Christum
1135 4230 1234 4284 per
1249 4215 1406 4282 ﬁdem
1433 4216 1490 4267 in
1519 4215 1764 4270 cordibus
1786 4219 2003 4271 vestris:
2027 4223 2175 4272 vete-

569 4328 660 4367 res
675 4325 918 4381 namque
933 4307 1239 4362 offerebant
1254 4308 1364 4360 Deo
1381 4306 1592 4360 hostias
1611 4308 1890 4378 pecudum
1908 4317 2175 4380 mortuas,

567 4405 665 4460 sed
693 4419 846 4458 nunc
867 4404 985 4472 jam
1008 4401 1250 4456 hostiam
1266 4401 1449 4455 vivam
1464 4399 1754 4456 offerimus
1772 4419 1871 4457 nos
1891 4403 2175 4474 metipsos,

569 4496 792 4570 quando
821 4496 950 4550 vitia
981 4498 1037 4549 et
1073 4500 1299 4566 peccata
1328 4495 1388 4550 in
1414 4513 1514 4550 nos
1540 4496 1960 4565 mortificamus,
1991 4503 2046 4550 et
2073 4497 2180 4550 vir-

2271 3201 2355 3250 tes
2383 3197 2551 3267 digne
2588 3203 2773 3268 potest
2807 3199 3028 3254 offerre.
3060 3201 3134 3254 ET
3181 3216 3382 3256 NOLITE
3411 3219 3820 3263 CONFORMARI
3853 3225 3967 3263 nuc

2275 3305 2512 3358 SJECULO,
2542 3306 2637 3345 SED
2669 3307 3036 3348 REFORMAMINI
3068 3309 3120 3348 IN
3150 3309 3430 3350 NOVITATE
3472 3312 3711 3356 SENSUS
3758 3317 3966 3356 VESTRl.

2274 3383 2553 3436 Saeculum
2594 3399 2711 3437 non
2751 3384 2998 3438 ambitus
3027 3385 3150 3438 coeli
3189 3389 3246 3439 et
3275 3393 3480 3457 terrae,
3523 3407 3730 3462 quem
3775 3397 3970 3450 solem.

2272 3475 2488 3541 lunam,
2530 3477 2734 3544 stellas,
2763 3477 2992 3531 arbores
3034 3479 3353 3548 appellant,
3388 3483 3627 3552 quibus
3674 3489 3888 3542 nullus
3926 3504 3970 3540 se

2274 3567 2625 3622 conformare
2670 3571 2871 3638 potest,
2916 3570 3015 3622 sed
3055 3577 3344 3626 amatores
3391 3578 3614 3632 saeculi
3675 3581 3973 3636 dicuntur.

2274 3661 2401 3714 Filii
2425 3667 2602 3714 autem
2624 3664 2779 3729 regni
2797 3662 3076 3730 cy'icientur
3102 3667 3160 3717 in
3191 3667 3450 3722 tenebras
3493 3677 3854 3730 exteriores.
3885 3675 3972 3728 Cui

2275 3753 2498 3821 saeculo,
2531 3753 2589 3806 id
2615 3759 2699 3808 est
2722 3754 3068 3809 amatoribus
3104 3757 3323 3826 saeculi,
3356 3761 3578 3817 nullus
3630 3782 3700 3820 se
3755 3770 3974 3822 confor-

2276 3860 2431 3898 mare
2459 3844 2644 3914 debet,
2675 3846 2809 3916 quia
2834 3846 3110 3917 scriptum
3147 3855 3234 3904 est
3263 3867 3278 3904 :
3319 3853 3437 3918 Qui
3472 3859 3754 3925 tetigerit
3793 3866 3975 3931 picem,

2276 3939 2652 4006 inquinabitur
2677 3939 2745 3992 ab
2769 3954 2852 3993 ea.
2882 3939 2968 3994 Sic
2986 3941 3319 4013 quicunque
3349 3961 3412 3999 se
3435 3949 3638 4004 stulto
3663 3955 3977 4025 conjunxc-

2275 4029 2368 4098 rit,
2397 4031 2899 4086 communicaverit
2931 4033 3198 4102 operibus
3231 4036 3380 4104 ejus.
3431 4039 3594 4096 Cum
3625 4054 3839 4102 sancto
3867 4066 3974 4103 san.

2276 4127 2389 4176 ctus
2413 4126 2542 4189 eris;
2571 4123 2721 4194 quod
2745 4123 2838 4178 ille
2862 4125 2994 4181 facit
3020 4126 3121 4196 qui
3149 4143 3327 4196 opera
3353 4133 3574 4188 carnis
3608 4154 3643 4190 a
3680 4157 3753 4194 se
3798 4145 3976 4214 repel-

2275 4215 2358 4282 lit,
2373 4215 2651 4270 etfructns
2663 4215 2890 4286 spiritus
2902 4224 3192 4288 Operatur.
3207 4221 3317 4284 Qui
3331 4237 3478 4278 vero
3497 4226 3974 4289 fornicationum

2274 4307 2642 4378 impudicitiae
2668 4315 2724 4363 et
2745 4309 3128 4365 immunditiaa
3154 4313 3350 4382 servit,
3376 4321 3762 4382 conformat
3779 4346 3843 4383 se
3863 4331 3970 4384 huic

2277 4401 2499 4468 saeculo,
2538 4402 2644 4455 hoc
2677 4407 2760 4456 est
2799 4403 3148 4458 amatoribus
3188 4407 3414 4462 saeculi.
3452 4411 3590 4470 Sed
3641 4435 3771 4474 nos
3805 4425 3977 4493 potius

2275 4493 2569 4548 reformari
2594 4493 2883 4564 debemus,
2912 4513 3026 4550 non
3055 4498 3326 4569 exterius,
3351 4503 3460 4557 sed
3495 4505 3815 4581 interius,
3853 4517 3980 4570 sicut

567 4596 712 4647 tutes
734 4589 1048 4654 nutrimus;
1071 4588 1370 4658 implentes
1390 4589 1527 4643 illud
1547 4588 1697 4658 quod
1716 4589 1864 4642 idem
1886 4591 2178 4660 Apostolus
2277 4585 2412 4640 dicit
2444 4602 2458 4640 :
2489 4589 2556 4641 In
2580 4589 2815 4642 novitate
2849 4604 3031 4644 sensus
3071 4595 3262 4654 vestri,
3305 4599 3574 4664 quando
3623 4605 3982 4678 disponente:

569 4685 682 4740 ait:
716 4687 782 4740 Ut
803 4686 935 4738 sciat
959 4684 1320 4750 unusquisque
1347 4689 1578 4736 vestrum
1601 4698 1755 4736 suum
1782 4698 1878 4736 vas
1909 4685 2179 4752 possidere
2275 4684 2518 4733 veterem
2559 4680 2854 4735 hominem
2896 4681 3190 4737 induimus
3226 4701 3481 4745 novum.
3521 4693 3623 4751 De
3676 4717 3811 4772 quo
3851 4705 3982 4758 idem

567 4783 624 4833 in
649 4778 1066 4845 sanctiﬁcatione
1099 4779 1146 4828 et
1189 4776 1398 4829 honore.
1427 4776 1528 4828 Vas
1562 4775 1622 4828 in
1658 4775 2094 4830 sanctiﬁcatione
2125 4781 2181 4832 et
2276 4773 2572 4842 Apostolus
2601 4789 2614 4826 :
2646 4775 2707 4830 Si
2742 4777 2976 4828 επιενίον
3018 4777 3172 4831 homo
3217 4786 3408 4836 noster
3455 4799 3912 4865 corrumpitur,
3953 4816 3980 4848 ιι

565 4875 778 4928 honore
799 4868 1170 4942 possidemus,
1195 4867 1423 4937 quando
1443 4867 1500 4920 in
1518 4867 1683 4921 nobis
1698 4868 1831 4922 vitia
1851 4875 2176 4940 mactamus,

568 4971 624 5022 et
653 4981 753 5037 per
777 4964 925 5018 bona
943 4977 1113 5032 opera
1137 4959 1310 5014 sancti
1335 4960 1632 5030 efficimur,
1656 4961 1893 5016 Domino
1921 4962 2173 5019 dicente:

567 5057 752 5112 Sancti
774 5058 951 5114 estote,
977 5052 1107 5120 quia
1133 5065 1222 5116 ego
1245 5054 1461 5103 sanctus
1490 5063 1607 5102 sum
1633 5051 1886 5104 Dominus
1923 5055 2055 5106 Deus
2089 5070 2175 5108 ve-

566 5156 692 5206 ster.
720 5149 786 5202 Et
809 5145 1096 5201 Psalmista
1123 5159 1136 5197 :
1167 5143 1267 5198 Cor
1293 5145 1576 5198 contritum
1602 5147 1653 5197 et
1675 5144 2018 5199 humiliatum
2044 5150 2180 5203 Deus

568 5258 675 5297 non
710 5241 934 5310 spernit.
969 5236 1124 5292 Multi
1152 5236 1412 5290 videntur
1437 5235 1640 5302 vivere,
1665 5235 1762 5290 sed
1789 5238 1997 5292 mortui
2027 5245 2178 5295 sunt.

2280 4871 2454 4920 tamen
2485 4869 2580 4934 qui
2599 4869 2748 4922 intus
2771 4873 2849 4922 est
2865 4875 3164 4925 renovatur
3184 4871 3253 4926 de
3279 4874 3372 4928 die
3400 4878 3464 4932 in
3487 4880 3694 4942 diem.
3730 4889 3810 4944 Et
3836 4892 3976 4946 alibi:

2275 4961 2624 5014 Renovamini
2647 4962 2846 5030 spiritu
2874 4965 3068 5017 mentis
3105 4969 3324 5021 vestrm.
3363 4969 3547 5028 Tunc
3583 4981 3978 5038 reformamu:

2277 5051 2338 5104 in
2371 5050 2613 5106 novitate
2639 5067 2832 5108 sensus
2869 5056 3066 5120 nostri,
3095 5059 3332 5127 quando
3360 5069 3782 5131 mundamus
3808 5095 3912 5133 nos
3934 5077 3982 5129 εὶ,

2277 5143 2431 5242 omni
2458 5143 2889 5214 inquinamento
2913 5147 3100 5202 carnis
3124 5153 3183 5205 et
3210 5151 3492 5222 spiritus.
3529 5161 3736 5226 Quod
3779 5173 3882 5242 qui
3917 5172 3979 5224 {e-

2279 5235 2436 5306 cerit,
2464 5237 2672 5292 dicitur
2694 5237 2781 5293 illi
2814 5256 2848 5294 a
2878 5240 2992 5296 Deo
3031 5257 3046 5296 :
3089 5245 3226 5298 Tota
3259 5247 3530 5314 pulchra
3580 5273 3650 5314 es
3951 5273 3983 5317 ετ

570 5331 723 5387 Sicut
749 5327 820 5380 de
838 5325 1003 5379 vidua
1023 5325 1211 5378 scribit
1225 5323 1460 5418 Paulus:
1487 5324 1668 5381 Vidua
1681 5326 1739 5378 in
1757 5325 1962 5379 deliciis
1979 5331 2176 5392 vivens,
2197 5345 2257 5418 D
2278 5331 2492 5384 macula
2519 5331 2636 5384 ulla
2659 5347 2768 5389 non
2789 5337 2869 5388 est
2895 5337 2954 5388 in
2983 5339 3051 5389 te.

570 5421 784 5474 mortua
817 5419 910 5468 est.
940 5414 1004 5467 Et
1037 5411 1328 5466 Psalmista
1355 5411 1424 5466 de
1454 5411 1662 5466 talibus
1705 5429 1718 5466 :
1768 5416 2096 5470 Descendunt
2121 5419 2181 5471 in

569 5511 838 5575 infernum
858 5508 1109 5559 viventes.
1128 5505 1192 5558 Hi
1207 5505 1346 5559 tales
1371 5521 1483 5559 non
1506 5505 1751 5561 offerunt
1766 5509 2091 5580 semetipsos
2105 5513 2184 5564 vi-

569 5617 693 5656 vam
717 5600 944 5653 hostium
965 5599 1089 5661 Deo,
1107 5597 1382 5666 Sanctam,
1403 5599 1517 5651 Deo
1533 5599 1865 5668 placentem.
1881 5603 2184 5673 CumZdixit

571 5697 838 5756 sanctam,
870 5689 1103 5758 subjecit
1132 5705 1144 5741 :
1176 5691 1278 5742 Deo
1299 5691 1628 5758 placentem;
1656 5693 1789 5762 quia
1813 5695 1976 5748 multi
1995 5695 2182 5751 viden-

570 5793 664 5844 tur
702 5781 1028 5840 hominibus
1055 5779 1249 5850 sancti,
1283 5782 1378 5836 sed
1406 5787 1533 5837 ante
1562 5785 1743 5838 Deum
1773 5789 1995 5856 reprobi
2021 5795 2178 5860 sunt;

571 5882 638 5935 de
658 5877 862 5952 quibus
888 5872 1157 5945 scriptum
1184 5876 1268 5929 est
1289 5889 1302 5929 :
1327 5872 1463 5928 Sunt
1490 5877 1589 5930 vite
1607 5893 1724 5944 quae
1743 5879 1995 5938 videntur
2013 5883 2177 5938 homi~

2350 5423 2426 5477 Ur
2459 5438 2716 5480 PROBETIS
2747 5441 2868 5489 oon
2905 5442 2988 5482 srr
3016 5443 3305 5487 veLUN'rAs
3346 5433 3456 5492 De:
3497 5455 3684 5505 norm
3736 5467 3809 5508 ετ
3851 5469 3978 5509 Bm-

2281 5531 2510 5571 PLACENS
2547 5533 2611 5572 ar
2650 5534 2938 5576 raaracu.
2981 5521 3254 5578 Voluntas
3300 5526 3414 5584 Dei
3463 5548 3628 5604 quae
3667 5545 3777 5614 sit,
3821 5549 3977 5601 nuli:

2281 5609 2596 5680 approbare
2622 5617 2823 5681 potest,
2845 5613 2952 5666 nisi
2972 5613 3148 5670 fuerit
3171 5617 3560 5683 reformatus
3587 5632 3664 5689 in
3697 5609 3925 5696 mente.

2282 5705 2614 5796 amvetustate
2642 5704 2771 5759 vitae
2795 5706 3125 5761 mundatus.
3159 5709 3329 5766 Sicut
3357 5717 3541 5776 enim
3567 5731 3817 5796 probat
3844 5737 3962 5788 hom.

2280 5794 2488 5866 cibum,
2516 5802 2711 5853 utrum
2735 5798 2943 5854 salsum
2969 5815 3044 5855 an
3065 5799 3358 5863 insalsum
3380 5810 3485 5890 sit,
3514 5794 3728 5887 dulce
3761 5842 3842 5885 an
3871 5843 3977 5884 ama.
