4022 6402
138 362 230 411 813

1368 362 1433 416 ΙΝ
1472 364 1614 417 CAP.
1660 364 1745 416 ΧΗ
1780 365 1863 417 ΑΙ)
1906 361 2230 415 [ὶΗΜᾹΝΟὸ.

3366 351 3468 405 814

138 478 277 527 ταίην
314 462 566 516 calidum
607 481 681 518 an
702 465 999 535 frigidum,
1036 465 1115 519 ita
1160 467 1339 520 tribus
1385 469 1749 538 qualitatibus
1772 472 2008 553 Arar/ii,
2050 474 2107 520 ut
2153 482 2244 531 ego
2301 467 2530 516 inserar.
2591 464 2729 514 Bene
2774 464 2998 529 propter
3038 458 3467 511 incredulitatem

138 556 399 625 probatur
418 557 678 610 voluntas
703 558 822 612 Dei.
853 562 965 612 Aut
994 559 1149 611 enim
1178 560 1236 611 in
1263 561 1630 630 cogitatione,
1669 563 1746 614 lo-

136 647 372 713 cutione,
414 652 472 701 et
515 665 689 718 opere
737 653 1145 720 approbamur,
1196 656 1294 705 aut
1334 654 1747 723 reprobamur;

136 740 258 808 quia
286 740 440 792 bona
465 744 553 793 est
574 743 832 795 voluntas
864 743 964 796 Dei
995 742 1052 796 in
1082 744 1450 813 cogitatione,
1483 746 1751 814 benepla-

134 831 234 883 cita
264 830 321 883 in
352 832 664 897 locutione,
702 836 955 903 perfecta
982 836 1038 888 in
1074 836 1429 905 Operatione.
1464 838 1524 888 In
1556 837 1748 888 multis

134 923 344 976 videtur
359 926 626 977 voluntas
645 926 743 979 Dei
757 926 927 993 bona,
949 930 999 979 et
1023 928 1381 997 beneplacita
1404 931 1461 981 et
1477 930 1748 998 perfecta,

135 1016 224 1068 sed
257 1032 372 1068 non
401 1021 486 1068 est
513 1018 669 1071 bona
698 1035 710 1071 ε
737 1020 832 1088 qui
863 1020 1253 1073 demoliuntur
1280 1021 1453 1074 facies
1484 1038 1630 1087 suas,
1655 1021 1749 1090 qui

135 1111 573 1178 eleemosynam,
627 1112 966 1179 orationem,
1010 1116 1066 1165 et
1101 1114 1294 1166 omnia
1336 1130 1461 1184 quae
1512 1114 1746 1181 faciunt,

136 1218 238 1254 non
270 1205 507 1271 propter
540 1204 872 1267 Dominum,
906 1205 1004 1257 sed
1036 1209 1272 1275 propter
1307 1206 1530 1259 favores
1564 1206 1747 1260 homi-

135 1310 263 1346 num
292 1294 527 1347 faciunt.
565 1296 731 1359 Quod
758 1299 1061 1366 Apostolus
1088 1298 1333 1352 faciebat
1360 1300 1456 1369 qui
1490 1299 1746 1353 dicebat:

134 1389 189 1439 Si
212 1388 511 1439 hominibus
527 1390 746 1455 placere
765 1391 971 1451 uellem,
998 1392 1197 1446 Christi
1221 1407 1403 1444 servus
1428 1408 1535 1445 non
1566 1408 1745 1445 essem.

136 1478 236 1531 Sed
266 1478 324 1531 in
350 1479 459 1532 illis
482 1485 569 1533 est
595 1482 855 1534 voluntas
876 1482 973 1536 Dei
1003 1482 1176 1550 bona,
1212 1488 1267 1535 et
1292 1484 1673 1553 beneplacens
1696 1488 1752 1536 et

136 1572 395 1639 perfecta,
448 1573 834 1644 quodcunque
878 1574 1114 1628 faciunt.
1159 1574 1313 1628 Sicut
1363 1576 1537 1641 enim,
1594 1577 1749 1630 verbi

136 1664 307 1733 gratia
360 1665 572 1733 dicam,
618 1683 864 1736 granum
924 1667 1090 1720 tritici
1148 1669 1357 1722 cadens
1406 1670 1462 1721 in
1516 1674 1747 1735 terram,

134 1757 302 1826 surgit
320 1757 377 1810 in
406 1758 611 1825 herba,
636 1760 885 1813 elevatur
906 1760 961 1812 in
986 1762 1228 1827 calamo,
1252 1761 1475 1814 acuitur
1495 1762 1552 1815 in
1575 1762 1747 1832 spica,

1849 564 2019 630 fracti
2042 564 2186 613 sunt.
2226 561 2302 611 Tu
2325 562 2500 608 autem
2525 556 2627 621 fide
2654 560 2784 607 stus.
2818 554 2941 607 Noli
2968 553 3141 605 altum
3167 548 3344 620 [Cod.,
3372 565 3470 602 au-

1851 656 1972 721 tem]
2012 669 2217 722 sapere,
2257 651 2351 703 scit
2395 652 2534 701 time.
2584 648 2687 701 SED
2727 662 2925 700 SAPERE
2970 662 3037 699 AD
3085 659 3465 697 sonmerneu.

1852 747 2158 811 Sobrietas,
2191 747 2253 796 ut
2282 760 2315 795 a
2340 740 2651 809 majoribus
2682 738 2942 803 traditur,
2978 754 3089 789 una
3121 738 3205 787 est
3236 752 3301 787 ex
3334 751 3471 803 qua-

1852 843 1981 892 tuor
2011 836 2310 889 virtutibus
2340 832 2765 904 principalilms,
2800 846 2925 899 qua:
2973 832 3103 880 sunt
3142 827 3467 896 prudentia,

1852 930 2146 996 fortitudo,
2178 925 2575 997 temperantia,
2601 928 2770 993 atque
2793 922 3032 992 justitia.
3067 919 3467 988 Temperantia

1852 1024 1972 1094 ipsa
2028 1026 2111 1075 est
2160 1026 2217 1074 et
2270 1020 2573 1083 sobrietas,
2617 1033 2741 1086 qua:
2795 1032 2910 1068 non
2968 1014 3149 1066 solum
3190 1012 3465 1075 exterius,

1854 1119 2085 1187 propter
2114 1113 2253 1167 illud
2277 1130 2289 1165 :
2326 1113 2599 1166 Attemlite
2628 1126 2691 1162 ne
2717 1112 3009 1174 graventur
3024 1106 3184 1158 corda
3210 1109 3383 1157 vestra
3416 1106 3471 1155 in.

1852 1210 2079 1277 crapula
2114 1212 2163 1260 et
2200 1206 2473 1264 ebrietate,
2498 1202 2595 1254 sed
2626 1201 2861 1255 interius
2890 1198 3155 1251 habenda
3186 1200 3288 1249 est.
3321 1196 3469 1263 Ergo

1853 1285 2047 1371 sapere
2086 1300 2157 1353 ad
2195 1297 2587 1359 sobrietatem,
2624 1296 2939 1362 temperate
2977 1306 3197 1360 sapere.
3226 1288 3386 1341 Unde
3415 1291 3471 1339 et

1850 1395 2005 1446 idem
2036 1393 2171 1445 dicit
2202 1407 2212 1443 :
2249 1393 2368 1444 Non
2413 1390 2527 1441 altu
2568 1388 2857 1454 sapientes,
2886 1384 2988 1437 sed
3029 1382 3316 1434 humilibus
3352 1395 3472 1432 con-

1850 1490 2153 1540 sentientes.
2189 1485 2254 1535 Et
2286 1482 2395 1534 alia
2422 1479 2711 1549 Scriptura
2736 1494 2747 1530 :
2782 1477 2999 1530 Altiora
3028 1479 3159 1528 tene
3179 1474 3469 1541 quaesieris,

1851 1585 1899 1632 et
1927 1582 2159 1646 fortiora
2188 1582 2235 1629 te.
2262 1591 2325 1629 ne
2352 1577 2623 1627 scrutatus
2648 1573 2837 1637 fueris.

1922 1768 1995 1819 Er
2034 1778 2322 1824 l’NlleIQlTE
2355 1776 2506 1813 SICI'T
2554 1759 2699 1811 DEI'S
2738 1771 2932 1810 omsrr
2978 1769 3265 1808 mensuum
3310 1768 3465 1807 FIDEl.

134 1849 201 1901 sic
229 1851 486 1904 voluntas
512 1851 636 1918 Dei,
672 1855 733 1905 ut
764 1852 895 1905 dixi.
924 1854 1193 1907 Voluntas
1214 1854 1313 1907 Dei
1336 1854 1488 1907 bona
1512 1855 1569 1907 in
1599 1856 1748 1925 cogi-
1768 1852 1824 1923 B
1851 1858 2215 1920 Subauditur,
2245 1855 2320 1907 ita
2344 1853 2542 1923 sapiat.
2578 1853 2641 1903 Et
2664 1853 2815 1902 recte
2846 1848 3283 1911 dicit,mensura
3312 1845 3463 1908 ﬁdei,

132 1942 356 2009 talione,
398 1944 763 2013 beneplacita
812 1949 896 1998 est
942 1945 997 1998 in
1048 1947 1351 2015 locutione,
1396 1948 1649 2017 perfecta
1690 1948 1745 2000 in

134 2036 475 2103 operatione.
524 2037 666 2089 Hinc
713 2039 868 2091 enim
910 2039 1179 2108 scriptum
1221 2044 1303 2092 est
1343 2057 1354 2093 :
1400 2042 1565 2096 Corde
1609 2043 1749 2094 enim,

132 2129 358 2181 creditur
384 2130 459 2183 ad
470 2130 773 2197 justitiam,
803 2147 892 2184 ore
920 2137 1198 2200 conﬁtetur
1233 2134 1307 2185 ad
1347 2135 1594 2187 salutem.
1630 2134 1745 2185 Ali-

134 2224 241 2273 ter:
263 2222 524 2274 voluntas
546 2222 647 2275 Dei
668 2222 822 2275 bona
841 2224 996 2275 estin
1018 2225 1361 2293 conjugatis,
1385 2225 1746 2294 beneplacita

131 2312 182 2363 in
214 2314 656 2381 continentibus,
694 2316 949 2385 perfecta
969 2317 1027 2368 in
1076 2316 1423 2386 virginibus;
1464 2319 1547 2370 vel
1595 2318 1747 2371 bona

132 2404 183 2456 in
212 2422 325 2475 spe,
356 2407 512 2460 bona
543 2408 791 2477 pleniter
823 2409 879 2461 in
906 2410 1038 2474 ﬁde,
1072 2411 1328 2479 perfecta
1354 2410 1409 2462 in
1444 2410 1741 2463 charitate.

134 2498 189 2549 Et
217 2498 340 2551 ideo
374 2500 656 2553 admonet
682 2502 972 2570 apostolus
998 2503 1225 2568 Paulus,
1256 2505 1315 2555 ut
1342 2503 1397 2554 in
1430 2503 1588 2555 omni
1617 2506 1745 2555 actu

132 2594 331 2659 nostro,
373 2592 485 2646 sive
528 2588 840 2662 cogitandi,
894 2594 1006 2647 sive
1036 2595 1329 2664 loquendi,
1373 2595 1486 2647 sive
1529 2595 1743 2664 aliquid

130 2684 383 2752 faciendi,
428 2686 571 2739 illud
603 2703 830 2756 semper
874 2690 992 2741 tota
1036 2688 1354 2741 intentione
1397 2704 1740 2758 quaeramus,

131 2776 256 2845 quid
284 2779 399 2831 Deo
418 2779 695 2848 placitum
728 2779 814 2831 sit.

194 2871 323 2925 DICO
360 2888 488 2925 ENIM
520 2888 620 2925 PER
653 2889 907 2939 GRATIAM,
952 2889 1070 2935 Ql'.E
1107 2890 1241 2927 DATA
1280 2890 1373 2927 EST
1415 2889 1533 2927 MIHI
1581 2888 1741 2927 OMNI-

130 2978 218 3017 BL'S
248 2980 337 3026 QUI
366 2980 500 3019 SL'NT
531 2982 685 3020 INTER
717 2982 838 3033 VOS,
875 2982 978 3020 NON
1005 2983 1133 3020 PLL’S
1164 2984 1365 3021 SAPEBE
1398 2984 1544 3029 QUAM
1577 2983 1743 3021 OPOR-

127 3072 211 3109 TET
241 3072 456 3113 SAPERE.
496 3060 648 3112 More
678 3059 843 3112 solito
878 3060 1179 3129 Apostolus
1218 3078 1321 3130 per
1364 3061 1611 3129 gratiam
1640 3059 1744 3111 sibi

129 3148 307 3203 datam
329 3152 604 3221 loquitur,
634 3169 751 3206 non
780 3152 835 3203 in
864 3154 1130 3206 suasoriis
1159 3155 1424 3206 humanae
1452 3152 1743 3222 sapientia:

1849 1952 1981 2021 quia
2009 1953 2221 2019 quanto
2243 1946 2367 2016 quis
2380 1946 2558 2001 ﬁdem
2574 1944 2765 2005 habet,
2792 1945 3013 1993 tantum
3034 1938 3234 2007 accipit
3251 1938 3466 1989 donum

1849 2043 2027 2096 sancti
2058 2041 2315 2111 Spiritus.
2350 2039 2471 2091 Non
2501 2038 2779 2105 quantum
2809 2033 2921 2085 vult
2954 2031 3079 2101 quis
3110 2029 3331 2098 accipit,
3365 2046 3467 2081 nec

1851 2154 1994 2189 unus
2028 2134 2244 2194 omnia,
2272 2131 2370 2183 sed
2397 2129 2783 2182 inter'omnes
2818 2142 2830 2177 :
2866 2125 2985 2177 Alii
3009 2124 3145 2176 enim
3187 2123 3351 2173 datur
3374 2138 3472 2189 per

1849 2230 2109 2298 Spiritum
2126 2221 2707 2293 sermosapientiasuzlii
2717 2234 2884 2271 sermo
2905 2217 3154 2276 scientia),
3181 2214 3468 2267 secundum

1849 2322 2088 2374 eumdem
2123 2319 2406 2385 Slsiiritum.
2454 2313 2707 2367 Diridcns
2743 2310 2973 2375 singulis
3004 2313 3170 2375 prout
3220 2307 3354 2359 wit.
3406 2306 3471 2357 Et

1848 2413 2086 2465 iterum:
2122 2412 2415 2475 Unicuique
2444 2408 2607 2457 (tatur
2630 2407 2681 2455 iu
2700 2402 3134 2468 mani/’estatione
3154 2400 3377 2465 spiritus
3399 2396 3472 2448 ad

1850 2506 2153 2563 utilitatem,
2171 2502 2333 2570 juxta
2352 2497 2645 2568 propriam
2669 2492 3467 2561 scilicetcapacitatem,quan-

1849 2598 2231 2651 tumliumana
2252 2592 2527 2659 fragilitas
2545 2604 2749 2657 capere
2765 2588 2967 2655 potest.
3001 2583 3135 2635 Huic
3151 2582 3333 2634 simile
3349 2584 3425 2633 est
3456 2598 3465 2632 :

1843 2691 2107 2746 Habentes
2148 2688 2461 2739 donationes
2488 2681 2779 2735 secundum
2816 2680 3049 2745 gratiam
3078 2692 3195 2743 qurc
3230 2676 3360 2726 data
3396 2680 3471 2727 est

1845 2784 2010 2848 vobis,
2043 2781 2366 2848 differentes.
2405 2776 2562 2830 Sictr
2604 2789 2729 2827 ENIM
2770 2789 2821 2825 IN
2866 2787 2967 2825 rso
3017 2783 3259 2823 conpone
3295 2782 3467 2820 ML'LTA

1846 2892 2063 2931 MEMBRA
2104 2887 2371 2937 HABEML'S,
2419 2885 2583 2923 ΟΜΝΗ
2626 2882 2796 2920 ΛΠἹῚΞΜ
2848 2879 3063 2917 MEMBRA
3116 2877 3222 2915 NON
3252 2875 3467 2914 EUMDEM

1844 2986 2021 3025 AC'IL'M
2050 2983 2274 3029 HABENT,
2309 2981 2393 3018 ITA
2421 2978 2579 3017 ML'LTI
2612 2976 2757 3013 L'NL'M
2790 2972 2995 3011 CORPL’S
3030 2970 3203 3009 Sl’Ml'S
3226 2970 3276 3007 ΙΝ
3305 2954 3467 3007 CHRI'

1848 3060 2211 3130 sro.Physice
2235 3057 2487 3127 loquitur
2514 3053 2803 3123 apostolus
2826 3050 3043 3113 Paulus,
3078 3047 3373 3115 disputans
3397 3045 3464 3097 de

1848 3154 2120 3208 membris
2141 3152 2464 3205 hominum.
2491 3146 2624 3210 Quis
2646 3145 2799 3198 enim
2821 3142 3079 3195 dubitare
3104 3142 3291 3209 potest
3317 3137 3466 3207 quod

129 3243 317 3311 verbis,
348 3262 462 3298 non
496 3262 603 3315 per
631 3246 1071 3317 philosophiam,
1113 3263 1217 3299 nec
1255 3248 1490 3299 inanem
1521 3246 1741 3314 jactan-
1767 3215 1820 3287 ί]
1852 3248 2029 3301 multa
2043 3248 2173 3299 sunt
2188 3241 2521 3297 membrain
2542 3236 2916 3307 corpore,sed
2932 3251 3046 3287 non
3077 3249 3256 3285 unum
3282 3236 3468 3283 actum

129 3334 276 3401 tiam,
318 3338 417 3390 sed
441 3354 545 3407 per
563 3338 809 3407 gratiam
828 3339 933 3391 sibi
955 3339 1149 3391 datam
1170 3340 1438 3409 loquitur.
1475 3340 1569 3390 Est
1590 3337 1743 3389 enim

126 3430 292 3482 multa
314 3430 643 3484 differentia
668 3448 770 3500 per
787 3432 1032 3500 gratiam
1051 3433 1333 3501 loquentis
1356 3438 1411 3485 et
1432 3449 1532 3501 per
1547 3432 1741 3483 huma-

128 3538 249 3575 nam
268 3523 631 3592 jactantiam.
663 3525 819 3579 Multi
852 3525 1006 3578 enim
1036 3526 1356 3579 eluculento
1390 3541 1657 3577 sermone
1688 3526 1744 3576 et

125 3617 427 3685 composito
479 3618 795 3687 loquuntur
831 3618 1134 3689 rhetorice,
1165 3620 1265 3672 sed
1296 3618 1583 3671 auditores
1614 3633 1743 3669 suos

126 3724 229 3761 non
272 3710 586 3779 aedificant;
621 3710 917 3764 neminem
951 3712 1105 3764 enim
1138 3712 1210 3765 ad
1237 3711 1741 3781 compunctionem

124 3807 349 3869 possunt
381 3803 642 3870 incitare,
668 3804 802 3874 quia
833 3804 987 3874 quod
1014 3804 1195 3857 verbis
1225 3794 1438 3870 dicunt,
1476 3802 1743 3873 operibus

125 3893 434 3951 destruunt.
460 3897 527 3950 lli
563 3899 701 3950 tales
730 3914 844 3951 non
870 3899 1179 3968 loquuntur
1200 3914 1301 3967 per
1331 3896 1741 3967 gratiam,qua3

126 3986 250 4041 data
276 3994 359 4042 est
384 3991 582 4044 Paulo.
614 3991 683 4043 Et
709 4008 738 4044 e
766 3991 1006 4061 regione
1033 3996 1165 4044 sunt
1196 3991 1310 4057 alii,
1342 3990 1437 4060 qui
1472 4006 1585 4042 non
1617 4005 1737 4041 ma-

124 4096 231 4147 gna
251 4083 599 4153 eloquentia,
628 4084 729 4136 sed
759 4084 1093 4154 simpliciter
1117 4088 1338 4137 tantum
1358 4087 1414 4135 et
1446 4083 1737 4150 incompo-

122 4173 221 4225 site
247 4175 581 4246 loquuntur,
612 4181 868 4230 attamen
891 4177 1180 4230 auditores
1206 4194 1335 4231 suos
1357 4180 1412 4230 et
1435 4176 1643 4231 multos
1663 4174 1744 4226 in-

122 4266 368 4321 fidelium
401 4273 810 4323 converterunt
848 4270 1036 4339 potius
1078 4271 1295 4323 bonum
1333 4268 1647 4339 operando.
1675 4269 1743 4319 Et

122 4360 222 4413 hoc
249 4366 334 4414 est
352 4363 512 4433 loqui
532 4380 635 4433 per
655 4364 920 4434 gratiam,
946 4380 1071 4433 qua:
1094 4364 1226 4416 data
1253 4366 1338 4415 est
1356 4363 1548 4416 Paulo.
1566 4361 1741 4414 Omni-

124 4452 212 4505 bus
233 4458 329 4522 qui
344 4462 469 4509 sunt
491 4458 630 4510 inter
648 4472 757 4523 vos,
776 4457 985 4510 scilicet
1002 4456 1365 4526 presbyteris,
1385 4454 1737 4517 diaconibus,

122 4549 173 4597 et
208 4548 473 4603 omnibus
500 4550 597 4619 qui
619 4554 752 4603 sunt
782 4550 840 4603 in
869 4551 1125 4604 ecclesia.
1160 4550 1273 4603 Sed
1304 4548 1441 4619 quid
1466 4551 1550 4601 est
1585 4546 1738 4617 quod

122 4638 268 4707 dicit,
286 4658 391 4695 non
396 4643 526 4711 plus
545 4660 733 4713 sapere
749 4659 909 4712 quam
929 4649 1133 4713 oportet
1148 4659 1335 4712 sapere
1352 4645 1379 4695 ?
1400 4658 1528 4694 cum
1554 4642 1738 4693 nullus

120 4732 357 4799 pleniter
381 4736 579 4789 omnia
601 4737 779 4806 possit
799 4737 962 4805 scire,
994 4737 1128 4807 quia
1141 4754 1235 4790 nec
1256 4738 1440 4790 oculus
1461 4736 1619 4795 vidit,
1648 4749 1740 4786 nec

121 4828 264 4881 auris
286 4830 519 4892 audivit,
547 4836 755 4899 quanta
786 4836 834 4884 et
861 4831 1049 4899 qualia
1080 4832 1417 4900 praeparavit
1444 4832 1582 4881 Deus
1611 4827 1735 4879 dili-

119 4922 359 4984 gentibus
376 4938 450 4976 se.
472 4924 542 4977 Et
557 4923 767 4977 iterum
785 4940 796 4978 :
814 4924 1100 4979 Oaltitudo
1124 4924 1441 4977 divitiarum
1458 4922 1741 4990 sapientia:

121 5017 167 5065 et
194 5018 427 5071 scientia:
445 5020 575 5070 Dei!
604 5033 767 5086 quam
792 5018 1344 5086 iucomprelwnsibilia
1374 5020 1501 5070 sunt
1522 5014 1741 5082 judicia

120 5106 251 5173 ejus,
273 5115 322 5163 et
336 5111 733 5178 inocstigabiles
745 5114 845 5166 via:
861 5112 976 5179 ejus
994 5114 1013 5164 !
1030 5113 1118 5165 Ea:
1134 5115 1296 5180 parte
1310 5112 1450 5163 enim
1467 5110 1737 5176 cognosci-

120 5216 252 5265 mus,
297 5208 348 5257 et
377 5219 444 5258 ea:
464 5209 626 5274 parte
655 5196 1057 5275 prophetamus.
1096 5206 1165 5258 Et
1200 5204 1289 5257 hic
1329 5202 1506 5256 dicit:
1540 5217 1740 5256 omnes

122 5293 688 5365 schismatici,omnes
704 5297 1057 5369 superbi,qui
1077 5297 1227 5350 male
1244 5296 1314 5350 de
1331 5297 1447 5349 Deo
1463 5294 1736 5358 sentiunt;

122 5403 337 5457 omnes,
357 5391 453 5459 qui
474 5408 541 5445 ea
563 5391 771 5446 docent
792 5408 919 5462 qua:
946 5407 1049 5444 nec
1070 5389 1346 5444 Dominus
1369 5405 1473 5442 nec
1496 5387 1739 5459 apostoli

122 5478 454 5551 docuerunt,
509 5484 568 5538 hi
608 5501 811 5539 omnes
852 5486 980 5555 plus
1023 5483 1251 5553 sapiunt
1293 5499 1468 5552 quam
1515 5484 1742 5552 oportet

123 5590 337 5644 sapere.
384 5579 578 5631 Potest
609 5579 666 5632 in
700 5578 968 5632 adversos
994 5576 1267 5647 superbos
1298 5577 1609 5641 Romanos,
1642 5574 1740 5644 qui

122 5684 176 5720 se
208 5671 551 5726 extollebant
569 5672 835 5726 adversus
863 5672 1091 5740 olivam,
1128 5670 1332 5741 quibus
1362 5668 1519 5722 idem
1555 5666 1695 5721 dicit
1722 5683 1735 5721 :

120 5763 483 5833 Noligloriari
502 5766 981 5834 adversusramos;
1007 5766 1153 5836 quod
1169 5767 1217 5819 si
1235 5764 1510 5834 gloriaris,
1541 5777 1648 5815 non
1681 5764 1741 5815 tu

122 5856 354 5914 radicem
374 5863 625 5931 portans,
654 5860 747 5915 sed
777 5860 940 5915 rudia:
966 5865 1035 5915 te.
1064 5862 1205 5916 Dicit
1225 5874 1346 5931 ergo
1378 5877 1394 5913 :
1418 5858 1601 5912 Fracti
1616 5860 1741 5910 sunt

1849 3337 2097 3393 habent“?
2130 3336 2273 3398 Quia
2300 3350 2403 3385 nec
2432 3348 2637 3384 manus
2668 3328 3059 3397 loquitur,nec
3089 3341 3151 3377 os
3180 3327 3467 3392 operatur,

1846 3450 1949 3485 nec
1981 3430 2219 3483 audiunt
2253 3443 2438 3490 nares,
2464 3440 2569 3475 nec
2602 3421 2919 3475 odorantur
2945 3432 3137 3481 aures;
3185 3415 3284 3467 sed
3322 3415 3465 3467 oculi

1843 3525 2058 3588 vident,
2088 3537 2253 3573 aures
2280 3517 2538 3581 audiunt,
2574 3531 2635 3567 os
2666 3511 2936 3580 loquitur,
2968 3525 3134 3561 nares
3157 3507 3468 3560 odorantur

1846 3633 2050 3671 manus
2083 3614 2410 3683 operantur,
2437 3608 2614 3677 pedes
2642 3605 2995 3665 discurrunt;
3045 3605 3244 3653 tamen
3289 3615 3467 3651 unum
3510 3666 3518 3673 ἱ

1845 3714 1928 3765 est
1957 3724 2178 3777 corpus,
2203 3708 2257 3757 et
2280 3702 2475 3757 omnia
2494 3699 2756 3752 membra
2779 3713 2835 3748 se
2860 3694 3140 3762 indigent.
3170 3695 3290 3745 Non
3313 3691 3464 3744 enim

1839 3806 2063 3874 possunt
2093 3814 2279 3852 manus
2307 3797 2479 3848 dicere
2508 3794 2731 3845 auribus
2758 3808 2772 3842 :
2810 3790 2929 3844 Non
2968 3787 3092 3839 estis
3120 3787 3252 3837 mihi
3290 3799 3463 3837 neces-

1842 3898 2003 3949 sariae
2043 3891 2219 3963 [Cod.,
2264 3884 2611 3956 necessarii];
2650 3900 2744 3936 nec
2783 3896 2939 3933 (uires
2979 3880 3261 3931 manibus:
3291 3878 3465 3945 Opera

1842 3995 2021 4042 vestra.
2046 4002 2150 4038 non
2179 3984 2497 4047 indigemus.
2522 3976 2633 4029 Sed
2648 3978 2695 4028 si
2721 3975 2852 4042 quid
2876 3974 3093 4040 patitur
3115 3986 3281 4022 unum
3307 3985 3462 4022 mem-

1846 4085 2017 4143 brum,
2059 4078 2459 4146 compaliuntur
2501 4072 2680 4125 omnia
2730 4067 2984 4126 membra,
3039 4064 3263 4116 dicente
3312 4064 3460 4131 Apo-

1845 4176 2014 4228 stolo:
2055 4173 2155 4226 Vos
2190 4172 2312 4223 estis
2339 4180 2527 4234 corpus
2551 4163 2769 4222 Christi,
2794 4166 2843 4213 et
2870 4159 3104 4212 membra
3127 4157 3189 4210 tle
3224 4156 3468 4209 membris

1842 4269 2049 4323 vestris.
2082 4264 2194 4319 Sed
2228 4278 2413 4330 neque
2440 4256 2631 4312 omnia
2669 4254 2931 4308 membra
2967 4250 3235 4304 eumdem
3273 4252 3461 4301 actum

1842 4361 2077 4424 habent,
2112 4356 2245 4426 quia
2271 4355 2413 4407 alius
2441 4356 2525 4405 est
2550 4351 2607 4402 in
2652 4346 2899 4401 Ecclesia
2941 4344 3136 4397 oculus
3179 4340 3461 4401 videndo;

1842 4455 1982 4507 alius
1999 4469 2061 4505 os
2084 4449 2178 4519 qui
2198 4450 2347 4501 recte
2371 4443 2675 4515 przedieat;
2706 4440 2849 4492 alius
2862 4453 3067 4490 manus
3087 4435 3304 4488 bonum
3327 4449 3460 4501 Ope-

1838 4546 2040 4610 rando,
2066 4547 2256 4595 tamen
2290 4556 2403 4592 non
2427 4539 2614 4606 potest
2641 4532 2783 4585 alius
2797 4532 2905 4583 alio
2935 4528 3037 4599 [Ita
3060 4527 3211 4594 Cod.]
3232 4525 3421 4578 dicere
3448 4544 3459 4577 :

1840 4641 1962 4694 Non
1990 4641 2045 4689 te
2066 4634 2319 4702 indigeo,
2356 4629 2489 4699 quia
2527 4642 2728 4679 omnes
2780 4639 2882 4675 nos
2915 4620 3271 4687 indigemus;
3319 4618 3461 4669 sicut

1840 4730 2180 4805 praedicator
2201 4724 2439 4795 quilibet
2456 4736 2569 4772 non
2593 4718 2779 4787 potest
2804 4715 2989 4767 dicere
3016 4709 3316 4805 subjectisi
3336 4710 3457 4762 Non

1840 4802 1938 4879 vos
1969 4822 2219 4891 indigeo,
2255 4816 2387 4887 quia
2432 4828 2658 4866 necesse
2692 4808 2866 4861 habet
2902 4808 3160 4874 sumptus
3204 4802 3461 4872 accipere
3504 4866 3508 4877 D

1844 4923 1903 4972 ut
1931 4917 2117 4969 valeat
2156 4911 2399 4981 implere
2433 4905 2684 4959 ofﬁcium
2736 4901 2841 4954 sibi
2879 4898 3271 4954 commissum.
3316 4896 3463 4949 Dicit

1843 5012 1997 5065 enim
2033 5006 2320 5078 apostolus
2346 5000 2550 5057 Paulus
2579 5015 2591 5051 :
2616 4998 2675 5051 Si
2700 5010 2794 5049 nos
2833 4994 2977 5049 vobis
3020 4990 3333 5061 Spiritualia
3380 5004 3459 5042 se-

1840 5106 2187 5162 minavimus,
2218 5111 2473 5165 magnum
2494 5098 2568 5147 est
2596 5092 2643 5144 si
2673 5088 2919 5142 carnalia
2943 5090 3120 5138 vestra
3150 5088 3409 5137 metamus
3437 5086 3463 5135 ?

1842 5201 2060 5255 SINGULI
2092 5208 2267 5249 suum
2290 5205 2455 5246 ALTER
2478 5198 2730 5241 suemus
2758 5196 2995 5245 MEMBRA,
3020 5177 3077 5231 id
3104 5180 3205 5243 est,
3227 5193 3334 5243 ego
3358 5176 3461 5229 tibi

1842 5309 1968 5346 sum
1997 5290 2211 5353 oculus,
2239 5285 2333 5338 ille
2362 5280 2504 5335 mihi
2533 5295 2653 5349 pes,
2682 5278 2743 5328 tu
2764 5273 2903 5328 mihi
2937 5288 3144 5325 manus
3176 5287 3188 5324 :
3215 5270 3293 5323 sic
3319 5270 3463 5323 invi-

1842 5402 1965 5441 cem
1999 5398 2177 5437 onera
2204 5382 2399 5432 nostra
2425 5380 2745 5445 portamus,
2784 5383 2961 5421 unum
3007 5382 3212 5435 corpus
3247 5381 3461 5427 sumus,

1842 5485 1899 5533 et
1939 5480 2083 5532 alter
2115 5472 2348 5527 alterius
2389 5467 2670 5531 membra,
2724 5461 3031 5531 implentes
3070 5458 3254 5513 illud:
3312 5460 3466 5513 Alter

1842 5574 2065 5627 alterius
2095 5583 2257 5621 onera
2280 5568 2516 5634 portate,
2551 5564 2597 5613 et
2623 5561 2698 5611 sic
2727 5554 3091 5623 adimplebitis
3123 5554 3285 5619 legem
3311 5552 3461 5606 Chri-

1838 5669 1926 5722 sti.
1952 5666 2020 5718 Et
2048 5665 2156 5716 hoc
2184 5660 2241 5713 in
2261 5657 2481 5713 Christo
2508 5656 2659 5718 Jesu,
2690 5650 2823 5721 quia
2846 5649 2902 5701 in
2933 5648 3056 5718 ipso
3079 5646 3259 5711 nobis,
3285 5648 3342 5697 et
3357 5659 3463 5713 per

1840 5761 2027 5831 ipsum
2057 5754 2245 5810 omnis
2270 5747 2575 5805 tolerantia
2606 5745 2792 5809 datur,
2836 5746 2895 5796 et
2930 5740 3176 5804 dilectio,
3213 5739 3275 5789 ut
3318 5735 3457 5788 altr-

1841 5856 2061 5908 rutrum
2090 5847 2325 5902 sufferre
2359 5841 2661 5911 possimus.

3494 5516 3529 5563 ε,
