4022 6414
2153 656 2346 779 IV.

585 879 797 943 Lectio
831 876 1130 960 Epistolas
1173 878 1344 941 beati
1391 877 1572 960 Pauli
1619 875 1895 960 apostoli
1927 877 2006 938 ad
2037 875 2367 960 Romanos
2413 879 2544 951 (xu,
2581 875 2655 960 (ξ).
2684 892 2696 932 :
2730 872 3014 960 Eretres,
3036 869 3360 960 Ahabentes
3378 865 3847 946 donationem
3874 883 3956 924 se-

1365 951 1990 1036 cundum-gratiam,
2018 973 2162 1036 qua
2191 954 2347 1016 data
2377 962 2469 1014 est
2504 952 2704 1026 vobis,
2747 951 3130 1030 differentes.

1801 1109 2213 1164 COMMENTUM
2263 1106 2680 1162 LUCULENTll.

655 1226 877 1281 Donum
909 1243 1022 1280 non
1056 1244 1119 1280 ex
1166 1230 1381 1293 nostro,
1427 1227 1526 1280 sed
1565 1243 1630 1280 ex
1675 1227 1941 1280 donantis
1983 1227 2194 1296 pendet
2215 1232 2415 1310 Atuas
2456 1227 2802 1278 aiternitates.
2843 1223 2946 1287 Ql'l
3004 1234 3362 1276 amomum
3426 1234 3481 1272 1N
3553 1229 3954 1271 exnonrsano.

581 1319 832 1372 arbitrio.
868 1319 980 1373 Sed
1013 1319 1354 1373 donationes
1375 1336 1502 1388 qua),
1522 1319 1830 1384 donantur,
1865 1335 2006 1388 quas
2032 1319 2088 1372 in
2111 1335 2193 1371 se—

580 1411 884 1480 quentibus
912 1413 1214 1481 Apostolus
1239 1415 1606 1464 enumeratus
1638 1414 1741 1477 est,
1775 1411 2032 1480 superius
2058 1427 2188 1480 per-

579 1503 763 1555 tinent
808 1503 902 1556 ubi
945 1503 1159 1556 dixerat
1192 1520 1204 1556 :
1249 1505 1315 1556 In
1351 1519 1456 1556 uno
1499 1519 1716 1571 corpore
1748 1505 1920 1556 multa
1958 1503 2192 1556 membra

576 1595 826 1648 habemus
847 1613 864 1660 ;
885 1597 941 1646 et
961 1599 1110 1648 recte
1132 1595 1468 1648 donationes
1489 1597 1778 1660 vocantur,
1800 1594 1932 1664 quia
1949 1595 2193 1664 desuper

579 1685 787 1739 dantur
820 1703 832 1739 :
869 1687 1030 1740 Omne
1063 1690 1202 1739 enim
1229 1687 1414 1740 datum
1444 1691 1703 1754 optimum
1731 1691 1780 1741 et
1802 1703 1952 1740 omne
1992 1688 2192 1740 donum

569 1781 870 1846 perfectum
896 1779 961 1830 de
990 1795 1204 1832 sursum
1235 1785 1330 1832 est.
1371 1781 1436 1831 Et
1481 1779 1616 1831 illud
1647 1779 1807 1832 Pauli
1836 1796 1847 1832 :
1879 1779 2020 1843 Quid
2053 1781 2191 1832 enim

573 1871 733 1924 habes
759 1871 902 1938 quod
916 1874 1305 1939 nonacccpisti,
1325 1873 1434 1924 etsi
1457 1873 1730 1939 accepisti,
1763 1872 1896 1939 quid
1916 1873 2188 1938 gloriaris,

575 1965 736 2030 quasi
754 1979 859 2016 non
882 1967 1146 2032 acceperis
1163 1967 1190 2016 ?
1215 1965 1280 2016 Et
1300 1967 1452 2016 recte
1467 1964 1601 2016 dicit
1625 1981 1636 2016 :
1664 1980 1941 2018 SECI.‘ND[‘M
1957 1980 2190 2018 GRATIAM

575 2070 694 2116 om
741 2071 875 2109 DATA
923 2072 1017 2109 ssr
1059 2071 1234 2120 venis,
1284 2072 1672 2121 DIFFERENTES;
1725 2057 1858 2125 quia
1911 2061 2188 2126 quantum

573 2145 756 2215 gratia
773 2147 1204 2216 sanctiSpiritus
1220 2147 1435 2213 tribuit,
1463 2151 1687 2208 tantum
1702 2149 1826 2217 quis
1850 2149 2089 2218 accepit,
2115 2149 2188 2202 si-

574 2239 936 2307 cutsuperius
958 2239 1178 2292 dixerat
1199 2257 1210 2292 :
1237 2243 1530 2308 Unicuique
1541 2244 1679 2293 sicut
1697 2244 1832 2294 Deus
1851 2243 2035 2294 divisit
2053 2258 2192 2294 men-

571 2346 755 2384 suram
781 2333 926 2398 ﬁdei.
958 2333 1078 2384 Non
1113 2332 1266 2384 enim
1291 2333 1530 2402 quilibet
1561 2334 1667 2386 hoc
1715 2337 1813 2385 aut
1851 2333 1985 2385 illud
2037 2333 2189 2402 quod

574 2425 689 2475 vult
720 2423 939 2492 accipit,
975 2423 1072 2476 sed
1095 2425 1276 2491 gratia
1301 2425 1477 2477 sancti
1510 2425 1748 2493 Spiritus
1781 2425 1854 2477 illi
1885 2411 2078 2492 largiri
2105 2425 2185 2477 di-

573 2519 798 2584 gnatur.
834 2517 900 2568 Et
927 2516 1072 2568 bene
1107 2516 1453 2579 differentes,
1485 2517 1617 2586 quia
1649 2517 1838 2569 dill'ert
1869 2535 1982 2570 una
2011 2517 2185 2570 dona-

2293 1321 2444 1371 lnter
2483 1317 2686 1370 docere
2733 1319 2791 1369 et
2832 1313 3120 1368 exhortari
3166 1314 3271 1365 hoc
3303 1312 3558 1364 interest
3592 1326 3607 1362 :
3648 1308 3854 1377 major
3885 1311 3962 1358 est

2292 1410 2388 1480 qui
2411 1410 2575 1462 docet
2605 1425 2777 1478 quam
2815 1407 2911 1478 qui
2942 1407 3314 1470 exhortatur;
3346 1404 3571 1457 docere
3609 1417 3742 1454 non
3779 1403 3964 1469 potest

2293 1502 2398 1554 nisi
2431 1501 2500 1554 sit
2527 1501 2742 1566 doctus,
2772 1501 2906 1569 quia
2937 1499 3034 1568 qui
3059 1515 3174 1552 non
3207 1497 3384 1551 fuerit
3433 1495 3780 1564 discipulus
3822 1490 3962 1542 veri-

2291 1594 2440 1659 tatis,
2471 1593 2579 1645 erit
2603 1591 2881 1660 magister
2919 1591 3149 1644 erroris.
3195 1589 3503 1642 Exhortari
3553 1603 3709 1639 vero
3765 1601 3966 1638 omnes

2292 1702 2586 1756 possumus
2611 1685 2784 1738 dante
2811 1686 2949 1748 Deo,
2980 1683 3314 1753 quibonum
3345 1684 3664 1751 operatur,
3703 1681 3768 1730 et
3801 1681 3966 1730 caete-

2289 1795 2384 1832 ros
2415 1778 2486 1831 ad
2513 1777 2908 1847 peragendum
2939 1775 3220 1828 hortatur.
3266 1773 3412 1826 Hinc
3453 1771 3801 1842 Apostolus
3841 1769 3969 1822 dicit

2290 1871 2361 1924 ad
2394 1871 2615 1924 Titum:
2646 1872 2772 1923 Haec
2803 1871 3014 1937 loquere
3039 1873 3090 1921 et
3118 1868 3427 1922 emhortare.
3463 1866 3538 1918 Et
3571 1863 3886 1917 Dominus
3916 1863 3966 1914 in

2290 1963 2595 2032 Evangelio
2631 1979 2643 2015 :
2669 1963 2755 2016 Sic
2787 1963 2961 2015 luceat
2993 1962 3090 2014 tua:
3117 1965 3301 2013 vestra
3332 1975 3522 2013 coram
3551 1957 3896 2011 hominibus
3919 1963 3971 2007 ut

2288 2057 2508 2108 videant
2535 2071 2694 2124 Opera
2719 2060 2896 2108 vestra
2935 2055 3094 2114 bona,
3139 2058 3190 2106 et
3241 2053 3558 2120 gloriﬁcent
3605 2053 3855 2106 Patrem
3899 2066 3973 2101 re-

2289 2153 2460 2202 strum
2485 2151 2580 2216 qui
2609 2150 2666 2200 in
2694 2148 2835 2200 caelis
2863 2152 2960 2200 est.

2361 2241 2464 2303 QL'I
2494 2257 2704 2294 TRIBI’IT
2735 2257 2788 2294 1N
2821 2254 3212 2294 SIMPLICITATE.
3248 2238 3329 2291 De
3353 2235 3879 2306 eleemosynariis
3902 2235 3975 2288 di~

2291 2333 2383 2400 cit,
2414 2333 2510 2402 qui
2553 2333 2852 2401 egentibus
2895 2331 3216 2384 necessaria
3257 2331 3552 2400 praebent.
3605 2331 3882 2399 Propter
3917 2330 3972 2382 il-

2291 2426 2387 2478 lud
2421 2442 2432 2478 :
2466 2425 2595 2478 Cum
2613 2425 2811 2478 videris
2830 2425 3058 2486 nmium,
3089 2425 3240 2492 ope-ri
3267 2438 3411 2483 eum,
3450 2428 3504 2474 et
3537 2438 3792 2476 carnem
3825 2427 3971 2474 tuam

2290 2533 2354 2569 ne
2401 2519 2719 2584 despercris.
2758 2515 2920 2580 Quod
2950 2517 3045 2586 qui
3071 2516 3228 2580 facit,
3263 2531 3400 2568 cum
3438 2515 3856 2584 simplicitate
3892 2515 3978 2567 de-

570 2607 651 2662 tio
680 2608 750 2660 ab
781 2609 909 2661 alia.
944 2610 1061 2676 Ego
1093 2609 1246 2660 enim
1277 2610 1460 2662 habeo
1491 2609 1639 2678 quod
1673 2611 1814 2661 alius
1846 2627 1960 2663 non
1996 2610 2185 2668 habet,
2209 2595 2264 2664 B
2288 2609 2382 2662 bet
2413 2611 2618 2673 facere,
2653 2626 2766 2661 non
2799 2625 2930 2661 cum
2968 2608 3225 2676 irrogata
3259 2607 3432 2660 facie.
3487 2609 3775 2661 Hilarem
3827 2609 3977 2660 enim

573 2704 629 2752 et
657 2705 716 2753 tu
749 2701 926 2752 habes
949 2701 1100 2769 quod
1123 2717 1230 2768 ego
1259 2718 1444 2766 careo,
1481 2705 1536 2754 et
1558 2702 1648 2754 ille
1675 2702 1818 2754 alius
1851 2702 2188 2770 habetquod

573 2809 676 2846 nec
711 2809 816 2859 ego
851 2809 956 2845 nec
987 2796 1043 2844 tu
1084 2793 1382 2845 habemus.
1425 2793 1514 2845 Sic
1564 2793 1753 2846 differt
1804 2810 1918 2846 una
1963 2794 2033 2846 ab
2079 2795 2188 2846 alia

572 2885 902 2937 donatione.
935 2885 1055 2937 Alii
1093 2886 1259 2938 datur
1277 2902 1378 2953 per
1402 2887 1666 2954 Spiritum
1691 2902 1860 2939 sermo
1891 2889 2184 2954 sapientia,

571 2977 672 3029 alii
706 2992 873 3030 sermo
911 2979 1159 3030 scientiae.
1203 2979 1397 3030 Nullus
1448 2978 1642 3030 omnia
1690 2978 1862 3030 habet
1913 2978 2020 3030 nisi
2067 2977 2185 3048 ipse

573 3071 742 3134 solus,
794 3085 964 3138 super
1011 3085 1180 3138 quem
1217 3070 1562 3138 septiformis
1600 3071 1840 3139 Spiritus
1889 3071 2184 3140 requievit,

572 3162 662 3214 cui
694 3178 811 3214 non
834 3161 904 3212 ad
938 3177 1263 3214 mensuram
1287 3163 1384 3214 dat
1415 3163 1560 3214 Deus
1587 3163 1877 3231 Spiritum.
1907 3167 2184 3217 Caeterum

571 3253 770 3306 fideles
796 3253 945 3305 inter
975 3270 1176 3306 omnes
1208 3254 1421 3306 habent
1443 3255 1654 3307 omnia.

640 3347 766 3401 SIVE
813 3362 1112 3400 rnoruerm
1159 3362 1440 3400 SECUNDUM
1472 3363 1741 3401 usrroxau
1768 3364 1924 3402 FIDE].
1952 3350 2076 3402 Jam
2109 3349 2187 3402 in-

571 3439 706 3510 cipit
735 3455 1072 3492 enumerare
1103 3439 1442 3492 donationes
1483 3457 1610 3508 qua:
1661 3439 1790 3506 sint,
1841 3441 2025 3510 primo
2063 3443 2186 3496 loco

572 3549 791 3604 ponens
819 3531 1199 3602 prophetiam.
1233 3532 1535 3601 Prophetia
1569 3533 1775 3585 dicitur
1805 3551 1929 3602 quae
1973 3551 2086 3588 non
2127 3536 2185 3586 in

571 3625 836 3695 praisenti
863 3624 1103 3689 videtur,
1129 3624 1226 3676 sed
1260 3624 1316 3676 in
1350 3625 1539 3678 futuro
1579 3626 1888 3694 protendit.
1939 3627 2002 3678 Et
2041 3625 2186 3680 bene

573 3717 727 3784 dixit,
757 3719 1044 3771 secundum
1071 3719 1334 3770 rationem
1359 3718 1504 3784 ﬁdei,
1533 3717 1666 3786 quia
1694 3717 1833 3770 ﬁdes
1865 3717 2015 3771 illam
2062 3735 2188 3788 pro-

573 3810 799 3863 meruit.
829 3811 970 3862 Nam
1001 3810 1087 3862 lex
1109 3810 1192 3861 vel
1217 3809 1518 3878 prophetia
1546 3809 1860 3862 secundum
1891 3809 2062 3864 tidem
2093 3811 2187 3864 da-

573 3906 682 3968 tur,
719 3902 852 3970 quia
883 3905 1162 3969 quantum
1184 3901 1310 3969 quis
1328 3900 1710 3966 habetﬁdem,
1734 3905 1957 3954 tantum
1985 3903 2184 3972 accipit

572 4011 606 4048 a
636 3995 898 4056 Domino,
932 3993 1153 4046 Christo
1187 3993 1446 4045 dicente:
1482 3994 1630 4046 Sicut
1655 3995 1954 4056 credidisti,
1989 4001 2083 4063 fiat
2117 3999 2184 4050 ti-

575 4087 644 4138 bi.
675 4087 774 4137 Et:
809 4085 867 4138 Si
895 4086 1020 4137 bene
1049 4085 1344 4137 habueritis
1387 4086 1541 4152 fidem
1585 4093 1643 4139 ut
1685 4103 1914 4152 granum
1959 4091 2187 4157 sinapis,

573 4179 817 4230 diceretis
843 4177 965 4228 huic
990 4179 1184 4229 monti:
1212 4179 1411 4229 Tollere
1433 4183 1481 4230 et
1507 4181 1713 4231 mittere
1745 4181 1797 4232 in
1824 4183 1982 4240 mari,
2017 4181 2192 4233 obedi-

573 4276 653 4324 ret
682 4271 849 4322 vobis.
875 4270 940 4321 Et
965 4270 1021 4322 in
1042 4270 1227 4322 Veteri
1247 4271 1606 4324 Testamento
1635 4272 1878 4340 legimus
1909 4273 2187 4342 quosdam

574 4379 676 4433 per
706 4363 876 4416 ﬁdem
913 4365 1024 4416 Deo
1065 4363 1372 4432 placuisse;
1425 4363 1564 4415 sicut
1611 4365 1919 4429 Abraham,
1963 4365 2031 4417 de
2077 4383 2188 4435 quo

573 4458 842 4526 scriptum
875 4459 994 4508 est:
1030 4456 1268 4511 Credidit
1292 4456 1572 4508 Abraham
1607 4459 1727 4516 Deo,
1758 4463 1807 4509 et
1833 4463 2083 4526 putatum
2113 4464 2191 4510 est

571 4553 658 4603 illi
694 4551 766 4602 ad
795 4551 1090 4616 justitiam.
1135 4548 1248 4600 Sed
1279 4548 1464 4615 magis
1496 4547 1550 4600 in
1587 4549 1760 4602 Novo.
1791 4550 1914 4604 SIVE
1949 4567 2184 4606 umsre-

575 4659 704 4698 nu'n
747 4642 919 4711 [Cod.,
959 4639 1354 4709 mysterium};
1401 4657 1452 4694 IN
1486 4657 1864 4696 MlNlSTRANDO.
1906 4644 1983 4696 De
2020 4643 2186 4696 mini°

575 4736 702 4788 stris
739 4733 998 4788 Ecclesize
1030 4731 1184 4796 dicit,
1225 4732 1806 4799 scilicetdiaconibus,
1836 4735 2189 4788 subdiaconi-

572 4830 696 4894 bus,
721 4832 778 4881 et
809 4825 1026 4880 caeteris
1055 4824 1367 4890 ordinibus,
1403 4841 1527 4894 quae
1556 4826 1651 4894 qui
1691 4827 1910 4896 accipit,
1946 4828 2188 4881 ﬁdeliter

575 4926 631 4974 et
661 4921 894 4974 sollicite
918 4935 1181 4971 exercere
1201 4917 1390 4982 debet,
1415 4922 1648 4987 propter
1679 4919 1846 4973 illud:
1876 4920 2001 4984 Quis
2025 4927 2189 4990 putas

575 5019 651 5067 est
677 5015 849 5083 ﬁdelis
877 5013 1213 5080 dispensator
1237 5015 1286 5062 et
1304 5011 1566 5078 prudens,
1599 5029 1754 5080 quem
1791 5016 2065 5068 constituit
2089 5017 2188 5068 Do—

573 5111 750 5161 minus
782 5121 912 5158 suus
942 5121 1102 5172 super
1140 5105 1412 5170 familiam
1439 5107 1633 5157 suam?
1667 5105 1735 5157 Et
1772 5105 1816 5158 si
1861 5106 1984 5175 quis
2015 5107 2183 5160 mini-

575 5201 734 5263 strat,
763 5201 1037 5265 tanquam
1069 5213 1134 5249 ex
1165 5196 1369 5250 virtute
1401 5213 1573 5266 quam
1615 5197 1977 5252 administrat
2016 5201 2182 5253 Deus.

575 5293 704 5346 SIVE
737 5306 826 5351 ou
858 5305 1024 5343 nocsr
1057 5305 1106 5343 IN
1140 5305 1422 5344 DOCTRINA.
1459 5291 1536 5343 De
1569 5289 1894 5344 doctoribus
1924 5293 2182 5346 Ecclesia:
2203 5303 2262 5374 D

577 5383 729 5446 dicit,
769 5381 863 5452 qui
891 5379 1268 5435 ministerium
1297 5382 1715 5452 praedicationis
1745 5389 2087 5454 acceperunt
2115 5386 2178 5439 fi-

576 5477 730 5530 deles
757 5475 919 5536 servi,
972 5479 1028 5526 ct
1065 5491 1178 5527 non
1225 5475 1582 5528 abscondunt
1628 5477 1782 5546 quod
1819 5482 2177 5548 acceperunt.

573 5569 857 5638 Scriptum
891 5571 975 5620 est
1009 5567 1198 5618 enim:
1231 5568 1508 5634 Sapientia
1535 5570 1870 5630 abscondita,
1903 5577 1950 5625 et
1976 5574 2182 5626 thesau-

569 5678 665 5717 rus
709 5663 936 5719 invisus,
969 5673 1087 5725 qua:
1117 5658 1326 5710 utilitas
1355 5661 1412 5711 in
1447 5664 1687 5730 utrisque
1708 5665 1735 5716 ?
1779 5665 1841 5715 Et
1874 5663 2071 5718 Daniel
2105 5665 2183 5718 di-

571 5755 687 5808 cit:
731 5754 881 5807 Docti
907 5749 1192 5814 fulgebunt
1236 5754 1294 5800 ut
1331 5752 1582 5816 splendor
1621 5758 1970 5821 firmamenti;
2009 5763 2058 5810 et
2090 5760 2188 5826 qui

571 5846 932 5914 adjustitium
962 5843 1215 5892 erudiunt
1237 5841 1516 5908 plurinme,

2207 3943 2260 4014 C

1553 5848 1682 5894 cient
1715 5849 1879 5898 stella?
1906 5851 1961 5900 ίή
1989 5866 2178 5918 Firth"

2287 2701 2526 2754 dato-rem
2557 2702 2739 2766 diligit
2771 2703 2939 2762 Deus;
2985 2704 3041 2752 et
3079 2700 3126 2752 si
3157 2700 3409 2752 hilarem
3461 2698 3707 2768 diligit,
3754 2699 3979 2753 tristem

2289 2793 2408 2846 sine
2440 2793 2611 2845 dubio
2644 2793 2782 2845 odit.
2817 2793 2884 2844 Et
2912 2791 3048 2844 alibi
3077 2809 3090 2844 :
3119 2795 3186 2846 In
3214 2795 3366 2844 omni
3403 2792 3542 2846 dato
3589 2793 3859 2846 hilarem
3899 2797 3978 2858 fac

2285 2887 2491 2938 vultum
2526 2891 2696 2938 tuum.
2724 2885 2820 2938 Vel
2852 2901 2978 2937 cum
3005 2885 3379 2954 simplicitate
3405 2884 3573 2950 facit,
3615 2902 3708 2939 ne
3742 2887 3976 2939 laudem

2287 2981 2546 3046 captetur
2574 2977 2643 3030 ab
2666 2977 3016 3030 hominibus.
3051 2979 3120 3030 Et
3144 2982 3389 3047 propter
3420 2977 3618 3032 illud:
3670 2979 3825 3033 Cum
3851 2981 3980 3046 fati:

2286 3071 2658 3137 elemosynam,
2681 3075 2884 3124 nesciat
2910 3073 3135 3123 sinistra
3167 3074 3283 3123 tua.
3305 3070 3415 3132 QUI
3457 3086 3712 3126 PRjil-ZST
3768 3090 3825 3127 ιη
3871 3087 3977 3126 SOI.-

2288 3178 2604 3216 LICITUDINE.
2640 3163 2718 3214 De
2748 3163 2834 3214 his
2861 3162 3015 3224 dicit,
3043 3163 3138 3230 qui
3164 3167 3429 3232 praesunt
3457 3163 3520 3216 in
3549 3165 3860 3224 Ecclesia.
3895 3167 3980 3234 qui

2288 3255 2474 3307 locum
2499 3255 2812 3323 magisterii
2835 3254 3144 3324 accipiunb,
3173 3254 3460 3308 admonet
3490 3260 3556 3309 ut
3585 3259 3848 3312 solliciti
3880 3260 3980 3310 sint

2288 3363 2457 3415 supra
2488 3362 2723 3415 gregem
2757 3346 2860 3399 sibi
2895 3346 3297 3410 commissum,
3331 3364 3408 3400 ne
3443 3349 3685 3419 aliquis
3739 3356 3983 3422 propter

2289 3439 2408 3506 ejus
2435 3438 2699 3492 inertiam
2734 3443 2948 3508 pereat,
2985 3443 3041 3491 et
3071 3439 3297 3492 dicatur
3329 3440 3385 3494 ei
3413 3457 3426 3493 :
3464 3442 3850 3510 Sanguinem
3880 3445 3983 3512 ejus

2287 3530 2352 3584 de
2377 3547 2540 3584 manu
2573 3536 2666 3584 tua
2686 3534 2978 3600 requiram.
3011 3531 3165 3594 Quos
3198 3532 3358 3585 idem
3392 3533 3718 3591 admonet
3750 3539 3981 3592 dicens:

2287 3624 2564 3676 Attendite
2592 3625 2738 3677 vobis
2761 3629 2810 3677 et
2837 3627 3086 3678 universo
3115 3628 3288 3691 gregi.
3319 3626 3392 3679 Et
3432 3626 3680 3683 iterum
3726 3649 3740 3684 :
3785 3634 3984 3686 Pascite

2285 3719 2383 3784 qui
2408 3719 2466 3769 in
2485 3717 2630 3770 vobis
2657 3722 2734 3770 est
2753 3733 2962 3784 gregem
2988 3719 3104 3770 Dei.
3130 3718 3236 3780 QUI
3269 3734 3629 3789 msennren,
3676 3740 3741 3779 1N
3773 3741 3982 3780 mum-

2285 3825 2416 3862 TATE
2455 3810 2642 3861 facere
2681 3809 2872 3874 debet,
2919 3810 3081 3878 juxta
3126 3811 3446 3880 praefatam
3498 3816 3858 3872 rationem.
3896 3821 3984 3870 Vel

2287 3901 2382 3972 qui
2414 3902 2689 3954 nescienti
2716 3902 2933 3955 litteras
2959 3902 3184 3968 imbuit,
3231 3921 3366 3957 cum
3410 3905 3753 3965 hilaritate
3797 3914 3985 3966 facere

2289 3993 2478 4058 debet,
2513 3995 2654 4046 sicut
2685 3994 2898 4048 dictum
2947 3998 3071 4048 est:
3117 3998 3184 4049 In
3215 4001 3370 4050 omni
3409 4000 3561 4054 (lato
3608 4005 3868 4059 hilarem
3909 4011 3987 4072 far

2287 4087 2496 4140 vultum
2520 4092 2690 4140 tuum.
2719 4089 2973 4142 DILECTIO
3009 4103 3129 4142 SINE
3151 4105 3564 4148 SIMULATIONE.
3611 4097 3885 4168 Fingere
3909 4117 3987 4152 re-

2289 4178 2598 4248 proborum
2630 4182 2733 4244 est,
2763 4180 2861 4249 qui
2889 4180 3096 4233 timent.
3140 4197 3213 4234 ne
3265 4183 3622 4252 puniantur
3650 4207 3664 4256 ;
3718 4191 3982 4256 diligere.

2289 4268 2555 4337 filiorum,
2587 4275 2644 4324 et
2673 4271 2802 4325 ideo
2830 4274 2984 4326 nulla
3011 4273 3206 4328 ﬁnctio
3233 4275 3416 4329 debet
3447 4295 3592 4334 esse
3619 4282 3689 4337 in
3717 4286 3988 4340 Christia-

2291 4380 2383 4416 no.
2411 4363 2565 4416 Multi
2585 4363 2852 4417 videntur
2879 4364 3117 4434 diligere
3141 4367 3304 4432 foris,
3331 4369 3610 4428 interius
3637 4381 3986 4434 machinan-

2293 4460 2381 4508 tur
2401 4457 2650 4510 malum:
2685 4474 2930 4527 quorum
2967 4463 3168 4529 typum
3192 4461 3341 4514 Joab
3365 4466 3605 4534 tenuit,
3643 4474 3758 4541 qui
3797 4479 3990 4528 tenens

2290 4565 2465 4602 manu
2495 4567 2594 4602 sua
2621 4554 2882 4604 mentum
2902 4554 3150 4618 Amaszn,
3180 4553 3385 4608 deﬁxit
3416 4560 3730 4626 gladium
3771 4569 3834 4621 in
3868 4585 3992 4621 verr

2291 4645 2434 4694 trem
2467 4641 2606 4712 ejus.
2650 4643 2727 4696 De
2781 4643 2988 4696 talibus
3027 4645 3305 4716 scriptum
3347 4654 3488 4705 est:
3527 4655 3880 4716 Simulator
3919 4679 3986 4715 ων

2288 4735 2486 4803 decipit
2505 4737 2734 4789 amicum
2752 4752 2927 4790 suum.
2959 4739 3027 4790 Et
3055 4739 3364 4796 Psalmista
3391 4759 3404 4796 :
3441 4747 3636 4803 Vana
3671 4754 3864 4808 locuti
3882 4769 3990 4808 sunt

2290 4829 2652 4896 unusquisque
2673 4830 2747 4881 ad
2763 4833 3072 4897 proximum
3101 4847 3283 4886 suum.
3317 4835 3390 4888 Et
3424 4836 3512 4892 ite
3525 4858 3682 4898 rum
3730 4865 3744 4900 :
3786 4849 3898 4914 Qui
3926 4851 3985 4902 Io-

2287 4925 2530 4989 quuntur
2549 4937 2739 4990 pacem
2773 4938 2892 4975 cum
2913 4927 3165 4992 pressim-0
3193 4940 3315 4989 suo,
3343 4932 3511 4984 mala.
3541 4945 3766 4994 autem
3796 4952 3928 4996 sum
3947 4946 3986 4992 in

2285 5013 2533 5066 cordibus
2558 5030 2756 5068 eorum.
2790 5015 2902 5069 Sed
2936 5017 3038 5069 viri
3070 5017 3390 5074 Christiani
3418 5023 3820 5099 dilectione,
3869 5039 3970 5090 sica

2288 5103 2420 5170 dixi,
2450 5123 2564 5160 non
2583 5106 2848 5160 simulata
2877 5108 3092 5184 debent
3122 5128 3268 5177 esse,
3298 5115 3405 5168 sed
3430 5134 3590 5175 cum
3621 5129 3975 5184 exhibition.

2287 5199 2494 5268 operis,
2528 5206 2762 5270 propter
2790 5201 2930 5255 illud
2959 5219 2972 5256 :
3006 5203 3109 5268 Qui
3133 5206 3341 5261 viderit
3365 5211 3646 5275 fratrem
3703 5239 3878 5278 suum
3917 5241 3988 5276 η’-

2285 5293 2580 5346 cessitatem
2597 5297 2912 5362 patientem,
2943 5301 2993 5349 et
3037 5297 3304 5354 clause-rit
3343 5305 3586 5363 viscera
3639 5329 3764 5372 sua
3819 5319 3890 5372 ab
3928 5333 3985 5368 ea.

2283 5386 2542 5454 quomodo
2563 5387 2802 5441 Charitas
2827 5391 2923 5442 Dei
2947 5395 3132 5444 manet
3158 5394 3218 5445 in
3240 5409 3299 5448 eo
3323 5398 3353 5448 ?

2353 5477 2620 5534 Omnsres
2699 5497 2919 5548 MALL'M,
2995 5499 3367 5543 ADHERENTES
3445 5507 3652 5556 BONO.
3747 5507 3986 5562 (mima.

2282 5573 2504 5633 malum,
2539 5571 2594 5625 id
2628 5577 2712 5626 est
2739 5573 3053 5642 diabolum,
3091 5577 3162 5630 de
3205 5596 3324 5650 quo
3374 5583 3723 5650 Dominus
3771 5600 3912 5656 dicit
3948 5603 3984 5654 i;

2283 5663 2589 5734 Evangelia
2623 5683 2636 5718 :
2669 5667 2848 5721 Malus
2879 5669 3030 5722 homo
3070 5680 3566 5740 superseminavit
3609 5694 3913 5750 zizaniam
3948 5697 3982 5745 ἐς.

2283 5758 2454 5811 medio
2491 5761 2677 5821 tritici,
2719 5767 2768 5814 et
2797 5762 2954 5824 abiit,
2983 5768 3034 5817 et
3050 5768 3201 5818 venit
3227 5771 3445 5837 malus,
3485 5783 3547 5830 et
3589 5794 3843 5855 rapuit.
3893 5791 3984 5844 Ad-

2284 5852 2538 5907 humentes
2567 5853 2716 5915 bono,
2751 5852 2808 5907 id
2848 5858 2932 5908 est
2977 5855 3227 5926 Christo,
3287 5860 3584 5927 dicentes
3645 5852 3806 5937 e—um
3857 5883 3982 5937 Psal-
