4022 6396
125 366 217 432 817

1355 372 1422 432 ΙΝ
1460 376 1603 434 CAP.
1640 376 1731 433 XII
1767 377 1856 433 AD
1895 376 2223 435 ROMANOS.

3348 362 3447 443 ut

122 480 274 538 mista
301 492 315 536 :
345 473 487 538 Mihi
514 478 692 537 autem
720 473 993 537 adhzrere
1028 482 1133 537 Deo
1158 480 1352 537 bonum
1378 488 1473 539 est.
1502 484 1677 540 Aliter
1708 504 1721 540 :
1746 494 1805 569 Α
1826 485 2002 553 detur,
2022 501 2128 540 non
2153 490 2231 541 est
2252 500 2389 557 spes,
2412 483 2507 540 sed
2534 499 2661 557 quae
2688 503 2804 543 non
2827 480 3066 545 videtur.
3097 484 3157 546 In
3186 490 3449 548 omnibus

123 576 229 631 odit
254 574 486 641 malum,
522 574 581 629 id
610 580 695 629 est
718 574 851 628 vitia
880 578 937 628 et
959 579 1201 645 peccata.
1229 573 1593 631 Adhairentes
1622 578 1723 631 bo-

124 686 206 737 no,
230 667 528 722 virtutibus
570 667 973 738 spiritualibus,
1016 684 1155 738 quas
1186 673 1486 723 enumerat
1522 670 1726 724 Paulus

121 763 295 816 dicens
321 779 334 814 :
367 763 591 816 Fructus
617 766 692 815 est
714 763 959 831 spiritus,
994 763 1251 822 Charitas,
1282 762 1564 830 gaudium,
1589 779 1721 832 par,

114 856 386 925 patientia,
431 858 489 907 et
531 858 735 907 caetera
763 853 851 907 his
891 853 1115 907 similia.
1170 854 1291 907 Non
1336 854 1486 908 edim
1522 854 1725 909 sufﬁcit

120 947 260 1001 odire
286 946 521 1012 malum,
556 946 664 999 nisi
695 963 726 999 e
755 946 1034 1000 contrario
1063 946 1421 1001 adhzereatur
1448 946 1615 1001 bono.
1648 948 1723 1002 De

117 1056 218 1110 quo
262 1038 556 1093 Psalmista
603 1038 770 1093 dicit:
805 1040 1021 1094 Declina
1045 1056 1079 1092 a
1122 1040 1264 1093 malo
1294 1043 1344 1093 et
1371 1041 1461 1105 fac
1509 1041 1719 1094 bonum.

118 1136 246 1186 Ante
269 1136 416 1185 certe
447 1132 663 1185 malum
689 1131 845 1185 odire
875 1132 1145 1186 debemus
1175 1132 1485 1197 hominem,
1516 1132 1725 1186 scilicet

117 1242 217 1279 non
248 1228 503 1277 naturam
533 1225 675 1293 ejus,
705 1224 802 1278 sed
834 1224 1050 1278 vitium.
1078 1225 1227 1277 Sicut
1254 1225 1346 1278 ille
1368 1224 1605 1278 faciebat
1623 1224 1721 1294 qui

118 1317 360 1371 dicebat:
399 1319 621 1385 Iniquos
664 1317 784 1371 odio
827 1318 1008 1371 habui.
1048 1318 1352 1371 Adhzerere
1398 1318 1545 1370 bono
1586 1333 1718 1387 pro—

114 1415 224 1480 pter
251 1410 418 1463 illud:
470 1413 602 1467 Cum
643 1414 825 1463 sancto
850 1415 1069 1464 sanctus
1095 1414 1216 1464 eris.
1250 1411 1556 1465 CHARITATE
1587 1425 1717 1462 rna-

114 1519 399 1557 TERNITATIS
454 1519 678 1558 INV’ICEM
733 1519 1057 1558 DILIGENTES.
1124 1504 1200 1557 lbi
1251 1508 1334 1557 est
1392 1503 1543 1557 enim
1592 1518 1721 1555 vera

111 1596 428 1659 fraternitas,
460 1596 558 1648 ubi
607 1601 689 1649 est
740 1612 872 1649 vera
902 1596 1162 1660 charitas,
1215 1599 1271 1649 et
1299 1596 1425 1649 ideo
1478 1595 1718 1648 invicem

118 1684 337 1753 diligere
368 1684 661 1749 debemus,
697 1680 929 1737 'dicente
972 1683 1243 1736 Domino:
1289 1686 1351 1738 In
1391 1685 1483 1736 hoc
1530 1697 1716 1750 cogno-

110 1782 238 1830 scent
260 1792 432 1830 omnes
461 1779 596 1845 quia
621 1779 724 1830 mei
748 1779 871 1829 estis
897 1777 1172 1844 discipuli,
1202 1778 1253 1827 si
1269 1776 1603 1828 dilectionem
1628 1776 1721 1827 ha-

1827 578 1980 633 enim
2006 595 2130 649 quae
2156 578 2407 649 patimur
2431 583 2660 651 propter
2692 598 2848 651 spem
2875 583 3119 653 gaudere
3150 584 3441 653 debemus,

1826 674 2092 725 monente
2118 672 2283 726 Jacob
2312 673 2564 743 apostolo
2589 689 2602 726 :
2649 675 2810 730 Omne
2840 676 3099 743 gaudium
3142 679 3446 733 existimate

1823 779 1931 825 vos,
1966 765 2167 829 fratres
2210 767 2331 826 mei,
2374 781 2489 818 cum
2518 768 2574 819 in
2604 769 2769 820 variis
2820 770 3203 823 tentationibus
3234 772 3438 825 incide-
3502 810 3507 815 μ

1822 858 1962 909 ritis.
2008 858 2110 925 Spe
2139 858 2445 924 gaudentes,
2480 875 2535 911 IN
2564 874 2950 914 TRIBULATIONE
3004 864 3312 917 eATIENrss.
3361 866 3439 918 De

1826 948 2031 1017 gaudio
2057 948 2207 1002 enim
2234 950 2350 1019 spei
2376 951 2575 1003 tolerat
2596 952 3007 1021 tribulationcs,
3038 954 3244 1008 scilicet
3258 957 3435 1011 multo

1822 1040 2039 1110 majora
2066 1057 2182 1094 esse
2213 1058 2336 1111 qua:
2365 1059 2467 1111 pro
2492 1043 2601 1095 illis
2631 1044 2906 1112 promissa
2934 1052 3064 1098 sunt
3088 1047 3341 1115 praemia.
3371 1049 3438 1102 Et

1822 1132 1947 1186 ideo
1973 1132 2032 1185 in
2059 1133 2321 1186 omnibus
2367 1135 2821 1188 tribulationibus
2854 1137 3096 1206 gaudere
3146 1139 3433 1207 debemus,

1821 1230 2056 1295 propter
2082 1225 2216 1277 illud
2249 1242 2262 1278 :
2292 1228 2447 1279 Beati
2473 1230 2566 1294 qui
2590 1232 3300 1297 persecutionempatiuntur
3314 1248 3437 1301 pro-

1818 1324 1939 1387 pter
1970 1318 2266 1385 justitiam.
2304 1320 2370 1371 Et
2393 1318 2601 1372 iterum
2630 1335 2642 1372 :
2677 1322 2737 1374 Si
2782 1322 2914 1389 quid
2936 1325 3197 1390 patimini
3220 1330 3438 1392 propter

1807 1410 2102 1478 justitiam,
2133 1412 2292 1464 beati.

1891 1504 2155 1556 ORATIONI
2206 1519 2514 1558 lNSTANTES.
2571 1506 2885 1560 Necessaria
2925 1512 3007 1561 est
3041 1508 3199 1561 valde
3235 1511 3437 1577 oratio,

1818 1597 1949 1665 quia
1976 1599 2040 1648 ut
2066 1596 2350 1649 tribulatio
2391 1597 2567 1665 possit
2615 1598 2856 1664 tolerari,
2887 1600 3146 1668 precibus
3174 1606 3258 1654 est
3298 1602 3434 1656 insi-

1819 1688 2096 1742 stendum.
2141 1690 2370 1741 Praestat
2414 1689 2566 1742 enim
2595 1690 2748 1743 vobis
2792 1692 3061 1745 auxilium
3101 1693 3161 1746 in
3191 1695 3434 1748 adversis

1820 1785 1997 1837 oratio
2021 1784 2263 1838 assidua.
2309 1787 2375 1839 Et
2415 1785 2538 1839 ideo
2576 1786 2835 1857 praecipit
2866 1788 3105 1843 orationi
3156 1789 3432 1844 insistere.

115 1869 315 1923 bueritis
341 1870 415 1923 ad
440 1872 684 1922 invicem.
720 1868 1021 1922 Sciendum
1052 1873 1135 1921 est
1164 1868 1317 1920 enim
1355 1868 1484 1937 quia
1516 1868 1715 1920 fratres
1735 1854 1791 1925 B
1817 1880 1882 1931 Ει
1910 1878 2176 1930 Dominus
2200 1878 2257 1929 in
2290 1854 2627 1947 Evangelid:
2673 1854 2831 1934 Orate
2864 1897 2929 1933 ne
2971 1884 3068 1949 ﬁat
3094 1883 3232 1949 fuga
3258 1888 3435 1936 vestra

110 1960 305 2014 uterini
334 1960 392 2014 in
417 1965 644 2014 tantum
676 1976 733 2013 se
765 1960 1026 2029 diligunt,
1048 1964 1109 2013 ut
1137 1976 1282 2012 unus
1301 1975 1403 2029 pro
1420 1958 1527 2012 alio
1550 1957 1717 2011 morti

109 2068 159 2106 se
186 2052 376 2106 tradat.
408 2054 475 2106 Et
509 2052 556 2105 si
602 2052 683 2104 illi
711 2056 931 2104 tantum
962 2067 1020 2103 se
1055 2051 1316 2120 diligunt,
1352 2055 1563 2121 quanto
1591 2063 1714 2103 ma-

111 2145 184 2214 gis
212 2144 527 2213 spirituales
556 2160 613 2197 se
645 2144 849 2198 debent
879 2144 1111 2213 diligere
1141 2143 1154 2196 l
1206 2144 1410 2197 Omnes
1440 2143 1593 2196 enim
1625 2159 1713 2196 re-

110 2237 312 2307 dempti
342 2237 400 2289 in
428 2236 651 2289 Christo
675 2237 877 2289 fratres
906 2253 1121 2299 sumus,
1163 2236 1402 2288 Domino
1443 2235 1663 2289 dicente
1698 2252 1710 2289 :

107 2330 277 2382 Omnes
316 2332 455 2382 enim
484 2344 579 2382 vos
623 2332 829 2395 fratres
870 2332 1014 2382 estis.
1070 2329 1144 2381 De
1199 2344 1309 2397 qua
1354 2328 1708 2381 fraternitate

108 2424 313 2474 sanctus
342 2421 514 2474 David
546 2421 680 2474 dicit
708 2440 721 2475 :
770 2424 899 2475 Ecce
927 2437 1088 2489 quam
1116 2422 1307 2474 bonum
1351 2426 1400 2473 et
1425 2436 1587 2489 quam
1616 2420 1711 2487 ju-

107 2515 319 2567 cundum
368 2515 618 2567 habitare
663 2516 867 2581 fratres
900 2517 956 2567 in
985 2530 1148 2566 unum
1227 2514 1451 2566 Houone
1499 2529 1712 2567 mvmeu

98 2608 523 2671 l>R£VENlENTES,
576 2606 635 2659 id
686 2611 769 2659 est
813 2606 1247 2659 antevenientes.
1301 2605 1508 2658 Omnes
1561 2606 1712 2658 enim

104 2714 194 2750 nos
224 2699 460 2752 invicem
487 2698 726 2767 diligere
752 2698 1023 2751 debemus
1055 2702 1109 2750 et
1137 2699 1352 2751 honore
1380 2697 1709 2767 praevenire,

104 2795 314 2859 propter
341 2790 482 2844 illud
520 2809 532 2843 :
589 2790 720 2843 Cum
757 2796 972 2843 vocatus
1001 2793 1171 2855 fueris
1216 2790 1288 2842 ad
1336 2793 1576 2857 nuptias,
1607 2806 1713 2842 non

104 2885 388 2937 discumbas
416 2886 473 2936 in
495 2886 747 2953 proximo
771 2884 895 2936 loco.
923 2882 1060 2936 Dicit
1086 2888 1139 2936 et
1165 2882 1297 2935 alibi
1328 2882 1477 2935 idem
1511 2899 1524 2935 ε
1558 2883 1713 2935 Alter

103 2977 311 3031 alterius
335 2993 498 3031 onera
521 2981 755 3046 portate,
784 2981 835 3029 et
859 2978 934 3029 sic
962 2977 1327 3044 adimplebitis
1366 2977 1527 3045 legem
1556 2976 1708 3032 Chri-

102 3073 182 3123 sti.
214 3071 326 3123 Non
359 3070 515 3124 enim
544 3069 714 3123 debes
743 3074 1067 3138 exspectare
1089 3073 1154 3122 ut
1181 3068 1305 3138 quis
1334 3073 1389 3121 te
1415 3068 1571 3137 prius
1592 3067 1711 3120 dili-

105 3166 209 3230 gat,
238 3163 332 3217 sed
369 3168 431 3217 tu
483 3162 670 3232 potius
695 3177 825 3215 eum
859 3161 1024 3214 debes
1054 3161 1365 3230 praevenire
1398 3160 1705 3229 diligendo,
1730 3199 1784 3272 Ο

102 3256 219 3323 quia
238 3256 281 3309 si
310 3262 363 3309 te
401 3255 545 3309 alius
571 3254 730 3324 prior
760 3253 973 3323 diligat,
1000 3254 1120 3321 jam
1152 3270 1265 3305 non
1296 3258 1413 3306 tam
1439 3269 1708 3322 magnam

100 3349 261 3404 habes
289 3350 632 3405 mercedem.
667 3351 728 3405 Si
750 3352 889 3403 enim
928 3349 1114 3417 diligis
1144 3364 1227 3402 eos
1262 3351 1357 3417 qui
1381 3355 1429 3402 te
1452 3349 1705 3414 diligunt,

98 3460 248 3511 quam
276 3444 566 3498 mercedem
596 3443 812 3496 habebis
841 3444 869 3494 ?
890 3458 1059 3495 nonne
1086 3443 1282 3495 ethnici
1303 3443 1396 3495 hoc
1438 3442 1652 3507 faciunt
1682 3444 1710 3493 ?

161 3537 567 3591 SOLLIcrrUnmE
619 3552 727 3588 NON
783 3550 944 3589 PIGRI.
1004 3533 1271 3604 Superius
1322 3534 1564 3599 dixerat,
1616 3536 1712 3602 qui

91 3634 271 3697 prteest
299 3632 357 3682 in
378 3628 738 3683 sollicitudine
765 3645 780 3692 ;
811 3632 865 3680 et
893 3626 1005 3694 hic,
1034 3627 1389 3680 sollicitudine
1416 3642 1519 3679 non
1535 3628 1703 3695 pigri.

96 3722 350 3792 Superius
377 3722 774 3787 admonuerat,
808 3719 898 3773 hic
919 3736 1113 3773 omnes
1132 3720 1410 3773 hortatur.
1435 3719 1537 3773 Sed
1572 3718 1707 3789 quid

95 3820 169 3867 est
195 3815 344 3884 quod
376 3814 513 3868 dicit
538 3831 551 3867 :
586 3814 954 3870 Sollicitudine
973 3829 1079 3866 non
1098 3815 1267 3881 pigri,
1291 3828 1418 3865 cum
1441 3811 1707 3864 Dominus

96 3905 229 3961 dicat
250 3927 261 3961 :
288 3909 467 3963 Nolite
485 3907 707 3960 solliciti
734 3922 839 3960 esse
859 3908 886 3959 ἒ)
901 3907 967 3959 Et
987 3906 1103 3975 ipse
1122 3904 1252 3957 alibi
1276 3921 1289 3957 :
1320 3905 1472 3960 Nihil
1490 3905 1711 3958 solliciti

90 4003 215 4053 sitis.
250 4002 306 4054 In
340 4001 430 4054 his
460 3999 615 4054 enim
646 4016 771 4070 quae
822 3998 917 4051 Dei
943 4002 1093 4065 sunt,
1125 4014 1249 4067 quae
1276 3997 1479 4050 animae
1508 4013 1702 4050 neces-

91 4093 227 4146 saria
270 4098 421 4161 sunt,
455 4109 571 4146 non
618 4092 783 4161 pigri,
832 4108 947 4145 non
986 4090 1202 4143 solliciti
1255 4106 1372 4144 esse
1417 4090 1701 4157 debemus,

92 4186 287 4241 scilicet
312 4187 371 4240 in
396 4185 650 4257 jejuniis,
698 4185 758 4238 in
793 4184 1016 4255 vigiliis,
1048 4188 1102 4237 et
1130 4183 1403 4249 oratione,
1433 4186 1489 4237 et
1515 4183 1602 4236 his
1628 4183 1701 4236 si-

92 4279 329 4334 milibus.
380 4280 662 4334 Caztcrum
694 4279 761 4333 de
789 4277 1124 4331 transitoriis
1154 4276 1452 4330 ctcaducis
1485 4275 1703 4329 solliciti

91 4387 201 4425 esse
233 4388 345 4426 non
373 4372 669 4426 debemus.
703 4371 916 4425 SPmlTU
948 4386 1244 4423 FERVENTES
1270 4387 1283 4437 ;
1314 4369 1369 4422 id
1414 4374 1497 4423 est
1516 4369 1702 4422 calen-

92 4468 186 4527 tes,
218 4470 452 4535 propter
478 4463 615 4517 illud
640 4479 652 4516 :
689 4466 905 4519 Utinam
932 4463 1172 4531 frigidus
1196 4477 1328 4515 esses
1350 4466 1447 4515 aut
1470 4462 1708 4515 calidus!

1816 1972 1981 2024 hieme
1995 1971 2078 2023 vel
2094 1971 2333 2023 sabbato.
2361 1971 2425 2023 Et
2456 1972 2650 2023 Petrus
2674 1988 2686 2024 :
2735 1975 2970 2041 Vigilate
2995 1977 3177 2042 itaque
3203 1979 3432 2037 orantes,

1815 2065 1959 2115 omni
1988 2067 2234 2130 tempore.
2263 2062 2699 2117 Necessnsrmus
2728 2080 3038 2119 sucronem
3064 2082 3435 2120 COMMUNICAN-

1814 2171 1924 2208 res.
1965 2154 2266 2224 Dupliciter
2307 2154 2538 2224 intelligi
2568 2160 2765 2225 potest,
2800 2157 3006 2211 scilicet
3041 2162 3101 2211 ut
3135 2159 3311 2211 sancti
3340 2159 3433 2211 tri-

1813 2246 2101 2312 bulautur,
2144 2246 2220 2298 sic
2255 2263 2385 2300 cum
2432 2247 2541 2299 illis
2590 2248 3053 2315 contribulemur,
3100 2256 3330 2320 propter
3377 2251 3437 2304 il-

1814 2338 1911 2391 lud
1936 2357 1948 2391 :
1978 2341 2037 2394 Si
2057 2340 2319 2403 fuerimus
2363 2341 2491 2393 socii
2530 2343 2868 2407 passionum,
2915 2343 3077 2395 simul
3104 2347 3152 2396 et
3193 2359 3429 2397 resurre-

1814 2433 2001 2484 ctionis
2032 2433 2245 2484 erimus.
2292 2432 2358 2483 Et
2384 2431 2523 2484 illud
2557 2448 2569 2483 :
2618 2435 2845 2488 Scientes
2872 2435 3107 2487 eamdem
3133 2438 3431 2503 passionem

1813 2526 1880 2584 ei,
1908 2539 2023 2591 qua:
2050 2526 2105 2575 in
2132 2523 2329 2575 mundo
2347 2527 2443 2585 est,
2476 2539 2612 2577 verae
2634 2526 2978 2589 fraternitati
3002 2529 3138 2593 fieri.
3167 2527 3261 2579 Vel
3284 2532 3432 2581 certe

1811 2616 1881 2668 ad
1912 2616 2081 2668 fidem
2107 2615 2413 2683 venientes,
2444 2616 2697 2669 inﬁdeles
2727 2633 2926 2669 eorum
2959 2618 3327 2671 substantiam
3353 2620 3433 2673 di-

1812 2707 2113 2776 ripicbant,
2166 2720 2306 2777 quos
2360 2706 2509 2760 idem
2553 2709 2847 2777 Apostolus
2900 2710 3133 2762 laudat:
3190 2714 3329 2766 Nam
3383 2717 3432 2765 et

1810 2803 1976 2852 vincti
2002 2802 2268 2867 compassi
2293 2802 2433 2861 estis,
2464 2806 2511 2853 et
2538 2804 2789 2869 rapinam
2836 2803 3091 2855 bonorum
3136 2808 3429 2857 vestrorum

1811 2908 1927 2945 cum
1971 2892 2168 2961 gaudio
2211 2894 2531 2959 suscepistis.
2579 2893 2898 2950 Hortabata
2928 2899 3157 2946 caeteros
3208 2897 3433 2964 Aposto-

1810 2984 1895 3053 lus
1925 3000 1937 3037 :
1967 2984 2343 3040 Recordamini
2367 2986 2605 3050 fratrum
2636 2985 2811 3053 [Cod.,
2846 2985 3129 3054 fratribus]
3159 2990 3253 3055 qui
3276 2993 3431 3042 erant

1810 3080 1867 3130 in
1889 3079 2200 3131 Jerusalem.
2235 3077 2387 3130 Sicut
2419 3082 2571 3145 tunc,
2601 3077 2677 3130 ita
2706 3082 2760 3131 et
2805 3095 2975 3145 nunc,
3009 3080 3430 3134 necassitatibus

1809 3174 2129 3223 sanctorum
2160 3170 2720 3238 communicandum;
2754 3170 2857 3223 hoc
2887 3177 2969 3224 est
2998 3170 3055 3224 in
3082 3171 3224 3239 cibo,
3249 3178 3304 3226 et
3327 3189 3427 3243 po-

1809 3267 1891 3326 tu,
1922 3266 1976 3315 et
1995 3261 2346 3329 vestimento,
2381 3267 2435 3314 et
2458 3262 2515 3315 in
2546 3262 2813 3315 omnibus
2843 3280 2970 3332 qum
2991 3263 3209 3333 indiget
3234 3264 3422 3318 frater.

1810 3356 1913 3420 Qui
1937 3356 2074 3406 enim
2103 3354 2350 3407 habuerit
2374 3355 2731 3411 substantiam
2758 3356 2970 3416 mundi,
2996 3361 3045 3408 et
3082 3354 3279 3409 viderit
3300 3360 3425 3423 fra—

1808 3451 1937 3501 trem
1963 3462 2117 3499 suum
2139 3450 2503 3499 necessitatem
2525 3450 2842 3515 patientem,
2870 3452 2918 3499 et
2947 3448 3201 3501 clauserit
3228 3452 3427 3501 viscera

1806 3556 1903 3592 sua
1931 3540 1998 3591 ab
2024 3554 2100 3599 eo,
2128 3539 2385 3607 quomodo
2413 3540 2649 3591 charitas
2682 3541 2776 3593 Dei
2805 3545 2982 3592 manet
3011 3542 3069 3591 in
3099 3555 3155 3593 eo
3186 3542 3212 3592 ?
3241 3542 3422 3593 Ποερι-

1807 3648 2097 3684 TALITATEM
2127 3647 2435 3684 SECTANTES.
2492 3632 2688 3699 Magna
2729 3632 2903 3683 virtus
2934 3637 3017 3685 cst
3054 3633 3420 3701 hospitalitas.

1807 3726 1912 3777 Per
1940 3724 2083 3777 hanc
2127 3723 2354 3794 quidam
2397 3724 2731 3793 placuerunt
2772 3726 2902 3791 Deo,
2936 3725 3151 3794 angelis
3181 3726 3425 3795 hospitio

1807 3799 2043 3887 receptis
2071 3834 2087 3884 ;
2118 3817 2259 3869 sicut
2300 3816 2586 3869 Abraham
2615 3816 2701 3869 vel
2731 3816 2889 3884 Loth,
2926 3818 3021 3887 qui
3049 3822 3279 3888 propter
3315 3819 3421 3872 ho-

1807 3909 2171 3979 spitalitatem
2190 3908 2257 3962 de
2274 3909 2511 3963 Sodoma
2525 3909 2755 3962 liberari
2785 3915 3136 3964 meruerunt.
3160 3911 3422 3980 Legimus

1806 4002 1959 4055 enim
1993 4001 2143 4072 quod
2196 4018 2310 4054 non
2354 4002 2533 4054 solum
2586 4002 2875 4055 venientes
2914 4003 3271 4073 suscipiebat,
3328 4005 3422 4058 sed

1804 4094 2062 4147 trahebat
2086 4112 2101 4161 ;
2150 4094 2298 4147 unde
2324 4096 2380 4147 et
2402 4094 2634 4164 angelos
2659 4095 2719 4148 in
2746 4111 2844 4147 suo
2874 4095 3115 4165 hospitio
3141 4097 3424 4167 suscipere

1806 4185 2029 4239 meruit.
2065 4186 2161 4239 Hic
2194 4185 2358 4240 datur
2378 4186 2645 4257 intelligi,
2675 4186 2806 4257 quia
2833 4187 3077 4257 hospites
3102 4205 3216 4242 non
3242 4189 3420 4243 solum

1804 4278 2095 4344 invitandi,
2115 4295 2314 4357 verum
2343 4279 2510 4333 etiam
2534 4280 2791 4333 trahendi
2806 4286 2955 4335 sunt.
2975 4281 3126 4335 Inter
3142 4282 3421 4353 suscipere

1805 4371 2085 4442 hospitem
2110 4360 2169 4424 et
2213 4366 2649 4441 hospitalitatem
2696 4373 2913 4439 sectari,
2942 4373 3119 4427 multa
3161 4374 3425 4429 distantia

1805 4468 1906 4518 est.
1938 4463 2094 4517 Multi
2144 4463 2389 4533 hospites
2417 4464 2486 4515 ad
2526 4481 2583 4517 se
2612 4464 2899 4517 venientes
2943 4465 3274 4534 suscipiunt,
3327 4468 3421 4520 sed

89 4557 175 4609 sed
202 4560 329 4628 quia
371 4558 587 4628 tepidus
615 4572 687 4619 es,
736 4558 991 4626 incipiam
1020 4560 1067 4609 te
1092 4570 1322 4609 evomere
1346 4571 1412 4608 ex
1436 4571 1523 4608 ore
1569 4571 1700 4608 meo.
1722 4561 1781 4632 D
1805 4573 1917 4610 non
1942 4559 2026 4610 est
2050 4557 2156 4610 hoc
2197 4556 2635 4625 hospitalitatem
2662 4556 2880 4610 sectari.
2916 4557 3025 4610 Sed
3054 4557 3151 4628 qui
3177 4558 3419 4612 circum-

86 4650 142 4701 ln
166 4650 367 4720 tepidis
399 4649 554 4703 enim
582 4653 888 4702 nauseatur
912 4648 1203 4716 Dominus,
1237 4648 1295 4701 in
1321 4647 1538 4717 frigidis
1558 4647 1702 4717 inju-

83 4742 218 4795 riam
270 4742 507 4813 patitur,
555 4742 614 4795 in
661 4741 1002 4796 ferventibus
1034 4740 1326 4794 inhabitat.
1355 4741 1520 4794 Judas
1546 4740 1697 4794 enim

83 4835 208 4903 quia
256 4836 483 4906 tepidus
529 4840 666 4901 erat,
698 4834 947 4890 evomuit
981 4850 1113 4889 eum
1145 4836 1309 4888 Deus.
1361 4834 1513 4889 Sicut
1546 4834 1699 4887 enim

84 4943 356 4983 succensa:
388 4928 514 4983 ollae
554 4944 667 4982 non
723 4928 1182 5000 appr0pinquant
1224 4943 1452 4995 musczn,
1494 4926 1700 4997 tepidae

83 5035 207 5073 vero
265 5021 705 5092 superinsedunt
761 5021 861 5090 (Ita
917 5021 1089 5088 cod.),
1137 5021 1215 5073 sic
1269 5020 1367 5092 qui
1422 5019 1701 5074 ferventes

82 5119 205 5175 sunt
235 5114 295 5168 in
319 5114 422 5168 illo
455 5115 605 5185 igne,
640 5114 707 5168 de
736 5131 848 5186 quo
876 5112 1142 5167 Dominus
1172 5113 1344 5167 dicit:
1376 5116 1551 5182 Ignem
1582 5116 1702 5167 veni

86 5210 285 5260 mittere
334 5210 395 5259 in
446 5213 660 5273 terram,
690 5213 739 5262 et
774 5207 907 5277 quid
936 5207 1052 5261 volo
1092 5209 1199 5260 nisi
1230 5212 1289 5260 ut
1330 5206 1653 5260 accendatur
1674 5207 1701 5257 ?

81 5300 185 5353 illis
233 5300 693 5371 appropinquare
741 5318 855 5354 non
902 5300 1112 5355 audent
1164 5298 1398 5370 maligni
1449 5298 1695 5368 spiritus,

82 5393 331 5461 tepidum
360 5409 494 5447 vero
524 5393 788 5448 illudunt.
828 5396 893 5448 Et
921 5393 1050 5447 ideo
1097 5392 1154 5444 in
1187 5392 1335 5445 bono
1386 5408 1554 5461 opere
1590 5407 1700 5444 non

83 5485 275 5554 tepidi,
336 5486 434 5539 sed
486 5487 762 5540 ferventes
813 5503 929 5539 esse
964 5485 1251 5538 debemus.
1309 5485 1521 5537 DOMINo
1575 5500 1697 5538 sen-

82 5594 323 5647 vxaures,
358 5579 416 5632 id
447 5584 528 5633 est
558 5580 677 5655 ejus
716 5578 1009 5649 praeceptis
1051 5576 1390 5630 obedientes.
1424 5576 1522 5630 Spe
1562 5593 1696 5631 GAU-

81 5688 293 5725 DENTES.
332 5672 442 5741 Spe
483 5673 690 5743 gaudet
716 5672 812 5743 qui
863 5688 972 5724 non
1016 5668 1239 5739 respicit
1268 5686 1331 5722 ea
1357 5685 1484 5739 qua:
1530 5669 1697 5735 videt,

82 5764 174 5816 sed
213 5763 474 5817 futurum
505 5768 791 5834 exspectat
819 5764 1107 5835 gaudium.
1136 5764 1263 5831 Spes
1293 5764 1431 5815 enim
1472 5778 1588 5831 qua
1616 5766 1699 5816 ri-

150 5883 174 5911 ⁸
202 5884 283 5937 Ita
340 5884 509 5937 etiam
563 5883 752 5940 Cicero
797 5901 901 5959 pro
947 5883 1148 5940 Archia
1188 5884 1359 5942 Class.
1406 5885 1515 5951 ΑΑ,
1556 5887 1597 5939 t.
1634 5883 1698 5952 ll,

1801 4654 1939 4705 eunt
1979 4648 2129 4702 vicos
2157 4652 2213 4702 et
2246 4649 2473 4719 plateas,
2507 4648 2707 4701 invitos
2746 4649 3032 4703 trahentes
3076 4650 3323 4720 hospites
3352 4654 3421 4705 ad

1800 4743 2031 4798 domum
2063 4758 2239 4808 suam,
2269 4741 2359 4796 isti
2388 4747 2519 4795 sunt
2544 4746 2840 4796 sectatores
2875 4742 3286 4812 hospitalitatis.
3316 4745 3418 4798 Ha-

1799 4836 1997 4891 bemus
2026 4835 2177 4889 enim
2226 4836 2495 4906 scriptum
2540 4836 2695 4905 quod
2739 4835 2851 4889 duo
2893 4836 3151 4906 discipuli
3204 4837 3419 4891 Domini

1801 4946 1929 4983 eum
1961 4929 2031 4982 ad
2059 4928 2367 4999 hospitium
2416 4932 2701 4999 cogentes,
2733 4929 2791 4982 in
2820 4928 3088 4983 fractione
3134 4930 3292 5000 panis
3323 4947 3418 4985 co-

1803 5038 2069 5092 gnoscere
2116 5027 2466 5089 meruerunt,
2496 5038 2665 5093 quem
2694 5040 2796 5093 per
2821 5027 3003 5077 totum
3052 5024 3295 5093 spatium
3328 5024 3419 5077 iti-

1798 5116 1951 5171 neris
2004 5133 2118 5169 non
2164 5120 2559 5186 cognoverant.
2607 5116 2886 5186 Scriptum
2936 5121 3019 5170 est
3059 5117 3250 5170 enim:
3303 5120 3422 5175 Non

1799 5210 2073 5263 auditores
2108 5210 2236 5278 legis
2255 5210 2395 5277 justi
2420 5214 2545 5263 sunt
2590 5210 2740 5279 apud
2776 5213 2957 5271 Deum,
2984 5210 3077 5263 sed
3119 5215 3169 5263 et
3196 5213 3426 5276 factores

1801 5304 1929 5371 legis
1971 5302 2433 5371 justiﬂcabuntur.
2476 5302 2613 5356 Hinc
2656 5302 2924 5356 Dominus
2968 5301 3027 5355 in
3078 5302 3189 5358 ﬁne
3228 5304 3420 5360 dicet:

1802 5398 1999 5465 Hospes
2025 5397 2132 5462 fui,
2167 5400 2215 5449 et
2242 5398 2544 5465 suscepistis
2574 5412 2672 5449 me.

1876 5490 2196 5542 BENEDICITE
2249 5505 2701 5550 PERSEQUENTIBUS
2732 5506 2846 5558 VOS,
2881 5507 3190 5545 BENEDICITE
3224 5509 3286 5544 ET
3323 5508 3421 5545 N0-

1800 5597 1918 5635 LITE
1948 5598 2300 5636 MALEDICERE.
2345 5583 2529 5651 Ipsum
2558 5588 2641 5637 est
2666 5584 2815 5655 quod
2844 5589 2898 5636 et
2930 5584 3201 5637 Dominus
3243 5584 3379 5637 dicit
3406 5603 3417 5636 :

1802 5674 1962 5728 Orate
1984 5690 2082 5743 pro
2110 5676 2545 5745 persequentibus
2584 5680 2633 5730 et
2676 5678 3128 5731 calumniantibus
3163 5692 3268 5729 vos.
3310 5675 3420 5727 Hoc

1802 5764 1951 5818 enim
1979 5771 2035 5819 et
2059 5768 2174 5837 ipse
2201 5766 2355 5838 prior
2377 5767 2525 5829 fecit,
2560 5770 2787 5841 quando
2831 5770 2887 5823 in
2916 5784 3079 5822 cruce
3108 5784 3210 5838 pro
3239 5766 3417 5818 cruci-

1804 5880 2084 5959 pag.248.
