4022 6486
490 417 639 472 .819

2018 395 2412 454 LUCULENTII

3827 388 3925 444 820

536 518 838 592 ﬁgentibus
864 534 920 571 se.
957 517 1171 587 rogavit
1195 516 1440 582 Patrem,
1471 511 1660 566 dicens
1689 525 1703 564 :
1735 511 1916 571 Pater,
1943 508 2148 574 ignosce
2170 515 2227 586 Α
2249 504 2454 558 talibus
2479 500 2731 558 ﬂendum
2754 504 2856 569 est,
2883 498 3017 571 quia
3043 497 3322 572 scriptum
3345 497 3437 554 est
3466 511 3483 552 :
3519 496 3694 557 Beati
3722 499 3821 566 qui
3848 499 3924 552 lu-

535 617 668 676 illis,
698 629 800 666 non
832 615 969 665 enim
993 613 1168 664 sciunt
1195 609 1328 677 quid
1351 609 1586 674 faciunt.
1633 603 1787 658 Sicut
1813 605 1870 655 et
1906 616 2010 654 nos
2036 599 2147 652 ini-

535 704 909 761 micisnostris
925 704 1138 756 bonum
1163 701 1348 770 potius
1363 714 1535 769 quam
1566 696 1777 749 malum
1805 693 2038 746 reddere
2061 691 2151 743 de-

530 798 755 863 bemus,
780 800 1012 866 propter
1039 793 1178 848 illud
1213 792 1362 862 quod
1389 793 1584 843 monet
1610 790 1806 841 Petrus
1839 802 1851 837 :
1880 788 1997 842 Non
2025 784 2147 837 red-

536 891 714 943 dentes
766 889 965 940 malum
1006 903 1107 956 pro
1144 887 1306 944 malo,
1338 897 1430 936 nec
1475 881 1817 934 maledictum
1841 894 1940 946 pro
1981 877 2148 929 male-

537 984 697 1042 dicto,
747 982 892 1033 sede
922 981 1186 1032 contrario
1237 975 1612 1029 benedicentes.
1666 971 1818 1025 Multi
1878 975 2008 1022 sunt
2057 966 2149 1037 qui

535 1091 655 1129 non
685 1073 1045 1137 maledicunt,
1081 1070 1175 1122 sed
1207 1087 1236 1121 e
1262 1069 1493 1137 regione
1519 1064 1879 1119 benedicunt.
1927 1063 2018 1118 lsti
2041 1061 2148 1115 im-

537 1168 697 1238 plent.
719 1164 954 1235 apostoli
983 1162 1135 1216 Pauli
1169 1166 1512 1230 praeceptum
1545 1177 1558 1212 :
1598 1158 1850 1212 GAUDERE
1877 1171 1982 1209 cun
2014 1171 2148 1207 GAU-

539 1274 813 1324 DENTIBL‘S,
864 1272 1026 1309 usus
1069 1270 1171 1307 cru
1215 1266 1522 1305 FLENTIBL’S.
1564 1249 1864 1301 Evidenter
1912 1263 2146 1316 pereun-

539 1351 807 1404 ctandum
838 1355 921 1402 est
950 1364 1080 1400 cum
1107 1345 1310 1415 quibus
1355 1342 1738 1411 gaudendum,
1781 1356 1908 1392 cum
1948 1338 2152 1407 quibus

541 1444 612 1497 sit
638 1441 1043 1495 ﬂendum.Non
1061 1441 1142 1491 est
1165 1435 1525 1506 gaudendum
1548 1450 1674 1486 cum
1693 1431 1778 1485 his
1792 1431 1886 1500 qui
1906 1431 2152 1496 gaudent

539 1537 600 1588 in
627 1534 997 1604 acquisitione
1027 1547 1213 1584 rerum
1238 1526 1655 1597 temporalium,
1687 1524 1744 1576 in
1768 1523 1927 1594 copia
1948 1523 2069 1575 auri
2099 1527 2152 1576 et

541 1627 778 1696 argenti,
813 1630 867 1679 et
895 1625 952 1676 in
983 1625 1275 1676 venustate
1304 1618 1632 1682 mulierum,
1666 1617 1722 1668 in
1763 1614 2152 1684 procreatione

539 1719 806 1782 ﬁliorum,
835 1716 930 1784 qui
957 1716 1222 1768 laetantur
1265 1728 1392 1764 cum
1423 1709 1571 1762 male
1604 1707 1856 1774 fecerint,
1889 1711 1941 1760 et
1967 1707 2150 1760 exsul-

537 1814 662 1865 tant
681 1811 737 1862 iu
769 1809 936 1861 rebus
960 1805 1232 1878 pessimis.
1257 1806 1395 1857 Cum
1416 1803 1502 1854 his
1531 1801 1733 1853 talibus
1766 1816 1878 1852 non
1909 1805 1991 1851 est.
2011 1816 2150 1868 gau-

2249 602 2390 666 gent,
2417 599 2671 666 quoniam
2711 597 2820 664 ipsi
2863 595 3308 648 consolabuntur.
3359 592 3576 650 Melius
3623 597 3710 647 est
3745 594 3827 644 ire
3854 592 3925 645 ad

2250 691 2461 742 domum
2491 690 2680 749 luctus,
2709 703 2870 756 quam
2897 687 2970 740 ad
2997 689 3214 741 domum
3240 686 3470 756 gaudii,
3499 685 3762 739 convivii
3780 686 3920 738 emul-

2251 784 2414 835 tantis
2449 779 2625 852 [Cod.,
2659 781 2763 834 cibi
2790 777 3000 851 tantis].

2324 875 2539 927 [mesen
2566 889 2783 927 INVICEM
2817 887 3153 926 SENTIENTES.
3189 873 3321 925 Haec
3369 869 3689 924 sententia
3721 870 3781 924 in
3831 888 3924 924 su-

2251 967 2476 1037 perﬁcie
2507 966 2800 1019 obscurior
2819 965 3042 1018 videtur
3061 963 3284 1018 caeteris
3306 982 3324 1032 ;
3355 967 3643 1017 attamen
3675 963 3920 1033 idipsum

2251 1059 2489 1112 invicem
2540 1058 2744 1112 sentire
2786 1059 3077 1126 debemus,
3119 1057 3272 1128 quod
3316 1057 3562 1110 variare
3595 1072 3728 1110 non
3774 1056 3920 1123 licet,

2251 1152 2458 1204 scilicet
2488 1151 2634 1220 quod
2673 1151 2844 1203 sentis
2880 1151 2949 1203 de
2994 1152 3181 1214 Patre,
3220 1149 3334 1202 hoc
3365 1149 3442 1204 de
3491 1149 3674 1217 Filio,
3717 1149 3832 1202 hoc
3861 1149 3924 1203 de

2251 1243 2458 1313 Spiritu
2499 1248 2710 1296 sancto.
2743 1243 2895 1296 Sicut
2935 1243 3109 1295 habes
3139 1243 3201 1296 in
3233 1243 3465 1312 psalmo
3490 1242 3514 1296 ἐ
3574 1244 3648 1296 In
3690 1259 3832 1311 pace
3873 1246 3928 1295 in

2253 1337 2506 1404 idipsum,
2535 1337 2862 1388 obdormiam
2891 1340 2940 1388 et
2967 1338 3318 1404 requiescam.
3369 1337 3583 1388 Potest
3625 1335 3804 1388 aliter
3845 1336 3928 1388 in-

2255 1429 2451 1497 telligi,
2475 1428 2623 1497 quod
2648 1427 2779 1481 dicit
2809 1428 3078 1496 idipsum,
3109 1427 3328 1480 scilicet
3352 1433 3423 1481 ut
3451 1427 3790 1481 unanimes
3817 1445 3930 1482 una

2252 1521 2535 1574 voluntate
2565 1521 2759 1585 simus,
2793 1519 2936 1573 sicut
2961 1521 3030 1573 de
3059 1520 3358 1590 primitiva
3389 1520 3665 1573 Ecclesia
3693 1521 3758 1574 in
3791 1521 3929 1574 Acti-

2252 1613 2356 1665 bus
2389 1613 2763 1680 apostolorum
2799 1630 2812 1665 :
2848 1616 2982 1666 Erat
3005 1613 3119 1666 illis
3143 1628 3233 1666 cor
3259 1629 3440 1666 unum
3477 1618 3534 1668 et
3567 1616 3774 1667 anima
3801 1631 3927 1668 una.

2258 1708 2322 1758 Ut
2347 1707 2621 1758 unanimes
2644 1721 2747 1757 uno
2775 1721 2862 1758 ore
2889 1707 3244 1772 honoriﬁeetis
3266 1697 3452 1760 'Deum
3481 1711 3540 1761 et
3566 1710 3809 1762 Patrem
3841 1711 3932 1762 Do-

2255 1800 2384 1848 mini
2408 1800 2578 1850 nostri
2601 1801 2721 1850 Jesu
2744 1799 2962 1850 Christi.
3003 1799 3095 1851 Vel
3124 1803 3278 1852 certe
3323 1799 3397 1853 de
3443 1800 3932 1854 tribulationibus

537 1900 1036 1970 deudum,quiade
1057 1897 1142 1950 his
1174 1897 1441 1965 scriptum
1469 1898 1551 1946 est
1582 1909 1595 1946 :
1631 1895 1723 1947 Va:
1742 1893 1992 1960 robisqui
2017 1893 2154 1944 ride-
2175 1865 2228 1934 B
2255 1889 2489 1959 intelligi
2513 1893 2694 1959 potest
2721 1890 2778 1941 in
2807 1891 3202 1958 compatiendo
3228 1892 3485 1958 czeteris,
3523 1893 3690 1946 sicut
3713 1911 3888 1964 supra
3915 1912 3926 1946 :

538 1998 606 2047 tis
631 2010 770 2046 nunc
797 1995 815 2046 !
855 1995 982 2060 quia
1012 1991 1258 2057 lugebitis
1289 1992 1338 2040 et
1375 1988 1585 2054 ﬂebitis.
1617 1985 1728 2038 Sed
1757 2000 1885 2036 cum
1935 1983 2042 2036 illis
2069 1987 2154 2036 est

544 2085 904 2156 gaudendum
933 2083 1028 2152 qui
1059 2082 1306 2151 gaudent
1335 2095 1437 2147 pro
1465 2093 1561 2148 spe
1589 2077 1715 2128 vita:
1755 2081 2002 2142 internae,
2027 2075 2149 2144 qui-

540 2179 645 2231 bus
673 2177 807 2229 dicit
845 2174 1114 2228 Dominus
1148 2189 1160 2226 :
1217 2171 1472 2230 Gaudete,
1524 2172 1653 2237 quia
1693 2170 1914 2221 nomina
1969 2172 2152 2220 vestra

537 2274 737 2338 scripta
761 2274 886 2321 sunt
917 2270 969 2320 in
989 2267 1132 2318 ctrlo.
1163 2264 1255 2316 Vel
1283 2280 1410 2315 cum
1439 2262 1516 2314 eis
1542 2261 1634 2330 qui
1659 2261 1712 2312 in
1744 2259 2149 2329 persecutioni-

540 2364 644 2415 bus
669 2361 834 2430 positi
865 2360 1125 2428 gaudent,
1157 2360 1413 2409 tenentes
1431 2352 1669 2422 apostoli
1693 2351 1877 2404 Jacobi
1908 2368 2153 2421 princep-

541 2459 661 2507 tum
687 2453 782 2524 qui
814 2451 979 2504 dicit:
1015 2453 1176 2505 Omne
1201 2448 1460 2515 gaudium
1481 2448 1779 2498 emistimate
1808 2459 1916 2504 vos,
1949 2446 2152 2508 fratres

538 2549 659 2611 mei,
685 2563 801 2598 cum.
820 2548 872 2596 in
886 2545 1050 2596 rariis
1079 2541 1455 2595 tentationibus
1481 2539 1791 2590 incideritis.
1811 2536 2030 2588 Talibus
2054 2537 2154 2588 Do-

538 2639 727 2691 minus
757 2637 922 2690 dicit:
952 2639 1150 2690 Iterum
1172 2633 1354 2685 ridebo
1385 2647 1494 2692 vos,
1536 2635 1585 2682 et
1627 2629 1880 2696 gaudebit
1924 2644 2010 2681 cor
2036 2645 2149 2681 ces-

539 2737 699 2784 trum.
734 2728 1008 2782 Flendum
1030 2742 1256 2796 quoque
1283 2740 1399 2777 non
1427 2738 1556 2776 cum
1587 2722 1696 2774 illis
1730 2726 1812 2773 est
1838 2721 1934 2790 qui
1963 2721 2154 2773 dolent

537 2824 594 2874 in
652 2821 950 2873 amissione
979 2835 1192 2884 rerum,
1226 2816 1280 2868 in
1329 2819 1505 2868 morte
1534 2819 1853 2883 parentum,
1883 2812 1978 2865 sed
2024 2829 2152 2864 cum

540 2915 650 2966 illis
678 2913 813 2964 ﬂere
856 2912 1144 2977 debemus,
1195 2909 1290 2977 qui
1321 2906 1550 2976 propria
1581 2911 1807 2975 peccata
1837 2905 2147 2973 deplorant,

541 3004 788 3058 conversi
820 3003 890 3055 ad
912 3004 1099 3068 fidem,
1130 3001 1282 3070 quod
1311 2999 1570 3068 nequiter
1593 3003 1832 3066 egerunt
1859 2998 2150 3063 deflentes,

540 3097 683 3149 sicut
709 3096 800 3149 ille
847 3095 1087 3147 faciebat
1108 3093 1203 3162 qui
1242 3093 1459 3145 dicebat
1483 3107 1495 3143 :
1550 3093 1660 3158 Ego
1681 3093 1819 3143 enim.
1843 3107 1958 3143 sum
1987 3093 2148 3143 mini-

2255 1981 2494 2036 Gaudere
2522 1999 2638 2035 cmn
2667 1983 3041 2049 gaudentibus,
3065 1985 3190 2047 ﬂere
3217 2000 3340 2036 cum
3365 1987 3644 2051 ﬂentibus
3678 2005 3696 2039 :
3729 1991 3784 2041 si
3808 1989 3936 2057 quid

2247 2076 2460 2142 patitur
2488 2091 2653 2127 unum
2690 2076 2999 2134 membrum,
3049 2079 3478 2144 compatiuntur
3525 2082 3730 2132 omnia
3781 2098 3936 2134 mem-

2254 2165 2386 2218 bra:
2418 2171 2467 2218 et
2493 2169 2542 2219 si
2562 2169 2825 2232 fuerimus
2843 2169 2976 2219 socii
2990 2170 3289 2235 passionis,
3317 2171 3498 2223 simul
3521 2175 3580 2223 et
3608 2175 3934 2226 consiilatio-

2252 2259 2335 2309 nis
2379 2261 2595 2310 erimus.
2649 2260 2767 2312 Non
2814 2275 2946 2312 ALTA
2978 2276 3286 2326 SAPIENTES,
3328 2278 3431 2315 san
3467 2279 3725 2320 nemus
3761 2283 3932 2320 arsei-

2252 2364 2490 2402 CIENTES.
2525 2350 2665 2412 Quia
2690 2352 2929 2419 superbis
2957 2355 3095 2404 Deus
3121 2355 3354 2415 resistit,
3387 2355 3718 2411 humilibus
3754 2366 3930 2412 autem

2251 2441 2348 2494 dat
2377 2445 2631 2508 gratiam.
2663 2444 2725 2495 Et
2765 2443 2899 2495 alibi
2929 2445 3206 2514 scriptum
3245 2451 3331 2498 est
3381 2463 3395 2499 :
3432 2449 3582 2517 quia
3611 2452 3798 2504 radit:
3837 2469 3936 2504 om-

2253 2537 2397 2585 nium
2423 2536 2683 2587 malorum
2708 2551 2758 2589 es
2771 2539 3042 2604 superbia.
3073 2539 3141 2590 Et
3167 2538 3488 2592 Psalmista
3513 2557 3528 2594 :
3554 2543 3706 2597 Alta
3731 2561 3766 2596 a
3792 2546 3936 2610 longe

2252 2629 2508 2692 agnoscit,
2525 2625 2580 2679 id
2610 2629 3046 2697 estsuperbiam.
3078 2630 3148 2682 Et
3175 2630 3310 2683 ideo
3336 2630 3525 2700 juxta
3559 2638 3822 2706 apostoli
3847 2640 3934 2690 Pe-

2253 2716 2321 2769 tri
2347 2720 3021 2787 praeceptum,bumiliari
3053 2738 3158 2774 nos
3187 2723 3486 2778 debemus
3522 2727 3588 2780 in
3621 2737 3936 2800 conspectu

2253 2810 2367 2862 Dei.
2391 2811 2658 2864 Dominus
2688 2812 2841 2864 enim
2871 2813 2948 2865 sic
2980 2814 3063 2867 ait
3090 2833 3106 2868 :
3137 2807 3320 2884 Super
3352 2833 3530 2885 quem
3573 2827 3935 2890 requiescam,

2253 2905 2361 2954 nisi
2402 2919 2562 2970 super
2602 2906 2853 2958 humilem
2898 2913 2944 2958 et
2984 2911 3251 2974 quietum,
3286 2916 3340 2963 et
3386 2916 3734 2968 trementem
3783 2918 3937 2969 verba

2250 3015 2364 3052 mea
2388 3002 2492 3052 ?Et
2521 3016 2534 3052 :
2567 3003 2758 3054 Discite
2781 3018 2815 3054 a
2837 3019 2915 3056 me
2929 3006 3061 3072 quia
3091 3008 3243 3059 mitis
3256 3022 3385 3061 sum
3415 3015 3472 3063 et
3503 3011 3746 3067 humilis
3767 3015 3935 3067 corde.

2251 3092 2525 3162 Superbia
2553 3093 2620 3146 de
2638 3094 2855 3164 angelis
2873 3095 3164 3152 daemones
3186 3100 3327 3153 fecit
3351 3101 3684 3159 humilitas
3717 3123 3853 3160 vero
3877 3107 3936 3159 de

538 3204 653 3242 inus
683 3189 1062 3258 apostolorum,
1109 3188 1205 3253 qui
1229 3201 1330 3238 non
1359 3200 1473 3237 sum
1503 3184 1694 3250 dignus
1721 3186 1900 3236 vocari
1945 3189 2150 3252 aposto-
2169 3214 2222 3287 Ο
2252 3184 2574 3240 hominibus
2601 3186 2853 3256 angelos.

542 3284 644 3343 lus,
673 3283 922 3349 quoniam
946 3283 1248 3348 persecutus
1277 3294 1392 3331 sum
1427 3277 1712 3331 Ecclesium
1753 3279 1863 3330 Dei.
1895 3279 2034 3331 Cum
2063 3277 2148 3330 his

537 3423 3936 3454 *Μ

2143 3545 2278 3665 V.

541 3745 752 3809 Lectio
785 3745 1086 3827 Epistolas
1125 3745 1298 3807 beati
1348 3744 1528 3807 Pauli
1574 3745 1849 3826 apostoli
1869 3744 2533 3905 αεῗαὲὶίὲῗὲἓὲῗῃῗιέ,
2584 3747 2680 3826 16)
2727 3769 2740 3808 :
2782 3749 3065 3827 Fratres,
3112 3753 3324 3816 nolite
3378 3775 3534 3821 esse
3585 3764 3945 3843 prudentes

2207 3844 2231 3885 7
2340 3844 2357 3883 ι
2407 3845 2436 3885 s
2517 3873 2529 3885 .

2207 3844 2529 3885 InellDSOS.

1769 3956 2182 4010 CUMMENTUM
2229 3958 2642 4012 LUCULENTI].

609 4063 892 4133 Superiori
919 4062 1162 4131 capitulo
1201 4062 1416 4115 dixerat
1447 4079 1458 4115 :
1487 4066 1605 4119 Non
1637 4063 1750 4115 alta
1780 4065 2062 4130 sapientes,
2095 4063 2149 4115 id

540 4161 625 4209 est
673 4155 934 4224 superba.
969 4155 1207 4209 Subdit:
1256 4156 1452 4208 Noun:
1500 4171 1619 4209 ESSE
1668 4171 1968 4208 PRL’DENTES
2012 4171 2148 4208 APUD

539 4265 901 4302 vosumiesos.
933 4249 1075 4300 Duas
1123 4248 1384 4300 novimus
1424 4249 1771 4318 prudentius,
1802 4249 1895 4301 Dei
1926 4251 1982 4303 et
2025 4248 2146 4301 dia-

540 4342 677 4408 boli,
719 4339 901 4394 carnis
931 4346 984 4394 et
1011 4340 1257 4410 spiritus.
1286 4342 1362 4394 De
1389 4341 1689 4410 prudentia
1719 4340 1810 4393 [lci
1850 4341 1997 4393 idem
2029 4341 2146 4410 ipse

537 4435 666 4486 dicit
693 4453 704 4486 :
737 4438 910 4487 Estote
924 4435 1218 4500 przutentes
1245 4436 1383 4486 sicut
1421 4440 1706 4500 serpentes.
1748 4434 1819 4485 De
1852 4433 2148 4502 prudentia

535 4527 716 4579 carnis
747 4527 894 4579 idem
925 4527 1206 4595 apostolus
1252 4525 1384 4578 dicit
1413 4543 1424 4578 :
1471 4527 1767 4579 Prudentia
1806 4529 1982 4578 carnis
2013 4543 2149 4579 mors

534 4626 608 4673 est
634 4639 648 4685 ;
681 4625 735 4672 et
768 4636 780 4672 :
822 4623 911 4674 Va’
942 4623 1035 4687 qui
1057 4622 1318 4687 sapientes
1349 4621 1470 4672 estis
1497 4621 1550 4670 in
1577 4621 1740 4672 oculis
1768 4621 1970 4679 vestris,
1991 4625 2039 4671 et
2060 4635 2146 4670 co-

533 4730 646 4766 ram
677 4714 1056 4781 robismetipsis
1077 4713 1366 4780 prudentes
1396 4713 1415 4763 Ι
1441 4713 1504 4764 Et
1531 4711 1844 4764 notandum
1874 4709 2005 4780 quia
2035 4728 2148 4764 non

531 4806 673 4859 dixit
725 4809 966 4872 tantum,
998 4807 1160 4857 nolite
1209 4820 1312 4857 esse
1337 4805 1660 4872 prudentes;
1693 4804 1789 4856 sed
1829 4821 1956 4856 cum
1989 4805 2146 4857 omni

532 4899 942 4963 additamenta,
984 4899 1131 4966 apud
1179 4899 1536 4965 vosmetipsos.
1593 4897 1751 4966 Apud
1785 4897 2147 4966 semetipsum

529 4992 778 5060 prudens
795 4995 877 5044 est
905 4991 990 5043 ille
1017 4989 1110 5059 qui
1143 4989 1325 5042 ulcisci
1345 5005 1402 5042 se
1422 4990 1536 5042 vult
1566 4989 1632 5043 de
1653 4989 1882 5042 inimico
1900 5006 2024 5053 suo,
2048 4989 2146 5058 qui

531 5083 884 5136 malediceuti
914 5099 968 5136 se
985 5082 1349 5146 remaledicit,
1367 5082 1776 5151 percutientem
1801 5098 1857 5133 se
1879 5081 2142 5151 percutit.

528 5176 624 5228 llic.
653 5175 775 5227 talis
801 5175 950 5243 apud
976 5176 1341 5244 semetipsum
1367 5175 1611 5244 prudens
1633 5180 1733 5227 est.
1764 5175 1874 5226 Nos
1893 5175 2139 5243 pruden-

529 5267 667 5318 tiam
717 5267 918 5319 animai
951 5271 1134 5321 tenere
1165 5269 1450 5333 debemus,
1481 5273 1542 5320 ut
1569 5267 1846 5335 possimus
1885 5266 2144 5320 resistere

531 5359 710 5416 malo;
744 5359 1090 5425 prudentiam
1115 5361 1296 5412 carnis
1313 5376 1692 5429 nequaquam,
1715 5365 1770 5412 ut
1789 5377 1889 5411 nos
1907 5358 2140 5412 ulcisca-

531 5466 678 5501 mur.
699 5450 858 5502 Nam
878 5467 1056 5503 suum
1077 5469 1172 5506 ruo
1191 5470 1330 5505 MALO
1349 5453 1868 5506 nenonmusﬁullus
1886 5456 2140 5505 nostrum

528 5542 738 5593 malum
765 5559 863 5608 pro
881 5545 1026 5596 mulo
1050 5545 1278 5598 reddere
1293 5545 1561 5598 debemus
1585 5544 1814 5613 [dc-bet},
1841 5544 1934 5596 sed
1958 5544 2142 5614 potius

531 5653 630 5705 pro
669 5635 815 5686 malo
837 5635 1074 5688 bonum:
1109 5641 1332 5704 propter
1350 5637 1486 5690 illud
1508 5653 1520 5689 :
1545 5639 1701 5690 Orate
1721 5654 1818 5706 pro
1829 5653 2142 5704 persequen-

526 5729 666 5781 libus
691 5731 740 5779 et
757 5728 1209 5779 cahmmiantibus
1224 5744 1331 5781 eos.
1355 5729 1455 5791 Qui
1485 5730 1696 5782 malum
1721 5746 1821 5798 pro
1849 5731 2000 5782 malo
2020 5729 2139 5782 red-

2251 4063 2350 4131 dit,
2370 4064 2516 4116 filius
2537 4070 2620 4118 est
2646 4065 2783 4118 Adae
2803 4084 2818 4133 ;
2836 4067 2933 4136 qui
2949 4067 3166 4122 bonum
3197 4088 3309 4140 pro
3332 4074 3534 4144 bono,
3551 4081 3719 4138 ﬁlius
3745 4092 3831 4140 est
3861 4088 3946 4139 ho-

2251 4156 2454 4222 minis;
2491 4157 2585 4226 qui
2613 4159 2826 4212 malum
2855 4177 2956 4229 pro
2985 4161 3164 4227 bono,
3197 4164 3362 4219 ﬁlius
3383 4175 3478 4224 est
3499 4173 3772 4232 diaboli:
3810 4180 3942 4232 sicut

2248 4248 2424 4300 Judaei
2443 4250 2646 4318 quibus
2661 4251 2936 4306 Dominus
2959 4255 3141 4308 multa
3155 4256 3319 4312 bona
3344 4277 3556 4332 Opera
3574 4273 3837 4326 ostendit
3855 4291 3946 4341 pro

2249 4341 2449 4435 quibus
2482 4342 2805 4397 occiderunt
2834 4362 2988 4400 eum.
3015 4348 3079 4401 Et
3107 4347 3236 4401 ideo
3259 4351 3372 4405 filii
3405 4356 3649 4415 diaboli
3680 4367 3946 4435 appellati

2167 4459 2226 4530 D
2251 4438 2401 4499 sunt,
2431 4434 2668 4487 Domino
2690 4436 2768 4488 eis
2789 4436 3040 4491 dicente:
3072 4443 3173 4494 Vos
3196 4457 3266 4495 ea:
3292 4453 3477 4512 patre
3503 4453 3741 4509 diaboli
3765 4434 3948 4511 :‘cstis.

2249 4525 2350 4588 Qui
2383 4543 2510 4578 vero
2566 4527 2811 4580 reddidit
2845 4529 3066 4584 bonum
3121 4550 3226 4602 pro
3256 4539 3455 4610 malo,
3505 4545 3681 4600 illius
3724 4557 3812 4604 est
3839 4554 3946 4611 Dei.

2251 4617 2346 4688 qui
2372 4636 2471 4688 pro
2500 4619 2700 4672 Judmis
2728 4622 3196 4691 cruciﬁgentibus
3229 4633 3426 4686 oravit
3460 4636 3691 4694 dicens
3726 4663 3741 4697 :
3779 4647 3952 4705 Pater,

2252 4713 2456 4778 ignosce
2482 4713 2614 4773 illis,
2645 4715 2775 4781 quia
2801 4719 3042 4769 nesciunt
3071 4720 3221 4786 quod
3245 4724 3522 4787 faciunt.
3562 4733 3955 4792 PROVIDENTt‘s

2251 4819 2386 4857 nom
2417 4819 2524 4856 NON
2551 4820 2758 4858 TANTUM
2806 4822 2979 4860 comm
3023 4809 3157 4878 Deo,
3191 4827 3294 4866 suo
3331 4833 3527 4876 [ηε-[ιλιι
3566 4840 3772 4884 celum
3802 4848 3950 4884 0w-

2250 4911 2344 4949 nL's
2374 4911 2689 4950 HOMINIBUS.
2720 4898 2778 4951 Id
2806 4902 2885 4952 est
2917 4900 3191 4956 facientes
3218 4905 3411 4979 bona,
3438 4919 3849 4977 ostendentes
3869 4925 3952 4976 bo-

2248 5005 2409 5053 num,
2453 4993 2748 5058 operantes
2778 4991 3019 5062 bonum,
3047 5011 3165 5050 non
3191 5003 3259 5052 ut
3287 5001 3366 5055 ab
3419 5005 3803 5070 hominibus
3833 5020 3947 5070 lau-

2249 5082 2344 5151 des
2372 5082 2703 5150 captcniini,
2729 5092 2966 5154 propter
2995 5087 3136 5142 illud
3167 5106 3182 5142 :
3213 5092 3536 5156 Attendite
3567 5122 3645 5159 ne
3665 5111 3946 5177 justitiam

2248 5179 2477 5226 vestram
2528 5177 2748 5240 faciatis
2799 5194 2975 5231 coram
3031 5181 3373 5251 hominibus,
3414 5200 3484 5248 ut
3537 5202 3863 5258 videamini
3887 5207 3945 5257 ab

2247 5269 2319 5320 eis
2347 5285 2362 5330 ;
2395 5267 2490 5320 sed
2536 5273 2765 5338 propter
2816 5269 3198 5329 intentionem
3247 5280 3391 5336 vitae
3443 5295 3737 5365 internas,
3771 5301 3858 5352 vel
3893 5305 3946 5350 ut

2245 5359 2456 5412 caeteris
2493 5360 2704 5413 bonum
2752 5366 3074 5434 exemplum
3104 5373 3537 5453 ostendamus,
3577 5359 3841 5446 Domino
3868 5393 3940 5446 di-

2245 5457 2400 5504 cente
2435 5468 2447 5506 :
2476 5455 2560 5507 Sic
2591 5455 2760 5508 luceat
2792 5457 2888 5510 lar
2915 5465 3092 5513 vestra
3135 5479 3330 5521 coram
3380 5473 3758 5547 hominibus,

2245 5545 2405 5597 deant
2433 5561 2592 5614 Opera
2619 5553 2789 5601 i‘estra
2826 5550 2984 5612 bona,
3014 5559 3064 5607 et
3093 5557 3420 5627 gloriﬁcent
3451 5571 3702 5632 putrem
3727 5545 3936 5633 liam”,

2243 5640 2339 5704 qui
2381 5641 2436 5691 in
2478 5642 2618 5693 cadis
2659 5647 2751 5694 est.
2783 5643 2847 5695 Et
2891 5643 3034 5699 illud
3064 5653 3338 5718 Apustoli
3373 5661 3390 5713 Ξ
3451 5667 3934 5727 ςοῃι-ριιεατέωι.ηε

2241 5736 2466 5784 restrain
2488 5735 2627 5786 inter
2655 5739 2831 5802 gentes
2853 5737 3104 5795 habentes
3127 5744 3360 5814 bonum,
3395 5763 3466 5811 ut
3501 5763 3568 5817 in
3602 5780 3668 5820 ρο
3700 5770 3845 5838 (μιαί
3871 5769 3944 5817 ,ξμ

597 5881 616 5906 λ
647 5871 722 5922 De
753 5874 902 5936 patre
934 5870 1135 5924 diaboli
1171 5871 1439 5924 videndus
1469 5876 1550 5924 est
1579 5872 1806 5927 Photius
1831 5873 1884 5928 in
1914 5868 2411 5946 Amphilochianis.

3994 5629 3998 5672 t
