4022 6404
161 343 252 405 εει
1369 352 1434 410 ΙΝ
1488 355 1632 410 CAP.
1675 354 1777 410 ΧΗ]

1879 354 1914 408 υ
1961 354 2290 410 ROMANUS.

3391 346 3496 404 8'22

157 457 387 540 tractant
409 453 477 512 de
500 457 655 514 vobis
678 461 941 529 tanquam
969 459 1036 516 de
1058 460 1516 528 malefactoribus,
1543 478 1610 517 ea:
1628 464 1774 518 bonis
1797 472 1856 546 Α
1874 461 2016 517 mola
2039 463 2286 516 asinaria
2310 463 2369 515 in
2396 461 2530 516 collo
2571 458 2702 530 eius,
2735 467 2785 518 et
2811 461 3156 532 demergatur
3176 462 3233 517 in
3256 464 3493 533 profun-

157 545 393 618 operibus
417 564 510 604 vos
529 551 947 616 considerantes,
975 555 1268 622 gloriﬁcent
1293 557 1577 609 Dominum
1603 557 1664 608 in
1690 555 1778 609 die

155 642 494 697 uisitationis.
537 642 815 700 Omnibus
844 645 1174 700 hominibus
1201 645 1351 714 dicit,
1381 646 1607 716 Iudaeis,
1637 648 1773 701 Bar-

158 732 302 788 baris
326 737 384 788 et
424 734 671 806 Scythis,
703 736 930 806 Graecis,
959 737 1195 807 Latinis,
1227 741 1285 793 et
1311 738 1574 794 omnibus
1597 740 1779 794 omni-

157 841 245 891 no,
285 825 503 881 bonum
541 829 872 898 exemplum
917 831 1210 886 ostendere
1250 830 1555 897 debemus;
1599 847 1780 888 coram

160 921 277 979 Deo,
302 923 368 973 ut
388 919 472 974 illi
494 920 860 992 placeamus;
890 938 1068 979 coram
1087 925 1405 987 hominibus,
1438 930 1502 979 ut
1528 941 1632 979 nos
1655 925 1778 979 imi-

161 1013 364 1066 tentur.

224 1104 279 1159 SI
301 1121 442 1161 Πειιι
469 1121 684 1176 Ροτεετ,
715 1125 858 1170 QUOD
883 1125 948 1163 EX
975 1124 1127 1164 VOBIS
1147 1125 1262 1177 EST,
1287 1127 1395 1166 CUM
1421 1127 1653 1167 OMNIBUS
1685 1127 1778 1166 ΕΟ-

163 1212 371 1252 umaus
404 1214 583 1253 manu
615 1216 907 1256 assumas.
934 1203 1218 1265 Quantum
1242 1202 1302 1256 in
1327 1203 1492 1258 nobis
1515 1207 1618 1272 est,
1646 1220 1778 1258 cum

159 1290 409 1345 omnibus
432 1291 770 1348 hominibus
795 1309 998 1364 pacem
1025 1293 1234 1348 habere
1279 1295 1568 1362 debemus,
1605 1301 1660 1350 et
1686 1297 1773 1351 di-

157 1398 274 1438 cere
316 1399 450 1438 cum
504 1385 846 1440 Psalmista:
889 1389 1019 1445 Cum
1061 1388 1143 1442 his
1188 1389 1286 1457 qui
1327 1389 1555 1444 oderunt
1586 1405 1776 1458 pacem

159 1491 296 1531 eram
335 1479 622 1546 paciﬁcus.
671 1479 775 1534 Sed
825 1479 946 1535 haec
989 1480 1239 1534 humana
1279 1480 1558 1551 fragilitas
1593 1481 1776 1536 dicere

158 1569 320 1625 solet:
353 1569 655 1634 Quomodo
679 1588 876 1642 pacem
918 1573 1124 1628 habere
1166 1589 1392 1643 possum
1423 1589 1552 1628 cum
1578 1589 1644 1628 eo
1676 1575 1777 1644 qui

159 1677 244 1717 me
288 1663 678 1734 persequitur,
717 1664 814 1736 qui
858 1664 1000 1720 mihi
1037 1681 1126 1720 res
1152 1682 1306 1720 meas
1355 1665 1594 1720 aufert?
1629 1667 1774 1722 Audi

160 1755 413 1810 eumdem
444 1757 770 1827 apostolum
797 1757 1078 1812 dicentem
1110 1775 1123 1812 :
1156 1759 1377 1813 Dilectio
1406 1761 1642 1828 proximi
1664 1777 1776 1814 ma-

1874 553 2003 608 dum
2016 557 2203 609 maris.
2233 553 2382 624 Ergo
2409 551 2490 608 illi
2518 553 2652 608 ultio
2679 554 3024 610 reservanda
3045 559 3148 621 est,
3167 554 3267 625 qui
3291 555 3372 610 ita
3395 569 3497 609 no-

1875 645 1953 699 vit
1975 645 2166 700 ulcisci
2194 644 2428 716 injurias
2458 651 2799 701 sanctorum.

1946 738 2047 793 Sen
2093 755 2142 794 sx
2185 755 2461 794 asumemr
2509 755 2748 795 nummos
2776 756 2934 806 ruus,
2983 756 3104 796 mea
3147 755 3327 795 ιιιωί.
3371 739 3492 794 Non

1875 829 2080 884 sufﬁcit
2113 830 2277 884 alicui
2310 832 2526 886 malum
2556 849 2660 902 pro
2695 833 2842 886 malo
2867 848 2984 886 non
3033 832 3292 900 reddere,
3321 831 3429 888 nisi
3459 847 3492 887 e

1875 922 2156 976 contrario
2203 939 2317 976 non
2349 923 2566 978 dederit
2590 925 2673 978 vel
2701 924 2962 979 tribuerit
2990 941 3058 978 ea
3081 940 3207 994 quae
3237 924 3489 994 indiget;

1874 1018 2109 1085 prapter
2129 1015 2266 1069 illud
2289 1031 2302 1068 :
2334 1017 2437 1082 Qui
2458 1017 2705 1071 habuerit
2729 1019 3085 1072 substantiam
3112 1017 3320 1078 mundi,
3349 1022 3399 1070 et
3416 1019 3493 1070 vi-

1875 1107 2017 1162 derit
2033 1109 2263 1174 fratrem
2290 1123 2446 1162 suum
2472 1125 2670 1164 necesse
2699 1111 2912 1171 habere,
2939 1115 2989 1164 et
3015 1110 3266 1164 clauserit
3291 1110 3496 1164 viscera

1873 1215 1973 1256 sua
2015 1201 2085 1254 ab
2127 1216 2204 1261 eo,
2250 1201 2508 1269 quomodo
2548 1203 2788 1256 Charitas
2819 1203 2916 1257 Dei
2961 1205 3142 1255 manet
3177 1204 3234 1255 in
3276 1218 3332 1256 eo
3355 1203 3383 1254 ?
3428 1201 3496 1255 Et

1876 1292 2191 1362 specialiter
2218 1292 2388 1346 verbo
2427 1293 2841 1363 praedicationis
2891 1293 3279 1364 unusquisque
3329 1298 3500 1364 prout

1874 1385 2020 1440 valet
2068 1385 2392 1455 proximum
2436 1385 2623 1439 cibare
2677 1385 2862 1440 debet.
2913 1387 3022 1439 Hoc
3072 1401 3201 1440 anui
3254 1401 3493 1450 racmss,

1877 1493 2148 1534 CARBONES
2171 1494 2312 1532 lGNlS
2338 1493 2610 1533 CONGERES
2638 1495 2803 1532 SUPER
2830 1495 2996 1532 CAPUT
3022 1494 3163 1532 ειυς.
3189 1477 3331 1532 Sunt
3356 1493 3496 1533 non-

1874 1569 2013 1624 nulli
2044 1569 2142 1640 qui
2165 1586 2232 1624 ea
2257 1569 2571 1624 intentione
2597 1569 2782 1624 cibant
2809 1569 3064 1624 inimicos
3090 1586 3238 1636 suos,
3280 1575 3345 1624 ut
3369 1586 3491 1624 car-

1874 1662 2049 1717 bones
2081 1661 2251 1732 ignis,
2278 1661 2384 1716 hoc
2411 1665 2494 1716 est
2517 1677 2728 1732 poenas,
2755 1661 2865 1716 illis
2890 1661 3174 1732 ingerant.
3205 1661 3310 1725 Qui
3337 1661 3493 1716 enim

1875 1754 2062 1809 taliter
2088 1753 2233 1808 cibat
2257 1754 2343 1808 vel
2373 1757 2532 1824 potat
2555 1753 2856 1808 inimicum
2882 1769 3071 1820 suum,
3104 1769 3219 1808 non
3245 1770 3379 1808 eum
3405 1753 3491 1809 di-

161 1849 263 1902 lum
281 1865 385 1904 non
413 1822 696 1918 operatur.
725 1845 1026 1919 Caeterum,
1059 1850 1105 1904 si
1129 1850 1257 1921 quis
1285 1822 1557 1920 paganus,
1585 1851 1631 1906 si
1650 1853 1778 1923 quis
1798 1822 1854 1894 B
1877 1847 2003 1917 ligit
2020 1847 2164 1900 sicut
2185 1863 2263 1900 se.
2291 1822 2399 1901 Sed
2426 1862 2541 1900 non
2567 1846 2754 1900 taliter
2783 1846 2968 1900 cibare
2992 1847 3078 1900 vel
3107 1850 3301 1916 potare
3331 1846 3496 1901 debe-

161 1941 566 2010 schismaticus,
601 1943 648 1996 si
691 1942 818 2012 quis
844 1943 1162 2011 haereticus,
1194 1943 1262 1997 de
1287 1943 1375 1996 via
1401 1943 1652 1998 veritatis
1677 1945 1776 1999 de-

161 2034 305 2088 viare
326 2035 466 2104 vult,
488 2051 692 2105 pacem
719 2052 849 2090 cum
878 2035 956 2090 eis
975 2036 1187 2091 habere
1214 2053 1329 2090 non
1357 2052 1653 2106 possumus
1676 2054 1780 2092 nec

162 2126 444 2182 debemus.
465 2127 578 2184 Sed
599 2128 800 2182 melius
817 2132 900 2182 est
919 2129 1246 2198 permittere
1261 2129 1588 2182 scandalum
1599 2130 1776 2199 nasci,

162 2235 326 2289 quam
373 2225 437 2274 ut
480 2220 688 2274 veritas
733 2221 938 2276 Christi
977 2221 1349 2292 relinquatur.
1394 2221 1672 2276 Caeterum
1719 2221 1779 2275 in

75 2299 96 2322 ⁸
163 2311 262 2364 illis
306 2317 575 2367 naturam
630 2312 892 2384 diligere,
928 2313 1129 2367 vitium
1153 2313 1312 2368 odire
1339 2314 1632 2368 debemus.
1663 2315 1778 2370 Non

163 2420 500 2459 vosun'nrsos
528 2409 924 2471 nerannexrns,
956 2421 1277 2473 CHARISSIMI,
1306 2405 1359 2459 id
1399 2410 1481 2459 est
1505 2406 1776 2460 ulciscen-

160 2502 257 2550 tes.
295 2497 493 2552 Nullus
539 2498 700 2552 enim
754 2502 1010 2552 nostrum
1060 2499 1424 2568 semetipsum
1478 2497 1780 2553 defendere

162 2588 334 2656 debet,
357 2595 600 2660 propter
624 2590 763 2644 illud
787 2607 799 2644 :
831 2593 891 2648 Si
915 2593 1036 2660 quis
1061 2597 1109 2645 te
1129 2593 1450 2659 percusserit
1475 2593 1535 2644 in
1557 2591 1782 2645 dextera

161 2683 400 2744 maxilla,
421 2683 611 2752 prabe
641 2684 690 2736 ei
711 2687 760 2737 et
779 2683 1030 2737 alteram.
1051 2684 1150 2737 Et:
1181 2683 1342 2738 Orate
1355 2698 1456 2751 pro
1467 2698 1782 2752 persequem-

1877 1956 2006 1994 mus
2030 1939 2322 1993 inimicum
2349 1944 2627 2006 nostrum,
2660 1938 2756 1992 sed
2788 1938 2973 2008 potius
3010 1942 3076 1992 ut
3099 1955 3231 1992 eum
3257 1954 3493 1992 conver-

1879 2031 2062 2081 tamus
2087 2027 2158 2081 ad
2188 2044 2307 2080 nos.
2344 2027 2414 2082 Ut
2439 2026 2683 2098 quiante
2714 2042 2816 2079 nos
2843 2042 3037 2080 exosos
3064 2026 3324 2095 habebat,
3352 2026 3494 2081 inci-

1879 2121 1996 2192 piat
2021 2121 2277 2190 diligere.
2303 2119 2409 2184 Qui
2435 2118 2627 2173 taliter
2647 2118 2829 2189 diligit
2857 2117 3156 2172 inimicum
3179 2135 3364 2185 suum,
3383 2135 3498 2172 car-

1878 2213 2058 2267 bones
2084 2212 2232 2282 ignis
2257 2211 2337 2265 illi
2375 2214 2645 2280 congeret
2669 2226 2839 2280 super
2865 2215 3054 2280 caput,
3091 2211 3197 2264 hoc
3227 2216 3313 2265 est
3341 2228 3494 2266 amo-

1880 2322 1998 2360 rem
2025 2304 2335 2358 charitatis.
2379 2303 2662 2357 Carbones
2695 2301 2849 2356 enim
2874 2303 3104 2370 mortui,
3136 2303 3182 2357 si
3214 2304 3334 2358 vivo
3361 2320 3494 2358 con-

1872 2397 2208 2468 jungantur,
2259 2397 2439 2450 solent
2484 2394 2737 2448 aecendi.
2779 2395 2864 2448 Sic
2895 2400 2952 2449 et
2995 2395 3042 2448 is
3071 2395 3169 2465 qui
3215 2401 3344 2450 ante
3398 2414 3500 2451 nos

1881 2506 2076 2545 exosos
2101 2487 2360 2554 habebat,
2389 2487 2434 2540 si
2461 2486 2667 2540 viderit
2693 2503 2750 2539 se
2778 2487 2939 2557 diligi
2962 2504 2993 2540 a
3019 2487 3198 2554 nobis,
3222 2487 3419 2559 incipit
3444 2495 3501 2543 et

1878 2582 1998 2652 ipse
2049 2581 2282 2650 diligere
2315 2596 2436 2633 nos.
2478 2579 2764 2648 Scriptum
2794 2579 2948 2632 enim
2975 2585 3059 2632 est
3088 2595 3101 2632 :
3152 2581 3282 2636 Cum
3318 2586 3498 2635 sancto

1878 2679 2090 2729 sanctus
2119 2675 2240 2726 eris.
2285 2670 2352 2725 Hi
2377 2674 2511 2724 sunt
2535 2670 2803 2724 carbones
2846 2671 2924 2726 de
2945 2671 3151 2740 quibus
3179 2671 3314 2726 dicit
3365 2690 3496 2742 pro-

164 2775 294 2827 tibus
336 2781 386 2829 et
431 2775 896 2830 calumniantibus
934 2791 1043 2830 vos.
1093 2775 1322 2828 Duobus
1352 2773 1563 2828 etenim
1592 2774 1780 2829 modis
1880 2766 2090 2836 pheta:
2123 2765 2299 2820 Habes
2342 2763 2592 2817 carbones
2619 2764 2780 2831 ignis:
2812 2764 2934 2816 εεάθ
2960 2765 3231 2833 superbos»
3260 2765 3319 2818 Ῑιί
3345 2770 3500 2819 erant

163 2882 334 2922 ιοευι
358 2883 461 2922 ωε
487 2867 629 2922 dare
649 2867 938 2934 debemus,
965 2867 1175 2922 scilicet
1193 2873 1289 2921 aut,
1313 2883 1426 2922 non
1446 2867 1779 2935 resistendo,
1883 2859 1984 2912 tibi
2006 2861 2064 2912 in
2089 2858 2442 2924 adjutorium.
2471 2856 2650 2926 Caput
2675 2870 2806 2908 vero
2835 2854 2974 2910 illud
2995 2855 3310 2926 intelligere
3337 2857 3503 2912 debe-

163 2963 254 3014 aut
280 2963 428 3015 certe
452 2960 755 3032 fugiendo.
805 2961 1017 3014 Locum
1043 2959 1142 3013 iras
1185 2959 1317 3014 dare
1348 2959 1619 3014 debemus
1665 2976 1783 3014 non
1880 2967 2028 3018 ῐηυε,
2060 2950 2128 3004 de
2157 2965 2270 3020 quo
2295 2947 2565 3002 Dominus
2591 2948 2650 3002 in
2699 2947 3040 3018 Ενίωεθϋοε
3088 2951 3280 3004 Lava“!
3319 2953 3501 3018 οαΡίεα

165 3052 483 3119 resistendo,
506 3069 627 3108 non
648 3052 1115 3120 remaledicendo,
1132 3068 1245 3106 non
1263 3053 1651 3123 repugnando,
1669 3069 1784 3107 non
1880 3049 2080 3105 eest-ra,
2107 3044 2360 3112 quoniam
2381 3041 2839 3112 appropinquabit
2865 3041 3156 3111 redemptio
3175 3048 3350 3096 vestra
3369 3043 3500 3097 Nom

165 3141 502 3212 reluctando,
511 3142 681 3212 juxta
705 3141 1002 3212 preefatum
1023 3139 1432 3195 testimonium.
1451 3141 1658 3194 Locum
1683 3141 1782 3195 irae
1803 3173 1857 3248 Ο
1882 3151 2022 3189 VINCI
2049 3151 2084 3188 Δ
2124 3150 2284 3202 uALo,
2324 3150 2418 3187 suo
2444 3149 2601 3188 vmce
2631 3149 2681 3186 IN
2708 3148 2850 3188 ΒοΝο
2890 3149 3095 3189 ustum.
3140 3136 3269 3191 Noli
3297 3137 3441 3189 vinci
3465 3153 3500 3190 a

171 3227 286 3248 3-“-
327 3230 588 3248 J,I,,,,,,,-
638 3228 901 3248 οηι·-ᾼ.ἱ-
958 3229 1093 3248 _S,__L
1124 3227 1749 3248 -41..--n-_-2___-l'._!1
1884 3229 2018 3248 _-_._l_
2077 3227 2127 3248 ΞΔ
2169 3231 2242 3248 --Δ
2274 3226 2333 3248 Δ⁴Ι.
2385 3242 2440 3248 --
2485 3226 2573 3248 ..ηέ
2605 3231 2655 3248 ι-
2688 3225 3046 3248 _-__-_-_2L--_
3077 3231 3124 3248 -L
3166 3228 3275 3248 ΑΔΞι
3311 3245 3320 3248 -
3381 3230 3415 3248 κε
3449 3234 3491 3248 1,

165 3227 292 3284 dare
317 3230 592 3284 debemus
635 3228 931 3299 fugiendo,
952 3229 1097 3282 sicut
1117 3233 1173 3283 et
1196 3227 1314 3298 ipse
1337 3228 1605 3282 Dominus
1623 3229 1779 3298 fecit,
1805 3225 1857 3248 ν
1880 3229 2042 3290 malo,
2075 3227 2132 3281 id
2163 3231 2247 3281 est
2269 3226 2340 3280 ab
2380 3242 2446 3281 eo
2479 3226 2578 3296 qui
2605 3231 2658 3279 te
2688 3225 3048 3296 persequitur
3072 3231 3128 3281 et
3159 3228 3279 3283 odit
3308 3245 3322 3282 :
3374 3230 3421 3284 si
3446 3234 3500 3285 te

163 3321 255 3392 qui
282 3322 560 3393 fugiendo
591 3338 661 3376 ex
691 3324 930 3393 Egypto
975 3321 1260 3375 declinare
1302 3321 1502 3375 voluit.
1548 3322 1615 3375 Et
1649 3321 1782 3374 alibi
1880 3320 2123 3374 similem
2147 3318 2250 3372 sibi
2279 3318 2492 3385 fecerit,
2514 3318 2690 3372 victus
2721 3334 2778 3372 es
2803 3318 2874 3371 ab
2904 3335 2990 3372 eo.
3019 3320 3123 3375 Sed
3140 3316 3296 3376 'vince
3322 3325 3378 3376 in
3403 3324 3492 3377 bo-

165 3430 288 3469 cum
303 3415 554 3486 lapidare
567 3431 700 3469 eum
713 3415 937 3482 vellent,
954 3413 1246 3468 abscondit
1260 3431 1316 3468 se
1333 3414 1518 3480 abeis,
1534 3413 1780 3484 quando,
1879 3429 1947 3468 no
1973 3412 2195 3472 malum,
2238 3411 2294 3466 id
2320 3415 2404 3464 est
2427 3411 2487 3464 in
2515 3409 2787 3480 patientia
2829 3409 2986 3464 vince
3029 3411 3151 3480 ejus
3191 3413 3486 3470 malitiam.

167 3506 302 3562 sicut
337 3507 480 3562 dicit
521 3507 912 3578 Evangelium,
946 3507 1184 3560 tulerunt
1212 3507 1418 3576 lapides
1466 3511 1526 3560 ut
1542 3507 1784 3574 jacerent
1880 3505 2089 3559 Aliter:
2121 3504 2248 3561 Noli
2270 3505 2416 3557 vinci
2441 3519 2475 3556 a
2498 3503 2662 3564 malo,
2685 3502 2742 3556 id
2769 3505 2853 3557 est
2874 3519 2907 3556 a
2934 3502 3171 3571 diabolo,
3203 3505 3273 3558 de
3300 3523 3410 3576 quo
3438 3507 3496 3562 in

166 3602 221 3652 in
265 3615 402 3664 eum,
429 3603 584 3655 Iesus
612 3605 793 3654 autem
813 3601 1086 3654 abscondit
1113 3615 1167 3654 se
1191 3603 1242 3653 et
1273 3601 1440 3653 exivit
1463 3599 1528 3652 de
1567 3600 1780 3668 templo.
1881 3597 2184 3669 Evangelio
2211 3596 2484 3666 scriptum
2506 3600 2607 3662 est,
2635 3595 2785 3665 quod
2811 3597 2987 3650 malus
3010 3597 3159 3652 homo
3183 3602 3496 3667 super-semi-

167 3687 230 3740 Et
251 3688 318 3742 de
361 3705 428 3744 eo
459 3689 735 3758 scriptum
763 3693 846 3742 est
887 3688 1019 3759 quia
1043 3691 1200 3758 coepit
1234 3690 1382 3742 Jesus
1404 3689 1584 3754 facere
1609 3692 1659 3741 et
1685 3687 1782 3741 do-
1881 3693 2033 3745 navit
2057 3692 2320 3744 zizaniam
2345 3691 2402 3742 in
2424 3689 2595 3742 medio
2617 3690 2786 3742 tritici
2807 3693 2858 3742 et
2878 3689 3034 3743 abiit.
3063 3689 3131 3742 Et
3177 3689 3312 3744 illud
3345 3707 3358 3745 :
3387 3693 3499 3747 Aut

167 3795 291 3836 cere.
335 3782 529 3836 Melius
568 3786 653 3836 est
686 3780 838 3834 enim
880 3780 1150 3851 fugiendo
1198 3781 1384 3834 locum
1429 3779 1583 3845 dare,
1611 3795 1784 3850 quam
1881 3785 2046 3850 facite
2073 3783 2315 3837 arborem
2340 3782 2544 3835 malum
2569 3785 2619 3834 et
2643 3782 2852 3848 fructus
2879 3781 2994 3848 ejus
3019 3783 3223 3848 malos;
3278 3799 3389 3854 quo
3418 3784 3501 3838 in-

168 3875 398 3942 superbe
437 3873 725 3928 manendo
750 3873 994 3928 residere
1029 3872 1146 3944 [pro
1173 3872 1472 3944 resistere].
1502 3873 1630 3928 MIHI
1658 3888 1781 3925 vm-
1884 3875 2153 3946 telligitur
2180 3873 2430 3928 diabolus
2459 3878 2514 3928 et
2539 3873 2687 3926 mala
2713 3873 2832 3943 ejus
2859 3890 3048 3945 opera.
3099 3876 3284 3930 Bonus
3309 3880 3500 3932 autem

167 3980 372 4036 DICTAII,
424 3983 529 4021 EGO
560 3982 884 4034 RETBIBL'AM,
931 3981 1066 4018 DICIT
1105 3966 1370 4020 DOMIst.
1417 3965 1505 4020 Sic
1553 3980 1608 4018 se
1651 3963 1786 4018 diCit
1885 3967 2345 4039 Christus:unde
2369 3967 2573 4021 dicitur
2598 3983 2611 4020 :
2637 3968 2747 4022 Aut
2770 3968 2936 4033 facile
2963 3967 3205 4022 arborem
3234 3969 3424 4024 bonam
3451 3977 3502 4026 et

167 4057 437 4114 Dominus
484 4058 755 4129 injuriam
795 4063 1118 4113 sanctorum
1169 4057 1581 4112 vindicaturum
1625 4055 1784 4128 quasi
1880 4065 2089 4130 fructus
2132 4060 2242 4129 ejus
2292 4061 2467 4114 bonos.
2501 4060 2576 4112 De
2606 4075 2718 4131 quo
2747 4059 2807 4113 in
2856 4061 3070 4130 psalmo
3100 4077 3136 4114 :-
3159 4064 3298 4117 Mihi
3323 4069 3501 4119 autem

167 4167 343 4206 suam.
373 4153 441 4206 Et
464 4151 595 4206 ideo
625 4151 812 4206 nullus
831 4154 1089 4205 nostrum
1105 4149 1352 4221 seipsum
1379 4149 1660 4204 vindicare
1689 4149 1783 4205 de-
1883 4155 2156 4209 adimere
2198 4157 2301 4208 Deo
2348 4153 2538 4207 bonum
2576 4157 2674 4206 est.
2702 4156 2765 4208 In
2810 4153 2940 4208 bono
2990 4156 3140 4208 vince
3168 4155 3390 4223 malum,
3443 4158 3502 4212 in

166 4242 276 4312 bet,
306 4245 439 4316 quia
483 4243 762 4298 habemus
790 4243 1036 4298 ultorem
1060 4244 1236 4298 Deum
1265 4243 1360 4314 qui
1387 4248 1606 4298 nostras
1633 4242 1780 4313 inju-
1883 4247 2100 4303 Christo
2127 4246 2436 4300 diabolum.
2479 4248 2590 4300 Aut
2615 4249 2765 4300 certe
2791 4247 2904 4301 noli
2921 4249 3074 4306 vinci,
3091 4265 3125 4301 a
3150 4249 3313 4312 malo,
3340 4249 3396 4303 id
3419 4255 3503 4305 est

167 4335 272 4389 rias
299 4337 463 4408 quasi
501 4353 632 4390 suas
657 4335 1036 4390 vindicaturus
1057 4341 1157 4390 est.
1189 4336 1294 4400 Qui
1324 4353 1426 4406 per
1450 4336 1785 4408 pr0phetam
1889 4356 1924 4394 a
1946 4343 2191 4412 peccato,
2221 4338 2291 4392 ab
2311 4354 2481 4410 opere
2509 4338 2709 4392 carnis.
2737 4339 2842 4395 Sed
2863 4341 3010 4394 vince
3035 4342 3091 4394 in
3121 4341 3251 4396 bono
3277 4343 3501 4406 malum,

168 4427 296 4483 dicit
325 4448 339 4484 :
370 4431 477 4497 Qui
507 4431 683 4496 tangit
706 4445 817 4490 vos,
844 4431 1006 4499 quasi
1025 4430 1121 4498 qui
1149 4431 1327 4498 tangit
1349 4430 1621 4499 pupillam
1649 4429 1786 4483 oculi
1885 4433 1941 4486 id
1968 4435 2052 4485 est
2069 4431 2128 4485 in
2152 4431 2337 4486 fructu
2355 4430 2604 4501 spiritus.
2627 4432 2703 4485 De
2728 4447 2840 4501 quo
2859 4431 3010 4485 idem
3026 4432 3311 4502 apostolus
3332 4433 3499 4488 dicit:

168 4525 286 4576 mei.
319 4523 387 4577 Et
416 4523 478 4577 in
509 4521 810 4592 Evangelio
839 4537 853 4575 :
905 4523 1009 4589 Qui
1049 4522 1503 4577 scandalizaverit
1527 4538 1692 4576 unum
1719 4537 1786 4576 ea:
1811 4551 1818 4558 -
1885 4528 2106 4581 Fructus
2127 4527 2307 4578 autem
2325 4525 2550 4593 spiritus
2567 4527 2663 4578 est.
2693 4525 2851 4579 Vince
2877 4525 3100 4588 malum,
3122 4523 3179 4579 id
3205 4529 3289 4580 est
3311 4542 3504 4598 pecca-

170 4614 246 4670 his
264 4616 508 4688 pusillis,
537 4617 635 4687 qui
655 4618 713 4670 in
739 4631 820 4672 me
847 4615 1090 4679 credunt,
1117 4620 1320 4686 oportet
1346 4621 1406 4671 ut
1429 4615 1788 4688 suspendatur
1886 4617 2030 4681 tum,
2063 4611 2449 4668 mortiﬁcando
2479 4626 2652 4682 opera
2680 4610 2881 4666 carnis.

1748 4941 1945 5065 VI.

172 5135 384 5203 Lectio
414 5139 717 5224 Epistolas
739 5140 911 5204 beati
927 5139 1108 5205 Pauli
1139 5139 1415 5222 apostoli
1436 5140 1878 5224 adRomanos
1903 5140 2156 5224 (xui,_8)
2187 5140 2520 5224 :_Fratres,
2545 5137 3170 5222 neminiquidquam
3200 5138 3505 5219 debeatis,

451 5221 487 5292 ,⁷
1187 5221 1201 5222 ί
1407 5222 1539 5283 nisi
1560 5229 1636 5284 ut
1663 5221 1936 5285 invicem
1965 5221 2280 5302 diligatis.

1271 5355 1794 5411 COMMENTUM
1860 5354 2408 5411 LUCULENTII.

243 5462 510 5533 Superius
534 5463 906 5518 admonuerat
919 5461 1509 5533 ApostolusRomanos
1529 5462 1789 5517 omnibus
1809 5477 1868 5548 D
1891 5479 2110 5520 LIGATIS.
2141 5464 2253 5518 Hoc
2279 5461 2464 5533 ipsum
2497 5464 2554 5515 et
2583 5460 2856 5515 Dominus
2884 5447 3067 5514 facere
3097 5461 3356 5532 prwcipit
3380 5479 3511 5517 cum

175 5552 426 5610 debitum
444 5554 1517 5627 persolvere,dicens:Redditeomnibus
1529 5556 1787 5620 debitum,
1891 5557 2026 5612 dicit
2053 5573 2067 5611 :
2099 5557 2321 5612 Reddite
2349 5571 2467 5626 qua
2488 5559 2613 5610 sunt
2643 5556 2866 5612 Cesaris
2896 5555 3114 5616 Casari,
3150 5558 3202 5608 et
3237 5570 3359 5624 qua
3391 5560 3519 5610 sunt

177 5649 262 5702 cui
299 5649 561 5703 tributum
590 5648 872 5709 tributum,
899 5651 988 5703 cui
1026 5649 1274 5704 honorem
1301 5649 1566 5710 honorem,
1598 5651 1685 5703 cui
1716 5651 1788 5704 ti-
1891 5651 1986 5704 Dei
2015 5653 2136 5705 Deo.
2187 5651 2279 5704 Est
2307 5648 2462 5704 enim
2487 5647 2740 5702 debitum
2769 5645 2919 5718 quod
2949 5645 3028 5700 ita
3063 5647 3378 5717 persolvere
3409 5647 3510 5700 de-

177 5756 372 5796 morem
387 5744 648 5802 timorem,
669 5742 760 5795 cui
776 5742 1433 5811 vectigalvectigal;nunc
1448 5741 1725 5796 subinfert
1737 5747 1794 5796 et
1889 5741 2091 5798 bemus
2123 5759 2136 5797 :
2166 5741 2221 5797 id
2251 5746 2334 5797 est
2358 5742 2405 5796 si
2433 5741 2636 5812 aliquis
2665 5757 2766 5795 nos
2794 5739 2936 5793 laesit
2961 5739 3048 5794 vel
3073 5738 3375 5810 injuriatus
3403 5743 3507 5805 est,

181 5831 343 5890 dicit:
376 5836 578 5890 Nisum!
625 5849 900 5898 omnem!
929 5851 1195 5902 DEBEATIS,
1231 5851 1330 5892 ms:
1365 5850 1430 5890 UT
1458 5849 1679 5892 INVICEII
1708 5851 1791 5892 m-
1895 5835 2001 5892 hoc
2015 5835 2266 5892 debitum
2291 5834 2629 5910 persolvere,
2653 5837 2716 5888 ut
2734 5833 2884 5888 ultra
2907 5831 3121 5888 malum
3146 5847 3248 5905 pro
3264 5829 3367 5884 hoc
3393 5846 3508 5892 non
