4022 6424
519 361 620 428 823

1998 361 2393 448 LucULENTu

3830 339 3945 404 824

513 471 972 548 respondeamus.
1001 471 1068 529 Ut
1119 469 1294 527 libere
1323 470 1629 528 audeamus
1668 471 1851 527 dicere
1904 472 1963 528 in
2005 490 2122 528 ora-
2143 486 2202 557 Α
2223 474 2378 528 dunt.
2411 472 2528 526 Non
2555 485 2762 526 rusum
2791 481 3159 524 resriuomcu
3193 477 3391 520 DICES:
3428 452 3728 517 similiter
3757 453 3947 512 intel-

514 571 668 626 tione
687 569 1004 622 Dominica:
1024 569 1236 620 Dimitte
1264 567 1415 620 nobis
1443 567 1623 620 debita
1648 571 1853 627 nostra,
1877 569 2013 620 sicut
2033 583 2132 622 nos

513 664 830 717 dimittimus
875 659 1202 712 debitoribus
1250 661 1466 712 nostris.
1495 659 1653 721 Quod
1679 659 1770 712 ille
1803 674 1994 712 servus
2037 660 2123 712 fa—

515 769 639 808 cere
664 753 862 820 noluit,
892 751 980 804 cui
1007 769 1040 802 a
1077 751 1304 804 domino
1329 751 1556 803 dimissa
1595 755 1725 804 sunt
1765 750 1958 804 decem
2008 752 2127 806 mil-

511 845 588 902 lia
611 846 838 913 talenta,
869 849 923 897 et
953 844 1074 912 ipse
1103 859 1371 896 conservo
1399 846 1628 896 centum
1666 841 1924 895 denarios
1951 844 2133 898 noluit

514 937 818 992 dimittere.
868 939 960 990 Est
1008 936 1160 989 aliud
1213 935 1492 1003 debitum,
1543 935 1752 988 scilicet
1805 940 2128 1005 peccatum,

512 1031 666 1101 quod
693 1031 772 1082 ita
801 1030 1114 1100 persolvere
1145 1027 1436 1092 debemus,
1469 1042 1528 1080 ut
1564 1028 1712 1081 ultra
1757 1028 1827 1080 ad
1850 1027 1989 1081 illud
2018 1045 2131 1082 non

515 1123 829 1178 redeamus.
887 1123 959 1174 De
995 1137 1104 1190 quo
1133 1120 1244 1172 alio
1271 1120 1392 1172 loco
1446 1120 1596 1173 idem
1628 1119 1914 1190 apostolus
1947 1119 2084 1174 dicit
2114 1137 2127 1173 :

514 1216 788 1269 Debitores
814 1229 997 1267 smnus
1022 1229 1126 1266 non
1151 1215 1322 1271 carni,
1346 1218 1403 1265 ut
1423 1213 1716 1266 secundum
1747 1229 1960 1266 carnem
1986 1216 2132 1266 viva-

517 1323 655 1362 mus.
703 1308 769 1360 Et
799 1310 882 1358 est
907 1306 1179 1372 debitum,
1211 1305 1359 1375 quod
1386 1304 1462 1357 ita
1507 1305 1719 1358 solvere
1754 1305 2040 1372 debemus,
2070 1311 2131 1359 ut

519 1415 745 1468 semper
766 1404 1056 1452 teneamus
1083 1416 1099 1466 ;
1134 1399 1211 1450 ita
1240 1403 1450 1464 tenere,
1482 1401 1547 1450 ut
1568 1397 1848 1448 solvamus
1874 1413 2124 1466 semper:

520 1492 732 1546 scilicet
758 1491 1015 1556 Charitas,
1039 1506 1210 1560 quam
1241 1505 1464 1558 semper
1491 1488 1701 1540 solvere
1729 1493 1784 1541 et
1807 1505 2028 1558 semper
2055 1492 2132 1542 te-

512 1599 650 1639 nere
681 1583 968 1636 debemus.
1011 1584 1120 1635 Hoc
1152 1587 1232 1634 est
1251 1581 1400 1650 quod
1427 1580 1579 1645 dicit,
1609 1581 1810 1633 nemini
1835 1581 2130 1648 quidquam

516 1677 775 1737 debeatis,
803 1677 908 1728 nisi
937 1680 994 1727 ut
1025 1676 1245 1727 invicem
1275 1673 1538 1740 diligatis.
1586 1673 1722 1734 Quia
1762 1689 2052 1742 nunquam
2097 1689 2128 1724 a

515 1769 810 1823 dilectione
839 1767 1078 1836 proximi
1105 1781 1318 1819 cessare
1341 1765 1628 1829 debemus,
1651 1765 1860 1818 scilicet
1885 1767 2130 1818 esurien-

2231 567 2526 636 ligendum
2567 569 2668 632 est,
2697 563 2830 633 quia
2859 561 2958 632 qui
2999 561 3243 615 fratrem
3283 557 3486 627 diligit
3516 555 3678 609 sicut
3711 555 3943 606 semet-

2233 658 2434 727 ipsum,
2455 661 2650 710 contra
2669 673 2800 710 eum
2817 655 3026 708 falsum
3053 651 3461 707 testimonium
3482 647 3780 718 proferre
3809 659 3933 697 non

2229 753 2412 820 potest
2441 767 2457 817 ;
2486 751 2720 819 prOpter
2761 747 2899 800 illud
2925 745 3077 816 quod
3107 745 3394 814 scriptum
3419 745 3512 796 est
3537 757 3553 796 :
3586 739 3814 794 Falsus
3841 741 3922 790 te-

2231 845 2327 895 stis
2356 858 2463 896 non
2491 844 2592 896 erit
2614 843 2935 910 impunitus.
2969 839 3123 892 Sicut
3161 853 3269 890 nec
3311 835 3397 889 illi
3431 835 3554 888 duo
3583 847 3776 886 senes
3811 829 3938 883 fue-

2231 939 2382 1002 runt,
2414 934 2513 1004 qui
2539 937 2732 990 contra
2753 933 3072 986 Susannam
3097 929 3308 983 falsum
3331 927 3627 981 dixerunt
3652 922 3940 978 testimo-

2214 1027 2412 1080 nium.
2447 1028 2513 1079 Et
2537 1025 2596 1078 in
2623 1025 2880 1096 passione
2913 1021 3133 1076 Domini
3153 1026 3208 1075 et
3239 1022 3302 1075 in
3324 1019 3492 1074 beati
3510 1016 3830 1088 Stephani
3860 1015 3938 1068 le-

2233 1119 2417 1188 gimus
2446 1119 2609 1171 falsos
2638 1123 2803 1171 testes
2832 1117 3097 1181 adfuisse,
3133 1129 3391 1184 quorum
3420 1112 3630 1166 nullus
3657 1109 3937 1181 impuni-

2230 1216 2320 1264 tus
2348 1226 2466 1264 esse
2491 1210 2693 1280 potuit.

2299 1303 2414 1355 Non
2443 1318 2786 1357 concurrscss
2805 1317 2910 1354 aeu
2930 1316 3148 1354 Paoxmn
3175 1315 3287 1354 TUI.
3318 1298 3484 1353 Sicut
3519 1295 3818 1368 superius
3851 1295 3939 1348 di-

2230 1394 2430 1460 ximus,
2449 1395 2530 1448 ita
2560 1394 2994 1464 intelligendum
3019 1397 3122 1447 est.
3147 1392 3256 1447 Sed
3283 1395 3373 1446 est
3396 1391 3554 1444 alter
3576 1389 3933 1459 proximus,

2227 1486 2481 1540 videlicet
2533 1485 2802 1538 Dominus
2851 1487 3011 1540 Jesus
3061 1485 3346 1552 Christus,
3404 1482 3514 1552 qui
3562 1497 3714 1534 cum
3769 1487 3932 1534 esset

2232 1579 2373 1632 Deus
2403 1583 2609 1644 noster,
2643 1578 2934 1648 proximus
2965 1577 3091 1630 ﬁeri
3121 1577 3394 1646 dignatus
3449 1579 3564 1642 est,
3602 1574 3769 1627 sicut
3803 1573 3932 1642 ipse

2229 1672 2286 1724 in
2311 1671 2570 1740 parabole
2597 1670 2841 1723 hominis
2871 1670 2970 1740 qui
2999 1668 3394 1722 descendebat
3426 1683 3461 1720 a
3492 1667 3850 1720 Jerusalem
3871 1666 3932 1718 in

2227 1763 2464 1827 Jericho,
2496 1767 2550 1815 et
2568 1763 2762 1816 incidit
2782 1763 2840 1815 in
2869 1763 3140 1829 latrones,
3174 1761 3334 1814 dicit.
3364 1763 3518 1814 Cum
3549 1759 3724 1813 enim
3750 1759 3934 1812 dixis-

512 1861 557 1913 ti
601 1861 811 1927 cibum,
843 1858 1053 1912 sitienti
1100 1863 1320 1928 potum,
1363 1857 1574 1927 algenti
1623 1857 2043 1924 vestimentum,
2077 1837 2205 1910 etB
2231 1844 2311 1908 set
2351 1857 2501 1925 quod
2530 1855 2784 1909 sacerdos
2821 1859 2878 1908 et
2901 1855 3086 1922 levita,
3118 1853 3235 1906 viso
3277 1853 3482 1907 saucio
3537 1853 3928 1922 pertransis-

514 1959 717 2006 caetera
744 1968 871 2022 qua:
911 1951 1162 2020 indigere
1190 1949 1460 2015 videmus,
1491 1949 1876 2016 exhibeamus,
1911 1954 1966 2002 et
1993 1966 2132 2002 sem-

511 2061 616 2114 per
656 2046 834 2098 Deum
859 2048 974 2096 toto
1001 2043 1165 2094 corde
1195 2042 1450 2110 diligere,
1478 2041 1799 2110 proximum
1826 2041 1971 2094 sicut
1999 2059 2127 2095 nos-

512 2137 806 2206 metipsos.
836 2137 901 2188 Et
927 2135 1032 2188 hoc
1076 2134 1478 2200 indeﬁcienter,
1529 2137 1761 2202 prepter
1802 2133 1981 2187 illud:
2033 2135 2133 2198 Qui

508 2230 932 2298 perseveraverit
985 2242 1148 2294 usque
1182 2229 1236 2278 in
1278 2229 1454 2292 ﬁnem,
1485 2227 1566 2276 hic
1608 2227 1788 2278 salvus
1820 2228 1936 2278 erit.
1994 2226 2130 2279 Hinc

514 2320 665 2374 idem
715 2320 1002 2388 apostolus
1052 2319 1183 2371 dicit
1217 2334 1229 2370 :
1265 2319 1418 2372 Alter
1449 2318 1671 2370 alterius
1703 2333 1864 2370 onera
1895 2323 2125 2385 portate.

519 2415 584 2467 Et
639 2413 909 2464 Dominus
959 2411 1076 2480 ipse
1110 2427 1122 2464 :
1179 2411 1498 2464 Mandatum
1531 2425 1723 2462 novum
1763 2410 1829 2462 do
1871 2410 2040 2470 vobis,
2071 2416 2131 2464 ut

514 2507 756 2571 diligatis
801 2507 1041 2557 invicem.
1071 2503 1172 2566 QUI
1215 2519 1341 2556 eum
1382 2518 1576 2573 DlLl-GIT
1613 2517 1909 2568 PROXIMUM,
1957 2518 2126 2556 LEGEM

517 2614 786 2652 IMPLEVIT.

586 2689 816 2742 Dilectio
844 2693 898 2741 et
924 2688 980 2740 in
1008 2686 1189 2740 Veteri
1218 2687 1568 2739 Testamento
1599 2690 1653 2738 et
1690 2685 1748 2738 in
1785 2687 1933 2739 Novo
1981 2686 2125 2740 obti-

511 2787 609 2836 net
635 2781 1032 2851 principatum.
1067 2781 1128 2832 ln
1155 2779 1336 2832 Veteri
1366 2777 1636 2830 habemus
1663 2778 1934 2846 scriptum
1957 2796 1970 2832 :
2000 2780 2129 2832 Dili-

509 2891 598 2941 ges
636 2876 916 2927 Dominum
966 2875 1127 2924 Deum
1162 2876 1312 2928 tuum
1341 2887 1408 2922 ea;
1433 2875 1537 2922 toto
1583 2870 1736 2923 corde
1783 2875 1892 2931 tuo,
1925 2887 1990 2924 ea:
2020 2877 2127 2924 tota

510 2969 696 3020 anima.
723 2971 836 3025 tua,
857 2969 904 3016 et
918 2967 1226 3032 proximum
1249 2969 1397 3014 tuum
1425 2965 1560 3014 sicut
1588 2967 1634 3014 te
1665 2964 1858 3030 ipsum.
1891 2964 1948 3014 ln
1978 2964 2128 3016 Novo

511 3059 782 3112 Dominus
816 3056 1166 3125 recapitulat,
1199 3071 1330 3107 cum
1356 3055 1494 3122 legis
1526 3054 1704 3122 perito
1733 3054 2124 3124 interroganti,

513 3151 664 3221 quod
695 3153 836 3202 esset
867 3147 1177 3200 maximum
1219 3147 1471 3198 onmium
1505 3151 1558 3198 et
1588 3147 1838 3214 primum
1893 3149 2123 3200 manda-

511 3249 655 3307 tum,
687 3241 955 3294 Dominus
984 3240 1096 3292 ait:
1148 3241 1345 3304 Diliges
1373 3242 1654 3292 Dominum
1681 3243 1844 3292 Deum
1880 3245 2025 3293 tuum
2064 3257 2129 3294 ea:

513 3341 618 3389 toto
649 3335 804 3388 corde
834 3339 942 3394 tuo,
985 3338 1031 3385 et
1059 3349 1123 3385 er
1144 3337 1252 3385 tota
1281 3334 1462 3384 anima
1505 3333 1616 3392 tua}
1648 3337 1696 3384 et
1723 3349 1786 3384 ea'
1829 3338 1936 3386 tota
1962 3339 2128 3386 mente

513 3434 628 3481 tua.
665 3431 773 3482 Hoc
805 3432 881 3478 est
906 3429 1202 3478 munit/ium
1230 3430 1278 3477 et
1302 3427 1539 3492 primum
1567 3425 1904 3478 mandatum.
1936 3427 2128 3479 Secun-

512 3523 641 3574 dum
679 3525 856 3572 autem
883 3519 1056 3571 simile
1084 3523 1158 3570 est
1189 3519 1312 3569 huic
1345 3535 1360 3569 :
1408 3517 1599 3584 diliges
1634 3521 1936 3585 prom'mum
1979 3523 2128 3570 tuum

509 3617 646 3666 sicut
678 3618 724 3666 te
777 3616 972 3681 ipsum.
1006 3610 1330 3664 Proximum
1369 3610 1475 3662 hoc
1509 3610 1566 3661 in
1597 3611 1714 3662 loco
1747 3628 1860 3662 non
1891 3628 2125 3663 consan-

514 3707 783 3776 guineum
817 3709 1031 3757 tantum
1065 3703 1378 3771 intelligere
1421 3701 1708 3770 debemus,
1761 3703 1857 3755 sed
1903 3720 2126 3756 omnem

510 3798 820 3852 hominem.
847 3798 902 3850 Si
932 3796 1254 3866 proximum
1287 3795 1773 3862 consanguineum
1793 3798 2013 3848 tantum
2043 3798 2124 3848 vel

507 3888 1222 3960 proliinquumintelligere
1253 3885 1514 3950 volueris,
1545 3886 1764 3938 videtur
1787 3887 1882 3938 tibi
1911 3887 2026 3940 dari
2055 3888 2122 3940 li-

508 3983 687 4035 centia
717 3985 775 4033 ut
790 3981 924 4032 alios
954 3977 1440 4047 odiisinsequaris,
1468 3993 1594 4030 cum
1622 3978 1732 4030 tuis
1761 3983 1975 4031 tantum
2001 3981 2125 4032 cha-

507 4075 732 4128 ritatem
752 4065 966 4125 tenere.
997 4071 1108 4124 Sed
1137 4070 1335 4122 melius
1357 4074 1438 4122 est
1462 4070 1873 4138 utproximum,
1897 4088 2123 4125 omnem

507 4165 798 4233 hominem
829 4164 1147 4231 intelligas:
1179 4178 1348 4231 quem
1375 4162 1470 4231 qui
1513 4162 1653 4214 sicut
1695 4179 1751 4216 se
1780 4163 1982 4231 diligit,
2015 4164 2120 4218 im-

509 4258 628 4327 plet
653 4257 834 4325 legem
858 4255 1084 4320 Christi,
1105 4254 1200 4323 qui
1228 4253 1359 4306 dicit
1382 4272 1394 4306 :
1421 4257 1479 4308 In
1502 4255 1595 4306 hoc
1621 4260 1933 4322 cognoscent
1948 4273 2122 4310 omnes

509 4351 635 4416 quia
665 4351 764 4401 mei
789 4350 912 4401 estis
943 4349 1216 4416 discipuli.
1251 4349 1299 4398 si
1337 4347 1670 4400 dilectionem
1716 4348 2009 4402 habueritis
2035 4352 2118 4401 in-

505 4445 684 4496 vicem.
714 4443 776 4494 Et
807 4441 910 4493 hoc
939 4439 1267 4492 mandatum
1297 4438 1569 4491 habemus
1596 4456 1628 4491 a
1659 4439 1794 4505 Deo,
1819 4445 1882 4492 ut
1905 4441 2001 4509 qui
2032 4441 2118 4493 di-

2231 1951 2372 2013 sent,
2421 1953 2475 2002 et
2521 1948 2737 2001 miserti
2787 1963 2903 2000 non
2947 1952 3100 2010 sunt,
3155 1946 3574 1999 Samaritanus
3618 1945 3932 1998 transiens

2231 2041 2488 2094 misertus
2512 2045 2594 2093 est
2625 2059 2638 2094 :
2672 2041 2858 2092 statim
2888 2039 3192 2092 subintulit
3221 2055 3235 2092 :
3286 2041 3422 2104 Quis
3469 2040 3684 2092 horum
3748 2042 3929 2091 trium

2227 2134 2439 2186 videtur
2488 2133 2586 2185 tibi
2609 2135 2890 2202 promimus
2933 2135 3105 2198 fuisse
3135 2133 3223 2184 illi
3253 2134 3354 2200 qui
3396 2132 3613 2184 incidit
3643 2134 3715 2184 in
3752 2132 3930 2184 latro—

2229 2241 2317 2277 nes
2344 2229 2371 2278 ?
2406 2227 2594 2279 Atille
2635 2227 2820 2277 etimit:
2855 2226 2960 2288 Qui
3000 2227 3134 2290 fecit
3184 2225 3641 2278 misericordiam
3683 2226 3752 2276 in
3800 2225 3923 2276 illo.

2228 2318 2383 2369 Hunc
2410 2317 2541 2369 dicit
2567 2318 2916 2386 proximum,
2947 2317 3045 2386 qui
3074 2317 3261 2384 diligit
3296 2332 3541 2370 omnem
3597 2317 3837 2386 legem,
3871 2323 3926 2369 et

2227 2409 2486 2462 universa
2539 2410 2803 2462 mandata
2832 2409 2892 2461 in
2933 2409 3054 2476 ejus
3090 2424 3287 2462 amore
3318 2409 3607 2478 complet.
3659 2411 3748 2462 De
3802 2426 3924 2478 quo

2229 2505 2498 2575 scriptum
2525 2508 2608 2558 est
2641 2522 2654 2558 :
2687 2507 2837 2559 Finis
2867 2506 2998 2572 legis
3040 2507 3308 2561 Christus.
3345 2506 3552 2574 Neque
3582 2505 3718 2558 ullo
3749 2512 3925 2575 pacto

2229 2597 2348 2649 ﬁeri
2375 2602 2571 2666 potest,
2607 2602 2668 2650 ut
2695 2613 2757 2649 ex
2786 2601 2902 2650 toto
2943 2597 3109 2650 corde
3137 2598 3386 2667 totisque
3414 2598 3759 2652 visceribus
3802 2599 3924 2652 suis

2229 2690 2353 2758 quis
2379 2689 2614 2760 diligens
2641 2690 2949 2757 Christum,
2977 2689 3148 2743 faciat
3176 2689 3400 2759 aliquid
3421 2690 3592 2760 quod
3619 2707 3758 2744 non
3789 2692 3921 2762 pla-

2227 2786 2346 2834 ceat
2387 2781 2626 2834 Christo.
2671 2783 2789 2834 Non
2820 2781 2974 2834 enim
3012 2782 3299 2835 adulterat
3334 2781 3593 2836 verbum
3651 2783 3843 2848 illius,
3875 2785 3920 2836 si

2227 2874 2493 2928 veraciter
2517 2890 2649 2927 eum
2683 2874 2868 2943 diligit
2895 2890 2908 2938 ;
2937 2874 3081 2926 sicut
3124 2891 3231 2928 nec
3281 2875 3596 2944 apostolus
3630 2876 3919 2942 faciebat,

2227 2967 2323 3036 qui
2370 2966 2588 3020 dicebat
2617 2982 2629 3019 :
2657 2968 2773 3021 Non
2819 2982 3002 3019 sumus
3048 2967 3434 3020 adulterantes
3489 2969 3742 3022 verbum
3793 2973 3914 3034 Dei,

2226 3060 2320 3110 scd
2344 3062 2475 3111 sicut
2503 3075 2568 3112 ea:
2607 3061 2708 3112 Deo
2751 3075 2927 3111 coram
2954 3062 3059 3112 Deo
3090 3062 3151 3112 in
3197 3059 3414 3114 Christo
3462 3061 3794 3128 loquimur.
3852 3063 3917 3114 Et

2179 3183 2198 3207 η
2226 3151 2496 3220 prOplieta
2521 3151 2579 3203 in
2605 3152 2818 3219 psalmo
2851 3152 3187 3204 :Perdidisti
3212 3167 3400 3204 omnes
3445 3156 3551 3221 qui
3604 3156 3913 3220 formicam

2230 3249 2316 3295 tur
2341 3244 2433 3295 abs
2464 3249 2528 3296 tc.
2561 3243 2655 3294 Hic
2683 3243 2806 3295 talis
2831 3259 2946 3295 non
2968 3243 3154 3296 solum
3175 3260 3292 3296 non
3307 3245 3636 3314 adulterat,
3672 3247 3779 3300 sed
3809 3264 3916 3300 nec

2228 3335 2522 3387 mulierem
2573 3335 2799 3404 respicit
2845 3335 2916 3388 ad
2960 3335 3516 3405 concupiscendum,
3571 3340 3687 3392 sed
3721 3340 3915 3410 magis

2227 3427 2359 3480 dicit
2405 3442 2533 3478 cum
2577 3427 2864 3480 Psalmista
2895 3443 2905 3479 :
2940 3429 3126 3482 Sitirit
3171 3431 3366 3481 anima
3418 3446 3545 3482 mea
3603 3432 3692 3485 ad
3742 3435 3913 3486 Deum

2225 3520 2427 3583 fontem
2460 3520 2634 3571 cirum
2671 3537 2684 3579 ;
2714 3520 2931 3586 quando
2956 3522 3174 3572 veniam
3221 3526 3270 3573 et
3321 3524 3620 3590 apparebo
3653 3531 3794 3579 ante
3817 3529 3911 3591 fa-

2226 3613 2356 3664 ciem
2409 3614 2506 3664 Deo
2531 3613 2558 3662 ?
2588 3611 2706 3663 Non
2751 3613 2933 3664 solum
2979 3617 3174 3664 autem
3227 3629 3346 3665 non
3375 3615 3622 3682 occidit,
3661 3619 3768 3671 sed
3809 3635 3914 3672 nec

2229 3703 2480 3755 irascitur
2511 3721 2526 3769 ;
2561 3708 2791 3772 propter
2829 3703 3003 3756 illud:
3043 3705 3227 3758 Omnis
3276 3709 3378 3772 qui
3410 3709 3698 3763 irascitur
3735 3714 3916 3776 fratri

2224 3810 2336 3856 suo,
2365 3811 2490 3870 reus~
2511 3797 2610 3848 erit
2622 3797 2853 3862 judicio.
2885 3796 2988 3850 Sed
3017 3813 3206 3866 neque
3238 3798 3476 3852 furatur
3505 3802 3697 3855 verba
3729 3803 3908 3870 illius,

2227 3887 2368 3938 sicut
2417 3887 2497 3939 illi
2550 3888 2826 3941 faciebant
2870 3889 2938 3941 de
2964 3889 3173 3959 quibus
3227 3889 3324 3944 ille
3374 3892 3562 3946 dicit:
3624 3897 3911 3966 Quotquot

2224 3985 2479 4033 venerunt
2507 3986 2632 4033 ante
2663 3997 2763 4042 me,
2805 3984 2956 4047 fures
2993 3983 3224 4046 fuerunt
3255 3987 3309 4035 et
3355 3985 3639 4044 latrones.
3705 3991 3908 4058 Neque

2223 4072 2425 4125 falsum
2445 4072 2828 4126 testimonium
2850 4073 3003 4140 dicit,
3033 4073 3214 4126 sciens
3241 4075 3444 4144 ipsum
3483 4097 3676 4149 quem
3712 4083 3906 4152 diligit

2224 4165 2358 4216 falso
2410 4164 2729 4217 testimonio
2774 4165 3085 4234 proditum.
3131 4166 3232 4218 Vel
3263 4183 3392 4221 non
3425 4186 3573 4224 eum
3607 4174 3905 4228 minorem

2223 4255 2367 4308 Patri
2395 4255 2542 4322 facit,
2560 4256 2702 4309 sicut
2724 4257 2939 4323 Ariani,
2966 4258 3062 4326 qui
3087 4258 3288 4312 dicunt
3310 4261 3566 4317 Patrem
3589 4267 3906 4336 majorem,

2223 4348 2422 4400 Filium
2436 4347 2732 4416 minorem,
2749 4349 3019 4419 Spiritum
3039 4366 3170 4404 vero
3184 4357 3461 4407 sanctum
3491 4373 3570 4425 pe
3579 4359 3905 4413 rminorem

2221 4441 2415 4494 dicunt
2441 4441 2716 4510 falsiloqui
2748 4447 2804 4495 et
2834 4442 3176 4497 seductores.
3228 4445 3304 4498 Er
3335 4463 3383 4498 sx
3415 4464 3578 4508 QUOD
3609 4468 3707 4506 EST
3742 4470 3907 4508 Αωιύ

503 4534 628 4602 ligit
656 4533 972 4599 Dominum,
1015 4531 1208 4600 diligat
1255 4537 1308 4584 et
1347 4532 1582 4584 fratrem
1627 4548 1809 4584 suum.
1861 4533 1977 4584 ΝΛΜ
2019 4535 2201 4605 soul)
2226 4549 2516 4587 MANDATI'M
2564 4551 2618 4586 IN
2669 4550 2767 4587 HOC
2803 4551 2970 4587 vsaao
3013 4551 3427 4592 INSTAUBATL'M.
3478 4542 3638 4597 Sunt
3665 4546 3904 4616 quidem

505 4637 880 4680 ADULT'ERAIJIS.
899 4625 1004 4689 Qui
1025 4626 1102 4678 ita
1123 4625 1309 4694 diligit
1329 4624 1648 4693 proximum
1673 4624 1813 4676 sicut
1829 4641 1885 4676 se
1909 4625 2117 4694 ipsum,

503 4719 557 4772 id
587 4725 668 4772 est
695 4735 919 4772 omnem
949 4718 1258 4784 hominem,
1300 4717 1618 4769 adulterare
1648 4733 1758 4769 non
1791 4722 1969 4786 potest.
1988 4735 2121 4771 uxo-

501 4828 641 4878 rem,
677 4811 809 4880 quia
835 4828 935 4864 nec
967 4811 1084 4880 ipse
1114 4811 1230 4862 vult
1258 4813 1316 4862 ut
1337 4809 1476 4862 alius
1503 4825 1736 4862 uxorem
1763 4810 1882 4878 ejus
1909 4811 2121 4865 adulte-

499 4909 602 4969 ret,
662 4904 901 4957 maxime
937 4920 1068 4956 cum
1093 4902 1385 4971 Apostolus
1429 4901 1609 4954 dicat:
1669 4905 2030 4956 Fornieatores
2070 4909 2118 4956 et

498 4997 771 5050 adulteros
800 4997 1070 5064 judicabit
1115 4999 1264 5050 Deus.
1311 4996 1412 5048 Et:
1469 4997 1655 5062 Fugite
1682 4997 2116 5059 fornicationem,

499 5091 626 5154 quia
673 5105 822 5142 omne
847 5094 1142 5158 peccatum,
1189 5088 1538 5156 quodcunque
1565 5088 1702 5152 facit
1741 5089 1912 5149 homo,
1965 5097 2118 5142 ea-tra

496 5195 684 5248 corpus
720 5185 842 5242 est;
899 5183 994 5248 qui
1039 5187 1213 5234 autem
1257 5183 1584 5246 fornicatur,
1634 5181 1691 5231 in
1724 5196 1914 5248 corpus
1961 5197 2115 5233 suum

490 5278 692 5339 peccat.
724 5273 843 5324 NoN
873 5288 1108 5326 OCCIDES.
1143 5275 1205 5325 Et
1249 5273 1512 5325 facillime
1545 5277 1694 5342 patet
1749 5273 1879 5342 quia
1926 5275 2115 5325 nullus

497 5364 825 5430 proximum
877 5381 1039 5416 suum
1085 5365 1331 5419 occidere
1359 5369 1561 5434 potest,
1594 5365 1637 5417 si
1668 5365 1851 5433 diligit
1879 5381 2005 5418 eum
2035 5365 2111 5418 si-

494 5458 588 5505 cut
616 5470 693 5517 se,
718 5455 847 5522 quia
877 5455 988 5524 ipse
1016 5472 1130 5508 non
1160 5457 1275 5510 vult
1305 5458 1376 5509 ab
1397 5458 1584 5526 aliquo
1613 5457 1790 5510 Occidi
1823 5474 1900 5523 se,
1933 5458 2110 5510 sciens

494 5546 764 5615 scriptum
798 5563 810 5599 :
844 5548 1022 5601 Omnis
1048 5552 1141 5617 qui
1179 5551 1424 5603 occiderit
1449 5550 1652 5615 gladio,
1679 5550 1862 5615 gladio
1888 5551 2106 5617 peribit,

490 5639 574 5690 vel
624 5639 717 5690 Dei
745 5640 826 5692 vel
863 5640 1125 5696 hominis.
1172 5643 1292 5695 Non
1324 5657 1630 5696 FURABERIS.
1686 5643 1750 5694 Et.
1777 5642 1919 5695 sicut
1951 5659 2109 5712 supe-

491 5732 602 5782 rius
631 5731 894 5792 diximus,
927 5735 1112 5786 nullus
1139 5733 1294 5786 fratri
1327 5751 1427 5786 suo
1461 5735 1697 5799 furatur,
1727 5733 1770 5784 si
1799 5749 1928 5786 eum
1968 5735 2108 5789 sicut

489 5837 543 5874 se
567 5823 777 5891 diligit;
813 5827 990 5880 sciens
1016 5826 1307 5894 scriptum,
1333 5826 1460 5895 quia
1487 5827 1636 5889 fures
1666 5825 1740 5880 ad
1763 5841 1972 5894 pinnam
2004 5845 2095 5879 ca.

2221 4625 2325 4679 alia
2372 4627 2634 4679 mandata
2684 4627 2772 4679 vel
2817 4643 2944 4697 quae
2994 4628 3259 4698 superius
3297 4637 3443 4686 sunt
3485 4635 3675 4706 dicta,
3711 4639 3804 4692 vel
3850 4640 3902 4691 in

2220 4718 2420 4771 tabulis
2441 4719 2672 4789 lapideis
2701 4720 2936 4789 sculpta,
2973 4721 3070 4773 sed
3103 4721 3162 4773 in
3185 4721 3297 4776 hoc
3328 4725 3516 4779 verbo
3550 4729 3896 4785 instaurau-

2221 4817 2332 4876 tur,
2371 4812 2576 4865 scilicet
2625 4811 2683 4864 in
2719 4811 3022 4866 dilectione
3071 4813 3168 4866 Dei
3209 4820 3268 4867 et
3317 4820 3621 4888 proximi,
3653 4824 3902 4877 Domino

2221 4905 2477 4958 dicente:
2527 4907 2588 4958 In
2633 4905 2713 4958 his
2765 4905 2972 4958 duobus
3017 4905 3304 4960 mandatis
3359 4914 3482 4963 tota
3548 4915 3646 4968 lex
3693 4919 3900 4985 pendet

2219 5003 2266 5050 et
2289 4997 2563 5066 prophetia
2591 5015 2606 5049 :
2646 4997 2868 5050 DILIGES
2898 5012 3178 5051 raoxmuu
3213 5015 3370 5054 TUUM
3399 5019 3570 5059 SICUT
3599 5024 3670 5062 τε
3707 5025 3893 5064 irscu.

2221 5091 2285 5142 Et
2307 5093 2439 5141 nota
2465 5089 2598 5158 quia
2622 5089 2678 5140 in
2724 5088 3024 5143 dilectione
3057 5090 3160 5144 Dei
3188 5093 3636 5168 mqualitatem,
3665 5101 3725 5156 in
3761 5120 3889 5172 pro-

2216 5181 2354 5235 ximi
2381 5199 2510 5236 vero
2539 5181 2837 5234 dilectione
2874 5182 3263 5250 quantitatem
3310 5203 3454 5241 cum
3487 5191 3648 5247 dixit
3689 5212 3704 5248 :
3763 5199 3894 5248 sicut

2218 5281 2266 5327 te
2291 5277 2484 5344 ipsum.
2507 5275 2736 5327 Dilectio
2768 5284 2958 5327 autem
2980 5275 3079 5328 Dei
3105 5277 3258 5329 nulla
3290 5295 3587 5338 mensura
3625 5291 3894 5342 constrin-

2217 5368 2386 5437 gitur.
2436 5368 2684 5420 BILECTIO
2726 5383 2942 5420 pnes;qu
2997 5384 3184 5422 MALL'M
3245 5387 3360 5427 non
3396 5390 3737 5436 OPERATCR.
3791 5384 3888 5435 Ve-

2213 5477 2339 5514 rum
2372 5465 2471 5527 est,
2503 5460 2632 5530 quia
2661 5476 2954 5529 nunquam
2985 5460 3045 5512 in
3079 5462 3422 5530 proximum
3454 5485 3647 5527 suum
3681 5475 3887 5529 malum

2213 5557 2496 5622 operatur,
2533 5553 2663 5622 quia
2690 5553 2764 5604 ita
2793 5551 2958 5606 illum
2985 5552 3176 5623 diligit
3206 5559 3272 5608 ut
3293 5572 3376 5612 se.
3407 5561 3516 5614 Vel
3547 5567 3663 5635 qui
3701 5569 3886 5622 Clu-is-

2211 5647 2330 5695 tum
2360 5641 2543 5712 diligit
2583 5645 2645 5694 ut
2676 5658 2754 5708 se,
2785 5641 2998 5694 malum
3029 5657 3145 5694 non
3183 5651 3494 5715 operatur,
3547 5654 3616 5706 id
3649 5662 3736 5709 est
3771 5673 3886 5727 pec-

2209 5739 2396 5788 catum
2445 5751 2559 5789 non
2611 5735 2780 5798 facit,
2831 5733 2965 5804 quia
3022 5735 3210 5788 omnis
3264 5739 3369 5807 qui
3434 5748 3633 5800 natus
3687 5755 3772 5803 est
3821 5765 3882 5802 ex

2209 5828 2336 5898 Deo,
2366 5844 2479 5882 non
2523 5830 2734 5900 peccat.
2784 5826 3076 5883 Plenitudo
3110 5843 3248 5898 ergo
3281 5830 3433 5900 legis
3474 5843 3571 5894 est
3633 5843 3876 5900 dilectio.
