4022 6398
135 373 235 434 825

1149 375 1216 433 ΙΝ
1253 373 1397 433 CAP.
1439 377 1461 432 Ι
1495 373 1837 437 EPISTOLA".
1873 377 1893 430 1
1931 369 2020 430 AD
2056 369 2474 433 CORINTHIOS.

3382 369 3484 431 826

129 482 260 555 quia
288 475 488 537 omnia
519 482 784 538 mandata
827 482 896 539 de
923 482 1195 539 charitate
1230 484 1564 556 procedunt,
1592 489 1649 539 et
1685 484 1756 539 ad
1775 500 1836 572 Α
1855 483 2072 538 duobus
2108 483 2405 555 praeceptis
2432 483 2624 538 omnia
2674 481 2972 538 concludi?
3017 480 3072 538 Si
3104 480 3257 536 enim
3293 483 3482 537 omnia

131 575 312 647 ipsam
341 591 527 647 usque
557 577 922 646 perveniunt;
953 577 1074 632 sine
1101 593 1214 648 qua
1237 578 1471 632 virtutes
1497 577 1630 632 vitia
1665 593 1753 632 re-

128 671 424 740 petantur.
461 671 530 724 Et
556 669 666 724 hoc
705 672 788 723 est
813 670 963 740 quod
998 669 1134 725 dicit
1158 670 1428 724 Dominus
1467 685 1568 740 per
1611 687 1746 740 pro-

128 761 359 832 phetam
390 779 404 816 :
441 763 677 818 Verbum
690 763 986 816 breviatum
1008 763 1176 830 faciet
1203 765 1459 818 Dominus
1479 777 1640 832 super
1653 768 1756 817 ter«

125 869 260 908 ram.
307 853 458 918 Quid
511 853 663 908 enim
703 855 833 924 plus
874 855 1042 909 breve
1083 858 1269 926 potest
1307 871 1446 924 esse,
1487 871 1659 926 quam
1698 855 1757 910 in

1857 577 2184 648 perquirere
2209 593 2324 631 non
2349 577 2518 644 vales,
2544 581 2674 632 tene
2703 577 2810 632 ista
2828 577 2960 645 duo,
2989 579 3046 630 et
3072 575 3266 630 omnia
3285 574 3484 646 imple-

1852 669 1945 738 sti,
1985 669 2263 744 quidquid
2302 673 2474 742 patet,
2511 669 2787 744 quidquid
2821 669 2956 724 latet
2991 667 3051 727 in
3085 667 3289 725 divinis
3333 667 3478 724 Scri-

1854 762 2056 834 pturis.

1677 1089 1934 1212 VII.

127 1274 336 1340 Lectio
378 1275 689 1359 Epistolas
734 1278 758 1342 Ι
803 1279 974 1343 beati
1019 1279 1199 1344 Pauli
1238 1280 1515 1364 apostoli
1555 1281 1635 1343 ad
1675 1279 2043 1364 Corinthios
2080 1281 2146 1364 (17,
2207 1278 2266 1358 4)
2311 1297 2325 1340 :
2377 1279 2662 1354 Fratres,
2703 1281 2958 1359 gratias
2993 1297 3118 1359 ago
3156 1279 3290 1342 Deo
3331 1297 3473 1343 meo

1415 1379 1666 1444 semper
1683 1378 1812 1443 pro
1844 1360 2046 1435 vobis,
2079 1363 2198 1421 etc.

1362 1495 1774 1550 COMMENTUM
1813 1493 2230 1548 LUCULENTII.

190 1586 466 1640 Corinthii
494 1593 627 1642 sunt
667 1589 862 1643 Achaei
901 1606 915 1643 :
953 1590 1016 1644 hi
1045 1591 1329 1660 praedicati
1355 1607 1388 1644 a
1415 1591 1584 1645 Paulo
1610 1607 1745 1660 apo-
1768 1608 1825 1679 B
1848 1589 2053 1644 Christi
2077 1589 2380 1642 adventum
2404 1589 2492 1642 vel
2517 1589 2874 1660 prophetavit
2898 1589 2984 1642 vel
3023 1589 3285 1643 ostendit.
3321 1589 3474 1645 Unde

125 1679 278 1748 stolo,
307 1685 436 1750 post
463 1679 589 1750 ejus
619 1681 1016 1738 discessionem
1053 1683 1206 1737 illius
1244 1684 1560 1738 doctrinam
1585 1684 1745 1739 dese-

123 1776 300 1825 rentes
323 1772 546 1827 seducti
572 1777 702 1828 sunt
719 1791 753 1827 a
780 1774 929 1828 falsis
967 1777 1278 1846 prophetis.
1311 1777 1425 1831 Hoc
1450 1778 1749 1846 Apostolus

120 1865 351 1934 cupiens
394 1864 710 1920 reformare
765 1867 960 1922 scribit
1013 1868 1122 1922 illis
1165 1868 1424 1940 epistolas
1477 1861 1634 1923 duas.
1686 1871 1748 1923 In

122 1957 296 2026 prima
316 1957 513 2012 laudat
541 1975 635 2012 eos
658 1959 717 2012 in
746 1960 946 2030 capite,
977 1961 1212 2014 inferius
1256 1961 1414 2015 valde
1447 1961 1748 2031 reprehen-

123 2049 198 2103 dit
223 2066 381 2104 more
403 2051 576 2120 periti
603 2052 804 2106 medici
833 2053 1020 2107 dicens
1044 2070 1056 2107 :
1083 2054 1160 2106 sic
1181 2053 1332 2108 enim
1352 2054 1566 2124 peritus
1591 2055 1747 2124 prius

121 2143 293 2212 tangit
319 2160 524 2198 carnes
543 2161 702 2198 sanas
721 2150 785 2199 ut
803 2147 1096 2216 perveniat
1118 2147 1188 2200 ad
1209 2147 1461 2216 putridas
1484 2163 1498 2199 :
1523 2147 1568 2200 si
1589 2147 1743 2200 enim

121 2235 270 2305 prius
294 2235 554 2290 inﬁrmas
593 2243 870 2308 tangeret,
903 2239 1134 2292 forsitan
1172 2255 1324 2309 aeger
1353 2239 1472 2308 ejus
1511 2239 1742 2292 medici-

122 2343 246 2381 nam
273 2335 593 2399 respueret.
625 2329 712 2384 Sic
737 2331 1034 2400 Apostolus
1063 2331 1218 2401 prius
1244 2331 1432 2402 tetigit
1463 2332 1570 2385 hoc
1593 2332 1744 2402 quod

123 2437 316 2475 sanum
369 2425 494 2476 erat
537 2422 597 2476 in
641 2423 964 2492 Corinthiis,
1010 2440 1141 2478 cum
1178 2424 1341 2478 laude
1395 2423 1679 2478 inchoavit
1725 2441 1738 2478 :

123 2514 373 2582 FRATRES,
407 2530 636 2569 GRATIAS
672 2530 781 2569 AGO
821 2517 933 2570 DEO
972 2531 1077 2569 MEO
1109 2531 1318 2571 SEMPER
1355 2532 1453 2570 PRO
1491 2532 1644 2571 V’OBlS
1685 2532 1743 2570 IN

122 2622 306 2661 GRATIA
345 2607 468 2676 DEI,
499 2623 621 2668 om:
659 2624 794 2662 DATA
834 2624 929 2663 EST
967 2625 1122 2663 voels
1151 2625 1206 2662 IN
1230 2610 1458 2662 Cumsro
1485 2611 1633 2663 Jesc.
1658 2609 1742 2663 Ad

121 2699 335 2767 putrida
365 2699 630 2769 pervenit
649 2716 779 2753 cum
804 2700 882 2754 ait
909 2717 921 2753 :
954 2701 1272 2755 Audiuntur
1299 2703 1439 2754 inter
1462 2717 1552 2754 vos
1571 2703 1743 2768 forni-

121 2796 331 2844 catores.
381 2791 437 2844 Si
476 2791 632 2846 enim
685 2792 744 2844 in
789 2793 974 2861 primo
1015 2793 1195 2863 capite
1239 2793 1737 2863 redarguerentur,

120 2882 343 2936 forsitan
381 2901 500 2937 non
543 2884 860 2954 reciperent
902 2885 1022 2954 ejus
1065 2885 1402 2940 doctrinam.
1436 2885 1528 2939 Ait
1551 2902 1687 2956 ergo
1719 2901 1732 2939 :

1849 1687 1905 1736 et
1937 1683 2057 1752 ipse
2083 1681 2388 1736 Dominus:
2414 1683 2541 1735 Ideo
2577 1683 2748 1735 omnis
2791 1683 2968 1736 scriba
3015 1683 3201 1736 doctus
3225 1684 3284 1735 in
3312 1697 3474 1750 regno

1847 1777 2097 1829 calorum
2125 1775 2314 1829 similis
2341 1779 2418 1828 est
2451 1775 2655 1828 homini
2683 1775 3106 1842 patrifamilias,
3140 1777 3238 1843 qui
3259 1777 3474 1844 profert

1847 1869 1912 1921 de
1948 1869 2198 1921 thesauro
2229 1883 2323 1920 suo
2351 1883 2488 1920 nova
2525 1871 2577 1920 et
2611 1872 2810 1920 vetera.
2853 1869 3233 1936 Conﬁrmatum
3266 1872 3360 1928 est,
3388 1867 3472 1921 in-

1846 1960 1987 2030 quit,
2036 1963 2095 2012 in
2127 1961 2294 2022 vobis,
2332 1959 2385 2013 id
2433 1963 2516 2012 est
2552 1975 2643 2012 me
2688 1959 3064 2030 praedicante;
3107 1975 3210 2013 nec
3258 1975 3467 2013 novum

1847 2053 1999 2106 enim
2031 2052 2152 2105 sine
2181 2051 2382 2120 Veteri,
2412 2068 2516 2105 nec
2552 2053 2722 2106 Vetus
2751 2051 2870 2105 sine
2898 2053 3046 2105 Novo
3069 2069 3084 2119 ;
3119 2052 3216 2105 sed
3245 2055 3468 2106 utrum-

1845 2161 1956 2216 que
1983 2161 2074 2198 eos
2105 2144 2313 2212 docuit,
2342 2144 2486 2198 sicut
2513 2144 2646 2198 alibi
2683 2144 2815 2198 dicit
2849 2160 2864 2196 :
2903 2145 3136 2198 Tradidi
3165 2147 3306 2198 enim
3323 2145 3470 2199 vobis

1844 2241 1902 2291 in
1926 2239 2124 2307 primis
2149 2237 2294 2306 quod
2312 2242 2361 2291 et
2387 2240 2566 2306 accepi
2583 2256 2600 2302 ;
2617 2239 2694 2290 ita
2719 2242 2779 2291 ut
2799 2237 2938 2290 nihil
2953 2237 3100 2290 vobis
3123 2237 3260 2291 desit
3277 2239 3334 2290 in
3353 2238 3472 2291 ulla

1843 2332 2046 2398 gratia.
2080 2329 2217 2382 Huic
2243 2329 2427 2382 simile
2459 2334 2562 2396 est,
2595 2329 2746 2400 quod
2772 2329 2850 2384 ait
2876 2329 3174 2384 Salomon:
3196 2333 3470 2386 Venerunt

1842 2423 1977 2476 mihi
1999 2424 2180 2475 omnia
2209 2422 2346 2474 bona
2364 2425 2579 2490 pariter
2605 2437 2723 2476 cum
2742 2422 2861 2476 illa.
2893 2423 3360 2477 Exspecua’rmcs
3381 2437 3469 2477 RB-

1841 2529 2180 2570 vemnonem
2197 2515 2400 2570 Deum
2424 2529 2615 2569 NOSTRI
2636 2515 2764 2568 JESU
2783 2517 3026 2569 CHRISTI.
3059 2515 3150 2569 Ille
3181 2515 3280 2585 qui
3315 2515 3468 2569 dives

1842 2613 1924 2660 est
1947 2608 2006 2660 in
2031 2607 2188 2660 omni
2218 2607 2385 2660 verbo
2414 2611 2470 2661 et
2497 2607 2554 2660 in
2579 2607 2735 2661 omni
2761 2607 3009 2674 scientia,
3039 2607 3181 2660 nihil
3201 2607 3252 2660 ei
3272 2611 3464 2675 restat,

1839 2699 1948 2754 nisi
1982 2704 2044 2754 ut
2083 2704 2364 2770 exspectet
2405 2699 2804 2754 revelationem
2841 2699 3086 2768 Domini,
3119 2700 3262 2754 sicut
3281 2700 3466 2754 Domi-

1840 2809 1946 2846 nus
1975 2793 2052 2846 ait
2084 2811 2097 2846 :
2127 2796 2306 2847 Estote
2327 2795 2539 2862 parati,
2566 2794 2766 2847 similes
2787 2794 3088 2847 hominibus
3112 2795 3465 2861 exspectanti-

1843 2886 1936 2939 bus
1963 2887 2238 2939 dominum
2259 2901 2414 2939 suum
2434 2887 2652 2954 quando
2671 2892 2976 2940 revertatur
2994 2903 3027 2939 α
3052 2889 3278 2955 nuptiis.
3307 2885 3464 2948 Quod

122 2975 330 3029 Gratias
369 2993 472 3044 ago
514 2980 620 3030 Deo
649 2992 758 3030 meo
790 2993 994 3046 semper
1027 2995 1129 3047 pro
1164 2980 1330 3033 vobis.
1360 2982 1434 3031 Ac
1470 2978 1514 3032 si
1541 2979 1692 3032 dicat
1721 2995 1734 3032 :
1759 2963 1812 3037 C
1838 2977 2136 3048 dupliciter
2171 2978 2409 3048 intelligi
2445 2983 2644 3048 potest,
2675 2983 2731 3032 et
2766 2978 3094 3048 specialiter,
3128 2983 3184 3032 et
3225 2993 3462 3047 genera-

121 3068 330 3122 Gratias
367 3068 606 3140 quidem
645 3085 752 3139 ago
789 3070 919 3138 Deo,
951 3069 1048 3139 qui
1088 3071 1256 3124 habet
1295 3071 1585 3124 scientiam
1619 3087 1736 3124 ma-

120 3164 256 3213 trem
292 3161 603 3229 virtutum;
648 3162 745 3215 sed
780 3163 904 3214 volo
942 3177 1034 3215 vos
1074 3163 1212 3216 scire
1243 3179 1368 3232 quae
1395 3163 1494 3216 illa
1514 3163 1584 3216 sit
1612 3181 1741 3217 vera

120 3251 361 3322 scientia,
394 3254 497 3308 ubi
541 3269 725 3307 mores
761 3270 890 3308 cum
921 3255 1036 3307 vita
1064 3256 1436 3321 concordant;
1469 3272 1582 3308 non
1609 3272 1738 3326 quas

119 3345 286 3413 inﬂat,
319 3347 416 3400 sed
447 3362 577 3416 quae
607 3345 862 3400 aediﬁcat.
895 3347 1138 3401 Scientia
1166 3347 1320 3402 enim
1345 3346 1525 3416 intlat,
1553 3348 1736 3401 chari-

118 3444 196 3491 tas
227 3445 418 3492 autem
462 3438 721 3492 mditicat.
769 3439 909 3502 QUIA
955 3456 1012 3493 1N
1061 3456 1292 3494 oumnus
1341 3456 1546 3494 nmres
1588 3456 1740 3496 FACT!

120 3547 256 3586 ESTIS
297 3548 358 3586 IN
407 3547 548 3599 ILLO,
593 3547 646 3586 IN
691 3547 824 3587 OMNI
859 3549 1047 3601 VEBBO,
1089 3549 1153 3587 ΕΤ
1202 3549 1258 3587 ΙΝ
1299 3549 1431 3589 ΟΜΝΙ
1477 3549 1734 3588 SCIENTIA.

117 3624 363 3678 Ostendit
385 3624 447 3678 in
476 3623 632 3677 omni
657 3624 804 3678 bono
832 3641 924 3678 eos
941 3625 1160 3694 ditatos,
1184 3625 1455 3696 quoniam
1480 3626 1548 3678 ad
1567 3627 1736 3680 ﬁdem

117 3717 312 3771 Christi
341 3723 654 3783 venerunt;
697 3718 906 3772 scilicet
937 3718 994 3772 in
1039 3718 1301 3772 omnibus
1328 3719 1648 3787 virtutibus,
1677 3719 1735 3771 in

118 3811 266 3864 omni
292 3811 494 3878 verbo,
539 3817 594 3866 et
630 3811 689 3864 in
719 3811 873 3864 omni
913 3811 1162 3879 scientia,
1193 3811 1253 3864 in
1277 3816 1519 3881 utroque
1547 3813 1732 3865 Testa-

119 3907 323 3972 mento,
355 3903 541 3959 Veteri
573 3909 629 3958 et
651 3905 818 3958 Novo.
853 3906 914 3958 In
944 3904 1101 3957 omni
1128 3903 1296 3957 verbo
1321 3903 1474 3972 dicit,
1504 3904 1562 3958 in
1587 3904 1732 3974 lege,

118 3994 446 4064 inscientia,
500 3996 557 4050 in
598 3995 916 4066 Evangelia.
958 3997 1053 4050 Ille
1099 3997 1252 4050 enim
1294 3995 1446 4049 dives
1490 3995 1551 4049 in
1581 3997 1734 4050 omni

116 4089 298 4157 verbo,
329 4093 386 4143 et
413 4090 476 4143 in
503 4089 659 4143 omni
689 4089 939 4157 scientia,
968 4089 1062 4160 qui
1093 4105 1286 4143 omnes
1314 4105 1458 4159 pene
1484 4089 1733 4160 Scriptu-

117 4198 197 4234 I'aS
221 4183 368 4236 valet
397 4182 634 4248 discere,
666 4185 721 4236 et
749 4182 887 4236 alios
927 4182 1170 4236 erudire.
1213 4181 1308 4236 ille
1354 4185 1437 4235 est
1465 4182 1736 4236 veraciter

114 4275 325 4344 sapiens
355 4276 415 4329 in
443 4274 600 4328 omni
629 4275 798 4329 verbo
825 4281 880 4329 et
907 4275 966 4328 in
993 4274 1148 4327 omni
1194 4274 1443 4344 scientia,
1491 4275 1590 4345 qui
1628 4275 1734 4328 hoc

112 4368 255 4435 quod
275 4367 415 4438 legit
445 4373 502 4422 et
524 4367 806 4438 intelligit,
833 4367 955 4420 aliis
983 4366 1276 4437 praedicat;
1310 4367 1356 4420 si
1381 4367 1542 4438 prius
1567 4383 1734 4438 opere

113 4460 320 4529 implet,
349 4477 424 4514 ne
454 4459 576 4513 aliis
613 4459 926 4530 praedicans
966 4460 1086 4530 ipse
1136 4459 1726 4530 reprobus-efficiatur.

111 4551 367 4607 Nonnulli
419 4557 552 4606 sunt
594 4552 793 4606 divites
833 4553 892 4606 in
935 4551 1090 4605 omni
1133 4552 1322 4619 verbo,
1367 4553 1464 4607 sed
1517 4569 1631 4608 non
1673 4553 1733 4607 in

110 4646 260 4698 omni
285 4645 554 4713 scientia;
588 4645 731 4698 sicut
753 4645 930 4700 Judaei
960 4649 1190 4714 putant,
1217 4644 1316 4716 qui
1342 4649 1557 4698 tantum
1583 4645 1731 4699 litte-

111 4753 226 4790 ram
272 4739 416 4808 legis
466 4738 806 4806 custodiunt,
855 4737 1218 4808 Evangelium
1254 4754 1386 4792 vero
1435 4744 1728 4809 respuunt.

110 4830 243 4884 Sunt
267 4831 358 4884 alii
387 4831 586 4884 divites
613 4830 674 4884 in
721 4830 974 4896 scientia,
1025 4831 1122 4884 sed
1170 4847 1284 4884 non
1329 4831 1386 4884 in
1411 4830 1600 4895 verbo,
1633 4831 1729 4902 qui

113 4923 474 4995 Evangelium
502 4928 794 4994 respuunt,
813 4924 955 4978 sicut
981 4923 1292 4978 Manichaei.
1313 4925 1372 4977 In
1395 4923 1549 4978 omni
1562 4923 1729 4978 verbo

109 5014 237 5069 dicit
263 5017 322 5070 in
351 5016 665 5087 superﬁcie,
685 5016 743 5070 in
771 5017 1021 5085 scientia,
1043 5017 1102 5070 in
1124 5016 1409 5072 intellectu
1428 5017 1724 5087 spirituali.

109 5108 168 5160 Et
205 5108 315 5163 hoc
352 5109 586 5164 forsitan
611 5110 738 5164 ideo
776 5109 928 5176 dicit,
969 5109 1100 5180 quia
1140 5115 1301 5164 erant
1338 5110 1398 5163 in
1423 5110 1728 5164 Corinthiis

1751 4323 1811 4395 D

1837 3070 1988 3124 liter.
2031 3071 2358 3140 Specialiter
2399 3071 2623 3142 quando
2663 3071 3107 3141 uniuscujusque
3145 3071 3333 3124 anima
3359 3071 3466 3124 viri

1838 3163 2072 3232 perfecti
2109 3181 2143 3216 a
2179 3179 2411 3234 corpore
2453 3163 2748 3234 egrediens
2783 3164 2993 3234 migrat
3031 3165 3102 3218 ad
3141 3164 3461 3237 Dominum,

1839 3257 1964 3325 ipso
1986 3256 2204 3310 dicente
2233 3273 2246 3310 :
2283 3257 2434 3316 Volo.
2467 3259 2647 3318 Pater,
2681 3262 2738 3310 ut
2782 3257 2875 3310 ubi
2911 3273 3002 3326 ego
3037 3273 3188 3318 sum,
3214 3257 3292 3310 ibi
3315 3259 3386 3312 sit
3415 3262 3464 3310 et

1838 3351 2079 3402 minister
2098 3365 2261 3402 meus.
2287 3348 2638 3403 Generaliter
2656 3363 2786 3402 vero
2811 3349 2870 3402 in
2893 3349 2980 3403 die
2994 3349 3216 3418 judicii,
3239 3349 3466 3420 quando

1838 3457 2014 3494 omnes
2053 3442 2347 3494 astabimus
2391 3445 2514 3494 ante
2557 3442 2804 3496 tribunal
2843 3444 2958 3494 Dei.
2998 3441 3152 3495 Unde
3197 3447 3252 3495 et
3286 3441 3415 3494 alibi
3448 3458 3460 3494 :

1838 3535 2012 3592 Nolite
2033 3539 2159 3588 ante
2187 3539 2394 3603 tempus
2408 3534 2686 3602 judicare,
2708 3534 3060 3602 quoadusque
3083 3537 3266 3588 veniat
3288 3537 3465 3588 Domi-

1839 3642 1958 3680 nus.
2002 3626 2394 3696 Unusquisque
2433 3625 2585 3679 enim
2631 3626 2810 3680 fidelis
2850 3627 2928 3680 sic
2973 3627 3158 3680 vivere
3185 3627 3370 3694 debet,
3400 3631 3462 3681 ut

1835 3719 2009 3789 possit
2043 3723 2367 3788 exspectare
2411 3719 2809 3773 revelationem
2841 3719 3096 3787 Domini;
3136 3719 3345 3773 scilicet
3370 3736 3463 3773 cu-

1835 3811 1952 3882 piat
1979 3812 2217 3874 dissolvi,
2246 3817 2295 3865 et
2325 3827 2432 3866 esse
2471 3827 2588 3865 cum
2629 3813 2858 3874 Christo,
2891 3817 3124 3882 propter
3147 3811 3282 3866 illud
3309 3813 3460 3882 quod

1836 3906 2110 3959 Dominus
2135 3905 2272 3959 dicit
2299 3922 2311 3960 :
2339 3909 2490 3962 Beati
2513 3909 2656 3960 servi
2676 3907 2780 3968 illi,
2811 3923 2940 3976 quos
2969 3923 3089 3960 cum
3123 3910 3323 3962 venerit
3355 3911 3458 3962 Do-

1835 4001 2012 4052 minus
2040 4001 2300 4053 i-nvenerit
2327 4001 2631 4066 vigilantes.

1907 4091 2012 4154 QUI
2042 4107 2406 4147 CONFIRMAVII‘
2441 4108 2541 4147 VOS
2581 4108 2753 4156 USQUE
2781 4111 2833 4150 IN
2875 4111 3035 4149 FINEM
3067 4110 3186 4150 SINE
3219 4111 3459 4149 CRIMI‘NE.

1834 4185 2176 4254 Exspectant
2203 4183 2356 4238 enim
2391 4186 2571 4238 sancti
2603 4187 3014 4242 revelationem
3047 4187 3298 4255 Domini,
3328 4187 3462 4258 quia

1837 4293 1987 4330 nunc
2017 4279 2132 4331 vita
2163 4280 2358 4332 nostra
2400 4279 2717 4333 abscondita
2741 4297 2860 4335 cum
2887 4281 3095 4336 Christo
3121 4285 3180 4337 in
3205 4284 3326 4336 Deo.
3361 4281 3462 4333 Re-

1833 4370 2116 4424 velabitur
2143 4387 2298 4439 vero,
2326 4371 2460 4441 quia
2490 4388 2608 4426 cum
2639 4373 2882 4427 Christus
2901 4377 3218 4444 apparuerit
3241 4376 3355 4428 vita
3380 4388 3462 4426 ve-
3523 4365 3530 4370 ’

1833 4467 1969 4525 stra,
2003 4467 2126 4518 tunc
2151 4467 2202 4518 et
2226 4479 2315 4517 vos
2343 4465 2675 4533 apparebitis
2698 4481 2817 4519 cum
2845 4468 2960 4534 ipso
2986 4469 3043 4519 in
3071 4467 3264 4534 gloria.
3304 4467 3461 4522 Nunc

1835 4553 1989 4607 enim
2013 4557 2118 4623 ﬁlii
2141 4557 2234 4609 Dei
2261 4570 2466 4616 sumus,
2497 4560 2548 4610 et
2573 4557 2809 4610 nondum
2835 4563 3064 4626 apparet
3085 4558 3458 4626 quoderimus.

1834 4647 2192 4700 Revelabitur
2207 4663 2338 4701 vere
2371 4647 2524 4717 quod
2553 4651 2963 4718 exspectamus,
2994 4649 3126 4720 quia
3146 4666 3264 4703 cum
3290 4665 3459 4719 appa-

1831 4741 2026 4804 ruerit,
2056 4740 2256 4792 similes
2283 4741 2331 4794 ei
2359 4742 2574 4804 erimus,
2619 4743 2678 4794 et
2705 4741 3002 4798 videbimus
3033 4759 3150 4796 eum
3178 4745 3340 4797 sicuti
3363 4748 3455 4797 est.

1831 4831 1936 4896 Qui
1962 4837 2011 4886 et
2037 4835 2388 4902 conﬁrmavit,
2421 4836 2516 4902 qui
2543 4835 2607 4888 de
2634 4835 2862 4889 tenebris
2901 4851 2991 4890 vos
3019 4837 3227 4890 vocavit
3257 4837 3316 4890 in
3351 4837 3454 4890 ad-

1829 4925 2075 4980 mirabile
2107 4926 2283 4980 lu-mcn
2313 4941 2491 4981 suum.
2519 4927 2863 4982 llluminavit
2889 4928 3044 4982 enim
3074 4930 3156 4984 his
3181 4931 3276 4998 qui
3299 4931 3356 4982 in
3387 4934 3460 4984 te-

1829 5019 2030 5079 nebris,
2055 5024 2104 5072 et
2131 5022 2186 5072 in
2211 5021 2402 5074 umbra
2433 5023 2618 5075 mortis
2641 5024 2824 5075 erant.
2857 5023 2926 5074 Et
2949 5021 3057 5076 hoc
3083 5026 3167 5076 est
3193 5021 3348 5092 quod
3377 5022 3458 5076 di-

1828 5110 1922 5174 cit,
1942 5113 2038 5179 qui
2066 5116 2116 5165 et
2135 5114 2470 5180 conﬁrmavit
2490 5129 2602 5166 vos.
2632 5116 2803 5182 Usque
2829 5116 2888 5167 in
2915 5119 3074 5184 ﬁnem
3090 5114 3244 5181 dicit,
3269 5115 3327 5169 id
3348 5119 3453 5180 est,

107 5201 196 5269 qui
247 5207 554 5274 utrumque
595 5204 1017 5256 Testamentum
1047 5203 1299 5272 recipere
1335 5201 1618 5257 nolebant.
1663 5205 1728 5258 Et
1825 5205 2096 5269 mortem,
2129 5205 2214 5258 vel
2247 5205 2302 5258 in
2331 5205 2484 5259 diem
2509 5205 2729 5276 judicii.
2753 5208 2823 5260 Et
2849 5210 2986 5262 nota
3007 5208 3142 5278 quia
3171 5225 3288 5262 non
3319 5208 3458 5263 dicit

105 5292 222 5346 ideo
250 5295 394 5349 sicut
429 5295 696 5364 magister
738 5295 1094 5366 imperfectos
1120 5295 1421 5365 discipulos
1447 5295 1724 5350 laudendo

105 5386 170 5438 ad
209 5387 443 5442 meliora
486 5392 770 5459 provocat.
808 5389 893 5443 Sic
936 5389 1088 5442 enim
1137 5391 1192 5441 et
1231 5388 1300 5442 ad
1339 5389 1555 5442 Galatas
1597 5389 1675 5443 ait
1709 5407 1720 5443 :

110 5480 210 5532 Vos
244 5483 340 5549 qui
382 5482 694 5549 spirituales
721 5484 863 5544 estis,
901 5481 1216 5549 hujusmodi
1237 5482 1489 5535 instruite
1526 5483 1584 5534 in
1617 5485 1724 5550 spi-

107 5575 212 5624 ritu
258 5574 517 5628 lenitatis.

175 5665 330 5720 SICUT
377 5683 735 5723 resrmomcu
797 5669 1014 5722 CHRISTI
1068 5681 1444 5722 CONFIRMATUM
1513 5683 1604 5722 asr
1668 5685 1718 5722 IN

107 5774 268 5826 VOBIS,
313 5775 399 5813 ITA
435 5776 504 5814 U'I'
543 5775 691 5815 NIHIL
727 5776 874 5814 VOBIS
914 5776 1060 5814 DESIT
1101 5776 1150 5814 ΙΝ
1191 5775 1322 5814 ULLA
1361 5775 1571 5815 GIlATIA.
1615 5763 1717 5815 Te-

1829 5295 1948 5348 sine
1983 5301 2235 5366 peccato,
2271 5299 2371 5352 sed
2401 5301 2514 5354 sine
2542 5302 2780 5354 crimine.
2813 5301 2923 5354 Nec
2949 5302 3268 5356 contrarius
3299 5301 3452 5357 vide-

1825 5396 1918 5446 tur
1961 5394 2168 5448 Joanni
2207 5395 2304 5464 qui
2347 5395 2525 5451 dicit:
2571 5399 2630 5454 Si
2671 5398 2968 5453 dixerimus
3014 5403 3146 5469 quia
3176 5405 3457 5470 peccatum

1823 5501 1927 5540 non
1952 5488 2224 5549 habemus,
2251 5505 2344 5542 nos
2372 5492 2515 5558 ipsos
2556 5491 2881 5555 seducimus,
2913 5497 2963 5546 et
2991 5496 3190 5549 veritas
3217 5497 3274 5548 in
3303 5496 3454 5549 nobis

1823 5595 1929 5632 non
1956 5585 2052 5634 est.
2083 5580 2250 5634 Aliud
2280 5586 2699 5652 estpeccatum,
2729 5584 2883 5638 aliud
2912 5589 2995 5639 est
3021 5587 3450 5642 crimen.Dante

1822 5672 1940 5726 Deo
1967 5673 2087 5726 sine
2121 5673 2360 5729 crimine
2385 5679 2572 5746 potest
2597 5695 2716 5732 esse
2744 5679 2940 5747 homo,
2977 5679 3184 5734 scilicet
3208 5680 3328 5732 sine
3359 5695 3445 5730 sa-

1821 5765 2077 5837 crilegio,
2107 5767 2228 5822 sine
2259 5767 2561 5837 adulterio,
2597 5771 2718 5825 sine
2749 5773 2923 5839 furto,
2971 5774 3054 5825 vel
3097 5769 3300 5840 majori
3341 5769 3444 5821 cri-

107 5851 428 5906 slimonium
445 5853 1719 5926 ChristiutrumquedicitTestamentum,quod
1821 5859 2006 5925 mine;
2038 5861 2158 5914 sine
2198 5866 2430 5934 peccato
2462 5879 2593 5919 vero
2621 5865 2824 5920 nullus.
2851 5865 2993 5933 Quia
3017 5879 3134 5919 non
3165 5865 3248 5915 est
3272 5861 3446 5916 homo
