4022 6404
537 337 638 393 827

535 460 706 515 super
721 446 932 501 terram
961 444 1056 514 qui
1084 444 1219 500 facit
1235 445 1475 511 bonum,
1497 449 1554 498 et
1569 460 1686 502 non
1705 449 1918 516 peccet.
1936 445 2150 500 Inmul-
2171 461 2232 534 Α

535 541 603 592 tis
625 537 778 592 enim
799 536 1113 604 offendimus
1145 551 1340 592 omnes.
1368 537 1436 591 Et
1459 535 1588 591 ideo
1625 555 1740 592 non
1761 537 1841 591 ait
1866 537 1984 590 sine
2015 553 2145 606 pec-

535 633 678 694 cato,
703 627 801 682 sed
821 630 934 683 sine
953 631 1192 683 crimine.
1216 631 1274 683 lu
1307 645 1394 685 me
1418 645 1696 686 ADVENTUS
1727 631 1930 684 Domst
1959 643 2150 684 nosrm

530 723 657 775 JESU
689 720 932 786 CHRISTI,
965 721 1051 774 vel
1092 720 1148 774 in
1189 721 1341 774 diem
1379 721 1602 789 mortis,
1639 721 1870 791 quando
1910 720 1982 774 ad
2021 737 2150 774 suos

531 812 724 866 venire
753 811 1040 882 dignatur.
1068 813 1228 866 Unde
1255 816 1311 866 et
1335 813 1475 866 dicit
1501 830 1513 867 :
1545 815 1632 870 Sic
1653 829 1770 867 eum
1797 813 1914 866 volo
1940 828 2152 867 manere

531 905 696 960 donec
721 907 949 959 veniam.
973 905 1068 958 Vel
1099 905 1157 958 in
1186 904 1338 959 diem
1362 905 1583 975 judicii,
1615 905 1846 975 quando
1895 909 2151 959 venturus

533 1002 611 1052 est
627 997 882 1064 judicare
908 999 1054 1050 vivos
1077 1001 1128 1050 et
1154 1001 1410 1050 mortuos.
1439 998 1590 1050 Bene
1623 997 1827 1050 dicitur
1851 999 1908 1050 in
1933 997 2020 1050 die
2045 997 2147 1050 ad-

533 1094 721 1143 ventus
747 1091 959 1143 Domini
980 1091 1148 1143 nostri
1170 1093 1290 1143 Jesu
1310 1089 1527 1143 Christi.
1559 1089 1716 1144 Unde
1740 1091 1796 1142 et
1820 1089 2114 1142 Matthaeus
2137 1104 2150 1144 :

535 1181 666 1236 Cum
691 1181 884 1235 sederit
909 1197 1006 1235 rem
1029 1184 1086 1234 in
1109 1183 1240 1235 solio
1268 1184 1420 1248 regni
1435 1184 1541 1244 sui,
1574 1186 1622 1235 et
1652 1184 1866 1250 emperit
1881 1181 2150 1248 judicare.

539 1273 675 1337 Quae
706 1273 825 1327 dies
856 1289 1053 1329 amara
1083 1273 1192 1327 erit
1217 1273 1460 1344 injustis,
1483 1273 1696 1328 blanda
1724 1276 1782 1328 et
1809 1273 1965 1328 mitis
1983 1271 2153 1343 justis

2010 339 2404 394 LUCULENTll

3845 337 3962 392 828

2251 448 2309 500 et
2333 444 2458 516 piis,
2489 443 2695 514 quibus
2727 443 2951 498 dicetur
2974 460 3010 500 a
3037 441 3290 500 Domino
3321 458 3336 499 :
3376 443 3598 507 Venite,
3655 443 3966 500 benedicti

2247 540 2428 594 Patris
2446 539 2568 600 mei,
2592 539 2856 606 percipite
2874 552 3120 606 regnum,
3152 537 3299 606 quod
3341 537 3498 592 vobis
3531 542 3837 607 paratum
3875 542 3963 591 est

2249 631 2317 683 ab
2341 631 2544 698 origine
2567 629 2775 683 mundi.
2807 628 3084 698 Reprobis
3111 633 3310 683 autem
3336 645 3351 682 :
3379 632 3480 692 Ite,
3511 630 3856 692 maledicti,
3893 632 3958 682 in

2247 724 2422 788 ignem
2439 724 2712 782 aeternum,
2727 721 2978 788 quivobis
2991 724 3229 790 paratus
3251 724 3350 774 est.
3375 719 3576 784 Quem
3597 720 3781 776 diem
3802 736 3952 792 pro-

2248 813 2423 884 pheta
2445 811 2796 882 prospiciens
2827 811 2964 866 dicit
2994 827 3008 866 :
3037 815 3158 866 Dies
3183 814 3282 867 ira
3303 813 3422 868 dies
3439 813 3571 876 illa,
3603 813 3734 868 dies
3765 815 3959 868 tribu-

2251 907 2464 960 lationis
2489 909 2538 958 et
2563 905 2847 972 angustia,
2878 904 2992 958 dies
3016 905 3354 960 calamitatis
3403 910 3458 959 et
3497 907 3779 968 miseriae,
3830 905 3958 960 dies

2251 997 2456 1050 nebulae
2487 1000 2536 1050 et
2571 996 2822 1062 turbinis,
2846 997 2962 1050 dies
2990 997 3149 1049 nubis
3177 1001 3228 1050 et
3253 997 3560 1066 clangor-is.
3595 997 3686 1050 De
3722 1013 3859 1068 qua
3896 1002 3958 1051 et

2252 1087 2394 1142 alius
2425 1087 2706 1158 propheta
2739 1104 2752 1141 :
2781 1089 2978 1142 Beatus
2999 1091 3096 1157 qui
3120 1089 3388 1157 intelligit
3410 1103 3588 1157 super
3615 1105 3876 1156 egenum
3903 1094 3957 1143 et

2247 1195 2562 1251 pauperem,
2587 1181 2645 1234 in
2670 1179 2756 1234 die
2781 1181 2924 1235 malo
2954 1180 3206 1236 liberabit
3234 1195 3359 1235 eum
3388 1183 3683 1236 Dominus.

2056 1603 2377 1725 VIII.

593 1791 802 1856 Lectio
835 1792 1551 1877 EpistolaabeatiPauli
1575 1793 1848 1877 apostoli
1882 1793 1964 1877 ad
1991 1791 2302 1877 Ephesios
2333 1793 2444 1873 (ιιι,
2481 1793 2576 1870 13)
2612 1814 2626 1854 :
2659 1793 2946 1877 Eratres,
2978 1791 3239 1877 obsecro
3271 1809 3388 1854 vos
3418 1809 3505 1854 ne
3537 1791 3898 1870 deﬁciatis

1139 1872 1207 1933 in
1241 1871 1765 1934 tribulationibus
1791 1873 1951 1934 meis
1965 1871 2089 1954 pr'o
2119 1872 2319 1948 vobis,
2348 1871 2494 1953 qua
2523 1879 2617 1934 est
2637 1872 2854 1952 gloria
2882 1879 3122 1948 vestra,
3157 1875 3280 1934 etc.

1814 2005 2156 2060 EXPOSITIO
2193 2005 2609 2060 LUCULENTll.

609 2112 850 2167 Videbat
896 2111 1102 2164 Paulus
1155 2113 1445 2181 apostolus
1493 2111 1878 2164 consummari
1935 2127 2156 2164 cursum
2181 2123 2235 2194 B
2260 2114 2450 2180 patres
2477 2107 2843 2164 nominamus
2874 2108 3232 2178 patriarchas
3271 2112 3332 2164 et
3370 2109 3716 2180 prophetas
3767 2110 3862 2166 sic
3905 2116 3967 2166 et

545 2203 715 2275 [Cod.,
752 2204 870 2273 cor]
904 2219 1088 2271 suum,
1120 2205 1176 2256 et
1206 2203 1511 2257 simulacra
1533 2203 1774 2256 deorum
1806 2202 1880 2256 ad
1911 2202 2151 2256 nihilum

540 2295 744 2364 redigi,
776 2295 1092 2365 principem
1119 2295 1318 2348 mundi
1346 2296 1500 2349 foras
1531 2295 1750 2364 projici,
1785 2295 2062 2364 pullulare
2089 2295 2154 2346 fi-

541 2389 672 2440 dem
698 2387 1075 2454 credentium,
1099 2387 1366 2440 aadiﬁcari
1383 2388 1690 2441 Ecclesiam
1713 2390 1770 2440 et
1795 2403 2066 2453 crescere,
2097 2402 2156 2440 se

539 2484 733 2533 autem
765 2480 1032 2534 atrociter
1050 2480 1314 2550 persequi
1335 2483 1570 2550 propter
1588 2479 1919 2533 instantiam
1947 2479 2158 2533 laboris

541 2576 596 2626 et
622 2572 1040 2642 praedicationis
1061 2571 1276 2642 accepti
1299 2572 1472 2626 ofﬁcii
1492 2573 1564 2625 ad
1585 2571 2027 2626 construendam
2056 2571 2157 2624 Ec-

539 2664 790 2718 clesium.
821 2665 1154 2735 Discipulos,
1190 2681 1332 2735 quos
1357 2668 1489 2718 ante
1520 2665 1928 2734 preedicaverat
1951 2664 2154 2746 verbis,

539 2757 715 2811 voluit
745 2757 1026 2810 instruere
1055 2757 1348 2826 exemplis,
1383 2774 1511 2810 cum
1537 2757 1653 2810 ait:
1687 2757 1936 2810 Oesacno
1964 2771 2066 2810 vos
2096 2772 2160 2810 NE

547 2864 843 2904 DEFICIATIS
891 2866 944 2904 1N
995 2865 1473 2904 TRIBl'l.A’l‘IONlBL’S
1521 2864 1679 2914 MEIS;
1730 2865 1794 2902 ac
1848 2849 1892 2901 si
1961 2848 2155 2902 dicat:

541 2943 743 2996 Totum
772 2941 926 3012 quod
955 2942 1162 3011 patior,
1191 2959 1302 3012 quo
1335 2944 1543 3008 arctor,
1585 2957 1698 3011 quo
1739 2940 1998 3007 tribulor,
2031 2956 2160 2995 mea

542 3033 833 3088 tribulatio
864 3037 1049 3088 vestra
1071 3038 1156 3086 est
1186 3034 1473 3104 gloriatio,
1507 3033 1638 3103 quia
1659 3036 1794 3087 tunc
1824 3033 1882 3086 in
1910 3033 2020 3086 ﬁde
2043 3032 2158 3086 dis-

544 3125 714 3196 cipuli
742 3125 1076 3192 solidantur,
1110 3143 1239 3179 cum
1269 3130 1504 3196 propter
1531 3143 1628 3179 eos
1655 3125 1926 3196 magister
1949 3126 2162 3195 patitur

543 3222 600 3272 et
623 3217 998 3287 angustiatur.
1031 3220 1222 3272 Potest
1253 3222 1309 3271 et
1335 3219 1498 3272 aliter
1528 3218 1770 3288 intelligi
1795 3217 1948 3288 quod
1978 3217 2115 3271 dicit
2145 3233 2158 3272 :

543 3311 760 3364 Obsecro
787 3326 873 3364 vos
889 3327 954 3364 ne
974 3311 1232 3380 deﬁciatis
1250 3314 1307 3364 in
1329 3312 1763 3365 tribulationibus
1791 3313 1919 3365 meis
1936 3325 2041 3378 pro
2066 3325 2159 3364 vo-

544 3405 648 3468 bis;
675 3419 738 3457 ac
769 3403 812 3456 si
841 3403 1060 3457 dicatur
1091 3421 1103 3457 :
1139 3404 1292 3458 Sicut
1323 3420 1430 3474 ego
1462 3403 1612 3456 inter
1642 3405 1918 3473 procellas
1958 3403 2158 3457 mundi

539 3495 699 3549 istius
721 3499 778 3548 et
793 3497 1220 3566 persecutiones
1241 3514 1355 3550 non
1376 3497 1578 3563 titubo,
1612 3497 1690 3550 ita
1709 3501 1766 3550 et
1783 3513 1880 3549 vos
1900 3495 2160 3566 apposita
2179 3474 2233 3548 Ο

539 3589 832 3660 supplicia,
862 3589 907 3642 si
938 3590 1261 3660 contigerit,
1289 3607 1392 3660 pro
1441 3589 1648 3644 Christi
1685 3589 1917 3643 nomine
1957 3589 2156 3643 formi-

541 3681 676 3736 dare
708 3682 902 3735 nolite.
936 3683 1085 3736 Bene
1117 3682 1270 3749 dicit,
1303 3698 1425 3744 cha
1458 3698 1552 3737 esr
1584 3698 1780 3738 GLORIA
1805 3697 2024 3736 vesrnx.
2058 3681 2160 3736 Cui

542 3774 724 3828 simile
753 3777 864 3828 est:
890 3774 948 3828 Si
971 3775 1109 3844 quid
1134 3775 1398 3845 patimini
1428 3778 1664 3844 propter
1680 3773 2160 3844 justitiam,beati

540 3867 713 3920 eritis.
737 3869 911 3922 Huws
933 3884 1018 3922 REI
1051 3883 1242 3922 eum
1273 3883 1470 3922 macro
1507 3883 1678 3922 casus
1709 3884 1811 3922 MEA
1843 3885 1910 3922 AD
1951 3883 2160 3922 PATREM

539 3962 738 4014 DOMINI
767 3975 957 4014 sosrm
981 3961 1110 4014 lusu
1141 3961 1382 4014 CHRISTI.
1413 3961 1480 4013 Et
1525 3960 1615 4014 hic
1660 3960 1924 4014 convenit
1963 3977 2160 4013 sensus

541 4053 849 4122 superioris
865 4068 1068 4118 caussa,
1099 4053 1249 4122 quod
1272 4053 1572 4123 Apostolus
1589 4055 1754 4122 rogat
1766 4069 1868 4123 pro
1880 4052 2156 4122 Ephesiis,

544 4161 615 4197 ne
645 4145 914 4198 deficiant
935 4144 990 4197 in
1015 4145 1490 4212 tribulationibus,
1523 4163 1654 4200 cum
1677 4145 1813 4199 dicit
1836 4162 1848 4200 :
1881 4147 2058 4213 Hujus
2081 4148 2162 4200 rei

541 4239 723 4306 gratia
744 4239 893 4304 ﬂecto
923 4254 1097 4306 genua
1117 4254 1232 4292 mea
1260 4239 1334 4292 ad
1357 4241 1574 4293 Patrem
1610 4241 1820 4294 Domini
1846 4241 2016 4292 nostri
2035 4240 2162 4292 Jesu

541 4331 755 4384 Christi.
802 4330 958 4384 Sicut
1000 4331 1154 4384 enim
1197 4335 1328 4384 sunt
1353 4348 1542 4402 genua
1569 4331 1861 4386 exterioris
1889 4330 2156 4398 hominis,

539 4423 618 4477 sic
661 4426 791 4477 sunt
828 4427 884 4476 et
925 4423 1226 4478 interioris.
1267 4425 1398 4478 Tale
1426 4424 1561 4495 quid
1593 4428 1650 4478 et
1672 4423 1745 4477 ad
1770 4423 2159 4494 Philippenses

540 4516 694 4570 idem
725 4517 1014 4586 apostolus
1063 4517 1181 4571 ait:
1225 4520 1290 4572 Ut
1330 4519 1390 4571 in
1423 4521 1631 4571 nomine
1672 4520 1798 4571 Jesu
1835 4533 1982 4570 omne
2021 4533 2160 4584 genu

538 4613 786 4677 ﬂectatur
821 4611 1131 4673 caelestium,
1167 4612 1500 4664 terrestrium
1529 4614 1580 4664 et
1612 4613 1966 4678 infernarum.
1995 4608 2158 4674 Quod

541 4703 734 4772 utique
766 4719 880 4756 non
909 4702 982 4756 ad
1013 4703 1196 4757 solam
1227 4702 1479 4773 corporis
1509 4703 1759 4774 pertinet
1779 4703 2160 4771 genuculatio-

538 4811 695 4848 nem.
719 4795 876 4850 Multi
897 4794 1051 4848 enim
1063 4795 1329 4849 videntur
1345 4799 1534 4850 erecta
1555 4795 1770 4849 cervice
1792 4811 1974 4862 orare,
2005 4794 2159 4865 apud

539 4889 719 4942 Deum
742 4904 874 4942 vero
901 4887 1196 4942 humiliter
1208 4888 1422 4959 poplite
1434 4888 1758 4942 ﬂectuntur.
1780 4889 1849 4942 Et
1868 4904 1898 4942 e
1920 4887 2158 4957 regione

543 4981 798 5036 nonnulli
818 4981 1034 5052 prolixe
1049 4983 1298 5048 orantes,
1321 4981 1596 5052 poplitem
1621 4981 1806 5051 ﬁgunt
1825 4984 1959 5034 ante
1978 4980 2160 5034 homi-

541 5090 642 5125 nes
659 5073 967 5141 humiliter,
992 5075 1144 5145 apud
1160 5076 1344 5129 Deum
1362 5077 1612 5128 erectam
1633 5074 1909 5127 cervicem
1921 5059 2154 5127 habent.

541 5165 744 5219 Paulus
763 5184 894 5222 vero
916 5185 1032 5222 non
1050 5171 1275 5222 tantum
1291 5183 1444 5237 genu
1465 5166 1630 5234 ﬂexo,
1655 5170 1935 5237 quantum
1953 5166 2158 5220 affectu

541 5260 768 5326 mentis,
808 5261 1011 5314 orabat
1038 5277 1165 5314 cum
1213 5261 1430 5315 diceret
1457 5278 1470 5315 :
1502 5261 1682 5329 Hujus
1706 5263 1785 5314 rei
1807 5262 1989 5328 gratia
2010 5262 2160 5328 ﬂecto

541 5366 712 5419 genua
739 5368 858 5406 mea
895 5352 967 5404 ad
1000 5353 1212 5408 Patrem
1247 5357 1460 5408 Domini
1486 5357 1656 5408 nostri
1689 5355 1812 5408 Jesu
1841 5354 2060 5414 Christi,
2094 5368 2159 5406 sx

543 5459 649 5504 QUO
678 5458 842 5497 OINIS
876 5459 1195 5500 ΡΑΤΕΒΜΤΑε
1227 5463 1279 5501 IN
1313 5463 1488 5502 COELIS
1521 5464 1582 5501 ET
1615 5463 1668 5500 IN
1709 5462 1879 5500 TERRA
1925 5461 2156 5500 NOMINA-

542 5551 664 5590 Tun.
688 5535 1052 5587 Paternitatis
1070 5537 1348 5592 honorem
1367 5539 1501 5593 dicit
1525 5540 1813 5608 apostolus
1832 5539 2035 5592 Paulus
2057 5554 2159 5592 no-

545 5627 752 5680 minari
785 5626 842 5679 in
864 5626 1016 5679 oculis
1033 5631 1091 5679 ct
1117 5629 1173 5680 in
1191 5632 1360 5684 terra.
1393 5635 1452 5685 In
1480 5631 1650 5698 caelis,
1681 5630 1963 5684 scilicetin
1991 5647 2164 5701 ange-

549 5719 665 5771 licis
689 5717 1083 5788 potestatibus,
1112 5720 1243 5788 quia
1273 5723 1414 5776 sicut
1460 5741 1562 5777 nos
1613 5723 1671 5776 in
1715 5723 1882 5776 terris
1934 5727 2164 5794 propter

547 5811 948 5879 reverentiam,
977 5812 1356 5867 venerationis
1383 5831 1570 5884 causa,
1602 5815 1914 5870 anteriores
1940 5819 2164 5871 nostros

2261 2202 2552 2272 digniores
2576 2205 2887 2272 potestates
2904 2201 2961 2254 in
2983 2201 3311 2255 coelestibus
3323 2202 3780 2271 paternitatem
3805 2204 3969 2258 obti-

2257 2299 2414 2348 nent.
2430 2294 2702 2348 Dicuntur
2717 2293 2873 2347 enim
2891 2293 3085 2362 angeli
3101 2293 3347 2348 minoris
3370 2293 3626 2349 ordinis.
3652 2296 3954 2350 Archan-

2257 2386 2389 2456 geli,
2422 2386 2633 2452 throni,
2664 2385 3112 2451 dominationes,
3154 2385 3520 2456 principatus
3552 2390 3622 2440 et
3664 2391 3964 2457 potesta-

2257 2483 2342 2532 tes
2394 2477 2800 2548 paternitatem
2847 2477 3086 2532 habent.
3137 2479 3210 2532 Et
3256 2477 3392 2532 ideo
3425 2479 3572 2533 dicit
3623 2483 3968 2552 apostolus

2255 2571 2498 2625 Paulus:
2539 2574 2625 2625 Er
2663 2585 2766 2638 quo
2793 2573 2962 2624 omnis
2988 2572 3302 2638 paternitas
3333 2573 3392 2624 in
3417 2572 3568 2625 ecelis
3600 2577 3658 2627 et
3691 2575 3766 2627 in
3803 2579 3968 2628 terra

2257 2665 2594 2717 nominatur.
2625 2663 2692 2715 Et
2723 2665 2858 2715 nota
2893 2661 3028 2731 quia
3055 2678 3174 2716 non
3208 2661 3353 2716 dixit
3384 2679 3454 2717 ex
3484 2680 3611 2734 quo
3651 2669 3820 2720 nata
3850 2671 3968 2730 est,

2259 2755 2357 2808 sed
2383 2770 2450 2808 ea:
2477 2770 2581 2823 quo
2609 2757 2952 2818 nominatur;
2985 2770 3053 2807 ac
3093 2753 3138 2807 si
3169 2753 3344 2820 dicat,
3397 2772 3467 2809 ex
3515 2757 3804 2813 Domino
3861 2761 3970 2830 qui

2259 2848 2582 2918 exemplum
2607 2847 2838 2917 reliquit
2863 2847 3075 2900 sanctis
3105 2846 3188 2900 ita
3219 2847 3496 2902 faciendi.

2328 2941 2406 2996 UT
2432 2957 2530 2996 DET
2571 2955 2730 2995 VOBIS
2773 2955 3058 2996 SECUNDUM
3103 2955 3345 2997 DlVlTIAS
3380 2957 3608 2998 (ιιοιιιιςς
3649 2959 3793 3002 SUAE
3833 2963 3967 3002 VIR-

2257 3050 2392 3089 rura
2422 3049 2798 3089 coaaoeoauu
2830 3049 2930 3088 res
2959 3032 3226 3090 SPIRITUM
3261 3049 3412 3090 EJUS.
3465 3035 3718 3092 Divitiae
3767 3039 3970 3110 ipsius

2259 3129 2409 3192 sunt,
2465 3129 2662 3196 utpote
2710 3125 2862 3180 dona
2905 3125 3346 3193 charismatum,
3400 3126 3562 3182 dona
3621 3130 3968 3200 virtutum,

2261 3235 2385 3290 quae
2411 3219 2620 3273 sanctis
2643 3217 2906 3288 largitur,
2946 3218 3094 3272 sicut
3114 3235 3264 3273 unus
3296 3235 3366 3272 ex
3397 3219 3484 3274 eis
3523 3222 3636 3292 qui
3689 3241 3969 3296 accepe-

2258 3315 2348 3366 rat
2376 3310 2601 3366 dicebat
2633 3327 2646 3366 :
2683 3313 2791 3366 Nos
2831 3311 2898 3366 de
2930 3312 3288 3380 plenitudine
3312 3311 3432 3380 ejus
3460 3318 3807 3384 accepimus
3833 3335 3971 3386 gra-

2258 3407 2390 3459 tiam
2431 3419 2536 3472 pro
2578 3406 2778 3472 gratia.
2830 3403 2969 3458 Orat
3020 3405 3318 3474 apostolos
3364 3421 3474 3474 pro
3522 3406 3828 3476 Ephesiis
3873 3410 3966 3464 di-

2259 3511 2428 3550 cens:
2489 3498 2556 3550 Ut
2617 3497 2705 3550 det
2737 3497 2890 3551 vobis
2932 3497 3234 3551 secundum
3279 3497 3514 3552 divitias
3570 3501 3796 3568 gloriae
3849 3520 3971 3558 suae

2259 3593 2454 3644 virtute
2495 3589 2828 3642 corroborari
2863 3603 2966 3658 per
3001 3591 3274 3658 Spiritum
3311 3591 3434 3658 ejus
3456 3631 3469 3644 .
3503 3593 3587 3645 Ac
3635 3593 3691 3647 si
3738 3594 3919 3650 dicat
3951 3614 3965 3650 :

2258 3681 2450 3737 Tantis
2473 3680 2601 3734 fulti
2629 3680 2750 3734 sitis
2771 3680 2938 3735 donis
2963 3680 3266 3749 virtutum,
3285 3685 3350 3736 ut
3381 3683 3547 3738 inter
3565 3689 3970 3756 persecutio-

2259 3791 2362 3828 nes
2391 3775 2566 3828 fortes
2589 3773 2892 3840 maneatis,
2916 3773 3073 3843 quod
3101 3775 3293 3828 nullus
3322 3775 3531 3847 utique
3564 3778 3787 3835 facere
3825 3787 3968 3853 pot-

2260 3867 2386 3934 erit,
2420 3866 2525 3920 nisi
2555 3865 2740 3936 gratia
2769 3866 2950 3920 sancti
2982 3865 3227 3936 Spiritus
3260 3867 3444 3922 fuerit
3476 3869 3797 3929 imbutus.
3835 3876 3965 3931 Sic-

2261 3977 2371 4030 que
2401 3958 2536 4013 dicit
2564 3959 2770 4013 virtute
2793 3958 3156 4014 corroborari
3181 3975 3288 4029 per
3313 3959 3612 4031 Spiritum
3645 3966 3830 4036 ejus;
3862 3971 3967 4040 qui

2261 4053 2416 4106 enim
2443 4051 2722 4121 Spiritum
2747 4051 2844 4106 Dei
2875 4051 2934 4105 in
2962 4067 3021 4105 se
3065 4051 3438 4108 habitantem
3469 4054 3798 4128 habuerit,
3850 4064 3971 4116 erit

2260 4145 2438 4211 fortis,
2474 4149 2532 4198 et
2587 4143 2824 4198 habebit
2859 4143 3115 4199 virtutes.
3165 4147 3223 4200 1N
3267 4161 3620 4206 mramonau
3680 4168 3966 4210 Romani:

2259 4255 2522 4294 HABITARE
2565 4238 2846 4292 CHRISTUM
2890 4252 2994 4292 rea
3033 4253 3198 4292 FIDEM
3243 4253 3299 4294 IN
3351 4254 3642 4298 connmrs
3686 4261 3968 4304 V'ES'I‘RIS.

2260 4333 2322 4386 In
2353 4333 2461 4385 hoc
2486 4331 2604 4384 vult
2629 4328 2934 4383 ostendere
2959 4329 3103 4384 duos
3127 4329 3407 4386 homines
3425 4349 3562 4388 esse
3591 4335 3660 4390 in
3691 4355 3831 4402 uno
3857 4343 3968 4396 ho-

2259 4425 2436 4492 mine,
2461 4421 2804 4478 exteriorem
2833 4421 3100 4477 videlicet
3121 4426 3180 4477 et
3197 4424 3297 4493 qui
3325 4429 3786 4500 corrumpitur,
3811 4433 3971 4489 inte-

2259 4517 2470 4572 riorem
2495 4515 2592 4586 qui
2622 4518 2933 4570 renovatur
2959 4515 3029 4568 de
3063 4515 3158 4569 die
3187 4515 3248 4570 in
3277 4516 3467 4586 diem,
3504 4520 3671 4576 sicut
3720 4525 3863 4597 ipse
3907 4528 3968 4582 in

2259 4608 2370 4662 alio
2396 4609 2520 4662 loco
2553 4607 2692 4662 dicit
2717 4625 2732 4662 :
2767 4607 2828 4662 Si
2861 4610 3094 4662 exterior
3119 4609 3273 4663 homo
3303 4615 3502 4667 noster
3527 4623 3970 4690 corrumpitur,

2258 4704 2316 4756 in
2339 4706 2516 4756 tamen
2534 4702 2630 4770 qui
2651 4703 2797 4756 intus
2815 4705 2895 4756 est
2915 4706 3210 4756 renovatur
3235 4702 3303 4756 de
3331 4703 3426 4758 die
3458 4707 3526 4760 in
3559 4708 3743 4766 diem.
3779 4713 3966 4767 Habi-

2258 4798 2342 4849 tat
2367 4793 2522 4848 enim
2546 4793 2802 4850 Christus
2827 4793 2888 4848 in
2927 4793 3273 4849 interiorem
3324 4795 3680 4870 hominem,
3733 4809 3799 4860 et
3852 4807 3969 4862 hoc

2258 4903 2374 4942 non
2407 4886 2514 4940 nisi
2540 4902 2645 4958 per
2669 4886 2867 4941 ﬁdem.
2891 4886 3018 4942 Sine
3045 4887 3150 4956 ﬁde
3169 4890 3312 4943 enim
3339 4890 3709 4960 impossibile
3737 4904 3828 4954 est
3839 4902 3968 4970 pla-

2257 4997 2368 5035 cere
2393 4984 2530 5036 Deo:
2563 4983 2622 5033 et
2646 4983 2868 5046 contra,
2896 4983 3085 5036 Justus
3129 4996 3198 5035 ea:
3239 4982 3348 5050 ﬁde
3401 4985 3574 5043 vivit.
3623 4989 3750 5054 Qui
3793 4993 3965 5049 enim

2257 5071 2569 5144 perfectam
2588 5071 2764 5126 habet
2789 5071 2988 5139 ﬁdem,
3018 5071 3197 5127 habet
3219 5073 3531 5133 Christum
3560 5079 3963 5140 habitantem

2256 5166 2316 5219 in
2365 5181 2442 5220 se.
2485 5165 2689 5235 Utique
2736 5168 2795 5219 et
2839 5166 3010 5219 Pater
3052 5165 3331 5237 loquitur,
3384 5172 3460 5224 Et
3505 5174 3870 5234 inhabitabc
3909 5184 3966 5234 in

2256 5260 2388 5320 illis,
2412 5263 2462 5312 et
2486 5258 2855 5312 inambulatio.

2331 5353 2384 5406 Is
2405 5367 2701 5406 CHARITAI‘E
2712 5366 2962 5406 RADICATI
2976 5367 3038 5407 er
3051 5369 3286 5408 FUNDAI‘I
3296 5395 3310 5420 ,
3328 5369 3399 5410 ur
3411 5371 3688 5418 POSSITIS
3707 5379 3963 5422 contriti;-

2260 5461 2504 5500 araneae
2536 5460 2644 5498 cru
2677 5459 2914 5500 ousmus
2947 5460 3170 5501 SANCTIS
3201 5462 3324 5508 om
3351 5463 3442 5504 εισι
3475 5467 3810 5527 LATITL’DO,
3836 5476 3961 5514 Lox-

2261 5554 2475 5603 Gl'l‘t'DO,
2493 5552 2829 5604 SL'BLIMITAS,
2847 5553 2908 5592 ET
2927 5554 3277 5594 PROPL’NDL’M.
3304 5541 3404 5595 Ille
3429 5542 3494 5598 in
3531 5547 3856 5607 charitate
3885 5569 3962 5606 ra-

2263 5631 2478 5684 dicatus
2497 5629 2822 5700 pariterque
2836 5633 2894 5684 et
2909 5630 3184 5686 fundatus
3198 5637 3501 5703 est,quem
3519 5655 3645 5696 nec
3663 5661 3820 5714 pros
3828 5663 3955 5717 pera

2263 5725 2486 5777 elevant
2497 5739 2601 5776 nec
2615 5723 2852 5776 adversa
2863 5725 3399 5793 perturbant.Sicut
3409 5728 3511 5783 ille
3529 5740 3676 5789 erat
3689 5739 3806 5809 qui
3819 5740 3959 5792 dice-

2261 5818 2378 5873 bat:
2403 5817 2532 5886 Quis
2545 5832 2638 5872 nos
2653 5817 2928 5888 separabit
2941 5834 2975 5872 a
2992 5817 3260 5876 charitate
3269 5822 3374 5876 Dei
3383 5825 3413 5878 ?
3429 5824 3824 5889 subauditur
3839 5834 3928 5888 nul
3941 5862 3962 5872 -
