4022 6400
153 370 256 431 820

1415 377 1483 434 IN
1529 379 1674 434 CAP.
1714 379 1780 434 IV
1817 380 1904 434 AD
1941 378 2273 436 EPHESKB.

3415 375 3518 432 830

152 481 259 538 lus.
283 479 1397 541 Ceterum'multividenturincharitate
1417 485 1670 553 radicati,
1693 486 1790 541 sed
1815 497 1873 572 Α
1892 489 2139 543 tientiam
2185 489 2573 558 erspectamus.
2625 481 2786 550 Quod
2824 482 2904 541 illi
2931 487 3165 556 possunt
3201 481 3384 539 dicere
3411 482 3512 555 qui

154 591 269 630 non
294 575 692 646 suntfundati,
713 593 854 649 quos
869 594 1139 650 prospera
1158 579 1393 647 elevant,
1414 579 1646 634 adversa
1666 595 1794 652 per-

154 669 430 736 turbant;
461 670 568 740 qui
593 674 849 741 tempore
877 670 1030 741 pacis
1055 671 1284 726 credere
1311 670 1574 727 videntur
1602 690 1616 738 ;
1644 673 1790 727 tem-

155 778 293 834 pore
323 761 692 818 adversitatis
731 768 978 834 negant;
1010 765 1153 818 sicut
1179 765 1249 819 de
1271 763 1406 818 false
1434 765 1793 819 credentibus

159 855 290 910 dicit
316 855 603 910 Dominus
629 872 643 910 :
693 859 812 914 Non
859 859 1029 912 omnis
1053 860 1149 926 qui
1175 858 1306 911 dicit
1332 858 1468 912 mihi
1492 876 1510 912 :
1550 860 1791 919 Domine,

157 951 398 1010 Domine,
429 950 668 1004 intrabit
690 952 749 1004 in
777 967 1003 1019 regnum
1027 951 1294 1004 cazlorum.
1323 952 1389 1004 Et
1414 951 1616 1004 Paulus
1648 967 1662 1004 :
1693 952 1797 1016 Qui

159 1044 484 1111 conﬁtentur
507 1057 568 1098 se
592 1059 744 1098 nosse
770 1047 956 1107 Deum,
984 1047 1148 1111 factis
1177 1049 1352 1098 autem
1400 1048 1620 1111 negant.
1661 1043 1795 1097 Orat

160 1135 356 1189 beatus
400 1136 619 1189 Paulus
647 1138 932 1207 apostolus
973 1153 1077 1208 pro
1105 1136 1378 1207 Ephesiis,
1407 1140 1472 1190 ut
1523 1140 1707 1190 essent
1736 1135 1795 1189 in

161 1228 433 1282 charitate
461 1228 704 1282 radicati
729 1229 1038 1297 etfundati,
1063 1233 1118 1283 et
1143 1245 1276 1283 cum
1305 1228 1566 1282 omnibus
1591 1227 1795 1282 sanctis

161 1321 653 1391 comprehendere
679 1323 994 1392 potuissent
1019 1338 1146 1393 quae
1175 1321 1247 1376 sit
1262 1322 1516 1390 latitudo,
1545 1321 1796 1375 sublimi-

165 1418 267 1481 tas,
295 1419 353 1469 et
380 1414 777 1484 profundum;
834 1431 947 1468 non
976 1415 1278 1468 mundanae
1323 1414 1634 1485 sapientiae,
1667 1429 1796 1484 quae

163 1509 400 1562 stultitia
445 1513 529 1561 est
561 1509 715 1577 apud
742 1511 929 1570 Deum,
960 1508 1054 1562 sed
1099 1508 1422 1578 spiritualis,
1471 1523 1597 1578 quae
1622 1509 1797 1562 amica

164 1606 237 1656 est
261 1603 378 1655 Dei.
410 1600 708 1670 Sapientes
738 1601 892 1655 enim
918 1601 1088 1671 hujus
1104 1600 1301 1654 mundi
1318 1600 1796 1670 comprehendere

166 1695 348 1749 solent
374 1693 562 1764 spatia
605 1697 905 1760 terrarum,
934 1694 1289 1748 latitudinem
1315 1693 1522 1748 scilicet
1547 1695 1617 1748 ab
1643 1695 1798 1764 aqui-

165 1791 288 1845 lone
319 1807 503 1862 usque
528 1791 604 1846 ad
629 1791 945 1854 meridiem,
968 1791 1388 1862 longitudinem
1405 1796 1595 1846 autem
1620 1793 1690 1846 ab
1710 1809 1797 1846 or-

166 1890 226 1937 tu
251 1885 384 1938 solis
409 1901 597 1955 usque
616 1884 686 1938 ad
705 1900 987 1951 occasum,
1003 1885 1412 1938 sublimitatem
1430 1901 1560 1939 vero
1589 1902 1622 1938 a
1646 1889 1796 1939 terra
1815 1860 1870 1931 B

167 1993 343 2048 usque
368 1978 440 2031 ad
462 1977 694 2046 coelum,
721 1977 1160 2048 profunditatem
1195 1993 1370 2048 usque
1395 1977 1466 2032 ad
1492 1979 1792 2048 abyssum;

167 2076 535 2129 numerantes
576 2071 744 2124 etiam
775 2074 960 2140 guttas
992 2071 1168 2124 maris
1216 2071 1440 2140 Oceani,
1489 2087 1795 2124 numerum

168 2175 471 2214 arenarum
505 2159 762 2230 ejusdem
797 2159 986 2228 maris,
1011 2159 1202 2213 stellas
1229 2160 1372 2228 coeli,
1402 2165 1458 2214 et
1485 2159 1609 2214 haec
1635 2159 1798 2214 fatui-

168 2257 250 2304 tas
274 2258 378 2306 est.
410 2253 525 2306 Nos
557 2256 750 2306 autem
787 2267 916 2306 cum
942 2252 1190 2322 apostolo
1215 2252 1388 2306 Paulo
1416 2253 1796 2322 spiritualibus

168 2346 482 2414 spiritantia
509 2350 907 2412 comparantes,
941 2344 1486 2414 comprehendamus
1513 2360 1642 2399 cum
1670 2361 1794 2398 om-

173 2439 332 2490 nibus
357 2439 590 2505 sanctis,
637 2454 764 2508 quaa
807 2437 876 2490 sit
899 2437 1158 2504 latitudo,
1186 2437 1504 2508 longitudo,
1535 2437 1794 2491 sublimi-

173 2536 269 2598 tas,
305 2535 360 2584 et
390 2531 764 2602 profundum.
793 2530 980 2584 Primo
1005 2547 1229 2584 crucem
1257 2531 1429 2584 nostri
1459 2531 1799 2600 Redemptm

173 2623 244 2676 ris
286 2623 789 2678 eonsiderantesin
815 2640 926 2694 qua
953 2623 1224 2693 mysteria
1272 2623 1587 2693 signiﬁcata
1639 2629 1791 2677 sunt.

175 2712 247 2765 lbi
276 2729 528 2782 namque
557 2712 665 2766 fuit
714 2712 971 2779 latitudo,
1011 2711 1328 2781 longitudo,
1363 2715 1417 2764 et
1445 2711 1798 2780 profunditas

175 2810 376 2880 primo,
398 2813 456 2863 et
471 2826 589 2864 non
603 2809 794 2863 statim
815 2808 1130 2862 sublimitas
1148 2826 1160 2863 :
1178 2809 1414 2862 latitudo
1443 2809 1550 2863 fuit
1573 2809 1798 2879 lignum

177 2903 322 2972 quod
369 2903 427 2956 in
457 2907 847 2957 transversum
877 2901 1075 2972 jacuit,
1107 2901 1202 2955 ubi
1231 2918 1432 2975 manus
1461 2901 1642 2956 nostri
1688 2903 1797 2956 Re-

178 2995 481 3067 demptoris
502 2997 634 3050 ﬂxae
657 2996 886 3049 fuerunt
908 3012 921 3049 :
945 2994 1239 3065 longitudo
1257 2995 1480 3064 lignum
1503 2995 1638 3049 illud
1650 2995 1800 3065 quod

181 3089 246 3142 ab
271 3106 334 3144 eo
362 3091 422 3144 in
451 3096 610 3145 terra
653 3089 950 3159 ﬁgebatur,
977 3103 1156 3158 usque
1181 3089 1250 3142 ad
1297 3088 1653 3142 latitudinem
1681 3103 1802 3158 per-

179 3182 419 3254 tingens,
454 3183 516 3238 in
546 3200 662 3253 quo
705 3198 906 3252 corpus
937 3181 1112 3235 nostri
1144 3181 1535 3250 Redemptoris
1575 3185 1798 3235 tensum

181 3276 316 3344 fuit;
357 3276 710 3347 profundum
740 3275 876 3328 illud
907 3274 1056 3346 quod
1085 3273 1143 3327 in
1170 3279 1323 3328 terra
1351 3274 1527 3327 ﬁxum
1552 3273 1677 3338 fuit,
1701 3273 1800 3328 ubi

180 3373 451 3424 steterunt
476 3369 652 3440 pedes
673 3368 813 3438 ejus.
841 3367 1028 3421 Primo
1071 3383 1319 3437 namque
1346 3383 1484 3421 crux
1514 3367 1571 3420 in
1599 3367 1797 3421 simili-

181 3463 431 3518 tudinem
470 3468 568 3517 tau
594 3462 797 3515 litterae
844 3460 988 3514 facta
1026 3460 1151 3526 fuit,
1192 3459 1288 3513 sed
1317 3466 1509 3530 postea
1547 3459 1803 3514 additum

179 3554 281 3609 fuit
309 3555 385 3609 ibi
411 3555 660 3626 lignum,
691 3553 784 3608 ubi
812 3569 977 3607 causa
1005 3553 1180 3624 ipsius
1211 3552 1417 3624 scripta
1441 3552 1548 3606 fuit
1585 3569 1597 3605 :
1629 3556 1684 3606 et
1703 3568 1804 3606 nu-

179 3652 239 3700 tu
277 3648 375 3702 Dei
401 3649 512 3703 hoc
541 3651 729 3701 actum
756 3646 882 3713 fuit,
933 3650 993 3700 ut
1017 3646 1256 3717 plenum
1303 3646 1635 3715 mysterium
1661 3645 1720 3699 in
1747 3661 1804 3699 se

183 3741 512 3808 contineret,
542 3745 608 3795 ut
635 3745 825 3794 sancto
839 3740 1001 3810 signo
1028 3739 1209 3792 crucis
1223 3738 1450 3807 muniti,
1474 3739 1579 3792 tuti
1607 3754 1803 3794 mane-

183 3839 303 3888 rent
322 3835 390 3888 ab
410 3835 576 3888 hoste
605 3834 861 3904 antiquo.
894 3833 1018 3886 HERC
1040 3831 1110 3886 ad
1135 3831 1399 3885 litteram.

251 3927 627 3997 Spiritualiter
647 3927 766 3980 vult
791 3925 1072 3996 apostolus
1097 3925 1304 3978 Paulus
1331 3923 1649 3994 intelligere
1681 3941 1808 3995 qua:

184 4019 250 4072 sit
277 4020 540 4086 latitudo,
569 4024 626 4074 et
649 4019 962 4089 longitudo.
993 4017 1250 4072 Latitudo
1277 4022 1360 4071 est
1387 4017 1651 4085 charitas,
1679 4033 1808 4088 quae

190 4128 294 4166 non
325 4113 506 4167 solum
536 4111 747 4166 amicos
773 4111 831 4165 in
851 4112 1048 4176 Deum,
1076 4126 1273 4164 verum
1300 4109 1556 4163 inimicos
1579 4114 1809 4180 propter

186 4203 356 4258 Deum
392 4207 632 4275 diligere
685 4203 989 4268 consuevit,
1020 4204 1088 4257 de
1116 4219 1228 4274 qua
1254 4202 1525 4272 scriptum
1553 4207 1670 4257 est:
1699 4205 1806 4258 La-

190 4301 291 4350 tum
330 4299 650 4352 mandatum
681 4303 830 4351 tuum
860 4299 1040 4351 nimis.
1088 4295 1404 4366 Longitudo
1433 4299 1514 4350 est
1548 4311 1807 4365 perseve-

190 4391 366 4444 rantia
383 4391 517 4445 boni
547 4390 752 4461 Operis,
785 4391 852 4443 de
883 4406 998 4460 qua
1027 4389 1300 4443 Dominus
1327 4387 1468 4443 dixit
1497 4405 1511 4442 :
1545 4388 1650 4454 Qui
1682 4404 1807 4458 per-

189 4489 508 4539 severaverit
537 4499 706 4552 usque
721 4485 780 4536 in
804 4485 982 4550 ﬁnem,
1001 4484 1085 4536 hic
1115 4484 1296 4536 salvus
1314 4484 1438 4536 erit.
1465 4480 1807 4549 Sublimitas,

193 4579 272 4628 est
303 4593 446 4646 spes.
483 4578 639 4644 Quod
665 4576 819 4630 enim
851 4592 959 4629 non
988 4577 1231 4629 videmus
1257 4590 1555 4644 speramus,
1579 4590 1682 4644 per
1701 4590 1807 4643 pa-

1891 585 2080 636 mente
2107 581 2169 636 in
2200 579 2516 635 coelestibus
2540 577 2816 647 habitant,
2849 577 2995 632 sicut
3017 577 3112 634 ille
3139 577 3232 648 qui
3264 575 3514 632 dicebat:

1893 676 2234 732 Conversatio
2267 677 2446 728 autem
2480 676 2668 727 nostra
2693 673 2752 725 in
2777 673 2921 727 caelis
2948 675 3044 726 est.
3067 669 3415 724 Profundum
3428 674 3516 724 est

1891 767 2047 836 ﬁdes,
2075 765 2481 838 sperandarum
2508 765 2820 819 substantia
2867 779 3081 832 rerum,
3109 769 3516 833 argumentum

1892 875 2006 914 non
2033 864 2426 930 apparentum.
2455 857 2669 929 Aliquis
2694 856 2848 912 enim
2877 856 3045 928 coepit
3069 855 3302 926 diligere
3328 855 3518 927 proxi-

1895 968 2076 1020 mum,
2107 952 2162 1006 id
2189 955 2272 1005 est
2300 967 2528 1006 omnem
2573 950 2886 1018 hominem,
2915 954 2971 1004 et
3009 965 3302 1019 nunquam
3343 948 3516 1003 etiam

1894 1061 1996 1099 nec
2025 1045 2084 1097 in
2109 1044 2496 1114 persecutione
2525 1043 2756 1098 cessavit
2779 1043 2849 1096 ab
2881 1042 3003 1113 ejus
3023 1041 3318 1096 dilectione
3345 1057 3362 1108 ;
3391 1040 3516 1095 hare

1894 1137 2135 1192 latitudo
2164 1139 2266 1192 est.
2305 1135 2456 1190 Facit
2478 1137 2584 1190 hoc
2621 1139 2806 1190 totum
2835 1140 3066 1206 pr0pter
3094 1133 3516 1205 adipiscendam

1894 1231 2066 1285 vitam
2089 1234 2362 1284 aeternam
2387 1245 2403 1297 ;
2435 1234 2490 1283 et
2515 1229 2620 1282 hoc
2646 1229 2955 1283 sublimitas
2977 1233 3079 1282 est.
3109 1227 3361 1282 l’endent
3396 1227 3517 1281 haec

1896 1324 2087 1378 omnia
2125 1337 2194 1378 ex
2243 1322 2460 1377 occulta
2494 1321 2684 1376 divina
2712 1320 3100 1376 misericordia
3127 1336 3255 1391 qua:
3281 1319 3519 1374 interius

1896 1433 2122 1487 semper
2146 1415 2438 1470 hominem
2456 1415 2699 1486 protegit
2720 1433 2736 1484 ;
2761 1415 2940 1469 ethoc
2965 1413 3313 1484 profundum
3333 1417 3434 1466 est.
3458 1411 3515 1468 Si

1895 1515 2083 1564 autem
2100 1508 2364 1580 quislibet
2387 1508 2714 1577 ingeniosus
2739 1508 2916 1562 altero
2937 1523 3106 1562 sensu
3123 1506 3391 1576 indagare
3412 1510 3519 1558 sat-

1895 1602 2096 1674 egerit,
2110 1601 2388 1672 intelligat
2398 1601 2454 1655 id
2479 1602 2631 1673 quod
2651 1601 2937 1672 sequitur:
2963 1599 3124 1655 SCIRE
3149 1616 3308 1654 ETIAM
3327 1615 3518 1654 scren-

1895 1715 2199 1756 ΕΜῘΝΕΝΤΕΜ
2231 1714 2515 1754 SCIENTIAM
2559 1713 2897 1754 CHARITATEM
2926 1697 3168 1764 CHRISTI,
3203 1713 3270 1752 UT
3301 1712 3518 1752 IMPLEA'

1896 1810 2010 1849 um
2039 1809 2092 1848 IN
2137 1808 2322 1848 omnes!
2364 1807 2754 1847 PLENth'DIXEM
2796 1792 2914 1844 D51.
2945 1788 3386 1860 Supereminens
3435 1791 3520 1842 est

1895 1887 2046 1941 enim
2075 1885 2317 1940 charitas
2341 1885 2543 1939 Christi
2570 1887 2626 1938 et
2653 1884 2974 1954 prmcellens
2993 1883 3180 1936 omnia
3199 1881 3324 1936 ista.
3357 1881 3518 1946 Quod

1895 1979 2148 2050 sequitur
2177 1994 2190 2032 :
2224 1979 2283 2032 Et
2308 1994 2483 2033 AUTEM
2517 1993 2608 2040 QUI
2643 1991 2846 2032 roress
2879 1991 2972 2032 esr
2999 1991 3202 2030 FACERE
3229 1991 3400 2030 OMNIA
3431 1989 3518 2029 sc-

1897 2088 2347 2128 PERABIYNDANTER
2402 2086 2546 2134 QUOD
2591 2085 2816 2125 PETIMUS
2858 2085 2961 2124 AL"!
3008 2083 3398 2135 lNTELLlGlMUS,
3436 2082 3519 2121 SE-

1898 2181 2116 2222 CUNDUM
2139 2180 2405 2219 vmrurnu
2427 2179 2548 2226 qua;
2577 2178 2856 2218 oremrun
2873 2179 2926 2218 IN
2959 2177 3138 2217 NOBIS.
3155 2161 3350 2215 Nullus
3365 2159 3520 2214 enim

1896 2264 2120 2314 tantum
2150 2262 2339 2328 petere
2365 2261 2548 2328 potest
2573 2260 2630 2311 et
2643 2255 2958 2326 intelligere
2978 2255 3132 2325 quod
3157 2258 3330 2325 petat,
3345 2269 3521 2324 quan-

1897 2356 2019 2406 tum
2047 2351 2164 2420 ipse
2190 2355 2372 2420 potest
2394 2349 2622 2420 largire,
2650 2349 2746 2419 qui
2779 2349 2872 2403 dat
2899 2351 2962 2402 ut
2975 2350 3258 2418 petamus,
3290 2345 3389 2417 qui
3419 2361 3520 2417 per

1896 2443 2230 2515 prophetam
2258 2442 2511 2512 loquitur
2535 2442 2724 2496 dicens
2747 2458 2761 2495 :
2795 2442 3105 2510 Antequam
3134 2456 3215 2494 me
3242 2441 3518 2500 invocetis,

1897 2553 1989 2604 ego
2021 2536 2330 2590 exaudiam.
2363 2536 2430 2589 Et
2451 2551 2553 2606 per
2581 2535 2948 2606 semetipsum
2975 2533 3108 2588 dicit
3137 2549 3150 2586 :
3179 2535 3306 2589 Sine
3331 2548 3411 2586 me
3441 2534 3521 2586 ni-

1898 2632 1976 2684 hil
1993 2631 2216 2698 potestis
2244 2632 2443 2696 facere.

1967 2723 2074 2776 lrsr
2107 2735 2404 2790 (nonnum
2431 2738 2482 2776 IN
2505 2721 2769 2775 ECCLESIA
2788 2737 2840 2776 IN
2856 2722 3094 2775 CHRISTO
3115 2720 3242 2773 Iesu
3273 2735 3326 2774 IN
3347 2734 3522 2774 ouans

1901 2831 2298 2870 GENERATIONES
2331 2830 2531 2869 secum
2562 2829 2915 2870 S.£Cl'LORUM.
2941 2816 3116 2868 Anax.
3147 2815 3282 2882 Ipsi,
3314 2812 3526 2866 scilicet

1901 2910 2010 2962 Deo
2039 2908 2217 2972 Patri;
2248 2910 2307 2961 in
2337 2910 2594 2969 Ecclesia,
2626 2908 2730 2962 hoc
2755 2912 2836 2961 est
2857 2907 2916 2960 in
2944 2905 3384 2978 congregatione
3405 2905 3524 2974 jus-

1899 3007 2088 3056 torum
2115 3001 2386 3068 fidelium,
2437 3001 2534 3070 qui
2567 3017 2698 3054 eum
2744 3003 2862 3055 sine
2891 3002 3284 3054 intermissione
3312 2998 3523 3068 gloriti-

1901 3097 2048 3162 cant,
2071 3096 2280 3162 gratias
2308 3098 2539 3163 agentes
2568 3097 2690 3155 Deo,
2711 3098 2766 3148 et
2793 3094 2902 3148 hoc
2925 3107 3026 3164 per
3051 3093 3354 3146 Christum.
3385 3091 3528 3146 Cum

1901 3187 2036 3241 dicit
2061 3187 2121 3241 in
2152 3187 2371 3241 Christo
2399 3188 2529 3242 Jesu
2565 3187 2624 3242 in
2651 3202 2850 3242 omnes
2877 3185 3287 3257 generationes,
3315 3201 3418 3256 per
3443 3184 3528 3238 Fi-

1900 3280 2041 3334 lium
2071 3281 2190 3349 ejus
2219 3279 2482 3334 laudatur
2525 3281 2689 3334 Pater
2712 3279 2769 3335 in
2797 3280 2980 3335 terris.
3015 3282 3080 3334 Et
3112 3279 3254 3333 bene
3301 3278 3442 3333 dixit
3469 3281 3527 3332 in

1904 3389 2078 3428 omnes
2091 3376 2455 3439 generationes
2469 3374 2652 3426 szeculi
2664 3374 3000 3427 seculorum.
3013 3373 3354 3427 Amen.Ante
3375 3371 3527 3425 enim

1905 3477 2077 3532 quam
2103 3461 2196 3515 Dei
2218 3461 2388 3515 Filius
2409 3461 2646 3514 venisset
2669 3461 2729 3515 in
2772 3461 3072 3523 mundum,
3099 3477 3273 3515 unam
3305 3460 3528 3530 plebem

1908 3555 2126 3604 tantum
2155 3555 2511 3619 cognoverat,
2532 3550 2697 3619 juxta
2722 3549 2872 3620 quod
2901 3550 3174 3620 scriptum
3201 3553 3286 3604 est
3311 3567 3324 3603 :
3357 3552 3528 3607 Notus

1905 3646 1965 3697 in
1987 3643 2177 3698 Iudaea
2210 3646 2368 3708 Deus,
2395 3645 2455 3696 in
2483 3645 2656 3698 Israel
2679 3659 2938 3712 magnum
2975 3658 3165 3697 nomen
3197 3644 3334 3711 ejus.
3380 3643 3530 3696 Post-

1907 3752 2075 3807 quam
2097 3751 2226 3790 vero
2247 3735 2346 3789 Dei
2372 3735 2540 3790 Filius
2562 3735 2711 3790 venit
2735 3735 2793 3789 in
2813 3735 2998 3804 terris,
3024 3736 3146 3806 ejus
3159 3735 3411 3789 doctrina
3427 3751 3532 3805 per

1907 3830 2233 3884 universum
2258 3829 2536 3883 mundum
2561 3825 2780 3882 claruit.
2798 3830 2920 3882 .lam
2940 3845 3091 3883 nunc
3103 3828 3306 3882 dicitur
3328 3845 3341 3882 :
3365 3829 3532 3882 Emat-

1908 3928 2024 3977 tare
2043 3938 2206 3991 super
2224 3924 2398 3984 cados,
2431 3926 2588 3985 Deus,
2613 3929 2664 3977 et
2687 3925 2745 3978 in
2766 3939 2972 3977 omnem
2996 3927 3192 3976 terram
3212 3923 3386 3990 gloria
3412 3927 3527 3975 tua.

1910 4017 2022 4070 Hoc
2051 4022 2134 4070 est
2164 4015 2312 4086 quod
2341 4015 2474 4070 dicit
2499 4017 2798 4086 Apostolus
2827 4032 2840 4070 :
2872 4019 2931 4070 1n
2959 4032 3136 4071 omnes
3167 4017 3532 4082 generationes

1911 4109 2094 4164 saeculi
2123 4110 2456 4163 saeculorum.
2487 4110 2679 4163 Amen.
2709 4110 2850 4163 Cum
2877 4125 3010 4164 vero
3035 4109 3172 4163 dicit
3195 4111 3395 4171 saeculi,
3425 4108 3535 4162 for-

1910 4218 2062 4257 mam
2087 4201 2331 4257 ostendit
2361 4203 2652 4273 praesentis
2672 4203 2940 4274 temporis
2973 4220 2988 4270 ;
3033 4219 3162 4256 eum
3185 4208 3375 4257 autem
3406 4202 3534 4255 sub-

1904 4295 2098 4365 jungit
2145 4297 2476 4356 saeculorum,
2525 4295 2644 4350 sine
2690 4295 2803 4350 fine
2828 4296 3073 4350 ostendit
3101 4297 3328 4350 laudare
3359 4297 3535 4350 Deum

1911 4387 1970 4442 in
2000 4387 2226 4442 sanctis.
2259 4389 2324 4442 Et
2350 4389 2478 4442 ideo
2498 4388 2616 4442 sine
2634 4387 3047 4444 intermissione
3075 4389 3155 4442 illi
3186 4389 3390 4459 gratias
3407 4406 3536 4459 age-

1913 4497 1972 4536 re
1998 4481 2290 4550 debemus,
2311 4480 2408 4551 qui
2438 4481 2610 4536 talem
2638 4481 2802 4535 nobis
2825 4481 2980 4536 dedit
3002 4482 3335 4548 doctrinam,
3372 4485 3432 4534 ut
3459 4482 3536 4534 sic

1914 4590 2046 4629 eum
2075 4589 2408 4645 cognoscere
2434 4573 2733 4645 possimus.

1760 4894 1998 5048 IX.

193 5097 396 5166 Lectio
435 5105 735 5188 Epistolae
779 5105 950 5188 beati
993 5105 1176 5188 Pauli
1217 5105 1496 5188 apostoli
1535 5105 1614 5188 ad
1647 5104 1961 5188 Ephesios
1993 5105 2102 5188 (iv,
2145 5107 2196 5184 ι)
2231 5123 2244 5166 :
2289 5105 2573 5188 Fratres,
2607 5106 2861 5188 obsecro
2890 5123 3002 5168 vos
3031 5122 3147 5184 ego
3187 5103 3440 5166 vinctus
3472 5103 3540 5164 in

808 5186 1112 5262 Domino,
1144 5193 1218 5247 ut
1245 5185 1440 5267 digne
1469 5185 1812 5248 ambuletis
1840 5185 2175 5246 vocatione
2204 5204 2337 5266 qua
2361 5187 2576 5248 vocati
2601 5187 2770 5264 estis,
2799 5190 2919 5249 etc.

1421 5320 1837 5376 COMMENTUM
1876 5320 2295 5375 LUCULENTII.

263 5422 324 5474 In
376 5423 478 5479 hac
520 5426 795 5480 sententia
842 5427 1051 5497 duplex
1097 5425 1464 5496 intelligenda
1514 5431 1598 5480 est
1648 5427 1809 5481 ratio.
1832 5442 1892 5512 D
1916 5427 2132 5481 vinctus
2153 5426 2211 5480 in
2241 5427 2481 5482 Domino
2507 5433 2630 5482 erat
2654 5429 2879 5483 vinculo
2901 5427 3186 5483 charitatis
3206 5443 3336 5482 cum
3362 5420 3544 5498 Ephe-

197 5511 471 5573 Quantum
513 5519 666 5573 enim
711 5519 780 5573 ad
823 5519 1069 5574 litteram
1101 5518 1321 5585 attinet,
1353 5519 1572 5572 vinctus
1601 5525 1722 5573 erat
1755 5520 1814 5573 in

198 5602 448 5677 Domino,
475 5613 532 5666 id
564 5617 649 5666 est
673 5617 910 5684 propter
935 5612 1258 5679 Dominum,
1287 5612 1421 5683 quia
1450 5612 1619 5666 tidem
1648 5612 1810 5668 Chri-

201 5696 266 5749 sti
291 5704 616 5774 praedicans,
661 5721 694 5760 a
723 5706 878 5759 nullo
907 5710 1260 5776 persecutore
1300 5705 1491 5759 obsisti
1518 5705 1702 5776 potuit
1727 5706 1813 5760 vel

203 5790 416 5863 elevari,
444 5803 498 5852 et
522 5798 592 5851 ob
625 5799 772 5853 hanc
803 5815 1025 5854 causam
1057 5800 1113 5853 in
1140 5816 1358 5853 carcere
1384 5804 1572 5852 trusus
1602 5798 1725 5864 fuit,
1757 5802 1814 5853 et

207 5879 303 5938 hoc
331 5893 411 5942 est
454 5891 604 5962 quod
647 5892 723 5946 ait
755 5909 768 5950 ;
805 5894 916 5949 Eco
972 5909 1193 5951 νιπτιέ
1241 5911 1288 5949 IN
1349 5895 1588 5952 Domxo.
1641 5892 1812 5952 Aliter

1913 5520 2006 5573 siis
2033 5537 2049 5588 ;
2103 5521 2171 5574 de
2199 5536 2311 5590 quo
2339 5521 2396 5574 in
2437 5521 2547 5575 alio
2575 5523 2694 5576 loco
2721 5523 2855 5578 dicit
2887 5539 2900 5576 :
2951 5524 3126 5592 Super
3153 5525 3335 5576 omnia
3362 5526 3541 5574 autem

1915 5615 2021 5666 haec
2048 5613 2366 5667 eharitatem
2397 5616 2664 5678 habentes,
2699 5631 2818 5685 quae
2842 5621 2920 5669 est
2955 5615 3230 5669 vinculum
3252 5615 3538 5684 perfectio-

1913 5708 2019 5759 nis.
2035 5703 2122 5758 Sic
2137 5705 2309 5759 sancti
2327 5711 2626 5778 postquam
2641 5709 2697 5762 in
2714 5709 2984 5763 charitate
2995 5707 3444 5778 agglutinantur,
3461 5721 3543 5756 se-

1915 5797 2098 5868 parari
2117 5813 2230 5851 non
2252 5806 2487 5869 queunt.
2504 5799 2589 5856 Sic
2605 5801 2674 5855 de
2695 5801 2865 5854 David
2889 5804 2946 5854 et
2957 5799 3230 5852 Jonathan
3259 5793 3498 5864 legimus
3522 5809 3536 5846 :

1915 5892 2300 5965 Congtutinata
2324 5899 2401 5950 est
2430 5897 2614 5951 anima
2637 5895 2883 5952 Jonathze
2903 5908 3019 5952 cum
3047 5892 3229 5946 animo.
3253 5886 3444 5946 David.
3475 5887 3540 5942 Et
