4022 6422
145 377 265 442 833

1411 383 1476 440 IN
1515 387 1659 441 CAP.
1702 386 1764 440 IV'
1803 384 1893 440 AD
1933 383 2271 443 EPHESIOS.

3421 382 3523 442 834-

144 497 290 548 rant
317 509 332 547 :
375 495 540 548 Pater
579 493 779 565 major,
824 491 991 548 Filius
1020 492 1226 561 minor,
1274 493 1514 563 Spiritus
1568 498 1792 548 sanctus
1816 505 1873 576 Α
1894 498 1992 555 tui,
2023 497 2246 549 Patrem
2276 495 2475 566 utique
2501 495 2770 550 insinuat.
2801 492 2868 549 Et
2893 497 3026 549 nota
3047 493 3198 564 quod
3224 491 3357 548 dicit
3385 494 3529 548 Pau-

141 586 458 656 perminor
477 588 642 642 Patre
668 592 724 642 et
748 585 903 640 Filio.
921 587 1096 650 Quem
1119 585 1274 640 enim
1294 585 1386 640 ille
1409 586 1793 656 perminorem

140 678 404 748 dicebat,
436 679 734 751 Apostolus
783 679 1032 750 primum
1075 678 1264 750 posuit
1304 695 1435 734 cum
1471 679 1624 746 dicit,
1657 695 1794 734 unus

142 771 424 842 Spiritus.
452 774 813 844 Rursumque
837 789 1007 843 quem
1034 773 1130 826 ille
1147 772 1429 827 minorem
1453 772 1672 826 dicebat
1699 774 1793 825 Pa-

141 865 249 934 tri,
283 865 348 920 in
376 866 623 920 secundo
673 866 793 920 loco
835 865 1024 936 posuit
1067 881 1196 919 cum
1221 865 1384 934 dixit,
1412 880 1550 919 unus
1579 869 1714 920 Deus
1743 869 1794 918 et

141 960 324 1013 Pater
353 961 614 1022 omnium,
637 961 735 1028 qui
756 963 832 1014 est
861 974 1021 1028 super
1045 973 1220 1013 omnes
1245 963 1295 1012 et
1313 973 1413 1028 per
1443 959 1643 1011 omnia.
1671 957 1793 1010 Non

142 1052 344 1105 solum
372 1055 566 1106 autem
594 1052 821 1120 Paulus,
851 1067 1050 1105 verum
1075 1051 1247 1106 etiam
1271 1055 1326 1104 et
1351 1054 1574 1104 sanctus
1600 1049 1789 1118 David,

144 1147 207 1198 et
236 1143 522 1214 Spiritum
549 1147 810 1198 sanctum
835 1144 1218 1216 proemuniens
1247 1143 1420 1213 [Cod.,
1449 1141 1785 1214 praevidens]

143 1236 453 1308 ﬁdemque
507 1241 714 1292 sanctae
740 1237 1027 1292 Trinitatis
1053 1242 1109 1293 et
1127 1237 1407 1292 honorem
1431 1237 1500 1291 ab
1527 1237 1793 1290 haeretica

143 1331 460 1402 pravitate,
497 1331 579 1385 ita
603 1329 943 1400 distinguit:
975 1333 1076 1389 Cor
1123 1332 1383 1386 mundum
1432 1345 1555 1384 crea
1583 1331 1642 1383 in
1688 1345 1789 1392 me,

141 1427 315 1487 Deus,
349 1429 402 1478 et
422 1427 676 1494 spiritum
703 1429 904 1478 rectum
932 1426 1128 1478 innova
1151 1427 1209 1478 in
1237 1424 1526 1478 visceribus
1541 1425 1687 1477 meis.
1705 1423 1794 1475 Di-

145 1533 288 1571 cens
313 1519 574 1587 spiritum
602 1522 824 1578 rectum,
856 1517 1098 1570 ostendit
1125 1515 1397 1587 Spiritum
1427 1521 1703 1570 sanctum.
1729 1506 1793 1568 Et

145 1625 290 1664 cum
320 1609 654 1680 subjungit:
688 1613 764 1664 Ne
789 1610 1055 1678 projicias
1081 1625 1163 1663 me
1185 1626 1220 1663 a
1241 1611 1383 1675 facie
1413 1613 1528 1672 tua,
1559 1609 1628 1662 de
1650 1607 1790 1661 Filio

147 1702 314 1756 dicit.
347 1703 489 1757 Cum
508 1717 642 1756 vero
663 1701 833 1755 infert
857 1718 870 1755 :
901 1702 1082 1758 Redde
1109 1703 1244 1756 mihi
1263 1703 1508 1756 latitiam
1531 1701 1791 1755 salutaris

1892 589 1980 642 lus
2005 605 2017 642 :
2049 591 2154 655 Qui
2185 594 2261 643 est
2284 604 2445 658 super
2468 591 2650 642 omnia
2677 592 2814 642 Deus
2867 588 3171 642 benedictus
3201 591 3257 641 in
3284 588 3480 642 saacula
3503 605 3520 653 ;

1890 697 2004 735 non
2032 682 2131 751 qui
2157 687 2290 736 sunt
2316 682 2412 749 dii,
2441 681 2538 735 sed
2579 681 2678 752 qui
2715 686 2799 735 est
2825 682 2987 736 Deus.
3020 681 3332 735 Prudenter
3356 696 3522 733 nam-

1892 790 2004 846 que
2029 775 2358 829 Trinitatem
2389 774 2663 840 distinxit,
2693 774 2787 828 sed
2815 774 3054 828 fideliter
3084 773 3264 827 univit
3291 788 3420 826 cum
3447 771 3525 826 di-

1891 867 2006 920 xit:
2037 871 2135 936 qui
2154 883 2313 937 super
2337 883 2534 930 omnes,
2557 867 2614 920 id
2641 873 2740 934 est,
2771 869 2914 922 Deus
2939 868 3102 920 Pater
3125 883 3139 931 ;
3163 871 3212 919 et
3235 881 3393 936 super
3419 881 3524 918 om-

1889 961 2006 1024 nia,
2025 961 2170 1014 Deus
2188 961 2378 1015 Filius.
2409 965 2472 1016 In
2495 965 2610 1030 ipso
2637 963 2798 1024 enim,
2827 959 2906 1014 ait
2925 959 3239 1029 Apostolus,
3268 961 3518 1020 vivimus,

1891 1067 2179 1114 movemur,
2211 1057 2263 1107 et
2286 1069 2486 1108 sumus.
2514 1055 2586 1108 Et
2613 1057 2671 1108 in
2695 1054 2958 1115 omnibus,
3001 1051 3241 1122 Spiritus
3271 1053 3517 1115 sanctus,

1891 1144 1989 1216 qui
2009 1144 2217 1198 vadens
2246 1144 2633 1218 circuiensque
2659 1147 2838 1216 replet
2861 1145 3027 1200 corda
3056 1143 3329 1210 ﬁdelium,
3355 1141 3523 1213 juxta

1891 1237 2045 1308 quod
2077 1237 2352 1309 scriptum
2380 1243 2497 1293 est:
2527 1242 2688 1295 Scitis
2715 1242 2846 1308 quia
2876 1238 3130 1306 templum
3148 1239 3244 1292 Dei
3261 1238 3386 1290 estis
3409 1251 3520 1302 vos,

1891 1335 1942 1385 et
1968 1331 2206 1401 Spiritus
2231 1335 2446 1386 sanctus
2474 1331 2687 1386 habitat
2715 1335 2774 1385 in
2799 1332 2968 1398 vobis,
2996 1332 3094 1398 qui
3119 1333 3194 1384 est
3225 1327 3524 1382 benedictus

1889 1426 1948 1476 in
1970 1425 2198 1488 saecula;
2237 1425 2297 1478 in
2345 1423 2500 1477 omni
2547 1429 2822 1489 creatura,
2852 1423 2910 1477 in
2948 1423 3150 1494 quibus
3178 1421 3442 1476 laudatur
3469 1425 3525 1474 et

1888 1514 2240 1570 benedicitur
2265 1517 2431 1584 Deus,
2449 1517 2594 1570 sicut
2610 1517 2873 1570 scribitur
2887 1516 2946 1570 in
2963 1517 3177 1586 hymno
3197 1515 3369 1568 trium
3390 1530 3524 1584 pue-

1889 1624 2082 1661 rorum
2114 1627 2128 1661 :
2159 1609 2478 1670 Benedicite,
2521 1613 2701 1663 omnia
2725 1625 2887 1679 opera
2917 1610 3146 1671 Domini,
3193 1610 3474 1662 Dominum
3503 1625 3519 1671 ;

1893 1701 2118 1756 laudate
2149 1706 2200 1755 et
2227 1702 2627 1771 supereaaltate
2648 1717 2766 1756 eum
2794 1705 2852 1755 in
2877 1702 3091 1756 saecula.

1777 1906 1921 2028 X.

148 2074 379 2140 Lectio
405 2073 716 2158 Epistolas
751 2076 925 2141 beati
957 2075 1141 2142 Pauli
1167 2077 1444 2160 apostoli
1473 2078 1554 2142 ad
1587 2077 1906 2160 Ephesios
1949 2077 1968 2156 (

1973 2094 2056 2152 rv,
2089 2079 2190 2158 23)
2227 2096 2241 2140 :
2277 2077 2560 2154 Fratres,
2584 2076 3000 2141 renovamini
3023 2077 3260 2159 spiritu
3287 2077 3520 2140 mentis

1645 2167 1896 2234 vestrae,
1928 2162 2049 2220 etc.

1443 2265 1795 2322 EXPOSITIO
1834 2268 2251 2322 LUCULENTII.

227 2353 516 2408 Renovari
531 2355 802 2425 praecepit
826 2357 1117 2426 Apostolus
1135 2354 1333 2426 spiritu
1349 2355 1556 2409 mentis
1572 2360 1788 2424 vestrm,
1813 2368 1870 2440 B
1893 2356 2059 2420 Quasi
2095 2359 2312 2410 creatus
2339 2356 2561 2425 dicitur,
2603 2356 2888 2426 quomodo
2931 2355 3198 2409 mundus.
3235 2355 3342 2418 Qui
3367 2354 3518 2409 enim

149 2446 221 2500 de
245 2462 364 2516 quo
393 2445 530 2499 alibi
564 2463 578 2499 :
608 2449 668 2503 Si
693 2450 924 2502 anterior
949 2449 1100 2502 homo
1129 2453 1308 2502 noster
1335 2451 1718 2516 corrumpitur,
1747 2451 1794 2502 is

149 2541 256 2607 qui
283 2540 432 2592 intus
477 2543 555 2593 est
601 2544 907 2594 renovatur.
963 2541 1029 2594 Et
1057 2545 1204 2594 recte
1240 2539 1376 2594 dicit
1405 2558 1418 2594 :
1447 2541 1793 2596 Beuovxmm

151 2645 377 2686 senum
408 2647 600 2686 κεπτ-ιε
629 2647 844 2687 vasum:
860 2650 876 2701 ;
911 2632 1043 2702 quia
1070 2649 1174 2686 nec
1201 2632 1259 2686 in
1287 2649 1451 2686 sensu
1478 2634 1597 2687 sine
1627 2632 1788 2703 spirii

150 2727 238 2789 tu,
268 2739 375 2778 nec
400 2723 460 2777 in
487 2724 689 2794 spiritu
719 2725 837 2779 sine
869 2741 1036 2780 sensu
1073 2741 1428 2780 renovamur.
1463 2726 1615 2780 Sicut
1641 2726 1793 2779 enim

148 2817 456 2888 psallimus
481 2817 704 2887 spiritu,
736 2819 1042 2888 psallamus
1077 2824 1133 2872 et
1159 2825 1348 2874 mente
1378 2836 1392 2884 ;
1425 2835 1651 2872 oramus
1676 2819 1790 2889 spi-

151 2911 292 2979 ritu,
327 2916 384 2964 et
413 2917 601 2964 mente
629 2927 856 2966 oremus
883 2929 900 2980 ;
929 2912 1005 2966 ita
1023 2912 1280 2966 renovari
1309 2913 1579 2966 debemus
1600 2928 1788 2980 sensu,

150 3009 216 3058 ut
243 3020 380 3057 cum
423 3003 543 3074 ipse
571 3005 816 3058 mundus
865 3005 1036 3058 fuerit
1061 3010 1229 3076 atque
1255 3010 1552 3076 purgatus,
1585 3005 1788 3075 adjun-

153 3102 329 3168 gatur
355 3097 406 3150 ei
436 3101 491 3150 et
515 3103 816 3152 renovatus
837 3097 1086 3168 spiritus.
1109 3098 1271 3162 Quod
1297 3099 1395 3168 qui
1428 3099 1647 3162 fecerit,
1669 3099 1791 3168 jam

152 3206 274 3243 non
295 3189 541 3260 simplex
566 3190 686 3260 ejus
715 3191 943 3262 spiritus
969 3191 1192 3254 dicitur,
1224 3191 1320 3244 sed
1337 3191 1568 3260 spiritus
1593 3207 1790 3244 sensus

152 3282 368 3336 dicitur
396 3297 534 3336 esse.
568 3283 642 3336 Er
672 3299 886 3338 INDUITE
917 3298 1100 3338 NOVUM
1124 3298 1370 3338 nomnen
1397 3299 1488 3346 om
1507 3299 1789 3339 SECUNDUM

154 3371 317 3426 DEUM
346 3385 586 3426 CREATUS
618 3386 732 3425 EST.
767 3371 824 3425 Id
850 3372 1037 3441 ipsum
1065 3371 1203 3424 mibi
1229 3371 1449 3425 videtur
1477 3387 1596 3426 esse
1642 3372 1790 3442 quod

152 3464 295 3518 dicit
321 3467 380 3518 et
430 3464 560 3517 alibi
591 3480 604 3516 :
651 3465 955 3518 Induimini
989 3481 1078 3518 vos
1111 3467 1380 3522 Christum
1415 3468 1614 3533 Iesum,
1649 3482 1788 3536 quo-

151 3557 320 3611 niam
351 3573 548 3610 omnes
574 3556 764 3611 ﬁdeles
793 3557 1084 3612 Christum
1107 3557 1372 3623 induunt,
1397 3563 1452 3612 et
1479 3557 1685 3612 dicitur
1713 3559 1792 3612 eis

151 3651 222 3704 ab
253 3649 526 3720 Apostolo
552 3665 564 3702 :
592 3651 861 3720 Quotquot
875 3651 1199 3713 credidistis,
1223 3653 1495 3708 Christum
1519 3653 1789 3706 induistis.

1891 2454 2020 2502 ante
2047 2449 2253 2502 saecula
2276 2450 2422 2502 Deus
2445 2465 2559 2502 una
2579 2465 2710 2502 cum
2735 2451 2899 2502 Patre
2927 2447 3163 2514 exstitit,
3185 2448 3328 2500 sicut
3347 2447 3522 2500 habes

1891 2541 1952 2594 in
1984 2541 2266 2610 Sapientia
2293 2557 2306 2595 :
2343 2544 2598 2596 Dominus
2635 2541 2874 2610 possedit
2898 2556 2981 2594 me
3017 2543 3075 2592 in
3121 2541 3278 2592 initio
3305 2542 3518 2592 viarum

1889 2649 2110 2688 suarum
2141 2653 2158 2699 ;
2187 2634 2248 2687 in
2273 2634 2386 2688 fine
2413 2633 2746 2688 saeculorum
2777 2649 2978 2699 novus,
3007 2648 3184 2685 novus
3229 2632 3400 2686 homo
3428 2648 3516 2685 se-

1891 2727 2140 2781 cundum
2185 2728 2362 2781 Deum
2391 2731 2608 2780 creatus
2639 2731 2737 2781 est.
2785 2726 2889 2780 Sed
2923 2725 3271 2779 contrarium
3298 2724 3520 2778 videtur

1891 2821 2020 2874 fidei
2049 2825 2274 2888 nostrae,
2304 2837 2476 2890 quam
2501 2819 2834 2873 confitemur
2859 2819 3104 2872 dicentes
3133 2834 3146 2871 :
3175 2819 3342 2872 Filius
3363 2833 3397 2871 α
3416 2819 3519 2872 Ρα-

1892 2919 1972 2967 tre
1996 2915 2106 2968 solo
2135 2919 2232 2976 cst,
2259 2930 2366 2968 non
2408 2916 2611 2980 factus,
2638 2929 2744 2966 non
2786 2917 2992 2966 creatus
3028 2911 3123 2965 sed
3153 2913 3379 2980 genitus.
3413 2911 3519 2964 Sed

1891 3027 2133 3082 semper,
2165 3013 2230 3064 ut
2253 3027 2402 3082 saepe
2428 3011 2642 3065 dictum
2667 3012 2767 3078 est,
2797 3010 2934 3064 duas
2962 3013 3191 3063 naturas
3212 3008 3270 3062 in
3295 3007 3396 3061 Dei
3425 3008 3511 3060 Fi-

1890 3108 1965 3162 lio
1996 3108 2312 3179 intelligere
2343 3107 2632 3175 debemus,
2681 3106 2929 3161 divinam
2956 3106 3168 3160 scilicet
3209 3110 3381 3176 atque
3405 3104 3516 3158 hu-

1891 3218 2121 3256 manam
2152 3219 2168 3269 ;
2209 3201 2479 3267 divinam,
2506 3201 2564 3254 in
2603 3216 2714 3271 qua
2743 3199 2974 3270 aequalis
2999 3204 3082 3253 est
3109 3199 3280 3267 Patri,
3309 3197 3370 3252 in
3407 3214 3518 3268 qua

1890 3311 1994 3348 nec
2018 3295 2196 3348 factus
2224 3311 2327 3348 nec
2355 3299 2575 3348 creatus
2600 3299 2684 3347 est
2712 3310 2726 3358 ;
2757 3294 3067 3358 humanam,
3091 3295 3148 3346 in
3167 3309 3277 3362 qua
3301 3293 3366 3347 de
3391 3308 3509 3346 ma-

1892 3393 1971 3443 tre
1997 3392 2158 3442 natus
2181 3393 2256 3442 est
2285 3387 2474 3440 homo.
2507 3386 2774 3441 Ordinem
2798 3385 3030 3456 exponit
3055 3385 3339 3454 quomodo
3363 3401 3418 3440 IN
3437 3401 3522 3440 w-

1893 3497 2063 3536 STlTlA
2096 3496 2157 3535 ET
2202 3495 2525 3535 SANCTITATE
2553 3495 2613 3532 ET
2659 3493 2938 3532 VERITATE.
2989 3479 3147 3532 Jesus
3181 3493 3320 3548 ergo
3350 3477 3520 3532 Filius

1893 3573 1991 3628 Dei
2029 3573 2088 3626 in
2135 3573 2356 3643 justitia
2381 3577 2437 3626 et
2483 3571 2774 3625 sanctitate
2816 3576 3035 3625 creatus
3083 3575 3186 3638 est,
3216 3569 3348 3640 quia
3374 3571 3520 3625 Deus

1893 3667 2009 3720 veri
2036 3667 2132 3720 Dei
2159 3666 2328 3720 Filius
2355 3669 2455 3718 est.
2493 3666 2556 3718 Et
2585 3669 2715 3718 nota
2743 3680 2756 3717 :
2801 3663 2999 3734 religio
3025 3667 3194 3733 atque
3211 3662 3432 3732 justitia
3459 3663 3518 3716 in

153 3749 302 3801 Nam
323 3752 380 3800 et
406 3747 583 3800 sancti
611 3747 1012 3802 indumentum
1041 3747 1259 3802 Domini
1290 3748 1574 3802 interdum
1601 3749 1795 3804 dicun-
1814 3729 1869 3804 C
1892 3760 1988 3814 1110
2013 3777 2143 3814 cum
2168 3758 2396 3812 veritate
2415 3758 2690 3828 completa
2715 3759 2830 3824 est;
2881 3729 2937 3810 εἶ
2961 3756 3085 3810 ideo
3099 3729 3253 3810 ᾟειίθ
3278 3755 3336 3809 in
3357 3755 3520 3826 justi.

155 3847 276 3909 tur,
300 3841 447 3894 sicut
471 3838 608 3894 alibi
637 3840 772 3894 dicit
803 3859 817 3896 :
855 3843 987 3896 Vivo
1031 3857 1144 3910 ego,
1173 3841 1308 3895 dicit
1349 3845 1624 3904 Dominus,
1664 3845 1794 3911 quia
1891 3853 1990 3919 tia,
2019 3853 2153 3924 quia
2181 3851 2459 3914 maculam
2492 3849 2704 3920 peccati
2733 3865 2848 3903 non
2879 3848 3079 3902 habuit
3114 3865 3127 3915 ;
3151 3848 3358 3918 justus,
3387 3848 3521 3918 quia

154 3934 408 3989 omnibus
429 3935 513 3989 his
539 3935 689 3988 velut
708 3940 1080 3989 ornamentum
1109 3937 1338 3988 vestiris.
1373 3934 1560 3989 Sancti
1603 3938 1793 4012 autem
1886 3945 2165 4017 justitiam
2218 3943 2717 4015 di1igit;sanctus,
2763 3943 2908 3996 sicut
2950 3941 3071 4013 ipse
3119 3941 3286 3995 dicit:
3331 3943 3518 3998 Sancti

154 4027 412 4083 induunt
451 4027 776 4093 Dominum,
815 4028 952 4082 dum
978 4033 1252 4082 renovant
1285 4028 1550 4098 spiritum
1593 4029 1796 4082 mentis

157 4137 300 4175 suae.
317 4121 384 4174 Et
403 4126 549 4174 recte
563 4137 775 4175 novum
795 4121 1088 4176 hominem
1111 4121 1244 4176 dicit
1260 4121 1562 4176 Dominum
1581 4123 1790 4192 Jesum,

159 4215 305 4286 quia
329 4230 511 4268 novus
538 4215 708 4268 homo
747 4215 899 4269 venit
930 4215 988 4268 in
1017 4215 1319 4282 mundum,
1350 4231 1494 4270 nova
1521 4220 1796 4286 praecepta

156 4307 324 4362 dedit
348 4307 587 4362 mundo.
618 4309 770 4362 Nova
784 4309 994 4362 etenim
1008 4308 1112 4363 fuit
1133 4309 1446 4380 conceptio,
1465 4313 1679 4380 partus,
1701 4325 1796 4362 na-

157 4402 371 4468 tivitas,
415 4401 783 4472 baptismum,
813 4402 1084 4468 doctrina,
1114 4402 1315 4474 passio,
1350 4419 1522 4471 mors,
1553 4417 1797 4457 resurre-

161 4495 302 4562 ctio,
331 4495 468 4548 etin
488 4494 642 4548 caelis
663 4495 930 4550 ascensio.
957 4496 1238 4566 Quidquid
1257 4497 1313 4550 in
1335 4495 1431 4550 illo
1457 4496 1792 4564 consideres,

158 4589 219 4642 in
253 4593 546 4658 assumpto
581 4588 810 4642 homine
838 4594 1057 4643 tantum
1083 4590 1300 4644 novitas
1325 4589 1450 4643 fuit.
1491 4589 1600 4652 Qui
1645 4589 1796 4644 enim

160 4682 220 4736 in
266 4697 364 4735 sua
385 4683 535 4735 Deus
556 4685 686 4734 ante
713 4682 915 4736 saecula
939 4683 1170 4750 exstitit,
1188 4683 1250 4737 in
1275 4682 1385 4737 ﬁne
1411 4683 1579 4738 seculi
1607 4683 1663 4737 in
1675 4699 1799 4737 nos-

159 4781 252 4831 tra
280 4791 462 4830 novus
511 4775 684 4830 homo
712 4776 992 4846 apparuit.
1039 4777 1217 4841 Quem
1247 4793 1458 4832 novum
1504 4776 1796 4831 hominem

158 4868 294 4924 novi
345 4869 606 4924 homines
636 4869 798 4924 indui
841 4869 1067 4936 debent,
1102 4887 1233 4925 eum
1275 4871 1566 4937 imitando,
1595 4875 1662 4924 ut
1687 4871 1799 4925 sint

161 4963 471 5032 mansueti,
501 4963 686 5031 mites,
709 4963 973 5030 humiles,
993 4964 1402 5032 misericordes,
1424 4981 1540 5018 non
1565 4965 1799 5021 redden-

161 5063 249 5112 tes
278 5057 492 5111 malum
520 5072 625 5127 pro
654 5057 824 5123 malo,
847 5057 934 5111 vel
959 5057 1320 5112 maledictum
1349 5075 1453 5130 pro
1476 5059 1792 5127 maledicto,

161 5155 220 5205 et
247 5149 338 5204 his
355 5149 562 5204 similia
589 5165 700 5220 que
723 5149 842 5220 ipse
854 5149 1020 5221 jubet
1042 5151 1354 5222 implendo.
1397 5151 1553 5216 Quod
1591 5152 1688 5222 qui
1720 5153 1798 5207 fe-

163 5247 372 5313 cerint,
395 5247 714 5302 induuntur
736 5263 952 5302 novum
975 5247 1268 5302 hominem
1289 5248 1596 5316 Christum,
1624 5254 1681 5306 et
1707 5267 1795 5305 va-

163 5338 288 5394 lent
307 5337 496 5392 dicere
517 5353 530 5390 :
569 5339 706 5394 Vivo
730 5342 910 5392 autem
923 5337 1049 5406 jam
1066 5353 1172 5391 non
1191 5352 1306 5406 ego,
1331 5340 1469 5392 vivit
1491 5354 1613 5394 vero
1628 5341 1690 5394 in
1713 5355 1796 5394 me

165 5434 432 5494 Christus,
465 5447 556 5494 QUI
587 5446 870 5488 SECUNDUM
901 5432 1054 5486 DEUM
1085 5445 1320 5486 caurus
1350 5445 1464 5486 asr.

237 5525 378 5580 Nota
401 5525 537 5596 quia
563 5524 625 5578 in
650 5521 952 5596 Scripturis
979 5523 1148 5577 sacris
1171 5539 1288 5578 non
1314 5523 1382 5578 de
1397 5523 1670 5594 minimis,
1699 5525 1796 5580 sed

165 5618 236 5673 de
281 5617 524 5672 summis
549 5619 608 5672 et
643 5617 948 5689 praecipuis
974 5615 1347 5671 creationibus
1374 5615 1661 5672 invenitur
1688 5634 1792 5672 no-

166 5727 320 5767 men.
349 5711 514 5766 Verbi
536 5711 716 5783 gratia
738 5727 753 5763 :
781 5713 1001 5765 creatus
1021 5713 1104 5764 est
1129 5708 1396 5780 mundus,
1423 5709 1693 5766 mdiﬁcata
1712 5715 1796 5766 est

168 5803 374 5860 domus
398 5847 412 5874 ,
447 5805 673 5861 condita
717 5809 802 5860 est
845 5804 1002 5860 urbs.
1056 5803 1357 5859 Considera
1407 5803 1684 5874 ordinem,
1738 5807 1796 5861 et

167 5898 294 5954 vide
344 5898 800 5972 magnitudinem
853 5902 1202 5972 assumptum
1247 5897 1543 5956 hominem
1594 5897 1790 5956 Deum.

1895 4044 2075 4102 estote,
2107 4041 2237 4109 quia
2279 4043 2330 4092 et
2353 4053 2446 4106 ego
2475 4042 2690 4092 sanctus
2729 4051 2848 4090 sum
2875 4037 3130 4090 Dominus
3161 4038 3294 4090 Deus
3326 4040 3514 4090 vester.

1894 4135 1961 4188 Et
1981 4132 2202 4200 veritas,
2236 4148 2364 4186 cum
2387 4130 2552 4186 dicit:
2583 4133 2693 4199 Ego
2719 4145 2838 4184 sum
2856 4131 2968 4191 via,
2994 4130 3192 4184 veritas
3220 4133 3270 4182 et
3298 4131 3434 4183 vita.

1966 4229 2216 4281 PROPTER
2261 4241 2405 4288 QI'OD
2457 4237 2799 4279 DEPONENTES
2848 4237 3184 4285 MENDACIUM,
3238 4237 3520 4285 LOQUIMINI

1895 4335 2194 4376 vannum
2221 4333 2596 4380 UNL‘SQUISQUE
2637 4333 2745 4373 CL’M
2777 4329 3020 4372 rnoxmo
3060 4332 3182 4371 suo.
3222 4317 3523 4387 Propterea

1896 4413 2030 4484 quia
2053 4429 2262 4467 novum
2301 4411 2592 4466 hominem
2617 4410 2776 4464 indui
2804 4409 3036 4475 debetis,
3064 4409 3249 4480 primo
3284 4409 3518 4464 menda-

1897 4506 2046 4560 cium
2065 4507 2346 4576 deponere
2375 4503 2605 4571 debetis,
2635 4507 2689 4557 et
2709 4503 3004 4556 veritatem
3031 4501 3201 4572 loqui.
3225 4501 3415 4556 Simile
3437 4506 3522 4556 est

1896 4598 2046 4670 quod
2072 4597 2353 4669 peccatori
2380 4596 2515 4651 dicit
2543 4600 2766 4649 sanctus
2805 4593 2974 4647 David
3005 4609 3018 4648 :
3055 4594 3271 4648 Declina
3292 4610 3326 4645 a
3355 4594 3516 4656 malo,

1897 4697 1946 4747 et
1968 4694 2060 4759 fac
2085 4693 2296 4744 bonum.
2329 4691 2394 4744 Et
2418 4689 2570 4744 idem
2599 4687 2878 4758 apostolus
2905 4687 2976 4740 ad
3001 4686 3190 4740 Titum
3218 4703 3232 4740 :
3269 4688 3335 4740 Ut
3357 4688 3516 4742 abne-

1895 4791 2079 4854 gantes
2119 4786 2448 4852 impietatem
2488 4785 2538 4836 et
2586 4781 2870 4836 saecularia
2907 4779 3193 4834 desideria.
3226 4780 3424 4834 Petrus
3445 4778 3518 4834 ad

1897 4894 2115 4950 sparsos
2148 4879 2338 4946 (Epist.
2366 4879 2411 4940 I,
2441 4891 2522 4938 Ill,
2557 4875 2640 4943 10)
2675 4891 2688 4928 :
2727 4875 2831 4941 Qui
2857 4874 2977 4928 vult
3003 4875 3172 4927 vitam
3217 4873 3440 4942 diligere
3469 4877 3522 4928 et

1897 4972 2078 5026 videre
2106 4970 2218 5025 dies
2243 4971 2420 5032 bonos,
2457 4972 2690 5024 coerceat
2715 4968 2958 5036 linguam
2983 4981 3139 5021 suam
3163 4981 3198 5020 a
3223 4967 3386 5020 malo.
3431 4964 3520 5021 Sic

1898 5070 1954 5118 et
1981 5064 2073 5118 hic
2094 5065 2439 5134 deponentes
2463 5061 2839 5117 mendacium.
2867 5059 3212 5116 Mendacium
3239 5064 3324 5114 est
3349 5075 3521 5115 omne

1895 5158 2130 5213 verbum
2151 5157 2425 5212 dolosum.
2453 5154 2797 5226 Augustinus
2815 5153 2949 5208 dicit
2967 5169 3134 5208 omne
3159 5153 3520 5208 mendacium

1893 5255 2186 5322 peccatum
2215 5265 2354 5304 esse.
2393 5247 2540 5303 Audi
2567 5252 2622 5302 et
2643 5245 2794 5301 aliud
2823 5262 2836 5300 :
2888 5244 3066 5303 Odisti
3087 5260 3263 5302 omnes
3281 5244 3378 5317 qui
3399 5258 3520 5318 ope.

1894 5349 2090 5399 rantur
2125 5345 2488 5414 iniquitatem.
2522 5339 2853 5397 Proximum
2892 5339 2998 5394 hoc
3045 5339 3108 5394 in
3135 5340 3256 5396 loco
3279 5356 3522 5397 consan-

1897 5439 2190 5509 guineum,
2222 5435 2309 5490 vel
2337 5434 2743 5507 propinquum,
2772 5437 2871 5488 aut
2902 5433 3153 5488 vicinum
3192 5439 3414 5490 tantum
3439 5435 3524 5490 in-

1893 5529 2147 5602 telligere
2166 5543 2280 5584 non
2310 5529 2584 5585 debemus
2613 5543 2626 5595 ;
2659 5527 2756 5582 sed
2784 5542 3016 5582 omnem
3036 5527 3366 5597 hominem;
3388 5528 3519 5582 alio.

1893 5623 2033 5695 quin
2057 5623 2152 5695 qui
2168 5621 2462 5694 proximus
2487 5637 2600 5676 non
2615 5625 2701 5676 est
2715 5619 2882 5676 debet
2899 5619 3260 5676 mendacium
3281 5620 3475 5676 audire
3487 5619 3516 5676 τ

1893 5731 2008 5770 non
2034 5715 2248 5788 utique.
2281 5715 2337 5771 Si
2375 5714 2527 5769 enim
2571 5713 2897 5786 proximum
2932 5713 3412 5784 consanguineum
3451 5716 3518 5767 ut

1892 5805 2278 5876 propinquum
2296 5803 2610 5876 intelligam
2635 5804 2859 5858 tantum
2885 5802 3174 5866 debemus,
3200 5798 3334 5870 quid
3350 5797 3514 5853 facie-

1893 5913 2020 5955 mus
2037 5897 2106 5954 de
2131 5913 2243 5972 quo
2271 5896 2405 5955 alibi
2429 5895 2643 5956 dictum
2661 5900 2762 5968 est,
2786 5898 2907 5954 Non
2931 5891 3265 5949 adutterabis
3291 5904 3510 5958 uxorem
