  <div class='ocr_page' id='page_1' title='image "/cluster/home/n/w/nwhite01/storage/ocr_20150623/72/umn.31951002477365o/425.png"; bbox 0 0 4022 6422; ppageno 0'>
   <div class='ocr_carea' id='block_1_1' title="bbox 544 351 646 404">
    <p class='ocr_par' dir='ltr' id='par_1_1' title="bbox 544 351 646 404">
     <span class='ocr_line' id='line_1_1' title="bbox 544 351 646 404; baseline 0.01 -1"><span class='ocrx_word' id='word_1_1' title='bbox 544 351 646 404; x_wconf 77' lang='lat'>835</span> 
     </span>
    </p>
   </div>
   <div class='ocr_carea' id='block_1_2' title="bbox 2011 344 2405 404">
    <p class='ocr_par' dir='ltr' id='par_1_2' title="bbox 2011 344 2405 404">
     <span class='ocr_line' id='line_1_2' title="bbox 2011 344 2405 404; baseline 0 -2"><span class='ocrx_word' id='word_1_2' title='bbox 2011 344 2405 404; x_wconf 82' lang='lat' dir='ltr'>LUCULENTII</span> 
     </span>
    </p>
   </div>
   <div class='ocr_carea' id='block_1_3' title="bbox 3846 344 3957 396">
    <p class='ocr_par' dir='ltr' id='par_1_3' title="bbox 3846 344 3957 396">
     <span class='ocr_line' id='line_1_3' title="bbox 3846 344 3957 396; baseline -0.027 0"><span class='ocrx_word' id='word_1_3' title='bbox 3846 344 3957 396; x_wconf 87' lang='lat'>836</span> 
     </span>
    </p>
   </div>
   <div class='ocr_carea' id='block_1_4' title="bbox 540 446 3957 542">
    <p class='ocr_par' dir='ltr' id='par_1_4' title="bbox 540 446 3957 542">
     <span class='ocr_line' id='line_1_4' title="bbox 540 446 3957 542; baseline -0.002 -32"><span class='ocrx_word' id='word_1_4' title='bbox 540 461 777 527; x_wconf 69' lang='lat' dir='ltr'>proximi</span> <span class='ocrx_word' id='word_1_5' title='bbox 805 460 886 512; x_wconf 87' lang='lat' dir='ltr'>tui</span> <span class='ocrx_word' id='word_1_6' title='bbox 911 459 938 510; x_wconf 85' lang='lat'><strong><em>?</em></strong></span> <span class='ocrx_word' id='word_1_7' title='bbox 967 457 1022 512; x_wconf 89' lang='lat' dir='ltr'><strong>Si</strong></span> <span class='ocrx_word' id='word_1_8' title='bbox 1051 450 1373 526; x_wconf 81' lang='lat' dir='ltr'>proximum</span> <span class='ocrx_word' id='word_1_9' title='bbox 1388 457 1870 527; x_wconf 84' lang='lat' dir='ltr'>consanguineum</span> <span class='ocrx_word' id='word_1_10' title='bbox 1883 457 2156 528; x_wconf 77' lang='lat' dir='ltr'>intelligis</span> <span class='ocrx_word' id='word_1_11' title='bbox 2177 472 2236 542; x_wconf 76' lang='grc' dir='ltr'>Α</span> <span class='ocrx_word' id='word_1_12' title='bbox 2255 474 2426 528; x_wconf 86' lang='lat' dir='ltr'>quem</span> <span class='ocrx_word' id='word_1_13' title='bbox 2455 457 2655 526; x_wconf 84' lang='lat' dir='ltr'>Aquila</span> <span class='ocrx_word' id='word_1_14' title='bbox 2680 457 3000 525; x_wconf 77' lang='lat' dir='ltr'>apostatam</span> <span class='ocrx_word' id='word_1_15' title='bbox 3029 446 3322 508; x_wconf 76' lang='lat' dir='ltr'>transtulit</span> <span class='ocrx_word' id='word_1_16' title='bbox 3356 469 3371 507; x_wconf 89' lang='lat'><strong>:</strong></span> <span class='ocrx_word' id='word_1_17' title='bbox 3405 450 3504 507; x_wconf 89' lang='lat' dir='ltr'>cui</span> <span class='ocrx_word' id='word_1_18' title='bbox 3532 451 3758 506; x_wconf 88' lang='lat' dir='ltr'>locum</span> <span class='ocrx_word' id='word_1_19' title='bbox 3809 449 3957 504; x_wconf 82' lang='lat' dir='ltr'>dare</span> 
     </span>
    </p>
   </div>
   <div class='ocr_carea' id='block_1_5' title="bbox 545 548 2158 616">
    <p class='ocr_par' dir='ltr' id='par_1_5' title="bbox 545 548 2158 616">
     <span class='ocr_line' id='line_1_5' title="bbox 545 548 2158 616; baseline 0.001 -13"><span class='ocrx_word' id='word_1_20' title='bbox 545 550 916 616; x_wconf 90' lang='lat' dir='ltr'>solummodo,</span> <span class='ocrx_word' id='word_1_21' title='bbox 949 548 1168 603; x_wconf 87' lang='lat' dir='ltr'>videtur</span> <span class='ocrx_word' id='word_1_22' title='bbox 1197 549 1328 602; x_wconf 88' lang='lat' dir='ltr'>dare</span> <span class='ocrx_word' id='word_1_23' title='bbox 1381 548 1461 602; x_wconf 87' lang='lat' dir='ltr'>illi</span> <span class='ocrx_word' id='word_1_24' title='bbox 1494 549 1776 604; x_wconf 83' lang='lat' dir='ltr'>licentiam</span> <span class='ocrx_word' id='word_1_25' title='bbox 1819 566 1949 603; x_wconf 90' lang='lat' dir='ltr'>cum</span> <span class='ocrx_word' id='word_1_26' title='bbox 1979 555 2158 604; x_wconf 80' lang='lat' dir='ltr'>extra-</span> 
     </span>
    </p>
   </div>
   <div class='ocr_carea' id='block_1_6' title="bbox 543 640 2157 698">
    <p class='ocr_par' dir='ltr' id='par_1_6' title="bbox 543 640 2157 698">
     <span class='ocr_line' id='line_1_6' title="bbox 543 640 2157 698; baseline 0.001 -4"><span class='ocrx_word' id='word_1_27' title='bbox 543 642 660 695; x_wconf 90' lang='lat' dir='ltr'>neis</span> <span class='ocrx_word' id='word_1_28' title='bbox 674 641 1000 694; x_wconf 83' lang='lat' dir='ltr'>mulieribus</span> <span class='ocrx_word' id='word_1_29' title='bbox 1022 640 1449 695; x_wconf 88' lang='lat' dir='ltr'>concumbendi.</span> <span class='ocrx_word' id='word_1_30' title='bbox 1468 643 1534 695; x_wconf 89' lang='lat' dir='ltr'>Et</span> <span class='ocrx_word' id='word_1_31' title='bbox 1546 656 1676 698; x_wconf 86' lang='lat' dir='ltr'>vere</span> <span class='ocrx_word' id='word_1_32' title='bbox 1698 658 1892 696; x_wconf 88' lang='lat' dir='ltr'>omnes</span> <span class='ocrx_word' id='word_1_33' title='bbox 1913 643 2157 696; x_wconf 78' lang='lat' dir='ltr'>adulteri</span> 
     </span>
    </p>
   </div>
   <div class='ocr_carea' id='block_1_7' title="bbox 541 733 2154 804">
    <p class='ocr_par' dir='ltr' id='par_1_7' title="bbox 541 733 2154 804">
     <span class='ocr_line' id='line_1_7' title="bbox 541 733 2154 804; baseline 0.001 -18"><span class='ocrx_word' id='word_1_34' title='bbox 541 734 608 786; x_wconf 86' lang='lat' dir='ltr'>ad</span> <span class='ocrx_word' id='word_1_35' title='bbox 639 749 861 804; x_wconf 83' lang='lat' dir='ltr'>poenam</span> <span class='ocrx_word' id='word_1_36' title='bbox 889 733 1100 786; x_wconf 87' lang='lat' dir='ltr'>vadunt</span> <span class='ocrx_word' id='word_1_37' title='bbox 1132 749 1144 785; x_wconf 88' lang='lat'><strong>:</strong></span> <span class='ocrx_word' id='word_1_38' title='bbox 1175 738 1230 786; x_wconf 89' lang='lat' dir='ltr'>et</span> <span class='ocrx_word' id='word_1_39' title='bbox 1257 736 1608 798; x_wconf 73' lang='lat' dir='ltr'>fornicatores</span> <span class='ocrx_word' id='word_1_40' title='bbox 1634 741 1682 788; x_wconf 77' lang='lat' dir='ltr'>et</span> <span class='ocrx_word' id='word_1_41' title='bbox 1709 736 1982 788; x_wconf 82' lang='lat' dir='ltr'>adulteros</span> <span class='ocrx_word' id='word_1_42' title='bbox 2003 734 2154 802; x_wconf 85' lang='lat' dir='ltr'>judi-</span> 
     </span>
    </p>
   </div>
   <div class='ocr_carea' id='block_1_8' title="bbox 541 825 2154 895">
    <p class='ocr_par' dir='ltr' id='par_1_8' title="bbox 541 825 2154 895">
     <span class='ocr_line' id='line_1_8' title="bbox 541 825 2154 895; baseline 0.001 -17"><span class='ocrx_word' id='word_1_43' title='bbox 541 827 681 880; x_wconf 85' lang='lat' dir='ltr'>cabit</span> <span class='ocrx_word' id='word_1_44' title='bbox 711 829 866 880; x_wconf 88' lang='lat' dir='ltr'>Deus.</span> <span class='ocrx_word' id='word_1_45' title='bbox 898 827 1042 895; x_wconf 80' lang='lat' dir='ltr'>Ergo</span> <span class='ocrx_word' id='word_1_46' title='bbox 1074 825 1395 894; x_wconf 83' lang='lat' dir='ltr'>proximum</span> <span class='ocrx_word' id='word_1_47' title='bbox 1426 841 1652 879; x_wconf 87' lang='lat' dir='ltr'>omnem</span> <span class='ocrx_word' id='word_1_48' title='bbox 1684 827 1971 880; x_wconf 81' lang='lat' dir='ltr'>hominem</span> <span class='ocrx_word' id='word_1_49' title='bbox 1990 827 2154 880; x_wconf 88' lang='lat' dir='ltr'>intel-</span> 
     </span>
    </p>
   </div>
   <div class='ocr_carea' id='block_1_9' title="bbox 542 917 2154 988">
    <p class='ocr_par' dir='ltr' id='par_1_9' title="bbox 542 917 2154 988">
     <span class='ocr_line' id='line_1_9' title="bbox 542 917 2154 988; baseline 0.001 -18"><span class='ocrx_word' id='word_1_50' title='bbox 542 917 642 988; x_wconf 78' lang='lat' dir='ltr'>ligi</span> <span class='ocrx_word' id='word_1_51' title='bbox 672 918 854 986; x_wconf 88' lang='lat' dir='ltr'>debet,</span> <span class='ocrx_word' id='word_1_52' title='bbox 883 934 1011 970; x_wconf 89' lang='lat' dir='ltr'>cum</span> <span class='ocrx_word' id='word_1_53' title='bbox 1045 933 1176 986; x_wconf 87' lang='lat' dir='ltr'>quo,</span> <span class='ocrx_word' id='word_1_54' title='bbox 1210 917 1400 970; x_wconf 90' lang='lat' dir='ltr'>relicto</span> <span class='ocrx_word' id='word_1_55' title='bbox 1427 918 1740 986; x_wconf 88' lang='lat' dir='ltr'>mendacio,</span> <span class='ocrx_word' id='word_1_56' title='bbox 1759 919 2053 972; x_wconf 77' lang='lat' dir='ltr'>veritatem</span> <span class='ocrx_word' id='word_1_57' title='bbox 2075 919 2154 971; x_wconf 91' lang='lat' dir='ltr'>lo-</span> 
     </span>
    </p>
   </div>
   <div class='ocr_carea' id='block_1_10' title="bbox 541 1011 2158 1080">
    <p class='ocr_par' dir='ltr' id='par_1_10' title="bbox 541 1011 2158 1080">
     <span class='ocr_line' id='line_1_10' title="bbox 541 1011 2158 1080; baseline 0.001 -17"><span class='ocrx_word' id='word_1_58' title='bbox 541 1011 636 1080; x_wconf 89' lang='lat' dir='ltr'>qui</span> <span class='ocrx_word' id='word_1_59' title='bbox 671 1027 892 1064; x_wconf 87' lang='lat' dir='ltr'>necesse</span> <span class='ocrx_word' id='word_1_60' title='bbox 913 1015 1015 1063; x_wconf 89' lang='lat' dir='ltr'>est.</span> <span class='ocrx_word' id='word_1_61' title='bbox 1047 1011 1297 1072; x_wconf 59' lang='lat' dir='ltr'>Quorsum</span> <span class='ocrx_word' id='word_1_62' title='bbox 1328 1026 1500 1065; x_wconf 60' lang='lat' dir='ltr'>sonus</span> <span class='ocrx_word' id='word_1_63' title='bbox 1542 1027 1758 1066; x_wconf 72' lang='lat' dir='ltr'>mvmen</span> <span class='ocrx_word' id='word_1_64' title='bbox 1791 1027 2027 1066; x_wconf 72' lang='lat' dir='ltr'>nemnu.</span> <span class='ocrx_word' id='word_1_65' title='bbox 2063 1011 2158 1064; x_wconf 79' lang='lat' dir='ltr'>llic</span> 
     </span>
    </p>
   </div>
   <div class='ocr_carea' id='block_1_11' title="bbox 542 1103 2156 1173">
    <p class='ocr_par' dir='ltr' id='par_1_11' title="bbox 542 1103 2156 1173">
     <span class='ocr_line' id='line_1_11' title="bbox 542 1103 2156 1173; baseline 0.001 -18"><span class='ocrx_word' id='word_1_66' title='bbox 542 1103 803 1156; x_wconf 76' lang='lat' dir='ltr'>distantia</span> <span class='ocrx_word' id='word_1_67' title='bbox 850 1103 991 1154; x_wconf 86' lang='lat' dir='ltr'>facta</span> <span class='ocrx_word' id='word_1_68' title='bbox 1037 1108 1139 1168; x_wconf 80' lang='lat' dir='ltr'>est,</span> <span class='ocrx_word' id='word_1_69' title='bbox 1172 1107 1234 1156; x_wconf 89' lang='lat' dir='ltr'>ut</span> <span class='ocrx_word' id='word_1_70' title='bbox 1263 1104 1592 1172; x_wconf 77' lang='lat' dir='ltr'>proximum</span> <span class='ocrx_word' id='word_1_71' title='bbox 1624 1103 1904 1173; x_wconf 78' lang='lat' dir='ltr'>intelligas</span> <span class='ocrx_word' id='word_1_72' title='bbox 1933 1120 2156 1157; x_wconf 89' lang='lat' dir='ltr'>omnem</span> 
     </span>
    </p>
   </div>
   <div class='ocr_carea' id='block_1_12' title="bbox 543 1193 2157 1265">
    <p class='ocr_par' dir='ltr' id='par_1_12' title="bbox 543 1193 2157 1265">
     <span class='ocr_line' id='line_1_12' title="bbox 543 1193 2157 1265; baseline 0.001 -18"><span class='ocrx_word' id='word_1_73' title='bbox 543 1195 852 1248; x_wconf 88' lang='lat' dir='ltr'>hominem.</span> <span class='ocrx_word' id='word_1_74' title='bbox 875 1193 1187 1247; x_wconf 85' lang='lat' dir='ltr'>Membrum</span> <span class='ocrx_word' id='word_1_75' title='bbox 1204 1199 1391 1248; x_wconf 90' lang='lat' dir='ltr'>autem</span> <span class='ocrx_word' id='word_1_76' title='bbox 1409 1212 1521 1248; x_wconf 91' lang='lat' dir='ltr'>non</span> <span class='ocrx_word' id='word_1_77' title='bbox 1546 1201 1728 1265; x_wconf 77' lang='lat' dir='ltr'>potest</span> <span class='ocrx_word' id='word_1_78' title='bbox 1746 1213 1884 1263; x_wconf 84' lang='lat' dir='ltr'>esse,</span> <span class='ocrx_word' id='word_1_79' title='bbox 1905 1197 2012 1248; x_wconf 83' lang='lat' dir='ltr'>nisi</span> <span class='ocrx_word' id='word_1_80' title='bbox 2029 1196 2157 1248; x_wconf 83' lang='lat' dir='ltr'>tide-</span> 
     </span>
    </p>
   </div>
   <div class='ocr_carea' id='block_1_13' title="bbox 541 1286 2161 1356">
    <p class='ocr_par' dir='ltr' id='par_1_13' title="bbox 541 1286 2161 1356">
     <span class='ocr_line' id='line_1_13' title="bbox 541 1286 2161 1356; baseline 0.001 -17"><span class='ocrx_word' id='word_1_81' title='bbox 541 1287 610 1340; x_wconf 90' lang='lat' dir='ltr'>lis</span> <span class='ocrx_word' id='word_1_82' title='bbox 640 1286 806 1339; x_wconf 83' lang='lat' dir='ltr'>fideli.</span> <span class='ocrx_word' id='word_1_83' title='bbox 826 1289 951 1353; x_wconf 72' lang='lat' dir='ltr'>Qua:</span> <span class='ocrx_word' id='word_1_84' title='bbox 975 1289 1116 1340; x_wconf 84' lang='lat' dir='ltr'>enim</span> <span class='ocrx_word' id='word_1_85' title='bbox 1145 1290 1363 1341; x_wconf 76' lang='lat' dir='ltr'>societas</span> <span class='ocrx_word' id='word_1_86' title='bbox 1395 1289 1502 1341; x_wconf 88' lang='lat' dir='ltr'>luci</span> <span class='ocrx_word' id='word_1_87' title='bbox 1527 1289 1598 1341; x_wconf 89' lang='lat' dir='ltr'>ad</span> <span class='ocrx_word' id='word_1_88' title='bbox 1629 1290 1913 1342; x_wconf 81' lang='lat' dir='ltr'>tenebras?</span> <span class='ocrx_word' id='word_1_89' title='bbox 1937 1295 2161 1356; x_wconf 74' lang='lat' dir='ltr'>antqua!</span> 
     </span>
    </p>
   </div>
   <div class='ocr_carea' id='block_1_14' title="bbox 537 1379 2158 1449">
    <p class='ocr_par' dir='ltr' id='par_1_14' title="bbox 537 1379 2158 1449">
     <span class='ocr_line' id='line_1_14' title="bbox 537 1379 2158 1449; baseline -0.001 -17"><span class='ocrx_word' id='word_1_90' title='bbox 537 1395 668 1449; x_wconf 78' lang='lat' dir='ltr'>pars</span> <span class='ocrx_word' id='word_1_91' title='bbox 691 1379 838 1446; x_wconf 80' lang='lat' dir='ltr'>ﬁdeli</span> <span class='ocrx_word' id='word_1_92' title='bbox 863 1395 980 1432; x_wconf 85' lang='lat' dir='ltr'>cum</span> <span class='ocrx_word' id='word_1_93' title='bbox 1004 1380 1210 1446; x_wconf 81' lang='lat' dir='ltr'>inﬁdeli</span> <span class='ocrx_word' id='word_1_94' title='bbox 1235 1383 1262 1432; x_wconf 64' lang='grc' dir='ltr'>ἱ)</span> <span class='ocrx_word' id='word_1_95' title='bbox 1290 1380 1820 1433; x_wconf 76' lang='lat' dir='ltr'>subanditurNulla.</span> <span class='ocrx_word' id='word_1_96' title='bbox 1851 1383 1930 1432; x_wconf 88' lang='lat' dir='ltr'>Ita</span> <span class='ocrx_word' id='word_1_97' title='bbox 1951 1397 2050 1432; x_wconf 85' lang='lat' dir='ltr'>nec</span> <span class='ocrx_word' id='word_1_98' title='bbox 2071 1396 2158 1448; x_wconf 85' lang='lat' dir='ltr'>pa-</span> 
     </span>
    </p>
   </div>
   <div class='ocr_carea' id='block_1_15' title="bbox 544 1471 2155 1541">
    <p class='ocr_par' dir='ltr' id='par_1_15' title="bbox 544 1471 2155 1541">
     <span class='ocr_line' id='line_1_15' title="bbox 544 1471 2155 1541; baseline 0.001 -18"><span class='ocrx_word' id='word_1_99' title='bbox 544 1487 724 1540; x_wconf 86' lang='lat' dir='ltr'>ganus</span> <span class='ocrx_word' id='word_1_100' title='bbox 753 1471 1066 1524; x_wconf 88' lang='lat' dir='ltr'>Christiano</span> <span class='ocrx_word' id='word_1_101' title='bbox 1092 1471 1412 1525; x_wconf 84' lang='lat' dir='ltr'>membrum</span> <span class='ocrx_word' id='word_1_102' title='bbox 1434 1489 1552 1524; x_wconf 88' lang='lat' dir='ltr'>esse</span> <span class='ocrx_word' id='word_1_103' title='bbox 1577 1478 1776 1541; x_wconf 83' lang='lat' dir='ltr'>potest,</span> <span class='ocrx_word' id='word_1_104' title='bbox 1795 1471 1898 1524; x_wconf 85' lang='lat' dir='ltr'>nisi</span> <span class='ocrx_word' id='word_1_105' title='bbox 1922 1471 2000 1524; x_wconf 90' lang='lat' dir='ltr'>illi</span> <span class='ocrx_word' id='word_1_106' title='bbox 2029 1472 2155 1540; x_wconf 88' lang='lat' dir='ltr'>qui-</span> 
     </span>
    </p>
   </div>
   <div class='ocr_carea' id='block_1_16' title="bbox 540 1563 2155 1634">
    <p class='ocr_par' dir='ltr' id='par_1_16' title="bbox 540 1563 2155 1634">
     <span class='ocr_line' id='line_1_16' title="bbox 540 1563 2155 1634; baseline -0.001 -18"><span class='ocrx_word' id='word_1_107' title='bbox 540 1563 646 1616; x_wconf 90' lang='lat' dir='ltr'>bus</span> <span class='ocrx_word' id='word_1_108' title='bbox 677 1563 974 1633; x_wconf 81' lang='lat' dir='ltr'>Apostolus</span> <span class='ocrx_word' id='word_1_109' title='bbox 993 1563 1160 1617; x_wconf 88' lang='lat' dir='ltr'>dicit:</span> <span class='ocrx_word' id='word_1_110' title='bbox 1199 1567 1299 1618; x_wconf 89' lang='lat' dir='ltr'>Vos</span> <span class='ocrx_word' id='word_1_111' title='bbox 1326 1567 1449 1618; x_wconf 96' lang='lat' dir='ltr'>estis</span> <span class='ocrx_word' id='word_1_112' title='bbox 1469 1580 1660 1634; x_wconf 81' lang='lat' dir='ltr'>corpus</span> <span class='ocrx_word' id='word_1_113' title='bbox 1685 1566 1901 1625; x_wconf 81' lang='lat' dir='ltr'>Christi,</span> <span class='ocrx_word' id='word_1_114' title='bbox 1921 1569 1971 1618; x_wconf 89' lang='lat' dir='ltr'>et</span> <span class='ocrx_word' id='word_1_115' title='bbox 1993 1579 2155 1616; x_wconf 76' lang='lat' dir='ltr'>mem.-</span> 
     </span>
    </p>
   </div>
   <div class='ocr_carea' id='block_1_17' title="bbox 543 1655 1016 1708">
    <p class='ocr_par' dir='ltr' id='par_1_17' title="bbox 543 1655 1016 1708">
     <span class='ocr_line' id='line_1_17' title="bbox 543 1655 1016 1708; baseline 0 0"><span class='ocrx_word' id='word_1_116' title='bbox 543 1656 639 1708; x_wconf 88' lang='lat' dir='ltr'>bra</span> <span class='ocrx_word' id='word_1_117' title='bbox 666 1655 730 1708; x_wconf 89' lang='lat' dir='ltr'>de</span> <span class='ocrx_word' id='word_1_118' title='bbox 749 1656 1016 1708; x_wconf 81' lang='lat' dir='ltr'>membris.</span> 
     </span>
    </p>
   </div>
   <div class='ocr_carea' id='block_1_18' title="bbox 613 1748 2157 1816">
    <p class='ocr_par' dir='ltr' id='par_1_18' title="bbox 613 1748 2157 1816">
     <span class='ocr_line' id='line_1_18' title="bbox 613 1748 2157 1816; baseline 0.001 -16"><span class='ocrx_word' id='word_1_119' title='bbox 613 1751 929 1812; x_wconf 74' lang='lat' dir='ltr'>lRASCIMlNI,</span> <span class='ocrx_word' id='word_1_120' title='bbox 965 1763 1026 1800; x_wconf 87' lang='lat' dir='ltr'><strong>ET</strong></span> <span class='ocrx_word' id='word_1_121' title='bbox 1072 1762 1261 1801; x_wconf 64' lang='lat' dir='ltr'>some</span> <span class='ocrx_word' id='word_1_122' title='bbox 1291 1763 1548 1802; x_wconf 74' lang='lat' dir='ltr'>PECCARE.</span> <span class='ocrx_word' id='word_1_123' title='bbox 1584 1748 1794 1816; x_wconf 77' lang='lat' dir='ltr'>Duplex</span> <span class='ocrx_word' id='word_1_124' title='bbox 1827 1765 1941 1801; x_wconf 90' lang='lat' dir='ltr'>non</span> <span class='ocrx_word' id='word_1_125' title='bbox 1974 1748 2157 1802; x_wconf 89' lang='lat' dir='ltr'>solum</span> 
     </span>
    </p>
   </div>
   <div class='ocr_carea' id='block_1_19' title="bbox 2256 541 3954 619">
    <p class='ocr_par' dir='ltr' id='par_1_19' title="bbox 2256 541 3954 619">
     <span class='ocr_line' id='line_1_19' title="bbox 2256 541 3954 619; baseline -0.006 -15"><span class='ocrx_word' id='word_1_126' title='bbox 2256 567 2371 604; x_wconf 90' lang='lat' dir='ltr'>non</span> <span class='ocrx_word' id='word_1_127' title='bbox 2401 549 2669 604; x_wconf 88' lang='lat' dir='ltr'>debemus</span> <span class='ocrx_word' id='word_1_128' title='bbox 2696 547 3001 619; x_wconf 86' lang='lat' dir='ltr'>peccando,</span> <span class='ocrx_word' id='word_1_129' title='bbox 3030 545 3326 604; x_wconf 85' lang='lat' dir='ltr'>irascendo</span> <span class='ocrx_word' id='word_1_130' title='bbox 3353 563 3367 612; x_wconf 88' lang='lat'><strong>;</strong></span> <span class='ocrx_word' id='word_1_131' title='bbox 3395 546 3562 599; x_wconf 86' lang='lat' dir='ltr'>locus</span> <span class='ocrx_word' id='word_1_132' title='bbox 3597 543 3786 597; x_wconf 87' lang='lat' dir='ltr'>enim</span> <span class='ocrx_word' id='word_1_133' title='bbox 3823 541 3954 596; x_wconf 89' lang='lat' dir='ltr'>dia-</span> 
     </span>
    </p>
   </div>
   <div class='ocr_carea' id='block_1_20' title="bbox 2256 629 3955 708">
    <p class='ocr_par' dir='ltr' id='par_1_20' title="bbox 2256 629 3955 708">
     <span class='ocr_line' id='line_1_20' title="bbox 2256 629 3955 708; baseline -0.005 -17"><span class='ocrx_word' id='word_1_134' title='bbox 2256 639 2372 691; x_wconf 89' lang='lat' dir='ltr'>boli</span> <span class='ocrx_word' id='word_1_135' title='bbox 2428 642 2720 708; x_wconf 87' lang='lat' dir='ltr'>peccatum</span> <span class='ocrx_word' id='word_1_136' title='bbox 2777 639 2880 690; x_wconf 88' lang='lat' dir='ltr'>est.</span> <span class='ocrx_word' id='word_1_137' title='bbox 2943 635 3154 690; x_wconf 88' lang='lat' dir='ltr'>Locum</span> <span class='ocrx_word' id='word_1_138' title='bbox 3204 633 3468 704; x_wconf 84' lang='lat' dir='ltr'>quotidie</span> <span class='ocrx_word' id='word_1_139' title='bbox 3532 629 3774 702; x_wconf 64' lang='lat' dir='ltr'>quaerit</span> <span class='ocrx_word' id='word_1_140' title='bbox 3839 629 3955 682; x_wconf 87' lang='lat' dir='ltr'>cir-</span> 
     </span>
    </p>
   </div>
   <div class='ocr_carea' id='block_1_21' title="bbox 2257 725 3953 798">
    <p class='ocr_par' dir='ltr' id='par_1_21' title="bbox 2257 725 3953 798">
     <span class='ocr_line' id='line_1_21' title="bbox 2257 725 3953 798; baseline -0.004 -15"><span class='ocrx_word' id='word_1_141' title='bbox 2257 730 2574 796; x_wconf 89' lang='lat' dir='ltr'>cnmiendo,</span> <span class='ocrx_word' id='word_1_142' title='bbox 2605 731 2822 782; x_wconf 87' lang='lat' dir='ltr'>dicente</span> <span class='ocrx_word' id='word_1_143' title='bbox 2850 730 3018 782; x_wconf 86' lang='lat' dir='ltr'>Petro</span> <span class='ocrx_word' id='word_1_144' title='bbox 3047 726 3308 798; x_wconf 85' lang='lat' dir='ltr'>apostolo</span> <span class='ocrx_word' id='word_1_145' title='bbox 3341 743 3354 780; x_wconf 92' lang='lat'><strong>:</strong></span> <span class='ocrx_word' id='word_1_146' title='bbox 3383 725 3798 781; x_wconf 74' lang='lat' dir='ltr'>Adversarius</span> <span class='ocrx_word' id='word_1_147' title='bbox 3827 739 3953 776; x_wconf 76' lang='lat' dir='ltr'>ves-</span> 
     </span>
    </p>
   </div>
   <div class='ocr_carea' id='block_1_22' title="bbox 2259 820 3956 890">
    <p class='ocr_par' dir='ltr' id='par_1_22' title="bbox 2259 820 3956 890">
     <span class='ocr_line' id='line_1_22' title="bbox 2259 820 3956 890; baseline -0.005 -14"><span class='ocrx_word' id='word_1_148' title='bbox 2259 829 2337 876; x_wconf 87' lang='lat' dir='ltr'>ter</span> <span class='ocrx_word' id='word_1_149' title='bbox 2387 824 2631 876; x_wconf 84' lang='lat' dir='ltr'>diabolus</span> <span class='ocrx_word' id='word_1_150' title='bbox 2685 827 2944 890; x_wconf 84' lang='lat' dir='ltr'>tanquam</span> <span class='ocrx_word' id='word_1_151' title='bbox 3000 821 3077 873; x_wconf 81' lang='lat' dir='ltr'>leo</span> <span class='ocrx_word' id='word_1_152' title='bbox 3130 822 3352 886; x_wconf 80' lang='lat' dir='ltr'>rugiens</span> <span class='ocrx_word' id='word_1_153' title='bbox 3410 820 3619 872; x_wconf 84' lang='lat' dir='ltr'>circuit</span> <span class='ocrx_word' id='word_1_154' title='bbox 3679 830 3956 886; x_wconf 74' lang='lat' dir='ltr'>quae-rens</span> 
     </span>
    </p>
   </div>
   <div class='ocr_carea' id='block_1_23' title="bbox 2258 908 3955 984">
    <p class='ocr_par' dir='ltr' id='par_1_23' title="bbox 2258 908 3955 984">
     <span class='ocr_line' id='line_1_23' title="bbox 2258 908 3955 984; baseline -0.005 -15"><span class='ocrx_word' id='word_1_155' title='bbox 2258 931 2412 984; x_wconf 83' lang='lat' dir='ltr'>quem</span> <span class='ocrx_word' id='word_1_156' title='bbox 2433 916 2664 968; x_wconf 78' lang='lat' dir='ltr'>devoret.</span> <span class='ocrx_word' id='word_1_157' title='bbox 2698 916 2764 967; x_wconf 86' lang='lat' dir='ltr'>Et</span> <span class='ocrx_word' id='word_1_158' title='bbox 2788 914 2896 967; x_wconf 90' lang='lat' dir='ltr'>hoc</span> <span class='ocrx_word' id='word_1_159' title='bbox 2926 913 3078 978; x_wconf 88' lang='lat' dir='ltr'>ideo,</span> <span class='ocrx_word' id='word_1_160' title='bbox 3113 913 3250 982; x_wconf 84' lang='lat' dir='ltr'>quia</span> <span class='ocrx_word' id='word_1_161' title='bbox 3282 910 3506 966; x_wconf 84' lang='lat' dir='ltr'>invidet</span> <span class='ocrx_word' id='word_1_162' title='bbox 3538 910 3720 964; x_wconf 87' lang='lat' dir='ltr'>omni</span> <span class='ocrx_word' id='word_1_163' title='bbox 3755 908 3955 962; x_wconf 86' lang='lat' dir='ltr'>bono.</span> 
     </span>
    </p>
   </div>
   <div class='ocr_carea' id='block_1_24' title="bbox 2258 1003 3953 1062">
    <p class='ocr_par' dir='ltr' id='par_1_24' title="bbox 2258 1003 3953 1062">
     <span class='ocr_line' id='line_1_24' title="bbox 2258 1003 3953 1062; baseline -0.006 0"><span class='ocrx_word' id='word_1_164' title='bbox 2258 1009 2474 1062; x_wconf 74' lang='lat' dir='ltr'>Invidia</span> <span class='ocrx_word' id='word_1_165' title='bbox 2522 1009 2660 1061; x_wconf 85' lang='lat' dir='ltr'>enim</span> <span class='ocrx_word' id='word_1_166' title='bbox 2705 1007 2912 1060; x_wconf 86' lang='lat' dir='ltr'>diaboli</span> <span class='ocrx_word' id='word_1_167' title='bbox 2957 1021 3097 1059; x_wconf 87' lang='lat' dir='ltr'>mors</span> <span class='ocrx_word' id='word_1_168' title='bbox 3141 1007 3392 1058; x_wconf 75' lang='lat' dir='ltr'>introivit</span> <span class='ocrx_word' id='word_1_169' title='bbox 3451 1006 3514 1057; x_wconf 83' lang='lat' dir='ltr'>in</span> <span class='ocrx_word' id='word_1_170' title='bbox 3572 1003 3782 1056; x_wconf 86' lang='lat' dir='ltr'>orbem</span> <span class='ocrx_word' id='word_1_171' title='bbox 3841 1007 3953 1053; x_wconf 82' lang='lat' dir='ltr'>ter-</span> 
     </span>
    </p>
   </div>
   <div class='ocr_carea' id='block_1_25' title="bbox 2256 1116 2461 1153">
    <p class='ocr_par' dir='ltr' id='par_1_25' title="bbox 2256 1116 2461 1153">
     <span class='ocr_line' id='line_1_25' title="bbox 2256 1116 2461 1153; baseline -0.01 0"><span class='ocrx_word' id='word_1_172' title='bbox 2256 1116 2440 1153; x_wconf 83' lang='lat' dir='ltr'>rarum</span> <span class='ocrx_word' id='word_1_173' title='bbox 2449 1140 2461 1151; x_wconf 90' lang='lat'>.</span> 
     </span>
    </p>
   </div>
   <div class='ocr_carea' id='block_1_26' title="bbox 2325 1185 3957 1258">
    <p class='ocr_par' dir='ltr' id='par_1_26' title="bbox 2325 1185 3957 1258">
     <span class='ocr_line' id='line_1_26' title="bbox 2325 1185 3957 1258; baseline -0.004 -14"><span class='ocrx_word' id='word_1_174' title='bbox 2325 1193 2424 1255; x_wconf 75' lang='lat' dir='ltr'>Qu</span> <span class='ocrx_word' id='word_1_175' title='bbox 2453 1207 2781 1258; x_wconf 61' lang='lat' dir='ltr'>unumne,</span> <span class='ocrx_word' id='word_1_176' title='bbox 2811 1206 2911 1245; x_wconf 77' lang='lat' dir='ltr'>JAM</span> <span class='ocrx_word' id='word_1_177' title='bbox 2940 1205 3045 1245; x_wconf 75' lang='lat' dir='ltr'>NON</span> <span class='ocrx_word' id='word_1_178' title='bbox 3075 1205 3341 1244; x_wconf 76' lang='lat' dir='ltr'>FURETITR.</span> <span class='ocrx_word' id='word_1_179' title='bbox 3372 1189 3630 1242; x_wconf 87' lang='lat' dir='ltr'>Furtum</span> <span class='ocrx_word' id='word_1_180' title='bbox 3660 1185 3957 1240; x_wconf 85' lang='lat' dir='ltr'>nominat</span> 
     </span>
    </p>
   </div>
   <div class='ocr_carea' id='block_1_27' title="bbox 2258 1279 3958 1353">
    <p class='ocr_par' dir='ltr' id='par_1_27' title="bbox 2258 1279 3958 1353">
     <span class='ocr_line' id='line_1_27' title="bbox 2258 1279 3958 1353; baseline -0.002 -18"><span class='ocrx_word' id='word_1_181' title='bbox 2258 1285 2542 1353; x_wconf 84' lang='lat' dir='ltr'>apostolus</span> <span class='ocrx_word' id='word_1_182' title='bbox 2569 1283 2770 1336; x_wconf 85' lang='lat' dir='ltr'>Paulus</span> <span class='ocrx_word' id='word_1_183' title='bbox 2802 1299 2972 1336; x_wconf 89' lang='lat' dir='ltr'>omne</span> <span class='ocrx_word' id='word_1_184' title='bbox 2988 1287 3404 1336; x_wconf 76' lang='lat' dir='ltr'>Documentum</span> <span class='ocrx_word' id='word_1_185' title='bbox 3433 1279 3706 1350; x_wconf 75' lang='lat' dir='ltr'>proximi</span> <span class='ocrx_word' id='word_1_186' title='bbox 3747 1297 3765 1346; x_wconf 87' lang='lat'><strong>;</strong></span> <span class='ocrx_word' id='word_1_187' title='bbox 3793 1296 3958 1331; x_wconf 86' lang='lat' dir='ltr'>ama-</span> 
     </span>
    </p>
   </div>
   <div class='ocr_carea' id='block_1_28' title="bbox 2259 1372 3956 1443">
    <p class='ocr_par' dir='ltr' id='par_1_28' title="bbox 2259 1372 3956 1443">
     <span class='ocr_line' id='line_1_28' title="bbox 2259 1372 3956 1443; baseline -0.002 -15"><span class='ocrx_word' id='word_1_188' title='bbox 2259 1381 2408 1428; x_wconf 85' lang='lat' dir='ltr'>tores</span> <span class='ocrx_word' id='word_1_189' title='bbox 2437 1375 2588 1428; x_wconf 87' lang='lat' dir='ltr'>enim</span> <span class='ocrx_word' id='word_1_190' title='bbox 2621 1376 2808 1428; x_wconf 63' lang='lat' dir='ltr'>saeculi</span> <span class='ocrx_word' id='word_1_191' title='bbox 2830 1375 2998 1442; x_wconf 82' lang='lat' dir='ltr'>hujus</span> <span class='ocrx_word' id='word_1_192' title='bbox 3027 1375 3323 1428; x_wconf 86' lang='lat' dir='ltr'>facultates</span> <span class='ocrx_word' id='word_1_193' title='bbox 3345 1372 3670 1443; x_wconf 65' lang='lat' dir='ltr'>praesentis</span> <span class='ocrx_word' id='word_1_194' title='bbox 3703 1377 3956 1442; x_wconf 85' lang='lat' dir='ltr'>tempo-</span> 
     </span>
    </p>
   </div>
   <div class='ocr_carea' id='block_1_29' title="bbox 2258 1449 3958 1538">
    <p class='ocr_par' dir='ltr' id='par_1_29' title="bbox 2258 1464 3958 1538">
     <span class='ocr_line' id='line_1_29' title="bbox 2258 1464 3958 1538; baseline -0.003 -18"><span class='ocrx_word' id='word_1_195' title='bbox 2258 1469 2332 1521; x_wconf 86' lang='lat' dir='ltr'>ris</span> <span class='ocrx_word' id='word_1_196' title='bbox 2363 1469 2778 1538; x_wconf 83' lang='lat' dir='ltr'>amplectende,</span> <span class='ocrx_word' id='word_1_197' title='bbox 2823 1466 3098 1537; x_wconf 80' lang='lat' dir='ltr'>proximis</span> <span class='ocrx_word' id='word_1_198' title='bbox 3141 1466 3424 1530; x_wconf 76' lang='lat' dir='ltr'>invident,</span> <span class='ocrx_word' id='word_1_199' title='bbox 3461 1464 3518 1518; x_wconf 87' lang='lat' dir='ltr'>vi</span> <span class='ocrx_word' id='word_1_200' title='bbox 3554 1464 3845 1535; x_wconf 84' lang='lat' dir='ltr'>rapiunt,</span> <span class='ocrx_word' id='word_1_201' title='bbox 3869 1465 3958 1518; x_wconf 78' lang='lat' dir='ltr'>vel</span> 
     </span>
    </p>
   </div>
   <div class='ocr_carea' id='block_1_30' title="bbox 2257 1557 3959 1630">
    <p class='ocr_par' dir='ltr' id='par_1_30' title="bbox 2257 1557 3959 1630">
     <span class='ocr_line' id='line_1_30' title="bbox 2257 1557 3959 1630; baseline -0.002 -18"><span class='ocrx_word' id='word_1_202' title='bbox 2257 1561 2314 1613; x_wconf 91' lang='lat' dir='ltr'>in</span> <span class='ocrx_word' id='word_1_203' title='bbox 2345 1561 2586 1629; x_wconf 74' lang='lat' dir='ltr'>negotiis</span> <span class='ocrx_word' id='word_1_204' title='bbox 2615 1559 3088 1630; x_wconf 85' lang='lat' dir='ltr'>circumveniunt,</span> <span class='ocrx_word' id='word_1_205' title='bbox 3121 1561 3180 1613; x_wconf 88' lang='lat' dir='ltr'>et</span> <span class='ocrx_word' id='word_1_206' title='bbox 3207 1559 3520 1625; x_wconf 80' lang='lat' dir='ltr'>auferunt;</span> <span class='ocrx_word' id='word_1_207' title='bbox 3559 1557 3705 1610; x_wconf 88' lang='lat' dir='ltr'>ideo</span> <span class='ocrx_word' id='word_1_208' title='bbox 3747 1557 3959 1610; x_wconf 87' lang='lat' dir='ltr'>admo-</span> 
     </span>
    </p>
   </div>
   <div class='ocr_carea' id='block_1_31' title="bbox 2257 1649 3956 1722">
    <p class='ocr_par' dir='ltr' id='par_1_31' title="bbox 2257 1649 3956 1722">
     <span class='ocr_line' id='line_1_31' title="bbox 2257 1649 3956 1722; baseline -0.001 -16"><span class='ocrx_word' id='word_1_209' title='bbox 2257 1657 2354 1706; x_wconf 87' lang='lat' dir='ltr'>net</span> <span class='ocrx_word' id='word_1_210' title='bbox 2381 1652 2643 1722; x_wconf 85' lang='lat' dir='ltr'>Ephesios</span> <span class='ocrx_word' id='word_1_211' title='bbox 2673 1669 2742 1706; x_wconf 88' lang='lat' dir='ltr'>ne</span> <span class='ocrx_word' id='word_1_212' title='bbox 2767 1652 2826 1706; x_wconf 90' lang='lat' dir='ltr'>in</span> <span class='ocrx_word' id='word_1_213' title='bbox 2856 1651 3148 1705; x_wconf 79' lang='lat' dir='ltr'>occasione</span> <span class='ocrx_word' id='word_1_214' title='bbox 3179 1651 3324 1706; x_wconf 90' lang='lat' dir='ltr'>lucri</span> <span class='ocrx_word' id='word_1_215' title='bbox 3345 1651 3666 1704; x_wconf 82' lang='lat' dir='ltr'>incurrant</span> <span class='ocrx_word' id='word_1_216' title='bbox 3701 1649 3956 1704; x_wconf 85' lang='lat' dir='ltr'>crimen</span> 
     </span>
    </p>
   </div>
   <div class='ocr_carea' id='block_1_32' title="bbox 2259 1743 3960 1813">
    <p class='ocr_par' dir='ltr' id='par_1_32' title="bbox 2259 1743 3960 1813">
     <span class='ocr_line' id='line_1_32' title="bbox 2259 1743 3960 1813; baseline -0.002 -17"><span class='ocrx_word' id='word_1_217' title='bbox 2259 1745 2416 1798; x_wconf 89' lang='lat' dir='ltr'>furti.</span> <span class='ocrx_word' id='word_1_218' title='bbox 2443 1745 2578 1797; x_wconf 84' lang='lat' dir='ltr'>Hinc</span> <span class='ocrx_word' id='word_1_219' title='bbox 2603 1745 2724 1796; x_wconf 86' lang='lat' dir='ltr'>aliis</span> <span class='ocrx_word' id='word_1_220' title='bbox 2751 1744 3036 1813; x_wconf 87' lang='lat' dir='ltr'>discipulis</span> <span class='ocrx_word' id='word_1_221' title='bbox 3081 1743 3218 1797; x_wconf 85' lang='lat' dir='ltr'>dicit</span> <span class='ocrx_word' id='word_1_222' title='bbox 3248 1762 3260 1796; x_wconf 92' lang='lat'><strong>:</strong></span> <span class='ocrx_word' id='word_1_223' title='bbox 3297 1746 3491 1811; x_wconf 85' lang='lat' dir='ltr'>Neque</span> <span class='ocrx_word' id='word_1_224' title='bbox 3523 1745 3960 1796; x_wconf 68' lang='lat' dir='ltr'>circumuolauit</span> 
     </span>
    </p>
   </div>
   <div class='ocr_carea' id='block_1_33' title="bbox 543 1818 3959 1910">
    <p class='ocr_par' dir='ltr' id='par_1_33' title="bbox 543 1818 3959 1910">
     <span class='ocr_line' id='line_1_33' title="bbox 543 1818 3959 1910; baseline -0.001 -18"><span class='ocrx_word' id='word_1_225' title='bbox 543 1840 694 1910; x_wconf 88' lang='lat' dir='ltr'>apud</span> <span class='ocrx_word' id='word_1_226' title='bbox 747 1857 867 1905; x_wconf 91' lang='lat' dir='ltr'>nos,</span> <span class='ocrx_word' id='word_1_227' title='bbox 902 1855 1096 1892; x_wconf 88' lang='lat' dir='ltr'>verum</span> <span class='ocrx_word' id='word_1_228' title='bbox 1145 1839 1312 1892; x_wconf 87' lang='lat' dir='ltr'>etiam</span> <span class='ocrx_word' id='word_1_229' title='bbox 1357 1839 1508 1908; x_wconf 89' lang='lat' dir='ltr'>apud</span> <span class='ocrx_word' id='word_1_230' title='bbox 1537 1839 1895 1909; x_wconf 90' lang='lat' dir='ltr'>philosophos</span> <span class='ocrx_word' id='word_1_231' title='bbox 1925 1845 2006 1894; x_wconf 89' lang='lat' dir='ltr'>est</span> <span class='ocrx_word' id='word_1_232' title='bbox 2053 1841 2154 1894; x_wconf 87' lang='lat' dir='ltr'>ira.</span> <span class='ocrx_word' id='word_1_233' title='bbox 2179 1818 2234 1888; x_wconf 85' lang='grc' dir='ltr'><strong>Β</strong></span> <span class='ocrx_word' id='word_1_234' title='bbox 2259 1853 2456 1890; x_wconf 74' lang='lat' dir='ltr'>(irarus</span> <span class='ocrx_word' id='word_1_235' title='bbox 2483 1839 2538 1890; x_wconf 87' lang='lat' dir='ltr'>in</span> <span class='ocrx_word' id='word_1_236' title='bbox 2582 1839 2788 1904; x_wconf 84' lang='lat' dir='ltr'>negotio</span> <span class='ocrx_word' id='word_1_237' title='bbox 2813 1839 3046 1903; x_wconf 83' lang='lat' dir='ltr'>fratrem</span> <span class='ocrx_word' id='word_1_238' title='bbox 3075 1853 3254 1892; x_wconf 86' lang='lat' dir='ltr'>suum.</span> <span class='ocrx_word' id='word_1_239' title='bbox 3286 1838 3484 1890; x_wconf 89' lang='lat' dir='ltr'>Potest</span> <span class='ocrx_word' id='word_1_240' title='bbox 3518 1839 3584 1888; x_wconf 87' lang='lat' dir='ltr'>et</span> <span class='ocrx_word' id='word_1_241' title='bbox 3633 1836 3832 1889; x_wconf 84' lang='lat' dir='ltr'>altius</span> <span class='ocrx_word' id='word_1_242' title='bbox 3869 1837 3959 1888; x_wconf 89' lang='lat' dir='ltr'>in-</span> 
     </span>
    </p>
   </div>
   <div class='ocr_carea' id='block_1_34' title="bbox 541 1930 2156 2000">
    <p class='ocr_par' dir='ltr' id='par_1_34' title="bbox 541 1930 2156 2000">
     <span class='ocr_line' id='line_1_34' title="bbox 541 1930 2156 2000; baseline -0.001 -15"><span class='ocrx_word' id='word_1_243' title='bbox 541 1933 636 1985; x_wconf 89' lang='lat' dir='ltr'>Est</span> <span class='ocrx_word' id='word_1_244' title='bbox 664 1931 814 1985; x_wconf 90' lang='lat' dir='ltr'>enim</span> <span class='ocrx_word' id='word_1_245' title='bbox 845 1931 947 1999; x_wconf 89' lang='lat' dir='ltr'>ira,</span> <span class='ocrx_word' id='word_1_246' title='bbox 979 1947 1106 2000; x_wconf 74' lang='lat' dir='ltr'>quae</span> <span class='ocrx_word' id='word_1_247' title='bbox 1136 1930 1468 1984; x_wconf 85' lang='lat' dir='ltr'>naturaliter</span> <span class='ocrx_word' id='word_1_248' title='bbox 1487 1931 1686 1984; x_wconf 87' lang='lat' dir='ltr'>accidit</span> <span class='ocrx_word' id='word_1_249' title='bbox 1705 1932 1940 1999; x_wconf 86' lang='lat' dir='ltr'>homini,</span> <span class='ocrx_word' id='word_1_250' title='bbox 1972 1933 2156 1985; x_wconf 88' lang='lat' dir='ltr'>conci-</span> 
     </span>
    </p>
   </div>
   <div class='ocr_carea' id='block_1_35' title="bbox 541 2023 2161 2092">
    <p class='ocr_par' dir='ltr' id='par_1_35' title="bbox 541 2023 2161 2092">
     <span class='ocr_line' id='line_1_35' title="bbox 541 2023 2161 2092; baseline 0.001 -15"><span class='ocrx_word' id='word_1_251' title='bbox 541 2030 654 2078; x_wconf 89' lang='lat' dir='ltr'>tato</span> <span class='ocrx_word' id='word_1_252' title='bbox 703 2024 891 2077; x_wconf 89' lang='lat' dir='ltr'>furore</span> <span class='ocrx_word' id='word_1_253' title='bbox 921 2023 1144 2088; x_wconf 85' lang='lat' dir='ltr'>mentis,</span> <span class='ocrx_word' id='word_1_254' title='bbox 1177 2023 1245 2076; x_wconf 89' lang='lat' dir='ltr'>de</span> <span class='ocrx_word' id='word_1_255' title='bbox 1275 2039 1386 2091; x_wconf 85' lang='lat' dir='ltr'>qua</span> <span class='ocrx_word' id='word_1_256' title='bbox 1415 2023 1690 2092; x_wconf 80' lang='lat' dir='ltr'>propheta</span> <span class='ocrx_word' id='word_1_257' title='bbox 1723 2040 1736 2076; x_wconf 91' lang='lat'>:</span> <span class='ocrx_word' id='word_1_258' title='bbox 1778 2026 2042 2078; x_wconf 79' lang='lat' dir='ltr'>Turbatus</span> <span class='ocrx_word' id='word_1_259' title='bbox 2085 2029 2161 2078; x_wconf 86' lang='lat' dir='ltr'>est</span> 
     </span>
    </p>
   </div>
   <div class='ocr_carea' id='block_1_36' title="bbox 543 2114 2153 2186">
    <p class='ocr_par' dir='ltr' id='par_1_36' title="bbox 543 2114 2153 2186">
     <span class='ocr_line' id='line_1_36' title="bbox 543 2114 2153 2186; baseline -0.001 -16"><span class='ocrx_word' id='word_1_260' title='bbox 543 2132 577 2170; x_wconf 89' lang='lat' dir='ltr'>a</span> <span class='ocrx_word' id='word_1_261' title='bbox 598 2119 782 2182; x_wconf 84' lang='lat' dir='ltr'>furore</span> <span class='ocrx_word' id='word_1_262' title='bbox 811 2117 990 2177; x_wconf 81' lang='lat' dir='ltr'>oculus</span> <span class='ocrx_word' id='word_1_263' title='bbox 1017 2130 1178 2170; x_wconf 86' lang='lat' dir='ltr'>meus.</span> <span class='ocrx_word' id='word_1_264' title='bbox 1213 2115 1390 2176; x_wconf 88' lang='lat' dir='ltr'>Quam</span> <span class='ocrx_word' id='word_1_265' title='bbox 1419 2114 1670 2168; x_wconf 90' lang='lat' dir='ltr'>funditus</span> <span class='ocrx_word' id='word_1_266' title='bbox 1700 2120 1884 2169; x_wconf 88' lang='lat' dir='ltr'>vetare</span> <span class='ocrx_word' id='word_1_267' title='bbox 1917 2133 2029 2170; x_wconf 86' lang='lat' dir='ltr'>non</span> <span class='ocrx_word' id='word_1_268' title='bbox 2059 2133 2153 2186; x_wconf 89' lang='lat' dir='ltr'>po-</span> 
     </span>
    </p>
   </div>
   <div class='ocr_carea' id='block_1_37' title="bbox 543 2207 2160 2277">
    <p class='ocr_par' dir='ltr' id='par_1_37' title="bbox 543 2207 2160 2277">
     <span class='ocr_line' id='line_1_37' title="bbox 543 2207 2160 2277; baseline -0.001 -15"><span class='ocrx_word' id='word_1_269' title='bbox 543 2209 670 2276; x_wconf 90' lang='lat' dir='ltr'>tuit,</span> <span class='ocrx_word' id='word_1_270' title='bbox 704 2212 760 2262; x_wconf 89' lang='lat' dir='ltr'>et</span> <span class='ocrx_word' id='word_1_271' title='bbox 801 2207 926 2260; x_wconf 88' lang='lat' dir='ltr'>ideo</span> <span class='ocrx_word' id='word_1_272' title='bbox 952 2207 1070 2260; x_wconf 87' lang='lat' dir='ltr'>ait:</span> <span class='ocrx_word' id='word_1_273' title='bbox 1119 2209 1444 2268; x_wconf 86' lang='lat' dir='ltr'>Irascim-ini,</span> <span class='ocrx_word' id='word_1_274' title='bbox 1491 2211 1539 2261; x_wconf 89' lang='lat' dir='ltr'>et</span> <span class='ocrx_word' id='word_1_275' title='bbox 1580 2209 1742 2260; x_wconf 82' lang='lat' dir='ltr'>nolite</span> <span class='ocrx_word' id='word_1_276' title='bbox 1785 2224 2024 2277; x_wconf 82' lang='lat' dir='ltr'>peccare.</span> <span class='ocrx_word' id='word_1_277' title='bbox 2065 2211 2160 2261; x_wconf 81' lang='lat' dir='ltr'>Est</span> 
     </span>
    </p>
   </div>
   <div class='ocr_carea' id='block_1_38' title="bbox 544 2298 2158 2368">
    <p class='ocr_par' dir='ltr' id='par_1_38' title="bbox 544 2298 2158 2368">
     <span class='ocr_line' id='line_1_38' title="bbox 544 2298 2158 2368; baseline 0.001 -15"><span class='ocrx_word' id='word_1_278' title='bbox 544 2300 696 2353; x_wconf 90' lang='lat' dir='ltr'>enim</span> <span class='ocrx_word' id='word_1_279' title='bbox 725 2305 781 2353; x_wconf 87' lang='lat' dir='ltr'>et</span> <span class='ocrx_word' id='word_1_280' title='bbox 809 2299 914 2352; x_wconf 88' lang='lat' dir='ltr'>alia</span> <span class='ocrx_word' id='word_1_281' title='bbox 940 2299 1026 2351; x_wconf 86' lang='lat' dir='ltr'>ira</span> <span class='ocrx_word' id='word_1_282' title='bbox 1056 2315 1183 2368; x_wconf 80' lang='lat' dir='ltr'>quae</span> <span class='ocrx_word' id='word_1_283' title='bbox 1205 2315 1274 2352; x_wconf 77' lang='lat' dir='ltr'>ex</span> <span class='ocrx_word' id='word_1_284' title='bbox 1302 2298 1475 2352; x_wconf 87' lang='lat' dir='ltr'>livore</span> <span class='ocrx_word' id='word_1_285' title='bbox 1505 2299 1728 2352; x_wconf 61' lang='lat' dir='ltr'>invidiae</span> <span class='ocrx_word' id='word_1_286' title='bbox 1756 2300 2056 2366; x_wconf 87' lang='lat' dir='ltr'>descendit,</span> <span class='ocrx_word' id='word_1_287' title='bbox 2089 2301 2158 2354; x_wconf 91' lang='lat' dir='ltr'>de</span> 
     </span>
    </p>
   </div>
   <div class='ocr_carea' id='block_1_39' title="bbox 541 2392 2153 2464">
    <p class='ocr_par' dir='ltr' id='par_1_39' title="bbox 541 2392 2153 2464">
     <span class='ocr_line' id='line_1_39' title="bbox 541 2392 2153 2464; baseline 0 -18"><span class='ocrx_word' id='word_1_288' title='bbox 541 2411 651 2464; x_wconf 88' lang='lat' dir='ltr'>qua</span> <span class='ocrx_word' id='word_1_289' title='bbox 683 2393 930 2447; x_wconf 87' lang='lat' dir='ltr'>nascitur</span> <span class='ocrx_word' id='word_1_290' title='bbox 979 2393 1118 2458; x_wconf 83' lang='lat' dir='ltr'>rixa,</span> <span class='ocrx_word' id='word_1_291' title='bbox 1151 2395 1207 2445; x_wconf 90' lang='lat' dir='ltr'>et</span> <span class='ocrx_word' id='word_1_292' title='bbox 1235 2393 1448 2460; x_wconf 91' lang='lat' dir='ltr'>odium,</span> <span class='ocrx_word' id='word_1_293' title='bbox 1483 2409 1652 2462; x_wconf 88' lang='lat' dir='ltr'>quam</span> <span class='ocrx_word' id='word_1_294' title='bbox 1689 2392 1746 2445; x_wconf 92' lang='lat' dir='ltr'>in</span> <span class='ocrx_word' id='word_1_295' title='bbox 1795 2394 2044 2463; x_wconf 78' lang='lat' dir='ltr'>catalogo</span> <span class='ocrx_word' id='word_1_296' title='bbox 2074 2395 2153 2446; x_wconf 86' lang='lat' dir='ltr'>vi-</span> 
     </span>
    </p>
   </div>
   <div class='ocr_carea' id='block_1_40' title="bbox 538 2485 2154 2547">
    <p class='ocr_par' dir='ltr' id='par_1_40' title="bbox 538 2485 2154 2547">
     <span class='ocr_line' id='line_1_40' title="bbox 538 2485 2154 2547; baseline 0 -7"><span class='ocrx_word' id='word_1_297' title='bbox 538 2487 746 2540; x_wconf 88' lang='lat' dir='ltr'>tiorum</span> <span class='ocrx_word' id='word_1_298' title='bbox 797 2501 1136 2540; x_wconf 85' lang='lat' dir='ltr'>enumerans</span> <span class='ocrx_word' id='word_1_299' title='bbox 1191 2485 1369 2538; x_wconf 89' lang='lat' dir='ltr'>dicit:</span> <span class='ocrx_word' id='word_1_300' title='bbox 1425 2489 1546 2547; x_wconf 72' lang='lat' dir='ltr'>Irae,</span> <span class='ocrx_word' id='word_1_301' title='bbox 1600 2489 1738 2540; x_wconf 59' lang='lat' dir='ltr'>range</span> <span class='ocrx_word' id='word_1_302' title='bbox 1787 2488 2154 2547; x_wconf 81' lang='lat' dir='ltr'>dissensiones,</span> 
     </span>
    </p>
   </div>
   <div class='ocr_carea' id='block_1_41' title="bbox 539 2578 2152 2650">
    <p class='ocr_par' dir='ltr' id='par_1_41' title="bbox 539 2578 2152 2650">
     <span class='ocr_line' id='line_1_41' title="bbox 539 2578 2152 2650; baseline 0 -17"><span class='ocrx_word' id='word_1_303' title='bbox 539 2585 711 2640; x_wconf 74' lang='lat' dir='ltr'>sectae,</span> <span class='ocrx_word' id='word_1_304' title='bbox 741 2580 980 2640; x_wconf 68' lang='lat' dir='ltr'>invidiae,</span> <span class='ocrx_word' id='word_1_305' title='bbox 1031 2578 1340 2638; x_wconf 85' lang='lat' dir='ltr'>homicidia,</span> <span class='ocrx_word' id='word_1_306' title='bbox 1399 2579 1698 2640; x_wconf 80' lang='lat' dir='ltr'>ebrietates,</span> <span class='ocrx_word' id='word_1_307' title='bbox 1741 2581 2152 2650; x_wconf 80' lang='lat' dir='ltr'>comessationes.</span> 
     </span>
    </p>
   </div>
   <div class='ocr_carea' id='block_1_42' title="bbox 539 2671 2152 2728">
    <p class='ocr_par' dir='ltr' id='par_1_42' title="bbox 539 2671 2152 2728">
     <span class='ocr_line' id='line_1_42' title="bbox 539 2671 2152 2728; baseline -0.002 0"><span class='ocrx_word' id='word_1_308' title='bbox 539 2674 644 2728; x_wconf 83' lang='lat' dir='ltr'>SOL</span> <span class='ocrx_word' id='word_1_309' title='bbox 674 2688 775 2728; x_wconf 74' lang='lat' dir='ltr'>NON</span> <span class='ocrx_word' id='word_1_310' title='bbox 805 2687 1033 2726; x_wconf 70' lang='lat' dir='ltr'>occmn</span> <span class='ocrx_word' id='word_1_311' title='bbox 1062 2686 1230 2724; x_wconf 78' lang='lat' dir='ltr'>SUPER</span> <span class='ocrx_word' id='word_1_312' title='bbox 1258 2686 1589 2726; x_wconf 69' lang='lat' dir='ltr'>IRACUNDIAM</span> <span class='ocrx_word' id='word_1_313' title='bbox 1619 2687 1881 2726; x_wconf 68' lang='lat' dir='ltr'>vesrmn.</span> <span class='ocrx_word' id='word_1_314' title='bbox 1917 2671 1975 2726; x_wconf 90' lang='lat' dir='ltr'>Si</span> <span class='ocrx_word' id='word_1_315' title='bbox 2017 2672 2152 2724; x_wconf 87' lang='lat' dir='ltr'>sim-</span> 
     </span>
    </p>
   </div>
   <div class='ocr_carea' id='block_1_43' title="bbox 539 2761 2152 2835">
    <p class='ocr_par' dir='ltr' id='par_1_43' title="bbox 539 2761 2152 2835">
     <span class='ocr_line' id='line_1_43' title="bbox 539 2761 2152 2835; baseline -0.001 -17"><span class='ocrx_word' id='word_1_316' title='bbox 539 2765 758 2835; x_wconf 86' lang='lat' dir='ltr'>pliciter</span> <span class='ocrx_word' id='word_1_317' title='bbox 782 2764 935 2817; x_wconf 89' lang='lat' dir='ltr'>hunc</span> <span class='ocrx_word' id='word_1_318' title='bbox 966 2763 1141 2817; x_wconf 89' lang='lat' dir='ltr'>solem</span> <span class='ocrx_word' id='word_1_319' title='bbox 1171 2761 1564 2832; x_wconf 82' lang='lat' dir='ltr'>intelligimus,</span> <span class='ocrx_word' id='word_1_320' title='bbox 1619 2780 1788 2833; x_wconf 90' lang='lat' dir='ltr'>quem</span> <span class='ocrx_word' id='word_1_321' title='bbox 1833 2764 2004 2817; x_wconf 89' lang='lat' dir='ltr'>oculis</span> <span class='ocrx_word' id='word_1_322' title='bbox 2031 2781 2152 2817; x_wconf 88' lang='lat' dir='ltr'>cor-</span> 
     </span>
    </p>
   </div>
   <div class='ocr_carea' id='block_1_44' title="bbox 539 2855 2156 2928">
    <p class='ocr_par' dir='ltr' id='par_1_44' title="bbox 539 2855 2156 2928">
     <span class='ocr_line' id='line_1_44' title="bbox 539 2855 2156 2928; baseline -0.001 -17"><span class='ocrx_word' id='word_1_323' title='bbox 539 2857 726 2928; x_wconf 89' lang='lat' dir='ltr'>poreis</span> <span class='ocrx_word' id='word_1_324' title='bbox 754 2857 1053 2923; x_wconf 88' lang='lat' dir='ltr'>cernimus,</span> <span class='ocrx_word' id='word_1_325' title='bbox 1074 2855 1294 2908; x_wconf 86' lang='lat' dir='ltr'>videtur</span> <span class='ocrx_word' id='word_1_326' title='bbox 1313 2855 1470 2908; x_wconf 89' lang='lat' dir='ltr'>nobis</span> <span class='ocrx_word' id='word_1_327' title='bbox 1488 2855 1711 2908; x_wconf 80' lang='lat' dir='ltr'>licentia</span> <span class='ocrx_word' id='word_1_328' title='bbox 1731 2857 1856 2908; x_wconf 85' lang='lat' dir='ltr'>data</span> <span class='ocrx_word' id='word_1_329' title='bbox 1882 2873 1983 2925; x_wconf 91' lang='lat' dir='ltr'>per</span> <span class='ocrx_word' id='word_1_330' title='bbox 2004 2856 2156 2910; x_wconf 90' lang='lat' dir='ltr'>diem</span> 
     </span>
    </p>
   </div>
   <div class='ocr_carea' id='block_1_45' title="bbox 539 2947 2156 3017">
    <p class='ocr_par' dir='ltr' id='par_1_45' title="bbox 539 2947 2156 3017">
     <span class='ocr_line' id='line_1_45' title="bbox 539 2947 2156 3017; baseline -0.001 -14"><span class='ocrx_word' id='word_1_331' title='bbox 539 2948 836 3003; x_wconf 87' lang='lat' dir='ltr'>irascendi.</span> <span class='ocrx_word' id='word_1_332' title='bbox 868 2949 933 3001; x_wconf 85' lang='lat' dir='ltr'>Et</span> <span class='ocrx_word' id='word_1_333' title='bbox 962 2947 1098 3017; x_wconf 87' lang='lat' dir='ltr'>quid</span> <span class='ocrx_word' id='word_1_334' title='bbox 1127 2947 1399 3001; x_wconf 82' lang='lat' dir='ltr'>faciemus</span> <span class='ocrx_word' id='word_1_335' title='bbox 1425 2948 1452 3000; x_wconf 84' lang='lat'><strong>?</strong></span> <span class='ocrx_word' id='word_1_336' title='bbox 1480 2947 1610 3016; x_wconf 87' lang='lat' dir='ltr'>quia</span> <span class='ocrx_word' id='word_1_337' title='bbox 1639 2954 1820 3016; x_wconf 87' lang='lat' dir='ltr'>potest</span> <span class='ocrx_word' id='word_1_338' title='bbox 1849 2949 2018 3002; x_wconf 89' lang='lat' dir='ltr'>homo</span> <span class='ocrx_word' id='word_1_339' title='bbox 2041 2965 2156 3002; x_wconf 91' lang='lat' dir='ltr'>una</span> 
     </span>
    </p>
   </div>
   <div class='ocr_carea' id='block_1_46' title="bbox 539 3037 2154 3106">
    <p class='ocr_par' dir='ltr' id='par_1_46' title="bbox 539 3037 2154 3106">
     <span class='ocr_line' id='line_1_46' title="bbox 539 3037 2154 3106; baseline -0.001 -15"><span class='ocrx_word' id='word_1_340' title='bbox 539 3037 629 3091; x_wconf 89' lang='lat' dir='ltr'>die</span> <span class='ocrx_word' id='word_1_341' title='bbox 650 3052 876 3106; x_wconf 88' lang='lat' dir='ltr'>peccare</span> <span class='ocrx_word' id='word_1_342' title='bbox 899 3039 1177 3105; x_wconf 87' lang='lat' dir='ltr'>quantum</span> <span class='ocrx_word' id='word_1_343' title='bbox 1205 3051 1319 3089; x_wconf 91' lang='lat' dir='ltr'>non</span> <span class='ocrx_word' id='word_1_344' title='bbox 1349 3039 1534 3103; x_wconf 86' lang='lat' dir='ltr'>potest</span> <span class='ocrx_word' id='word_1_345' title='bbox 1562 3051 1840 3088; x_wconf 88' lang='lat' dir='ltr'>annorum</span> <span class='ocrx_word' id='word_1_346' title='bbox 1868 3037 2154 3091; x_wconf 86' lang='lat' dir='ltr'>curriculis</span> 
     </span>
    </p>
   </div>
   <div class='ocr_carea' id='block_1_47' title="bbox 541 3127 2152 3199">
    <p class='ocr_par' dir='ltr' id='par_1_47' title="bbox 541 3127 2152 3199">
     <span class='ocr_line' id='line_1_47' title="bbox 541 3127 2152 3199; baseline 0 -17"><span class='ocrx_word' id='word_1_347' title='bbox 541 3127 833 3199; x_wconf 69' lang='lat' dir='ltr'>paenitere.</span> <span class='ocrx_word' id='word_1_348' title='bbox 867 3129 1012 3197; x_wconf 84' lang='lat' dir='ltr'>Ergo</span> <span class='ocrx_word' id='word_1_349' title='bbox 1041 3143 1156 3181; x_wconf 93' lang='lat' dir='ltr'>non</span> <span class='ocrx_word' id='word_1_350' title='bbox 1189 3127 1256 3180; x_wconf 91' lang='lat' dir='ltr'>de</span> <span class='ocrx_word' id='word_1_351' title='bbox 1285 3127 1389 3180; x_wconf 91' lang='lat' dir='ltr'>isto</span> <span class='ocrx_word' id='word_1_352' title='bbox 1413 3127 1547 3193; x_wconf 90' lang='lat' dir='ltr'>sole,</span> <span class='ocrx_word' id='word_1_353' title='bbox 1566 3127 1659 3181; x_wconf 90' lang='lat' dir='ltr'>sed</span> <span class='ocrx_word' id='word_1_354' title='bbox 1685 3129 1753 3181; x_wconf 90' lang='lat' dir='ltr'>de</span> <span class='ocrx_word' id='word_1_355' title='bbox 1781 3129 1892 3182; x_wconf 90' lang='lat' dir='ltr'>sole</span> <span class='ocrx_word' id='word_1_356' title='bbox 1913 3130 2152 3197; x_wconf 85' lang='lat' dir='ltr'>Christo,</span> 
     </span>
    </p>
   </div>
   <div class='ocr_carea' id='block_1_48' title="bbox 541 3219 2151 3292">
    <p class='ocr_par' dir='ltr' id='par_1_48' title="bbox 541 3219 2151 3292">
     <span class='ocr_line' id='line_1_48' title="bbox 541 3219 2151 3292; baseline 0.001 -18"><span class='ocrx_word' id='word_1_357' title='bbox 541 3220 640 3292; x_wconf 87' lang='lat' dir='ltr'>qui</span> <span class='ocrx_word' id='word_1_358' title='bbox 669 3219 870 3274; x_wconf 91' lang='lat' dir='ltr'>occidit</span> <span class='ocrx_word' id='word_1_359' title='bbox 899 3220 1080 3287; x_wconf 85' lang='lat' dir='ltr'>malis,</span> <span class='ocrx_word' id='word_1_360' title='bbox 1093 3221 1259 3289; x_wconf 78' lang='lat' dir='ltr'>juxta</span> <span class='ocrx_word' id='word_1_361' title='bbox 1277 3219 1430 3290; x_wconf 89' lang='lat' dir='ltr'>quod</span> <span class='ocrx_word' id='word_1_362' title='bbox 1453 3219 1519 3272; x_wconf 92' lang='lat' dir='ltr'>de</span> <span class='ocrx_word' id='word_1_363' title='bbox 1551 3220 2050 3290; x_wconf 87' lang='lat' dir='ltr'>pseudoprophetis</span> <span class='ocrx_word' id='word_1_364' title='bbox 2069 3222 2151 3275; x_wconf 84' lang='lat' dir='ltr'>di-</span> 
     </span>
    </p>
   </div>
   <div class='ocr_carea' id='block_1_49' title="bbox 539 3312 2151 3380">
    <p class='ocr_par' dir='ltr' id='par_1_49' title="bbox 539 3312 2151 3380">
     <span class='ocr_line' id='line_1_49' title="bbox 539 3312 2151 3380; baseline -0.001 -12"><span class='ocrx_word' id='word_1_365' title='bbox 539 3315 716 3369; x_wconf 86' lang='lat' dir='ltr'>citur:</span> <span class='ocrx_word' id='word_1_366' title='bbox 749 3313 955 3368; x_wconf 87' lang='lat' dir='ltr'>Occidit</span> <span class='ocrx_word' id='word_1_367' title='bbox 977 3315 1050 3366; x_wconf 89' lang='lat' dir='ltr'>eis</span> <span class='ocrx_word' id='word_1_368' title='bbox 1077 3313 1156 3366; x_wconf 87' lang='lat' dir='ltr'>sol</span> <span class='ocrx_word' id='word_1_369' title='bbox 1183 3315 1239 3365; x_wconf 93' lang='lat' dir='ltr'>in</span> <span class='ocrx_word' id='word_1_370' title='bbox 1265 3313 1522 3377; x_wconf 79' lang='lat' dir='ltr'>meridie;</span> <span class='ocrx_word' id='word_1_371' title='bbox 1558 3312 1738 3366; x_wconf 82' lang='lat' dir='ltr'>oritur</span> <span class='ocrx_word' id='word_1_372' title='bbox 1768 3330 1898 3367; x_wconf 88' lang='lat' dir='ltr'>vero</span> <span class='ocrx_word' id='word_1_373' title='bbox 1931 3315 2151 3380; x_wconf 87' lang='lat' dir='ltr'>sanctis,</span> 
     </span>
    </p>
   </div>
   <div class='ocr_carea' id='block_1_50' title="bbox 532 3405 2156 3478">
    <p class='ocr_par' dir='ltr' id='par_1_50' title="bbox 532 3405 2156 3478">
     <span class='ocr_line' id='line_1_50' title="bbox 532 3405 2156 3478; baseline -0.001 -17"><span class='ocrx_word' id='word_1_374' title='bbox 532 3408 694 3478; x_wconf 81' lang='lat' dir='ltr'>juxta</span> <span class='ocrx_word' id='word_1_375' title='bbox 726 3406 877 3476; x_wconf 89' lang='lat' dir='ltr'>quod</span> <span class='ocrx_word' id='word_1_376' title='bbox 910 3406 1114 3460; x_wconf 90' lang='lat' dir='ltr'>dicitur</span> <span class='ocrx_word' id='word_1_377' title='bbox 1145 3421 1158 3458; x_wconf 91' lang='lat'>:</span> <span class='ocrx_word' id='word_1_378' title='bbox 1199 3407 1357 3460; x_wconf 83' lang='lat' dir='ltr'>Vobis</span> <span class='ocrx_word' id='word_1_379' title='bbox 1388 3405 1691 3460; x_wconf 82' lang='lat' dir='ltr'>timentibus</span> <span class='ocrx_word' id='word_1_380' title='bbox 1718 3422 1903 3459; x_wconf 85' lang='lat' dir='ltr'>nomen</span> <span class='ocrx_word' id='word_1_381' title='bbox 1943 3410 2156 3461; x_wconf 88' lang='lat' dir='ltr'>Domini</span> 
     </span>
    </p>
   </div>
   <div class='ocr_carea' id='block_1_51' title="bbox 540 3497 2156 3567">
    <p class='ocr_par' dir='ltr' id='par_1_51' title="bbox 540 3497 2156 3567">
     <span class='ocr_line' id='line_1_51' title="bbox 540 3497 2156 3567; baseline 0 -15"><span class='ocrx_word' id='word_1_382' title='bbox 540 3503 740 3554; x_wconf 90' lang='lat' dir='ltr'>orietur</span> <span class='ocrx_word' id='word_1_383' title='bbox 763 3499 842 3553; x_wconf 88' lang='lat' dir='ltr'>sol</span> <span class='ocrx_word' id='word_1_384' title='bbox 855 3499 1108 3566; x_wconf 62' lang='lat' dir='ltr'>justitia’.</span> <span class='ocrx_word' id='word_1_385' title='bbox 1136 3499 1201 3551; x_wconf 89' lang='lat' dir='ltr'>Et</span> <span class='ocrx_word' id='word_1_386' title='bbox 1231 3499 1334 3550; x_wconf 87' lang='lat' dir='ltr'>hoc</span> <span class='ocrx_word' id='word_1_387' title='bbox 1374 3500 1458 3550; x_wconf 91' lang='lat' dir='ltr'>est</span> <span class='ocrx_word' id='word_1_388' title='bbox 1485 3497 1634 3567; x_wconf 90' lang='lat' dir='ltr'>quod</span> <span class='ocrx_word' id='word_1_389' title='bbox 1656 3498 1862 3551; x_wconf 89' lang='lat' dir='ltr'>dicitur</span> <span class='ocrx_word' id='word_1_390' title='bbox 1891 3515 1904 3552; x_wconf 75' lang='grc' dir='ltr'>ε</span> <span class='ocrx_word' id='word_1_391' title='bbox 1935 3500 2027 3555; x_wconf 86' lang='lat' dir='ltr'>Sol</span> <span class='ocrx_word' id='word_1_392' title='bbox 2051 3516 2156 3553; x_wconf 88' lang='lat' dir='ltr'>non</span> 
     </span>
    </p>
   </div>
   <div class='ocr_carea' id='block_1_52' title="bbox 537 3590 2155 3661">
    <p class='ocr_par' dir='ltr' id='par_1_52' title="bbox 537 3590 2155 3661">
     <span class='ocr_line' id='line_1_52' title="bbox 537 3590 2155 3661; baseline 0 -14"><span class='ocrx_word' id='word_1_393' title='bbox 537 3593 742 3648; x_wconf 87' lang='lat' dir='ltr'>occidat</span> <span class='ocrx_word' id='word_1_394' title='bbox 770 3608 929 3661; x_wconf 81' lang='lat' dir='ltr'>super</span> <span class='ocrx_word' id='word_1_395' title='bbox 950 3591 1290 3645; x_wconf 86' lang='lat' dir='ltr'>iracundiam</span> <span class='ocrx_word' id='word_1_396' title='bbox 1315 3595 1561 3645; x_wconf 82' lang='lat' dir='ltr'>vestram.</span> <span class='ocrx_word' id='word_1_397' title='bbox 1590 3595 1664 3644; x_wconf 86' lang='lat' dir='ltr'>Ac</span> <span class='ocrx_word' id='word_1_398' title='bbox 1695 3591 1739 3644; x_wconf 90' lang='lat' dir='ltr'>si</span> <span class='ocrx_word' id='word_1_399' title='bbox 1770 3590 1934 3660; x_wconf 89' lang='lat' dir='ltr'>dicat,</span> <span class='ocrx_word' id='word_1_400' title='bbox 1966 3591 2010 3644; x_wconf 92' lang='lat' dir='ltr'>si</span> <span class='ocrx_word' id='word_1_401' title='bbox 2028 3609 2155 3647; x_wconf 87' lang='lat' dir='ltr'>con-</span> 
     </span>
    </p>
   </div>
   <div class='ocr_carea' id='block_1_53' title="bbox 538 3683 2153 3754">
    <p class='ocr_par' dir='ltr' id='par_1_53' title="bbox 538 3683 2153 3754">
     <span class='ocr_line' id='line_1_53' title="bbox 538 3683 2153 3754; baseline 0.001 -16"><span class='ocrx_word' id='word_1_402' title='bbox 538 3685 705 3740; x_wconf 88' lang='lat' dir='ltr'>citata</span> <span class='ocrx_word' id='word_1_403' title='bbox 754 3687 942 3739; x_wconf 87' lang='lat' dir='ltr'>mente</span> <span class='ocrx_word' id='word_1_404' title='bbox 991 3684 1074 3738; x_wconf 88' lang='lat' dir='ltr'>ira</span> <span class='ocrx_word' id='word_1_405' title='bbox 1103 3683 1465 3752; x_wconf 90' lang='lat' dir='ltr'>subrepserit,</span> <span class='ocrx_word' id='word_1_406' title='bbox 1498 3683 1607 3736; x_wconf 91' lang='lat' dir='ltr'>cito</span> <span class='ocrx_word' id='word_1_407' title='bbox 1646 3683 1716 3737; x_wconf 90' lang='lat' dir='ltr'>ad</span> <span class='ocrx_word' id='word_1_408' title='bbox 1763 3684 2153 3754; x_wconf 87' lang='lat' dir='ltr'>poenitentiam</span> 
     </span>
    </p>
   </div>
   <div class='ocr_carea' id='block_1_54' title="bbox 537 3775 2150 3846">
    <p class='ocr_par' dir='ltr' id='par_1_54' title="bbox 537 3775 2150 3846">
     <span class='ocr_line' id='line_1_54' title="bbox 537 3775 2150 3846; baseline -0.001 -13"><span class='ocrx_word' id='word_1_409' title='bbox 537 3776 942 3844; x_wconf 88' lang='lat' dir='ltr'>convertimini,</span> <span class='ocrx_word' id='word_1_410' title='bbox 975 3792 1046 3829; x_wconf 90' lang='lat' dir='ltr'>ne</span> <span class='ocrx_word' id='word_1_411' title='bbox 1077 3775 1260 3829; x_wconf 89' lang='lat' dir='ltr'>subito</span> <span class='ocrx_word' id='word_1_412' title='bbox 1292 3779 1448 3844; x_wconf 87' lang='lat' dir='ltr'>rapta</span> <span class='ocrx_word' id='word_1_413' title='bbox 1489 3775 1682 3828; x_wconf 87' lang='lat' dir='ltr'>anima</span> <span class='ocrx_word' id='word_1_414' title='bbox 1734 3775 2150 3846; x_wconf 88' lang='lat' dir='ltr'>obtenebretur,</span> 
     </span>
    </p>
   </div>
   <div class='ocr_carea' id='block_1_55' title="bbox 535 3867 2152 3940">
    <p class='ocr_par' dir='ltr' id='par_1_55' title="bbox 535 3867 2152 3940">
     <span class='ocr_line' id='line_1_55' title="bbox 535 3867 2152 3940; baseline -0.001 -16"><span class='ocrx_word' id='word_1_415' title='bbox 535 3869 621 3926; x_wconf 89' lang='lat' dir='ltr'>vel</span> <span class='ocrx_word' id='word_1_416' title='bbox 653 3869 734 3924; x_wconf 91' lang='lat' dir='ltr'>sol</span> <span class='ocrx_word' id='word_1_417' title='bbox 759 3867 1011 3940; x_wconf 63' lang='lat' dir='ltr'>justitiaa,</span> <span class='ocrx_word' id='word_1_418' title='bbox 1040 3867 1127 3921; x_wconf 87' lang='lat' dir='ltr'>vel</span> <span class='ocrx_word' id='word_1_419' title='bbox 1158 3867 1466 3937; x_wconf 83' lang='lat' dir='ltr'>principale</span> <span class='ocrx_word' id='word_1_420' title='bbox 1493 3867 1674 3921; x_wconf 87' lang='lat' dir='ltr'>cordis</span> <span class='ocrx_word' id='word_1_421' title='bbox 1705 3868 1950 3922; x_wconf 89' lang='lat' dir='ltr'>tenebris</span> <span class='ocrx_word' id='word_1_422' title='bbox 1969 3869 2152 3923; x_wconf 84' lang='lat' dir='ltr'>obvol-</span> 
     </span>
    </p>
   </div>
   <div class='ocr_carea' id='block_1_56' title="bbox 537 3959 2150 4029">
    <p class='ocr_par' dir='ltr' id='par_1_56' title="bbox 537 3959 2150 4029">
     <span class='ocr_line' id='line_1_56' title="bbox 537 3959 2150 4029; baseline 0 -12"><span class='ocrx_word' id='word_1_423' title='bbox 537 3969 717 4018; x_wconf 88' lang='lat' dir='ltr'>vatur.</span> <span class='ocrx_word' id='word_1_424' title='bbox 753 3963 934 4016; x_wconf 87' lang='lat' dir='ltr'>Potest</span> <span class='ocrx_word' id='word_1_425' title='bbox 965 3960 1148 4014; x_wconf 88' lang='lat' dir='ltr'>adhuc</span> <span class='ocrx_word' id='word_1_426' title='bbox 1171 3962 1226 4013; x_wconf 88' lang='lat' dir='ltr'>et</span> <span class='ocrx_word' id='word_1_427' title='bbox 1255 3959 1585 4029; x_wconf 86' lang='lat' dir='ltr'>simpliciter</span> <span class='ocrx_word' id='word_1_428' title='bbox 1611 3961 1679 4014; x_wconf 92' lang='lat' dir='ltr'>de</span> <span class='ocrx_word' id='word_1_429' title='bbox 1709 3961 1814 4015; x_wconf 91' lang='lat' dir='ltr'>hoc</span> <span class='ocrx_word' id='word_1_430' title='bbox 1845 3963 1959 4016; x_wconf 88' lang='lat' dir='ltr'>sole</span> <span class='ocrx_word' id='word_1_431' title='bbox 1985 3963 2150 4017; x_wconf 87' lang='lat' dir='ltr'>intel-</span> 
     </span>
    </p>
   </div>
   <div class='ocr_carea' id='block_1_57' title="bbox 536 4051 2149 4126">
    <p class='ocr_par' dir='ltr' id='par_1_57' title="bbox 536 4051 2149 4126">
     <span class='ocr_line' id='line_1_57' title="bbox 536 4051 2149 4126; baseline 0 -16"><span class='ocrx_word' id='word_1_432' title='bbox 536 4056 637 4126; x_wconf 83' lang='lat' dir='ltr'>ligi</span> <span class='ocrx_word' id='word_1_433' title='bbox 659 4055 891 4119; x_wconf 89' lang='lat' dir='ltr'>dictum,</span> <span class='ocrx_word' id='word_1_434' title='bbox 913 4053 1074 4123; x_wconf 83' lang='lat' dir='ltr'>juxta</span> <span class='ocrx_word' id='word_1_435' title='bbox 1096 4052 1248 4122; x_wconf 90' lang='lat' dir='ltr'>quod</span> <span class='ocrx_word' id='word_1_436' title='bbox 1277 4051 1334 4105; x_wconf 91' lang='lat' dir='ltr'>in</span> <span class='ocrx_word' id='word_1_437' title='bbox 1355 4057 1555 4122; x_wconf 89' lang='lat' dir='ltr'>quarto</span> <span class='ocrx_word' id='word_1_438' title='bbox 1578 4053 1790 4123; x_wconf 86' lang='lat' dir='ltr'>psalmo</span> <span class='ocrx_word' id='word_1_439' title='bbox 1809 4054 1946 4107; x_wconf 88' lang='lat' dir='ltr'>dicit</span> <span class='ocrx_word' id='word_1_440' title='bbox 1964 4056 2149 4122; x_wconf 86' lang='lat' dir='ltr'>David,</span> 
     </span>
    </p>
   </div>
   <div class='ocr_carea' id='block_1_58' title="bbox 538 4144 2149 4216">
    <p class='ocr_par' dir='ltr' id='par_1_58' title="bbox 538 4144 2149 4216">
     <span class='ocr_line' id='line_1_58' title="bbox 538 4144 2149 4216; baseline -0.001 -14"><span class='ocrx_word' id='word_1_441' title='bbox 538 4147 690 4202; x_wconf 89' lang='lat' dir='ltr'>unde</span> <span class='ocrx_word' id='word_1_442' title='bbox 721 4151 1008 4216; x_wconf 89' lang='lat' dir='ltr'>sumptum</span> <span class='ocrx_word' id='word_1_443' title='bbox 1038 4144 1258 4198; x_wconf 88' lang='lat' dir='ltr'>videtur</span> <span class='ocrx_word' id='word_1_444' title='bbox 1285 4161 1298 4198; x_wconf 88' lang='lat'><strong>:</strong></span> <span class='ocrx_word' id='word_1_445' title='bbox 1329 4146 1658 4211; x_wconf 67' lang='lat' dir='ltr'>Quae-dicitis</span> <span class='ocrx_word' id='word_1_446' title='bbox 1685 4149 1739 4200; x_wconf 89' lang='lat' dir='ltr'>in</span> <span class='ocrx_word' id='word_1_447' title='bbox 1791 4149 2035 4202; x_wconf 85' lang='lat' dir='ltr'>cordibus</span> <span class='ocrx_word' id='word_1_448' title='bbox 2061 4164 2149 4201; x_wconf 75' lang='lat' dir='ltr'>re-</span> 
     </span>
    </p>
   </div>
   <div class='ocr_carea' id='block_1_59' title="bbox 536 4238 2153 4312">
    <p class='ocr_par' dir='ltr' id='par_1_59' title="bbox 536 4238 2153 4312">
     <span class='ocr_line' id='line_1_59' title="bbox 536 4238 2153 4312; baseline 0.001 -18"><span class='ocrx_word' id='word_1_449' title='bbox 536 4242 683 4304; x_wconf 81' lang='lat' dir='ltr'>stris,</span> <span class='ocrx_word' id='word_1_450' title='bbox 701 4245 750 4294; x_wconf 83' lang='lat' dir='ltr'>et</span> <span class='ocrx_word' id='word_1_451' title='bbox 772 4243 830 4292; x_wconf 85' lang='lat' dir='ltr'>in</span> <span class='ocrx_word' id='word_1_452' title='bbox 855 4238 1116 4292; x_wconf 88' lang='lat' dir='ltr'>cubilibus</span> <span class='ocrx_word' id='word_1_453' title='bbox 1134 4240 1320 4292; x_wconf 74' lang='lat' dir='ltr'>vestris</span> <span class='ocrx_word' id='word_1_454' title='bbox 1339 4241 1755 4308; x_wconf 86' lang='lat' dir='ltr'>compungimini</span> <span class='ocrx_word' id='word_1_455' title='bbox 1775 4257 1791 4307; x_wconf 85' lang='lat'><strong>;</strong></span> <span class='ocrx_word' id='word_1_456' title='bbox 1822 4239 1878 4293; x_wconf 91' lang='lat' dir='ltr'>id</span> <span class='ocrx_word' id='word_1_457' title='bbox 1905 4246 1987 4294; x_wconf 88' lang='lat' dir='ltr'>est</span> <span class='ocrx_word' id='word_1_458' title='bbox 2005 4258 2153 4312; x_wconf 68' lang='lat' dir='ltr'>quae-</span> 
     </span>
    </p>
   </div>
   <div class='ocr_carea' id='block_1_60' title="bbox 541 4329 2148 4404">
    <p class='ocr_par' dir='ltr' id='par_1_60' title="bbox 541 4329 2148 4404">
     <span class='ocr_line' id='line_1_60' title="bbox 541 4329 2148 4404; baseline 0 -17"><span class='ocrx_word' id='word_1_459' title='bbox 541 4348 762 4402; x_wconf 90' lang='lat' dir='ltr'>cunque</span> <span class='ocrx_word' id='word_1_460' title='bbox 784 4331 842 4384; x_wconf 90' lang='lat' dir='ltr'>in</span> <span class='ocrx_word' id='word_1_461' title='bbox 857 4329 1312 4399; x_wconf 82' lang='lat' dir='ltr'>diecogitatione,</span> <span class='ocrx_word' id='word_1_462' title='bbox 1347 4330 1448 4397; x_wconf 90' lang='lat' dir='ltr'>ira,</span> <span class='ocrx_word' id='word_1_463' title='bbox 1470 4331 1556 4384; x_wconf 90' lang='lat' dir='ltr'>vel</span> <span class='ocrx_word' id='word_1_464' title='bbox 1579 4347 1772 4401; x_wconf 88' lang='lat' dir='ltr'>opera,</span> <span class='ocrx_word' id='word_1_465' title='bbox 1805 4331 2148 4404; x_wconf 82' lang='lat' dir='ltr'>delinquitis,</span> 
     </span>
    </p>
   </div>
   <div class='ocr_carea' id='block_1_61' title="bbox 537 4421 2147 4494">
    <p class='ocr_par' dir='ltr' id='par_1_61' title="bbox 537 4421 2147 4494">
     <span class='ocr_line' id='line_1_61' title="bbox 537 4421 2147 4494; baseline 0.001 -16"><span class='ocrx_word' id='word_1_466' title='bbox 537 4426 596 4479; x_wconf 89' lang='lat' dir='ltr'>in</span> <span class='ocrx_word' id='word_1_467' title='bbox 627 4425 903 4478; x_wconf 88' lang='lat' dir='ltr'>cubilibus</span> <span class='ocrx_word' id='word_1_468' title='bbox 933 4421 1127 4478; x_wconf 89' lang='lat' dir='ltr'>vestris</span> <span class='ocrx_word' id='word_1_469' title='bbox 1161 4423 1629 4494; x_wconf 81' lang='lat' dir='ltr'>compungimini.</span> <span class='ocrx_word' id='word_1_470' title='bbox 1662 4428 1802 4479; x_wconf 89' lang='lat' dir='ltr'>Ante</span> <span class='ocrx_word' id='word_1_471' title='bbox 1829 4425 1958 4478; x_wconf 91' lang='lat' dir='ltr'>solis</span> <span class='ocrx_word' id='word_1_472' title='bbox 1991 4443 2147 4480; x_wconf 83' lang='lat' dir='ltr'>occa-</span> 
     </span>
    </p>
   </div>
   <div class='ocr_carea' id='block_1_62' title="bbox 2259 1929 3962 1998">
    <p class='ocr_par' dir='ltr' id='par_1_62' title="bbox 2259 1929 3962 1998">
     <span class='ocr_line' id='line_1_62' title="bbox 2259 1929 3962 1998; baseline -0.002 -15"><span class='ocrx_word' id='word_1_473' title='bbox 2259 1929 2444 1998; x_wconf 79' lang='lat' dir='ltr'>tellegi</span> <span class='ocrx_word' id='word_1_474' title='bbox 2473 1929 2622 1998; x_wconf 83' lang='lat' dir='ltr'>quod</span> <span class='ocrx_word' id='word_1_475' title='bbox 2651 1929 2801 1997; x_wconf 88' lang='lat' dir='ltr'>dicit,</span> <span class='ocrx_word' id='word_1_476' title='bbox 2826 1932 2922 1998; x_wconf 85' lang='lat' dir='ltr'>qui</span> <span class='ocrx_word' id='word_1_477' title='bbox 2936 1930 3239 1995; x_wconf 83' lang='lat' dir='ltr'>furabatur</span> <span class='ocrx_word' id='word_1_478' title='bbox 3241 1929 3371 1996; x_wconf 84' lang='lat' dir='ltr'>jam</span> <span class='ocrx_word' id='word_1_479' title='bbox 3389 1944 3501 1982; x_wconf 87' lang='lat' dir='ltr'>non</span> <span class='ocrx_word' id='word_1_480' title='bbox 3519 1931 3778 1996; x_wconf 77' lang='lat' dir='ltr'>furetur</span> <span class='ocrx_word' id='word_1_481' title='bbox 3806 1947 3826 1992; x_wconf 91' lang='lat'><strong><em>;</em></strong></span> <span class='ocrx_word' id='word_1_482' title='bbox 3859 1929 3962 1981; x_wconf 83' lang='lat' dir='ltr'>sci-</span> 
     </span>
    </p>
   </div>
   <div class='ocr_carea' id='block_1_63' title="bbox 2259 2021 3957 2092">
    <p class='ocr_par' dir='ltr' id='par_1_63' title="bbox 2259 2021 3957 2092">
     <span class='ocr_line' id='line_1_63' title="bbox 2259 2021 3957 2092; baseline 0.001 -19"><span class='ocrx_word' id='word_1_483' title='bbox 2259 2022 2386 2074; x_wconf 90' lang='lat' dir='ltr'>licet</span> <span class='ocrx_word' id='word_1_484' title='bbox 2415 2021 2557 2075; x_wconf 91' lang='lat' dir='ltr'>sicut</span> <span class='ocrx_word' id='word_1_485' title='bbox 2580 2023 2647 2074; x_wconf 86' lang='lat' dir='ltr'>de</span> <span class='ocrx_word' id='word_1_486' title='bbox 2678 2021 3190 2091; x_wconf 87' lang='lat' dir='ltr'>pseudoprophetis</span> <span class='ocrx_word' id='word_1_487' title='bbox 3221 2021 3444 2074; x_wconf 88' lang='lat' dir='ltr'>dictum</span> <span class='ocrx_word' id='word_1_488' title='bbox 3481 2027 3598 2089; x_wconf 87' lang='lat' dir='ltr'>est,</span> <span class='ocrx_word' id='word_1_489' title='bbox 3635 2022 3800 2092; x_wconf 83' lang='lat' dir='ltr'>quia</span> <span class='ocrx_word' id='word_1_490' title='bbox 3835 2039 3957 2075; x_wconf 87' lang='lat' dir='ltr'>ser-</span> 
     </span>
    </p>
   </div>
   <div class='ocr_carea' id='block_1_64' title="bbox 2259 2102 3964 2184">
    <p class='ocr_par' dir='ltr' id='par_1_64' title="bbox 2259 2102 3964 2184">
     <span class='ocr_line' id='line_1_64' title="bbox 2259 2102 3964 2184; baseline -0.001 -17"><span class='ocrx_word' id='word_1_491' title='bbox 2259 2129 2455 2167; x_wconf 89' lang='lat' dir='ltr'>mones</span> <span class='ocrx_word' id='word_1_492' title='bbox 2507 2115 2800 2167; x_wconf 86' lang='lat' dir='ltr'>furabatur</span> <span class='ocrx_word' id='word_1_493' title='bbox 2845 2113 3234 2183; x_wconf 86' lang='lat' dir='ltr'>unusquisque</span> <span class='ocrx_word' id='word_1_494' title='bbox 3279 2129 3315 2166; x_wconf 91' lang='lat' dir='ltr'>a</span> <span class='ocrx_word' id='word_1_495' title='bbox 3357 2113 3645 2184; x_wconf 84' lang='lat' dir='ltr'>proximo</span> <span class='ocrx_word' id='word_1_496' title='bbox 3685 2102 3860 2167; x_wconf 68' lang='lat' dir='ltr'>suo:</span> <span class='ocrx_word' id='word_1_497' title='bbox 3908 2118 3964 2168; x_wconf 87' lang='lat' dir='ltr'>et</span> 
     </span>
    </p>
   </div>
   <div class='ocr_carea' id='block_1_65' title="bbox 2257 2207 3963 2274">
    <p class='ocr_par' dir='ltr' id='par_1_65' title="bbox 2257 2207 3963 2274">
     <span class='ocr_line' id='line_1_65' title="bbox 2257 2207 3963 2274; baseline 0 -15"><span class='ocrx_word' id='word_1_498' title='bbox 2257 2211 2511 2274; x_wconf 85' lang='lat' dir='ltr'>quotquot</span> <span class='ocrx_word' id='word_1_499' title='bbox 2535 2211 2812 2266; x_wconf 80' lang='lat' dir='ltr'>venerunt,</span> <span class='ocrx_word' id='word_1_500' title='bbox 2843 2207 2995 2272; x_wconf 83' lang='lat' dir='ltr'>fures</span> <span class='ocrx_word' id='word_1_501' title='bbox 3019 2208 3247 2272; x_wconf 80' lang='lat' dir='ltr'>fuerunt</span> <span class='ocrx_word' id='word_1_502' title='bbox 3293 2211 3346 2259; x_wconf 88' lang='lat' dir='ltr'>et</span> <span class='ocrx_word' id='word_1_503' title='bbox 3377 2207 3659 2260; x_wconf 85' lang='lat' dir='ltr'>latrones.</span> <span class='ocrx_word' id='word_1_504' title='bbox 3697 2207 3776 2260; x_wconf 82' lang='lat' dir='ltr'>Ili</span> <span class='ocrx_word' id='word_1_505' title='bbox 3814 2207 3963 2261; x_wconf 87' lang='lat' dir='ltr'>tales</span> 
     </span>
    </p>
   </div>
   <div class='ocr_carea' id='block_1_66' title="bbox 2257 2297 3960 2368">
    <p class='ocr_par' dir='ltr' id='par_1_66' title="bbox 2257 2297 3960 2368">
     <span class='ocr_line' id='line_1_66' title="bbox 2257 2297 3960 2368; baseline 0.002 -18"><span class='ocrx_word' id='word_1_506' title='bbox 2257 2314 2451 2350; x_wconf 89' lang='lat' dir='ltr'>omnes</span> <span class='ocrx_word' id='word_1_507' title='bbox 2487 2299 2751 2352; x_wconf 85' lang='lat' dir='ltr'>furantur</span> <span class='ocrx_word' id='word_1_508' title='bbox 2777 2297 3012 2350; x_wconf 88' lang='lat' dir='ltr'>verbum</span> <span class='ocrx_word' id='word_1_509' title='bbox 3034 2297 3152 2364; x_wconf 87' lang='lat' dir='ltr'>Dei,</span> <span class='ocrx_word' id='word_1_510' title='bbox 3182 2298 3510 2368; x_wconf 86' lang='lat' dir='ltr'>loquuntur</span> <span class='ocrx_word' id='word_1_511' title='bbox 3539 2299 3960 2352; x_wconf 85' lang='lat' dir='ltr'>mendacium</span> 
     </span>
    </p>
   </div>
   <div class='ocr_carea' id='block_1_67' title="bbox 2257 2389 3959 2460">
    <p class='ocr_par' dir='ltr' id='par_1_67' title="bbox 2257 2389 3959 2460">
     <span class='ocr_line' id='line_1_67' title="bbox 2257 2389 3959 2460; baseline 0.002 -18"><span class='ocrx_word' id='word_1_512' title='bbox 2257 2405 2387 2442; x_wconf 92' lang='lat' dir='ltr'>cum</span> <span class='ocrx_word' id='word_1_513' title='bbox 2413 2389 2672 2460; x_wconf 75' lang='lat' dir='ltr'>proximo</span> <span class='ocrx_word' id='word_1_514' title='bbox 2701 2406 2821 2443; x_wconf 88' lang='lat' dir='ltr'>suo.</span> <span class='ocrx_word' id='word_1_515' title='bbox 2851 2390 2917 2442; x_wconf 81' lang='lat' dir='ltr'>Et</span> <span class='ocrx_word' id='word_1_516' title='bbox 2949 2390 3054 2443; x_wconf 90' lang='lat' dir='ltr'>hos</span> <span class='ocrx_word' id='word_1_517' title='bbox 3082 2389 3225 2442; x_wconf 86' lang='lat' dir='ltr'>tales</span> <span class='ocrx_word' id='word_1_518' title='bbox 3263 2390 3542 2460; x_wconf 83' lang='lat' dir='ltr'>prohibet</span> <span class='ocrx_word' id='word_1_519' title='bbox 3577 2392 3842 2446; x_wconf 81' lang='lat' dir='ltr'>furtum</span> <span class='ocrx_word' id='word_1_520' title='bbox 3874 2393 3959 2446; x_wconf 84' lang='lat' dir='ltr'>fa-</span> 
     </span>
    </p>
   </div>
   <div class='ocr_carea' id='block_1_68' title="bbox 2258 2481 3961 2552">
    <p class='ocr_par' dir='ltr' id='par_1_68' title="bbox 2258 2481 3961 2552">
     <span class='ocr_line' id='line_1_68' title="bbox 2258 2481 3961 2552; baseline 0.002 -18"><span class='ocrx_word' id='word_1_521' title='bbox 2258 2498 2400 2550; x_wconf 88' lang='lat' dir='ltr'>cere,</span> <span class='ocrx_word' id='word_1_522' title='bbox 2425 2483 2587 2552; x_wconf 77' lang='lat' dir='ltr'>juxta</span> <span class='ocrx_word' id='word_1_523' title='bbox 2618 2483 2768 2552; x_wconf 89' lang='lat' dir='ltr'>quod</span> <span class='ocrx_word' id='word_1_524' title='bbox 2791 2486 2846 2535; x_wconf 91' lang='lat' dir='ltr'>et</span> <span class='ocrx_word' id='word_1_525' title='bbox 2875 2483 3136 2551; x_wconf 88' lang='lat' dir='ltr'>superius</span> <span class='ocrx_word' id='word_1_526' title='bbox 3163 2481 3311 2536; x_wconf 79' lang='lat' dir='ltr'>dixit</span> <span class='ocrx_word' id='word_1_527' title='bbox 3343 2501 3359 2536; x_wconf 88' lang='lat'><strong>:</strong></span> <span class='ocrx_word' id='word_1_528' title='bbox 3396 2486 3767 2551; x_wconf 85' lang='lat' dir='ltr'>Deponentes</span> <span class='ocrx_word' id='word_1_529' title='bbox 3799 2502 3961 2539; x_wconf 69' lang='lat' dir='ltr'>men-</span> 
     </span>
    </p>
   </div>
   <div class='ocr_carea' id='block_1_69' title="bbox 2255 2576 3962 2648">
    <p class='ocr_par' dir='ltr' id='par_1_69' title="bbox 2255 2576 3962 2648">
     <span class='ocr_line' id='line_1_69' title="bbox 2255 2576 3962 2648; baseline 0.003 -20"><span class='ocrx_word' id='word_1_530' title='bbox 2255 2577 2488 2637; x_wconf 84' lang='lat' dir='ltr'>dacium,</span> <span class='ocrx_word' id='word_1_531' title='bbox 2519 2576 2802 2643; x_wconf 81' lang='lat' dir='ltr'>loquimini</span> <span class='ocrx_word' id='word_1_532' title='bbox 2825 2577 3105 2628; x_wconf 76' lang='lat' dir='ltr'>veritatem</span> <span class='ocrx_word' id='word_1_533' title='bbox 3123 2578 3500 2644; x_wconf 84' lang='lat' dir='ltr'>unusquisque</span> <span class='ocrx_word' id='word_1_534' title='bbox 3521 2592 3666 2631; x_wconf 87' lang='lat' dir='ltr'>cum</span> <span class='ocrx_word' id='word_1_535' title='bbox 3679 2583 3962 2648; x_wconf 61' lang='lat' dir='ltr'>proximo</span> 
     </span>
    </p>
   </div>
   <div class='ocr_carea' id='block_1_70' title="bbox 2253 2669 3962 2726">
    <p class='ocr_par' dir='ltr' id='par_1_70' title="bbox 2253 2669 3962 2726">
     <span class='ocr_line' id='line_1_70' title="bbox 2253 2669 3962 2726; baseline 0.004 -6"><span class='ocrx_word' id='word_1_536' title='bbox 2253 2683 2365 2721; x_wconf 78' lang='grc' dir='ltr'>ειιο.</span> <span class='ocrx_word' id='word_1_537' title='bbox 2415 2669 2585 2722; x_wconf 73' lang='lat' dir='ltr'>MAGIS</span> <span class='ocrx_word' id='word_1_538' title='bbox 2642 2683 2818 2722; x_wconf 72' lang='lat' dir='ltr'>AUTEM</span> <span class='ocrx_word' id='word_1_539' title='bbox 2863 2682 3105 2721; x_wconf 76' lang='lat' dir='ltr'>LABORET</span> <span class='ocrx_word' id='word_1_540' title='bbox 3159 2683 3456 2723; x_wconf 76' lang='lat' dir='ltr'>OPERANDO</span> <span class='ocrx_word' id='word_1_541' title='bbox 3496 2685 3780 2726; x_wconf 72' lang='lat' dir='ltr'>MANIBUS</span> <span class='ocrx_word' id='word_1_542' title='bbox 3839 2687 3962 2726; x_wconf 49' lang='lat' dir='ltr'>SL‘IS</span> 
     </span>
    </p>
   </div>
   <div class='ocr_carea' id='block_1_71' title="bbox 2257 2760 3965 2830">
    <p class='ocr_par' dir='ltr' id='par_1_71' title="bbox 2257 2760 3965 2830">
     <span class='ocr_line' id='line_1_71' title="bbox 2257 2760 3965 2830; baseline 0.004 -16"><span class='ocrx_word' id='word_1_543' title='bbox 2257 2775 2600 2822; x_wconf 68' lang='lat' dir='ltr'>QUODBONL&#39;M</span> <span class='ocrx_word' id='word_1_544' title='bbox 2629 2776 2742 2814; x_wconf 72' lang='lat' dir='ltr'>esr.</span> <span class='ocrx_word' id='word_1_545' title='bbox 2772 2760 2963 2814; x_wconf 85' lang='lat' dir='ltr'>Simile</span> <span class='ocrx_word' id='word_1_546' title='bbox 2993 2760 3254 2830; x_wconf 76' lang='lat' dir='ltr'>estquod</span> <span class='ocrx_word' id='word_1_547' title='bbox 3271 2761 3398 2830; x_wconf 86' lang='lat' dir='ltr'>jam</span> <span class='ocrx_word' id='word_1_548' title='bbox 3421 2762 3666 2816; x_wconf 89' lang='lat' dir='ltr'>dictum</span> <span class='ocrx_word' id='word_1_549' title='bbox 3695 2771 3834 2818; x_wconf 79' lang='lat' dir='ltr'>est:</span> <span class='ocrx_word' id='word_1_550' title='bbox 3867 2770 3965 2820; x_wconf 86' lang='lat' dir='ltr'>De-</span> 
     </span>
    </p>
   </div>
   <div class='ocr_carea' id='block_1_72' title="bbox 2255 2853 3966 2924">
    <p class='ocr_par' dir='ltr' id='par_1_72' title="bbox 2255 2853 3966 2924">
     <span class='ocr_line' id='line_1_72' title="bbox 2255 2853 3966 2924; baseline 0.005 -20"><span class='ocrx_word' id='word_1_551' title='bbox 2255 2853 2398 2905; x_wconf 88' lang='lat' dir='ltr'>clina</span> <span class='ocrx_word' id='word_1_552' title='bbox 2420 2869 2452 2905; x_wconf 89' lang='lat' dir='ltr'>a</span> <span class='ocrx_word' id='word_1_553' title='bbox 2474 2855 2634 2914; x_wconf 87' lang='lat' dir='ltr'>malo,</span> <span class='ocrx_word' id='word_1_554' title='bbox 2659 2857 2708 2906; x_wconf 84' lang='lat' dir='ltr'>et</span> <span class='ocrx_word' id='word_1_555' title='bbox 2725 2855 2817 2919; x_wconf 87' lang='lat' dir='ltr'>fac</span> <span class='ocrx_word' id='word_1_556' title='bbox 2841 2853 3054 2905; x_wconf 87' lang='lat' dir='ltr'>bonum.</span> <span class='ocrx_word' id='word_1_557' title='bbox 3077 2855 3144 2906; x_wconf 87' lang='lat' dir='ltr'>Et</span> <span class='ocrx_word' id='word_1_558' title='bbox 3169 2858 3324 2906; x_wconf 88' lang='lat' dir='ltr'>recte</span> <span class='ocrx_word' id='word_1_559' title='bbox 3343 2853 3483 2907; x_wconf 90' lang='lat' dir='ltr'>dicit</span> <span class='ocrx_word' id='word_1_560' title='bbox 3503 2859 3828 2924; x_wconf 81' lang='lat' dir='ltr'>operando</span> <span class='ocrx_word' id='word_1_561' title='bbox 3851 2875 3966 2911; x_wconf 83' lang='lat' dir='ltr'>ma-</span> 
     </span>
    </p>
   </div>
   <div class='ocr_carea' id='block_1_73' title="bbox 2253 2945 3964 3014">
    <p class='ocr_par' dir='ltr' id='par_1_73' title="bbox 2253 2945 3964 3014">
     <span class='ocr_line' id='line_1_73' title="bbox 2253 2945 3964 3014; baseline 0.006 -18"><span class='ocrx_word' id='word_1_562' title='bbox 2253 2945 2427 3006; x_wconf 84' lang='lat' dir='ltr'>nibus,</span> <span class='ocrx_word' id='word_1_563' title='bbox 2456 2945 2598 3012; x_wconf 88' lang='lat' dir='ltr'>quod</span> <span class='ocrx_word' id='word_1_564' title='bbox 2625 2945 2816 2997; x_wconf 81' lang='lat' dir='ltr'>bonum</span> <span class='ocrx_word' id='word_1_565' title='bbox 2842 2949 2938 3006; x_wconf 86' lang='lat' dir='ltr'>est,</span> <span class='ocrx_word' id='word_1_566' title='bbox 2966 2947 3032 2997; x_wconf 90' lang='lat' dir='ltr'>ut</span> <span class='ocrx_word' id='word_1_567' title='bbox 3060 2945 3157 3014; x_wconf 90' lang='lat' dir='ltr'>qui</span> <span class='ocrx_word' id='word_1_568' title='bbox 3185 2950 3357 3000; x_wconf 88' lang='lat' dir='ltr'>antea</span> <span class='ocrx_word' id='word_1_569' title='bbox 3375 2962 3470 2999; x_wconf 88' lang='lat' dir='ltr'>res</span> <span class='ocrx_word' id='word_1_570' title='bbox 3499 2947 3780 3004; x_wconf 87' lang='lat' dir='ltr'>alterius</span> <span class='ocrx_word' id='word_1_571' title='bbox 3803 2951 3964 3006; x_wconf 82' lang='lat' dir='ltr'>furto</span> 
     </span>
    </p>
   </div>
   <div class='ocr_carea' id='block_1_74' title="bbox 2255 3036 3965 3106">
    <p class='ocr_par' dir='ltr' id='par_1_74' title="bbox 2255 3036 3965 3106">
     <span class='ocr_line' id='line_1_74' title="bbox 2255 3036 3965 3106; baseline 0.005 -16"><span class='ocrx_word' id='word_1_572' title='bbox 2255 3036 2524 3106; x_wconf 85' lang='lat' dir='ltr'>rapiebat,</span> <span class='ocrx_word' id='word_1_573' title='bbox 2554 3037 2786 3106; x_wconf 87' lang='lat' dir='ltr'>incipiat</span> <span class='ocrx_word' id='word_1_574' title='bbox 2814 3037 3042 3106; x_wconf 84' lang='lat' dir='ltr'>propria</span> <span class='ocrx_word' id='word_1_575' title='bbox 3061 3037 3280 3106; x_wconf 83' lang='lat' dir='ltr'>largiri.</span> <span class='ocrx_word' id='word_1_576' title='bbox 3316 3037 3611 3094; x_wconf 80' lang='lat' dir='ltr'>Similiter</span> <span class='ocrx_word' id='word_1_577' title='bbox 3648 3047 3718 3097; x_wconf 87' lang='lat' dir='ltr'>et</span> <span class='ocrx_word' id='word_1_578' title='bbox 3751 3045 3830 3098; x_wconf 85' lang='lat' dir='ltr'>de</span> <span class='ocrx_word' id='word_1_579' title='bbox 3859 3062 3965 3098; x_wconf 78' lang='lat' dir='ltr'>cae-</span> 
     </span>
    </p>
   </div>
   <div class='ocr_carea' id='block_1_75' title="bbox 2255 3129 3962 3206">
    <p class='ocr_par' dir='ltr' id='par_1_75' title="bbox 2255 3129 3962 3206">
     <span class='ocr_line' id='line_1_75' title="bbox 2255 3129 3962 3206; baseline 0.005 -23"><span class='ocrx_word' id='word_1_580' title='bbox 2255 3129 2387 3183; x_wconf 88' lang='lat' dir='ltr'>teris</span> <span class='ocrx_word' id='word_1_581' title='bbox 2444 3130 2610 3183; x_wconf 89' lang='lat' dir='ltr'>rebus</span> <span class='ocrx_word' id='word_1_582' title='bbox 2648 3129 3089 3199; x_wconf 82' lang='lat' dir='ltr'>intelligendum</span> <span class='ocrx_word' id='word_1_583' title='bbox 3144 3136 3249 3184; x_wconf 86' lang='lat' dir='ltr'>est.</span> <span class='ocrx_word' id='word_1_584' title='bbox 3297 3133 3367 3185; x_wconf 88' lang='lat' dir='ltr'>Et</span> <span class='ocrx_word' id='word_1_585' title='bbox 3413 3137 3556 3186; x_wconf 88' lang='lat' dir='ltr'>nota</span> <span class='ocrx_word' id='word_1_586' title='bbox 3593 3151 3742 3190; x_wconf 88' lang='lat' dir='ltr'>non</span> <span class='ocrx_word' id='word_1_587' title='bbox 3792 3137 3962 3206; x_wconf 81' lang='lat' dir='ltr'>dixit,</span> 
     </span>
    </p>
   </div>
   <div class='ocr_carea' id='block_1_76' title="bbox 2255 3222 3962 3296">
    <p class='ocr_par' dir='ltr' id='par_1_76' title="bbox 2255 3222 3962 3296">
     <span class='ocr_line' id='line_1_76' title="bbox 2255 3222 3962 3296; baseline 0.005 -21"><span class='ocrx_word' id='word_1_588' title='bbox 2255 3222 2385 3292; x_wconf 91' lang='lat' dir='ltr'>quia</span> <span class='ocrx_word' id='word_1_589' title='bbox 2423 3223 2640 3277; x_wconf 89' lang='lat' dir='ltr'>laboret</span> <span class='ocrx_word' id='word_1_590' title='bbox 2671 3222 2956 3292; x_wconf 86' lang='lat' dir='ltr'>operando</span> <span class='ocrx_word' id='word_1_591' title='bbox 3005 3223 3276 3277; x_wconf 89' lang='lat' dir='ltr'>manibus</span> <span class='ocrx_word' id='word_1_592' title='bbox 3328 3224 3450 3277; x_wconf 89' lang='lat' dir='ltr'>suis</span> <span class='ocrx_word' id='word_1_593' title='bbox 3500 3228 3684 3296; x_wconf 85' lang='lat' dir='ltr'>quod</span> <span class='ocrx_word' id='word_1_594' title='bbox 3721 3229 3962 3283; x_wconf 88' lang='lat' dir='ltr'>bonum</span> 
     </span>
    </p>
   </div>
   <div class='ocr_carea' id='block_1_77' title="bbox 2257 3315 3964 3386">
    <p class='ocr_par' dir='ltr' id='par_1_77' title="bbox 2257 3315 3964 3386">
     <span class='ocr_line' id='line_1_77' title="bbox 2257 3315 3964 3386; baseline 0.005 -17"><span class='ocrx_word' id='word_1_595' title='bbox 2257 3319 2358 3382; x_wconf 88' lang='lat' dir='ltr'>est,</span> <span class='ocrx_word' id='word_1_596' title='bbox 2383 3321 2444 3370; x_wconf 90' lang='lat' dir='ltr'>ut</span> <span class='ocrx_word' id='word_1_597' title='bbox 2463 3315 2665 3369; x_wconf 88' lang='lat' dir='ltr'>habeat</span> <span class='ocrx_word' id='word_1_598' title='bbox 2683 3315 2914 3382; x_wconf 85' lang='lat' dir='ltr'>victum,</span> <span class='ocrx_word' id='word_1_599' title='bbox 2941 3319 2997 3369; x_wconf 87' lang='lat' dir='ltr'>et</span> <span class='ocrx_word' id='word_1_600' title='bbox 3017 3332 3131 3369; x_wconf 88' lang='lat' dir='ltr'>non</span> <span class='ocrx_word' id='word_1_601' title='bbox 3152 3315 3440 3386; x_wconf 85' lang='lat' dir='ltr'>indigeat,</span> <span class='ocrx_word' id='word_1_602' title='bbox 3467 3319 3560 3372; x_wconf 86' lang='lat' dir='ltr'>vel</span> <span class='ocrx_word' id='word_1_603' title='bbox 3576 3322 3754 3376; x_wconf 85' lang='lat' dir='ltr'>nulli</span> <span class='ocrx_word' id='word_1_604' title='bbox 3778 3323 3964 3378; x_wconf 87' lang='lat' dir='ltr'>mole-</span> 
     </span>
    </p>
   </div>
   <div class='ocr_carea' id='block_1_78' title="bbox 2255 3407 3962 3478">
    <p class='ocr_par' dir='ltr' id='par_1_78' title="bbox 2255 3407 3962 3478">
     <span class='ocr_line' id='line_1_78' title="bbox 2255 3407 3962 3478; baseline 0.006 -17"><span class='ocrx_word' id='word_1_605' title='bbox 2255 3409 2418 3462; x_wconf 89' lang='lat' dir='ltr'>stiam</span> <span class='ocrx_word' id='word_1_606' title='bbox 2456 3407 2668 3475; x_wconf 84' lang='lat' dir='ltr'>faciat;</span> <span class='ocrx_word' id='word_1_607' title='bbox 2702 3407 2801 3460; x_wconf 90' lang='lat' dir='ltr'>sed</span> <span class='ocrx_word' id='word_1_608' title='bbox 2841 3407 3082 3475; x_wconf 90' lang='lat' dir='ltr'>laboret,</span> <span class='ocrx_word' id='word_1_609' title='bbox 3125 3408 3342 3478; x_wconf 89' lang='lat' dir='ltr'>inquit,</span> <span class='ocrx_word' id='word_1_610' title='bbox 3391 3427 3462 3464; x_wconf 72' lang='grc' dir='ltr'>ω’</span> <span class='ocrx_word' id='word_1_611' title='bbox 3514 3427 3768 3470; x_wconf 57' lang='lat' dir='ltr'>manu</span> <span class='ocrx_word' id='word_1_612' title='bbox 3815 3433 3962 3472; x_wconf 68' lang='lat' dir='ltr'>[~on</span> 
     </span>
    </p>
   </div>
   <div class='ocr_carea' id='block_1_79' title="bbox 2254 3503 3958 3566">
    <p class='ocr_par' dir='ltr' id='par_1_79' title="bbox 2254 3503 3958 3566">
     <span class='ocr_line' id='line_1_79' title="bbox 2254 3503 3958 3566; baseline 0.005 -10"><span class='ocrx_word' id='word_1_613' title='bbox 2254 3517 2478 3556; x_wconf 75' lang='lat' dir='ltr'>TRIBL’AT</span> <span class='ocrx_word' id='word_1_614' title='bbox 2529 3516 2920 3555; x_wconf 67' lang='lat' dir='ltr'>secessrrnw</span> <span class='ocrx_word' id='word_1_615' title='bbox 2972 3517 3241 3556; x_wconf 71' lang='lat' dir='ltr'>PATIENTI.</span> <span class='ocrx_word' id='word_1_616' title='bbox 3271 3503 3382 3566; x_wconf 87' lang='lat' dir='ltr'>Qui</span> <span class='ocrx_word' id='word_1_617' title='bbox 3416 3504 3586 3559; x_wconf 88' lang='lat' dir='ltr'>enim</span> <span class='ocrx_word' id='word_1_618' title='bbox 3626 3507 3758 3562; x_wconf 87' lang='lat' dir='ltr'>sibi</span> <span class='ocrx_word' id='word_1_619' title='bbox 3787 3509 3958 3563; x_wconf 86' lang='lat' dir='ltr'>labo-</span> 
     </span>
    </p>
   </div>
   <div class='ocr_carea' id='block_1_80' title="bbox 2253 3593 3958 3674">
    <p class='ocr_par' dir='ltr' id='par_1_80' title="bbox 2253 3593 3958 3674">
     <span class='ocr_line' id='line_1_80' title="bbox 2253 3593 3958 3674; baseline 0.006 -26"><span class='ocrx_word' id='word_1_620' title='bbox 2253 3600 2358 3660; x_wconf 85' lang='lat' dir='ltr'>rat,</span> <span class='ocrx_word' id='word_1_621' title='bbox 2392 3599 2454 3647; x_wconf 89' lang='lat' dir='ltr'>ut</span> <span class='ocrx_word' id='word_1_622' title='bbox 2497 3611 2608 3647; x_wconf 89' lang='lat' dir='ltr'>non</span> <span class='ocrx_word' id='word_1_623' title='bbox 2657 3593 2910 3663; x_wconf 81' lang='lat' dir='ltr'>indigeat</span> <span class='ocrx_word' id='word_1_624' title='bbox 2937 3594 3081 3664; x_wconf 87' lang='lat' dir='ltr'>ipse,</span> <span class='ocrx_word' id='word_1_625' title='bbox 3115 3595 3366 3649; x_wconf 88' lang='lat' dir='ltr'>necdum</span> <span class='ocrx_word' id='word_1_626' title='bbox 3399 3599 3686 3667; x_wconf 86' lang='lat' dir='ltr'>Apostoli</span> <span class='ocrx_word' id='word_1_627' title='bbox 3717 3620 3958 3674; x_wconf 71' lang='lat' dir='ltr'>praece-</span> 
     </span>
    </p>
   </div>
   <div class='ocr_carea' id='block_1_81' title="bbox 2253 3686 3958 3764">
    <p class='ocr_par' dir='ltr' id='par_1_81' title="bbox 2253 3686 3958 3764">
     <span class='ocr_line' id='line_1_81' title="bbox 2253 3686 3958 3764; baseline 0.008 -25"><span class='ocrx_word' id='word_1_628' title='bbox 2253 3692 2415 3756; x_wconf 89' lang='lat' dir='ltr'>ptum</span> <span class='ocrx_word' id='word_1_629' title='bbox 2445 3686 2662 3756; x_wconf 89' lang='lat' dir='ltr'>implet.</span> <span class='ocrx_word' id='word_1_630' title='bbox 2697 3689 2844 3755; x_wconf 80' lang='lat' dir='ltr'>Ergo</span> <span class='ocrx_word' id='word_1_631' title='bbox 2875 3687 3078 3740; x_wconf 85' lang='lat' dir='ltr'>laboret</span> <span class='ocrx_word' id='word_1_632' title='bbox 3121 3689 3404 3758; x_wconf 82' lang='lat' dir='ltr'>operando</span> <span class='ocrx_word' id='word_1_633' title='bbox 3457 3695 3756 3750; x_wconf 84' lang='lat' dir='ltr'>manibus</span> <span class='ocrx_word' id='word_1_634' title='bbox 3796 3700 3916 3752; x_wconf 85' lang='lat' dir='ltr'>suis</span> <span class='ocrx_word' id='word_1_635' title='bbox 3944 3717 3958 3764; x_wconf 91' lang='lat'>;</span> 
     </span>
    </p>
   </div>
   <div class='ocr_carea' id='block_1_82' title="bbox 2253 3778 3960 3861">
    <p class='ocr_par' dir='ltr' id='par_1_82' title="bbox 2253 3778 3960 3861">
     <span class='ocr_line' id='line_1_82' title="bbox 2253 3778 3960 3861; baseline 0.008 -29"><span class='ocrx_word' id='word_1_636' title='bbox 2253 3779 2385 3849; x_wconf 89' lang='lat' dir='ltr'>quia</span> <span class='ocrx_word' id='word_1_637' title='bbox 2435 3780 2580 3833; x_wconf 91' lang='lat' dir='ltr'>sicut</span> <span class='ocrx_word' id='word_1_638' title='bbox 2610 3795 2762 3849; x_wconf 64' lang='lat' dir='ltr'>saepe</span> <span class='ocrx_word' id='word_1_639' title='bbox 2813 3778 3029 3832; x_wconf 87' lang='lat' dir='ltr'>dictum</span> <span class='ocrx_word' id='word_1_640' title='bbox 3071 3787 3174 3848; x_wconf 89' lang='lat' dir='ltr'>est,</span> <span class='ocrx_word' id='word_1_641' title='bbox 3209 3782 3461 3851; x_wconf 86' lang='lat' dir='ltr'>quilibet</span> <span class='ocrx_word' id='word_1_642' title='bbox 3508 3785 3713 3842; x_wconf 86' lang='lat' dir='ltr'>homo</span> <span class='ocrx_word' id='word_1_643' title='bbox 3771 3808 3960 3861; x_wconf 81' lang='lat' dir='ltr'>quam</span> 
     </span>
    </p>
   </div>
   <div class='ocr_carea' id='block_1_83' title="bbox 2253 3871 3960 3955">
    <p class='ocr_par' dir='ltr' id='par_1_83' title="bbox 2253 3871 3960 3955">
     <span class='ocr_line' id='line_1_83' title="bbox 2253 3871 3960 3955; baseline 0.009 -31"><span class='ocrx_word' id='word_1_644' title='bbox 2253 3876 2550 3942; x_wconf 86' lang='lat' dir='ltr'>promptus</span> <span class='ocrx_word' id='word_1_645' title='bbox 2587 3875 2732 3925; x_wconf 88' lang='lat' dir='ltr'>esset</span> <span class='ocrx_word' id='word_1_646' title='bbox 2755 3872 2826 3925; x_wconf 87' lang='lat' dir='ltr'>ad</span> <span class='ocrx_word' id='word_1_647' title='bbox 2856 3871 3070 3926; x_wconf 88' lang='lat' dir='ltr'>bonum</span> <span class='ocrx_word' id='word_1_648' title='bbox 3100 3873 3464 3930; x_wconf 82' lang='lat' dir='ltr'>faciendum.</span> <span class='ocrx_word' id='word_1_649' title='bbox 3502 3878 3562 3932; x_wconf 89' lang='lat' dir='ltr'>Si</span> <span class='ocrx_word' id='word_1_650' title='bbox 3595 3886 3960 3955; x_wconf 83' lang='lat' dir='ltr'>promptior</span> 
     </span>
    </p>
   </div>
   <div class='ocr_carea' id='block_1_84' title="bbox 2251 3965 3961 4039">
    <p class='ocr_par' dir='ltr' id='par_1_84' title="bbox 2251 3965 3961 4039">
     <span class='ocr_line' id='line_1_84' title="bbox 2251 3965 3961 4039; baseline 0.009 -21"><span class='ocrx_word' id='word_1_651' title='bbox 2251 3980 2367 4018; x_wconf 90' lang='lat' dir='ltr'>non</span> <span class='ocrx_word' id='word_1_652' title='bbox 2395 3969 2595 4036; x_wconf 88' lang='lat' dir='ltr'>potest,</span> <span class='ocrx_word' id='word_1_653' title='bbox 2627 3965 2815 4018; x_wconf 87' lang='lat' dir='ltr'>saltim</span> <span class='ocrx_word' id='word_1_654' title='bbox 2844 3966 3006 4035; x_wconf 89' lang='lat' dir='ltr'>quasi</span> <span class='ocrx_word' id='word_1_655' title='bbox 3035 3982 3313 4021; x_wconf 86' lang='lat' dir='ltr'>mensura</span> <span class='ocrx_word' id='word_1_656' title='bbox 3353 3968 3468 4039; x_wconf 63' lang='lat' dir='ltr'>[Ita</span> <span class='ocrx_word' id='word_1_657' title='bbox 3497 3986 3557 4026; x_wconf 85' lang='lat' dir='ltr'>se</span> <span class='ocrx_word' id='word_1_658' title='bbox 3586 3974 3778 4030; x_wconf 81' lang='lat' dir='ltr'>habet</span> <span class='ocrx_word' id='word_1_659' title='bbox 3812 3980 3961 4032; x_wconf 83' lang='lat' dir='ltr'>locus</span> 
     </span>
    </p>
   </div>
   <div class='ocr_carea' id='block_1_85' title="bbox 2252 4057 3958 4130">
    <p class='ocr_par' dir='ltr' id='par_1_85' title="bbox 2252 4057 3958 4130">
     <span class='ocr_line' id='line_1_85' title="bbox 2252 4057 3958 4130; baseline 0.009 -20"><span class='ocrx_word' id='word_1_660' title='bbox 2252 4061 2307 4110; x_wconf 90' lang='lat' dir='ltr'>in</span> <span class='ocrx_word' id='word_1_661' title='bbox 2338 4057 2513 4129; x_wconf 80' lang='lat' dir='ltr'>Cod.],</span> <span class='ocrx_word' id='word_1_662' title='bbox 2543 4059 2688 4112; x_wconf 90' lang='lat' dir='ltr'>sicut</span> <span class='ocrx_word' id='word_1_663' title='bbox 2711 4059 2838 4112; x_wconf 88' lang='lat' dir='ltr'>alibi</span> <span class='ocrx_word' id='word_1_664' title='bbox 2869 4059 3016 4113; x_wconf 89' lang='lat' dir='ltr'>idem</span> <span class='ocrx_word' id='word_1_665' title='bbox 3042 4061 3342 4130; x_wconf 84' lang='lat' dir='ltr'>apostolus</span> <span class='ocrx_word' id='word_1_666' title='bbox 3365 4063 3519 4118; x_wconf 78' lang='lat' dir='ltr'>dicit</span> <span class='ocrx_word' id='word_1_667' title='bbox 3547 4083 3562 4120; x_wconf 89' lang='lat'><strong>:</strong></span> <span class='ocrx_word' id='word_1_668' title='bbox 3602 4069 3783 4124; x_wconf 86' lang='lat' dir='ltr'>Sicut</span> <span class='ocrx_word' id='word_1_669' title='bbox 3815 4077 3958 4126; x_wconf 81' lang='lat' dir='ltr'>enim</span> 
     </span>
    </p>
   </div>
   <div class='ocr_carea' id='block_1_86' title="bbox 2250 4151 3956 4219">
    <p class='ocr_par' dir='ltr' id='par_1_86' title="bbox 2250 4151 3956 4219">
     <span class='ocr_line' id='line_1_86' title="bbox 2250 4151 3956 4219; baseline 0.009 -15"><span class='ocrx_word' id='word_1_670' title='bbox 2250 4151 2564 4205; x_wconf 68' lang='lat' dir='ltr'>emhibuistis</span> <span class='ocrx_word' id='word_1_671' title='bbox 2591 4152 2828 4206; x_wconf 85' lang='lat' dir='ltr'>membra</span> <span class='ocrx_word' id='word_1_672' title='bbox 2854 4157 3029 4206; x_wconf 69' lang='lat' dir='ltr'>vestra</span> <span class='ocrx_word' id='word_1_673' title='bbox 3079 4156 3283 4208; x_wconf 79' lang='lat' dir='ltr'>servire</span> <span class='ocrx_word' id='word_1_674' title='bbox 3324 4158 3734 4217; x_wconf 68' lang='lat' dir='ltr'>immunditiae</span> <span class='ocrx_word' id='word_1_675' title='bbox 3764 4172 3820 4219; x_wconf 85' lang='lat' dir='ltr'>et</span> <span class='ocrx_word' id='word_1_676' title='bbox 3848 4169 3956 4218; x_wconf 79' lang='lat' dir='ltr'>ini-</span> 
     </span>
    </p>
   </div>
   <div class='ocr_carea' id='block_1_87' title="bbox 2251 4245 3954 4315">
    <p class='ocr_par' dir='ltr' id='par_1_87' title="bbox 2251 4245 3954 4315">
     <span class='ocr_line' id='line_1_87' title="bbox 2251 4245 3954 4315; baseline 0.011 -20"><span class='ocrx_word' id='word_1_677' title='bbox 2251 4245 2452 4311; x_wconf 85' lang='lat' dir='ltr'>quitati</span> <span class='ocrx_word' id='word_1_678' title='bbox 2471 4245 2546 4298; x_wconf 87' lang='lat' dir='ltr'>ad</span> <span class='ocrx_word' id='word_1_679' title='bbox 2571 4246 2932 4312; x_wconf 84' lang='lat' dir='ltr'>iniquitatem,</span> <span class='ocrx_word' id='word_1_680' title='bbox 2961 4248 3040 4299; x_wconf 84' lang='lat' dir='ltr'>ita</span> <span class='ocrx_word' id='word_1_681' title='bbox 3067 4262 3210 4301; x_wconf 86' lang='lat' dir='ltr'>nunc</span> <span class='ocrx_word' id='word_1_682' title='bbox 3233 4250 3493 4305; x_wconf 68' lang='lat' dir='ltr'>exhibete</span> <span class='ocrx_word' id='word_1_683' title='bbox 3529 4257 3810 4312; x_wconf 84' lang='lat' dir='ltr'>membra</span> <span class='ocrx_word' id='word_1_684' title='bbox 3840 4275 3954 4315; x_wconf 71' lang='lat' dir='ltr'>ces-</span> 
     </span>
    </p>
   </div>
   <div class='ocr_carea' id='block_1_88' title="bbox 2251 4338 3958 4410">
    <p class='ocr_par' dir='ltr' id='par_1_88' title="bbox 2251 4338 3958 4410">
     <span class='ocr_line' id='line_1_88' title="bbox 2251 4338 3958 4410; baseline 0.011 -20"><span class='ocrx_word' id='word_1_685' title='bbox 2251 4341 2339 4390; x_wconf 85' lang='lat' dir='ltr'>tra</span> <span class='ocrx_word' id='word_1_686' title='bbox 2361 4338 2420 4390; x_wconf 87' lang='lat' dir='ltr'>in</span> <span class='ocrx_word' id='word_1_687' title='bbox 2463 4340 2898 4406; x_wconf 79' lang='lat' dir='ltr'>sanctiﬁcatione.</span> <span class='ocrx_word' id='word_1_688' title='bbox 2943 4340 3020 4393; x_wconf 84' lang='lat' dir='ltr'><strong>Ex</strong></span> <span class='ocrx_word' id='word_1_689' title='bbox 3053 4340 3292 4410; x_wconf 87' lang='lat' dir='ltr'>proprio</span> <span class='ocrx_word' id='word_1_690' title='bbox 3323 4341 3537 4398; x_wconf 85' lang='lat' dir='ltr'>labore</span> <span class='ocrx_word' id='word_1_691' title='bbox 3570 4348 3789 4406; x_wconf 87' lang='lat' dir='ltr'>cibare</span> <span class='ocrx_word' id='word_1_692' title='bbox 3823 4370 3958 4408; x_wconf 87' lang='lat' dir='ltr'>esu-</span> 
     </span>
    </p>
   </div>
   <div class='ocr_carea' id='block_1_89' title="bbox 2249 4429 3957 4515">
    <p class='ocr_par' dir='ltr' id='par_1_89' title="bbox 2249 4429 3957 4515">
     <span class='ocr_line' id='line_1_89' title="bbox 2249 4429 3957 4515; baseline 0.012 -33"><span class='ocrx_word' id='word_1_693' title='bbox 2249 4429 2478 4496; x_wconf 89' lang='lat' dir='ltr'>rientes,</span> <span class='ocrx_word' id='word_1_694' title='bbox 2507 4431 2590 4484; x_wconf 88' lang='lat' dir='ltr'>vel</span> <span class='ocrx_word' id='word_1_695' title='bbox 2617 4436 2810 4500; x_wconf 83' lang='lat' dir='ltr'>potare</span> <span class='ocrx_word' id='word_1_696' title='bbox 2838 4432 3112 4499; x_wconf 88' lang='lat' dir='ltr'>sitientes,</span> <span class='ocrx_word' id='word_1_697' title='bbox 3143 4439 3202 4488; x_wconf 89' lang='lat' dir='ltr'>et</span> <span class='ocrx_word' id='word_1_698' title='bbox 3237 4434 3301 4489; x_wconf 88' lang='lat' dir='ltr'>in</span> <span class='ocrx_word' id='word_1_699' title='bbox 3334 4441 3580 4495; x_wconf 84' lang='lat' dir='ltr'>caeteris</span> <span class='ocrx_word' id='word_1_700' title='bbox 3617 4460 3770 4515; x_wconf 82' lang='lat' dir='ltr'>quae</span> <span class='ocrx_word' id='word_1_701' title='bbox 3797 4447 3957 4502; x_wconf 83' lang='lat' dir='ltr'>indi-</span> 
     </span>
    </p>
   </div>
   <div class='ocr_carea' id='block_1_90' title="bbox 537 4516 3959 4611">
    <p class='ocr_par' dir='ltr' id='par_1_90' title="bbox 537 4516 3959 4611">
     <span class='ocr_line' id='line_1_90' title="bbox 537 4516 3959 4611; baseline 0.007 -39"><span class='ocrx_word' id='word_1_702' title='bbox 537 4534 664 4572; x_wconf 88' lang='lat' dir='ltr'>sum</span> <span class='ocrx_word' id='word_1_703' title='bbox 691 4518 750 4571; x_wconf 89' lang='lat' dir='ltr'>in</span> <span class='ocrx_word' id='word_1_704' title='bbox 780 4533 915 4588; x_wconf 90' lang='lat' dir='ltr'>pace</span> <span class='ocrx_word' id='word_1_705' title='bbox 938 4516 1304 4582; x_wconf 89' lang='lat' dir='ltr'>revertimini,</span> <span class='ocrx_word' id='word_1_706' title='bbox 1334 4517 1507 4609; x_wconf 48' lang='lat' dir='ltr'>vel&#39;in</span> <span class='ocrx_word' id='word_1_707' title='bbox 1527 4517 1832 4572; x_wconf 90' lang='lat' dir='ltr'>crastinum</span> <span class='ocrx_word' id='word_1_708' title='bbox 1853 4535 1965 4572; x_wconf 90' lang='lat' dir='ltr'>non</span> <span class='ocrx_word' id='word_1_709' title='bbox 1990 4520 2148 4574; x_wconf 75' lang='lat' dir='ltr'>diﬁ‘e-</span> <span class='ocrx_word' id='word_1_710' title='bbox 2170 4527 2229 4598; x_wconf 75' lang='grc' dir='ltr'>Ι)</span> <span class='ocrx_word' id='word_1_711' title='bbox 2255 4539 2384 4592; x_wconf 79' lang='lat' dir='ltr'>gere</span> <span class='ocrx_word' id='word_1_712' title='bbox 2421 4523 2772 4593; x_wconf 79' lang='lat' dir='ltr'>prospexerit</span> <span class='ocrx_word' id='word_1_713' title='bbox 2813 4525 3132 4580; x_wconf 89' lang='lat' dir='ltr'>subvenire.</span> <span class='ocrx_word' id='word_1_714' title='bbox 3168 4527 3266 4582; x_wconf 88' lang='lat' dir='ltr'>Vel</span> <span class='ocrx_word' id='word_1_715' title='bbox 3297 4532 3665 4600; x_wconf 86' lang='lat' dir='ltr'>specialiter</span> <span class='ocrx_word' id='word_1_716' title='bbox 3707 4557 3959 4611; x_wconf 85' lang='lat' dir='ltr'>operare</span> 
     </span>
    </p>
   </div>
   <div class='ocr_carea' id='block_1_91' title="bbox 493 4595 2147 4684">
    <p class='ocr_par' dir='ltr' id='par_1_91' title="bbox 493 4595 2147 4684">
     <span class='ocr_line' id='line_1_91' title="bbox 493 4595 2147 4684; baseline 0.002 -20"><span class='ocrx_word' id='word_1_717' title='bbox 493 4611 691 4664; x_wconf 88' lang='lat' dir='ltr'>.ratis.</span> <span class='ocrx_word' id='word_1_718' title='bbox 745 4611 946 4665; x_wconf 69' lang='lat' dir='ltr'>Noun;</span> <span class='ocrx_word' id='word_1_719' title='bbox 996 4625 1174 4665; x_wconf 76' lang='lat' dir='ltr'><strong>LOCUM</strong></span> <span class='ocrx_word' id='word_1_720' title='bbox 1226 4625 1362 4664; x_wconf 74' lang='lat' dir='ltr'>DARE</span> <span class='ocrx_word' id='word_1_721' title='bbox 1415 4595 1667 4665; x_wconf 69' lang='lat' dir='ltr'>DIABOLO.</span> <span class='ocrx_word' id='word_1_722' title='bbox 1701 4611 1963 4665; x_wconf 84' lang='lat' dir='ltr'>Diabolus</span> <span class='ocrx_word' id='word_1_723' title='bbox 1992 4629 2147 4684; x_wconf 82' lang='lat' dir='ltr'>ergo,</span> 
     </span>
    </p>
   </div>
   <div class='ocr_carea' id='block_1_92' title="bbox 537 4701 2151 4776">
    <p class='ocr_par' dir='ltr' id='par_1_92' title="bbox 537 4701 2151 4776">
     <span class='ocr_line' id='line_1_92' title="bbox 537 4701 2151 4776; baseline 0.002 -20"><span class='ocrx_word' id='word_1_724' title='bbox 537 4719 667 4757; x_wconf 92' lang='lat' dir='ltr'>cum</span> <span class='ocrx_word' id='word_1_725' title='bbox 699 4719 904 4757; x_wconf 90' lang='lat' dir='ltr'>nomen</span> <span class='ocrx_word' id='word_1_726' title='bbox 935 4709 1036 4772; x_wconf 89' lang='lat' dir='ltr'>est,</span> <span class='ocrx_word' id='word_1_727' title='bbox 1089 4703 1282 4756; x_wconf 89' lang='lat' dir='ltr'>Latine</span> <span class='ocrx_word' id='word_1_728' title='bbox 1313 4701 1638 4756; x_wconf 88' lang='lat' dir='ltr'>criminator</span> <span class='ocrx_word' id='word_1_729' title='bbox 1681 4703 1884 4758; x_wconf 90' lang='lat' dir='ltr'>dicitur</span> <span class='ocrx_word' id='word_1_730' title='bbox 1912 4721 1924 4770; x_wconf 91' lang='lat'><strong>;</strong></span> <span class='ocrx_word' id='word_1_731' title='bbox 1959 4705 2151 4776; x_wconf 82' lang='lat' dir='ltr'>lingua</span> 
     </span>
    </p>
   </div>
   <div class='ocr_carea' id='block_1_93' title="bbox 534 4793 2153 4866">
    <p class='ocr_par' dir='ltr' id='par_1_93' title="bbox 534 4793 2153 4866">
     <span class='ocr_line' id='line_1_93' title="bbox 534 4793 2153 4866; baseline 0.001 -15"><span class='ocrx_word' id='word_1_732' title='bbox 534 4795 801 4851; x_wconf 84' lang='lat' dir='ltr'>Hebraica</span> <span class='ocrx_word' id='word_1_733' title='bbox 830 4795 1016 4860; x_wconf 87' lang='lat' dir='ltr'>Satan,</span> <span class='ocrx_word' id='word_1_734' title='bbox 1039 4793 1388 4850; x_wconf 85' lang='lat' dir='ltr'>adversarius</span> <span class='ocrx_word' id='word_1_735' title='bbox 1421 4796 1755 4866; x_wconf 88' lang='lat' dir='ltr'>appellatur,</span> <span class='ocrx_word' id='word_1_736' title='bbox 1791 4796 1903 4850; x_wconf 87' lang='lat' dir='ltr'>sive</span> <span class='ocrx_word' id='word_1_737' title='bbox 1935 4802 2153 4852; x_wconf 86' lang='lat' dir='ltr'>contra-</span> 
     </span>
    </p>
   </div>
   <div class='ocr_carea' id='block_1_94' title="bbox 486 4885 2149 4962">
    <p class='ocr_par' dir='ltr' id='par_1_94' title="bbox 486 4885 2149 4962">
     <span class='ocr_line' id='line_1_94' title="bbox 486 4885 2149 4962; baseline 0 -17"><span class='ocrx_word' id='word_1_738' title='bbox 486 4911 494 4917; x_wconf 59' lang='grc' dir='ltr'><strong>λ</strong></span> <span class='ocrx_word' id='word_1_739' title='bbox 533 4890 651 4946; x_wconf 89' lang='lat' dir='ltr'>rius</span> <span class='ocrx_word' id='word_1_740' title='bbox 683 4905 698 4944; x_wconf 89' lang='lat'><strong>:</strong></span> <span class='ocrx_word' id='word_1_741' title='bbox 739 4885 810 4944; x_wconf 85' lang='lat' dir='ltr'>ab</span> <span class='ocrx_word' id='word_1_742' title='bbox 839 4888 1104 4960; x_wconf 86' lang='lat' dir='ltr'>Apostolo</span> <span class='ocrx_word' id='word_1_743' title='bbox 1133 4886 1302 4942; x_wconf 87' lang='lat' dir='ltr'>Belial</span> <span class='ocrx_word' id='word_1_744' title='bbox 1342 4887 1692 4958; x_wconf 88' lang='lat' dir='ltr'>nominatur,</span> <span class='ocrx_word' id='word_1_745' title='bbox 1725 4887 1780 4943; x_wconf 90' lang='lat' dir='ltr'>id</span> <span class='ocrx_word' id='word_1_746' title='bbox 1811 4892 1894 4944; x_wconf 89' lang='lat' dir='ltr'>est</span> <span class='ocrx_word' id='word_1_747' title='bbox 1941 4890 2149 4962; x_wconf 88' lang='lat' dir='ltr'>absque</span> 
     </span>
    </p>
   </div>
   <div class='ocr_carea' id='block_1_95' title="bbox 528 4981 2147 5055">
    <p class='ocr_par' dir='ltr' id='par_1_95' title="bbox 528 4981 2147 5055">
     <span class='ocr_line' id='line_1_95' title="bbox 528 4981 2147 5055; baseline 0 -17"><span class='ocrx_word' id='word_1_748' title='bbox 528 4984 690 5055; x_wconf 80' lang='lat' dir='ltr'>jugo,</span> <span class='ocrx_word' id='word_1_749' title='bbox 735 4998 804 5038; x_wconf 89' lang='lat' dir='ltr'>eo</span> <span class='ocrx_word' id='word_1_750' title='bbox 856 4981 1006 5052; x_wconf 88' lang='lat' dir='ltr'>quod</span> <span class='ocrx_word' id='word_1_751' title='bbox 1037 4981 1106 5036; x_wconf 89' lang='lat' dir='ltr'>de</span> <span class='ocrx_word' id='word_1_752' title='bbox 1155 4981 1299 5036; x_wconf 90' lang='lat' dir='ltr'>collo</span> <span class='ocrx_word' id='word_1_753' title='bbox 1347 4998 1448 5035; x_wconf 92' lang='lat' dir='ltr'>suo</span> <span class='ocrx_word' id='word_1_754' title='bbox 1485 4981 1750 5051; x_wconf 89' lang='lat' dir='ltr'>abjecerit</span> <span class='ocrx_word' id='word_1_755' title='bbox 1803 4983 2147 5052; x_wconf 87' lang='lat' dir='ltr'>servitutem,</span> 
     </span>
    </p>
   </div>
   <div class='ocr_carea' id='block_1_96' title="bbox 2248 4615 3955 4705">
    <p class='ocr_par' dir='ltr' id='par_1_96' title="bbox 2248 4615 3955 4705">
     <span class='ocr_line' id='line_1_96' title="bbox 2248 4615 3955 4705; baseline 0.013 -38"><span class='ocrx_word' id='word_1_756' title='bbox 2248 4615 2309 4668; x_wconf 90' lang='lat' dir='ltr'>in</span> <span class='ocrx_word' id='word_1_757' title='bbox 2337 4633 2472 4685; x_wconf 82' lang='lat' dir='ltr'>agro</span> <span class='ocrx_word' id='word_1_758' title='bbox 2500 4616 2705 4670; x_wconf 68' lang='lat' dir='ltr'>anima:</span> <span class='ocrx_word' id='word_1_759' title='bbox 2736 4633 2870 4686; x_wconf 82' lang='lat' dir='ltr'>suae,</span> <span class='ocrx_word' id='word_1_760' title='bbox 2903 4623 2965 4672; x_wconf 89' lang='lat' dir='ltr'>ut</span> <span class='ocrx_word' id='word_1_761' title='bbox 2994 4619 3351 4689; x_wconf 86' lang='lat' dir='ltr'>spiritalibus</span> <span class='ocrx_word' id='word_1_762' title='bbox 3382 4628 3662 4695; x_wconf 82' lang='lat' dir='ltr'>panibus</span> <span class='ocrx_word' id='word_1_763' title='bbox 3697 4633 3955 4705; x_wconf 82' lang='lat' dir='ltr'>implea-</span> 
     </span>
    </p>
   </div>
   <div class='ocr_carea' id='block_1_97' title="bbox 2248 4709 3957 4786">
    <p class='ocr_par' dir='ltr' id='par_1_97' title="bbox 2248 4709 3957 4786">
     <span class='ocr_line' id='line_1_97' title="bbox 2248 4709 3957 4786; baseline 0.011 -25"><span class='ocrx_word' id='word_1_764' title='bbox 2248 4713 2360 4774; x_wconf 91' lang='lat' dir='ltr'>tur,</span> <span class='ocrx_word' id='word_1_765' title='bbox 2409 4712 2464 4763; x_wconf 88' lang='lat' dir='ltr'>et</span> <span class='ocrx_word' id='word_1_766' title='bbox 2493 4709 2624 4764; x_wconf 87' lang='lat' dir='ltr'>dare</span> <span class='ocrx_word' id='word_1_767' title='bbox 2657 4711 2830 4780; x_wconf 89' lang='lat' dir='ltr'>possit</span> <span class='ocrx_word' id='word_1_768' title='bbox 2859 4710 3074 4766; x_wconf 86' lang='lat' dir='ltr'>cibaria</span> <span class='ocrx_word' id='word_1_769' title='bbox 3102 4712 3163 4768; x_wconf 88' lang='lat' dir='ltr'>in</span> <span class='ocrx_word' id='word_1_770' title='bbox 3193 4718 3471 4786; x_wconf 80' lang='lat' dir='ltr'>tempore</span> <span class='ocrx_word' id='word_1_771' title='bbox 3503 4739 3622 4778; x_wconf 86' lang='lat' dir='ltr'>suo</span> <span class='ocrx_word' id='word_1_772' title='bbox 3651 4731 3957 4784; x_wconf 74' lang='lat' dir='ltr'>conservis</span> 
     </span>
    </p>
   </div>
   <div class='ocr_carea' id='block_1_98' title="bbox 2249 4801 3955 4890">
    <p class='ocr_par' dir='ltr' id='par_1_98' title="bbox 2249 4801 3955 4890">
     <span class='ocr_line' id='line_1_98' title="bbox 2249 4801 3955 4890; baseline 0.015 -37"><span class='ocrx_word' id='word_1_773' title='bbox 2249 4801 2363 4854; x_wconf 89' lang='lat' dir='ltr'>suis</span> <span class='ocrx_word' id='word_1_774' title='bbox 2389 4805 2618 4872; x_wconf 79' lang='lat' dir='ltr'>propter</span> <span class='ocrx_word' id='word_1_775' title='bbox 2646 4802 2789 4856; x_wconf 88' lang='lat' dir='ltr'>illud</span> <span class='ocrx_word' id='word_1_776' title='bbox 2813 4819 2826 4856; x_wconf 94' lang='lat'>:</span> <span class='ocrx_word' id='word_1_777' title='bbox 2867 4805 2995 4871; x_wconf 81' lang='lat' dir='ltr'>Quis</span> <span class='ocrx_word' id='word_1_778' title='bbox 3027 4810 3196 4875; x_wconf 82' lang='lat' dir='ltr'>putas</span> <span class='ocrx_word' id='word_1_779' title='bbox 3225 4814 3305 4862; x_wconf 79' lang='lat' dir='ltr'>est</span> <span class='ocrx_word' id='word_1_780' title='bbox 3329 4813 3530 4880; x_wconf 78' lang='lat' dir='ltr'>ﬁdelis</span> <span class='ocrx_word' id='word_1_781' title='bbox 3561 4819 3955 4890; x_wconf 79' lang='lat' dir='ltr'>dispensator,</span> 
     </span>
    </p>
   </div>
   <div class='ocr_carea' id='block_1_99' title="bbox 2247 4895 3954 4982">
    <p class='ocr_par' dir='ltr' id='par_1_99' title="bbox 2247 4895 3954 4982">
     <span class='ocr_line' id='line_1_99' title="bbox 2247 4895 3954 4982; baseline 0.012 -34"><span class='ocrx_word' id='word_1_782' title='bbox 2247 4899 2298 4948; x_wconf 86' lang='lat' dir='ltr'>et</span> <span class='ocrx_word' id='word_1_783' title='bbox 2316 4895 2580 4962; x_wconf 82' lang='lat' dir='ltr'>prudens,</span> <span class='ocrx_word' id='word_1_784' title='bbox 2611 4912 2765 4964; x_wconf 87' lang='lat' dir='ltr'>quem</span> <span class='ocrx_word' id='word_1_785' title='bbox 2807 4899 3085 4953; x_wconf 87' lang='lat' dir='ltr'>constituit</span> <span class='ocrx_word' id='word_1_786' title='bbox 3133 4900 3398 4960; x_wconf 85' lang='lat' dir='ltr'>dominus</span> <span class='ocrx_word' id='word_1_787' title='bbox 3445 4924 3634 4980; x_wconf 86' lang='lat' dir='ltr'>super</span> <span class='ocrx_word' id='word_1_788' title='bbox 3661 4918 3954 4982; x_wconf 78' lang='lat' dir='ltr'>familiam</span> 
     </span>
    </p>
   </div>
   <div class='ocr_carea' id='block_1_100' title="bbox 2246 4989 3368 5064">
    <p class='ocr_par' dir='ltr' id='par_1_100' title="bbox 2246 4989 3368 5064">
     <span class='ocr_line' id='line_1_100' title="bbox 2246 4989 3368 5064; baseline 0.01 -23"><span class='ocrx_word' id='word_1_789' title='bbox 2246 5002 2422 5051; x_wconf 88' lang='lat' dir='ltr'>suam,</span> <span class='ocrx_word' id='word_1_790' title='bbox 2451 4992 2511 5042; x_wconf 86' lang='lat' dir='ltr'>ut</span> <span class='ocrx_word' id='word_1_791' title='bbox 2540 4989 2630 5044; x_wconf 84' lang='lat' dir='ltr'>det</span> <span class='ocrx_word' id='word_1_792' title='bbox 2652 4989 2764 5045; x_wconf 82' lang='lat' dir='ltr'>illis</span> <span class='ocrx_word' id='word_1_793' title='bbox 2790 4991 2968 5046; x_wconf 86' lang='lat' dir='ltr'>cibum</span> <span class='ocrx_word' id='word_1_794' title='bbox 2989 4994 3046 5046; x_wconf 89' lang='lat' dir='ltr'>in</span> <span class='ocrx_word' id='word_1_795' title='bbox 3067 4997 3304 5064; x_wconf 86' lang='lat' dir='ltr'>tempore</span> <span class='ocrx_word' id='word_1_796' title='bbox 3337 5001 3368 5052; x_wconf 72' lang='lat'><strong><em>7</em></strong></span> 
     </span>
    </p>
   </div>
   <div class='ocr_carea' id='block_1_101' title="bbox 549 5131 3946 5176">
    <p class='ocr_par' dir='ltr' id='par_1_101' title="bbox 549 5131 3946 5176">
     <span class='ocr_line' id='line_1_101' title="bbox 549 5131 3946 5176; baseline 0 -26"><span class='ocrx_word' id='word_1_797' title='bbox 549 5131 3946 5176; x_wconf 75' lang='lat'>....___._.__.___.._______________________________________</span> 
     </span>
    </p>
   </div>
   <div class='ocr_carea' id='block_1_102' title="bbox 2087 5259 2290 5386">
    <p class='ocr_par' dir='ltr' id='par_1_102' title="bbox 2087 5259 2290 5386">
     <span class='ocr_line' id='line_1_102' title="bbox 2087 5259 2290 5386; baseline -0.01 1"><span class='ocrx_word' id='word_1_798' title='bbox 2087 5259 2290 5386; x_wconf 91' lang='grc' dir='ltr'>ΧΙ.</span> 
     </span>
    </p>
   </div>
   <div class='ocr_carea' id='block_1_103' title="bbox 537 5450 3947 5560">
    <p class='ocr_par' dir='ltr' id='par_1_103' title="bbox 537 5450 3947 5560">
     <span class='ocr_line' id='line_1_103' title="bbox 537 5450 3947 5560; baseline 0 0"><span class='ocrx_word' id='word_1_799' title='bbox 537 5451 752 5514; x_wconf 67' lang='grc' dir='ltr'>ιιθοίίο</span> <span class='ocrx_word' id='word_1_800' title='bbox 784 5451 1080 5534; x_wconf 54' lang='lat' dir='ltr'>Epistolas</span> <span class='ocrx_word' id='word_1_801' title='bbox 1125 5453 1303 5560; x_wconf 58' lang='lat' dir='ltr'>Peli</span> <span class='ocrx_word' id='word_1_802' title='bbox 1336 5453 1550 5560; x_wconf 55' lang='lat'>339.1%,</span> <span class='ocrx_word' id='word_1_803' title='bbox 1561 5450 1852 5560; x_wconf 50' lang='lat' dir='ltr'>sese}</span> <span class='ocrx_word' id='word_1_804' title='bbox 1880 5453 1997 5560; x_wconf 56' lang='lat' dir='ltr'>se</span> <span class='ocrx_word' id='word_1_805' title='bbox 2010 5454 2469 5560; x_wconf 46' lang='lat' dir='ltr'>evasisse</span> <span class='ocrx_word' id='word_1_806' title='bbox 2510 5461 2606 5560; x_wconf 57' lang='grc' dir='ltr'>ιβ)</span> <span class='ocrx_word' id='word_1_807' title='bbox 2701 5458 2988 5560; x_wconf 47' lang='lat' dir='ltr'>Fratres,</span> <span class='ocrx_word' id='word_1_808' title='bbox 3016 5481 3068 5560; x_wconf 86' lang='grc' dir='ltr'>,υ</span> <span class='ocrx_word' id='word_1_809' title='bbox 3076 5461 3246 5560; x_wconf 53' lang='lat' dir='ltr'>idet?</span> <span class='ocrx_word' id='word_1_810' title='bbox 3286 5465 3537 5552; x_wconf 64' lang='lat' dir='ltr'>itaque</span> <span class='ocrx_word' id='word_1_811' title='bbox 3599 5479 3947 5560; x_wconf 76' lang='lat' dir='ltr'>quomodo</span> 
     </span>
    </p>
   </div>
   <div class='ocr_carea' id='block_1_104' title="bbox 1115 5534 3294 5624">
    <p class='ocr_par' dir='ltr' id='par_1_104' title="bbox 1115 5534 3294 5624">
     <span class='ocr_line' id='line_1_104' title="bbox 1115 5534 3294 5624; baseline 0.007 -29"><span class='ocrx_word' id='word_1_812' title='bbox 1115 5543 1299 5596; x_wconf 84' lang='lat' dir='ltr'>caute</span> <span class='ocrx_word' id='word_1_813' title='bbox 1324 5534 1686 5610; x_wconf 84' lang='lat' dir='ltr'>ambuletis,</span> <span class='ocrx_word' id='word_1_814' title='bbox 1714 5553 1843 5597; x_wconf 89' lang='lat' dir='ltr'>non</span> <span class='ocrx_word' id='word_1_815' title='bbox 1867 5534 2088 5618; x_wconf 72' lang='lat' dir='ltr'>quase&quot;</span> <span class='ocrx_word' id='word_1_816' title='bbox 2105 5534 2495 5618; x_wconf 83' lang='lat' dir='ltr'>insipientes,</span> <span class='ocrx_word' id='word_1_817' title='bbox 2531 5534 2649 5602; x_wconf 83' lang='lat' dir='ltr'>sed</span> <span class='ocrx_word' id='word_1_818' title='bbox 2673 5549 2745 5604; x_wconf 85' lang='lat' dir='ltr'>ut</span> <span class='ocrx_word' id='word_1_819' title='bbox 2771 5534 3131 5624; x_wconf 79' lang='lat' dir='ltr'>sapientes,</span> <span class='ocrx_word' id='word_1_820' title='bbox 3167 5550 3294 5610; x_wconf 89' lang='lat' dir='ltr'>etc.</span> 
     </span>
    </p>
   </div>
   <div class='ocr_carea' id='block_1_105' title="bbox 1771 5653 2635 5712">
    <p class='ocr_par' dir='ltr' id='par_1_105' title="bbox 1771 5653 2635 5712">
     <span class='ocr_line' id='line_1_105' title="bbox 1771 5653 2635 5712; baseline 0.007 -6"><span class='ocrx_word' id='word_1_821' title='bbox 1771 5653 2042 5708; x_wconf 83' lang='lat' dir='ltr'>COMMEN</span> <span class='ocrx_word' id='word_1_822' title='bbox 2047 5655 2181 5709; x_wconf 83' lang='lat' dir='ltr'>TUM</span> <span class='ocrx_word' id='word_1_823' title='bbox 2219 5654 2635 5712; x_wconf 81' lang='lat' dir='ltr'>LUCULENTll.</span> 
     </span>
    </p>
   </div>
   <div class='ocr_carea' id='block_1_106' title="bbox 609 5733 2146 5808">
    <p class='ocr_par' dir='ltr' id='par_1_106' title="bbox 609 5733 2146 5808">
     <span class='ocr_line' id='line_1_106' title="bbox 609 5733 2146 5808; baseline 0.003 -15"><span class='ocrx_word' id='word_1_824' title='bbox 609 5735 771 5808; x_wconf 67' lang='lat' dir='ltr'>Smpe</span> <span class='ocrx_word' id='word_1_825' title='bbox 796 5734 1008 5790; x_wconf 86' lang='lat' dir='ltr'>dictum</span> <span class='ocrx_word' id='word_1_826' title='bbox 1039 5738 1139 5804; x_wconf 87' lang='lat' dir='ltr'>est,</span> <span class='ocrx_word' id='word_1_827' title='bbox 1172 5733 1306 5806; x_wconf 83' lang='lat' dir='ltr'>quia</span> <span class='ocrx_word' id='word_1_828' title='bbox 1334 5734 1476 5792; x_wconf 85' lang='lat' dir='ltr'>sicut</span> <span class='ocrx_word' id='word_1_829' title='bbox 1507 5743 1640 5793; x_wconf 81' lang='lat' dir='ltr'>sunt</span> <span class='ocrx_word' id='word_1_830' title='bbox 1665 5739 1969 5796; x_wconf 80' lang='lat' dir='ltr'>exteriores</span> <span class='ocrx_word' id='word_1_831' title='bbox 2001 5741 2146 5798; x_wconf 92' lang='lat' dir='ltr'>oculi</span> 
     </span>
    </p>
   </div>
   <div class='ocr_carea' id='block_1_107' title="bbox 541 5827 2149 5900">
    <p class='ocr_par' dir='ltr' id='par_1_107' title="bbox 541 5827 2149 5900">
     <span class='ocr_line' id='line_1_107' title="bbox 541 5827 2149 5900; baseline 0.006 -18"><span class='ocrx_word' id='word_1_832' title='bbox 541 5827 811 5898; x_wconf 85' lang='lat' dir='ltr'>corporis,</span> <span class='ocrx_word' id='word_1_833' title='bbox 843 5841 972 5880; x_wconf 89' lang='lat' dir='ltr'>cum</span> <span class='ocrx_word' id='word_1_834' title='bbox 1003 5827 1205 5896; x_wconf 83' lang='lat' dir='ltr'>quibus</span> <span class='ocrx_word' id='word_1_835' title='bbox 1227 5827 1370 5882; x_wconf 76' lang='lat' dir='ltr'>hanc</span> <span class='ocrx_word' id='word_1_836' title='bbox 1397 5829 1583 5884; x_wconf 83' lang='lat' dir='ltr'>lucem</span> <span class='ocrx_word' id='word_1_837' title='bbox 1613 5830 1886 5900; x_wconf 83' lang='lat' dir='ltr'>videmus,</span> <span class='ocrx_word' id='word_1_838' title='bbox 1917 5834 1993 5890; x_wconf 84' lang='lat' dir='ltr'>sic</span> <span class='ocrx_word' id='word_1_839' title='bbox 2017 5841 2149 5891; x_wconf 81' lang='lat' dir='ltr'>sunt</span> 
     </span>
    </p>
   </div>
   <div class='ocr_carea' id='block_1_108' title="bbox 2245 5744 3947 5838">
    <p class='ocr_par' dir='ltr' id='par_1_108' title="bbox 2245 5744 3947 5838">
     <span class='ocr_line' id='line_1_108' title="bbox 2245 5744 3947 5838; baseline 0.015 -40"><span class='ocrx_word' id='word_1_840' title='bbox 2245 5746 2301 5799; x_wconf 88' lang='lat' dir='ltr'>et</span> <span class='ocrx_word' id='word_1_841' title='bbox 2327 5744 2627 5802; x_wconf 87' lang='lat' dir='ltr'>interiores</span> <span class='ocrx_word' id='word_1_842' title='bbox 2674 5749 2874 5819; x_wconf 82' lang='lat' dir='ltr'>cordis,</span> <span class='ocrx_word' id='word_1_843' title='bbox 2909 5767 3041 5807; x_wconf 87' lang='lat' dir='ltr'>cum</span> <span class='ocrx_word' id='word_1_844' title='bbox 3083 5753 3298 5825; x_wconf 85' lang='lat' dir='ltr'>quibus</span> <span class='ocrx_word' id='word_1_845' title='bbox 3351 5758 3516 5818; x_wconf 87' lang='lat' dir='ltr'>Deus</span> <span class='ocrx_word' id='word_1_846' title='bbox 3573 5768 3854 5838; x_wconf 84' lang='lat' dir='ltr'>videtur,</span> <span class='ocrx_word' id='word_1_847' title='bbox 3888 5769 3947 5824; x_wconf 85' lang='lat' dir='ltr'>de</span> 
     </span>
    </p>
   </div>
   <div class='ocr_carea' id='block_1_109' title="bbox 2247 5837 3951 5936">
    <p class='ocr_par' dir='ltr' id='par_1_109' title="bbox 2247 5837 3951 5936">
     <span class='ocr_line' id='line_1_109' title="bbox 2247 5837 3951 5936; baseline 0.015 -45"><span class='ocrx_word' id='word_1_848' title='bbox 2247 5837 2452 5907; x_wconf 86' lang='lat' dir='ltr'>quibus</span> <span class='ocrx_word' id='word_1_849' title='bbox 2491 5841 2611 5911; x_wconf 88' lang='lat' dir='ltr'>ipse</span> <span class='ocrx_word' id='word_1_850' title='bbox 2645 5841 2778 5898; x_wconf 89' lang='lat' dir='ltr'>dicit</span> <span class='ocrx_word' id='word_1_851' title='bbox 2813 5846 3008 5900; x_wconf 86' lang='lat' dir='ltr'>:Beati</span> <span class='ocrx_word' id='word_1_852' title='bbox 3034 5849 3240 5905; x_wconf 82' lang='lat' dir='ltr'>mundo</span> <span class='ocrx_word' id='word_1_853' title='bbox 3272 5855 3469 5919; x_wconf 84' lang='lat' dir='ltr'>corde,</span> <span class='ocrx_word' id='word_1_854' title='bbox 3517 5868 3818 5930; x_wconf 78' lang='lat' dir='ltr'>quoniam</span> <span class='ocrx_word' id='word_1_855' title='bbox 3853 5869 3951 5936; x_wconf 78' lang='lat' dir='ltr'>ipsi</span> 
     </span>
    </p>
   </div>
  </div>
