4022 6414
153 371 252 434 837

1423 379 1490 437 ΙΝ
1528 380 1671 438 CAP.
1715 381 1753 436 V
1790 383 1878 439 AD
1915 381 2252 440 EPHESIOS.

3411 391 3511 441 838

148 491 310 542 Deum
336 484 624 541 videbunt.
655 487 725 541 Et
743 484 886 542 sicut
914 485 1047 540 sunt
1065 488 1374 543 exteriores
1403 503 1629 559 gressus
1658 506 1782 544 cor-
1806 502 1864 575 Α
1885 496 1968 546 est
1995 492 2090 562 qui
2119 509 2234 547 non
2263 491 2531 562 intelligit
2557 508 2676 556 qua
2717 507 2798 547 s1r
2829 507 3106 549 VOLUNTAS
3157 509 3243 548 DEI
3277 494 3434 556 bona,
3463 500 3512 547 et

147 577 316 650 poris,
345 577 429 632 sic
453 581 596 633 sunt
624 583 682 634 et
703 579 1006 634 interiores
1033 581 1260 648 mentis,
1288 581 1362 635 de
1403 580 1608 652 quibus
1649 582 1782 636 scri-

147 676 310 742 ptum
365 673 502 726 est:
553 671 608 726 A
655 673 873 727 Domino
917 687 1126 740 gressus
1181 675 1410 729 hominis
1453 674 1782 743 diriguntur.

150 763 312 828 Quod
337 776 477 818 vero
511 762 606 818 hic
631 763 804 819 dicit:
849 765 1048 820 VIDETE
1075 781 1270 829 moue
1314 781 1577 828 ououono
1620 782 1788 822 csum

151 871 449 912 sunt»me
466 873 480 924 ;
500 857 620 910 tale
647 859 734 910 est
753 858 906 928 quod
931 858 1010 911 ait
1035 859 1322 914 Salvator:
1348 859 1638 913 Ambulate
1657 859 1787 912 dum

152 951 314 1004 lucem
341 949 577 1003 habetis.
611 949 766 1004 Sicut
804 949 977 1017 enim,
1009 951 1164 1005 verbi
1205 951 1385 1022 gratia
1429 951 1636 1018 dicam,
1684 951 1782 1005 ali-

153 1041 274 1112 quis
298 1042 479 1096 homo
510 1042 627 1096 iter
669 1043 887 1097 faciens
931 1043 1202 1115 prospicit
1246 1044 1342 1098 ubi
1385 1059 1610 1114 gressus
1647 1044 1790 1114 ﬁgat

151 1133 328 1205 pedis,
363 1132 442 1188 sic
475 1135 577 1206 qui
603 1134 936 1206 spiritaliter
962 1135 1260 1190 ambulare
1305 1136 1613 1204 desiderat,
1653 1151 1785 1206 pro-

152 1226 366 1297 spicere
390 1226 571 1282 debet
588 1228 689 1282 ubi
710 1244 969 1299 gressum
998 1229 1208 1284 mentis
1237 1229 1396 1300 ﬁgat,
1433 1246 1505 1284 ne
1537 1232 1783 1283 corruat.

153 1321 297 1390 Ergo
325 1319 726 1391 unusquisque
757 1325 922 1376 caute
951 1323 1246 1377 ambulare
1275 1321 1466 1388 debet,
1501 1339 1576 1376 ne
1598 1321 1782 1388 cedat,

152 1429 252 1466 nec
273 1411 528 1467 declinet
548 1413 624 1466 ad
647 1413 964 1480 dexteram,
983 1415 1098 1468 sive
1116 1415 1188 1469 ad
1207 1415 1525 1481 sinistram;
1556 1415 1657 1468 sed
1685 1431 1789 1485 per

155 1521 313 1559 arma
331 1505 575 1575 justitia:
601 1508 756 1560 tutus
786 1506 1036 1574 incedat,
1065 1507 1304 1562 audiens
1334 1507 1630 1579 prophetas
1660 1524 1784 1562 mo-

154 1597 271 1651 nita
294 1612 307 1651 :
339 1600 469 1653 Haec
489 1601 607 1661 via,
634 1599 909 1654 ambulate
934 1602 992 1654 in
1017 1616 1097 1654 ea.
1133 1600 1298 1664 Quod
1331 1600 1427 1670 qui
1457 1600 1674 1666 fecerit,
1698 1617 1789 1656 va-

153 1694 289 1748 lebit
319 1693 548 1750 dicere:
585 1698 823 1751 Lucerna
838 1697 1066 1765 pedibus
1090 1699 1218 1751 meis
1244 1698 1461 1752 verbum
1488 1702 1658 1760 tuum,
1691 1701 1788 1752 Do-

157 1789 307 1848 mine,
338 1793 392 1841 et
420 1788 607 1842 lumen
631 1791 834 1842 semitis
860 1793 1006 1843 meis.
1041 1790 1384 1844 RsowsNrEs
1409 1806 1638 1856 Taurus,
1659 1806 1785 1852 om

1886 585 2010 639 bene
2030 586 2269 654 placens,
2298 591 2348 640 et
2366 587 2629 655 perfecta.
2663 587 2730 641 Et
2753 586 2880 640 ideo
2905 586 3074 640 dicit:
3104 589 3396 657 Propterea
3415 602 3506 640 no-

1887 678 1979 731 lite
2005 681 2126 746 ﬁeri
2149 678 2529 748 imprudentes.
2574 679 2843 732 Voluntas
2880 679 2978 733 Dei
3005 685 3090 734 est
3118 682 3182 733 ut
3211 679 3453 734 declinet
3477 697 3510 733 a

1884 771 2056 838 malo,
2099 777 2154 825 et
2182 771 2348 826 faciat
2392 771 2632 826 bonum.
2666 771 2804 825 Dicit
2831 772 2982 826 enim
3023 773 3342 843 prOpheta:
3374 773 3508 829 Nolo

1885 868 2104 917 mortem
2125 867 2438 933 peccatoris,
2464 869 2543 918 set
2568 869 2628 919 ut
2655 869 2997 919 convertatur
3024 871 3074 920 et
3102 869 3271 920 vivat.
3296 867 3362 920 Et
3398 865 3504 928 ite-

1885 971 2014 1008 rum
2046 975 2062 1009 :
2093 959 2314 1011 Declina
2340 974 2375 1011 a
2403 959 2546 1012 malo
2577 962 2628 1011 et
2651 961 2742 1024 fac
2771 959 2979 1012 bonum.
3011 959 3277 1012 Voluntas
3309 957 3402 1012 Dei
3427 964 3509 1014 est

1885 1051 1952 1100 ut
1989 1047 2291 1118 diligamus
2320 1049 2579 1104 invicem.
2612 1052 2678 1104 In
2705 1025 2814 1106 hoc.
2825 1055 3130 1120 cognoscent
3155 1065 3348 1112 omnes,
3376 1053 3508 1120 quia

1885 1143 1990 1194 mei
2034 1143 2156 1196 estis
2197 1143 2472 1212 discipuli,
2499 1145 2548 1196 si
2577 1143 2910 1198 dilectionem
2956 1143 3253 1198 habueritis
3281 1145 3339 1198 in
3364 1145 3506 1198 invi-

1887 1249 2015 1288 cem.
2043 1233 2308 1288 Voluntas
2351 1234 2449 1288 Dei
2475 1240 2577 1304 est,
2605 1239 2670 1288 ut
2709 1251 2907 1290 omnes
2936 1236 3114 1290 sancti
3143 1235 3336 1303 simus,
3369 1235 3510 1290 sicut

1885 1326 2004 1397 ipse
2055 1327 2188 1382 dicit
2219 1343 2233 1382 :
2268 1327 2460 1382 Sancti
2485 1332 2664 1390 estote,
2707 1331 2840 1398 quia
2867 1345 2960 1398 ego
3009 1334 3230 1383 sanctus
3265 1345 3400 1383 sum.
3435 1331 3508 1384 Er

1888 1435 2078 1474 nomn:
2128 1435 2401 1476 INEBRIARI
2449 1436 2596 1486 VINO,
2644 1437 2701 1474 IN
2763 1437 2870 1482 ouo
2911 1437 3005 1476 ssr
3057 1437 3305 1476 LL‘XURlA.
3358 1421 3510 1476 Sicut

1887 1513 2043 1566 enim
2068 1513 2246 1567 homo
2273 1529 2390 1567 non
2415 1518 2602 1583 potest
2623 1513 2846 1568 duobus
2871 1513 3113 1568 dominis
3139 1515 3366 1581 servire,
3401 1517 3510 1571 Deo

1885 1605 2092 1660 scilicet
2121 1609 2178 1659 et
2205 1622 2564 1672 mammona,
2597 1605 2676 1659 ita
2703 1607 2891 1660 nullus
2921 1610 3108 1677 potest
3132 1607 3403 1661 inebriari
3433 1609 3511 1662 vi-

1885 1714 1959 1752 no
1986 1698 2200 1769 pariter
2225 1703 2281 1752 et
2306 1698 2520 1753 SPIRITU
2546 1714 2748 1754 amaro
2778 1699 3008 1768 repleri.
3025 1699 3129 1762 Qui
3155 1701 3358 1770 spiritu
3384 1718 3510 1755 san-

1885 1795 1972 1845 cto
1997 1792 2242 1860 repletus
2267 1790 2440 1845 fuerit
2469 1791 2700 1845 habebit
2747 1791 3128 1862 prudentiam,
3175 1793 3504 1859 castitatem,

156 1895 249 1934 JAM
276 1897 393 1935 mss
413 1897 544 1936 MALI
571 1896 726 1936 sum.
755 1879 898 1934 Illud
925 1879 1060 1934 dicit
1081 1881 1482 1952 tempus-quod
1513 1882 1573 1936 in
1601 1882 1785 1936 Adam
1804 1875 1861 1946 B
1881 1883 2244 1952 munditiam,
2297 1883 2650 1954 pudicitiam,
2697 1883 3212 1952 mansuetudinem,
3240 1900 3507 1939 verecun-

157 1989 353 2026 omnes
377 1973 762 2044 perdidimus,
792 1973 1005 2028 scilicet
1029 1973 1549 2041 immortalitatem,
1587 1978 1647 2028 et
1682 1992 1786 2044 pa-

157 2066 495 2120 radisiacam
526 2065 968 2120 beatitudinem.
1003 2066 1312 2122 Sciendum
1341 2057 1497 2121 enim
1537 2071 1622 2122 est
1653 2067 1789 2138 quia

155 2175 185 2212 a
213 2159 326 2212 Deo
352 2159 706 2213 immortalis
740 2159 1001 2214 conditus
1030 2159 1234 2226 fuerat,
1262 2159 1306 2214 si
1331 2176 1449 2214 non
1479 2164 1784 2231 peccasset.

157 2251 272 2305 Non
317 2251 517 2305 fuisset
559 2268 791 2305 necesse
837 2252 1120 2306 redimere
1171 2256 1428 2324 tempus,
1479 2253 1613 2323 quia
1663 2253 1787 2306 cceli

156 2343 296 2397 cives
327 2343 540 2411 effecti,
574 2346 754 2398 Deum
783 2345 927 2398 facie
957 2345 1030 2398 ad
1059 2344 1267 2398 faciem
1306 2344 1784 2415 conspiceremus,

162 2435 296 2490 sicut
339 2435 462 2507 ipse
499 2436 772 2504 faciebat,
823 2440 1136 2508 antequam
1175 2441 1485 2508 peccasset.
1530 2436 1694 2501 Quod
1739 2437 1788 2490 si

161 2531 378 2598 tempus
396 2528 526 2599 quis
548 2527 990 2596 vultredimere,
1014 2529 1314 2582 consilium
1338 2529 1564 2583 Domini
1591 2529 1788 2582 audiat

160 2619 392 2675 dicentis
416 2637 430 2674 :
461 2622 524 2678 Si
553 2623 676 2690 quis
699 2625 748 2675 te
761 2603 1161 2690 percusserit'in
1185 2622 1460 2676 dexteram
1477 2623 1782 2684 maxillam,

158 2714 325 2780 prabe
367 2716 418 2768 ei
465 2717 518 2768 et
561 2715 811 2768 alteram.
855 2715 923 2767 Et
961 2713 1171 2768 iterum
1204 2731 1216 2768 :
1268 2714 1428 2768 Orate
1467 2730 1571 2784 pro
1608 2730 1785 2786 perse-

158 2807 431 2874 quentibus
467 2811 521 2861 et
550 2807 1007 2860 calumniantibus
1031 2808 1194 2862 vobis.
1232 2807 1301 2860 Et
1346 2807 1454 2862 hoc
1498 2811 1582 2861 est
1629 2807 1784 2878 quod

163 2897 277 2952 ait:
332 2900 670 2954 Redimentes
722 2904 948 2969 tempus,
1001 2902 1254 2969 quoniam
1299 2901 1414 2955 dies
1457 2902 1593 2956 mali
1636 2905 1782 2956 sunt.

159 2990 398 3061 Tempus
417 2991 638 3062 quippe
660 2991 995 3046 redimimus
1018 2991 1248 3061 quando
1265 2995 1588 3046 anteactam
1609 2992 1786 3046 vitam

163 3081 230 3135 ad
275 3083 626 3138 memoriam
661 3083 1010 3150 reducimus,
1045 3087 1104 3138 et
1156 3100 1224 3138 ea
1259 3101 1384 3154 qua
1422 3085 1787 3156 negligenter

161 3175 567 3244 commisimus,
600 3176 795 3230 ﬂendo
827 3175 1113 3247 punimus,
1148 3177 1298 3247 quod
1329 3176 1511 3248 iniqui
1541 3195 1612 3232 ne
1643 3194 1780 3248 qua-

1887 1976 2063 2029 diam.
2093 1978 2134 2031 E
2163 1976 2398 2046 regione
2425 1975 2523 2046 qui
2552 1976 2683 2030 vino
2708 1975 3040 2045 inebriatur,
3059 1976 3287 2032 habebit
3313 1994 3510 2048 proca-

1887 2067 2132 2136 citatem,
2179 2067 2585 2138 insipientiam,
2639 2069 2956 2137 audaciam,
3002 2069 3275 2138 furorem,
3324 2071 3507 2125 libidi-

1885 2177 2042 2215 nem.
2062 2163 2129 2215 Et.
2159 2160 2283 2215 ideo
2315 2160 2568 2232 praecipit
2593 2162 2905 2231 Apostolus,
2935 2162 3284 2230 nondebere
3303 2165 3506 2218 inebri-

1885 2257 1976 2308 ari
1996 2257 2140 2316 vino,
2171 2257 2230 2307 in
2269 2271 2372 2322 quo
2397 2261 2472 2308 est
2499 2255 2741 2309 luxuria.
2771 2254 2927 2309 Unde
2957 2254 3096 2308 dicit
3118 2261 3175 2310 et
3202 2255 3462 2310 Salomon
3491 2273 3505 2310 :

1885 2349 1964 2403 Ne
1987 2349 2220 2416 aspicias
2247 2351 2436 2402 vinum
2463 2363 2580 2400 cum
2621 2333 2858 2416 ﬂavescit
2881 2349 2938 2401 in
2978 2349 3155 2412 vitro;
3187 2349 3330 2403 color
3367 2352 3507 2404 enim

1887 2439 2080 2493 blande
2116 2438 2288 2510 [Cod.,
2321 2439 2552 2511 blandis]
2576 2441 2900 2507 ingreditur,
2930 2441 3024 2494 sed
3046 2441 3251 2494 mordet
3273 2445 3334 2495 ut
3360 2443 3506 2497 colu-

1885 2532 1994 2586 ber.
2024 2533 2208 2586 Potest
2234 2535 2291 2586 et
2317 2533 2478 2586 aliter
2501 2531 2740 2601 intelligi
2769 2532 2921 2602 quod
2946 2531 3082 2586 dicit
3112 2551 3127 2587 :
3165 2535 3344 2590 Nolite
3387 2536 3505 2589 ine-

1886 2625 2057 2679 briari
2082 2627 2225 2688 vino,
2258 2625 2317 2678 id
2363 2630 2448 2678 est
2473 2624 2604 2678 vino
2635 2624 2885 2692 malitiae,
2929 2625 2998 2678 de
3046 2641 3158 2695 quo
3206 2626 3418 2696 Moyses
3445 2628 3505 2682 in

1884 2717 2102 2772 cantico
2130 2717 2562 2772 Deuteronomio
2591 2734 2604 2770 :
2649 2721 2726 2771 De
2751 2719 2909 2771 vinea
2945 2719 3312 2782 Sodomorum,
3348 2722 3506 2776 vinea

1885 2825 2086 2864 eorum.
2116 2811 2227 2864 Hoc
2259 2811 2391 2865 vino
2422 2809 2776 2864 inebriantur
2798 2827 2998 2864 omnes
3024 2816 3306 2866 amatores
3332 2829 3498 2867 mun-

1885 2903 1962 2957 di.
1994 2905 2070 2958 De
2095 2903 2300 2974 quibus
2325 2903 2459 2958 dicit
2477 2903 2804 2974 Apostolus:
2829 2906 3063 2970 Quorum
3087 2907 3208 2973 ﬁnis
3234 2907 3502 2969 interitus,

1884 3012 2110 3065 quorum
2139 2999 2275 3052 Deus
2315 3002 2496 3051 venter
2521 3001 2617 3059 est,
2646 3001 2696 3051 et
2724 2997 2900 3066 gloria
2925 2999 2984 3051 in
3011 2999 3322 3066 confusione
3361 3003 3500 3070 ipso-

1883 3104 2005 3144 rum
2033 3092 2130 3159 qui
2155 3095 2366 3145 terrena
2389 3093 2632 3160 sapiunt.

162 3283 326 3337 quam
354 3269 599 3336 faciunt,
627 3269 853 3325 dicente
880 3271 1161 3341 propheta
1195 3287 1207 3324 :
1247 3273 1370 3327 Viri
1392 3275 1718 3341 sanguinum
1735 3237 1858 3326 etC
1953 3275 2270 3339 Loouanrss
2320 3289 2732 3333 vomsumrsm
2777 3293 3023 3348 rsums,
3069 3294 3132 3334 ar
3183 3295 3408 3351 HYMNIS,
3442 3299 3506 3338 nr

162 3361 327 3416 dolosi
345 3379 452 3417 non
474 3363 845 3418 dimidiabunt
871 3364 984 3418 dies
1026 3378 1172 3418 suos.
1203 3363 1465 3428 Quoniam
1507 3365 1622 3418 dies
1651 3365 1786 3419 mali

158 3461 296 3509 sunt.
321 3455 616 3520 Quantum
635 3455 708 3510 ad
729 3455 1035 3522 rationem,
1055 3459 1112 3510 et
1130 3457 1441 3527 spiritalem
1466 3457 1784 3528 intelligen-

161 3546 292 3602 tiam
316 3549 593 3620 pertinet,
618 3549 739 3603 dies
751 3549 886 3603 boni
902 3550 1062 3604 aDeo
1082 3550 1379 3616 factisunt,
1399 3550 1625 3604 dicente
1645 3550 1784 3606 Scri-

161 3643 319 3710 ptura
338 3659 350 3696 :
375 3643 534 3698 Vidit
545 3645 684 3697 Deus
701 3646 889 3697 cuncta
915 3659 1032 3712 quae
1048 3645 1198 3710 fecit,
1213 3648 1263 3698 et
1273 3649 1427 3698 erant
1444 3645 1603 3698 valde
1624 3645 1780 3699 bona.

160 3731 336 3788 Habes
364 3735 423 3789 in
451 3735 602 3790 libro
629 3735 836 3790 Genesi
865 3735 1158 3806 scriptum,
1193 3736 1327 3806 quia
1355 3753 1458 3806 per
1486 3737 1786 3790 intervalla

161 3823 376 3882 dierum
415 3830 568 3884 Deus
605 3833 809 3883 cuncta
843 3828 1074 3883 creavit.
1121 3829 1190 3882 Et
1211 3829 1436 3883 dicitur
1470 3829 1549 3882 ibi
1579 3846 1592 3884 :
1635 3831 1787 3886 Vidit

162 3921 290 3974 Deus
316 3928 511 3976 cuncta
536 3937 658 3992 quae
683 3923 835 3988 fecit,
865 3927 916 3976 et
963 3926 1120 3976 erant
1153 3922 1312 3976 valde
1346 3922 1502 3976 bona.
1544 3922 1602 3977 Si
1645 3939 1783 3993 ergo

162 4019 356 4068 cuncta
395 4030 528 4086 quae
573 4013 710 4068 fecit
743 4016 889 4069 Deus
908 4015 1067 4068 valde
1099 4015 1253 4070 bona
1276 4015 1528 4083 fuerunt,
1561 4031 1700 4086 ergo
1728 4018 1786 4070 et

165 4103 278 4159 dies
315 4107 473 4162 boni.
525 4107 639 4162 Sed
677 4106 811 4162 vitio
849 4107 1150 4163 hominum
1191 4108 1483 4179 depravati
1531 4112 1682 4176 sunt,
1728 4113 1786 4163 et

162 4196 289 4252 facti
319 4204 451 4255 sunt
482 4199 606 4254 dies
636 4201 793 4255 mali.
826 4201 893 4256 Et
921 4201 1058 4272 quid
1091 4201 1274 4256 dicam
1298 4201 1326 4256 ‘l
1366 4219 1431 4256 ex
1459 4218 1572 4272 quo
1603 4203 1785 4257 Adam

159 4289 216 4344 in
259 4294 528 4364 paradiso
570 4293 846 4365 peccavit,
894 4311 1192 4366 nunquam
1235 4297 1472 4350 fuerunt
1511 4295 1630 4350 dies
1677 4296 1786 4349 nisi

161 4385 306 4440 mali.
334 4388 656 4442 Nascuntur
691 4388 873 4459 pueri,
903 4404 936 4442 a
955 4389 1182 4459 ploratu
1210 4388 1492 4460 incipiunt
1520 4393 1578 4443 et
1605 4406 1639 4443 a
1676 4389 1784 4442 mi-

163 4477 323 4548 seria,
356 4481 506 4535 ﬂunt
533 4481 593 4534 hi
617 4480 740 4536 dies
761 4480 894 4535 mali
922 4481 1259 4535 calamitatis
1290 4498 1425 4536 suae.
1463 4483 1591 4536 Haec
1622 4483 1781 4552 luge-

163 4567 258 4624 bat
279 4575 564 4646 propheta
589 4589 720 4628 cum
749 4573 1000 4628 diceret:
1037 4576 1155 4629 Heu
1197 4578 1312 4630 me!
1351 4578 1483 4645 quia
1519 4577 1784 4630 incolatus
1805 4599 1862 4670 D

166 4679 304 4719 meus
324 4669 681 4738 prolongatus
706 4673 802 4722 est.
841 4667 998 4732 Quos
1033 4668 1156 4722 dies
1188 4668 1477 4723 redimere
1509 4668 1786 4723 debemus

168 4757 521 4828 abstinendo,
538 4761 882 4832 jejunando,
901 4761 1141 4828 orando,
1163 4761 1475 4832 vigilando,
1505 4765 1564 4816 et
1583 4767 1788 4816 cmtera

169 4865 287 4919 quae
308 4853 588 4908 Dominus
601 4853 769 4924 jussit
793 4854 1110 4926 implendo.
1142 4855 1308 4918 Quod
1332 4855 1430 4926 qui
1450 4855 1604 4922 facit,
1633 4855 1784 4910 redi-

167 4943 265 4998 mit
285 4945 402 5001 dies
426 4949 628 5015 malos,
653 4951 710 5001 et
735 4947 874 5002 facit
894 4965 1008 5002 non
1035 4948 1332 5020 praesentis
1360 4949 1657 5020 temporis,
1685 4948 1785 5002 sed

167 5035 355 5107 futuri,
388 5039 510 5095 dies
537 5042 740 5096 bonos.
765 5042 827 5094 In
849 5044 1076 5095 tantum
1103 5045 1166 5095 ut
1173 5042 1297 5113 jam
1309 5058 1432 5097 non
1460 5042 1664 5114 plurali
1687 5059 1787 5096 nu-

167 5143 322 5186 mero
349 5131 470 5188 dies
501 5134 741 5189 dicatur.
763 5135 841 5190 De
871 5150 981 5206 qua
1000 5135 1284 5206 propheta
1313 5151 1326 5190 :
1360 5135 1551 5192 Melior
1569 5141 1646 5191 est
1672 5136 1785 5190 dies

167 5237 276 5279 una
298 5225 358 5281 in
377 5230 534 5282 atriis
557 5229 668 5283 tuis
693 5242 856 5298 super
877 5227 1074 5282 millia.

235 5317 570 5388 Romam,
612 5336 801 5377 mourn
841 5335 983 5376 mm
1019 5335 1408 5378 IHPRUDBNTES.
1449 5321 1786 5393 Imprudens

174 5412 254 5462 est
264 5411 356 5466 ille
367 5413 540 5469 homo
569 5414 665 5486 qui
681 5429 798 5469 non
811 5412 1088 5485 prospicit
1104 5413 1208 5468 sibi
1233 5413 1384 5468 viam
1411 5429 1525 5485 qua
1544 5415 1784 5486 gradere

175 5501 392 5573 debeat,
419 5523 491 5562 ne
523 5507 800 5574 offendat,
829 5507 929 5561 sed
965 5508 1128 5560 caute
1163 5507 1438 5561 ambulet.
1478 5510 1597 5565 Non
1629 5510 1790 5579 quasi

170 5595 492 5666 insipientes,
523 5602 616 5657 sed
643 5605 704 5656 ut
731 5602 1018 5670 sapientes.
1051 5599 1388 5672 Imprudens
1419 5603 1506 5655 est
1531 5602 1627 5672 qui
1671 5617 1786 5656 non

177 5687 395 5746 redimit
413 5697 642 5766 tempus
671 5697 731 5748 et
750 5693 872 5748 dies
901 5693 1086 5748 malos
1125 5693 1200 5748 ad
1239 5693 1640 5764 pmnitentiam
1680 5695 1787 5750 sibi

177 5797 481 5857 concessos,
498 5787 569 5842 de
613 5787 818 5860 quibus
852 5788 1150 5860 Apostolus
1183 5804 1196 5843 :
1233 5789 1458 5858 Ignoras
1493 5791 1626 5860 quia
1678 5805 1786 5860 pa-

177 5877 360 5935 tientia
394 5883 488 5938 Dei
514 5881 591 5938 ad
625 5883 1005 5954 panitenttam
1039 5885 1089 5939 te
1115 5883 1420 5954 emspectet?
1445 5882 1788 5960 Imprudens

1884 3383 2128 3424 CANTICIS
2201 3384 2588 3424 SPIRITALIBUS.
2649 3370 2754 3432 Qui
2820 3371 3154 3426 abstinuerit
3191 3389 3223 3426 a
3248 3374 3402 3443 vino,
3453 3380 3509 3430 et

1883 3461 2092 3531 Spiritu
2121 3467 2309 3516 sancto
2335 3463 2580 3532 repletus
2604 3462 2798 3532 fuerit,
2825 3464 3016 3516 omnia
3034 3463 3142 3518 ista
3167 3467 3379 3536 repleta
3403 3465 3509 3539 [Ita

1885 3554 2034 3626 Cod.]
2070 3554 2294 3624 impleri
2321 3555 2546 3624 poterit.
2593 3555 2822 3622 Psalmi,
2856 3559 2913 3609 et
2937 3555 3164 3626 hymni,
3200 3563 3256 3612 et
3285 3561 3505 3614 cantica

1883 3647 1941 3700 in
1958 3647 2219 3716 psalterio
2239 3647 2605 3717 reperiuntur
2629 3664 2644 3715 ;
2675 3648 2771 3702 sed
2797 3645 2945 3702 inter
2963 3649 3248 3718 psalmum
3273 3653 3331 3704 et
3346 3652 3506 3723 hym-

1882 3755 2023 3793 num
2043 3740 2149 3794 hoc
2175 3739 2428 3806 interest,
2457 3739 2605 3810 quod
2636 3741 2882 3810 psalmus
2913 3741 3152 3812 pertinet
3173 3743 3244 3797 ad
3275 3759 3502 3816 corpus,

1883 3832 2016 3904 quia
2045 3849 2148 3904 per
2175 3849 2454 3904 organum
2481 3832 2734 3903 corporis
2762 3833 2996 3888 discitur
3021 3835 3266 3904 qualiter
3303 3853 3502 3907 perve-

1886 3925 2074 3980 niatur
2101 3927 2171 3980 ad
2196 3942 2479 3997 organum
2511 3926 2719 3980 mentis
2745 3943 2762 3995 ;
2795 3926 3042 3997 hymnus
3087 3944 3222 3983 vero
3258 3931 3507 4000 pertinet

1883 4019 1954 4074 ad
1977 4019 2294 4074 orationem
2321 4035 2338 4088 ;
2371 4019 2652 4073 canticum
2680 4019 2751 4074 ad
2779 4019 3005 4074 laudem
3032 4021 3153 4076 Dei.
3182 4021 3239 4077 Si
3266 4038 3396 4078 vero
3421 4024 3503 4078 al-

1882 4111 1994 4166 tius
2012 4111 2326 4184 intelligere
2353 4111 2616 4181 volueris,
2641 4113 2890 4183 psalmus
2915 4113 3161 4184 pertinet
3185 4116 3253 4169 ad
3280 4132 3504 4188 corpus,

1884 4205 2131 4276 hymnus
2173 4205 2244 4260 ad
2272 4205 2498 4260 laudem
2545 4204 2661 4276 Dei,
2706 4206 2987 4262 canticum
3016 4207 3086 4262 ad
3116 4207 3507 4266 fortitudinem

1885 4302 1944 4352 et
1963 4299 2226 4353 virtutem
2253 4296 2368 4353 Dei.
2394 4301 2460 4353 Et
2477 4303 2610 4353 nota
2633 4298 2766 4370 quia
2787 4316 2916 4354 cum
2941 4299 3074 4354 dicit
3084 4303 3332 4370 psalmis,
3349 4305 3505 4373 hym-

1883 4395 1986 4454 nis,
2013 4396 2066 4446 et
2091 4394 2334 4456 canticis,
2360 4391 2576 4446 addidit
2600 4393 2959 4462 spiritalibus,
2990 4395 3142 4464 quod
3167 4395 3360 4466 utique
3391 4413 3509 4452 non

1883 4485 2122 4554 fecisset,
2153 4485 2261 4540 nisi
2291 4487 2480 4538 essent
2510 4468 2882 4554 cantica'quae
2909 4501 3024 4539 non
3052 4489 3184 4540 sunt
3210 4488 3506 4560 spiritalia,

1885 4578 2028 4632 sicut
2051 4583 2182 4632 sunt
2199 4577 2453 4632 carmina
2481 4583 2797 4648 poetarum,
2839 4577 2984 4632 dicta
3012 4577 3504 4654 philosophorum,

1885 4671 2098 4726 cantica
2122 4670 2429 4739 luxuriosa,
2463 4675 2519 4724 et
2543 4670 2712 4724 verba
2743 4669 2922 4724 risum
2947 4672 3248 4741 moventia,
3281 4690 3408 4744 qua:
3432 4676 3507 4730 ad

1884 4781 2006 4818 rem
2033 4779 2148 4818 non
2173 4762 2481 4834 pertinent,
2513 4767 2570 4817 et
2595 4763 2918 4818 scurrilitas.
2950 4764 3006 4819 IN
3053 4780 3246 4820 casm
3277 4782 3508 4825 cmun-

1884 4873 1979 4912 τες
2007 4874 2059 4913 IN
2085 4871 2350 4913 CORDIBUS
2381 4872 2624 4912 vssrms.
2655 4857 2896 4911 Audiant
2921 4857 3029 4913 hoc
3057 4859 3240 4928 pueri,
3279 4860 3508 4917 audiant

1885 4951 2280 5017 adolescentes,
2324 4955 2380 5005 et
2430 4949 2616 5004 omnis
2657 4950 2795 5004 ordo
2838 4951 3256 5020 ecclesiasticus,
3295 4954 3503 5024 quibus

1887 5044 2138 5099 ofﬁcium
2173 5042 2451 5115 psallendi
2477 5042 2841 5098 commissum
2862 5048 2948 5098 est
2971 5043 3030 5098 in
3053 5045 3314 5116 Ecclesia,
3337 5049 3402 5102 ut
3428 5046 3503 5104 si-

1885 5141 1979 5192 cut
2000 5137 2248 5209 psallunt
2270 5152 2386 5206 ore,
2413 5134 2649 5208 psallere
2669 5136 2884 5191 discant
2908 5141 2966 5193 et
2988 5136 3176 5210 corde,
3199 5155 3272 5194 ne
3287 5139 3508 5196 dicatur

1886 5231 1953 5286 de
1979 5231 2088 5285 illis
2121 5247 2134 5285 :
2163 5231 2398 5301 Populus
2440 5230 2525 5285 hic
2571 5229 2731 5284 labiis
2771 5244 2855 5285 me
2899 5231 3148 5294 honorat,
3189 5248 3278 5288 cor
3327 5239 3509 5291 autem

1885 5340 2064 5380 eorum
2089 5324 2239 5392 longe
2265 5327 2343 5379 est
2359 5339 2394 5378 a
2421 5339 2522 5378 me.
2552 5324 2594 5380 E
2619 5326 2815 5378 contra
2844 5324 3011 5379 multi
3042 5324 3293 5396 psallunt
3315 5329 3504 5401 corde,

1884 5422 1942 5473 et
1965 5433 2080 5473 non
2103 5417 2350 5489 psallunt
2377 5431 2495 5472 ore.
2523 5417 2781 5474 Clamant
2805 5418 2994 5486 corde,
3026 5418 3195 5475 silent
3210 5437 3326 5478 ore.
3355 5423 3510 5479 Sicut

1886 5509 1980 5565 ille
2030 5510 2265 5565 faciebat
2308 5509 2399 5564 cui
2451 5509 2694 5565 dicitur:
2729 5510 2872 5577 Quid
2919 5511 3124 5568 clamas
3172 5513 3247 5568 ad
3285 5517 3414 5570 me?
3463 5517 3506 5572 E

1885 5608 2034 5658 certe
2067 5602 2143 5657 ibi
2172 5619 2288 5658 non
2317 5607 2402 5658 est
2425 5601 2721 5674 scriptum,
2753 5600 2890 5672 quid
2932 5603 3222 5660 clamasset
3248 5607 3458 5678 Moyses
3484 5627 3503 5678 ;

1885 5697 1982 5750 sed
2027 5695 2324 5765 clamabat,
2369 5700 2427 5750 et
2473 5696 2640 5750 corde
2691 5695 2988 5764 clamabat,
3039 5702 3096 5752 et
3121 5697 3247 5752 ideo
3291 5699 3427 5755 dicit
3447 5701 3502 5756 ei

1885 5791 2031 5844 Deus
2061 5806 2076 5844 :
2107 5781 2250 5858 Quid
2275 5789 2476 5844 clamas
2498 5788 2576 5845 ad
2601 5790 2722 5844 me?
2769 5789 2898 5844 Ideo
2923 5789 3126 5844 melius
3156 5793 3242 5844 est
3263 5790 3504 5859 psallere

1887 5882 2072 5956 corde,
2106 5881 2270 5939 silere
2295 5897 2412 5952 ore,
2436 5895 2601 5957 quam
2625 5887 2810 5940 tacere
2841 5881 3026 5952 corde,
3046 5882 3281 5953 psallere
3303 5897 3412 5941 on.
3433 5886 3504 5943 Et
