4022 6422
540 353 640 406 839

2007 351 2401 409 LUCULENTII

3860 349 3972 402 ΘΜ

539 459 665 512 ideo
693 457 791 528 qui
816 455 998 528 psallit
1017 471 1133 522 ore,
1161 455 1353 525 psallat
1387 461 1441 510 et
1478 459 1680 527 corde;
1714 458 2011 528 psallamus
2037 460 2153 530 spi-
2177 473 2234 543 Α
2255 461 2386 514 licet
2417 459 2651 529 subjecti
2680 455 2939 512 invicem.
2968 455 3223 512 Audiant
3242 457 3353 512 hoc
3405 455 3721 528 episcopi,
3786 472 3970 524 pres-

552 551 686 615 ritu,
721 549 1022 620 psallamus
1051 550 1106 601 et
1135 554 1345 603 mente.

611 644 826 695 Donusa
855 657 1078 695 canus
1108 657 1362 695 AGENTES.
1396 643 1522 696 Haec
1553 643 1831 698 sententia
1859 642 2155 712 dupliciter

541 734 776 802 intelligi
803 738 1000 802 potest,
1027 735 1129 786 hoc
1155 740 1237 786 est
1263 735 1320 786 in
1350 734 1514 787 rebus
1542 736 1801 805 acceptis,
1820 741 1875 788 et
1901 736 2150 804 perditis,

539 825 800 878 sicutJob
825 825 904 877 ait
934 841 946 878 :
979 827 1231 878 Dominus
1271 827 1438 887 dedit,
1468 829 1718 880 Dominus
1749 828 1988 889 abstulit,
2019 829 2153 880 sicut

539 919 758 971 Domino
777 918 987 986 placuit
1027 919 1106 970 ita
1129 920 1336 983 factum
1362 923 1458 977 est,
1484 921 1554 972 sit
1592 934 1780 972 nomen
1827 921 2034 972 Domini
2063 920 2150 971 be-

539 1011 826 1062 nedictum.
854 1009 945 1060 Vel
975 1009 1029 1060 in
1080 1002 1360 1078 prosperis
1387 1015 1441 1062 et
1466 1010 1730 1064 adversis.
1764 1012 1898 1063 Hinc
1929 1011 1986 1063 in
2014 1011 2154 1080 psal-

540 1119 634 1154 mo
661 1101 879 1154 canitur
907 1117 919 1153 :
968 1103 1280 1154 Bencilicam
1323 1105 1600 1155 Dominum
1630 1106 1685 1154 in
1715 1107 1859 1155 omni
1903 1109 2149 1170 ternpmc,

540 1210 743 1263 semper
791 1195 908 1246 laus
947 1195 1060 1261 ejus
1109 1196 1164 1246 in
1193 1210 1280 1247 ore
1321 1210 1453 1247 meo.
1483 1195 1658 1248 Aliter
1687 1213 1701 1248 :
1735 1196 1776 1248 si
1825 1195 1998 1247 habes
2027 1197 2148 1247 olli-

538 1286 690 1338 cium
733 1285 1006 1355 psallendi
1037 1285 1094 1337 in
1139 1285 1393 1351 ecclesia,
1431 1303 1543 1338 non
1568 1290 1871 1356 proliterea
1900 1291 1955 1339 te
1981 1287 2153 1339 extol-

537 1378 650 1430 lere
681 1377 846 1430 debcs
865 1393 1034 1445 super
1059 1383 1305 1444 caeteros,
1329 1378 1429 1430 sed
1451 1379 1629 1448 magis
1658 1379 1768 1431 Deo
1798 1377 2004 1445 gratias
2025 1394 2152 1446 age-

537 1485 618 1533 re,
647 1469 835 1521 dicens
877 1485 1005 1522 cum
1055 1470 1348 1522 Psalmista
1374 1485 1386 1522 :
1417 1473 1532 1525 Non
1578 1471 1746 1530 nobis,
1779 1473 2016 1530 Domine,
2045 1485 2149 1521 non

536 1563 705 1622 nobis,
730 1562 822 1615 sed
845 1564 1049 1614 nom-ini
1076 1567 1163 1614 tuo
1189 1563 1262 1614 da
1287 1563 1690 1627 gloriam..DEo
1737 1578 1798 1614 ετ
1849 1577 2001 1614 mnu
2032 1576 2152 1614 Stra-

537 1670 678 1707 JECTI
720 1669 936 1708 INVICEM
976 1670 1027 1708 IN
1067 1669 1267 1706 TIMORE
1307 1654 1527 1707 Cumsri
1567 1670 1580 1706 :
1633 1655 1747 1706 Deo
1799 1653 2006 1706 scilicet
2057 1653 2149 1705 Dei

538 1751 698 1817 Filio,
731 1751 826 1820 qui
851 1767 980 1802 cum
1020 1755 1166 1803 esset
1193 1752 1355 1816 Deus,
1386 1749 1556 1802 homo
1583 1749 1708 1802 ﬁeri
1751 1748 2012 1816 dignatus
2045 1751 2146 1815 est,

2252 552 2456 622 byteri,
2489 557 2548 605 et
2577 568 2777 604 omnes
2805 552 2902 622 qui
2934 554 3187 620 praesunt
3227 551 3289 604 in
3337 549 3630 613 Ecclesia,
3693 552 3768 600 ut
3811 548 3968 600 sicut

2253 644 2440 696 cazteri
2471 643 2706 712 subjecti
2739 646 2871 696 sunt
2897 643 2998 711 eis,
3029 646 3086 696 et
3114 642 3222 712 ipsi
3271 643 3356 696 ita
3407 658 3516 711 per
3557 640 3968 695 charitatem

2253 735 2366 787 suis
2387 735 2621 803 subjecti
2647 735 2776 800 sint,
2805 734 3073 788 hortante
3103 732 3277 804 [Cod.,
3306 733 3964 803 orante]Salomone:

2252 831 2550 896 Principcm
2579 832 2626 880 te
2655 830 2989 888 constituere,
3021 827 3136 879 noli
3156 833 3204 879 te
3230 828 3516 888 extollere,
3552 826 3668 880 sed
3709 830 3842 878 esto
3884 827 3969 877 in-

2253 926 2329 972 ter
2353 923 2492 988 ipsos
2519 922 2658 972 sicut
2684 934 2821 972 unus
2852 935 2919 972 ea:
2942 921 3100 987 ipsis.
3141 919 3208 971 Et
3237 919 3454 972 Paulus
3484 919 3837 988 apostolus
3873 917 3966 970 di-

2252 1011 2356 1064 cit:
2391 1014 2520 1066 Cum
2548 1027 2707 1064 essem
2733 1011 2865 1063 liber
2894 1012 2962 1063 ab
2993 1012 3260 1071 omnibus,
3289 1013 3542 1064 omnium
3577 1027 3677 1063 me
3721 1025 3964 1063 servum

2250 1105 2376 1169 feci,
2399 1107 2454 1155 et
2484 1103 2589 1155 hoc
2622 1119 2674 1156 ιχ
2712 1119 2913 1156 Inicus
2945 1104 3191 1157 CHRISTI.
3238 1102 3546 1156 Timentes
3587 1118 3675 1154 ne
3728 1107 3967 1170 praeter

2252 1197 2597 1247 voluntatem
2617 1195 2739 1263 ejus
2759 1195 2976 1264 aliquid
2999 1195 3298 1260 faciamus,
3323 1211 3400 1247 ne
3420 1197 3690 1264 propter
3707 1195 3968 1247 favores

2253 1286 2550 1340 hominum
2595 1288 2678 1338 vel
2717 1287 2945 1350 laudes;
2981 1304 3054 1340 ne
3079 1287 3306 1340 dicatur
3338 1287 3412 1338 de
3444 1287 3629 1340 nobis
3663 1303 3680 1338 :
3719 1289 3968 1353 Recepe-

2250 1383 2376 1430 runt
2403 1380 2688 1431 mercedem
2713 1393 2904 1440 suam;
2936 1379 3035 1430 sed
3065 1383 3250 1432 totum
3297 1395 3403 1447 pro
3447 1395 3670 1431 amore
3726 1378 3966 1431 Christi

2251 1471 2544 1534 faciamus,
2581 1473 2853 1523 monente
2880 1472 3155 1540 Apostolo
3192 1487 3204 1523 ε
3239 1473 3366 1525 Sire
3395 1471 3815 1533 manducatis,
3847 1474 3966 1524 sire

2253 1563 2450 1622 bibitis,
2475 1566 2584 1614 sire
2608 1563 2763 1614 aliud
2782 1563 2998 1629 aliquid
3021 1565 3232 1628 facitis,
3263 1565 3452 1615 omnia
3475 1565 3542 1614 in
3570 1565 3825 1616 nomine
3853 1565 3965 1616 Do-

2249 1657 2382 1705 mini
2405 1657 2585 1719 facile.
2619 1654 2686 1706 Et
2728 1653 2934 1706 iterum
2967 1670 2980 1706 :
3026 1654 3191 1707 Omne
3227 1655 3612 1722 quodcunque
3649 1657 3875 1720 facitis
3909 1659 3964 1707 in

2249 1747 2424 1806 verbo,
2466 1751 2558 1798 aut
2601 1748 2659 1798 in
2693 1761 2848 1814 opere
2881 1748 3062 1798 omnia
3099 1748 3158 1798 in
3201 1749 3421 1798 nomine
3450 1749 3698 1799 Domini
3754 1749 3961 1812 facite.

537 1859 830 1896 assumens
847 1847 1101 1896 nostram
1126 1842 1563 1910 humanitatem,
1597 1847 1653 1895 et
1678 1841 1806 1894 ideo
1832 1841 1980 1894 Patri
1993 1840 2148 1892 vide-
2172 1824 2227 1893 Β
2253 1839 2319 1890 Et
2345 1838 2450 1890 hoc
2477 1841 2564 1890 est
2593 1837 2746 1906 quod
2778 1837 2878 1902 ait,
2905 1839 2962 1889 in
2991 1839 3178 1892 timore
3200 1839 3429 1892 Christi.

2073 2086 2338 2207 ΧΙΙ.

541 2280 754 2344 Lectio
804 2279 1102 2361 Epistolas
1144 2277 1314 2342 beati
1361 2275 1539 2340 Pauli
1581 2275 1856 2364 apostoli
1895 2275 1976 2337 ad
2019 2274 2332 2364 Ephesios
2360 2277 2466 2364 (vi,
2495 2275 2600 2364 ⁹10)
2637 2296 2648 2334 :
2684 2273 2973 2364 fratres,
3017 2275 3096 2336 de
3131 2282 3364 2336 caetero
3405 2277 3960 2354 confortamini,

1651 2365 1712 2416 et
1743 2358 1808 2416 in
1837 2359 2128 2436 potentia
2159 2355 2422 2416 virtutis
2444 2355 2608 2432 ejus,
2640 2359 2758 2414 etc.

1749 2488 2164 2542 COMMENTL'M
2213 2487 2630 2542 LUCULENTII.

609 2595 987 2648 Admonuerat
1015 2591 1166 2643 enim
1193 2589 1447 2659 superius
1462 2588 1753 2658 apostolus
1781 2588 1981 2640 Paulus
2003 2602 2151 2639 seor-

541 2704 663 2741 sum
681 2687 844 2750 viros,
865 2700 1116 2738 seorsum
1136 2683 1391 2747 feminas,
1416 2681 1670 2734 dominos
1698 2687 1752 2734 et
1777 2697 1981 2744 servos,
2004 2680 2150 2732 ﬁlios

543 2787 597 2832 et
627 2783 829 2848 patres,
863 2777 1051 2829 dicens
1082 2790 1094 2826 :
1143 2776 1280 2834 Viri,
1313 2775 1524 2840 diligite
1561 2788 1748 2826 umores
1772 2778 1996 2837 uestras,
2018 2774 2154 2825 sicut

542 2877 590 2924 et
619 2871 855 2926 Christus
874 2868 1182 2920 Ecclesium.
1205 2867 1454 2918 Mulieres
1484 2867 1614 2917 viris
1639 2868 1749 2917 suis
1767 2865 1992 2917 subdita:
2015 2867 2150 2927 sint;

542 2965 663 3030 ﬁlii,
690 2960 894 3013 obedite
915 2959 1228 3027 parentibus
1239 2973 1339 3024 per
1353 2959 1551 3010 omnia.
1581 2957 1691 3008 Hoc
1710 2956 1863 3008 enim
1885 2955 2153 3024 placitum

545 3061 628 3108 est
667 3055 726 3106 in
761 3051 1014 3104 Domino.
1046 3053 1249 3110 Patres,
1304 3051 1467 3102 nolite
1497 3049 1570 3101 ad
1596 3049 1933 3102 iracundiam
1957 3064 2150 3116 proro-

546 3163 665 3202 care
693 3147 828 3214 ﬁlios
871 3148 1085 3204 vestros,
1115 3146 1180 3194 ut
1200 3157 1310 3194 non
1342 3141 1542 3210 pusillo
1569 3139 1758 3193 animo
1795 3141 1950 3193 ﬁant.
1981 3143 2150 3202 Serti,

546 3239 749 3292 obedite
775 3237 1004 3290 dominis
1053 3235 1380 3294 carnalibus,
1410 3249 1515 3285 non
1541 3234 1614 3285 ad
1644 3233 1852 3286 oculum
1879 3235 2156 3286 servientes

546 3333 704 3402 quasi
739 3329 1034 3382 hominibus
1058 3328 1348 3395 placentes,
1379 3326 1473 3378 sed
1501 3326 1679 3394 magis
1713 3325 1848 3389 Deo,
1891 3331 1945 3377 et
1974 3325 2059 3377 his
2090 3325 2158 3377 si-

547 3425 719 3478 milia.
754 3421 963 3476 Deinde
989 3436 1116 3471 vero
1141 3435 1334 3471 omnes
1365 3418 1422 3470 in
1453 3433 1633 3470 unum
1677 3417 2156 3486 comprehendens

547 3517 722 3570 dicit:
756 3517 831 3568 Dr.
871 3528 1082 3566 cmeno
1121 3526 1519 3566 CONFORTAMINI
1559 3527 1611 3564 IN
1653 3511 1887 3563 Doniso.
1921 3514 1993 3564 De
2013 3515 2156 3562 certe-

547 3626 626 3672 ro,
649 3609 705 3662 id
730 3612 812 3660 est
843 3607 910 3660 de
937 3605 1172 3674 reliquo.
1196 3605 1435 3656 Noverat
1461 3603 1612 3657 enim
1640 3603 1910 3672 scriptum
1939 3621 1952 3656 :
1984 3603 2154 3657 Male-

546 3703 718 3755 dictus
743 3701 892 3752 homo
922 3700 1017 3766 qui
1041 3697 1259 3764 conﬁdit
1282 3699 1340 3748 in
1364 3697 1588 3748 homine.
1621 3697 1683 3748 Et
1708 3711 1929 3747 ruisum
1952 3710 1964 3747 :
1991 3697 2154 3750 Bene-

547 3796 716 3848 dictus
743 3793 828 3844 cir
857 3792 951 3858 qui
975 3789 1190 3856 conﬁdit
1208 3791 1268 3839 in
1293 3790 1534 3840 Domino.
1562 3789 1627 3840 Et
1657 3786 1780 3840 ideo
1809 3787 1941 3839 dicit
1971 3802 1984 3839 :
2020 3786 2154 3840 Con-

545 3886 828 3953 fortamini
872 3885 930 3936 in
955 3883 1193 3941 Domino,
1222 3879 1278 3932 id
1315 3884 1398 3931 est
1442 3878 1581 3931 nihil
1619 3879 1686 3932 de
1721 3880 1914 3932 vestris
1944 3879 2157 3931 meritis

546 3975 918 4049 prassumatis,
951 3978 1006 4026 et
1029 3987 1250 4041 semper
1289 3971 1346 4023 in
1373 3971 1608 4024 Domino
1637 3971 1976 4041 gloriamini,
1995 3971 2159 4040 juxta

549 4071 698 4140 quod
723 4069 872 4122 idem
902 4065 1181 4135 apostolus
1211 4063 1342 4116 dicit
1369 4080 1382 4116 :
1413 4066 1514 4130 Qui
1543 4065 1828 4132 gloriatur,
1857 4066 1913 4116 in
1940 4066 2158 4117 Domino

549 4164 828 4231 glorietur.
858 4161 923 4213 Et
946 4156 1261 4211 Psalmista:
1287 4159 1402 4212 Non
1421 4157 1588 4218 nobis,
1604 4160 1842 4218 Domine,
1860 4173 1963 4210 non
1989 4157 2156 4218 nobis,

550 4255 644 4308 sed
692 4255 895 4307 nomini
922 4257 1007 4304 tuo
1035 4251 1107 4303 da
1143 4251 1390 4316 gloriam.
1435 4251 1500 4304 Et
1526 4266 1598 4302 ne
1627 4249 1824 4319 aliquis
1850 4254 2073 4318 putaret
2100 4249 2157 4301 in

549 4346 776 4401 nomine
805 4350 1021 4400 tantum
1048 4359 1202 4413 spem
1229 4358 1436 4412 ponere
1458 4342 1678 4404 debere,
1707 4342 1831 4395 ideo
1855 4341 2112 4410 adjunxit
2140 4357 2154 4394 :

552 4442 624 4495 Er
643 4455 698 4493 IN
725 4453 979 4492 ΡοτΕΝτιΑ
995 4451 1233 4488 vnmms
1264 4450 1404 4489 EJL‘S.
1432 4435 1508 4486 Ac
1534 4433 1578 4485 si
1609 4434 1820 4488 diceret
1849 4450 1861 4487 :
1894 4435 1953 4486 In
1977 4434 2158 4487 Chris-

2176 3184 2230 3257 C

2247 2590 2485 2652 fratrum
2507 2589 2826 2649 nostrorum,
2846 2585 2940 2650 qui
2964 2584 3260 2636 accusabat
3295 2585 3395 2637 illo
3423 2590 3564 2637 ante
3584 2594 3965 2654 conspectum

2251 2681 2347 2732 Dci
2397 2679 2583 2729 nostri.
2629 2678 2792 2730 Juxta
2837 2675 3181 2728 Hebraicam
3241 2676 3568 2730 veritatem
3653 2678 3963 2732 deorsum

2253 2771 2433 2822 fluens
2464 2769 2893 2838 interpretatur,
2937 2767 3032 2836 qui
3063 2783 3169 2821 nos
3203 2768 3592 2822 invisibiliter
3649 2772 3803 2824 telis
3848 2773 3964 2824 suis

2253 2865 2548 2930 percutere
2576 2861 2712 2924 vult,
2748 2864 2946 2912 contra
2974 2875 3149 2928 quem
3197 2860 3518 2914 invisibilia
3565 2867 3734 2916 sunt
3793 2881 3965 2918 arma

2254 2954 2532 3007 sumenda
2565 2952 2636 3005 ad
2662 2951 3046 3004 resistendum
3079 2951 3184 3024 ei“

2323 3047 2575 3109 Ql'ONlAM
2611 3060 2766 3098 NOBIS
2794 3060 2898 3098 NON
2940 3060 3034 3098 EST
3070 3059 3442 3100 COLLL'CTATIO
3471 3063 3802 3104 ADVERSL’S
3839 3066 3965 3105 CAR-

2256 3156 2360 3193 NEM
2391 3155 2450 3192 ET
2483 3153 2806 3192 SANGL'INEM.
2835 3138 2979 3190 Caro
3017 3140 3072 3188 et
3104 3137 3346 3206 sanguis
3391 3137 3744 3209 aliquoties
3808 3144 3960 3204 viva.

2257 3230 2554 3300 aliquoties
2577 3233 2806 3299 peccata
2829 3228 3135 3298 signiﬁcat,
3165 3229 3485 3299 aliquoties
3520 3237 3961 3302 parentelam,

2256 3323 2552 3393 aliquoties
2569 3321 3313 3392 propagationemhumani
3333 3324 3607 3392 generis,
3624 3328 3963 3398 aliquoties

2255 3420 2645 3486 persecutores
2677 3414 2956 3479 homines,
2992 3413 3062 3468 de
3089 3415 3300 3484 quibus
3343 3415 3460 3469 hoc
3495 3416 3558 3470 in
3628 3419 3780 3475 loco
3824 3422 3962 3476 dicit

2255 3509 2458 3561 Paulus
2482 3524 2493 3561 :
2521 3508 2684 3561 Nobis
2711 3523 2816 3560 non
2843 3513 2920 3560 est
2947 3507 3258 3560 colluctatio
3295 3509 3578 3564 adversus
3625 3528 3873 3568 carnem
3915 3523 3963 3568 et

2255 3603 2588 3667 sanguinem,
2631 3615 2726 3654 seu
2762 3615 3037 3653 ADVERSL’S
3083 3615 3374 3655 rnmcnrss
3432 3617 3500 3657 ET
3555 3619 3959 3662 roresrnss.

2257 3693 2369 3747 Sed
2389 3693 2572 3761 magis
2598 3693 2714 3744 vult.
2734 3695 3038 3745 ostendere
3062 3693 3218 3761 quod
3240 3692 3352 3762 ipsi
3369 3702 3822 3764 persecutores
3847 3701 3965 3754 dia-

2255 3786 2450 3839 bolum
2475 3785 2725 3837 habeant
2749 3789 3064 3851 auctorem,
3091 3787 3298 3838 contra
3326 3803 3515 3855 quem
3537 3805 3732 3846 arma
3763 3793 3959 3847 invisi-

2256 3879 2390 3932 bilia
2415 3877 2692 3931 sumenda
2713 3881 2864 3942 sunt,
2891 3880 2950 3930 ut
2969 3877 3092 3946 ipso
3119 3878 3362 3931 exsticto
3399 3880 3702 3937 homines
3737 3903 3868 3941 non
3893 3887 3960 3940 ti-

2261 3987 2534 4024 meamus.
2563 3971 2658 4023 Est
2683 3971 2840 4023 enim
2872 3970 3199 4024 colluctatio
3247 3971 3540 4026 adversus
3586 3993 3860 4033 carnem
3909 3987 3960 4033 et

2258 4063 2617 4133 sanguinem,
2638 4062 2868 4132 quando
2893 4062 3248 4132 concupiscit
3276 4080 3419 4118 caro
3457 4067 3772 4125 adversus
3789 4073 3958 4143 spiri-

2258 4161 2400 4209 tum.
2455 4156 2680 4210 Scilicet
2719 4172 2784 4209 ex
2831 4155 2938 4208 hoc
2976 4157 3244 4226 exemplo
3289 4159 3592 4228 colligere
3632 4180 3959 4233 possumus

2259 4248 2622 4319 quandoipsa
2639 4263 2769 4301 caro
2791 4248 3144 4318 concupiscit
3159 4247 3449 4304 adversus
3483 4255 3816 4325 spiritum,
3844 4276 3957 4313 non

2259 4341 2368 4395 nisi
2395 4341 2724 4394 instinctum
2745 4341 2983 4405 diaboli,
3011 4341 3290 4410 quoniam
3330 4360 3458 4398 non
3495 4352 3595 4400 est
3625 4351 3817 4405 nobis
3841 4353 3954 4407 col-

2256 4434 2510 4500 luctatio,
2544 4437 2650 4486 etc.
2684 4433 3011 4502 Peragratis
3044 4433 3201 4486 enim
3231 4435 3502 4505 legendo
3537 4443 3826 4498 seriebus
3857 4447 3961 4498 V’e-

547 4540 604 4588 to
631 4532 863 4587 Domine
890 4529 1078 4600 ponite
1122 4545 1280 4598 spem
1319 4532 1583 4588 vestram,
1617 4527 1736 4579 sine
1780 4543 1892 4596 quo
1936 4528 2156 4579 nullum
2176 4540 2236 4610 D
2261 4526 2393 4580 teris
2420 4544 2484 4580 ac
2515 4525 2651 4579 Novi
2681 4527 3049 4592 Testamenti,
3081 4543 3378 4597 nusquam
3407 4534 3702 4601 reperire.
3737 4539 3958 4608 poteris

547 4628 759 4681 bonum
791 4640 908 4677 esse
935 4627 1136 4692 potest,
1171 4624 1227 4674 et
1261 4637 1364 4690 per
1392 4637 1560 4690 quem
1591 4619 1781 4673 omnia
1810 4620 1954 4671 bona
1983 4619 2156 4688 largi-

546 4723 739 4787 untur,
791 4717 1009 4771 dicente
1050 4713 1251 4767 Iacobo
1275 4714 1525 4782 apostolo
1555 4728 1568 4766 :
1605 4712 1764 4766 Omne
1799 4713 1986 4766 datum
2017 4715 2157 4780 cpti-

546 4829 690 4868 mum
719 4812 784 4864 de
811 4823 1022 4864 sursum
1051 4810 1146 4860 est.
1179 4807 1393 4860 INDUITE
1431 4821 1534 4859 vos
1571 4820 1895 4860 ARMATL'RAM
1935 4805 2052 4873 DEI,
2094 4821 2159 4859 ur

549 4919 787 4961 POSSlTlS
843 4915 1008 4956 STARE
1043 4914 1316 4954 ADVERSUS
1373 4913 1604 4953 INSIDIAS
1661 4913 1894 4951 DIABOLI.
1941 4900 2020 4952 EX

547 4998 703 5058 enim
721 5011 848 5068 quae
877 4994 1023 5048 infra
1050 4993 1338 5063 leguntur,
1365 4996 1422 5045 et
1446 4991 1512 5044 iis
1531 5006 1657 5060 qua).
1676 4991 1767 5044 hic
1786 4990 1919 5044 dicit
1942 4993 2158 5060 aposto-

546 5097 632 5150 lus
670 5089 894 5156 Paulus,
933 5090 1114 5140 totum
1147 5085 1215 5138 de
1240 5084 1458 5139 Christo
1487 5083 1799 5153 intelligere
1839 5099 2154 5154 possumus.

546 5187 698 5242 Sicut
743 5182 894 5236 enim
928 5179 1217 5248 cingulum
1263 5176 1483 5242 veritas,
1517 5181 1573 5229 et
1601 5175 1768 5229 lorica
1803 5175 2023 5246 justitia
2051 5181 2153 5244 est,

546 5276 686 5349 quin
711 5273 946 5329 dubium
972 5270 1220 5325 Christus
1235 5273 1292 5323 et
1306 5269 1531 5333 veritas,
1561 5271 1618 5322 et
1635 5268 1856 5338 justitia
1880 5273 1988 5333 est;
2018 5284 2155 5338 ergo

546 5368 647 5442 qui
673 5365 962 5420 veritatem
1004 5365 1060 5416 et
1089 5361 1364 5431 justitiam
1388 5360 1621 5416 indutus
1646 5360 1835 5428 fuerit,
1866 5361 2149 5415 Christum

549 5460 780 5517 indutus
801 5456 908 5511 erit
929 5472 944 5522 ;
974 5470 1140 5526 quem
1160 5470 1384 5509 necesse
1405 5458 1488 5508 est
1507 5453 1686 5520 indui,
1709 5453 1807 5524 qui
1826 5458 2017 5506 contra
2045 5453 2158 5507 dia-

547 5554 742 5611 bolum
767 5548 886 5603 vult
902 5547 1185 5602 dimicare.
1213 5547 1470 5600 Diabolus
1491 5546 1643 5600 enim
1673 5562 1879 5600 nomen
1900 5547 2157 5600 Graecum

548 5652 651 5714 est,
696 5643 885 5699 Latine
914 5639 1238 5694 criminator
1271 5638 1475 5692 dicitur
1501 5653 1515 5692 :
1568 5638 1671 5692 iste
1698 5643 1783 5692 est
1805 5638 2153 5706 criminator,

547 5741 619 5797 de
673 5752 783 5810 quo
831 5734 894 5788 in
947 5729 1279 5802 Apocalypsi
1337 5729 1580 5800 legimus
1657 5730 1862 5784 dixisse
1939 5737 2155 5786 sanctos

548 5832 662 5898 Deo
687 5846 700 5886 :
731 5827 952 5888 Gratias
972 5823 1073 5878 tibi
1094 5824 1321 5890 animus,
1349 5823 1479 5889 quia
1494 5821 1756 5892 projch
1782 5827 1858 5879 est
1880 5829 2156 5881 accusator

2259 4619 2543 4689 principes
2581 4622 2638 4671 et
2674 4623 2987 4688 potestates
3037 4619 3343 4674 daemones
3396 4639 3535 4678 esse
3582 4627 3810 4696 dictos,
3855 4631 3960 4683 nisi

2259 4711 2508 4781 primum
2527 4711 2636 4764 hoc
2663 4711 2718 4764 in
2748 4712 2890 4765 loco.
2919 4712 3044 4775 Quo
3066 4712 3308 4766 nomine
3334 4716 3684 4785 Apostolus
3717 4722 3859 4778 ideo
3890 4723 3956 4777 ad

2239 4804 2530 4873 .Ephesios
2560 4803 2782 4874 scripsit
2830 4805 2901 4858 de
2946 4804 3329 4859 invisibilibus
3386 4816 3729 4882 creaturis,
3777 4818 3955 4870 multa

2258 4897 2367 4950 illis
2395 4897 2697 4950 ostendere
2723 4899 2940 4950 volens.
2971 4899 3040 4950 Et
3069 4897 3207 4968 quia
3236 4902 3620 4960 exercitatos
3653 4909 3955 4963 habebant

2258 5006 2455 5042 sensus
2486 4989 2559 5042 ad
2590 4989 2968 5058 intelligenda
2994 4990 3173 5044 etiam
3209 4993 3463 5061 occulta,
3506 4997 3666 5055 ideo
3703 5003 3780 5056 de
3815 5003 3950 5056 invi-

2257 5083 2512 5136 sibilibus
2541 5083 2817 5136 creaturis
2831 5082 3056 5136 diversa
3074 5083 3322 5138 nomina
3346 5087 3433 5139 eis
3456 5093 3789 5159 praedixit,
3813 5096 3952 5150 Dixit

2257 5175 2412 5228 enim
2453 5191 2465 5229 :
2506 5177 2623 5231 Non
2657 5180 2734 5230 est
2770 5177 2921 5230 nobis
2956 5177 3269 5231 colluctatio
3305 5180 3602 5240 adversus
3647 5204 3876 5243 carnem
3909 5193 3951 5241 et

2253 5269 2587 5337 sanguinem,
2624 5268 2720 5322 sed
2765 5267 3030 5322 adversus
3067 5271 3355 5339 principes
3392 5279 3449 5326 et
3472 5283 3835 5347 potestates,
3866 5297 3952 5337 Αυ-

2255 5375 2457 5416 vsasus
2488 5376 2658 5416 unum
2685 5376 2959 5417 ancroass
2991 5377 3354 5419 rsxssnsauu
3387 5381 3633 5426 manu.
3681 5376 3949 5446 Appellat

2255 5453 2411 5507 enim
2432 5453 2718 5524 principes
2735 5457 2794 5508 et
2819 5457 3137 5525 potestates
3159 5457 3374 5511 mundi
3403 5465 3726 5535 rectores,
3745 5469 3946 5524 daemo-

2257 5563 2358 5600 nes
2375 5546 2471 5616 qui
2497 5550 2630 5601 sunt
2656 5546 2928 5617 majores.
2957 5548 3071 5601 Sed
3095 5548 3344 5603 minoris
3367 5553 3622 5611 ordinis
3649 5559 3943 5616 daemones

2254 5643 2404 5693 sunt.
2425 5639 2832 5694 Sicutdicimus
2852 5639 2923 5694 de
2943 5641 3222 5710 angelicis
3247 5642 3679 5714 dignitatibus
3693 5657 3938 5727 angelos,

2253 5732 2649 5804 archangelos,
2680 5735 2916 5805 propter
2944 5733 3412 5794 diminutionem
3466 5743 3836 5816 minorum;
3877 5749 3942 5801 sic

2255 5825 2494 5880 dicimus
2519 5827 2811 5883 daemones
2835 5826 3197 5899 principatus
3214 5833 3274 5886 et
3298 5837 3686 5914 potestates,
3718 5847 3940 5918 prapter
