4022 6410
119 373 210 426 841

1383 383 1450 440 ΙΝ
1487 385 1630 440 CAP.
1673 385 1832 440 V'.—\D
1869 385 2208 443 EPHESIOS.

3383 403 3486 456 842

117 477 398 532 scelerum
431 479 740 538 malitiam.
763 485 983 548 Quanto
1005 487 1161 542 enim
1188 489 1508 545 callidiorcs
1533 499 1662 547 sunt
1687 494 1756 548 ad
1777 509 1835 580 Α
1857 494 2241 550 circalumbos
2261 512 2412 566 suos,
2437 513 2505 553 ne
2524 497 2679 554 ﬂuxu
2702 501 2931 556 seminis
2947 503 3318 574 pollueretur.
3342 508 3485 563 Hinc

117 570 476 626 suadendam
509 575 816 646 malitiam,
857 581 1016 634 tanto
1049 581 1288 652 majores
1316 600 1437 639 esse
1469 584 1750 642 videntur.

118 664 182 718 Ut
207 663 367 718 verbi
393 667 592 735 gratia
623 669 826 740 dicam,
859 673 997 727 mali
1025 678 1158 729 sunt
1186 675 1473 733 damones
1497 679 1593 750 qui
1620 695 1752 750 per-

115 760 418 826 petrantur
435 759 771 830 homicidia,
793 766 1020 836 pejores
1043 768 1140 839 qui
1168 768 1480 826 fratricidia
1511 776 1566 826 et
1579 774 1756 843 parri-

114 848 278 903 cidia.
307 848 403 904 Sic
435 851 508 906 de
543 853 835 925 adulteris,
880 859 950 913 de
994 859 1240 930 incestis,
1288 863 1356 918 de
1387 864 1590 935 quibus
1629 883 1754 937 pro-

113 940 284 1010 pheta
325 942 468 998 dicit
499 961 512 998 :
547 947 759 1016 Spiritu
803 952 1181 1018 fornicationis
1221 957 1429 1011 seducti
1466 963 1612 1014 sunt.
1645 961 1752 1014 Hos

116 1033 268 1088 enim
289 1037 559 1106 appellat
584 1039 871 1112 principes
899 1048 957 1098 et
983 1051 1300 1118 potestates,
1323 1049 1424 1104 hos
1447 1051 1648 1106 mundi
1668 1070 1750 1108 re-

114 1131 295 1182 ctores
323 1131 706 1187 tenebrarum
747 1135 976 1207 harum,
1011 1138 1114 1194 hos
1151 1143 1406 1197 nominat
1451 1159 1748 1202 seramus

114 1235 378 1282 NEQUITLE
400 1223 489 1292 [In
512 1226 665 1290 Cod,
697 1234 1000 1285 constanter
1026 1234 1298 1306 nequitia]
1319 1253 1371 1292 IN
1397 1252 1743 1294 CELESTIBUS.

113 1313 296 1368 Mundi
323 1319 587 1371 rectores
605 1318 895 1376 daemones
911 1325 1181 1396 appellat,
1202 1328 1353 1384 unde
1375 1333 1430 1383 et
1445 1332 1742 1386 Dominus:

113 1406 263 1460 Nunc
284 1409 556 1479 princeps
581 1414 775 1467 mundi
797 1415 1038 1483 ejicietur
1059 1421 1230 1486 foras.
1267 1422 1388 1492 Ipse
1416 1422 1526 1477 fuit
1566 1441 1742 1495 ange-

111 1497 194 1552 lus
225 1499 474 1570 primus,
509 1503 610 1574 qui
639 1510 871 1576 propter
903 1511 1224 1580 superbiam
1255 1515 1453 1570 cecidit
1485 1517 1554 1571 de
1581 1519 1740 1573 coelo.

112 1591 294 1660 Ipsum
316 1591 678 1666 improperat
699 1597 890 1654 dicens
913 1619 926 1655 :
957 1603 1224 1668 Quomodo
1242 1608 1480 1663 cecidisti
1503 1611 1570 1664 de
1591 1613 1743 1674 calo,

113 1682 322 1750 lucifer,
353 1689 456 1755 qui
473 1689 740 1744 oriebaris
756 1708 915 1748 mane
937 1697 965 1748 ?
995 1700 1268 1762 corruisti,
1295 1703 1391 1768 qui
1414 1703 1740 1758 vulnerabas

108 1781 284 1844 gentes
308 1781 338 1832 ?
369 1779 497 1849 Ipse
542 1785 629 1836 est
656 1786 892 1855 angelus
936 1789 1321 1858 tenebrarum,
1367 1793 1436 1848 de
1474 1811 1585 1865 quo
1605 1796 1741 1851 dicit

1855 587 2119 643 Salomon
2148 589 2289 644 dixit
2319 607 2332 644 :
2369 593 2496 646 Tria
2545 598 2674 648 sunt
2702 611 2824 664 quae
2855 597 2978 652 bene
3027 598 3385 664 gradiuntur,
3431 607 3480 656 et

1853 686 2110 750 quartum
2139 685 2340 738 incedit
2375 686 2646 752 feliciter;
2679 689 2756 742 leo
2769 692 3101 756 fortissimus
3134 691 3422 748 bestiarum
3447 713 3482 748 a

1852 775 2058 830 nullius
2081 778 2304 846 pavebit
2329 794 2548 833 occursu
2573 798 2591 846 ;
2624 781 2802 848 gallus
2833 785 3130 839 succinctus
3157 785 3352 840 lumbis
3383 793 3479 854 ;et

1853 870 2016 931 aries,
2062 885 2158 924 nec
2199 875 2276 925 est
2323 888 2420 926 reae
2455 875 2550 942 qui
2595 876 2812 928 resistat
2849 878 2916 930 ei.
2949 875 3134 932 Gallus
3163 879 3478 934 succinctus

1849 959 2094 1030 lumbos,
2117 967 2337 1018 sanctos
2359 963 2634 1036 signiﬁcat
2656 967 3069 1038 praedicatores,
3100 970 3196 1041 qui
3213 970 3276 1024 in
3302 987 3476 1026 mem-

1849 1051 1966 1106 bris
1992 1053 2211 1109 ﬂuxum
2238 1057 2474 1112 luxuria:
2495 1058 2866 1130 restringunt.
2894 1063 3073 1116 Estote
3101 1079 3226 1132 ergo
3254 1067 3478 1119 succinti

1851 1146 2056 1201 lumbos
2090 1153 2298 1220 vestros
2327 1153 2384 1204 in
2410 1144 2652 1216 veritate,
2685 1152 2741 1206 id
2773 1157 2857 1208 est
2885 1155 3134 1210 castitate
3163 1157 3372 1212 muniti
3399 1175 3470 1212 ne

1846 1239 1917 1293 ab
1941 1240 2194 1296 hostibus
2221 1243 2508 1298 corruatis.

1918 1334 1993 1388 ET
2014 1349 2258 1390 CALCIATI
2280 1352 2444 1391 PEDES
2467 1353 2522 1390 ΙΝ
2551 1352 2971 1396 ΡΒᾸΞΡΑΒΛΤΙΟΝΕ
2996 1356 3277 1396 EVANGELII
3297 1359 3470 1400 PACIS.

1845 1424 1998 1480 Sicut
2025 1425 2179 1482 enim
2210 1431 2341 1482 sunt
2385 1428 2666 1484 exteriora
2693 1431 2968 1501 membra,
3007 1449 3208 1488 manus
3237 1433 3468 1506 scilicet,

1843 1518 2009 1588 oculi,
2054 1519 2300 1588 auditus,
2345 1522 2601 1592 olfactus,
2636 1525 2692 1578 et
2722 1527 2923 1594 tactus,
2956 1523 3033 1579 sic
3077 1531 3208 1581 sunt
3235 1533 3292 1582 et
3316 1528 3464 1585 inte-

1840 1610 2011 1666 riora.
2052 1612 2119 1666 Et
2144 1617 2276 1667 nota
2301 1613 2436 1684 quia
2483 1615 2715 1685 quidem
2755 1616 3023 1672 virtutem
3069 1619 3273 1674 anima:
3303 1621 3462 1690 dixit,

1839 1703 2010 1774 pedes
2037 1721 2178 1772 esse,
2200 1705 2330 1776 quia
2349 1707 2659 1762 exteriores
2675 1709 2846 1780 pedes
2865 1709 2973 1762 nisi
2992 1711 3205 1766 calciati
3228 1713 3460 1783 fuerint,

1839 1795 2133 1850 offendunt
2169 1797 2228 1851 in
2263 1798 2508 1868 lapidem
2549 1816 2648 1855 seu
2691 1806 2930 1872 sentem,
2966 1807 3021 1857 et
3063 1805 3310 1874 expediti
3353 1805 3463 1862 iter

110 1868 304 1923 Paulus
333 1887 348 1924 :
381 1873 491 1939 Qui
517 1889 638 1929 cum
665 1879 738 1931 sit
757 1881 984 1945 angelus
1015 1884 1372 1949 tenebrarum,
1395 1889 1668 1954 ﬁgurabat
1685 1905 1739 1944 se
1759 1869 1814 1940 B
1839 1904 2067 1958 carpere
2099 1905 2212 1944 non
2241 1897 2494 1961 possunt.
2529 1893 2614 1947 Sic
2658 1894 2830 1964 pedes
2873 1894 3076 1949 animae
3119 1900 3326 1952 nostra:
3351 1899 3460 1953 nisi
3520 1915 3522 1917 '

107 1962 162 2013 in
184 1964 439 2032 angelum
473 1967 634 2022 lucis.
663 1969 757 2024 Est
776 1973 974 2026 mundi
1006 1979 1208 2045 rector,
1241 1979 1498 2033 omnium
1525 1981 1740 2036 scilicet

110 2057 431 2111 amatorum
483 2060 706 2131 mundi,
750 2063 848 2132 qui
889 2067 1164 2122 mundum
1205 2069 1471 2142 diligunt.
1524 2075 1734 2129 Horum

108 2146 253 2202 enim
280 2154 491 2220 rector,
511 2156 572 2206 et
595 2170 776 2208 sessor
803 2157 1033 2226 pariter,
1063 2165 1118 2214 et
1143 2161 1400 2218 diabolus
1421 2169 1523 2235 est,
1546 2171 1601 2220 et
1621 2184 1736 2222 om-

111 2255 207 2293 nes
232 2246 565 2310 peccatores
585 2248 833 2302 tenebrae
859 2250 1154 2321 aliquoties
1177 2259 1492 2327 mutantur,
1517 2264 1573 2313 et
1591 2259 1735 2315 ﬁunt

109 2329 213 2398 lux,
241 2333 386 2388 sicut
413 2335 624 2392 dicitur
651 2339 720 2393 de
743 2341 854 2395 illis
881 2358 894 2395 :
929 2345 1127 2399 Fuistis
1154 2348 1452 2416 aliquando
1483 2353 1730 2416 tenebrae,

109 2439 241 2479 nunc
255 2431 439 2482 autem
453 2429 556 2484 lum
572 2433 794 2487 Domino
807 2453 824 2488 :
844 2451 1086 2506 quorum
1104 2442 1284 2493 rector
1297 2441 1537 2496 efficitur
1550 2444 1732 2498 Chris-

107 2522 209 2584 tus,
239 2524 294 2572 et
322 2519 534 2576 dicitur
561 2523 630 2578 de
656 2523 762 2579 illis
793 2542 805 2580 :
855 2527 1170 2600 Quicunque
1197 2535 1396 2601 spiritu
1429 2538 1532 2590 Dei
1555 2553 1724 2606 agun-

106 2612 208 2672 tur,
238 2612 282 2664 ii
301 2613 412 2680 ﬁlii
431 2621 566 2670 sunt
592 2619 705 2672 Dei.
738 2620 942 2676 Contra
969 2624 1248 2691 spiritalia
1271 2629 1524 2696 nequitiac
1550 2631 1608 2683 in
1635 2647 1728 2684 caeo

107 2700 338 2759 lestibus.
369 2705 662 2777 Spiritalia
689 2712 844 2766 enim
863 2714 1132 2785 nequitias
1154 2717 1279 2786 fuit,
1307 2719 1632 2790 quihabitat
1667 2722 1724 2776 in

104 2793 431 2854 coelestibus.
463 2801 811 2874 Quanquam
835 2806 1155 2864 amisissent
1198 2810 1639 2885 beatitudinem,
1672 2819 1728 2870 et

103 2889 470 2956 perdidissent
491 2893 825 2966 claritatem,
851 2915 966 2954 non
993 2901 1309 2958 amiserunt
1333 2905 1722 2976 subtilitatem,

105 2983 156 3031 et
179 2979 300 3036 ideo
324 2983 462 3038 dicit
486 2987 551 3040 in
567 2989 883 3054 coelestibus,
911 2992 1044 3062 quia
1063 2993 1122 3048 in
1137 2997 1452 3052 caelestibus
1474 3004 1625 3068 sunt,
1657 3001 1726 3056 de

105 3072 296 3140 quibus
343 3076 403 3130 in
445 3079 756 3152 Evangelio
802 3085 1074 3140 Dominus
1101 3087 1234 3144 dicit
1265 3105 1278 3142 :
1317 3091 1570 3147 Volucres
1609 3095 1726 3148 cain

103 3167 433 3225 comederunt
456 3173 626 3227 illud.
655 3175 778 3229 Non
803 3176 928 3231 dico
955 3179 1162 3234 coelum
1185 3181 1516 3252 aethereum,
1546 3187 1635 3239 vel
1655 3186 1724 3239 si-

617 3226 622 3227 ,
657 3226 672 3227 γ
691 3226 696 3228 .
715 3226 777 3229 ,_
810 3226 922 3231 μ---
960 3226 1162 3234 Μ---
1186 3226 1516 3252 ..-..--.......,
1557 3226 1635 3239 ,νι
1655 3226 1700 3239 ...

103 3255 346 3335 dereum,
361 3263 460 3318 sed
477 3279 740 3335 aereum,
756 3269 1034 3340 quidquid
1051 3289 1177 3328 aves
1193 3274 1318 3328 coeli
1334 3276 1588 3332 volitant.
1607 3279 1723 3333 Coe-
1742 3226 1797 3298 Ο

98 3346 209 3404 lum
237 3351 363 3422 hoc,
394 3357 551 3427 quod
575 3356 724 3414 inter
757 3361 964 3416 coelum
989 3369 1046 3419 et
1087 3369 1302 3421 terram
1339 3374 1420 3422 est
1442 3369 1718 3441 medium,

101 3442 326 3512 spiritali
349 3449 610 3521 nequitia
638 3453 873 3522 plenum
902 3472 1023 3511 esse
1049 3457 1274 3515 dicitur.
1305 3462 1370 3516 Et
1398 3461 1526 3517 ideo
1553 3463 1716 3534 spiri-

101 3534 221 3589 talia
246 3541 516 3612 nequitiaa
553 3559 827 3615 superare
854 3565 958 3618 pro
992 3551 1328 3620 coelestibus,
1357 3554 1589 3626 scilicet,
1631 3557 1714 3611 di-

102 3627 298 3686 micare
317 3633 622 3706 debemus,
655 3639 788 3708 quia
806 3656 1032 3708 regnum
1060 3645 1311 3700 ccelorum
1337 3650 1448 3702 vim
1473 3651 1712 3718 patitur.

163 3721 480 3786 PROPTBREA
509 3744 758 3786 ACCIPITE
780 3749 1110 3793 ARMATURAM
1135 3753 1242 3808 DEI,
1275 3754 1342 3794 UT
1369 3755 1609 3798 POSSITIS
1628 3759 1716 3798 BE-

104 3826 306 3872 SISTEBB
345 3836 400 3877 1N
436 3838 532 3881 DIE
572 3838 738 3892 ωο,
765 3841 828 3882 ΕΤ
863 3843 918 3886 IN
953 3843 1188 3886 OMNIBUS
1229 3847 1485 3888 PERFECTI
1525 3849 1710 3892 STARE.

100 3905 388 3978 Propterea
425 3915 562 3986 quia
601 3933 718 3972 non
743 3919 898 3974 vobis
923 3921 1240 3978 colluctatio
1272 3925 1542 3982 adversus
1583 3945 1710 3984 car-

103 4013 227 4054 nem
253 4008 308 4058 et
342 4008 700 4079 sanguinem,
730 4015 950 4083 accipite
979 4022 1320 4073 armaturam
1346 4021 1461 4088 Dei,
1497 4037 1626 4092 quas
1651 4021 1710 4076 in

98 4090 556 4166 subsequentibus
596 4106 881 4173 apostolus
928 4108 1132 4164 Paulus
1184 4090 1548 4168 enumeratus
1601 4120 1704 4172 est.

102 4182 162 4237 Ut
179 4192 394 4254 possitis
419 4195 665 4250 resistere
694 4199 755 4251 in
789 4199 878 4254 die
904 4201 1068 4256 malo.
1111 4202 1272 4258 Diem
1306 4206 1522 4260 malum
1570 4208 1708 4266 dicit

95 4289 326 4343 praesens
349 4287 599 4358 tempus,
621 4288 690 4343 de
715 4306 827 4361 quo
855 4309 1023 4364 supra
1051 4295 1266 4352 dictum
1285 4301 1402 4354 est:
1425 4301 1704 4357 Redimen-

191 4376 410 4466 tempus,
442 4383 702 4450 quoniam
737 4383 850 4440 dies
875 4388 1011 4441 mali
1037 4393 1187 4445 sunt.
1213 4392 1326 4446 Aut
1371 4392 1522 4448 diem
1543 4395 1700 4466 judi-

1833 1980 2046 2035 fuerint
2065 1983 2279 2038 calciati
2303 2000 2370 2038 ex
2401 1985 2569 2039 coriis
2595 1990 2954 2041 mortuorum
2983 1988 3338 2058 animalium,
3366 2008 3462 2045 an-

1833 2073 2126 2144 tiquorum
2168 2077 2377 2132 scilicet
2421 2081 2684 2150 exemplo
2746 2084 2973 2150 patrum
3021 2082 3262 2149 muniti,
3308 2088 3460 2138 recte

1795 2225 1812 2232 _
1834 2166 2046 2238 absque
2083 2168 2416 2224 offendiculo
2459 2170 2518 2225 in
2546 2171 2635 2225 via
2664 2173 3064 2228 mandatorum
3089 2174 3187 2228 Dei
3233 2191 3462 2230 currere

1831 2275 1947 2314 non
1970 2261 2176 2316 valent.
2204 2263 2372 2316 Recte
2401 2263 2536 2318 dicit
2571 2265 2854 2334 Evangelii
2872 2269 3052 2334 pacis,
3081 2267 3150 2321 de
3180 2284 3293 2338 quo
3323 2269 3456 2323 alibi

1831 2351 2120 2422 Scriptura
2139 2371 2152 2407 ε
2173 2355 2344 2420 Quam
2358 2359 2584 2424 speciosi
2603 2358 2768 2426 pedes
2784 2361 3272 2426 evangelizantium
3288 2357 3460 2417 bona!
3510 2411 3515 2422 .

1829 2445 2021 2498 Induti
2050 2446 2268 2500 loricam
2283 2447 2531 2516 justitiar.
2564 2449 2753 2502 Lorica
2779 2451 2932 2505 enim
2957 2467 3021 2504 ex
3051 2453 3244 2506 multis
3269 2453 3456 2523 virgu-

1831 2537 1896 2590 lis
1923 2537 2151 2606 texitur,
2181 2539 2257 2592 sic
2299 2539 2468 2594 homo
2503 2541 2698 2594 multis
2725 2541 3027 2596 virtutibus
3070 2544 3264 2610 fultus,
3307 2546 3450 2601 inte-

1828 2629 1945 2684 rius
1973 2631 2205 2685 loricam
2225 2632 2459 2701 justitim
2488 2633 2740 2699 indutus,
2771 2635 2840 2688 ab
2873 2636 3028 2688 omni
3069 2637 3184 2690 zelo
3237 2636 3450 2692 inimici

1827 2723 1935 2777 erit
1960 2723 2187 2778 illaesus.
2221 2725 2278 2779 IN
2309 2740 2544 2781 OMNIBUS
2568 2741 2840 2782 summes
2872 2743 3081 2784 scuram
3107 2745 3266 2784 FIDEI.
3301 2731 3455 2786 Sicut

1827 2817 2085 2886 superius
2106 2819 2295 2872 texere
2323 2819 2596 2889 coepimus
2617 2820 2684 2873 de
2713 2820 2903 2888 armis,
2931 2821 3008 2876 sic
3033 2838 3184 2876 nunc
3203 2823 3270 2878 de
3293 2829 3450 2878 scuto

1825 2907 2035 2978 aliquid
2068 2909 2370 2964 dicendum
2399 2915 2500 2964 est.
2539 2912 2592 2967 Si
2639 2913 2766 2982 quis
2801 2913 2954 2968 enim
2997 2914 3168 2969 homo
3214 2915 3447 2985 cinctus,

1823 3000 2055 3055 indutus
2098 3002 2270 3056 lorica
2314 3003 2504 3071 fuerit,
2545 3009 2602 3058 et
2641 3005 2898 3060 calciatos
2947 3007 3216 3062 habuerit
3251 3008 3447 3079 pedes,

1823 3109 2067 3164 pergens
2104 3095 2162 3149 in
2205 3095 2501 3150 inimicum
2553 3113 2742 3164 suum,
2781 3114 2896 3152 non
2943 3099 3160 3154 habens
3203 3106 3447 3168 scutum,

1822 3187 2146 3242 vulneratus
2174 3204 2208 3241 a
2225 3188 2430 3242 lanceis
2455 3205 2556 3242 seu
2582 3189 2820 3259 sagittis,
2845 3191 2904 3244 in
2933 3191 3299 3247 similitudine
3331 3210 3448 3248 cer-

1821 3277 1874 3332 vi
1903 3279 2114 3334 corruit
2141 3297 2152 3347 ;
2185 3281 2231 3334 si
2259 3285 2452 3335 autem
2477 3287 2700 3336 scutum
2730 3281 3009 3352 habuerit,
3029 3285 3225 3354 jacula
3251 3285 3444 3341 inimi-

1821 3372 1874 3426 ci
1890 3372 2003 3426 huc
2023 3376 2079 3426 et
2091 3372 2222 3426 illuc
2247 3373 2521 3443 projicere
2540 3373 2760 3428 valebit.
2786 3375 3125 3444 Spiritaliter
3138 3381 3331 3432 autem
3344 3395 3447 3449 per

1819 3469 2039 3518 scutum
2089 3465 2261 3519 fidem
2312 3465 2625 3536 intelligere
2676 3482 3004 3536 possumus,
3061 3483 3235 3538 quam
3280 3470 3443 3526 miles

1797 3557 2022 3612 .Christi
2061 3558 2288 3629 plenam
2327 3557 2534 3612 habere
2562 3557 2771 3613 debet:
2808 3575 2984 3630 quam
3029 3561 3128 3630 qui
3154 3559 3439 3631 habuerit,

1815 3650 2041 3705 hostem
2061 3667 2248 3717 suum,
2271 3650 2328 3704 id
2350 3655 2434 3706 est
2448 3650 2755 3720 diabolum,
2776 3649 3104 3706 interimere
3129 3653 3356 3724 poterit,
3377 3655 3438 3710 in

1816 3747 2035 3798 tantum
2061 3748 2124 3798 ut
2162 3743 2221 3796 in
2247 3759 2406 3797 mare
2433 3748 2759 3813 mergatur;
2790 3743 2932 3797 sicut
2959 3745 3232 3800 Dominus
3257 3746 3393 3802 dicit
3417 3765 3430 3802 :

1813 3837 1875 3891 Si
1903 3836 2200 3891 habueritis
2223 3838 2382 3906 ﬁdem
2408 3841 2470 3890 ut
2497 3851 2726 3904 granum
2759 3839 2988 3906 sinapis,
3023 3837 3268 3893 diceretis
3309 3840 3436 3896 huic

1811 3928 1981 3980 monti
2005 3928 2238 3980 transire
2261 3928 2319 3978 in
2337 3939 2504 3987 mare,
2524 3924 2759 3978 obediret
2779 3925 2945 3979 vobis.
2977 3925 3033 3982 IN
3061 3941 3169 3988 QUO
3196 3941 3435 3984 rossms

1811 4034 1981 4074 OMNIA
2007 4035 2137 4074 rem
2176 4032 2500 4080 NEQUISSlMA
2528 4033 2688 4083 IGNEA
2724 4033 3107 4074 sxsrmousne.
3153 4019 3284 4074 Tela
3309 4020 3429 4075 dia-

1807 4108 1925 4162 boli
1947 4108 2123 4178 ipsius
2138 4106 2334 4177 jacula
2361 4105 2736 4176 intelligenda
2760 4109 2912 4176 sunt,
2946 4107 3088 4162 sicut
3111 4113 3196 4163 est
3223 4107 3428 4179 gastri-

1805 4200 2048 4272 margia,
2081 4199 2342 4265 ebrietas,
2398 4197 2853 4267 comessationes,
2921 4199 3222 4268 adulteria,
3255 4207 3312 4256 et
3346 4201 3435 4257 his

1805 4294 2036 4348 similia.
2067 4295 2134 4348 Et
2160 4293 2304 4348 bene
2331 4292 2473 4347 dixit
2498 4295 2676 4361 ignea,
2698 4292 2976 4363 quoniam
2995 4293 3180 4364 igneae
3201 4298 3334 4348 sunt
3348 4313 3431 4350 sa-

1803 4388 1962 4458 gittae
1989 4386 2218 4441 diaboli.
2246 4387 2372 4440 Haec
2399 4385 2551 4440 enim
2571 4384 2762 4438 omnia
2782 4402 2883 4455 per
2908 4386 3264 4456 charitatem,
3297 4403 3426 4458 quae

91 4459 172 4528 cii,
202 4463 268 4520 de
298 4485 411 4539 quo
438 4474 723 4544 propheta
749 4475 855 4532 ait:
883 4481 1008 4534 Dies
1033 4482 1134 4537 illa
1161 4483 1274 4538 dies
1291 4487 1406 4540 im,
1443 4489 1510 4542 Ut
1533 4459 1594 4542 έη
1614 4489 1702 4544 die
1799 4487 1883 4537 est
1908 4481 2056 4552 pacis
2082 4479 2296 4534 fcedera
2314 4495 2610 4550 possumus
2629 4477 3012 4548 exstinguere,
3031 4483 3086 4534 et
3106 4495 3317 4535 GALEAM
3339 4497 3426 4536 SA-

89 4555 219 4610 malo
243 4565 487 4622 resistere
503 4570 746 4636 possitis,
774 4574 1000 4643 accipite
1023 4581 1362 4633 armaturam
1388 4581 1502 4644 Dei,
1537 4581 1593 4636 id
1615 4587 1698 4638 est
1715 4586 1775 4658 D
1796 4590 1948 4630 LUTIS
1974 4588 2278 4628 assumere.
2306 4572 2458 4626 Sicut
2484 4571 2636 4624 enim
2659 4587 2763 4640 per
2803 4575 3023 4626 scutum
3060 4571 3231 4626 ﬁdem
3259 4571 3426 4628 intel-

87 4649 436 4722 accingimini
476 4675 573 4714 vos
617 4663 920 4720 Dominum
961 4668 1152 4723 Jesum
1193 4670 1498 4728 Christum,
1543 4666 1608 4729 Et
1634 4675 1696 4730 in
1715 4649 1767 4658 -
1795 4669 2055 4737 leximus,
2084 4667 2220 4738 quid
2246 4681 2347 4736 per
2373 4665 2594 4735 galeam
2624 4663 2732 4716 nisi
2763 4680 2920 4734 spem
2955 4663 3270 4736 intelligere
3296 4683 3420 4736 pos-

89 4743 334 4802 omnibus
368 4753 604 4823 perfecti
639 4760 807 4812 stare.
853 4758 1073 4816 Scilicet
1093 4779 1196 4833 per
1225 4781 1380 4820 arma
1397 4767 1637 4836 justiciae
1659 4786 1695 4824 a
1794 4763 2024 4818 sumus?
2053 4761 2216 4814 Galea
2245 4758 2396 4812 enim
2421 4758 2482 4812 in
2511 4757 2690 4828 capite
2715 4757 2968 4827 ponitur,
2992 4773 3064 4812 ne
3090 4758 3160 4811 ab
3185 4757 3414 4815 inimico

89 4831 278 4893 dextris
316 4849 365 4899 et
388 4862 423 4901 α
444 4850 702 4905 sinistris.
740 4853 952 4909 Esrom
988 4831 1128 4912 mal)
1156 4831 1436 4916 summa}
1477 4877 1692 4920 ιωωοε
1793 4857 2047 4912 feriatur.
2069 4854 2160 4910 Sic
2181 4852 2506 4924 spiritaliter
2533 4851 2694 4922 galea
2713 4855 2922 4920 nostra,
2941 4849 3002 4904 id
3017 4855 3100 4905 est
3114 4867 3212 4922 spe
3227 4854 3412 4923 tirma,

90 4937 308 4988 vesmos
333 4952 385 4994 IN
411 4956 691 5015 ventura,
720 4961 784 5001 nr
803 4962 986 5003 morm
1015 4963 1253 5008 LORICAH
1271 4968 1542 5010 insumus.
1569 4957 1691 5011 1am
1791 4954 1962 5022 caput
1984 4952 2262 5014 nostrum,
2291 4945 2440 5016 quod
2466 4949 2550 4999 est
2583 4943 2894 5015 principale
2932 4944 3160 5013 mentis,
3187 4945 3414 5000 munire

89 5019 228 5077 enim
255 5025 450 5102 incipit
486 5050 770 5107 exponere
801 5056 930 5111 qua:
956 5041 1029 5096 sit
1053 5048 1343 5101 armatura
1367 5047 1485 5116 Dei,
1515 5065 1690 5121 quam
1791 5043 2096 5112 debemus,
2115 5057 2186 5096 ne
2215 5039 2284 5094 ab
2310 5037 2560 5104 inimico,
2583 5037 2642 5091 id
2667 5040 2751 5092 est
2777 5035 3018 5107 diabolo,
3041 5035 3338 5092 feriamur.

88 5118 326 5183 Superius
351 5123 512 5182 indui
534 5129 802 5200 jusserat.
843 5135 910 5189 Et
929 5152 1107 5207 quem
1144 5139 1320 5194 alium
1349 5118 1552 5198 debuit
1571 5145 1685 5214 pri-

1861 5140 1934 5194 ΕΤ
1976 5150 2210 5192 smmum
2248 5147 2510 5198 srmrrvs,
2542 5147 2683 5194 QUOD
2734 5145 2828 5184 esr
2870 5145 3087 5186 VERBUM
3129 5147 3238 5186 DEI.
3287 5133 3413 5188 Jam

1787 5232 1941 5288 enim
1984 5229 2214 5285 dederat
2256 5226 2570 5297 cingulum,
2614 5222 2859 5282 dederat.
2887 5223 3147 5292 loricam,
3176 5225 3414 5280 dederat

1785 5325 2239 5390 calciamentum,
2271 5319 2502 5374 dederat
2524 5322 2766 5388 scutum,
2783 5317 2883 5372 sed
2907 5317 3153 5372 necdum
3176 5317 3412 5375 dederat

1787 5419 2060 5491 gladium.
2087 5418 2157 5471 Et
2181 5414 2316 5485 quid
2335 5413 2559 5484 prodest
2601 5413 2830 5476 homini,
2859 5413 2911 5466 si
2954 5415 3122 5466 totum
3147 5412 3412 5468 mundum

1711 5507 1726 5516 ’
1786 5513 2067 5567 lucretur?
2085 5510 2133 5564 si
2160 5509 2318 5563 omni
2345 5509 2652 5574 armatura,
2685 5521 2814 5577 quae
2833 5503 3094 5576 superius
3119 5521 3411 5561 enumera-

1783 5608 1894 5672 tur,
1929 5605 2156 5659 indutus
2185 5603 2274 5671 sit,
2316 5605 2373 5656 et
2424 5599 2678 5672 gladium
2715 5599 2776 5653 in
2810 5613 2985 5652 manu
3029 5614 3136 5654 non
3174 5597 3409 5652 teneat?

1783 5699 1944 5754 Certe
1967 5711 2296 5768 quanquam
2316 5695 2437 5765 ejus
2456 5694 2566 5748 tela
2585 5693 2758 5764 possit
2783 5692 2981 5762 vitare,
3012 5691 3199 5763 ipsum
3219 5689 3407 5742 inimi-

1781 5808 1911 5847 cum
1931 5806 2049 5845 non
2079 5788 2283 5860 poterit
2307 5787 2643 5841 interficere.
2674 5787 2739 5840 Et
2768 5785 2814 5839 si
2841 5783 3102 5838 habuerit
3130 5781 3400 5852 gladium,

1781 5887 1850 5941 ab
1877 5887 1998 5956 ejus
2021 5883 2222 5953 jaculis
2251 5877 2376 5935 non
2391 5879 2648 5948 ferietur,
2671 5883 2727 5932 et
2755 5879 2941 5948 ipsum
2968 5874 3284 5931 interiiciet.
3317 5872 3404 5927 Sic

3009 5975 3086 6034 27

86 5215 231 5304 Iulum
255 5229 459 5284 ponere
475 5221 538 5277 in
553 5228 844 5281 armatura
867 5228 986 5297 Dei,
1005 5245 1177 5301 quam
1202 5232 1497 5304 cingulum
1516 5237 1544 5290 ‘l
1558 5238 1688 5292 Ver-

83 5291 133 5348 bi
157 5305 388 5369 gratiam
412 5313 613 5384 dicam,
634 5317 696 5372 in
717 5320 844 5390 quis
857 5291 1220 5394 benigerator
1247 5291 1442 5382 cobtra
1460 5291 1684 5386 hostem

83 5402 326 5470 Pergens,
364 5420 588 5464 necesse
636 5411 807 5468 habet
850 5414 1164 5487 cingulum,
1205 5436 1276 5474 ne
1319 5421 1477 5475 ﬂuxa
1510 5423 1681 5477 vesti-

83 5491 259 5585 lnfmta
297 5493 702 5569 impedimento
744 5505 900 5574 ﬁant,
935 5511 994 5562 et
1029 5514 1254 5564 corruat
1289 5513 1350 5566 in
1381 5521 1683 5585 conspectu

83 5575 281 5639 inimici
299 5591 415 5662 sui;
437 5593 515 5648 sic
539 5595 814 5654 nimirum
832 5616 1061 5657 necesse
1087 5608 1190 5673 est,
1221 5608 1287 5658 ut
1310 5605 1489 5661 lumbi
1513 5609 1681 5663 vestri

82 5673 349 5769 praecincti
373 5685 486 5741 sint
505 5688 566 5744 in
589 5693 860 5762 castitate,
891 5695 959 5750 de
985 5712 1099 5767 quo
1127 5696 1188 5752 in
1229 5699 1529 5769 Evangelia
1569 5702 1676 5756 Do-

84 5760 287 5862 minum
303 5774 502 5837 dixisse
519 5785 658 5853 puto
681 5801 694 5839 :
717 5760 1027 5843 Sint-lumbi
1049 5794 1212 5846 vestri
1223 5760 1518 5862 praecincti.
1539 5794 1678 5850 Hinc

83 5859 157 5909 θδῐ
181 5863 324 5920 enim
365 5875 515 5944 quod
557 5877 802 5934 Joannes
843 5897 1044 5936 zonam
1093 5859 1373 5954 pelliciam
1415 5886 1678 5958 cingebat

384 5967 656 6037 Puncta
703 5973 937 6042 LXXII.
