4022 6434
516 403 620 457 843

1990 373 2384 443 LUCULENTH

3826 369 3940 427 844

523 506 711 562 omnia
729 502 1050 574 spiritaliter
1071 497 1433 568 intelligenda
1453 503 1582 551 sunt
1602 515 1618 566 ;
1651 497 1870 550 castitas
1899 493 2129 562 scilicet,
2153 505 2212 576 Α
2235 495 2342 547 Hoc
2374 491 2580 546 Paulus
2620 487 2801 558 aperit
2839 502 2970 540 cum
3014 485 3151 539 dicit
3185 501 3198 538 :
3231 487 3304 540 Et
3345 483 3618 552 gladium
3674 480 3942 550 spiritus

513 599 753 667 justitia,
793 594 1056 660 Charitas,
1104 591 1423 661 evangelica
1465 589 1738 657 doctrina,
1770 589 1925 654 ﬁdes,
1959 592 2129 656 atque

521 710 665 764 spes.
696 694 822 745 Haec
849 690 1037 744 omnia
1067 689 1163 758 qui
1189 686 1468 748 habuerit,
1500 703 1532 739 a
1558 688 1708 739 czede
1735 683 1946 737 inimici
1977 689 2130 736 tutus

520 783 772 838 manebit
801 800 814 848 ;
849 788 903 836 et
931 781 976 834 si
1030 781 1279 851 gladium
1323 779 1599 846 habuerit,
1631 778 1814 847 ipsum
1846 779 2130 846 prostrare

518 875 764 948 potuerit
800 893 814 942 ;
845 875 1001 926 illum
1050 873 1318 926 nimirum
1349 871 1616 940 gladium,
1649 887 1817 940 quem
1865 869 2132 922 Dominus

520 969 673 1022 venit
695 966 990 1022 mitterein
1013 966 1311 1031 mundum,
1331 964 1397 1016 de
1417 981 1528 1033 quo
1547 962 1663 1032 ipse
1693 963 1825 1015 dicit
1847 979 1858 1014 :
1882 963 2134 1017 Nonreni

514 1078 702 1132 pacem
734 1063 962 1121 mittere,
989 1059 1082 1112 sed
1102 1059 1380 1124 gladium;
1413 1071 1585 1125 quem
1613 1071 1836 1124 semper
1881 1054 2054 1106 sancti
2078 1052 2132 1105 in

520 1171 694 1208 manu
719 1157 930 1217 tenent,
959 1151 1058 1221 qui
1088 1149 1292 1220 plurali
1335 1164 1573 1202 numero
1605 1147 1755 1217 apud
1786 1147 2135 1200 Psalmistam

523 1247 758 1315 scriptus
788 1250 872 1298 est
903 1260 916 1296 ε
950 1247 1020 1298 Et
1061 1243 1236 1309 gladii
1265 1244 1526 1310 ancipites
1557 1243 1612 1293 in
1654 1241 1902 1292 manibus
1937 1255 2132 1293 eorum.

2228 587 2371 657 quod
2400 589 2475 638 est
2515 583 2734 637 verbum
2780 583 2892 634 Dei.
2944 579 3140 634 Sermo
3172 577 3327 632 enim
3371 575 3474 628 Dei
3523 578 3761 628 acutus
3801 576 3938 638 est;

2228 681 2345 748 ipse
2377 677 2532 729 enim
2553 679 2636 728 est
2664 673 2900 744 gladius,
2927 671 2994 724 de
3023 689 3135 740 quo
3160 669 3315 724 idem
3345 668 3567 722 Paulus
3605 665 3773 719 alibi
3798 664 3946 717 scri-

2227 771 2352 824 bit:
2394 771 2559 822 Vivus
2611 767 2783 827 (σοίῆ,
2810 766 2976 830 unus)
3013 769 3088 818 est
3114 766 3256 817 enim
3283 777 3465 816 sermo
3501 761 3606 814 Dei
3639 764 3696 812 et
3731 759 3943 826 efﬁcax

2230 869 2279 917 et
2299 861 2686 933 penetrabilior
2707 861 2852 912 omni
2874 857 3059 924 gladio
3081 857 3332 924 ancipiti,
3371 858 3426 907 et
3448 855 3824 922 pertingens
3841 864 3940 902 us-

2231 973 2329 1026 que
2353 956 2426 1008 ad
2451 954 2762 1007 divisionem
2793 953 2988 1004 animae
3014 965 3076 1001 ac
3102 950 3355 1017 spiritus,
3389 959 3752 1014 compagum
3790 957 3940 1012 quo-

2233 1065 2332 1117 quc
2351 1053 2399 1101 et
2427 1046 2808 1106 medullarum,
2839 1048 2889 1097 et
2913 1043 3174 1096 discretor
3197 1041 3620 1109 cogitationum
3653 1041 3714 1090 et
3749 1037 3947 1088 inten—

2236 1143 2438 1196 tionum
2468 1140 2660 1194 cordis.

1324 1357 3930 1384 _________________________________________

527 1377 3932 1406 W

2015 1491 2338 1612 ΧΙΙΙ.

567 1683 778 1748 Lectio
810 1683 1108 1766 Epistolas
1138 1683 1307 1766 beati
1341 1681 1520 1766 Pauli
1552 1680 1826 1766 apostoli
1857 1679 1936 1740 ad
1969 1679 2416 1766 Philippenses
2448 1680 2510 1766 (αι,
2542 1681 2601 1755 6)
2631 1699 2643 1738 :
2679 1679 2985 1766 Fratres,
3018 1671 3428 1766 confidimus.
3449 1673 3525 1734 in
3576 1671 3910 1766 Domino

683 1753 1006 1844 Jesufqui
1031 1761 1211 1842 quod
1235 1763 1425 1841 σα)ρεί
1463 1763 1532 1821 in
1563 1753 1741 1821 nobis
1770 1777 1928 1838 opus
1960 1753 2219 1836 bonum,
2241 1753 2532 1840 perﬁciet
2554 1753 2757 1838 usque
2789 1759 2858 1818 in
2891 1755 3068 1816 diem
3103 1753 3360 1816 Christi
3383 1753 3586 1826 Jesu,
3621 1756 3768 1813 etc.

1743 1885 2157 1938 COMMENTUM
2195 1885 2614 1940 LUCULENTll.

537 2057 544 2060 _
593 1986 977 2056 Philippenses
1005 1987 1135 2037 sunt
1155 1983 1510 2037 Macedones:
1541 1983 1642 2034 hos
1668 1981 1989 2052 prazdicavit
2006 1999 2136 2052 apo-
2157 1997 2210 2066 Β
2237 1998 2392 2036 SlONE
2421 1999 2481 2034 er
2510 1994 2944 2035 CONFIRMATIONE
2976 1991 3262 2031 EVANGELII
3289 1991 3302 2028 :
3333 1974 3474 2045 quia
3503 1974 3674 2026 sicut
3709 1973 3823 2026 ille
3855 1972 3955 2025 de-

527 2079 700 2132 stolus
733 2077 957 2144 Paulus,
987 2076 1085 2146 qui
1133 2079 1418 2144 acceptam
1450 2075 1620 2128 ﬁdem
1656 2074 1894 2128 ﬁrmiter
1937 2079 2134 2128 tenue-

527 2179 677 2240 runt,
693 2181 809 2227 ‘nec
839 2173 1004 2226 falsos
1031 2175 1360 2241 reCeperunt
1383 2172 1682 2240 apostolos,
1707 2169 1851 2224 sicut
1884 2171 2134 2240 quidam,

525 2278 628 2315 nec
669 2260 1082 2330 persecutiones
1124 2261 1404 2312 malorum
1458 2260 1752 2313 hominum
1805 2261 2135 2313 timuerunt.

527 2353 729 2408 Scribit
753 2351 902 2405 enim
926 2351 1216 2421 epistolam
1235 2351 1512 2420 apostolus
1533 2353 1752 2418 Paulus,
1777 2352 1855 2405 nil
1880 2368 2040 2404 causa
2059 2368 2140 2405 re-

526 2444 918 2516 prehensionis
943 2443 1204 2509 ostendit,
1235 2444 1326 2497 sed
1350 2443 1794 2498 exhortationem
1824 2449 2142 2512 tantum,ut

526 2537 713 2604 fidem,
747 2553 917 2606 quam
961 2540 1307 2604 acceperant,
1341 2541 1396 2588 et
1431 2540 1676 2604 coeptum
1724 2554 1862 2606 opus
1903 2537 2136 2600 bonum,

527 2646 702 2699 usque
733 2630 802 2681 ad
831 2628 1372 2681 consummationem
1404 2629 1794 2697 perducerent,
1834 2631 1964 2682 etut
1990 2645 2137 2680 sem-

525 2738 626 2792 per
668 2721 1002 2790 proiicerent
1037 2720 1316 2772 hortatur.
1349 2720 1405 2771 In
1461 2724 1681 2772 tantum
1713 2720 1866 2773 enim
1910 2719 2140 2788 perfecti

527 2818 706 2878 erant,
734 2817 798 2865 ut
813 2829 942 2865 suos
963 2827 1055 2864 eos
1079 2813 1263 2864 oraret
1283 2811 1401 2863 ﬁeri
1421 2811 1748 2878 imitatores,
1769 2815 1823 2864 et
1842 2815 1902 2864 ut
1922 2827 2142 2880 semper

527 2906 596 2958 ad
626 2904 860 2957 meliora
889 2903 1246 2973 proﬁcerent,
1283 2903 1470 2956 dicens
1499 2922 1511 2956 :
1542 2903 1876 2958 Coxrmmrs
1899 2921 1952 2957 1N
1977 2907 2144 2957 Dom-

528 3009 596 3048 ΝΟ
619 2995 766 3058 ιῘΕΞῐῘ,
799 3008 924 3054 QUIA
952 3007 1042 3052 QUI
1071 3007 1250 3044 COEPIT
1283 3007 1334 3044 IN
1366 3007 1524 3045 VOBIS
1557 3007 1693 3046 OPL'S
1723 3009 1926 3057 BONUM,
1957 3009 2138 3046 PERFI-

529 3103 646 3141 (nar
671 3101 844 3146 L'SQUE
861 3101 912 3138 IN
937 3101 1062 3138 nisu
1078 3086 1297 3138 Cnmsrl
1314 3085 1462 3138 JESI'.
1485 3084 1677 3138 Omnis
1699 3086 1850 3138 enim
1873 3101 1998 3138 mea
2021 3102 2143 3154 spes

529 3184 583 3233 et
603 3177 940 3232 conﬁdentia
956 3176 1024 3228 de
1049 3176 1202 3228 vobis
1223 3175 1278 3228 in
1301 3176 1534 3228 Domino
1555 3177 1684 3229 talis
1700 3182 1800 3241 est,
1831 3183 1892 3230 ut
1919 3178 2026 3231 hoc
2051 3178 2142 3230 bo-

530 3286 670 3325 num
699 3269 850 3340 quod
874 3268 1134 3338 caapistis,
1157 3284 1334 3337 usque
1361 3269 1429 3321 ad
1451 3269 1991 3322 consummationem
2020 3287 2142 3339 per-

2237 2075 2500 2128 fendebat
2527 2073 2898 2142 Evangelium
2931 2069 3156 2142 Christi,
3193 2067 3250 2120 id
3271 2073 3356 2120 est
3381 2066 3749 2120 doctrinam
3784 2065 3948 2118 veri-

2240 2167 2383 2233 tatis,
2410 2166 2486 2219 ita
2507 2172 2561 2218 et
2584 2165 2663 2218 illi
2690 2139 2930 2218 ﬁrmiter
2945 2139 3210 2228 tenendo,
3243 2163 3300 2213 et
3328 2158 3480 2212 alios
3499 2157 3949 2212 admonendo.

2239 2263 2433 2313 Somos
2473 2274 2655 2313 meum
2697 2273 2784 2310 ne:
2819 2272 2996 2310 omns
3025 2269 3128 2307 vos
3167 2267 3318 2306 esse.
3365 2251 3646 2306 Societas
3711 2251 3841 2304 hoc
3893 2251 3953 2302 in

2238 2352 2362 2404 loco
2414 2367 2526 2404 non
2570 2349 2864 2420 praesentis
2911 2345 3185 2415 temporis
3227 2343 3631 2414 intelligenda
3688 2348 3816 2410 est,
3854 2342 3954 2396 sed

2238 2442 2434 2508 futuri,
2468 2443 2522 2495 id
2563 2447 2646 2495 est
2687 2443 2798 2494 vita
2831 2442 3064 2493 aeterna.
3119 2439 3197 2490 De
3228 2453 3343 2506 quo
3380 2435 3618 2506 gaudio
3653 2435 3954 2490 Salvator

2239 2535 2523 2605 discipulis
2550 2535 2627 2587 ait
2653 2551 2666 2586 :
2695 2538 2893 2588 lterum
2918 2532 3108 2586 ridebo
3155 2545 3270 2591 vos,
3301 2533 3352 2582 et
3377 2529 3676 2596 gaudebit
3717 2545 3828 2582 cor
3856 2545 3953 2582 re-

2239 2635 2446 2695 strum;
2483 2632 2579 2680 aut
2605 2630 2754 2680 certe
2785 2625 2831 2678 si
2858 2624 2925 2678 de
2951 2621 3224 2693 prresenti
3255 2625 3523 2690 tempore
3562 2621 3830 2674 malum
3862 2621 3957 2674 in-

2240 2721 2418 2789 telligi
2450 2719 2587 2787 vult,
2621 2732 2918 2787 possumus
2945 2732 3012 2768 eo
3037 2714 3240 2784 aptari,
3265 2714 3442 2783 juxta
3477 2713 3654 2782 quod
3698 2719 3958 2784 aposto-

2239 2813 2324 2865 lus
2343 2811 2574 2864 Jacobus
2605 2811 2700 2877 ait,
2731 2809 3025 2862 videlicet:
3061 2806 3227 2860 Omne.
3256 2806 3534 2874 gaudium
3569 2807 3956 2866 existimate,

2238 2907 2439 2972 fratres
2484 2905 2606 2964 mei,
2645 2918 2762 2954 cum
2807 2903 2866 2954 in
2909 2901 3082 2952 variis
3113 2897 3513 2952 tentationibus
3573 2899 3959 2952 incideritis.

2239 2995 2591 3050 Consuetudo
2621 2998 2704 3048 est
2734 2995 3078 3059 sanctorum,
3109 2993 3177 3044 ut
3225 2990 3381 3043 inter
3425 2992 3960 3060 persecutionem

2241 3090 2366 3160 plus
2399 3087 2696 3158 gaudeant,
2725 3101 2898 3156 quam
2932 3084 3254 3149 tristentur,
3290 3081 3545 3136 scientes
3577 3085 3957 3155 scriptum:

2240 3185 2360 3238 Non
2386 3180 2752 3241 coronabitur,
2786 3180 2896 3232 nisi
2924 3179 3024 3246 qui
3057 3177 3293 3244 legitime
3321 3179 3668 3230 certaverit.

2313 3276 2498 3328 TESTIS
2536 3288 2630 3326 EST
2653 3286 2771 3324 MIHI
2793 3286 2926 3325 DEUS
2968 3283 3237 3331 QL'OMODO
3263 3283 3476 3322 CUPIAM
3520 3283 3736 3324 OMNES
3764 3286 3887 3326 VOS
3911 3287 3963 3326 ηε

532 3363 764 3429 ducetis,
794 3367 848 3414 et
889 3360 1200 3414 doctrinam
1231 3377 1394 3429 quam
1425 3377 1456 3412 a
1483 3377 1574 3413 me
1609 3362 1894 3430 accepistis
1920 3363 2140 3414 ﬁrmam
2163 3353 2216 3426 C
2242 3381 2550 3419 vnscemecs
2580 3365 2710 3418 Jesu
2741 3365 2984 3418 CHRISTI.
3020 3362 3116 3414 Est
3143 3361 3321 3414 etiam
3368 3363 3779 3416 consuetudo
3817 3381 3962 3416 san-

531 3455 785 3510 teneatis.
816 3456 954 3520 Quia
993 3455 1087 3521 qui
1111 3455 1264 3520 capit
1293 3455 1350 3504 in
1383 3453 1527 3506 vobis
1569 3469 1700 3522 opus
1743 3455 1956 3515 bonum,
1977 3457 2142 3523 perfi-

531 3552 628 3602 ciet
655 3567 670 3601 :
699 3547 753 3600 id
783 3549 864 3598 est
893 3544 1095 3614 aliquis
1121 3561 1188 3598 ex
1217 3543 1372 3596 vobis
1404 3545 1615 3598 bonum
1636 3563 1774 3615 opus
1796 3547 1964 3610 vovit,
1999 3546 2143 3599 scili-

533 3646 617 3695 cet
637 3639 842 3693 servire
871 3655 927 3691 se
957 3638 1087 3704 Deo,
1119 3641 1173 3690 et
1199 3637 1306 3689 hoc
1336 3653 1514 3706 usque
1543 3637 1612 3690 ad
1636 3637 1784 3691 diem
1813 3639 2008 3691 mortis
2027 3655 2147 3708 per—

535 3733 718 3786 ducat.
749 3733 854 3784 Seu
871 3733 968 3798 qui
988 3731 1141 3798 coepit
1167 3731 1222 3781 in
1249 3730 1415 3789 vobis,
1439 3729 1497 3782 id
1518 3735 1597 3782 est
1621 3729 1738 3800 ipse
1762 3731 2032 3784 Dominus
2051 3732 2145 3802 qui

531 3824 662 3878 ﬁdei
691 3823 1124 3877 fundamentum
1153 3820 1339 3890 posuit
1363 3821 1424 3874 in
1449 3822 1620 3886 vobis,
1650 3821 1764 3890 ipse
1792 3823 1943 3878 dabit
1967 3841 2149 3895 perse-

532 3916 839 3970 verantiam
870 3913 1004 3967 boni
1027 3913 1230 3982 operis.
1261 3913 1415 3964 Diem
1433 3913 1638 3966 Christi
1666 3915 1958 3986 dupliciter
1988 3916 2150 3969 intel-

535 4009 710 4079 ligere
732 4007 1003 4060 debemus
1025 4022 1040 4072 ;
1065 4003 1374 4074 specialiter
1394 4005 1542 4059 diem
1564 4008 1776 4076 mortis,
1801 4009 2028 4079 quando
2055 4009 2151 4062 ali-

539 4101 663 4172 quis
693 4099 778 4152 vir
819 4097 1103 4167 perfectus
1129 4097 1194 4149 de
1225 4097 1331 4149 hac
1358 4099 1468 4151 vita
1504 4099 1712 4170 migrat
1740 4101 1810 4153 ad
1843 4101 2147 4156 Christum.

541 4189 887 4247 Generaliter
907 4189 1058 4242 diem
1073 4189 1267 4258 judicii
1284 4191 1506 4260 quando
1525 4207 1698 4246 omnes
1716 4195 2009 4248 astabimus
2029 4201 2153 4249 ante

541 4283 778 4339 tribunal
819 4285 1034 4339 Christi.
1073 4282 1234 4336 SICUT
1273 4299 1365 4337 EST
1391 4300 1508 4338 sum
1541 4301 1744 4340 nrsrru
1791 4302 1897 4341 Hoc
1934 4303 2153 4342 summa

544 4389 646 4434 eno
669 4392 902 4432 OMNIBUS
929 4391 1106 4430 voms.
1140 4379 1213 4428 Ac
1240 4375 1280 4428 si
1305 4377 1486 4430 dicat:
1516 4378 1764 4431 Charitas
1784 4395 1872 4432 me
1904 4381 2150 4450 compel-

541 4471 604 4525 lit
639 4475 703 4525 ut
730 4469 910 4540 ipsum
960 4469 1027 4521 de
1077 4468 1232 4521 vobis
1271 4470 1526 4536 sentiam,
1562 4470 1747 4540 ipsum
1792 4471 2106 4542 intelligam
2137 4491 2150 4536 ;

541 4565 670 4635 quia
699 4565 935 4616 Charitas
963 4563 1140 4614 omnia
1165 4562 1583 4615 credit..lustum
1613 4568 1696 4616 est
1721 4564 1860 4616 mihi
1887 4571 1950 4618 ut
1975 4566 2156 4619 taliter

541 4658 609 4711 de
640 4655 901 4710 omnibus
921 4654 1073 4708 vobis
1097 4654 1352 4723 sentiam,
1373 4659 1434 4708 ut
1450 4654 1545 4724 qui
1573 4657 1738 4726 coepit
1759 4673 1899 4726 opus
1920 4657 2150 4726 bonum,

543 4753 860 4820 perseveret
901 4763 1080 4818 usque
1123 4746 1180 4800 in
1217 4747 1366 4800 diem
1420 4748 1636 4801 mortis.
1682 4749 2035 4803 Consuetudo
2074 4756 2157 4804 est

544 4842 693 4896 enim
721 4846 1064 4904 sanctorum,
1096 4841 1160 4892 ut
1190 4839 1257 4892 de
1287 4839 1565 4892 bonorum
1597 4841 1814 4894 actione
1855 4843 2154 4912 gaudeant,

543 4935 609 4990 de
641 4935 921 4988 malorum
961 4933 1206 5000 doleant,
1243 4931 1384 4986 sicut
1423 4933 1542 5002 ipse
1569 4933 1768 4986 Paulus
1801 4934 2037 4988 faciebat
2061 4936 2157 5006 qui

544 5027 792 5081 dicebat:
825 5027 952 5090 Quis
978 5027 1304 5093 inﬁrmatur,
1329 5029 1378 5078 et
1403 5041 1494 5092 ego
1520 5041 1627 5078 non
1653 5029 1894 5093 inﬁrmor
1919 5030 1946 5080 ?
1973 5029 2036 5080 Et
2064 5028 2160 5080 ali-

545 5120 600 5173 bi
625 5137 638 5172 :
671 5122 900 5186 Lugcam
923 5119 1106 5187 plures
1133 5134 1199 5171 ea:
1244 5119 1347 5179 his,
1377 5120 1474 5186 qui
1509 5135 1614 5170 non
1659 5124 1877 5186 egerunt
1899 5123 2159 5188 perniten-

548 5215 696 5264 tiam.
743 5214 819 5265 ΕΟ
869 5227 1012 5272 QUOD
1050 5227 1264 5265 HABEAM
1295 5227 1395 5265 VOS
1426 5228 1480 5265 ΙΝ
1513 5228 1682 5265 CORDE
1725 5229 1787 5267 ΕΤ
1815 5230 1866 5266 IN
1914 5229 2158 5268 VlNCULlS

550 5319 690 5358 MEIS.
722 5305 870 5365 Quos
896 5303 1046 5356 enim
1075 5321 1201 5358 caro
1234 5305 1403 5358 semel
1435 5294 1802 5375 cepuIaverit,
1836 5323 2158 5378 quanquam

547 5395 715 5448 simul
741 5410 855 5446 non
884 5399 1012 5447 sunt
1039 5412 1293 5466 corpore,
1337 5401 1525 5450 tamen
1555 5403 1744 5452 mente
1775 5416 1996 5470 semper
2019 5400 2156 5471 jun-

548 5487 620 5542 cti
652 5490 801 5539 sunt.
831 5487 894 5538 Et
919 5487 1052 5556 quia
1080 5485 1465 5559 Philippenses
1492 5491 1720 5561 perfecti
1746 5496 1906 5545 erant
1936 5493 1994 5546 in
2018 5511 2156 5564 ope-

547 5596 608 5635 re
663 5579 830 5642 bono,
874 5581 1153 5648 apostolus
1192 5582 1389 5635 absens
1432 5601 1680 5653 corpore.
1729 5585 1786 5638 in
1828 5602 2028 5640 arcano
2058 5603 2158 5656 pe-

549 5672 716 5727 ctoris
747 5687 967 5740 semper
1007 5688 1201 5723 eorum
1233 5689 1454 5728 memor
1479 5683 1614 5729 erat.
1651 5679 1716 5730 Et
1745 5679 1847 5730 hoc
1887 5685 1968 5731 est
2010 5679 2156 5748 quod

548 5766 683 5820 dicit
707 5779 720 5815 :
744 5767 818 5819 Eo
844 5763 988 5832 quod
1013 5764 1235 5816 habeam
1257 5781 1343 5817 vos
1362 5770 1418 5819 in
1445 5771 1598 5822 corde
1614 5775 1663 5822 et
1691 5773 1746 5822 in
1767 5773 1994 5824 vinculis
2007 5774 2157 5825 meis.

551 5857 753 5912 Reddit
803 5869 1024 5908 causam
1079 5870 1269 5924 quare,
1316 5873 1442 5911 cum
1483 5861 1616 5914 dicit
1662 5879 1675 5914 :
1730 5864 1800 5916 Er
1856 5881 1909 5918 1N
1959 5881 2155 5920 neres-

2243 3463 2480 3525 ctorum,
2512 3461 2572 3509 ut
2611 3455 2835 3525 quando
2880 3453 3095 3524 aliquid
3128 3452 3422 3506 afﬁrmare
3457 3453 3715 3525 volunt,
3771 3457 3965 3510 Deum

2246 3549 2342 3620 qui
2371 3553 2454 3602 est
2483 3553 2764 3618 tnspector
2789 3546 2976 3600 cordis
3007 3550 3215 3598 testem
3245 3543 3358 3597 sibi
3383 3543 3768 3615 adhibeant,
3809 3549 3964 3602 sicut

2244 3643 2454 3711 Moyses
2481 3657 2668 3694 coram
2707 3639 2836 3692 ﬁliis
2891 3638 3052 3692 Israel
3092 3655 3106 3690 :
3146 3640 3345 3697 Testes,
3383 3635 3615 3707 inquit,
3660 3641 3854 3695 hodie
3885 3645 3966 3694 in-

2246 3751 2368 3788 uoco
2400 3735 2584 3788 caelum
2610 3739 2660 3786 et
2688 3737 2906 3786 ter-ram.
2943 3731 3009 3784 Et
3040 3729 3175 3798 quia
3203 3729 3415 3782 Paulus
3448 3733 3793 3820 apostolqs
3817 3736 3966 3788 mul-

2246 3831 2367 3879 tum
2420 3824 2690 3894 diligebat
2719 3823 3127 3892 Philippenses,
3168 3821 3352 3874 Deum
3394 3820 3512 3874 sibi
3558 3824 3876 3880 adhibuit
3907 3827 3964 3880 in

2247 3918 2636 3973 testimonium
2662 3916 2854 3970 dicens
2878 3931 2891 3968 :
2927 3913 3104 3968 Testis
3127 3913 3283 3966 enim
3313 3913 3468 3966 mihi
3492 3919 3587 3969 est
3619 3917 3802 3972 Deus
3824 3937 3968 3991 quo-

2247 4012 2414 4066 modo
2439 4011 2662 4080 cupiam
2689 4014 2753 4062 ut
2782 4007 3058 4061 Dominus
3102 4007 3262 4060 Jesus
3301 4005 3578 4060 Christus
3637 4009 3710 4064 in
3747 4014 3968 4066 vestris

2248 4104 2466 4158 habitet
2490 4102 2812 4156 visceribus.
2843 4103 2984 4170 Ipse,
3003 4099 3101 4169 qui
3119 4114 3223 4168 per
3246 4098 3622 4168 prophetam
3655 4096 3966 4175 loquitur,

2251 4197 2442 4251 dicens
2469 4195 2536 4250 de
2556 4193 2760 4248 sanctis
2789 4211 2802 4247 :
2832 4196 2900 4248 Et
2925 4191 3248 4246 inhabitabo
3273 4193 3336 4244 in
3365 4192 3486 4246 illis
3521 4199 3578 4247 et
3610 4198 3969 4252 inambula-

2253 4291 2333 4344 bo.
2367 4290 2433 4342 Et
2476 4288 2630 4341 idem
2664 4285 2950 4357 apostolus
2975 4284 3147 4337 alibi:
3191 4283 3472 4338 Habitare
3508 4288 3832 4346 Christum
3870 4309 3972 4363 per

2251 4383 2408 4452 ﬁdem
2427 4383 2484 4435 in
2510 4380 2758 4435 cordibus
2782 4381 2992 4433 vestris.
3026 4377 3122 4430 Vel
3149 4381 3302 4430 certe
3331 4392 3555 4432 omnes
3585 4396 3706 4436 vos
3733 4385 3806 4438 in
3843 4386 3972 4455 ejus

2254 4475 2418 4545 cupio
2458 4474 2637 4528 inesse
2683 4471 3006 4537 visceribus,
3042 4473 3108 4523 ut
3139 4469 3216 4522 sic
3251 4485 3392 4523 eum
3424 4487 3654 4528 omnes
3685 4491 3804 4531 vos
3834 4479 3970 4533 dili-

2256 4567 2414 4637 gatis,
2444 4572 2509 4620 ut
2536 4583 2638 4620 nec
2667 4565 2819 4618 inter
2846 4561 3273 4634 persecutiones
3323 4563 3398 4616 ab
3435 4565 3577 4634 ejus
3627 4569 3977 4626 visceribus

2255 4659 2617 4730 separemini.
2646 4661 2719 4713 ET
2742 4673 2849 4712 HOC
2872 4671 2980 4710 oao
3007 4671 3076 4710 υτ
3107 4670 3374 4710 CHARITAS
3395 4673 3630 4716 vasum
3664 4678 3860 4720 HAGIS
3891 4683 3980 4722 AB-

2257 4769 2445 4808 UNDET.
2475 4752 2584 4805 Oro
2606 4756 2667 4804 ut
2691 4751 2872 4804 Deum
2890 4752 3011 4802 toto
3029 4748 3222 4816 corde,
3255 4752 3380 4802 toto
3401 4767 3534 4819 ore,
3571 4756 3713 4810 tota
3741 4766 3971 4826 mente,

2257 4845 2383 4900 totis
2412 4843 2718 4898 visceribus
2745 4841 2993 4912 diligatis
3037 4857 3093 4895 IN
3136 4857 3408 4908 summa,
3458 4861 3534 4898 ET
3561 4863 3722 4905 cum
3781 4869 3972 4907 55x51;

2261 4939 2320 4992 In
2345 4937 2594 5005 scientia,
2640 4936 2776 4990 dicit
2821 4935 3026 4990 seriem
3063 4935 3283 4988 Veteris
3311 4936 3752 5012 Testamenti;
3805 4963 3973 4999 sensu

2257 5035 2471 5097 autem,
2518 5029 2823 5099 scripturas
2850 5027 2986 5082 Novi
3012 5028 3386 5083 Testamenti.
3419 5031 3632 5088 Aliter
3666 5052 3682 5090 :
3723 5038 3969 5093 scientia

2259 5139 2454 5177 omnes
2500 5123 2670 5176 series
2717 5125 2832 5175 tam
2873 5120 3105 5187 Veteris,
3147 5137 3326 5190 quam
3370 5124 3514 5177 novi
3565 5127 3968 5186 Testamentj,

2260 5217 2326 5270 Et
2375 5231 2574 5281 sensu,
2629 5219 2693 5268 ut
2739 5214 2877 5284 quid
2924 5213 3263 5284 spiritaliter
3319 5214 3690 5289 intelligere
3753 5228 3971 5290 valeas,

2258 5309 2384 5380 quia
2419 5307 2652 5362 scientia
2697 5307 2816 5361 sine
2851 5323 3020 5360 sensu
3058 5305 3204 5359 nihil
3229 5310 3316 5360 est
3341 5323 3360 5374 ;
3389 5312 3660 5368 scientia
3693 5318 3869 5372 enim
3898 5322 3972 5372 iu-

2255 5404 2373 5470 ]lat,
2406 5402 2642 5454 Charitas
2671 5406 2850 5454 autem
2876 5400 3127 5467 aediﬁcat.
3159 5401 3238 5454 UT
3259 5415 3546 5458 PROBETIS
3582 5423 3880 5474 ponens.
3915 5429 3972 5467 ET

2261 5510 2390 5548 sms
2424 5509 2652 5557 smitam,
2683 5509 2746 5546 er
2773 5507 2892 5546 sum
2921 5507 3260 5546 OFFENSIONE
3291 5508 3346 5547 IN
3382 5511 3534 5552 DIEM
3575 5516 3846 5560 cunis-r1,
3868 5475 3972 5560 Ῥω-

2263 5587 2399 5639 tiora
2427 5587 2579 5650 dicit,
2612 5585 2664 5638 id
2707 5590 2790 5638 est
2819 5585 3052 5654 majora.
3085 5584 3340 5638 Scientes
3371 5588 3505 5642 sitis
3539 5599 3617 5647 ut
3649 5597 3732 5651 de
3770 5599 3960 5652 visibi-

2259 5679 2403 5732 libus
2429 5677 2726 5731 invisibilia
2755 5677 3241 5746 comprehendere
3276 5678 3559 5738 valeatis.
3601 5687 3794 5746 Sicut
3824 5696 3969 5746 enim

2261 5789 2388 5826 cum
2433 5770 2767 5842 cibo‘palati
2809 5771 3012 5825 crescit
3040 5775 3176 5826 aetas
3207 5774 3502 5842 corporis,
3539 5780 3638 5837 sic
3674 5787 3821 5843 cui:
3851 5786 3969 5842 cibo

2259 5865 2497 5936 spiritali
2526 5865 2692 5918 debet
2715 5879 2965 5918 crescere
2995 5867 3052 5918 et
3081 5879 3283 5918 sensus
3311 5869 3572 5930 mentis.
