4022 6408
85 419 186 476 845

1306 419 1374 476 ΙΝ
1413 421 1556 476 CAP.
1597 421 1618 475 Ι
1657 419 1744 476 AD
1781 419 2256 479 COLOSSENSES.

3340 426 3440 479 846

153 529 221 583 Ut
242 528 367 583 sitis
385 529 614 592 sinceri,
643 533 692 583 et
707 531 819 583 sine
839 528 1043 598 offensa
1067 531 1125 582 in
1146 529 1282 582 diem
1313 528 1546 595 Christi;
1575 533 1724 582 casto
1745 541 1805 614 Α
1826 535 1906 584 est
1934 532 2119 586 fructu
2145 531 2279 586 boni
2295 530 2480 601 operis
2501 549 2517 600 ;
2549 530 2616 586 de
2634 545 2744 602 quo
2766 530 2953 585 fructu
2979 531 3133 585 idem
3157 531 3444 601 apostolus

79 619 336 675 videlicet
365 637 635 693 corpore,
663 626 720 676 et
747 622 958 676 mundo
983 621 1151 677 corde
1166 638 1182 689 ;
1217 621 1362 676 sicut
1403 621 1471 677 de
1504 622 1726 677 univer-

76 713 170 768 sali
196 713 458 768 Ecclesia
481 715 781 786 Apostolus
799 715 960 770 dicit:
993 715 1204 785 Aptavi
1216 730 1307 770 vos
1336 717 1436 769 uni
1461 718 1576 769 viro
1605 718 1720 770 eir-

77 810 251 876 ginem
269 811 491 862 castam
516 809 766 862 exhibere
789 810 1019 866 Christo.
1047 807 1345 862 Sinceritas
1365 813 1447 862 est
1462 809 1613 862 enim
1626 809 1725 863 ubi

76 900 184 955 duo
211 899 391 954 simul
423 901 796 967 concordant,
832 901 1063 972 spiritus
1087 900 1364 969 videlicet,
1395 904 1452 954 et
1476 917 1623 966 caro,
1656 901 1724 956 de

76 993 276 1064 quibus
300 993 595 1047 Dominus
623 993 700 1048 ait
727 1013 741 1048 :
775 995 835 1050 Si
855 994 959 1047 duo
985 1010 1051 1048 ea:
1077 993 1228 1048 nobis
1254 996 1611 1048 consenserint
1629 1009 1722 1047 su-

73 1103 167 1155 per
193 1092 424 1149 terram,
459 1086 532 1140 de
561 1089 707 1140 omni
735 1101 791 1140 re
816 1087 1167 1156 quodcunque
1191 1089 1467 1156 petierint,
1496 1089 1584 1155 fiet
1612 1088 1723 1140 illis

82 1195 112 1232 a
141 1181 305 1233 Patre
342 1194 485 1241 meo,
543 1178 680 1234 dicit
725 1179 1016 1233 Dominus.
1063 1181 1130 1234 Et
1176 1181 1288 1233 sine
1318 1180 1538 1248 offensa.
1596 1179 1723 1234 Sine

82 1270 288 1325 offensa
338 1270 482 1325 dicit
538 1271 658 1325 sine
697 1271 978 1325 criminati
1017 1271 1260 1325 actione.
1306 1273 1418 1325 Aut
1451 1275 1600 1326 certe
1647 1271 1723 1325 sic

81 1363 196 1416 sitis
220 1362 453 1428 sinceri,
487 1367 558 1417 ut
581 1363 642 1416 in
671 1363 822 1418 diem
851 1363 1058 1418 Christi
1078 1363 1235 1417 nulla
1282 1363 1484 1433 rubigo
1526 1379 1719 1434 pecca-

82 1461 266 1510 torum
307 1455 372 1510 in
403 1455 570 1509 vobis
598 1461 869 1526 appareat
895 1472 968 1510 ne
997 1472 1126 1510 cum
1157 1455 1324 1510 fatuis
1353 1455 1667 1526 virginibus
1689 1474 1723 1511 a

83 1548 326 1602 thalamo
353 1548 517 1618 regis
545 1547 946 1602 excludamini.
978 1548 1139 1602 Diem
1166 1565 1298 1603 vero
1330 1548 1558 1617 Christi,
1581 1548 1724 1603 sicut

77 1641 195 1710 jam
242 1640 523 1707 diximus,
562 1640 715 1695 diem
747 1640 963 1707 mortis,
1008 1641 1095 1695 vel
1125 1640 1275 1694 diem
1315 1641 1517 1711 judicii
1559 1641 1723 1696 debe-

83 1749 204 1787 mus
247 1732 601 1804 intelligere,
647 1732 708 1786 in
759 1749 869 1802 quo
911 1732 1020 1801 die,
1067 1732 1164 1804 qui
1205 1733 1326 1787 sine
1365 1733 1578 1788 offensa
1605 1735 1722 1789 fue-

83 1825 172 1894 rit,
213 1843 247 1880 a
282 1824 541 1880 Domino
581 1825 1054 1896 remunerabitur,
1091 1825 1254 1896 juxta
1304 1826 1453 1896 quod
1499 1827 1578 1881 ait
1621 1827 1716 1882 Sa-

1825 624 1958 679 dicit
1989 641 2002 679 :
2045 628 2269 680 Fructus
2303 627 2528 694 spiritus
2582 630 2660 678 est
2693 625 2974 694 gaudium,
3015 625 3274 686 Charitas,
3308 640 3446 694 pax,

1817 720 2106 786 patientia,
2125 723 2180 772 et
2207 717 2293 771 his
2321 717 2546 770 similia.
2575 717 2732 784 Quod
2755 717 2850 786 qui
2882 716 3092 782 fecerit,
3111 716 3318 770 fruebit
3341 717 3448 786 [Ita

1826 809 1974 881 Cod]
2007 811 2161 864 illam
2184 810 2427 864 invitam
2455 815 2760 877 aeternam;
2795 810 3009 863 fructus
3029 809 3182 862 enim
3201 825 3232 861 a
3259 809 3448 862 fruen-

1824 902 1894 955 do
1925 901 2146 956 dicitur.
2173 903 2329 966 Quod
2354 902 2687 956 fructilicare
2714 918 2882 955 nemo
2922 901 3147 971 poterit,
3191 901 3298 954 nisi
3345 917 3447 970 per

1822 995 2012 1048 Jesum
2054 995 2337 1048 Christum
2377 995 2476 1064 qui
2515 994 2692 1048 dicit:
2747 995 2875 1048 Sine
2916 1009 2995 1047 me
3041 995 3180 1046 nihil
3227 996 3444 1062 potestis

1823 1090 2018 1154 facere.
2049 1090 2110 1142 In
2135 1088 2365 1153 gloriam
2391 1092 2440 1140 et
2469 1087 2682 1140 laudem
2727 1088 2841 1148 Dei,
2881 1091 2943 1140 ut
2982 1101 3206 1155 semper
3241 1084 3448 1155 gloriﬁ-

1823 1185 1981 1234 cetur
2011 1181 2152 1233 Deus
2180 1179 2239 1232 in
2269 1178 2429 1232 nobis
2453 1196 2468 1246 ;
2493 1179 2658 1248 juxta
2683 1178 2836 1248 quod
2867 1178 2973 1230 alio
2998 1178 3120 1231 loco
3148 1177 3316 1231 dicit:
3343 1176 3446 1242 Qui

1823 1274 2110 1342 gloriatur,
2133 1275 2190 1326 in
2209 1275 2432 1326 Domino
2445 1273 2721 1340 glorietur.
2749 1273 2816 1324 Et
2837 1271 3050 1324 laudem
3076 1273 3200 1334 Dei;
3237 1269 3446 1323 scilicet

1821 1371 1886 1420 ut
1915 1382 2136 1436 semper
2161 1367 2308 1420 Deus
2335 1365 2613 1430 laudetur,
2645 1363 2787 1416 sicut
2815 1363 3102 1432 psalmista
3135 1363 3269 1417 dicit
3297 1379 3310 1415 :
3343 1363 3442 1416 Be-

1822 1459 2067 1513 nedicam
2095 1461 2375 1514 Dominum
2404 1459 2460 1510 in
2489 1458 2636 1511 omni
2659 1461 2908 1524 tempore,
2941 1471 3146 1526 semper
3186 1455 3303 1508 laus
3337 1455 3448 1524 ejus

1821 1553 1878 1604 in
1907 1567 1996 1606 ore
2031 1567 2160 1606 meo.
2201 1551 2376 1605 Aliter
2405 1567 2416 1604 :
2459 1552 2517 1603 in
2557 1550 2752 1618 gloria,
2797 1548 2853 1602 id
2885 1552 2968 1602 est
3004 1547 3065 1602 in
3090 1564 3261 1618 opere
3297 1547 3446 1601 bono

1819 1644 2234 1698 fructificantes.
2275 1647 2344 1699 Et
2375 1642 2590 1695 laudem
2640 1643 2754 1702 Dei,
2797 1640 2858 1694 in
2901 1639 3320 1711 praedicatione.
3367 1639 3449 1694 Sit

1821 1735 1996 1806 gloria
2021 1736 2080 1790 in
2109 1751 2298 1806 opere,
2327 1735 2448 1789 laus
2472 1733 2531 1786 in
2559 1732 2770 1800 verbis;
2791 1734 2850 1784 ut
2875 1731 3176 1803 impleatur
3200 1731 3258 1786 in
3287 1731 3447 1785 nobis

1818 1827 1959 1882 illud
1994 1829 2145 1900 quod
2179 1828 2256 1882 ait
2293 1827 2549 1882 Salvator
2580 1841 2594 1878 :
2626 1827 2714 1882 Sic
2741 1825 2916 1878 luceat
2945 1825 3042 1878 tua:
3063 1829 3243 1878 vestra
3269 1839 3448 1878 coram

85 1918 268 1973 lomon
301 1934 316 1972 :
350 1921 493 1974 Date
518 1919 572 1972 ei
592 1919 834 1984 fructum
857 1934 1115 1973 manuum
1137 1934 1380 1986 suarum,
1424 1924 1472 1973 et
1503 1920 1721 1974 laudent
1739 1900 1796 1972 Β
1821 1919 2138 1985 hominibus,
2170 1922 2231 1971 ut
2253 1917 2473 1970 videant
2492 1929 2655 1983 opera
2683 1918 2859 1967 vestra
2885 1913 3041 1975 bona,
3069 1917 3117 1966 et
3153 1912 3449 1980 gloriﬁcent

86 2027 196 2065 eam
219 2013 279 2066 in
294 2013 477 2082 portis
505 2026 673 2082 opera
695 2011 826 2080 ejus.
855 2013 1088 2066 Rarum
1116 2027 1322 2067 ranam
1351 2028 1598 2068 wsrirua
1623 2029 1724 2068 pan

83 2105 243 2159 lasani
299 2104 592 2160 Cmusrun
641 2119 697 2160 IN
753 2119 990 2160 GLORIAM
1049 2121 1112 2160 ar
1176 2121 1389 2161 LAL'DEM
1456 2106 1592 2175 DEI;
1668 2106 1724 2160 id

1821 2013 2036 2066 Patrem
2058 2016 2291 2066 vestrum
2315 2011 2410 2080 qui
2436 2011 2494 2062 in
2513 2008 2653 2062 cwlis
2681 2011 2776 2060 est.

91 2247 3436 2288 Μ

127 2575 337 2642 Lectio
365 2576 684 2660 Epistolas
711 2579 886 2643 beati
915 2577 1098 2644 Pauli
1129 2550 1408 2662 apostoli
1436 2581 1518 2644 ad
1547 2581 1964 2644 Colossenses
1997 2581 2060 2660 (ι,
2085 2580 2146 2659 9)
2182 2598 2195 2640 :
2231 2577 2524 2652 Fratres,
2552 2592 2686 2637 non
2728 2587 3051 2634 cessamus
3071 2589 3200 2652 pro
3227 2571 3408 2634 vobis

1289 2669 1545 2723 orantes
1575 2669 1635 2723 et
1651 2662 2092 2744 postulantes,
2125 2664 2246 2720 etc.

1334 2796 1752 2852 COMMENTUM
1789 2794 2207 2852 LUCULENTII.

155 2899 422 2956 Audierat
445 2899 607 2955 enim
634 2899 831 2956 beatus
858 2901 1064 2955 Paulus
1101 2901 1389 2973 apostolus
1435 2905 1722 2958 Colossen-

96 2991 232 3046 sium
265 2992 442 3048 fidem
474 3009 548 3048 ex
579 2992 879 3048 dilectione
904 3009 1077 3064 quam
1112 2993 1395 3049 habebant
1429 2995 1488 3050 in
1523 2997 1718 3064 Deum,

95 3089 144 3138 et
165 3088 229 3140 ut
250 3085 310 3140 in
337 3085 650 3142 virtutibus
679 3086 1044 3156 sequentibus
1069 3104 1129 3140 se
1153 3093 1486 3152 crescerent,
1531 3090 1724 3144 orabat

1818 2904 2038 2958 viamus
2068 2902 2202 2968 Deo,
2257 2897 2408 2968 quod
2450 2896 2631 2950 facere
2671 2909 2789 2948 non
2831 2906 3148 2963 possumus,
3195 2890 3302 2944 nisi
3328 2891 3449 2962 ejus

1818 2996 2168 3050 voluntatem
2212 2991 2500 3046 faciamus.
2545 2990 2605 3042 IN
2645 3003 2778 3042 om
2818 3001 3118 3050 SAPIENTIA,
3164 2999 3227 3038 ΕΤ
3266 2999 3448 3040 INTEL-

1821 3105 1984 3144 LECTU
2023 3101 2305 3143 smmum.
2351 3081 2546 3137 Omnis
2580 3078 2872 3152 sapientia,
2914 3083 2970 3132 et
3012 3077 3351 3145 intellectus,
3396 3081 3452 3133 et

97 3175 278 3233 dicens
307 3197 321 3234 :
352 3179 475 3236 Non
511 3194 788 3236 cessamus
820 3195 926 3235 Pao
955 3195 1114 3236 voais
1147 3195 1386 3236 omnes
1423 3198 1485 3236 ar
1518 3197 1718 3238 rosw-
1741 3212 1796 3286 C
1823 3181 2092 3253 operatio,
2133 3179 2339 3232 scilicet
2381 3175 2518 3245 quia
2557 3172 2901 3244 impossibile
2931 3174 3013 3225 est
3045 3170 3164 3225 sine
3195 3169 3303 3224 ﬁde
3329 3170 3447 3240 pla-

99 3285 109 3286 ,
348 3273 389 3286 m-
764 3277 773 3286 .
840 3272 878 3286 ιιο
1063 3273 1076 3286 1
1140 3273 1152 3286 ι
1211 3273 1223 3286 ο
1327 3277 1336 3286 .
1517 3279 1526 3286 .
1570 3275 1604 3286 υ
1704 3280 1713 3286 .
1976 3275 2014 3286 ν.
2176 3272 2186 3282 υ
2287 3273 2297 3286 ,
2336 3273 2363 3286 ι.
2391 3269 2404 3286 ι
2446 3285 2453 3286 7
2496 3271 2598 3286 “.77,
2638 3267 2873 3286 _,,h__-1“_
2902 3269 3108 3286 ψ,,,ι,...
3143 3268 3212 3286 ,ΔΑ
3257 3263 3447 3286 n..._:-

97 3285 300 3328 LANTES.
348 3273 507 3328 Hanc
549 3272 1020 3328 consuetudinem
1062 3273 1346 3328 habebant
1377 3275 1630 3345 apostoli,
1665 3280 1722 3330 et
1743 3263 1796 3286 v
1820 3290 1945 3329 cere
1976 3275 2118 3341 Deo;
2145 3272 2223 3325 sic
2250 3273 2306 3323 et
2328 3269 2458 3337 fides
2485 3271 2602 3320 sine
2629 3267 2873 3336 operibus
2899 3269 3111 3318 mortua
3135 3268 3228 3318 est.
3257 3263 3453 3318 Omnis

95 3379 188 3418 nos
220 3369 414 3421 tenere
462 3366 760 3435 debemus,
800 3371 865 3420 ut
910 3367 1149 3421 invicem
1177 3383 1422 3434 oremus,
1454 3371 1512 3422 et
1535 3369 1717 3440 magi-

96 3457 186 3510 stri
209 3474 310 3529 pro
326 3459 644 3532 discipulis,
675 3458 1011 3530 et'discipuli
1038 3476 1140 3531 pro
1160 3460 1466 3530 magistris,
1499 3461 1644 3515 sicut
1659 3461 1718 3514 in

97 3548 198 3603 alio
238 3551 361 3606 loco
403 3551 545 3607 dicit
581 3568 595 3606 :
635 3555 772 3607 Deus
815 3558 993 3606 autem
1028 3555 1145 3622 spei
1191 3554 1398 3623 repleat
1444 3569 1534 3608 vos
1577 3556 1721 3608 omni

94 3643 304 3708 gaudio,
333 3649 383 3699 et
392 3661 536 3716 pace
561 3647 620 3698 in
645 3645 926 3707 credendo,
953 3649 1013 3699 ut
1039 3645 1325 3700 abundetis
1348 3648 1407 3698 in
1425 3661 1518 3714 spe
1537 3651 1587 3700 et
1606 3649 1715 3699 vir-

94 3736 196 3788 tute
219 3729 456 3806 Spiritus
475 3739 675 3792 sancti.
703 3740 839 3792 Deus
859 3741 1039 3792 aulem
1049 3739 1334 3808 patientiae
1359 3743 1409 3792 et
1433 3739 1619 3792 solatii
1631 3739 1721 3792 det

94 3827 229 3882 vobis
254 3829 499 3900 idipsum
540 3845 730 3900 sapere
771 3832 827 3884 in
871 3831 1194 3885 alterutrum
1230 3831 1518 3885 secundum
1545 3833 1720 3886 Jesum

97 3917 372 3986 Christum,
405 3928 468 3978 ut
516 3924 800 3978 unanimes
845 3938 951 3977 uno
977 3939 1065 3978 ore
1093 3924 1446 3992 honoriﬁcetis
1474 3926 1642 3977 Deum
1669 3928 1720 3978 et

95 4012 298 4069 Patrem
320 4017 546 4072 Domini
565 4019 738 4070 nostri
760 4019 883 4071 Iesu
910 4017 1131 4072 Christi.
1167 4017 1234 4070 Et
1261 4016 1470 4070 iterum
1501 4032 1514 4070 :
1547 4018 1718 4071 Fleeto

97 4119 259 4169 genua
294 4125 415 4164 mea
451 4109 531 4164 ad
566 4110 783 4164 Patrem
819 4111 1030 4164 Domini
1055 4111 1228 4163 nostri
1255 4111 1378 4164 Iesu
1405 4110 1622 4166 Christi.
1651 4111 1719 4164 Ut

99 4201 276 4254 autem
303 4205 361 4255 et
389 4201 650 4272 discipuli
683 4217 786 4272 pro
811 4201 1098 4272 magistris
1123 4217 1284 4255 orare
1305 4201 1566 4271 debeant,
1597 4201 1717 4272 ipse

99 4293 151 4342 et
177 4290 308 4346 alibi
335 4293 470 4348 dicit
497 4310 511 4348 :
543 4294 781 4364 Expedit
806 4295 952 4349 vobis
979 4309 1134 4349 orare
1152 4309 1257 4364 pro
1284 4295 1453 4348 nobis.
1488 4295 1631 4348 Nam
1649 4293 1718 4348 de

99 4380 252 4439 beato
278 4386 440 4442 Petro
483 4386 544 4441 in
584 4403 804 4442 carcere
841 4387 1022 4458 posito
1059 4383 1318 4458 legimus,
1362 4388 1498 4460 quia
1538 4387 1716 4442 oratio

100 4471 261 4530 fiebat
286 4479 405 4536 sine
436 4480 858 4536 intermissione
883 4481 954 4535 ab
977 4481 1206 4536 ecclesia
1225 4481 1296 4535 ad
1315 4482 1490 4536 Deum
1503 4498 1608 4552 pro
1630 4497 1715 4536 eo.

1819 3366 2094 3437 sapientia
2123 3368 2205 3418 est
2224 3378 2338 3416 non
2359 3360 2545 3414 solum
2561 3359 2853 3412 historiam
2871 3357 3085 3410 Veteris
3111 3356 3450 3410 Testamenti

1819 3460 1976 3529 scire,
1999 3458 2097 3512 sed
2119 3456 2289 3510 etiam
2311 3452 2620 3524 spiritalem
2638 3449 3069 3519 intelligentiam
3089 3463 3448 3517 cognoscere.

1819 3554 1894 3608 Ur
1935 3564 2229 3607 AMBULETIS
2269 3562 2428 3602 DIG‘NE
2468 3545 2605 3612 Deo,
2643 3559 2743 3598 pra
2777 3558 2946 3598 OMNIA
2975 3556 3292 3595 PLACENTES.
3319 3542 3451 3594 Am-

1817 3645 2012 3699 bulare
2041 3643 2194 3708 dicit,
2225 3657 2338 3693 non
2365 3639 2544 3692 solum
2573 3652 2826 3707 corpore,
2855 3635 2951 3688 sed
2985 3637 3204 3702 mente;
3247 3633 3444 3686 ambu-

1816 3739 1929 3792 lare
1958 3737 2027 3792 de
2054 3736 2259 3790 virtute
2285 3733 2345 3786 in
2365 3731 2652 3784 virtutem.
2677 3729 2853 3800 Digne
2880 3726 3153 3794 ambulat,
3181 3725 3278 3797 qui
3299 3730 3448 3780 recte

1816 3830 1971 3900 vivit,
2007 3833 2062 3883 et
2105 3828 2243 3882 alios
2267 3842 2370 3897 per
2402 3825 2621 3878 bonum
2662 3821 2988 3891 exemplum
3020 3819 3270 3888 attrahit,
3282 3819 3449 3889 juxta

1816 3923 1957 3978 illud
1987 3939 2000 3976 :
2035 3924 2138 3989 Qui
2163 3921 2339 3980 audit,
2367 3918 2515 3972 dicat
2540 3934 2556 3970 :
2595 3915 2748 3970 Veni.
2775 3915 2889 3968 Deo
2918 3929 3020 3984 per
3043 3911 3237 3965 omnia
3267 3912 3449 3982 placet

1817 4017 1915 4088 qui
1939 4017 2046 4069 hoc
2061 4013 2329 4083 adimplet
2345 4009 2501 4082 quod
2527 4007 2786 4063 subditur
2819 4023 2833 4060 :
2869 4007 2926 4060 In
2955 4021 3086 4060 omn
3110 4021 3280 4059 ornas
3300 4019 3446 4060 ΒοΝο

1819 4121 2286 4174 FRUCTIFICANTES,
2327 4121 2389 4159 ar
2422 4117 2756 4158 caascsarss
2795 4116 2848 4155 IN
2892 4115 3132 4154 summa
3170 4099 3287 4153 Dm.
3328 4099 3449 4152 Non

1817 4203 1960 4258 dixit
1989 4203 2047 4256 in
2074 4217 2212 4268 uno,
2250 4199 2348 4252 sed
2382 4201 2439 4252 in
2478 4199 2654 4261 omni;
2698 4211 2811 4248 non
2849 4193 2984 4247 dicit
3022 4196 3338 4246 constantes
3375 4190 3449 4245 ad

1819 4300 2060 4367 tempus,
2089 4294 2184 4347 sed
2212 4293 2601 4360 fructiﬁcantes
2629 4294 2679 4342 et
2695 4291 2979 4343 crescentes
3003 4289 3061 4340 in
3091 4288 3312 4340 scientia
3331 4287 3449 4348 Dei,

1816 4389 1874 4444 id
1903 4393 1988 4443 est
2007 4389 2076 4441 de
2107 4385 2371 4442 omnibus
2413 4382 2574 4436 bonis
2601 4379 2680 4435 illi
2709 4380 2947 4434 sciamus
2977 4378 3183 4449 gratias
3211 4378 3446 4446 referre,

1809 4483 1978 4554 juxta
2008 4479 2148 4534 illud
2175 4495 2188 4533 :
2217 4478 2410 4532 Gratia
2436 4478 2533 4530 Dei
2559 4489 2698 4540 sum;
2729 4475 2786 4526 et
2812 4489 2826 4526 :
2865 4474 2984 4529 Non
3010 4471 3180 4533 nobis,
3211 4473 3450 4533 Domine,

101 4565 248 4628 Quod
274 4577 466 4629 autem
509 4589 625 4628 non
673 4573 817 4628 dixit
860 4573 1222 4645 singulariter
1257 4591 1374 4629 non
1409 4591 1582 4642 cesso,
1627 4575 1722 4629 sed
1739 4571 1800 4643 Ι)
1821 4591 1924 4630 non
1946 4574 2118 4636 nobis,
2133 4571 2226 4626 sed
2248 4563 2454 4624 nomini
2475 4573 2564 4621 tuo
2590 4567 2663 4620 da
2685 4566 2938 4634 gloriam.
2965 4562 3246 4626 Quoniam
3269 4562 3446 4634 ipsius

100 4658 386 4726 pluraliter
425 4683 536 4722 non
570 4681 856 4730 cessamus,
901 4671 956 4721 et
983 4667 1052 4722 de
1083 4683 1140 4722 se
1173 4667 1278 4722 hoc
1305 4667 1541 4734 dicebat,
1571 4672 1627 4722 et
1653 4667 1722 4722 de

103 4749 216 4806 aliis
257 4758 352 4826 qui
397 4774 528 4814 cum
571 4759 670 4814 illo
707 4763 888 4814 erant.
937 4759 1202 4824 Quamvis
1247 4777 1406 4816 orare
1440 4759 1724 4832 postulare

105 4858 274 4902 unum
301 4849 391 4919 sit,
419 4853 531 4908 hoc
557 4853 810 4923 interest,
839 4852 974 4924 quia
998 4869 1158 4908 orare
1187 4853 1424 4909 dicimus
1449 4853 1517 4909 de
1548 4854 1722 4908 levio-

106 4934 252 4994 ribus
275 4943 460 5016 rebus,
492 4947 780 5018 postulare
801 4951 994 5002 autem
1020 4947 1090 5002 de
1109 4947 1419 5018 majoribus
1445 4951 1501 5002 et
1521 4946 1721 5001 difﬁci-

106 5025 348 5092 lioribus.
399 5039 620 5096 Orando
667 5043 771 5110 est,
812 5039 910 5112 qui
950 5044 1099 5095 stant
1143 5057 1214 5095 ne
1256 5041 1487 5111 cadant;
1528 5043 1722 5112 postu-

108 5118 280 5194 lando,
303 5132 368 5184 ut
394 5132 490 5204 qui
511 5133 703 5205 jacent
733 5135 990 5204 surgant.
1031 5133 1323 5188 Orandum
1367 5141 1453 5189 est
1492 5139 1558 5190 ut
1587 5134 1725 5206 justi

108 5227 550 5297 remunerentur,
587 5227 992 5298 postulandum
1029 5230 1095 5281 ut
1129 5227 1380 5282 scelerati
1409 5227 1723 5298 justiﬁcen-

108 5308 211 5364 tur.
237 5313 311 5369 Ur
336 5331 650 5376 [numnum
688 5336 740 5376 IN
779 5335 1070 5376 somnone
1094 5335 1426 5376 vowsuns
1455 5321 1571 5376 DEI.
1603 5321 1724 5376 Pri-

108 5413 258 5459 mum
307 5411 684 5480 quaerendum
732 5417 818 5467 est
842 5413 982 5484 quid
1011 5413 1082 5467 sit
1108 5413 1277 5484 Deus,
1303 5414 1462 5484 juxta
1492 5415 1724 5485 psalmi-

111 5497 204 5548 staa
229 5513 440 5574 vocem,
468 5505 567 5577 qui
597 5505 677 5561 ait
704 5521 718 5560 :
753 5507 984 5572 Quen-ite
1015 5506 1317 5568 Dominum,
1352 5511 1403 5560 et
1443 5511 1726 5576 conﬁrma-

110 5589 265 5657 mini;
285 5600 504 5662 quam‘te
520 5600 718 5666 faciem
747 5599 864 5668 ejus
891 5613 1125 5668 semper;
1154 5597 1356 5653 deinde
1381 5599 1594 5669 agnitio
1623 5617 1726 5655 vo-

113 5673 328 5744 luntatis
368 5694 488 5765 ejus
521 5697 657 5768 quid
705 5697 839 5752 velit
874 5698 1040 5766 Deus,
1083 5696 1228 5752 sicut
1258 5695 1408 5750 idem
1445 5699 1730 5768 apostolus

113 5774 224 5832 ait:
263 5783 326 5838 Ut
342 5789 578 5857 probetis
617 5805 736 5860 qua
764 5793 838 5846 sit
878 5791 1128 5846 voluntas
1175 5793 1267 5846 Dei
1311 5791 1468 5853 bona,
1513 5796 1562 5845 et
1605 5791 1730 5845 bene

111 5868 336 5942 Placcus,
379 5886 426 5935 et
455 5884 718 5954 per/ecta.
758 5884 832 5938 De
874 5899 987 5954 quo
1019 5881 1122 5954 [Ita
1161 5883 1310 5955 Cod}
1344 5885 1586 5954 qualiter
1612 5899 1728 5938 ser-

1824 4672 1908 4723 est
1934 4667 2101 4722 nobis
2132 4663 2402 4736 perlicere
2431 4661 2491 4714 in
2523 4675 2658 4714 onNi
2684 4673 2927 4712 VIRTU‘I‘E.
2951 4656 3146 4710 Omnis
3175 4656 3352 4709 virtus
3368 4659 3454 4710 est

1824 4761 1919 4816 Dei
1948 4761 2181 4826 donum,
2205 4756 2302 4828 qui
2329 4753 2522 4809 omnia
2541 4757 2812 4824 praestare
2834 4753 3038 4820 potest.
3060 4747 3252 4804 Omnis
3275 4749 3450 4803 virtus

1824 4859 1908 4910 est
1933 4857 1990 4910 et
2015 4851 2221 4906 mentis
2241 4853 2298 4904 et
2327 4846 2593 4918 corporis.
2634 4842 2962 4900 Conﬁrmati
3017 4859 3050 4896 a
3093 4841 3243 4912 quo?
3282 4842 3389 4896 nisi
3421 4858 3454 4896 a

1825 4947 2082 5002 Domino.
2125 4943 2279 4999 Unde
2318 4947 2376 4996 et
2420 4938 2552 4994 alibi
2599 4928 2676 4992 ait
2704 4939 2741 4992 ε’
2769 4937 2872 5002 Qui
2915 4939 2965 4990 et
3007 4937 3340 5004 conﬁrmavit
3357 4949 3450 4990 vos

1823 5057 1988 5112 usque
2029 5042 2090 5093 in
2132 5040 2288 5107 ﬁnem
2337 5037 2451 5088 sine
2511 5033 2756 5086 crimine.
2817 5029 3105 5084 SECUNDUM
3151 5043 3454 5084 poraxruu

1826 5147 2136 5190 nummus
2163 5145 2308 5196 ams,
2337 5127 2393 5182 id
2420 5130 2504 5180 est
2533 5123 2841 5179 secundum
2884 5122 3004 5191 ejus
3042 5121 3332 5189 virtutem,
3361 5121 3450 5175 di-

1825 5233 1988 5283 cente
2007 5223 2298 5281 Psalmista
2320 5237 2334 5275 :
2367 5218 2758 5275 Fortitudinem
2783 5231 2955 5270 meam
2979 5215 3055 5269 ad
3075 5220 3121 5270 te
3138 5216 3454 5270 custodiam.

1827 5322 1969 5376 Hinc
2007 5319 2272 5374 Dominus
2313 5314 2434 5368 ait:
2484 5313 2610 5366 Sine
2652 5325 2732 5364 me
2776 5310 2916 5364 nihil
2951 5312 3198 5379 potestis;
3225 5311 3462 5365 Lucerna

1821 5415 2052 5484 pedibus
2091 5413 2219 5465 meis
2277 5407 2495 5461 verbum
2543 5409 2714 5466 tuum,
2775 5404 3014 5464 Domine,
3069 5407 3119 5456 et
3149 5403 3324 5456 lumen
3374 5418 3458 5458 se-

1826 5510 1973 5562 mitis
1993 5509 2140 5561 meis.
2165 5505 2219 5558 lN
2245 5517 2380 5557 eam
2414 5514 2712 5566 PATIENTIA,
2745 5496 2803 5550 id
2837 5499 2921 5550 est
2949 5511 3079 5549 cum
3106 5495 3378 5566 proximis
3406 5499 3465 5550 et

1829 5599 2092 5670 subjectis
2123 5601 2291 5668 atque
2333 5592 2632 5660 extraneis,
2663 5595 2719 5644 et
2744 5589 3211 5660 persequentibus
3239 5605 3358 5643 nos.
3387 5589 3463 5642 Er

1828 5710 2279 5763 LONGANIMITATE,
2329 5695 2395 5746 ut
2449 5706 2676 5760 semper
2723 5688 2898 5741 simus
2957 5686 3231 5757 patientes
3283 5688 3346 5738 ut
3401 5683 3462 5736 in

1827 5789 2126 5862 prosperis,
2161 5789 2239 5841 ita
2266 5786 2323 5840 in
2349 5784 2615 5839 adversis.
2654 5783 2770 5836 Cum
2805 5795 3022 5836 carem.
3068 5777 3283 5832 Scilicet
3314 5778 3377 5826 ut
3403 5774 3461 5827 in

1831 5881 2286 5937 tribulationibus
2320 5893 2546 5947 semper
2595 5873 2910 5946 gaudeatis,
2953 5876 3216 5924 monenti.-
3260 5866 3462 5919 Jacoho
3501 5863 3506 5868 ’
