4022 6478
519 409 618 479 847
1993 413 2388 474 LUCULENTII
3788 406 3890 467 843

515 530 799 600 apostolo:
830 530 990 584 Omne
1020 526 1279 595 gaudium
1305 529 1622 590 existimate,
1651 530 1851 594 fratres
1870 527 1991 588 mei,
2013 541 2130 579 cum
2151 540 2210 612 Α
2230 528 2354 580 estis
2377 541 2495 579 cum
2519 527 2900 580 malediccerint
2932 525 3077 578 vobis
3115 525 3374 590 homines,
3409 527 3462 576 et
3483 522 3778 592 persecuti
3800 535 3892 572 vos

513 626 567 676 in
594 623 762 676 variis
784 620 1166 674 tentationibus
1183 619 1499 674 incideritis.
1529 620 1623 673 Vel
1643 635 1745 690 per
1768 617 2056 689 passiones
2077 623 2132 672 et
2227 620 2454 685 fuerint,
2482 622 2533 672 et
2559 619 2800 673 dicerint
2845 633 2996 672 omne
3032 617 3236 670 malum
3274 616 3580 669 adversum
3621 629 3722 667 vos
3748 629 3893 666 men~

513 713 897 768 tribulationes
935 712 1189 766 futurum
1231 711 1498 782 gaudium
1537 728 1666 766 cum
1695 711 1912 766 Christo
1946 711 2128 782 perci-

511 805 694 876 piatis,
736 804 1045 860 secundum
1077 803 1250 874 ipsius
1279 804 1616 874 promissum
1653 803 1887 858 dicentis
1919 822 1935 856 :
1987 805 2137 857 Beati

2230 713 2412 766 tientes
2436 717 2658 782 propter
2674 727 2786 776 me;
2805 711 3031 780 gaudete
3057 715 3106 764 ct
3133 709 3424 771 exsultate,
3455 709 3732 776 quoniam
3755 721 3892 758 mer-

2229 820 2306 858 ces
2334 810 2512 860 vestra
2541 805 2712 858 multa
2737 809 2812 858 est
2838 805 2896 856 in
2917 803 3063 856 caelo.

2051 1099 2295 1222 XV.

512 1287 724 1353 Lectio
757 1287 1056 1370 Epistolas
1085 1289 1257 1351 beati
1289 1287 1469 1379 Pauli
1499 1289 1773 1379 apostoli
1791 1290 1900 1379 ad
1909 1289 2328 1379 Colossenses
2358 1288 2468 1379 (III,
2507 1289 2602 1379 12)
2637 1306 2650 1348 :
2685 1286 2968 1379 Fratres,
3003 1285 3256 1349 induite
3292 1304 3446 1362 vos,
3481 1285 3667 1347 sicut
3695 1284 3895 1346 electi

1335 1369 1476 1443 Dei,
1505 1366 1714 1429 sancti
1741 1376 1800 1430 et
1829 1367 2062 1443 dilecti,
2094 1369 2339 1429 viscera
2369 1366 2860 1442 misericordiae,
2893 1370 3013 1426 etc.

1743 1517 2152 1572 COMMENTUM
2195 1517 2612 1572 LUCULENTII.

578 1636 929 1691 Colossenses
967 1637 1099 1687 sunt
1140 1633 1282 1686 sicut
1336 1632 1700 1686 Laodicenses
1749 1633 1956 1687 Asiani.
2009 1633 2120 1696 His,

504 1735 729 1798 accepto
755 1727 920 1779 verbo
945 1725 1210 1792 veritatis,
1230 1723 1466 1777 ﬁrmiter
1489 1725 1834 1778 steteruntin
1863 1725 1990 1790 ﬁde,
2022 1742 2122 1778 nec

503 1820 665 1874 falsos
693 1821 1028 1888 receperunt
1051 1817 1346 1886 apostolos.
1371 1819 1432 1870 In
1449 1821 1669 1870 tantum
1696 1817 1923 1886 perfecti
1949 1815 2118 1887 [Cod.,

2217 1633 2358 1702 puli,
2377 1635 2424 1686 si
2447 1633 2776 1685 dilectionem
2803 1631 3098 1685 habueritis
3124 1633 3183 1683 in
3207 1631 3462 1684 invicem.
3487 1631 3568 1685 Er
3599 1644 3894 1684 DONANTES

2221 1739 2638 1779 vomsuerrrsxs.
2672 1723 2733 1776 ld
2761 1728 2846 1776 est
2873 1723 3212 1777 alterutrum
3242 1722 3630 1776 dimittentes.
3669 1721 3736 1776 SI
3767 1737 3895 1783 ous

2218 1831 2492 1871 ADVERSLIS
2515 1831 2750 1878 ALIQL’EM
2772 1831 2941 1869 uaeer
2967 1831 3273 1876 QUERELAM.
3309 1815 3369 1868 ld
3401 1818 3490 1868 est
3517 1814 3567 1867 si
3598 1817 3668 1866 tu
3701 1813 3770 1866 in
3800 1814 3900 1866 ali-

503 1911 802 1982 persecuti]
846 1915 1024 1974 erant,
1066 1913 1127 1962 ut
1167 1909 1418 1978 apostolo
1467 1924 1580 1962 non
1619 1909 1960 1978 indigerent,
2012 1887 2330 1978 nisquuo
2372 1909 2622 1972 fratrem,
2653 1912 2750 1961 aut
2778 1907 2954 1960 frater
2985 1909 3040 1960 te
3069 1907 3233 1972 laesit,
3277 1906 3534 1960 invicem
3583 1905 3896 1960 dimittere

503 2003 891 2058 exhortatione
948 2005 1188 2054 tantum.
1248 2002 1510 2054 Hortatur
1563 2017 1656 2054 eos
1715 2001 2009 2070 Apostolus
2067 2005 2122 2055 et

499 2097 768 2150 admonet
786 2093 1032 2164 qualiter
1050 2093 1268 2146 Christu
1278 2109 1332 2146 rn
1349 2093 1602 2160 induant,
1622 2093 1837 2146 dicens:
1854 2095 2116 2162 Fauens,

503 2205 716 2244 lNDUITE
766 2201 890 2253 VOS,
945 2201 1095 2240 SICUT
1140 2201 1320 2240 ELECTI
1372 2187 1488 2254 DEI,
1527 2201 1749 2240 VISCERA
1802 2201 2117 2240 MISERICOR-

501 2297 622 2336 nua.
650 2281 790 2334 Nota
815 2278 946 2348 quia
969 2277 1090 2330 aliis
1116 2277 1398 2347 discipulis
1444 2277 1579 2332 dicit
1607 2295 1620 2331 :
1661 2278 1926 2346 Quotquot
1955 2279 2120 2332 credi-

499 2375 672 2435 distis,
707 2373 974 2428 Christum
1003 2371 1292 2435 induistis;
1323 2371 1414 2423 hic
1445 2387 1576 2423 vero
1597 2370 2013 2424 Colossensibus
2040 2370 2118 2424 di-

497 2466 600 2519 cit:
634 2465 845 2520 Induite
873 2477 982 2524 vos,
1012 2465 1147 2516 sicut
1166 2463 1317 2516 electi
1338 2465 1451 2516 Dei.
1475 2466 1549 2516 Ac
1576 2462 1620 2515 si
1660 2463 1807 2516 dicat
1837 2479 1850 2516 :
1898 2462 2116 2517 Induite

497 2573 591 2611 vos
610 2559 798 2610 Jesum
823 2555 1120 2610 Christum.
1169 2557 1235 2608 Et
1267 2555 1412 2608 bene
1456 2555 1610 2622 dicit,
1659 2558 1798 2608 sicut
1835 2556 1984 2608 electi
2025 2557 2118 2608 Dei

497 2666 704 2710 SANCTI,
726 2649 856 2718 quia
881 2665 914 2701 a
939 2649 1049 2701 Deo
1075 2647 1234 2700 electi
1267 2651 1449 2712 erant,
1479 2647 1620 2700 sicut
1649 2647 1922 2701 Dominus
1949 2647 2112 2700 disci-

492 2743 642 2814 pulis
668 2741 854 2796 dicens
886 2759 902 2795 :
928 2744 1046 2799 Non
1065 2755 1156 2793 vos
1193 2756 1273 2793 me
1298 2741 1547 2805 elegistis,
1579 2741 1670 2793 sed
1707 2755 1798 2808 ego
1832 2741 1968 2808 elegi
2002 2756 2112 2794 vos.

495 2836 560 2888 Et
600 2835 930 2904 Apostolus:
982 2834 1120 2898 Quos
1157 2834 1452 2901 prmscivit,
1481 2833 1570 2885 hos
1606 2837 1655 2884 et
1692 2835 1920 2886 vocavit.
1966 2833 2114 2887 Bene

491 2929 682 2988 sancti,
710 2925 840 2996 quia
862 2928 918 2978 et
945 2924 1063 2994 ipse
1090 2927 1313 2978 sanctus
1341 2928 1422 2977 est
1449 2923 1546 2994 qui
1575 2923 1708 2976 dicit
1731 2941 1744 2976 :
1773 2926 1958 2981 Sancti
1987 2929 2115 2978 esto-

494 3025 562 3080 te,
602 3019 732 3086 quia
766 3032 857 3084 ego
896 3021 1114 3069 sanctus
1145 3031 1281 3069 sum.
1316 3017 1530 3092 Viscera
1573 3017 1950 3070 misericordsz
1983 3016 2114 3069 dicit

494 3109 702 3162 viscera
726 3107 970 3178 pietatis,
1011 3107 1141 3175 quia
1166 3106 1228 3158 in
1267 3109 1487 3160 tantum
1521 3123 1615 3159 vos
1651 3107 1866 3175 dilexit,
1908 3113 1970 3161 ut
1999 3123 2113 3160 non

491 3200 742 3272 pretium
771 3199 925 3252 aliud
952 3215 1054 3268 pro
1076 3197 1228 3250 vobis
1250 3198 1424 3266 daret,
1449 3199 1546 3251 sed
1573 3199 1865 3268 proprium
1892 3216 1986 3252 san
1995 3199 2112 3270 gui-

492 3309 622 3347 nem
663 3291 943 3346 funderet.
987 3293 1062 3344 De
1097 3307 1208 3360 quo
1246 3289 1380 3342 olim
1418 3290 1689 3360 propheta
1731 3291 2109 3360 praedixerat:

491 3388 592 3440 Per
619 3386 824 3438 viscera
843 3381 1222 3436 misericordia
1247 3384 1344 3435 Dei
1363 3385 1554 3444 nostri,
1583 3385 1642 3435 in
1657 3383 1848 3451 quibus
1873 3385 2113 3437 visitavit

491 3494 584 3536 nos
610 3479 782 3530 oriens
813 3492 879 3530 ea:
905 3476 1033 3529 alto.
1078 3475 1498 3529 BENIGNITATEM.
1537 3475 1657 3528 Jam
1695 3475 1892 3546 incipit
1936 3492 2106 3546 expo-

489 3586 624 3624 nere
653 3569 786 3639 quid
813 3573 910 3622 aut
929 3567 1168 3638 qualiter
1185 3567 1345 3620 indui
1366 3584 1423 3621 se
1446 3567 1686 3622 debeant
1705 3584 1833 3621 cum
1861 3569 1992 3622 dicit
2022 3570 2107 3622 be-

489 3664 823 3732 nignitatem.
851 3661 1002 3713 Bene
1030 3659 1166 3714 dicit
1197 3661 1604 3728 benignitatem,-
1634 3660 1738 3713 hoc
1767 3665 1851 3714 est
1878 3661 2110 3714 benevo-

490 3754 741 3822 lentiam,
782 3753 885 3807 hoc
924 3756 1008 3806 est
1031 3757 1096 3807 ut
1125 3752 1242 3805 sitis
1263 3751 1520 3806 benevoli
1549 3751 1621 3805 ad
1652 3769 1866 3819 omnes,
1907 3753 1985 3807 ita
2023 3753 2106 3807 di-

488 3847 723 3918 ligentes
756 3851 820 3899 ut
861 3845 1220 3914 vosmetipos.
1264 3845 1658 3900 HUMILITATEM.
1689 3847 1819 3898 Post
1841 3844 2106 3916 benigni-

489 3946 661 3994 tatem
696 3937 948 4008 sequitur
977 3935 1279 3990 humilitas.
1319 3936 1615 3992 Humilitas
1651 3953 1857 4008 magna
1897 3941 1979 3992 est
1996 3939 2105 3992 vir-

488 4040 598 4100 tus,
638 4047 764 4101 qua:
802 4028 1063 4082 homines
1105 4029 1339 4098 angelos
1382 4029 1532 4084 fecit.
1593 4029 1665 4083 De
1707 4029 1810 4083 hac
1862 4046 2107 4101 namque

489 4123 694 4177 dicitur
726 4139 738 4175 :
773 4121 876 4186 Qui
895 4123 1012 4174 sine
1029 4121 1331 4174 humilitate
1348 4125 1599 4176 virtutem
1628 4127 1930 4190 congregat,
1952 4125 2111 4192 quasi

488 4219 584 4286 qui
621 4219 680 4268 in
724 4219 938 4268 ventum
971 4214 1247 4282 pulverem
1278 4219 1482 4282 portat,
1529 4219 1579 4268 et
1615 4217 1776 4284 quasi
1801 4217 1899 4284 qui
1918 4231 2109 4270 merces

489 4309 847 4376 congregavit,
885 4309 1030 4360 misit
1067 4321 1155 4360 eas
1186 4308 1243 4359 in
1280 4307 1553 4360 sacculum
1577 4313 1873 4376 pertusum.
1902 4310 1968 4362 Et
1996 4309 2104 4362 Do-

489 4407 676 4462 minus
703 4405 868 4459 dicit:
897 4405 1089 4459 Discite
1121 4420 1155 4457 a
1194 4419 1274 4457 me
1318 4407 1449 4473 quia
1481 4406 1625 4459 mitis
1661 4422 1778 4460 sum
1812 4411 1861 4459 et
1894 4407 2109 4460 humilis

486 4500 658 4554 corde.
686 4500 1022 4553 Monesrmu.
1052 4496 1316 4550 Modestia
1343 4497 1460 4567 ipsa
1501 4502 1584 4550 est
1623 4503 1678 4551 et
1713 4499 2104 4568 temperantia,

487 4610 596 4647 una
630 4610 697 4646 ex
729 4595 974 4661 quatuor
1008 4589 1308 4644 virtutibus
1352 4588 1778 4660 principalibus.
1835 4591 2182 4669 ModestusD

488 4686 658 4750 enim,
688 4685 746 4738 id
777 4689 858 4737 est
881 4685 1248 4752 temperatus,
1273 4682 1442 4736 debet
1467 4699 1584 4736 esse
1612 4683 1843 4752 quilibet
1870 4683 1954 4736 vir
1977 4701 2105 4758 per-

483 4781 678 4846 fectus,
693 4793 808 4830 non
827 4775 1008 4829 solum
1028 4774 1086 4828 in
1107 4774 1229 4828 cibo
1249 4779 1304 4828 ct
1321 4778 1456 4844 potu
1478 4780 1708 4845 propter
1730 4775 1896 4829 illud:
1923 4777 2110 4830 Atten-

487 4873 596 4926 dite
624 4887 689 4925 ne
716 4874 1008 4939 graventur
1034 4869 1197 4921 corda
1225 4872 1402 4921 vestra
1433 4870 1488 4920 in
1519 4869 1743 4936 crapula
1757 4873 1806 4922 et
1833 4869 2104 4932 ebrietate,

489 4981 682 5018 verum
727 4963 894 5016 etiam
941 4961 998 5014 in
1025 4960 1384 5029 cogitatione,
1427 4964 1482 5013 et
1509 4960 1808 5029 locutione,
1838 4966 1892 5014 et
1918 4978 2107 5031 opera-

487 5058 658 5124 tione,
701 5061 759 5109 et
799 5056 857 5108 in
895 5053 1050 5107 omni
1091 5057 1237 5106 actu.
1284 5053 1630 5107 pATIENTIAM.
1669 5052 1892 5106 Patiens
1941 5053 2107 5108 debet

488 5167 604 5203 esse
669 5149 753 5200 vir
803 5147 1103 5217 perfectus,
1136 5151 1402 5200 monente
1451 5145 1734 5215 Apostolo.
1779 5148 1965 5200 Pacem
2019 5161 2102 5200 se-

487 5243 722 5302 ctamini,
753 5245 803 5293 et
825 5241 1250 5293 sanctimoniam.
1286 5239 1350 5291 Et
1383 5238 1650 5292 Dominus
1688 5238 1855 5293 dicit:
1898 5241 1960 5293 In
1999 5256 2101 5308 pa-

487 5336 674 5388 tientia
727 5339 901 5385 vestra
945 5332 1290 5400 possidebitis
1339 5333 1548 5385 animas
1597 5335 1819 5386 vestras.
1875 5332 1942 5385 Et
1997 5332 2104 5385 alia

487 5425 774 5494 Scriptura
800 5423 933 5477 dicit
961 5439 974 5476 :
1007 5424 1284 5492 Sapientia
1311 5427 1420 5477 viri
1443 5441 1540 5493 per
1561 5425 1881 5494 patientiam
1921 5425 2103 5492 digno-

482 5520 667 5573 scitur.
701 5516 1116 5569 Srrronrssres
1163 5531 1399 5570 INVICEM.
1435 5517 1624 5586 Ipsum
1651 5520 1735 5570 est
1777 5517 1928 5586 quod
1972 5516 2102 5569 alibi

485 5611 650 5665 dicit:
676 5609 830 5664 Alter
857 5606 1080 5660 alterius
1103 5622 1264 5660 onera
1277 5613 1511 5677 portate,
1539 5614 1588 5664 ct
1624 5610 1699 5664 sic
1741 5608 2102 5678 adimplebitis

482 5706 647 5774 legem
694 5701 910 5760 Christi.
948 5699 1061 5751 Lex
1099 5699 1301 5752 Christi
1347 5701 1566 5754 dilectio
1613 5706 1716 5769 est,
1771 5719 1942 5772 quam
1966 5707 2100 5756 tunc

482 5797 806 5868 implemus,
837 5792 884 5846 si
920 5789 1156 5844 invicem
1199 5808 1300 5845 nos
1341 5791 1676 5848 suﬁ‘erimus.
1725 5795 1792 5846 Et
1834 5794 2100 5848 Dominus

483 5890 649 5944 dicit:
687 5891 755 5943 In
786 5888 882 5942 hoc
913 5889 1218 5951 cognoscent
1251 5899 1426 5940 omnes
1465 5889 1598 5953 quia
1631 5889 1735 5942 mei
1767 5889 1888 5943 estis
1934 5888 2097 5942 disci-

2133 3241 2186 3314 C

2220 2000 2453 2067 debetis,
2475 2000 2532 2053 id
2553 2005 2634 2053 est
2654 1999 2885 2065 donare,
2915 2004 3150 2070 propter
3175 1999 3320 2052 illud
3350 2015 3364 2052 :
3393 2001 3707 2059 Dimittite,
3735 2005 3790 2051 et
3819 1999 3900 2050 di—

2217 2095 2458 2146 mittetur
2481 2093 2662 2153 vobis;
2696 2093 2840 2154 date,
2863 2096 2913 2146 et
2939 2092 3162 2145 dabitur
3193 2092 3384 2156 vobis;
3414 2091 3576 2161 quod
3601 2091 3718 2162 qui
3749 2091 3898 2144 fece-

2217 2185 2309 2251 rit,
2345 2184 2682 2238 ﬁducialiter
2723 2185 2891 2238 audet
2921 2185 3106 2238 dicere
3133 2183 3194 2237 in
3221 2183 3483 2237 oratione
3515 2183 3848 2237 Dominica
3881 2203 3894 2236 :

2216 2280 2433 2332 Dimitte
2459 2277 2608 2330 nobis
2636 2277 2814 2330 debita
2837 2283 3040 2340 nostra,
3070 2261 3210 2330 sicut
3237 2281 3287 2330 et
3313 2292 3410 2331 nos
3432 2277 3796 2331 dimittimus
3811 2277 3900 2330 de-

2219 2371 2478 2422 bitoribus
2515 2371 2732 2423 nostris.

2287 2463 2457 2516 SUPER
2508 2477 2680 2516 ouum
2721 2476 2898 2515 AU'I‘EM
2953 2475 3094 2525 nec,
3153 2476 3501 2516 susurrum;
3567 2477 3897 2529 mansuras,

2217 2571 2358 2616 QL’OD
2410 2569 2504 2608 EST
2549 2569 2823 2608 Vincunt
2887 2569 3293 2608 PERFECTIONIS.
3342 2554 3487 2608 Huic
3541 2555 3756 2610 simile
3819 2561 3906 2610 est

2213 2647 2613 2716 illudapostoli
2644 2645 2793 2700 Petri
2825 2662 2838 2698 :
2874 2648 3055 2700 Estote
3104 2647 3428 2715 prudentes,
3460 2653 3515 2702 et
3554 2651 3816 2718 vigilate
3849 2654 3904 2703 in

2215 2741 2543 2793 orationibus
2565 2757 2580 2802 ;
2609 2744 2733 2792 ante
2753 2741 2934 2792 omnia
2954 2745 3136 2792 autem
3160 2744 3414 2792 mutuam
3437 2743 3499 2792 in
3527 2742 3906 2812 vobismetip—

2211 2835 2284 2886 sis
2301 2832 2616 2885 charitatem
2637 2833 2944 2884 continuam.
2973 2831 3246 2885 habentes.
3272 2831 3546 2886 Charitas
3573 2834 3906 2906 aliquoties

2213 2923 2361 2976 inter
2388 2929 2616 2978 caeteras
2636 2924 2870 2976 virtutes
2894 2923 3080 2992 prima
3100 2924 3339 2993 ponitur
3363 2925 3436 2978 ab
3455 2928 3742 2996 apostolo
3773 2946 3906 3000 pro-

2211 3022 2338 3086 pter
2363 3016 2713 3086 dignitatem,
2733 3016 2820 3069 vel
2851 3015 3376 3085 mansuetudinem,
3408 3034 3480 3072 eo
3510 3021 3685 3089 quod
3711 3024 3907 3093 major

2212 3109 2283 3162 sit
2314 3110 2528 3162 cmteris
2559 3109 2878 3162 virtutibus.
2909 3109 3013 3162 Ubi
3047 3124 3180 3163 vero
3209 3109 3416 3163 ultimo
3450 3111 3584 3166 loco
3620 3115 3904 3184 ponitur,

2213 3218 2324 3254 non
2367 3206 2601 3272 propter
2641 3201 3014 3271 exiguitatem
3068 3201 3157 3255 vel
3199 3202 3700 3276 diminutionem,
3741 3211 3904 3280 quod

2211 3295 2396 3348 minor
2420 3295 2509 3362 sit,
2546 3294 2642 3347 sed
2674 3299 2903 3364 propter
2927 3294 3378 3350 fundamentum
3405 3299 3502 3351 vel
3533 3299 3910 3358 solidamen-

2211 3393 2332 3440 tum
2353 3387 2598 3456 ponitur,
2629 3387 2772 3440 sicut
2800 3403 2904 3458 pro
2934 3387 3191 3458 Ephesiis
3217 3394 3348 3444 orat
3377 3390 3586 3446 dicens
3616 3410 3631 3447 :
3666 3397 3742 3450 1η
3775 3399 3905 3450 cha-

2209 3481 2372 3534 ritate
2396 3479 2630 3533 radicati
2655 3484 2705 3534 et
2739 3480 2998 3546 fundati;
3027 3480 3150 3550 ipsa
3180 3486 3266 3535 est
3295 3482 3462 3537 enim
3489 3485 3672 3540 radix
3708 3490 3906 3544 omni-

2211 3587 2305 3625 um
2321 3571 2611 3637 virtutum,
2640 3571 2758 3625 sine
2785 3587 2899 3642 qua
2925 3572 3162 3626 virtutes
3181 3579 3411 3628 caetera:
3431 3577 3582 3632 vitia
3608 3587 3908 3652 reputan-

2210 3667 2320 3717 tur.
2341 3663 2491 3717 Sicut
2511 3663 2686 3733 enim,
2711 3664 2870 3718 verbi
2891 3665 3072 3735 gratia
3084 3665 3292 3735 dicam,
3309 3667 3532 3740 aliquis
3551 3671 3750 3728 homo
3773 3693 3902 3729 ma-

2208 3756 2472 3827 nipulum
2502 3756 2706 3810 faciens
2723 3773 2792 3810 ex
2807 3757 3042 3828 virgulis
3064 3759 3414 3828 agrestibus,
3443 3779 3701 3822 necesse
3726 3773 3820 3823 est
3844 3775 3908 3823 ut

2209 3865 2338 3902 cum
2363 3865 2475 3902 una
2505 3865 2576 3902 ex
2604 3849 2710 3902 illis
2734 3852 2791 3902 et
2807 3855 3038 3904 caeteras
3059 3851 3447 3924 constringat,
3474 3871 3556 3910 ne
3587 3859 3716 3914 huc
3736 3861 3906 3916 illuc-

2208 3957 2318 4012 que
2347 3941 2780 4012 dispergantur;
2814 3943 2890 3996 sic
2918 3957 3148 3997 necesse
3179 3950 3263 3998 est
3287 3949 3357 3999 ut
3377 3949 3753 4023 quicunque
3789 3972 3903 4010 cae-

2207 4042 2355 4092 teras
2367 4038 2599 4093 virtutes
2629 4039 2836 4093 habere
2853 4039 3158 4110 desiderat,
3176 4041 3391 4098 habeat
3411 4045 3747 4105 vinculum
3777 4069 3906 4124 per-

2207 4131 2483 4199 fectionis,
2517 4131 2868 4202 charitatem,
2917 4133 3048 4203 quia
3091 4137 3158 4187 ut
3196 4135 3316 4189 dixi
3363 4144 3610 4195 caetera
3642 4145 3908 4201 virtutes

2209 4223 2326 4277 sine
2357 4223 2625 4278 charitate
2652 4224 2797 4278 nihil
2825 4230 2976 4279 sunt.
3009 4225 3149 4280 Hinc
3180 4227 3318 4281 alibi
3352 4229 3499 4286 dicit
3532 4239 3864 4304 apostolus
3891 4257 3903 4293 :

2205 4319 2266 4372 Si
2307 4317 2504 4384 linguis
2531 4318 2803 4372 hominum
2833 4319 3026 4388 loquar
3057 4325 3108 4372 et
3131 4323 3483 4390 angelorum,
3541 4329 3905 4388 charitatem

2207 4426 2312 4463 non
2351 4410 2594 4474 habeam,
2608 4411 2792 4477 factus
2810 4428 2926 4465 sum
2939 4413 3089 4466 velut
3108 4429 3178 4466 aes
3197 4429 3404 4470 sonans
3434 4423 3542 4472 aut
3558 4425 3905 4490 cymbalum

2208 4503 2456 4558 tinniens.
2486 4504 2559 4558 Er
2587 4519 2688 4558 PAX
2715 4506 2934 4559 Cumer
2958 4521 3298 4562 EXSULTETIN
3329 4523 3620 4568 CORDIBUS
3641 4532 3906 4575 vnsrms.

2207 4596 2318 4649 Pax
2346 4600 2535 4650 nostra
2561 4596 2813 4652 Christus
2843 4602 2945 4666 est,
2991 4597 3214 4652 dicente
3262 4603 3548 4672 Apostolo
3578 4624 3593 4661 :
3632 4611 3773 4680 Ipse
3830 4619 3912 4667 est

2201 4705 2319 4758 paa:
2346 4693 2550 4750 nostra,
2589 4692 2686 4758 qui
2707 4691 2836 4756 fecit
2865 4695 3096 4760 utraque
3115 4708 3306 4748 unum.
3349 4695 3421 4749 Et
3463 4696 3709 4756 iterum
3735 4723 3752 4758 :
3786 4708 3915 4761 Pax

2207 4779 2303 4830 Dei
2329 4793 2446 4845 quae
2465 4783 2750 4847 emsuperat
2780 4793 2983 4832 omnem
3002 4795 3236 4844 sensum,
3260 4784 3554 4840 custodiat
3580 4794 3772 4846 corda.
3796 4812 3914 4848 res-

2207 4874 2293 4923 tra
2323 4873 2371 4922 et
2391 4871 2773 4938 intelligentias
2791 4876 3015 4926 vestras.
3039 4873 3302 4928 Exsultat
3323 4877 3488 4932 enim
3517 4879 3587 4935 in
3613 4887 3913 4942 cordibus

2206 4966 2546 5030 sanctorum,
2579 4979 2707 5016 cum
2739 4980 2835 5018 eos
2859 4965 3135 5020 exsultare
3167 4966 3328 5022 facit.
3365 4969 3443 5024 De
3476 4989 3608 5042 qua
3643 4981 3914 5035 exsulta-

2205 5053 2355 5108 tione
2402 5055 2678 5125 propheta
2726 5055 2900 5110 dicit:
2937 5060 3312 5114 Emsultabunt
3341 5068 3542 5118 sancti
3587 5071 3656 5123 in
3694 5075 3910 5139 gloria.

2205 5147 2340 5200 Huic
2372 5147 2552 5200 simile
2579 5152 2664 5202 est
2691 5149 2845 5219 quod
2871 5150 3040 5205 alibi:
3072 5154 3228 5207 Misit
3256 5157 3399 5210 Deus
3430 5159 3746 5226 Spiritum
3781 5169 3917 5221 Filii

2202 5242 2288 5294 sui
2313 5241 2370 5292 in
2394 5240 2556 5294 corda
2587 5241 2910 5296 clamantem
2939 5261 2954 5296 :
2984 5245 3143 5298 Abba
3174 5247 3362 5309 Pater,
3393 5255 3454 5302 et
3485 5266 3499 5304 :
3543 5256 3688 5322 Ipse
3720 5261 3910 5330 εικῆ-

2203 5336 2288 5386 tus
2335 5336 2693 5387 testimonium
2729 5335 2919 5389 reddet
2963 5339 3192 5406 spiritui
3221 5345 3434 5404 nostro,
3485 5351 3659 5413 quod
3717 5369 3914 5409 sumus

2199 5427 2305 5494 ﬁlii
2325 5427 2438 5480 Dei.

2271 5519 2328 5573 IN
2357 5533 2463 5579 oro
2493 5535 2554 5572 er
2584 5535 2778 5574 VOCATI
2825 5536 2992 5590 ESTlS,
3033 5523 3090 5577 id
3123 5529 3208 5578 est
3238 5525 3301 5579 in
3341 5527 3620 5603 Christo,
3679 5545 3796 5609 qui
3824 5559 3912 5597 vos

2200 5613 2408 5664 vocavit
2432 5612 2496 5665 de
2528 5614 2754 5667 tenebris
2779 5616 2838 5666 in
2863 5615 3195 5671 admirabile
3227 5619 3416 5674 lumen
3449 5637 3662 5684 suum.
3702 5634 3910 5692 Unum

2200 5717 2402 5773 corpus
2423 5703 2552 5759 dicit
2577 5707 2830 5758 sanctam
2857 5707 3183 5779 Ecclesiam,
3211 5725 3572 5784 quamquam
3595 5722 3670 5778 in
3704 5737 3909 5798 partes

2200 5794 2374 5850 divisa
2398 5796 2488 5864 sit,
2506 5797 2776 5852 membris
2790 5797 3048 5856 fidelium
3065 5805 3265 5858 tamen
3287 5805 3543 5866 collecta
3574 5794 3798 5877 unum
3831 5830 3912 5878 est

2200 5904 2420 5961 corpus.
2460 5892 2562 5946 Vos
2594 5893 2716 5947 estis
2759 5907 2953 5961 corpus
2992 5895 3218 5962 Christi,
3273 5898 3415 5956 dicit
3443 5905 3823 5990 Apostolus,
3855 5924 3906 5974 et
