4022 6404
135 368 229 420 849

1442 364 1505 417 IN
1545 366 1688 417 CAP.
1735 366 1775 418 ll
1816 364 1902 419 AD
1942 365 2165 418 TITL'M.

3383 364 3486 417 830

134 471 355 525 membra
386 469 454 523 de
482 470 753 531 membris,
785 474 842 523 et
873 485 885 523 :
925 470 1074 523 Sicut
1112 472 1171 523 in
1205 486 1308 523 uno
1340 485 1558 539 corpore
1585 472 1756 525 multa
1780 482 1836 553 Α
1857 471 2072 541 respuit
2086 472 2276 539 Vetus,
2300 488 2414 525 non
2443 477 2528 525 est
2549 472 2747 525 doctus
2769 471 2928 525 omni
2957 470 3255 541 sapientia.
3273 470 3481 525 Aliter:

135 564 359 617 membra
391 563 674 618 habemus.
716 564 791 617 Er
839 579 994 618 eam
1038 579 1253 618 esrora.
1285 564 1343 618 Id
1385 566 1467 617 est
1500 565 1756 633 gratiosi,

137 655 509 728 acceptabiles
532 656 607 710 ad
630 672 849 710 omnes.
880 656 1034 710 Sicut
1056 656 1211 710 idem
1235 656 1304 709 de
1328 673 1385 710 se
1414 656 1549 710 dicit
1573 674 1585 711 :
1610 658 1764 711 Sicut

135 756 179 804 et
202 766 291 817 ego
314 766 418 819 per
448 752 635 803 omnia
667 750 910 803 omnibus
936 750 1141 818 placeo.
1174 751 1397 805 VERBUM
1428 751 1670 817 CHRISTI,
1704 750 1763 805 id

137 848 213 897 est
242 842 507 896 doctrina
533 842 762 909 Christi,
797 846 854 895 et
881 842 1253 912 Evangelium
1281 844 1507 910 Christi,
1538 860 1762 899 HABITET

135 954 181 992 ιχ
208 952 361 991 VOBIS
393 952 771 1001 ABUNDANTER,
810 939 871 989 ut
910 936 1019 989 hoc
1057 936 1209 1006 quod
1246 936 1560 1006 intelligitis
1591 954 1761 1007 opere

136 1029 482 1100 compleatis.
502 1029 884 1082 Abundanter
904 1028 1057 1082 enim
1081 1029 1136 1081 in
1162 1030 1434 1099 quolibet,
1458 1046 1587 1083 cum
1608 1034 1762 1083 recte

138 1122 414 1194 intelligit,
451 1126 508 1175 et
549 1137 723 1191 opere
760 1121 987 1191 implet;
1040 1122 1591 1191 superabundanter,
1632 1139 1762 1177 cum

141 1216 253 1269 aliis
280 1218 503 1285 erogat.
534 1216 773 1284 Pr0pter
800 1214 935 1268 illud
966 1215 1119 1284 quod
1148 1216 1422 1269 Dominus
1442 1215 1610 1269 dicit:
1636 1216 1764 1281 Quis

138 1316 290 1379 putas
317 1314 395 1363 est
420 1309 601 1378 ﬁdelis
630 1309 969 1377 dispensator
990 1313 1038 1361 et
1053 1309 1292 1377 prudens
1320 1325 1471 1377 quem
1491 1312 1765 1363 constituit

142 1406 380 1456 Dominus
419 1417 588 1470 super
624 1403 897 1468 familiam
940 1404 1141 1454 suam?
1180 1404 1247 1455 Et
1291 1401 1497 1455 iterum
1533 1418 1545 1454 :
1581 1402 1766 1455 Omnis

141 1498 306 1548 scriba
334 1496 524 1548 doctus
554 1496 612 1547 in
640 1511 802 1563 regno
828 1496 1094 1557 certorum,
1120 1496 1311 1549 similis
1338 1500 1415 1548 est
1442 1496 1642 1548 homini
1657 1512 1760 1564 pa-

144 1590 475 1655 trifamilias,
499 1590 597 1657 qui
622 1590 835 1656 profert
853 1589 916 1641 de
940 1590 1187 1641 thesauro
1214 1603 1308 1641 suo
1332 1604 1468 1641 nova
1493 1593 1544 1641 et
1562 1591 1759 1642 vetera.

144 1684 192 1735 lx
224 1697 354 1736 03m
384 1697 693 1746 summu,
725 1680 783 1733 id
819 1684 899 1733 est
934 1680 988 1733 in
1020 1680 1205 1733 Veteri
1234 1684 1290 1733 et
1318 1680 1375 1733 in
1408 1682 1553 1734 Novo
1583 1682 1764 1735 Testa-

148 1780 349 1828 mento.
382 1774 489 1838 Qui
532 1773 691 1827 enim
735 1773 937 1844 recipit
977 1775 1194 1827 Novum
1224 1775 1675 1840 Testamentum,
1709 1776 1765 1826 et

1861 568 1915 618 in
1935 568 2083 618 omni
2098 568 2387 635 sapientia,
2408 564 2464 617 in
2492 564 2683 618 littera
2709 567 2766 617 et
2792 564 3081 618 intellectu
3103 563 3402 634 spirituali,
3425 563 3484 618 in

1863 658 2136 727 allegoria
2181 662 2241 711 ut
2287 658 2394 711 hoc
2440 658 2594 728 quod
2624 658 2764 727 legit
2794 655 3163 727 spiritualiter
3206 656 3483 711 disserere

1861 752 2061 804 valeat.
2104 753 2383 805 Docexms
2432 768 2493 805 ET
2535 766 2947 805 COMMONENTES.
2996 751 3272 803 Doccntes
3321 750 3483 816 alios,

1862 847 2294 897 commonentes
2325 844 2716 913 vosmetipsos.
2760 843 2821 896 1d
2848 843 3035 913 ipsum
3063 845 3147 897 est
3175 842 3331 912 quod
3361 842 3484 896 aliis

1864 935 2148 1005 discipulis
2179 936 2317 988 dicit
2340 953 2351 989 :
2387 937 2491 1001 Qui
2515 938 2665 990 docet
2689 939 2747 989 in
2771 937 3035 997 doctrina,
3058 934 3155 1004 qui
3173 937 3487 989 exhortatur

1863 1030 1920 1081 in
1947 1030 2294 1082 exhortando.
2332 1028 2496 1092 Quod
2526 1029 2604 1082 ibi
2636 1028 2790 1095 dicit,
2822 1032 2920 1098 qui
2946 1030 3094 1082 docet
3132 1031 3188 1081 in
3214 1029 3482 1090 doctrina,

1864 1122 1970 1174 hoc
1994 1124 2052 1173 et
2077 1120 2165 1174 hic
2189 1121 2325 1175 dicit
2345 1122 2605 1175 docentes.
2630 1123 2695 1175 Et
2723 1121 2875 1191 quod
2905 1121 3001 1187 ibi,
3023 1121 3121 1191 qui
3149 1123 3483 1187 erchortatur,

1863 1213 1971 1267 hoc
2016 1217 2073 1267 et
2115 1213 2207 1267 hic
2249 1219 2631 1268 commonentes
2676 1230 3060 1268 vosuerirsos.
3104 1213 3263 1267 Unde
3311 1216 3367 1266 et
3411 1213 3483 1266 ad

1862 1305 2045 1359 Titum
2095 1323 2107 1359 :
2154 1309 2275 1361 Haec
2308 1308 2518 1375 loquere
2564 1312 2614 1359 et
2652 1309 2949 1360 exhortare.
3001 1306 3114 1360 Sed
3154 1306 3212 1359 in
3257 1323 3371 1376 quo
3422 1322 3481 1359 se

1863 1415 2236 1452 commonere
2270 1399 2569 1465 deberent,
2601 1399 2896 1453 evidenter
2924 1400 3149 1469 aperuit
3186 1415 3314 1452 cum
3351 1399 3480 1451 sub-

1856 1492 2046 1562 junxit
2076 1509 2088 1546 :
2121 1494 2175 1547 IN
2210 1507 2433 1547 PSALMIS
2476 1509 2537 1546 ET
2582 1509 2802 1547 musis.
2834 1494 3089 1545 Psalmus
3127 1492 3372 1562 pertinet
3414 1492 3485 1545 ad

1863 1602 2085 1655 corpus,
2116 1584 2363 1654 hymnus
2398 1585 2471 1638 ad
2510 1592 2784 1650 mentem,
2818 1584 3103 1639 canticum
3143 1584 3214 1637 ad
3257 1585 3483 1639 fortitu-

1865 1677 2121 1731 dinem...

1671 2080 1973 2202 XVI.

148 2271 343 2333 Lectio
374 2270 685 2351 Epistolaa
715 2271 887 2333 beati
918 2270 1101 2334 Pauli
1131 2271 1411 2351 apostoli
1441 2270 1772 2351 adTitum
1803 2270 1889 2347 (ιι,
1930 2272 2027 2349 11)
2062 2292 2076 2331 :
2110 2271 2444 2351 Apparuit
2467 2272 2689 2351 gratia
2731 2271 2855 2333 Dei
2893 2270 3259 2339 Saluatoris
3287 2268 3493 2331 nostri

1338 2350 1636 2412 omnibus
1706 2350 2109 2425 hominibus,
2169 2350 2291 2411 etc.

1381 2488 1794 2545 COMMENTUM
1834 2487 2252 2542 LUCULENTII.

202 2614 348 2668 Titus
371 2616 789 2687 interpretatur
819 2633 1079 2686 quaerens
1106 2617 1323 2669 bonum
1353 2616 1464 2670 sive
1496 2617 1756 2671 luctatus.

141 2708 357 2761 Secutus
401 2713 488 2761 est
532 2711 772 2762 Paulum
812 2710 1133 2779 apostolum
1179 2714 1235 2762 et
1284 2712 1472 2779 pastor
1512 2710 1761 2763 ecclesia:

140 2800 243 2853 sive
274 2803 556 2873 magister
581 2803 651 2855 ab
681 2802 887 2856 eodem
919 2802 1251 2857 constitutus
1279 2807 1380 2867 est,
1415 2819 1545 2856 cum
1580 2802 1716 2855 dicit
1747 2820 1758 2856 :

140 2896 307 2962 Hujus
339 2900 417 2950 rei
441 2899 632 2964 gratia
662 2898 860 2965 rrliqui
880 2902 926 2951 te
948 2898 1115 2951 Cretae
1141 2902 1201 2950 ut
1227 2914 1343 2965 qua:
1374 2898 1566 2951 desunt
1592 2901 1761 2950 corri-

140 3004 225 3051 gas
250 2994 296 3042 et
321 2993 622 3043 constituas
650 2993 917 3059 episcopos
946 3007 1041 3059 per
1067 2994 1332 3049 civitates,
1372 2994 1508 3044 sicut
1541 3007 1632 3058 ego
1668 2992 1763 3044 tibi

142 3081 382 3150 diSposui.
413 3082 617 3136 Omnis
639 3083 737 3151 qui
757 3083 972 3136 bonum
1003 3083 1224 3153 quaerit,
1256 3082 1311 3137 id
1344 3088 1426 3137 est
1454 3084 1758 3137 Dominum

141 3190 195 3226 ac
234 3175 405 3228 vitam
453 3179 757 3243 aeternam,
808 3176 1116 3246 Epistolam
1164 3177 1313 3230 hanc
1350 3176 1419 3229 ad
1459 3193 1517 3228 se
1565 3181 1761 3230 noscat

142 3268 533 3338 conscriptam,
549 3285 655 3338 per
672 3286 845 3339 quam
866 3269 1177 3323 erudiatur.
1195 3269 1500 3338 Dupliciter
1518 3269 1759 3338 intelligi

144 3364 313 3428 potest
341 3363 497 3432 quod
536 3362 691 3415 dicit.
724 3366 1004 3417 APPARI'IT
1034 3379 1227 3416 GltATlA
1260 3362 1619 3427 SALVATORIS;
1652 3363 1759 3415 hoc

142 3459 215 3507 est
241 3456 321 3507 vel
355 3456 471 3526 ipse
500 3456 783 3521 Salvator,
804 3456 873 3508 de
906 3473 1017 3526 quo
1041 3458 1291 3509 Joannes
1321 3472 1333 3509 :
1364 3457 1610 3511 Vidimus
1644 3458 1755 3524 glo-

142 3550 265 3601 riam
294 3551 426 3617 ejus,
448 3550 681 3615 gloriam
713 3551 873 3618 quasi
897 3551 1165 3617 unigeniti
1194 3565 1225 3601 a
1252 3552 1429 3603 Patre.
1458 3549 1559 3611 Qui
1583 3566 1755 3618 appa-

142 3641 241 3694 ruit
268 3642 339 3695 ad
371 3643 478 3696 hoc
516 3645 577 3695 ut
606 3642 659 3694 in
692 3658 749 3694 se
782 3642 1142 3695 credentibus
1169 3641 1330 3694 daret
1358 3642 1616 3695 bravium
1636 3642 1760 3695 vita:

141 3737 376 3800 :eternce,
412 3735 568 3805 quod
607 3735 782 3804 [Cod.,
819 3736 1012 3804 quem]
1057 3735 1244 3787 nullus
1283 3736 1431 3787 valet
1467 3735 1757 3803 consequi,

142 3826 235 3880 nisi
255 3829 500 3898 gratuita
520 3828 617 3882 Dei
642 3828 1051 3881 misericordia.
1071 3830 1182 3880 Aut
1203 3832 1351 3881 certe.
1376 3827 1559 3897 gratia
1581 3828 1760 3881 sancti

141 3922 437 3991 Evangelii,
487 3937 617 3992 qua:
672 3938 779 3991 per
831 3920 1161 3974 universum
1206 3920 1409 3974 claruit
1453 3920 1755 3987 mundum,

139 4014 362 4069 Domino
391 4013 758 4085 praecipiente
792 4014 1077 4084 discipulis
1109 4030 1121 4067 :
1152 4016 1231 4067 Ite
1264 4016 1319 4066 in
1346 4014 1604 4066 mundum
1632 4016 1756 4067 uni-

141 4123 354 4169 versum;
380 4109 678 4177 przedirate
699 4109 1049 4173 Evangelium
1071 4110 1213 4161 omni
1243 4112 1517 4161 creaturae.
1546 4108 1623 4160 De
1646 4124 1760 4176 qua

140 4202 307 4257 stratia
334 4202 469 4255 dicit
490 4202 775 4272 propheta
797 4218 809 4254 :
836 4203 1155 4269 Ermquarit
1173 4204 1407 4268 gratiam
1426 4202 1479 4253 in
1500 4203 1755 4269 gratiam.

140 4294 195 4347 lit
223 4296 467 4349 Joannes
493 4313 505 4349 :
530 4299 602 4350 De
614 4295 954 4363 plenitudine
975 4295 1089 4361 ejus
1110 4309 1284 4347 omnes
1314 4297 1617 4363 accepimus
1638 4311 1757 4362 gra-

136 4390 256 4441 tiam
276 4406 377 4457 pro
407 4391 611 4457 gratia.
644 4387 887 4442 OMNIBUS
919 4402 1235 4452 HOMINIBUS,
1255 4387 1368 4440 sive
1393 4386 1622 4452 Judmis,
1644 4385 1756 4439 sive

138 4482 391 4535 omnibus
410 4481 742 4536 nationibus
762 4498 889 4551 quas
912 4482 966 4535 in
989 4497 1120 4535 eum
1143 4480 1531 4534 crediderunt.
1549 4480 1634 4533 Ad
1651 4480 1758 4535 hoc

138 4573 236 4625 illis
258 4574 539 4645 apparuit,
556 4580 634 4640 ut,
652 4574 849 4628 relicta
866 4580 1141 4639 creatura,
1159 4575 1397 4627 adorent
1413 4573 1753 4628 Creatorem.

136 4667 398 4723 ERL’DIENS
445 4683 567 4724 NOS.
620 4667 679 4722 ld
723 4672 825 4735 est,
876 4667 1083 4721 docens
1126 4684 1248 4721 nos.
1290 4667 1558 4721 Eruditus
1600 4666 1755 4721 enim

137 4759 330 4815 dicitur
369 4763 590 4829 doctus,
634 4761 889 4816 imbutus
935 4765 1106 4831 atque
1152 4761 1479 4815 instructus.
1533 4760 1686 4815 Sicut
1724 4777 1753 4813 e

1864 2611 1932 2676 ei,
1972 2609 2200 2663 Barbari
2241 2616 2297 2663 et
2336 2608 2578 2679 Scythae,
2616 2608 2758 2660 servi
2800 2612 2857 2662 et
2891 2607 3127 2675 domini,
3171 2606 3489 2661 circumcisi

1864 2707 1921 2756 et
1950 2702 2231 2773 praeputia
2257 2702 2539 2767 habentis,
2563 2700 2795 2755 masculi
2817 2704 2873 2754 et
2894 2699 3139 2765 feminae,
3164 2700 3261 2754 sed
3285 2715 3486 2754 omnes

1864 2797 1919 2849 in
1952 2797 2171 2850 Christo
2200 2812 2377 2848 unum
2407 2812 2623 2848 sumus.
2649 2796 2771 2847 Non
2801 2797 2884 2847 est
2920 2794 3073 2846 enim
3107 2809 3483 2863 personarum

1865 2893 2145 2960 acceptor,
2172 2892 2268 2957 qui
2293 2904 2470 2942 omnes
2493 2888 2609 2941 vult
2630 2888 2805 2941 salvos
2825 2889 2961 2954 fieri,
2989 2891 3038 2940 et
3067 2887 3141 2939 ad
3165 2889 3487 2953 agnitionem

1861 2986 2106 3035 veritatis
2128 2985 2326 3035 venire.
2352 2981 2562 3034 Omnes
2586 2980 2740 3033 enim
2762 2980 2833 3032 ad
2852 2996 3094 3048 regnum
3116 2996 3280 3032 suum
3306 2984 3484 3044 vocat;

1864 3093 2067 3128 omnes
2098 3078 2222 3145 post
2262 3075 2541 3127 offensam
2582 3073 2723 3125 Patri
2764 3076 2960 3126 nostro
3005 3089 3196 3125 sumus
3232 3073 3485 3127 reconci-

1861 3168 2060 3235 liandi,
2099 3185 2210 3221 non
2248 3184 2350 3236 per
2378 3166 2584 3219 merita
2613 3169 2828 3232 nostra,
2858 3166 2951 3219 sed
2982 3182 3085 3235 per
3104 3165 3349 3235 gratiam
3372 3165 3491 3220 Sal-

1861 3260 2088 3325 vatoris,
2121 3260 2172 3313 id
2212 3264 2295 3312 est
2338 3259 2476 3312 Filii.
2526 3259 2662 3322 Qum
2709 3259 2894 3328 gratia
2935 3259 3131 3328 patris,
3170 3261 3268 3312 aut
3308 3258 3486 3329 gratia

1862 3353 2022 3405 Filii“?
2051 3369 2163 3422 qua
2198 3352 2474 3421 redempti
2504 3369 2717 3416 sumus,
2745 3351 2836 3405 cui
2863 3352 3069 3405 dicitur
3096 3368 3200 3421 per
3235 3351 3480 3423 prophe-

1861 3449 1977 3497 tam
2012 3462 2023 3498 :
2050 3448 2151 3498 Pro
2178 3446 2344 3497 nihilo
2369 3445 2605 3497 salvabis
2634 3459 2744 3497 nos.

1930 3540 2006 3592 UT
2036 3554 2374 3592 sumemus
2420 3553 2763 3591 IMPIETATEM.
2815 3536 3194 3606 lmpietatem,
3245 3536 3478 3591 idolola-

1863 3632 2052 3696 triam,
2102 3632 2185 3683 vel
2232 3629 2633 3683 inﬁdelitatem
2675 3628 2812 3681 dicit
2864 3646 2876 3682 :
2926 3629 3046 3698 ipsa
3090 3632 3175 3681 est
3218 3629 3483 3699 impietas

1861 3740 2030 3793 quam
2073 3723 2367 3776 Zacharias
2396 3722 2676 3793 prepheta
2713 3721 2851 3774 vidit
2893 3722 3093 3775 sedere
3122 3738 3290 3792 super
3328 3739 3478 3776 mas-

1860 3834 1980 3869 sam
2010 3818 2358 3886 plumbeam,
2402 3816 2457 3869 in
2509 3815 2791 3869 foramine
2823 3815 3135 3885 amphorae.
3167 3816 3477 3871 SECULARIA

1860 3928 2138 3965 DESlDEltlA
2168 3910 2303 3962 dicit
2323 3912 2480 3963 actus
2506 3910 2781 3977 carnales,
2812 3924 2953 3978 quos
2978 3910 3277 3979 Apostolus
3305 3926 3480 3980 expo-

1861 4004 1945 4057 nit
1976 4021 1988 4057 :
2017 4006 2309 4069 Manifesta
2337 4008 2461 4056 sunt
2486 4018 2646 4072 Opera
2667 4004 2863 4064 carnis,
2886 4018 3005 4070 quae
3026 4007 3152 4056 sunt
3169 4005 3479 4069 fornicatio,

1858 4099 2222 4159 immunditia,
2262 4097 2503 4157 luxuria,
2536 4096 2805 4149 idolorum
2830 4098 3077 4149 servitus.
3118 4097 3186 4149 Et
3218 4096 3484 4168 adjungit

1859 4190 2093 4244 virtutes
2137 4206 2266 4243 cum
2306 4189 2441 4243 dicit
2478 4206 2490 4242 :
2531 4192 2755 4244 Fructus
2801 4190 3036 4258 Spiritus
3079 4195 3155 4243 est
3196 4191 3477 4259 gaudium,

1852 4300 1988 4353 pas),
2019 4286 2308 4352 patientia,
2349 4284 2748 4351 longanimitas,
2780 4283 3010 4344 bonitas,
3044 4283 3362 4351 benignitas.
3400 4285 3481 4339 Ita

1858 4377 1966 4430 hoc
1992 4376 2049 4429 in
2081 4376 2207 4430 loco
2237 4376 2434 4430 omnia
2459 4375 2593 4429 vitia
2620 4375 3056 4446 comprehendit
3085 4392 3214 4429 cum
3239 4377 3351 4431 ait:
3377 4379 3477 4431 De-

1858 4471 2000 4523 clina
2021 4487 2053 4523 a
2074 4472 2233 4523 malo.
2262 4469 2597 4539 Perstringit
2621 4473 2675 4521 et
2706 4468 2972 4521 virtutem
3006 4485 3134 4521 cum
3160 4469 3238 4522 ait
3267 4487 3279 4522 :
3302 4471 3372 4523 Et
3390 4472 3480 4535 fac

1857 4563 2067 4616 bonum.
2108 4562 2320 4617 Sonam.
2355 4561 2663 4625 Sobrietas,
2698 4562 2758 4612 ut
2802 4576 2833 4612 a
2873 4560 3183 4629 majoribus
3214 4562 3475 4627 traditur,

1857 4672 1971 4708 una
1993 4658 2073 4708 est
2098 4672 2159 4708 ex
2184 4657 2427 4725 quatuor
2453 4653 2749 4707 virtutibus
2777 4652 3200 4723 principalibus.
3226 4654 3479 4718 Quatuor

1855 4748 2090 4803 virtutes
2134 4747 2494 4819 principales,
2538 4746 2860 4817 prudentia,
2908 4746 3204 4811 fortitudo,
3253 4750 3474 4818 tempe-

136 4858 340 4919 t-ontm,
373 4855 691 4910 ineruditus
719 4854 926 4908 dicitur
954 4855 1172 4920 brutus,
1202 4855 1334 4909 ideo
1368 4854 1523 4925 quod
1560 4869 1753 4907 carere
1774 4876 1834 4947 D
1856 4846 2064 4913 rautia,
2091 4845 2331 4916 justitia.
2363 4844 2653 4899 Sobrietas
2684 4843 2803 4914 ipsa
2833 4848 2915 4897 est
2946 4845 3355 4913 temperantia;
3396 4850 3479 4899 est

136 4945 348 5001 videtur
383 4966 549 5003 sensu
582 4950 665 5001 vel
709 4948 1030 5018 prudentia.
1066 4947 1304 5002 Erudire
1336 4948 1558 5013 dicitur,
1596 4946 1756 5017 quasi

136 5055 163 5089 a
194 5056 319 5095 rure
359 5043 675 5095 sublevare.
722 5042 957 5095 Erudire
1003 5059 1106 5093 nos
1140 5041 1336 5107 voluit,
1376 5041 1470 5112 qui
1505 5040 1661 5110 ligna
1703 5043 1755 5094 et

136 5131 342 5202 lapides
397 5136 748 5203 colebamus,
792 5152 848 5189 se
894 5150 1238 5204 cognoscere
1279 5134 1429 5188 fecit.
1480 5133 1635 5187 Sicut
1686 5133 1757 5187 ad

133 5225 436 5281 Jerusalem
460 5228 834 5298 peccatricem
858 5245 960 5298 per
979 5227 1289 5283 Jeremiam
1318 5228 1657 5298 prophetam
1680 5226 1759 5280 di-

136 5317 272 5371 citur
305 5337 316 5374 :
350 5323 601 5387 Erudire,
650 5323 967 5381 Jerusalem,
1010 5338 1102 5375 nec
1142 5321 1353 5374 recedat
1385 5322 1564 5373 anima
1610 5337 1641 5374 a
1688 5325 1754 5374 te.

138 5410 197 5461 Et
225 5412 368 5467 bene
392 5420 518 5485 post
546 5415 881 5485 decalogum
909 5414 1201 5477 doctrinae,
1227 5413 1361 5482 quid
1391 5413 1599 5465 senex?
1621 5413 1759 5484 quid

137 5506 309 5559 anus?
350 5507 487 5576 quid
526 5508 813 5578 virgines?
860 5507 993 5577 quid
1042 5505 1474 5561 adolescentes?
1518 5505 1653 5574 quid
1686 5504 1755 5584 ad

136 5601 445 5653 extremum
497 5617 687 5655 servos
732 5600 1040 5654 admonere
1085 5598 1412 5653 debuisset?
1464 5614 1661 5651 omnes
1698 5598 1753 5650 in

140 5705 305 5745 unum
336 5694 775 5764 comprehcndit
815 5694 1048 5747 dicens:
1082 5693 1358 5762 Apparuit
1395 5693 1533 5744 enim
1575 5694 1757 5758 gratia

135 5782 423 5841 Salvatoris
478 5790 649 5841 nostri
685 5789 930 5841 omnibus
975 5787 1295 5848 hominibus,
1339 5784 1587 5840 erudiens
1628 5798 1753 5845 nos;

141 5876 267 5943 quia
298 5879 449 5935 nulla
478 5885 563 5935 est
595 5880 746 5951 apud
776 5880 938 5936 illum
969 5880 1311 5947 diﬁ‘erentia,
1340 5877 1517 5933 Judaei
1541 5881 1596 5932 et
1614 5879 1757 5933 Graz~

1858 4940 2012 4994 enim
2038 4938 2421 5009 temperantia
2444 4938 2498 4991 in
2521 4938 2645 4991 cibo
2667 4941 2721 4991 et
2743 4940 2899 5007 potu,
2923 4940 3153 5007 propter
3171 4937 3306 4991 illud
3324 4939 3474 5008 quod

1857 5034 2127 5088 Dominus
2160 5032 2233 5086 ait
2272 5049 2283 5085 :
2315 5033 2587 5087 Attenditr
2619 5048 2680 5084 nc
2707 5036 3001 5100 graventur
3025 5030 3188 5084 corda
3217 5038 3394 5085 vestra
3423 5035 3477 5086 in

1856 5128 2079 5196 crapula
2106 5131 2155 5181 et
2175 5127 2448 5181 ebrietate.
2483 5125 2593 5179 Sed
2620 5124 2673 5177 in
2702 5124 3049 5194 cogitatione
3074 5140 3301 5195 quoque
3324 5128 3378 5178 et
3402 5127 3478 5179 Io-

1858 5222 2083 5275 cutione
2116 5223 2171 5275 et
2196 5218 2549 5290 Operatione,
2584 5217 2641 5271 in
2678 5218 2837 5271 omni
2867 5222 2995 5271 actu
3028 5220 3221 5272 nostro
3255 5221 3475 5289 tempe-

1858 5315 1964 5369 rati
1998 5331 2119 5367 esse
2159 5313 2447 5375 debemus,
2478 5312 2611 5382 quia
2640 5328 2809 5365 omne
2839 5311 2992 5382 quod
3030 5310 3199 5365 nimis
3231 5314 3332 5375 est,
3364 5313 3477 5367 sive

1859 5408 1926 5462 de
1960 5424 2184 5461 sursum
2213 5407 2301 5472 sit,
2332 5406 2443 5459 sive
2472 5404 2540 5458 de
2567 5405 2855 5469 deorsum,
2890 5405 2945 5457 in
2975 5405 3168 5458 vitium
3196 5407 3480 5475 reputabi-

1858 5506 1968 5557 tur.
2014 5504 2084 5556 ΕΤ
2117 5516 2296 5566 JlTSTE,
2334 5500 2391 5553 id
2428 5503 2512 5552 est
2549 5498 2808 5551 ﬁdeliter.
2857 5501 3040 5553 Justus
3087 5516 3151 5553 ea:
3184 5500 3287 5567 ﬁde
3322 5502 3474 5553 vivit.

1857 5594 2016 5648 Unde
2051 5597 2107 5647 et
2130 5595 2378 5648 Joannes
2411 5610 2423 5646 :
2467 5594 2646 5649 Omnis
2675 5595 2768 5661 qui
2802 5594 2936 5659 facit
2956 5592 3256 5658 justitiam,
3285 5609 3351 5645 ea:
3378 5595 3479 5645 Deo

1857 5692 1952 5741 cst.
2010 5686 2178 5756 Cujus
2238 5686 2540 5756 participes
2590 5688 2739 5749 sunt,
2801 5684 3089 5755 pudicitia,
3130 5683 3369 5749 castitas,
3424 5689 3481 5735 et

1858 5781 2062 5833 horum
2095 5779 2317 5833 similia.
2352 5780 2425 5831 Er
2453 5796 2539 5832 me
2566 5795 2819 5844 VIVAMIfS,
2844 5779 2949 5831 hoc
2980 5780 3063 5830 est
3090 5774 3367 5844 religiose.
3399 5775 3474 5826 Nc

1856 5871 2010 5928 enim
2034 5871 2417 5927 immoderata
2443 5871 2515 5926 sit
2532 5871 2774 5943 justitia,
2803 5870 2983 5942 pietas
3013 5865 3335 5921 comitanda
3368 5871 3473 5935 est,
