4022 6422
534 331 630 385 851
2008 325 2132 378 LUC

2316 324 2402 378 ΤΙΙ
2621 377 2628 382 ,
3825 318 3928 371 852

536 451 663 507 qua:
691 451 821 506 pars
845 437 929 488 est
943 431 1196 502 justitiae.
1217 433 1284 484 Et
1308 431 1450 485 sicut
1472 431 1671 484 beatus
1689 429 2038 499 Augustinus
2057 429 2144 482 di-
2168 439 2227 513 Α
2248 429 2404 485 Sicut
2427 429 2580 485 idem
2611 429 2896 500 apostolus
2924 427 3064 482 dicit
3091 442 3104 481 :
3141 425 3404 482 Tradidit
3423 424 3806 492 semetipsum
3828 437 3927 491 pro

535 529 631 594 cit,
667 527 760 580 Dei
790 527 968 580 cultor
997 524 1350 593 intelligitur.
1380 525 1436 578 In
1469 539 1574 578 HOC
1607 539 1840 588 SAZCULO,
1878 522 1936 576 id
1969 525 2054 576 est
2087 522 2146 575 in
2245 524 2398 577 nobis
2425 525 2740 578 oblationem
2769 527 2819 576 et
2845 523 3076 576 hostiam
3104 522 3212 574 Deo
3240 521 3300 572 in
3329 517 3561 572 odorem
3591 516 3927 570 suavitatis.

533 619 799 692 praesenti
828 619 960 682 vita,
993 620 1228 688 propter
1251 616 1390 670 illud
1419 617 1570 686 quod
1599 615 1873 670 Dominus
1904 615 2018 669 ait:
2047 616 2151 680 Qui

529 713 943 783 perseveraverit
964 725 1129 778 usque
1149 713 1205 762 in
1222 713 1398 778 ﬁnem,
1421 710 1505 762 hic
1523 711 1704 762 salvus
1725 711 1843 761 erit.
1867 709 2000 770 Quae
2028 709 2144 778 pie-

534 808 619 858 tas
674 819 957 858 ADVENTL'M
1011 818 1215 856 GLORlE
1267 817 1330 855 ΕΤ
1387 801 1720 855 SALVALORIS
1775 815 1967 854 NOSTRI
2016 802 2144 856 JHSU

534 897 750 954 C1131er
782 899 1086 967 exspectat,
1119 911 1317 948 secura
1353 893 1423 946 de
1460 893 1573 946 fide
1601 897 1657 946 et
1688 909 1858 962 opere
1897 909 2026 961 suo;
2071 893 2142 946 si-

531 993 626 1044 cut
651 1008 682 1044 e
700 993 898 1044 contra
924 987 1184 1058 impietas
1210 985 1569 1040 reformidat.
1601 987 1818 1040 8mm!
1847 1002 1979 1040 seen
2011 985 2146 1040 dicit

535 1085 819 1138 cmlestem
839 1083 1104 1153 patriam.
1129 1082 1224 1134 Est
1241 1080 1396 1133 enim
1419 1096 1546 1150 spes
1565 1079 1904 1148 exspectatio
1927 1080 2142 1134 futuro-

531 1192 660 1230 rum
691 1177 992 1230 honorum.
1017 1174 1156 1244 Spes
1176 1172 1324 1226 dicta
1353 1176 1454 1237 est,
1479 1171 1634 1242 quasi
1659 1175 1812 1226 recte
1846 1171 2145 1242 gradiendi

532 1284 650 1339 pes.
684 1269 759 1322 De
801 1284 913 1339 qua
949 1267 1249 1338 Apostolus
1281 1281 1294 1319 :
1331 1267 1458 1334 Spes
1502 1281 1622 1334 quae
1655 1265 1886 1325 videtur,
1924 1280 2029 1318 non
2071 1268 2146 1318 est

529 1377 666 1430 spes.
696 1361 993 1414 Contraria
1023 1362 1106 1413 est
1135 1359 1212 1412 illi
1242 1357 1584 1428 desperatio,
1612 1357 1702 1411 cui
1728 1357 1883 1410 nulla
1909 1361 1993 1410 est
2025 1373 2140 1426 poe-

529 1453 751 1508 nitendi
795 1455 1050 1507 facultas.
1102 1451 1366 1515 Quandiu
1417 1451 1569 1504 enim
1621 1451 1796 1503 homo
1847 1453 2143 1519 peccatum

529 1551 701 1613 amat,
734 1547 983 1600 futuram
1007 1545 1416 1598 beatitudinem
1449 1560 1561 1597 non
1597 1546 1809 1612 sperat;
1845 1543 1944 1596 sed
1967 1543 2057 1595 ille
2085 1543 2146 1596 ii-

533 1639 828 1693 ducialiter
857 1641 1160 1708 exspectat,
1194 1637 1289 1706 qui
1320 1637 1440 1706 ejus
1465 1635 1763 1706 praeceptis
1791 1634 1851 1688 in
1883 1635 2146 1689 omnibus

2248 617 2434 679 Quare
2466 633 2602 687 ergo
2636 617 2931 686 culpamus
2950 613 3174 667 Judasos
3195 612 3280 665 vel
3303 610 3552 675 Judam,
3589 623 3744 662 cum
3777 605 3927 660 dicat

2246 711 2566 779 Apostolus,
2595 709 2726 780 quia
2753 709 2875 778 ipse
2905 723 2964 760 se
2999 704 3280 760 tradidit?
3332 701 3678 758 Sciendum
3722 704 3924 752 tamen

2247 805 2332 856 est
2365 802 2497 872 quia
2528 801 2763 856 tradidit
2789 816 2922 853 eum
2955 798 3129 854 Judas
3168 800 3414 868 propter
3436 793 3800 859 avaritiam,
3832 793 3923 846 Ju-

2246 895 2354 950 daei
2405 901 2634 966 propter
2673 893 2967 958 invidiam,
3013 893 3165 946 Deus
3203 892 3379 944 Pater
3415 903 3531 960 pro
3576 891 3798 940 nostra
3839 901 3923 939 re-

2247 989 2598 1058 demptione,
2628 987 2798 1041 Filius
2825 987 2945 1056 ipse
2977 1002 3038 1038 se
3074 983 3316 1037 tradidit
3342 998 3454 1052 pro
3481 983 3704 1034 nostra
3731 976 3924 1032 chari-

2245 1085 2380 1136 tate.
2417 1081 2572 1136 Sicut
2595 1080 2653 1134 in
2684 1078 3022 1150 Apocalypsi
3055 1077 3195 1131 dicit
3221 1078 3488 1130 Joannes
3526 1091 3542 1129 :
3579 1075 3700 1140 Qui
3730 1073 3931 1126 dilemit

2243 1191 2356 1237 nos,
2389 1179 2438 1228 et
2479 1175 2609 1228 lavit
2644 1188 2738 1227 nos
2774 1189 2809 1226 a
2839 1173 3078 1241 peccatis
3116 1170 3318 1224 nostris
3364 1171 3427 1224 in
3469 1168 3772 1235 sanguine
3812 1180 3924 1219 suo.

2243 1267 2422 1320 Aliter
2451 1282 2589 1336 ergo
2623 1282 2755 1320 eum
2791 1267 2818 1320 J
2825 1265 2964 1318 udas
2995 1263 3254 1330 tradidit,
3286 1262 3463 1318 aliter
3493 1259 3724 1326 Judaei,
3760 1257 3928 1312 aliter

2245 1362 2430 1426 Pater,
2461 1359 2625 1412 aliter
2652 1359 2771 1428 ipse
2797 1375 2857 1412 se
2885 1356 3142 1411 tradidit.

2316 1454 2392 1506 Ur
2441 1469 2539 1507 sos
2585 1467 2884 1506 REDIMERET
2935 1467 3004 1505 an
3053 1465 3188 1505 eum
3240 1463 3594 1512 JNIQL'ITATE.
3647 1445 3929 1500 Redemit

2246 1563 2349 1600 nos
2369 1545 2440 1599 ab
2465 1545 2625 1598 omni
2655 1544 2976 1614 iniquitate,
3009 1543 3308 1596 fundendo
3337 1558 3447 1613 pro
3479 1539 3668 1594 nobis
3693 1538 3930 1608 sangui-

2246 1655 2380 1692 nem
2413 1654 2615 1703 suum;
2647 1636 2850 1690 eodem
2887 1636 3112 1690 dicente
3149 1651 3163 1689 :
3197 1637 3386 1706 Empti
3413 1637 3570 1688 enim
3591 1636 3735 1688 estis
3751 1635 3931 1702 pretio

532 1732 908 1801 obtemperat.
939 1732 1016 1784 De
1043 1747 1154 1802 qua
1187 1746 1302 1783 non
1337 1727 1520 1798 potuit
1545 1727 1789 1797 amplius
1820 1727 2050 1793 sentire,
2085 1732 2210 1802 ut-
2243 1747 2456 1800 magno.
2504 1731 2571 1784 Et
2608 1729 2888 1800 propheta
2933 1728 3070 1782 dicit
3113 1744 3126 1782 :
3173 1728 3361 1783 Gratis
3396 1727 3737 1782 venundati
3782 1727 3930 1779 estis.

530 1841 657 1878 eam
684 1825 1055 1889 beatiﬁcaret,
1082 1839 1255 1892 quam
1287 1838 1416 1876 cum
1445 1821 1558 1875 ait:
1589 1822 1994 1875 Exsracuurss
2019 1821 2141 1874 bea-
2163 1793 2218 1864 B
2241 1824 2329 1877 Ab
2369 1825 2514 1876 omni
2547 1824 2852 1890 iniquitate.
2895 1823 2956 1874 lu
2991 1821 3304 1890 baptismo,
3345 1819 3446 1874 ubi
3491 1819 3838 1888 originalia
3879 1822 3933 1871 et

531 1922 641 1970 tam
668 1933 832 1986 spem.
865 1917 1012 1970 Bene
1046 1916 1250 1968 beatam
1276 1929 1441 1983 spem,
1471 1913 1604 1983 quia
1638 1928 1730 1966 nec
1764 1913 1944 1965 oculus
1983 1912 2140 1972 vidit,

527 2024 620 2062 nec
645 2010 796 2062 auris
834 2009 1065 2069 audivit,
1100 2022 1191 2060 nec
1232 2009 1292 2059 in
1333 2021 1420 2060 cor
1456 2006 1683 2059 hominis
1711 2004 1973 2065 ascendit,
2003 2005 2144 2072 quod

522 2102 860 2170 przepara-vit
879 2103 1130 2154 Dominus
1155 2099 1500 2166 diligentibus
1523 2114 1594 2151 se.
1627 2097 1821 2150 Nullus
1841 2096 1998 2150 enim
2019 2113 2145 2150 nar-

525 2209 652 2247 rare
706 2195 894 2263 potest
945 2191 1125 2262 qualis
1171 2194 1254 2244 est
1299 2191 1394 2244 illa
1442 2189 1738 2243 beatitudo
1784 2193 2139 2255 sanctorum;

529 2285 680 2356 quod
719 2287 964 2340 Joannes
1005 2283 1370 2338 considerans
1409 2282 1634 2336 dicebat
1667 2299 1679 2336 ε
1715 2285 1866 2339 Nunc
1905 2283 2009 2350 ﬁlii
2049 2285 2144 2336 Dei

527 2395 728 2440 smnus,
751 2383 801 2432 et
831 2379 1064 2431 nondum
1095 2380 1320 2446 apparet
1346 2377 1490 2444 quod
1521 2377 1734 2429 erimus.

592 2474 661 2525 Et
690 2473 976 2525 adventura.
1012 2471 1195 2538 gloriae
1228 2485 1395 2522 mem
1437 2469 1554 2521 Dm.
1591 2467 1912 2520 Adventum
1945 2467 2141 2535 gloriae

525 2564 659 2618 dicit
679 2563 832 2616 diem
853 2562 1072 2632 judicii,
1116 2562 1346 2632 quando
1377 2576 1551 2614 omnes
1581 2560 1873 2613 astabimus
1904 2564 2028 2613 ante
2050 2562 2143 2612 tri-

525 2658 690 2710 bunal
718 2657 934 2710 Christi.
966 2657 1113 2708 Bene
1141 2657 1328 2722 magni
1354 2655 1470 2715 Dei,
1501 2653 1635 2722 quia
1660 2667 1905 2720 magnus
1931 2651 2139 2717 veniet,

523 2749 620 2818 qui
651 2749 836 2818 primo
873 2747 1103 2801 humilis
1141 2745 1313 2812 venit,
1343 2745 1485 2798 sicut
1519 2745 1638 2814 ipse
1674 2743 1808 2797 dicit
1838 2760 1850 2797 :
1885 2743 2014 2797 Cum
2057 2759 2139 2797 se-

521 2842 660 2894 derit
685 2857 782 2894 res:
809 2843 865 2894 in
891 2841 1022 2895 solio
1060 2841 1213 2905 regni
1245 2841 1352 2899 sui,
1380 2838 1844 2906 congregalmntur
1873 2841 1998 2889 ante
2025 2851 2142 2889 eum

523 2949 696 2987 omnes
722 2937 916 3001 gentes.
948 2933 1015 2985 Et
1045 2931 1250 2985 iterum
1284 2947 1296 2984 :
1332 2933 1476 2983 Tunc
1512 2930 1768 2982 videbunt
1806 2930 2000 2982 Filium
2048 2929 2137 2981 ho-

522 3028 681 3079 minis
731 3027 1023 3078 venientem
1068 3027 1125 3076 in
1176 3024 1336 3082 nube,
1380 3037 1493 3075 cum
1543 3025 1804 3090 potestate
1858 3036 2055 3087 magna
2093 3025 2143 3074 et

2245 1915 2492 1969 aclualia
2539 1918 2770 1984 peccata
2809 1913 3212 1980 dimittuntur;
3265 1913 3414 1978 sive,
3474 1911 3641 1966 sicut
3705 1911 3930 1965 dictum

2244 2012 2346 2074 est,
2394 2007 2689 2061 fundendo
2741 2007 3085 2076 sanguinem
3139 2023 3308 2060 suum
3353 2023 3461 2076 pro
3512 2005 3733 2071 nobis,
3769 2005 3934 2074 juxta

2243 2101 2547 2171 praefatum
2575 2099 2973 2154 testimonium
3007 2116 3020 2153 :
3055 2101 3160 2166 Qui
3198 2100 3398 2153 dilexit
3427 2115 3530 2152 nos
3565 2103 3625 2152 et
3660 2099 3811 2152 lavit
3844 2113 3932 2150 nos

2243 2210 2277 2247 a
2315 2196 2545 2263 peccatis
2586 2195 2783 2246 nostris
2821 2194 2878 2244 in
2910 2194 3176 2261 sanguine
3206 2207 3324 2246 suo.
3356 2191 3535 2255 Quod
3574 2191 3736 2245 dicit
3762 2192 3931 2245 Joan-

2246 2303 2385 2339 nes:
2423 2289 2558 2340 Fecit
2587 2300 2679 2338 nos
2717 2288 2820 2338 Deo
2862 2289 3041 2339 nostro
3076 2301 3325 2352 regnum,
3355 2285 3696 2339 sacerdotes
3741 2288 3854 2339 Deo
3891 2290 3935 2337 et

2246 2381 2413 2441 Patri,
2445 2379 2552 2432 hoc
2583 2382 2639 2431 et
2665 2377 2753 2430 hic
2781 2362 3270 2447 dicithpostolus.
3311 2379 3596 2432 Poruwn
3647 2393 3933 2432 secern-

2243 2487 2420 2537 BILEM,
2451 2470 2510 2524 id
2535 2475 2620 2524 est
2647 2471 2916 2540 placitum
2945 2471 3032 2523 vel
3072 2471 3416 2539 perfectum,
3453 2473 3518 2522 ut
3563 2471 3702 2541 Deo
3735 2471 3816 2523 sit
3847 2487 3932 2522 ar-

2243 2567 2454 2634 ceptus,
2489 2565 2546 2616 et
2590 2563 2686 2633 qui
2728 2565 2862 2616 ante
2909 2562 3148 2629 diaboli,
3184 2579 3339 2616 nunc
3369 2562 3473 2616 Dei
3509 2567 3616 2616 est
3651 2564 3934 2635 populus,

2243 2656 2496 2709 dicentes
2527 2672 2656 2709 cum
2687 2655 2984 2710 Psalmista
3017 2672 3030 2709 :
3068 2658 3176 2712 Nos
3199 2661 3383 2710 autem
3411 2657 3683 2726 p0pulus
3725 2657 3852 2724 ejus
3893 2661 3938 2709 et

2241 2764 2358 2804 oves
2401 2764 2618 2818 pascuae
2668 2749 2797 2817 ejus.
2841 2749 3201 2804 Secruoaeu
3239 2764 3514 2804 Bononcn
3561 2765 3838 2815 OPERL'M,
3885 2748 3936 2802 id

2243 2845 2346 2906 est,
2377 2840 2668 2894 virtutum.
2726 2840 2883 2895 Sicut
2936 2840 3097 2894 idem
3149 2841 3292 2894 dicit
3337 2857 3350 2894 ε
3407 2845 3477 2897 Ut
3539 2845 3615 2896 in
3681 2847 3938 2900 omnibus

2241 2934 2579 2988 arhibeamus
2618 2936 2963 3002 nosmetipsos
2988 2935 3127 2988 sicut
3166 2936 3264 2989 Dei
3300 2937 3630 3000 ministros,
3662 2941 3730 2994 in
3764 2941 3937 2995 multa

2239 3027 2527 3093 patientia,
2585 3027 2643 3078 in
2690 3026 2917 3094 vigiliis,
2963 3029 3020 3079 in
3061 3026 3316 3094 jejuniis,
3375 3031 3427 3081 et
3479 3029 3793 3086 charitate
3837 3049 3936 3086 non

522 3117 811 3186 majestate.
845 3117 921 3170 De
953 3117 1058 3170 hoc
1091 3115 1224 3168 dicit
1245 3117 1301 3167 et
1329 3117 1527 3168 Petrus
1555 3129 1566 3167 :
1602 3115 1914 3168 Inveniatur
1939 3115 1993 3165 in
2023 3113 2137 3166 lau-
2164 3144 2216 3215 Ο
2240 3119 2381 3186 ﬁcta,
2408 3133 2508 3186 per
2533 3133 2687 3171 arma
2703 3119 2937 3186 justitise
2963 3134 2997 3172 a
3025 3119 3237 3173 dextris
3281 3124 3332 3174 et
3370 3137 3407 3175 a
3445 3123 3744 3180 sinistris.
3791 3125 3938 3195 Ergo

524 3211 642 3263 dem
683 3214 732 3264 et
771 3210 1000 3277 gloriam
1049 3213 1097 3260 et
1139 3209 1510 3262 reuelationem
1547 3209 1672 3260 Jesu
1706 3205 1902 3260 Christi
1932 3207 2144 3258 Domini

527 3305 716 3362 nostri,
750 3307 799 3355 et
839 3303 1139 3356 Saluatoris
1183 3302 1352 3354 nostri
1390 3303 1514 3354 Iesu
1554 3299 1770 3356 Christi.
1817 3297 2141 3351 Notandum

523 3393 674 3464 quod
703 3393 758 3447 in
789 3395 892 3446 hac
917 3393 1068 3445 brevi
1099 3391 1345 3461 Epistola
1367 3391 1453 3444 bis
1485 3391 1662 3444 Deum
1693 3389 2014 3442 nominavit
2035 3390 2138 3442 Do-

524 3487 746 3540 minum
773 3488 997 3550 Jesum;
1033 3501 1203 3554 supra
1237 3484 1332 3538 ubi
1363 3483 1441 3537 ait
1473 3502 1485 3538 :
1514 3484 1793 3553 Apparuit
1818 3484 1998 3550 gratia
2017 3483 2140 3538 Sal-

520 3582 720 3634 vatoris
755 3582 924 3634 nostri
957 3581 1066 3632 Dei.
1106 3579 1172 3632 Et
1214 3577 1304 3630 hic
1334 3593 1462 3630 cum
1497 3575 1629 3630 dicit
1663 3593 1674 3629 :
1708 3576 1997 3629 adventum
2028 3576 2138 3643 glo-

523 3675 619 3726 riae
645 3675 830 3739 magni
853 3673 950 3726 Dei
984 3676 1033 3726 et
1059 3671 1358 3725 Saluatoris
1385 3671 1556 3722 nostri
1587 3671 1710 3724 Jesu
1740 3669 1955 3726 Christi.
1983 3670 2143 3721 Jesus

521 3764 817 3835 proprium
863 3779 1073 3817 nomen
1121 3765 1224 3830 est,
1267 3761 1676 3830 interpretatur
1724 3760 1982 3814 Salvator
2029 3760 2141 3813 sive

522 3856 800 3910 salutaris.
823 3856 1075 3911 Christus
1095 3871 1228 3908 vero
1257 3853 1328 3906 ab
1355 3853 1619 3907 unctione
1649 3851 1872 3906 dicitur.
1891 3851 2144 3906 Chrisma

525 3965 774 4018 namque
796 3947 989 4001 unctio
1019 3948 1442 4016 interpretatur.
1467 3947 1675 3998 Unctus
1697 3949 1780 3998 est
1797 3945 1917 4018 ipse
1937 3945 2142 4014 specia-

523 4040 653 4094 liter
682 4017 799 4111 pra:
837 4040 1106 4094 omnibus
1145 4037 1298 4091 dono
1339 4037 1580 4106 Spiritus
1607 4037 1805 4103 sancti,
1834 4017 1975 4091 sicut
2007 4037 2143 4092 dicit

524 4132 805 4203 propheta
836 4149 848 4186 :
890 4134 1053 4186 [intrii
1083 4136 1130 4185 te
1153 4134 1308 4192 Deus,
1342 4133 1474 4184 Deus
1510 4135 1633 4183 tuus
1666 4130 1774 4183 oleo
1803 4131 2002 4185 laetitiae
2027 4147 2143 4200 pra:

523 4225 847 4279 consortibus
886 4227 1011 4278 tuis.
1053 4223 1259 4276 Idcirco
1287 4225 1480 4276 autem
1508 4223 1794 4292 apostolus
1831 4223 1918 4276 bis
1959 4224 2140 4278 Deum

524 4317 858 4383 nominavit,
889 4320 952 4370 ut
989 4318 1114 4386 plus
1151 4317 1399 4369 mulceat
1429 4315 1744 4369 audientes.
1775 4315 1930 4370 Sicut
1967 4317 2139 4371 etiam

527 4411 584 4464 in
609 4409 844 4464 Psalmis
877 4409 1081 4463 dicitur
1110 4426 1122 4464 :
1151 4413 1310 4470 Deus,
1347 4413 1478 4463 Deus
1515 4424 1679 4471 meus,
1709 4412 1908 4478 respice
1940 4412 1999 4464 in
2036 4426 2136 4464 me.

2245 3213 2550 3263 sectatores
2597 3209 2868 3264 debemus
2905 3227 3027 3265 esse
3069 3211 3366 3267 bonorum
3419 3230 3728 3284 operum,
3776 3221 3846 3272 ut
3884 3219 3936 3272 in

2243 3303 2409 3356 bonis
2463 3301 2729 3374 operibus
2778 3319 3123 3359 crescamus.
3171 3307 3235 3360 lu
3285 3305 3400 3360 illis
3445 3307 3760 3365 videlicet
3809 3327 3937 3382 qua:

2243 3395 2546 3464 Apostolus
2587 3397 2890 3449 enumerat
2938 3394 3136 3450 dicens
3185 3413 3198 3450 :
3251 3401 3487 3454 Fructus
3527 3402 3812 3471 Spiritus
3845 3410 3936 3459 est.

2244 3489 2366 3540 Haec
2407 3488 2618 3554 loquere
2647 3493 2695 3540 et
2733 3490 3038 3543 ecchortare.
3087 3490 3353 3560 Loquere
3404 3493 3642 3561 verbis,
3691 3497 3815 3552 hoc
3857 3502 3937 3552 est

2243 3578 2518 3648 prmdica;
2547 3579 2847 3634 exhortare
2871 3581 3180 3652 exemplis;
3216 3585 3373 3654 quod
3407 3585 3584 3652 dicis,
3617 3591 3724 3644 fac
3756 3593 3934 3662 prius.

2241 3673 2393 3725 Tunc
2425 3671 2580 3725 enim
2623 3672 2732 3726 erit
2758 3677 2893 3744 apta
2920 3674 3156 3742 locutio,
3190 3675 3236 3729 si
3264 3677 3425 3746 quod
3457 3682 3784 3749 praedicat
3815 3701 3933 3738 ma-

2245 3763 2438 3834 gister,
2468 3765 2624 3834 prius
2655 3770 2924 3836 operatus
2951 3767 3142 3830 fuerit,
3168 3769 3317 3823 sicut
3345 3771 3418 3824 de
3452 3773 3736 3832 Domino
3768 3779 3938 3849 scrip-

2243 3859 2361 3910 tum
2395 3860 2480 3910 est
2511 3874 2522 3912 :
2553 3858 2691 3923 Quia
2719 3862 2875 3928 ca'pit
2903 3862 3054 3914 Jesus
3079 3863 3263 3928 facere
3290 3869 3341 3917 et
3373 3865 3598 3922 docere.
3641 3871 3771 3924 Sed
3800 3889 3832 3925 e
3863 3871 3937 3925 di-

2240 3966 2402 4004 verso
2424 3950 2684 4004 nonnulli
2705 3951 2929 4021 majora
2949 3952 3166 4021 dicunt,
3186 3955 3427 4011 minora
3449 3960 3672 4016 facere
3701 3966 3935 4029 nolunt,

2243 4042 2381 4096 sicut
2427 4041 2634 4097 Scriba:
2678 4047 2736 4096 et
2765 4044 3056 4112 Pharisaei,
3089 4046 3158 4100 de
3193 4047 3413 4118 quibus
3447 4053 3761 4124 scriptum
3802 4062 3891 4112 est
3924 4076 3934 4110 :

2240 4136 2488 4204 Alligant
2515 4151 2672 4190 onera
2703 4140 2896 4206 gravia
2934 4143 2984 4192 et
3011 4141 3303 4208 imponunt
3337 4145 3398 4197 in
3447 4146 3729 4204 humeros
3758 4153 3937 4206 homi-

2240 4244 2388 4289 num,
2415 4229 2584 4297 digito
2612 4233 2789 4284 autem
2818 4245 2919 4284 sua
2948 4232 3139 4286 volunt
3169 4231 3273 4304 [Ita
3306 4235 3469 4310 Cod.]
3500 4255 3572 4296 ea
3593 4259 3850 4302 movere.
3877 4249 3936 4302 Et

2242 4319 2376 4390 quia
2405 4324 2635 4374 noverat
2659 4321 2862 4376 beatus
2882 4324 3089 4378 Paulus
3115 4328 3424 4397 apostolus
3456 4333 3771 4406 scriptum
3797 4356 3814 4394 :
3840 4344 3940 4408 Qui

2237 4413 2454 4466 solverit
2477 4429 2644 4467 unum
2659 4415 2736 4468 'de
2760 4416 3040 4472 mandatis
3060 4420 3182 4474 istis
3206 4422 3464 4480 minimis
3491 4431 3548 4482 et
3577 4429 3852 4488 docuerit
3869 4437 3938 4490 sic

525 4503 626 4567 Qu
672 4519 828 4557 namr
887 4519 1209 4557 seusnpsuu
1258 4518 1355 4556 Pno
1402 4517 1576 4557 souis.
1621 4503 1780 4556 Jesus
1825 4501 1994 4556 Filius
2040 4501 2490 4574 DeiDhomines,
2525 4508 2778 4562 minimus
2803 4510 3082 4566 vocabitur
3126 4515 3185 4567 in
3223 4530 3396 4585 regno
3438 4522 3756 4592 caelorum;
3805 4528 3937 4582 ideo

523 4596 680 4651 dedit
705 4597 1071 4665 semetipsum
1107 4613 1209 4666 pro
1239 4594 1424 4654 nobis.
1457 4595 1590 4666 quia
1615 4611 1719 4665 pro
1759 4596 1937 4650 salute
1972 4596 2146 4650 totius

523 4689 747 4758 generis
773 4688 1011 4742 humani
1043 4705 1100 4741 se
1131 4687 1419 4742 immolari
1450 4687 1706 4758 permisit
1734 4687 1790 4740 in
1820 4705 1918 4742 ara
1944 4689 2140 4743 crucis.

522 4812 782 4819 ._.

1471 4812 1714 4819 ___——

2245 4598 2530 4652 exhortari
2553 4599 2773 4655 curavit
2801 4601 3164 4673 discipulum,
3199 4610 3263 4660 ut
3303 4625 3445 4679 qua:
3497 4613 3779 4674 docebat
3809 4637 3938 4675 ver-

2243 4689 2349 4758 bis,
2380 4691 2646 4762 operibus
2675 4692 2944 4764 impleret
2967 4697 3148 4766 prius.

1803 4813 3920 4848 Μ

1459 4829 3923 4867 Ἢ

2009 4923 2376 5046 XVII.

597 5108 810 5172 Lectio
843 5109 1140 5192 Epistolas
1172 5109 1342 5173 beati
1377 5109 1558 5206 Pauli
1588 5111 1864 5206 apostoli
1893 5112 1976 5173 ad
2019 5111 2325 5206 Hebra’Os
2357 5115 2421 5193 (ι,
2460 5117 2516 5194 1)
2552 5135 2578 5206 :_
2599 5117 2970 5206 Multzfarie
3007 5123 3368 5206 multisque
3401 5135 3645 5199 modis
3681 5140 3850 5204 olim

1471 5189 1651 5253 Deus
1671 5189 1932 5271 loquens
1951 5193 2258 5272 patribus
2291 5189 2373 5254 ini
2380 5189 2736 5276 prophetis,
2771 5189 2893 5260 etc.

1746 5310 2158 5366 COMMENTUM
2197 5312 2616 5367 LUCULENTI].

589 5398 807 5452 Hebraei
829 5399 898 5451 ab
919 5400 1100 5455 Heber
1122 5408 1489 5476 sumpserunt
1507 5422 1738 5475 nomen,
1765 5406 1861 5477 qui
1885 5406 1993 5460 fuit
2011 5424 2133 5478 sep-

519 5491 691 5546 timus
726 5489 796 5543 ab
833 5491 1034 5545 Adam.
1080 5495 1345 5550 Hebraeus
1387 5497 1794 5569 interpretatur
1826 5499 2127 5566 transiens,

515 5580 738 5638 Hebraei
786 5585 1162 5654 transeuntes,
1196 5605 1369 5658 quam
1415 5594 1646 5661 gentem
1690 5592 1837 5645 Deus
1885 5593 2126 5646 multum

514 5676 729 5746 dilexit,
781 5674 840 5730 in
887 5679 1106 5731 tantum
1164 5684 1224 5733 ut
1275 5681 1426 5736 dicat
1469 5699 1481 5735 :
1539 5685 1707 5738 Israel
1744 5687 2128 5754 primogenitus

509 5785 688 5840 meus;
745 5773 796 5824 et
846 5774 1060 5827 sanctus
1108 5774 1277 5828 Israel
1312 5777 1551 5838 Domino,
1602 5778 1862 5846 primitiae
1899 5780 2125 5848 frugum

2229 5409 2671 5510 (Ejus-tegimus
2710 5411 2770 5466 in
2803 5413 3283 5510 libroﬂGeneseos
3331 5428 3505 5494 quod
3565 5439 3928 5510 congregati

2230 5500 2328 5554 lilii
2369 5502 2500 5555 Noae
2541 5508 2670 5573 post
2700 5521 2880 5575 aquas
2924 5506 3120 5562 diluvii
3154 5510 3214 5565 in
3249 5515 3414 5572 terra
3449 5500 3922 5603 Setiaarvcogpe-

2229 5597 2362 5646 runt
2388 5594 2674 5650 aedificare
2703 5599 2941 5664 turrem,
2973 5601 3042 5655 de
3073 5618 3191 5674 qua
3220 5605 3536 5684 dixerunt,
3560 5623 3744 5691 quod
3775 5594 3926 5680 ρείρυ-

2227 5702 2359 5740 men
2385 5685 2536 5741 illius
2566 5690 2922 5761 pertingeret
2947 5709 3130 5764 usque
3159 5698 3234 5752 ad
3261 5703 3508 5775 coelum,
3540 5685 3609 5766 et
3634 5715 3686 5770 si
3719 5716 3926 5774 iterum

2225 5778 2555 5837 inundasset
2585 5781 2861 5840 diluvium
2901 5803 3014 5842 non
3053 5791 3342 5865 perirent,
3379 5797 3545 5860 sicut
3581 5805 3830 5869 dudum
3855 5812 3927 5868 illi
