4022 6410
159 362 261 414 853

1440 362 1503 414 IN
1544 365 1688 417 CAP.
1737 366 1752 417 l
1794 367 1879 419 ΑΙ)
1920 368 2263 421 llEBll.l.OS.

3429 375 3532 431 825i

159 465 257 536 qui
292 467 433 519 ante
474 482 581 521 eos
620 466 973 522 exstiterant.
1005 470 1127 521 Non
1168 468 1607 523 reminiscentes
1644 471 1799 540 quod
1822 475 1958 557 Ain
1981 475 2227 529 adventu
2247 475 2369 530 Filii
2390 476 2489 531 Dei
2509 476 2877 548 spiritualiter
2899 480 3070 535 fuisse
3092 480 3426 552 adimpleta.
3451 483 3530 537 De

156 559 381 613 dixerat
409 562 568 614 Deus
597 560 671 614 ad
698 562 813 615 Noe
846 578 859 615 :
887 564 1089 615 Ponam
1115 577 1299 615 arcum
1337 578 1511 616 meum
1554 565 1614 617 in
1648 566 1802 617 nubi-

157 653 251 706 bus
282 654 424 713 cuali,
478 658 533 707 et
574 655 897 707 recordabar
926 655 1143 720 fcederis
1185 657 1307 716 mei,
1348 660 1408 708 ut
1447 672 1550 708 non
1574 658 1805 724 perdam
1831 706 1843 717 ,

158 747 314 813 aquis
344 746 557 799 diluvii
593 762 798 800 omnem
832 762 1060 800 carnem.
1096 748 1406 801 Creverant
1427 748 1582 801 enim
1613 749 1801 813 nimis,

162 841 217 890 et
244 836 421 891 simul
449 838 717 891 habitare
745 856 860 892 non
895 842 1198 910 poterant:
1246 844 1556 909 antequam
1588 841 1801 894 divide-

160 933 360 984 rentur
389 930 453 984 in
485 930 757 1001 regiones
802 933 890 984 vel
920 936 1118 998 terras,
1146 932 1449 985 voluerunt
1475 932 1577 986 sibi
1607 933 1802 1002 acqui-

160 1039 285 1077 rere
341 1040 570 1077 nomen
625 1024 1053 1094 sempiternale.
1101 1011 1546 1094 Habueruntque
1594 1027 1803 1080 lateres

160 1132 260 1187 pro
283 1116 435 1169 saxis
463 1119 524 1169 et
550 1116 838 1170 bitumum
856 1118 960 1186 [Ita
984 1118 1131 1188 Cod.j
1158 1134 1261 1188 pro
1284 1121 1587 1184 caemento,
1620 1122 1676 1171 et
1702 1135 1804 1172 cm-

163 1212 372 1279 peruut
404 1209 697 1263 aediﬁcare
729 1209 888 1279 cujus
913 1210 1103 1279 operis
1141 1212 1340 1264 auctor
1384 1210 1594 1263 exstitit
1632 1212 1803 1265 Nem-

165 1302 355 1371 phrot.
380 1302 604 1355 Videns
632 1318 769 1356 vero
796 1303 945 1356 Deus
966 1318 1167 1356 eorum
1202 1302 1567 1356 irrevocabile
1598 1320 1805 1373 propo-

163 1395 354 1459 situm,
391 1394 477 1448 ait
530 1412 543 1448 :
585 1398 770 1452 Venite
810 1396 1162 1449 ascendamus
1203 1401 1252 1449 et
1299 1396 1698 1461 confundamus
1730 1398 1808 1449 ibi

167 1488 408 1555 linguam
434 1503 644 1542 eorum.
676 1488 879 1557 Sicque
930 1489 1145 1542 factum
1176 1492 1261 1541 est
1303 1492 1363 1541 ut
1391 1488 1484 1558 qui
1515 1504 1691 1541 unam
1721 1489 1802 1543 lo-

169 1580 518 1649 quebantur,
544 1580 936 1634 dividerentur
956 1581 1013 1633 in
1033 1581 1395 1650 septuaginta
1422 1581 1556 1635 duo.
1585 1581 1806 1650 Lingua

168 1688 315 1738 vero,
348 1689 466 1742 qua
495 1689 701 1726 omnes
738 1673 1123 1743 loquebantur
1151 1676 1340 1741 antea,
1377 1690 1491 1727 non
1529 1674 1807 1727 remansit

171 1765 274 1818 nisi
306 1766 681 1819 solummodo
709 1766 766 1819 in
796 1766 971 1819 domo
1006 1766 1207 1818 Heber.

1904 585 2016 638 qua
2044 570 2294 638 Epistola
2320 572 2483 624 multi
2510 572 2838 626 Latinorum
2880 573 3094 639 dicunt,
3126 574 3281 645 quod
3310 591 3423 629 non
3454 575 3527 629 sit

1904 663 2145 731 apostoli
2195 664 2373 727 Pauli,
2430 681 2496 717 eo
2554 666 2709 735 quod
2764 682 2976 720 nomen
3029 667 3204 736 ipsius
3248 668 3308 721 in
3341 669 3527 739 capite

1904 755 2310 824 praetitulalum
2338 774 2453 809 non
2484 758 2571 821 sit,
2600 758 2698 811 sed
2738 759 3009 812 Barnabas
3038 760 3197 829 juxta
3225 762 3524 815 Tertullia-

1904 864 2066 912 num,
2100 850 2182 900 vel
2216 849 2396 913 Luca),
2426 853 2525 902 aut
2549 851 2879 917 Clementis,
2910 855 3007 905 aut
3047 852 3284 920 alicujus
3317 870 3383 905 ex
3411 854 3525 908 dis-

1905 939 2102 1009 cipulis
2164 943 2570 1010 apostolorum.
2632 943 2845 1006 Quibus
2894 945 3365 1013 respondendum
3421 949 3525 1012 est,

1907 1032 2040 1101 quia
2067 1032 2113 1085 si
2142 1034 2382 1102 apostoli
2410 1035 2566 1088 Pauli
2601 1051 2717 1088 non
2751 1040 2856 1103 est,
2890 1053 2992 1105 pro
3022 1053 3089 1091 eo
3124 1037 3277 1107 quod
3312 1054 3528 1093 nomen

1906 1125 2081 1195 ipsius
2105 1126 2161 1178 in
2188 1126 2372 1195 capite
2401 1128 2811 1195 praetitulatum
2846 1144 2961 1182 non
2990 1132 3093 1195 est,
3128 1146 3265 1199 ergo
3300 1147 3402 1183 nec
3433 1132 3529 1185 ali-

1907 1218 2065 1287 cujus
2102 1218 2332 1271 illorum
2372 1220 2497 1285 erit,
2546 1220 2677 1289 quia
2713 1222 2896 1273 nullus
2938 1238 3137 1274 eorum
3184 1223 3428 1276 habetur
3469 1223 3528 1277 in

1906 1311 2109 1381 capite.
2142 1311 2253 1365 Sed
2286 1312 2523 1383 omnino
2566 1312 2705 1365 scire
2735 1313 3013 1366 debemus
3040 1313 3212 1383 ipsius
3237 1332 3358 1368 esse
3383 1316 3529 1370 hanc

1906 1404 2234 1473 Epistolam.
2269 1405 2434 1467 Quod
2459 1421 2592 1458 vero
2624 1422 2837 1458 nomen
2864 1424 3028 1459 suum
3056 1407 3112 1459 in
3144 1408 3325 1477 capite
3350 1408 3533 1478 praeti-

1905 1498 2088 1550 tulare
2117 1498 2340 1563 noluit,
2381 1497 2453 1550 ob
2498 1497 2683 1551 varias
2722 1514 2917 1551 causas
2954 1499 3090 1567 egit.
3138 1500 3326 1555 Prima
3361 1517 3530 1555 causa

1906 1589 2132 1653 exstitit,
2165 1590 2298 1659 quia
2328 1593 2567 1643 noverat
2594 1590 2670 1643 ibi
2701 1592 2880 1644 Deum
2904 1594 2962 1643 et
2992 1581 3330 1661 magistrum
3363 1611 3531 1649 suum

1906 1683 2343 1736 fundamentum
2376 1682 2644 1751 posuisse.
2674 1682 2805 1736 Ideo
2847 1684 3108 1749 nonfuit
3139 1702 3308 1738 ausus
3332 1689 3535 1752 funda-

1908 1780 2137 1828 mentum
2161 1791 2355 1843 ponere
2382 1780 2577 1844 praeter
2613 1776 2672 1828 id
2711 1776 2854 1843 quod
2878 1779 3115 1845 positum
3157 1783 3252 1839 est,
3286 1780 3429 1847 quod
3458 1786 3534 1835 est

236 1859 315 1912 De
331 1858 497 1929 cujus
527 1859 701 1913 domo
727 1860 897 1928 lengo
919 1862 1044 1928 post
1068 1862 1323 1927 tempore
1350 1863 1513 1911 natus
1535 1859 1806 1911 CStAbl‘a-
1826 1836 1883 1907 B
1910 1869 2150 1925 Christus
2170 1872 2334 1921 Jcsus.
2387 1867 2641 1920 Secunda
2684 1884 2851 1921 causa
2882 1868 3005 1931 fuit,
3045 1870 3177 1939 quia
3224 1887 3339 1924 non
3373 1888 3529 1933 acce-

172 1952 322 2017 ham,
357 1967 536 2020 quem
568 1952 717 2005 Deus
743 1952 989 2005 multum
1021 1950 1233 2005 dilexit.
1278 1950 1441 2005 Dedit
1478 1950 1528 2003 ei
1570 1950 1807 2004 circum-

172 2043 445 2097 cisionem
488 2044 852 2114 signaculum
896 2043 1051 2111 ﬁdei,
1097 2049 1145 2097 et
1186 2048 1495 2112 reputatum
1527 2048 1605 2096 est
1640 2046 1690 2097 ei
1735 2044 1808 2097 ad

161 2137 439 2203 justitiam
462 2155 479 2191 :
510 2136 750 2206 insuper
778 2136 1124 2207 promissum
1145 2140 1229 2189 est
1251 2137 1301 2189 ei
1325 2136 1479 2205 quod
1505 2136 1563 2189 in
1589 2136 1805 2190 semine

172 2230 289 2298 ejus
318 2228 745 2283 benedicentur
773 2246 973 2283 omnes
1003 2232 1223 2298 gentes,
1252 2229 1338 2282 his
1359 2228 1543 2281 verbis
1576 2228 1802 2282 dicens:

170 2323 234 2375 In
262 2324 462 2376 semine
492 2326 587 2377 tuo
616 2323 987 2377 benedicentur
1013 2338 1189 2375 omnes
1216 2326 1413 2387 gentes.
1435 2321 1597 2384 Quod
1628 2338 1804 2391 expo-

177 2431 313 2468 nens
342 2417 819 2484 ApostoluszNon
848 2416 999 2477 dicit,
1030 2414 1234 2485 inquit,
1264 2420 1313 2467 et
1337 2415 1628 2468 seminibus
1650 2417 1807 2482 quasi

175 2509 229 2559 in
272 2510 484 2570 multis,
536 2509 633 2561 sed
667 2511 826 2577 quasi
876 2511 933 2561 in
979 2524 1106 2570 uno,
1142 2514 1191 2561 et
1233 2510 1423 2561 semini
1469 2511 1557 2561 tuo
1601 2510 1698 2576 qui
1729 2512 1806 2561 est

174 2600 429 2656 Christus.
472 2600 643 2655 Dedit
674 2600 725 2653 ei
765 2602 915 2653 Isaac
962 2600 1141 2653 ﬁlium
1185 2616 1349 2653 suum
1386 2600 1442 2653 in
1490 2604 1801 2666 senectute,

174 2708 340 2761 quem
367 2694 460 2747 die
489 2697 693 2747 octavo
725 2693 1080 2747 circumcidit
1104 2693 1160 2745 in
1192 2696 1391 2762 typum
1412 2693 1590 2746 nostri
1621 2694 1807 2748 Salva-

177 2784 303 2838 toris
336 2802 347 2839 :
383 2791 441 2840 et
488 2789 645 2842 Isaac
670 2787 864 2851 Jacob,
905 2789 965 2839 et
1002 2786 1175 2839 Jacob
1224 2786 1526 2840 duodecim
1564 2785 1800 2855 patriar-

176 2878 320 2945 chas,
352 2880 448 2948 qui
502 2878 659 2932 ducti
709 2880 863 2933 fame
905 2878 1324 2932 descenderunt
1370 2879 1428 2931 in
1477 2881 1801 2948 Egyptum,

176 2970 269 3024 ubi
294 2972 665 3043 multiplicati
690 2972 857 3025 nimis
887 2971 1079 3025 afﬂicti
1106 2975 1238 3024 sunt
1268 2972 1656 3024 vehementer.
1693 2972 1805 3025 Sed

180 3064 231 3116 in
270 3080 449 3118 manu
484 3064 679 3118 valida
719 3064 962 3130 liberati,
998 3064 1055 3117 in
1101 3064 1276 3133 signis
1322 3068 1377 3117 et
1424 3065 1703 3134 portentis
1735 3064 1805 3117 de

178 3159 408 3227 .Egypto
440 3157 657 3222 educti,
684 3158 1034 3211 transierunt
1060 3174 1220 3210 mare
1244 3157 1518 3222 Rubrum,
1548 3174 1648 3226 per
1669 3174 1805 3227 qua-

180 3250 438 3319 draginta
479 3267 663 3305 annos
704 3268 916 3304 manna
950 3250 1066 3303 aliti
1098 3254 1246 3316 sunt,
1278 3267 1394 3303 non
1435 3255 1566 3303 sunt
1609 3250 1804 3303 attrita

178 3342 517 3398 vestimenta
537 3360 756 3398 eorum.
779 3345 925 3397 Deus
944 3342 1102 3396 dedit
1127 3342 1236 3395 illis
1260 3344 1468 3411 legem,
1501 3344 1800 3412 templum,

179 3451 353 3503 aram,
396 3453 684 3503 mensam,
723 3454 902 3506 panes
948 3436 1381 3506 propositionis,
1423 3436 1609 3488 velum
1653 3435 1802 3487 inte-

180 3527 307 3595 rius,
333 3529 615 3595 victimas,
638 3530 990 3595 holocausta,
1024 3529 1313 3582 sacriﬁcia.
1342 3528 1804 3598 Insuperpromi-

182 3620 247 3673 sit
271 3627 326 3675 et
356 3622 563 3676 Filium
592 3638 757 3676 suum
786 3622 854 3675 de
884 3622 1081 3675 eadem
1100 3622 1271 3691 stirpe
1296 3622 1667 3675 nasciturum.
1697 3620 1803 3685 Qui

182 3714 405 3769 veniens
435 3706 775 3785 adimplevit
806 3732 932 3785 qute
960 3717 1128 3769 Pater
1168 3714 1525 3783 promiserat,
1568 3714 1702 3784 quia
1733 3714 1804 3767 de

182 3821 375 3861 eorum
424 3809 604 3878 stirpe
650 3808 965 3861 secundum
1004 3824 1240 3861 carnem
1296 3810 1463 3860 natus
1506 3809 1609 3873 est,
1665 3806 1807 3859 sicut

184 3903 417 3956 testatur
449 3902 659 3956 Paulus
697 3917 709 3954 :
752 3904 875 3955 Dico
916 3904 1054 3954 enim
1095 3901 1364 3953 Christum
1405 3903 1582 3953 Jesum
1614 3901 1801 3952 minis-

184 3995 318 4047 trum
357 3998 531 4061 fuisse
575 3996 988 4048 circumcisionis
1021 3998 1245 4062 propter
1282 3994 1560 4046 veritatem
1609 3994 1700 4046 Dei
1731 3992 1807 4045 ad

181 4088 576 4153 confirmandus
614 4089 990 4157 promissiones
1045 4091 1285 4155 patrum.
1326 4085 1507 4148 Quem
1551 4083 1804 4137 videntes

184 4193 293 4231 non
318 4179 461 4234 sicut
492 4180 816 4234 debuerant
841 4181 1198 4248 receperunt,
1224 4178 1318 4230 sed
1346 4177 1637 4247 cjicientes
1653 4179 1807 4229 extra

185 4270 399 4326 vineam
427 4272 781 4327 occiderunt.
827 4274 950 4326 Non
983 4272 1050 4324 de
1084 4270 1349 4325 omnibus
1387 4271 1534 4336 dico,
1569 4269 1701 4339 quia
1736 4286 1806 4323 cx

185 4363 258 4416 eis
287 4367 564 4434 processit
598 4365 757 4419 radix
802 4368 997 4419 sancta
1036 4367 1093 4418 et
1128 4380 1335 4425 massa,
1370 4364 1477 4417 hoc
1508 4368 1592 4416 est
1627 4361 1805 4415 sancti

185 4460 418 4526 apostoli
447 4463 507 4513 et
531 4458 703 4529 primi
728 4458 1045 4524 credentes,
1076 4457 1173 4511 sed
1205 4473 1377 4527 quam
1409 4457 1597 4526 plures
1618 4455 1677 4508 in
1706 4471 1805 4509 caa-

1907 1963 2073 2031 perat
2104 1960 2159 2013 in
2184 1963 2263 2013 eis
2287 1960 2539 2014 ofﬁcium
2565 1959 3003 2029 praedicationis,
3029 1961 3128 2015 sed
3156 1962 3214 2016 in
3245 1964 3529 2034 gentibus,

1909 2053 2134 2106 dicente
2177 2053 2390 2122 Spiritu
2436 2056 2629 2106 sancto
2666 2070 2678 2106 :
2721 2056 3004 2122 Segrcgate
3048 2057 3183 2109 mihi
3224 2057 3454 2111 Paulum
3483 2064 3534 2112 et

1906 2147 2237 2212 Barnabam,
2269 2148 2326 2199 in
2350 2161 2483 2215 opus
2510 2162 2612 2214 quo
2639 2149 2907 2215 assumpsi
2932 2163 3034 2200 eos.
3064 2148 3208 2211 Quia
3237 2151 3533 2220 unusquis-

1909 2255 2016 2307 que
2048 2255 2209 2292 suam
2250 2238 2603 2308 provinciam
2642 2238 2715 2292 ad
2756 2239 3186 2309 prwdicandum
3218 2248 3531 2312 acceperat,

1908 2332 2058 2384 unde
2092 2332 2209 2401 ipse
2246 2331 2326 2384 ait
2359 2347 2370 2385 :
2406 2333 2511 2397 Qui
2537 2336 2786 2400 operatus
2829 2338 2905 2385 est
2938 2335 3092 2387 Petro
3130 2336 3185 2387 in
3228 2338 3535 2403 apostolatu

1905 2426 2339 2483 circumcisionis,
2368 2430 2617 2491 operatus
2639 2429 2715 2477 est
2739 2430 2789 2477 et
2808 2426 2941 2477 mihi
2958 2428 3098 2478 inter
3122 2432 3321 2493 gentes.
3346 2429 3534 2483 Tertia

1907 2532 2075 2569 causa
2116 2515 2222 2568 fuit
2259 2515 2393 2585 quia
2434 2532 2666 2569 exosum
2708 2532 2840 2569 eum
2888 2517 3177 2571 habebant
3214 2519 3415 2586 Judzei,
3463 2538 3532 2576 eo

1908 2608 2056 2677 quod
2071 2611 2367 2661 evacuaret
2388 2624 2618 2661 omnem
2643 2608 2813 2661 ritum
2833 2608 2991 2677 legis.
3018 2609 3261 2673 Quidam
3282 2612 3436 2665 enim
3459 2614 3533 2668 ad

1906 2701 2080 2753 ﬁdem
2106 2700 2416 2767 venientes,
2452 2701 2598 2753 ﬁlios
2630 2718 2761 2754 suos
2795 2702 3083 2770 baptizare
3109 2704 3326 2772 pariter
3348 2708 3405 2757 et
3424 2706 3531 2759 cir-

1908 2794 2230 2846 cumcidere
2253 2794 2540 2859 volebant,
2567 2794 2721 2863 quod
2744 2795 2946 2847 Paulus
2966 2795 3219 2849 funditus
3245 2798 3536 2866 prohibuit

1909 2888 2102 2939 dicens
2126 2896 2142 2940 2
2176 2889 2234 2941 Si
2254 2888 2714 2948 circumcidimini,
2740 2887 2981 2942 Christus
3006 2890 3151 2943 vobis
3180 2892 3318 2943 nihil
3347 2892 3536 2960 prode-

1907 2982 1999 3041 rit,
2024 2983 2080 3035 in
2103 2980 2310 3033 Christo
2330 2983 2468 3033 enim
2488 2983 2612 3033 Jcsu
2639 2996 2803 3049 neque
2828 2984 3154 3035 circumcisio
3179 2985 3391 3052 aliquid
3426 2988 3530 3039 m-

1910 3074 1997 3133 let,
2029 3089 2197 3140 neque
2222 3076 2570 3141 praeputium,
2612 3074 2706 3127 sed
2750 3074 2880 3141 ﬁdes
2918 3091 3039 3143 quae
3078 3077 3535 3144 pra’dilectionem

1908 3172 2181 3234 operatur.
2217 3165 2381 3228 Quod
2411 3165 2457 3218 si
2483 3182 2694 3219 nomen
2726 3183 2891 3220 suum
2918 3167 3321 3236 praetitulasset
3346 3171 3403 3223 in
3443 3187 3531 3237 ea,

1906 3258 2141 3311 forsitan
2185 3274 2299 3310 non
2341 3274 2468 3311 eam
2504 3258 2857 3328 reciperent,
2905 3260 3038 3328 quia
3082 3261 3322 3330 quilibet
3362 3263 3533 3317 homo

1905 3368 2037 3404 eum
2084 3368 2256 3420 quem
2296 3351 2428 3404 odio
2486 3351 2673 3416 habet,
2707 3368 2824 3405 non
2865 3355 3049 3406 solum
3080 3356 3382 3423 epistolam
3412 3358 3533 3427 ejus

1906 3461 2020 3496 non
2056 3443 2270 3513 recipit,
2302 3444 2401 3497 sed
2429 3444 2598 3496 etiam
2620 3460 2835 3497 nomen
2858 3446 3005 3497 illius
3023 3446 3221 3500 audire
3248 3465 3364 3501 non
3394 3451 3529 3504 vult.

1907 3536 2117 3599 Quarta
2148 3553 2317 3589 causa
2357 3536 2697 3589 humilitatis
2728 3536 2957 3602 exstitit,
2991 3538 3171 3591 sciens
3200 3556 3399 3594 eorum
3438 3560 3531 3596 su-

1906 3628 2160 3698 perbiam
2190 3632 2246 3680 et
2275 3644 2437 3681 suam
2469 3627 2877 3689 humilitatem,
2904 3646 3116 3682 nomen
3150 3648 3315 3684 suum
3348 3634 3534 3688 noluit

1906 3725 2038 3773 ante
2068 3737 2302 3790 ponere.
2328 3720 2502 3790 Hujus
2530 3721 2609 3773 rei
2639 3737 2807 3773 causa
2835 3721 3010 3775 etiam
3037 3722 3237 3776 beatus
3261 3725 3530 3794 Joannes,

1906 3813 1961 3866 in
1994 3813 2177 3883 capite
2205 3813 2469 3883 Epistolze
2502 3828 2616 3865 suae
2658 3830 2773 3866 non
2816 3814 3068 3883 protulit.
3113 3816 3315 3869 Dicunt
3357 3819 3531 3872 etiam

1907 3924 2033 3960 eam
2058 3907 2186 3959 ideo
2216 3923 2330 3959 non
2360 3923 2478 3959 esse
2504 3906 2681 3973 Pauli,
2713 3906 2847 3975 quia
2871 3910 3104 3961 caeteras
3122 3908 3400 3979 Epistolas
3417 3928 3531 3965 non

1907 4000 1983 4052 sic
2013 3999 2295 4053 rhetorico
2342 4015 2607 4053 sermone
2649 3999 2984 4069 composuit,
3016 4004 3073 4054 et
3111 4018 3176 4054 ex
3206 4003 3395 4057 Veteri
3419 4005 3529 4059 No-

1906 4109 2086 4162 voque
2116 4094 2479 4146 Testamento
2514 4092 2744 4158 fulcivit,
2769 4092 3059 4161 quomodo
3086 4093 3192 4147 ista
3216 4097 3534 4165 composita

1908 4189 1991 4237 est
2018 4202 2145 4255 quas
2172 4184 2244 4237 ad
2272 4185 2532 4238 Hebrceos
2560 4184 2786 4255 legitur.
2822 4184 3035 4248 Quibus
3064 4188 3533 4257 respondendum

1908 4277 2011 4340 est,
2059 4272 2191 4343 quia
2243 4277 2478 4327 czeteras
2527 4273 2803 4343 Epistolas
2845 4273 2905 4327 iu
2952 4276 3259 4344 peregrina
3313 4278 3535 4349 scripsit

1908 4366 2122 4435 lingua,
2161 4366 2309 4419 hanc
2354 4383 2484 4419 vero
2530 4365 2587 4419 in
2635 4367 2889 4436 prOpria,
2936 4371 3171 4421 creteras
3219 4369 3275 4422 in
3320 4371 3531 4440 Grieca,

1908 4460 2055 4512 hanc
2086 4458 2143 4511 in
2176 4458 2432 4512 Hebraea.
2466 4459 2576 4513 Nec
2602 4458 2813 4512 mirum
2837 4459 2880 4511 si
2904 4459 3284 4529 eloquentior,
3315 4479 3441 4532 quae
3474 4464 3534 4518 in

184 4549 344 4605 citate
373 4557 809 4617 remanserunt;
844 4551 913 4605 de
940 4550 1145 4620 quibus
1172 4549 1443 4620 scriptum
1473 4554 1559 4603 est
1590 4566 1602 4602 :
1641 4550 1801 4606 Caeci-
1825 4551 1883 4621 ι)
1906 4550 2136 4621 pr0pria
2180 4551 2374 4620 lingua
2423 4551 2631 4619 scripta
2681 4554 2783 4615 est,
2826 4567 2998 4619 quam
3046 4568 3173 4621 quae
3214 4553 3270 4605 in
3317 4555 3531 4609 Graeca.

188 4645 265 4696 tas
288 4660 354 4698 ea:
370 4652 527 4715 parte
550 4646 774 4711 contigit
800 4647 857 4697 in
881 4645 1049 4698 Israel
1076 4644 1239 4697 donec
1262 4643 1546 4713 plenitudo
1572 4644 1807 4709 gentium

188 4736 431 4802 introeat,
458 4743 508 4793 et
533 4741 610 4793 sic
630 4740 802 4792 omnis
824 4738 995 4792 Israel
1020 4737 1203 4791 salvus
1232 4739 1350 4791 erit.
1384 4735 1452 4789 Hi
1471 4751 1603 4788 vero
1624 4734 1720 4805 qui
1746 4734 1805 4786 in

191 4824 517 4885 infidelitate
560 4833 982 4897 remanserunt,
1018 4846 1115 4883 eos
1156 4830 1251 4900 qui
1292 4828 1366 4882 ad
1404 4828 1577 4881 [idem
1620 4826 1805 4880 venie-

189 4919 323 4975 bant
356 4940 557 4979 eorum
600 4924 980 4978 substantiam
1021 4922 1387 4992 diripiebant,
1421 4921 1520 4975 sed
1563 4920 1670 4990 ipsi
1708 4936 1805 4990 pa-

190 5012 391 5069 tienter
420 5017 830 5072 substinebant.
865 5016 1017 5080 Quos
1043 5015 1330 5069 collaudat
1352 5013 1637 5084 apostolus
1666 5014 1806 5067 Pau-

193 5105 272 5157 lus
300 5124 312 5160 :
344 5112 485 5164 Nam
522 5116 573 5165 et
611 5112 782 5164 vincti
806 5112 1069 5178 compassi
1096 5111 1239 5168 estis.
1276 5112 1326 5161 et
1366 5111 1617 5177 rapinam
1648 5107 1807 5160 bono-

192 5214 304 5254 rum
322 5209 613 5259 vestrorum
638 5220 756 5263 cum
791 5203 992 5271 gaudio
1018 5202 1340 5271 suscepistis.
1374 5202 1581 5255 Eorum
1613 5216 1810 5254 curam

193 5306 392 5359 gerens
416 5313 515 5367 per
548 5297 802 5365 singulos
835 5312 1017 5351 annos
1034 5295 1331 5349 collectam
1354 5294 1597 5347 faciebat
1618 5293 1812 5346 dicens

194 5383 454 5445 fratribus
487 5408 498 5446 :
526 5390 903 5447 Recordamini
924 5392 1167 5457 fratrum
1200 5387 1371 5458 [ϐοείη
1398 5386 1684 5457 fratribus]
1718 5388 1814 5455 qui

194 5485 312 5535 sunt
329 5484 386 5537 in
411 5486 736 5549 Jerusalem;
772 5482 1152 5550 mittebatque
1185 5479 1285 5533 eis.

263 5572 522 5630 Scriberis
551 5577 727 5631 etiam
754 5575 1066 5646 Epistolam
1095 5572 1251 5626 misit
1276 5571 1378 5633 eis,
1401 5570 1459 5623 in
1491 5585 1605 5640 qua
1636 5568 1815 5624 voluit

200 5666 513 5736 ostendere,
544 5669 741 5724 omnia
768 5684 893 5739 quae
916 5669 1051 5720 tunc
1073 5665 1145 5720 ad
1168 5664 1418 5719 litteram
1445 5662 1812 5733 gerebantur,

202 5759 494 5821 sabbatum
534 5766 767 5835 scilicet,
798 5763 1312 5826 circumcisionem,
1346 5758 1733 5825 neomeniam,
1761 5763 1817 5814 et

203 5856 403 5914 caetera
429 5875 556 5932 qua:
579 5860 666 5915 lex
690 5858 1073 5930 principiebat,
1104 5856 1305 5914 omnia
1328 5854 1515 5926 typica
1539 5852 1731 5919 fuisse,
1762 5858 1819 5909 et

1906 4645 2153 4713 Dignum
2182 4643 2335 4697 enim
2363 4643 2438 4696 sic
2471 4646 2593 4695 erat
2620 4646 2680 4696 ut
2701 4660 2770 4696 ea
2791 4660 2964 4713 quam
2998 4643 3056 4697 in
3084 4646 3314 4715 propria
3339 4646 3533 4717 lingua

1907 4737 2187 4791 scribebat
2220 4737 2347 4807 plus
2388 4736 2680 4789 luculento
2731 4753 2999 4790 sermone
3045 4744 3437 4809 componeret,
3480 4744 3537 4794 et

1906 4829 2091 4885 Veteri
2120 4831 2388 4899 Novoque
2420 4831 2778 4883 Testamento
2822 4830 3065 4883 fulciret.
3105 4831 3274 4901 Cujus
3302 4848 3535 4888 sensum

1909 4927 1964 4978 et
1991 4923 2250 4977 ordinem
2280 4926 2481 4976 tenens
2516 4923 2859 4993 evangelista
2891 4924 3066 4977 Lucas
3097 4928 3223 4994 post
3248 4942 3538 4981 excessum

1907 5016 2145 5088 apostoli
2174 5016 2328 5069 Pauli
2361 5018 2555 5069 GI‘IDCO
2592 5033 2856 5069 sermone
2897 5017 3234 5087 composuit.
3270 5018 3533 5087 Sedjam

1910 5127 2059 5168 nunc
2095 5110 2275 5180 ipsam
2309 5110 2680 5179 apostolicam
2720 5109 3031 5180 Epistolam
3064 5112 3373 5165 tractemus
3412 5128 3541 5183 quae

1908 5204 1989 5258 ita
2018 5198 2310 5257 exordium
2341 5203 2531 5258 habet.

1981 5297 2309 5352 MULTIFARIE
2352 5311 2653 5357 MULTISQUE
2704 5311 2866 5351 MODlS
2920 5295 3050 5351 OL‘IM
3116 5314 3249 5352 DEUS
3297 5314 3543 5361 LOQLTENS

1914 5406 2170 5445 ruamus
2204 5407 2255 5446 IN
2292 5405 2608 5445 PROPHETIS.
2641 5388 2805 5452 Quod
2827 5389 2963 5443 dicit
2994 5391 3316 5458 multifario,
3351 5396 3542 5447 osten-

1882 5482 1994 5537 'dit
2024 5483 2313 5553 quoddam
2352 5482 2686 5537 vaticinium
2735 5482 2904 5536 fuisse
2939 5500 3004 5536 ex
3038 5471 3183 5537 Filio‘
3214 5485 3334 5539 Dei.
3374 5486 3540 5539 Phari

1914 5576 2123 5641 Gl‘iBCO,
2161 5576 2357 5631 Latine
2392 5576 2549 5647 loqui
2587 5576 2812 5630 dicitur.
2843 5576 3141 5631 Multifarie
3169 5577 3323 5643 dicit,
3353 5579 3545 5631 multis

1915 5667 2315 5721 locutionibus.
2336 5669 2519 5722 Multis
2538 5669 2693 5723 enim
2720 5670 2908 5723 modis
2934 5671 3153 5724 locutus
3173 5673 3257 5723 est
3276 5670 3542 5724 Dominus

1917 5760 2299 5814 auterioribus
2339 5763 2620 5831 Patribus,
2652 5762 2747 5833 qui
2774 5764 3003 5817 fuerunt
3041 5763 3101 5815 in
3130 5761 3313 5814 Vetcri
3351 5762 3538 5813 Testu-

1918 5855 2117 5908 mento
2144 5868 2156 5908 :
2183 5854 2484 5925 aliquoties
2512 5871 2615 5927 per
2640 5856 2904 5923 visiones,
2938 5854 3236 5923 aliquoties
3261 5868 3363 5924 per
3390 5852 3541 5905 simi—
