4022 6488
481 358 584 411 855

1531 349 1920 408 LUCULENTII
1959 350 2023 402 IN
2063 350 2208 404 CAP.
2249 349 2268 402 Ι
2307 349 2395 402 AD
2432 348 2773 404 HEBRIEOS.

3802 349 3915 402 856

481 461 770 528 litudines,
799 459 1096 531 aliquoties
1125 475 1228 529 per
1257 459 1480 512 modos.
1499 459 1606 512 Per
1628 456 1890 522 visiones,
1921 458 1980 508 ut
2010 458 2094 508 est
2115 466 2173 538 Α
2194 453 2300 507 dor
2327 453 2544 524 gloriae,
2567 455 2674 509 hoc
2705 456 2789 509 est
2816 453 2966 508 Deus
2987 454 3060 508 de
3082 454 3200 508 Deo
3228 495 3243 520 ,
3271 455 3484 508 lumen
3515 454 3598 508 de
3630 453 3912 523 lumine,

480 554 619 608 illud
651 571 664 608 :
688 558 797 621 Ego
823 569 1026 622 quoque
1049 554 1274 606 visiones
1293 552 1671 620 multiplicavi,
1702 555 1751 603 et
1769 552 1826 603 in
1847 550 2095 604 manibus

471 647 858 716 prophetarum
885 646 1214 699 assimilatas
1239 661 1373 698 sum.
1402 645 1642 698 Locutus
1675 646 1760 695 est
1783 659 1886 712 per
1904 641 2094 696 simili-

479 738 724 803 tudines,
758 739 904 791 sicut
933 737 1124 791 multis
1153 737 1289 791 locis
1313 737 1555 790 inveniri
1586 735 1810 790 dicitur.
1844 735 1933 788 Sic
1963 736 2094 788 Eze-

479 831 622 884 chiel
654 847 782 884 cum
808 831 888 884 ait
917 848 930 884 :
962 833 1030 885 Et
1056 835 1135 892 tu,
1157 831 1241 900 ﬁli
1266 831 1513 891 hominis,
1537 828 1762 897 perfode
1794 829 1893 880 tibi
1913 830 2092 896 parie-

479 929 581 977 tem
608 925 910 977 manu.Per
939 923 1129 988 verba,
1159 921 1472 976 sicutlsaize
1495 921 1789 991 prophetm
1822 936 1834 973 :
1861 921 2091 974 Verbum

476 1019 689 1069 Domini
730 1016 874 1084 quod
916 1018 1121 1082 factum
1151 1020 1226 1068 est
1267 1015 1342 1067 ad
1384 1016 1583 1068 Isaiam
1625 1015 1960 1082 prophetam.
1989 1013 2090 1065 Per

476 1107 922 1171 revelationem,
966 1107 1107 1159 sicut
1144 1105 1382 1159 Danieli.
1431 1107 1538 1158 Per
1582 1121 1639 1157 se
1697 1104 1900 1173 ipsum,
1949 1105 2089 1157 sicut

473 1199 712 1253 Abrahae
746 1215 759 1252 :
793 1200 900 1252 EJJi
941 1199 1005 1251 de
1039 1203 1185 1252 terra
1224 1204 1338 1251 tua.
1382 1199 1450 1250 Et
1490 1195 1660 1266 Moysi
1700 1212 1712 1248 :
1747 1197 2100 1264 Loquebatur

472 1295 678 1359 Moyses
705 1307 822 1344 cum
869 1294 974 1345 Deo
1011 1293 1150 1357 facie
1197 1291 1271 1343 ad
1314 1291 1528 1356 faciem.
1582 1291 1648 1341 Et
1675 1289 1780 1341 hoc
1811 1292 1894 1341 est
1931 1288 2084 1358 quod

472 1383 606 1437 dicit
638 1400 650 1437 :
679 1385 986 1451 Multifaric
1021 1389 1072 1437 et
1112 1385 1294 1436 multis
1328 1383 1518 1436 modis.
1563 1382 1720 1443 Olim,
1755 1381 1889 1434 dicit
1928 1383 2080 1448 ante,

466 1477 526 1530 in
549 1476 737 1530 Veteri
756 1478 1118 1530 Testamento
1138 1475 1364 1528 scilicet.
1391 1474 1724 1540 Novissime,
1747 1473 1882 1525 dicit
1905 1473 2084 1526 novis-

468 1569 610 1623 simo
635 1573 916 1638 tempore,
944 1569 1143 1622 diebus
1163 1566 1570 1622 incarnationis
1591 1566 1836 1620 Domini.
1866 1568 1940 1620 Dc
1964 1565 2082 1635 qui-

465 1662 572 1716 bus
619 1661 816 1715 diebus
853 1661 1008 1715 idem
1045 1661 1249 1715 Paulus
1284 1659 1458 1713 dicit:
1487 1662 1593 1716 Nos
1616 1674 1816 1721 sumus,
1858 1661 1915 1712 in
1951 1673 2080 1726 quos

461 1759 593 1825 fines
618 1757 927 1809 seculorum
962 1755 1306 1808 devenerunt.
1335 1753 1403 1805 Et
1425 1754 1674 1807 Joannes
1707 1768 1720 1805 :
1752 1751 1950 1813 Filioli,
1981 1765 2077 1804 no-

2195 546 2559 617 omnipotens
2577 547 2647 601 de
2669 547 3091 618 omnipotente,
3121 545 3299 600 Filius
3338 546 3413 601 de
3433 547 3649 614 Patre,
3675 547 3798 619 qui
3823 547 3913 600 di-

2193 638 2269 691 cit
2299 655 2316 690 :
2344 641 2455 706 Ego
2478 655 2595 694 sum
2615 641 2730 694 tua).
2764 640 2832 692 Et
2853 639 2924 692 de
2950 655 3065 710 quo
3089 640 3349 694 Joannes
3374 655 3389 693 :
3419 641 3573 694 Erat
3610 640 3726 694 tua:
3761 656 3910 694 vera

2192 747 2308 800 qua:
2330 733 2603 787 illuminat
2620 747 2821 786 omnem
2839 733 3105 786 hominem
3124 735 3430 788 venientem
3453 735 3520 786 in
3543 733 3711 786 hunc
3737 748 3910 786 mun-

2192 823 2336 878 dum.
2363 826 2436 879 Er
2465 841 2657 880 manu
2679 839 3021 879 srnsrmna
3047 840 3192 880 EJUS.
3214 825 3362 880 Cum
3389 825 3568 880 audis
3591 825 3904 895 figuram,

2191 915 2305 970 noli
2348 917 2754 980 scandalizari;
2807 917 3052 986 figuram
3103 916 3266 970 enim
3305 917 3399 972 vel
3447 917 3904 972 characterem

2189 1009 2295 1062 hoc
2340 1009 2397 1062 in
2439 1011 2562 1062 loco
2605 1026 2718 1062 non
2753 1026 2855 1080 pro
2901 1009 3306 1074 similitudine,
3340 1010 3450 1063 sed
3483 1027 3601 1080 pro
3629 1011 3902 1066 veritate

2188 1101 2510 1170 intelligere
2545 1101 2740 1168 debes,
2770 1101 3020 1172 qualiter
3040 1101 3087 1154 si
3114 1102 3329 1156 videris
3363 1101 3726 1173 imaginem
3765 1103 3900 1174 pic-

2185 1197 2304 1246 tam
2346 1194 2403 1246 in
2448 1193 2665 1263 pariete
2705 1197 2761 1248 et
2789 1194 2943 1247 dicas
2977 1210 2990 1246 :
3024 1195 3164 1248 Ecce
3199 1195 3403 1260 homo,
3441 1211 3588 1250 ecce
3634 1213 3899 1262 manus,

2186 1306 2312 1342 ecce
2347 1289 2536 1360 pedes.
2572 1289 2684 1344 Sed
2713 1291 2876 1344 aliter
2904 1294 2991 1344 est
3017 1290 3236 1362 imago,
3273 1292 3452 1346 aliter
3473 1295 3583 1362 tu;
3641 1293 3756 1348 illa
3785 1311 3901 1364 per

2184 1381 2634 1450 similitudinem,
2663 1386 2724 1435 tu
2751 1399 2854 1452 per
2885 1383 3213 1437 veritatem.
3250 1386 3648 1448 PORTANSQUE
3700 1401 3898 1444 oxxu

2181 1489 2356 1529 veneo
2379 1490 2624 1529 vmruris
2666 1490 2796 1528 sua.
2825 1476 3078 1529 Verbum
3113 1480 3172 1530 et
3201 1478 3422 1531 veritas
3452 1479 3749 1533 Christus
3780 1485 3895 1545 est,

2182 1566 2252 1619 dc
2284 1583 2396 1636 quo
2426 1568 2630 1620 Paulus
2664 1583 2676 1620 :
2710 1569 2951 1624 Christus
2979 1571 3076 1622 Dei
3100 1573 3280 1624 virtus
3311 1576 3362 1624 et
3400 1574 3509 1637 Dei
3545 1575 3889 1641 sapientia.

2180 1660 2246 1710 Et
2275 1658 2344 1711 de
2371 1675 2482 1728 quo
2514 1661 2762 1713 Joannes
2807 1676 2820 1713 :
2858 1662 2922 1714 In
2943 1663 3218 1730 principio
3247 1668 3366 1716 erat
3404 1665 3678 1719 verbum.
3719 1665 3887 1720 Dicit

2180 1754 2373 1804 autem
2399 1753 2701 1822 Apostolus
2735 1752 2804 1805 de
2847 1753 2983 1806 Filio
3013 1754 3132 1822 Dei,
3175 1755 3334 1824 quod
3361 1760 3625 1826 portans
3656 1762 3890 1820 omnia,

461 1822 678 1902 vissima
702 1849 833 1900 hora
857 1851 952 1900 est.
979 1847 1046 1899 Et
1069 1846 1276 1898 iterum
1302 1845 1507 1898 Paulus
1541 1859 1554 1896 :
1585 1845 1658 1898 At
1680 1844 1774 1897 ubi
1793 1845 1939 1897 venit
1955 1843 2077 1912 ple-
2099 1822 2156 1893 B
2181 1843 2418 1897 destruit
2440 1843 2781 1898 Arianorum
2815 1845 3133 1912 vesaniam,
3163 1822 3264 1917 qui
3295 1822 3531 1915 dicunt,
3573 1851 3758 1919 quod
3781 1853 3892 1905 Pa-

462 1941 652 1994 nitudo
680 1941 948 2008 temporis,
989 1941 1133 1992 misit
1172 1940 1308 1992 Deus
1339 1938 1534 1991 Filium
1562 1952 1736 1990 suum.
1771 1937 1913 1990 Cum
1945 1951 2078 1989 vero

463 2031 640 2085 dicit:
669 2033 980 2086 Novissnus
1021 2047 1206 2084 DIEBUS
1249 2045 1402 2095 lSTlS,
1439 2045 1675 2084 LOCUTUS
1714 2045 1806 2082 EST
1835 2043 1992 2083 NOBlS
2023 2044 2078 2082 IN

463 2126 645 2189 FILIo;
669 2139 734 2176 ac
753 2123 966 2176 sidicat
989 2139 1000 2175 :
1029 2122 1164 2192 quid
1193 2122 1400 2174 mirum
1427 2123 1473 2174 si
1501 2121 1754 2191 patribus
1780 2121 1933 2174 misit
1953 2138 2078 2191 pro-

460 2216 681 2286 phetas,
714 2219 770 2269 et
799 2232 902 2285 per
928 2231 1024 2268 eos
1057 2215 1138 2268 eis
1163 2215 1380 2267 locutus
1409 2218 1512 2280 est,
1537 2213 1632 2284 qui
1666 2213 1828 2268 nobis
1855 2229 1959 2283 per
1987 2215 2074 2266 Fi-

459 2309 600 2362 lium
629 2311 712 2362 est
757 2307 1012 2361 locutus?
1053 2307 1162 2360 lllis
1206 2307 1514 2377 prophetas
1559 2306 1879 2371 destinavit,
1915 2306 2075 2359 nobis

460 2402 659 2454 Filium
687 2417 850 2453 suum
882 2400 1055 2464 misit,
1081 2403 1135 2452 et
1157 2416 1260 2468 per
1283 2415 1415 2452 eum
1445 2399 1597 2468 loqui
1627 2399 1785 2451 nobis
1807 2398 2074 2468 dignatus

457 2497 558 2547 est.
596 2496 672 2548 De
707 2509 820 2564 quo
853 2493 1143 2546 Matthmus
1195 2492 1330 2544 dicit
1369 2507 1380 2545 :
1426 2495 1559 2546 Erat
1587 2492 1777 2544 docens
1807 2507 1890 2545 eos
1936 2494 2075 2544 sicut

448 2591 766 2656 potestatem
790 2587 1008 2646 habens,
1034 2601 1139 2638 non
1183 2587 1318 2637 sicut
1353 2585 1663 2637 Scribarum
1693 2589 1742 2637 et
1775 2586 2068 2638 Pharist-

454 2696 588 2732 rum.
608 2681 728 2749 Ipse
749 2679 847 2748 qui
862 2677 1154 2748 quondam
1182 2694 1284 2747 per
1301 2677 1651 2746 patriarchas
1679 2680 1735 2728 et
1764 2677 2072 2746 prophetas

457 2772 818 2842 loquebatur,
853 2787 958 2841 per
980 2770 1349 2840 semetipsum
1380 2769 1535 2838 loqui
1564 2769 1830 2837 dignatus
1863 2772 1964 2821 est.

519 2867 671 2931 Quen
714 2879 1026 2919 CONSTITUIT
1071 2878 1332 2916 nauseam
1376 2876 1772 2916 L'NivEnsonL'n.
1817 2861 2066 2914 Haeredi-

453 2961 538 3009 tas
568 2957 638 3010 ab
666 2957 825 3022 hero,
858 2955 919 3008 id
950 2959 1036 3008 est
1061 2971 1094 3008 a
1117 2956 1235 3008 Deo
1269 2954 1418 3007 dicta
1457 2956 1560 3019 est,
1590 2953 1743 3022 quod
1791 2969 1859 3005 ea
1887 2952 2069 3006 libera

452 3050 729 3117 potestate
758 3048 1021 3101 donetur.
1043 3045 1344 3101 Constituit
1368 3047 1536 3098 Pater
1556 3045 1756 3098 Filium
1780 3045 2066 3098 haeredcm

2178 1938 2266 1986 ter
2315 1935 2571 2006 praecipit
2610 1936 2838 1990 dicens:
2883 1939 3007 1992 Fiat
3052 1939 3148 1992 lux
3188 1942 3248 1992 et
3292 1939 3472 1994 Filius
3521 1941 3888 2010 obedierit;

2179 2027 2308 2096 quia
2327 2027 2755 2098 ostendit,quod
2767 2045 2869 2082 suo
2886 2029 3062 2082 verbo
3081 2034 3290 2085 cuncta
3305 2033 3890 2104 perfecit,portans,

2176 2119 2378 2190 inquit,
2411 2123 2609 2181 omnia,
2641 2120 2698 2173 id
2733 2124 2817 2173 est
2843 2121 3195 2188 gubernans.
3245 2124 3537 2179 Continet
3591 2143 3888 2199 namque

2177 2211 2460 2277 cadentia,
2495 2216 2552 2265 et
2579 2213 2648 2265 ad
2679 2213 2916 2266 nihilum
2945 2215 3271 2268 tendentia.
3304 2216 3473 2270 Sicut
3514 2219 3704 2274 enim
3740 2222 3884 2274 abs-

2177 2320 2283 2374 que
2309 2305 2424 2357 ullo
2451 2305 2646 2358 labore
2682 2309 2884 2358 cuncta
2907 2307 3122 2359 creavit
3150 2324 3216 2360 ex
3243 2308 3453 2375 nihilo,
3477 2311 3672 2378 juxta
3709 2315 3887 2384 quod

2173 2397 2446 2465 scriptum
2475 2400 2594 2450 est:
2635 2399 2740 2463 Qui
2765 2403 2943 2451 manet
2979 2400 3034 2452 in
3064 2405 3346 2463 aeternum,
3381 2409 3598 2458 cuncta
3647 2411 3888 2461 crearit

2170 2491 2362 2554 simul;
2381 2489 2458 2541 sic
2480 2490 2674 2542 omnia
2695 2490 3187 2554 regitetcontinet
3208 2496 3266 2546 et
3281 2498 3485 2564 portat
3499 2495 3764 2568 absque
3789 2500 3880 2553 la-

2170 2580 2330 2634 bore.
2376 2583 2437 2634 In
2483 2583 2597 2649 ipso
2637 2585 2776 2634 enim
2814 2584 3063 2644 vivimus,
3109 2599 3391 2640 movemur
3435 2593 3489 2640 et
3537 2603 3794 2655 sumus,
3827 2598 3888 2647 et

2135 2693 2142 2698 ’
2170 2677 2346 2728 omnia
2377 2676 2434 2727 in
2457 2676 2570 2743 ipso
2588 2679 2852 2740 constant,
2885 2675 3028 2729 sicut
3047 2676 3208 2730 idem
3231 2681 3546 2748 apostolus
3579 2683 3748 2738 alibi
3775 2685 3884 2740 ait.

2170 2768 2362 2837 Neque
2388 2767 2542 2820 enim
2579 2767 2796 2836 aliquid
2835 2768 3144 2823 subsistere
3184 2773 3442 2840 poterat,
3477 2773 3608 2828 nisi
3661 2793 3790 2847 per
3825 2796 3887 2834 se

2171 2857 2363 2913 omnia
2396 2860 2734 2912 contineret.
2787 2861 2854 2913 Et
2892 2861 3000 2940 hoc
3029 2866 3117 2914 est
3147 2863 3304 2933 quod
3332 2863 3458 2934 ipse
3489 2866 3700 2923 Filius
3729 2870 3888 2926 dicit

2165 2951 2372 3006 Judaeis
2433 2969 2446 3004 :
2493 2955 2653 3006 Pater
2701 2968 2843 3006 meus
2885 2969 3056 3023 usque
3103 2956 3263 3009 modo
3308 2963 3618 3026 operatur,
3673 2970 3734 3018 et
3784 2981 3887 3034 ego

2167 3060 2372 3114 operor.
2400 3047 2536 3098 Tam
2570 3045 2744 3114 [Cod.,
2775 3045 2910 3118 non]
2945 3047 3105 3101 enim
3133 3048 3347 3103 missus
3376 3053 3470 3105 est
3498 3054 3886 3123 gubernare

452 3140 862 3206 universorum,
892 3139 948 3192 id
979 3142 1065 3192 est
1089 3139 1259 3192 totius
1289 3137 1489 3191 mundi
1517 3153 1646 3191 cum
1685 3137 1850 3191 dicit:
1877 3139 2067 3194 Omnia
2086 3175 2140 3249 Ο
2165 3137 2444 3192 mundum
2490 3154 2663 3208 quam
2705 3153 2919 3192 creare.
2958 3140 3203 3204 Quando
3249 3141 3412 3197 enim
3459 3153 3737 3203 creatus
3789 3155 3883 3205 est

448 3233 724 3300 subjecisti
747 3234 846 3285 sub
856 3233 1090 3300 pedibus
1112 3232 1246 3298 ejus.
1271 3231 1426 3284 Unde
1448 3233 1504 3284 et
1525 3230 1676 3283 idem
1699 3230 1866 3283 Filius
1888 3229 2024 3284 dicit
2047 3247 2059 3284 :

453 3327 558 3393 Ego
583 3329 758 3378 autem
787 3327 1109 3377 constitutus
1135 3339 1252 3376 sum
1272 3339 1368 3376 rea:
1383 3324 1450 3375 ab
1469 3338 1543 3376 eo.
1574 3324 1894 3392 Resurgens
1923 3339 2060 3393 ergo

447 3435 480 3470 a
511 3417 750 3470 mortuis
777 3417 970 3470 datam
1001 3417 1104 3468 sibi
1134 3415 1333 3468 asserit
1361 3415 1883 3486 potestatem;sicut
1908 3415 2062 3470 idem

447 3513 584 3563 Data
610 3515 685 3565 est
711 3512 844 3563 mihi
859 3513 1029 3562 omnis
1051 3515 1285 3578 potestas
1313 3511 1368 3560 in
1391 3510 1514 3561 caelo
1533 3514 1581 3562 ct
1602 3512 1657 3561 in
1679 3513 1842 3562 terra.
1868 3509 1933 3561 Et
1957 3509 2056 3563 ite-

445 3618 570 3654 rum
601 3618 616 3652 :
648 3605 808 3656 Pater
844 3618 949 3654 non
977 3603 1197 3669 judicat
1235 3617 1576 3670 quemquam,
1614 3602 1709 3654 sed
1734 3616 1885 3654 omne
1899 3602 2056 3668 judi-

444 3697 581 3748 cium
608 3695 756 3748 dedit
783 3696 936 3748 Filio.
966 3697 1112 3763 Ergo
1158 3710 1271 3747 non
1306 3694 1429 3763 jam
1471 3693 1655 3764 portio
1684 3693 1908 3746 Domini
1939 3697 2060 3747 tan-

445 3791 564 3840 tum
595 3787 788 3853 Jacob,
810 3791 867 3840 et
892 3804 1011 3841 sors
1035 3787 1156 3856 ejus
1181 3786 1584 3840 tantummodo
1611 3788 1800 3852 Israel,
1830 3785 1927 3839 sed
1943 3803 2059 3840 om-

445 3895 542 3932 nes
572 3883 772 3948 gentes
797 3883 854 3932 et
884 3879 1165 3944 nationes,
1199 3881 1318 3932 toto
1350 3878 1486 3931 orbe
1514 3878 1764 3944 diffusas,
1798 3879 1856 3932 in
1885 3879 2060 3932 haere-

439 3971 676 4026 ditatem
699 3971 992 4041 sanguinis
1011 3970 1211 4025 Christi
1233 3970 1648 4040 amplectimur.
1683 3973 1750 4026 Ut
1771 3973 1826 4024 in
1851 3975 2058 4026 nomine

437 4066 564 4116 Jesu
593 4080 744 4117 omne
771 4079 910 4129 genu
939 4066 1211 4130 ﬂectatur;
1243 4063 1301 4115 in
1333 4062 1389 4115 id
1411 4063 1563 4132 quod
1585 4064 1760 4117 homo
1790 4065 2058 4118 constitu-

441 4161 529 4208 tus
548 4158 634 4208 est
650 4172 682 4208 a
705 4157 890 4222 Patre,
911 4159 967 4208 et
988 4155 1182 4208 omnia
1203 4155 1254 4208 ei
1277 4155 1531 4225 subjecta
1559 4156 1774 4209 suntab
1796 4173 1862 4210 eo
1885 4175 1901 4225 ;
1923 4157 1978 4210 in
1998 4157 2054 4211 id

438 4247 588 4317 quod
635 4248 866 4317 mqualis
895 4247 1064 4313 Patri,
1111 4247 1263 4300 idem
1298 4247 1466 4300 Filius
1506 4247 1680 4302 dicit:
1713 4251 1904 4305 Omnia
1940 4241 2055 4306 mea

435 4345 527 4394 tua
553 4346 696 4402 sunt,
725 4347 773 4393 et
799 4346 894 4395 tua
924 4357 1056 4394 mea.
1090 4342 1198 4395 Pen
1221 4357 1362 4402 oues!
1392 4357 1540 4395 FECIT
1571 4357 1804 4398 sacrm.
1833 4343 2051 4398 Subau-

436 4432 586 4487 ditur
611 4449 713 4503 per
739 4432 938 4487 filium.
957 4433 1143 4487 Utitur
1163 4434 1272 4488 hoc
1295 4434 1446 4504 apud
1469 4434 1768 4490 haereticos
1789 4436 1885 4506 qui
1909 4437 2053 4493 dice-

2165 3229 2434 3300 mundus,
2470 3246 2536 3283 ex
2569 3229 2748 3284 nihilo
2795 3231 2946 3285 facta
2981 3236 3118 3286 sunt
3157 3235 3366 3290 omnia
3413 3240 3482 3292 ut
3518 3247 3776 3298 essent.
3817 3245 3882 3298 In

2163 3323 2575 3392 gubernatione
2601 3339 2734 3376 vero
2767 3324 2959 3393 agitur
2979 3328 3042 3379 ut
3057 3343 3128 3380 ea
3150 3343 3280 3398 quae
3304 3333 3447 3385 sunt
3470 3331 3556 3386 ad
3592 3335 3880 3392 nihilum

2161 3431 2274 3468 non
2304 3415 2640 3484 redigantur
2668 3431 2776 3469 nec
2807 3422 3067 3486 pereant.

2228 3509 2615 3562 PURGATIONEM
2645 3524 2991 3564 peccaronuu
3025 3527 3270 3568 morsus.
3305 3516 3660 3588 Postquam
3699 3524 3878 3579 enim

2160 3600 2448 3669 apostolus
2471 3600 2738 3666 ostendit,
2763 3601 2897 3671 quia
2919 3603 3118 3657 omnia
3146 3605 3523 3674 gubernaret
3559 3616 3633 3666 et
3669 3617 3876 3671 conti-

2161 3696 2323 3745 neret
2344 3692 2513 3746 Filius
2531 3709 2657 3762 quae
2687 3693 2840 3763 fecit,
2863 3695 3044 3748 voluit
3068 3697 3249 3751 etiam
3277 3701 3708 3762 manifestare
3738 3711 3877 3780 ejus

2158 3801 2373 3851 curam,
2397 3785 2517 3854 ejus
2539 3785 3018 3854 misericordiam,
3038 3805 3217 3859 quam
3237 3807 3386 3863 erga
3420 3811 3540 3850 nos
3554 3800 3876 3869 exhibuit,

2157 3877 2346 3932 dicens
2373 3894 2385 3931 :
2411 3880 2789 3944 Purgationcm
2810 3887 3157 3949 peccatorum
3181 3886 3425 3950 faciens.
3476 3889 3660 3948 Fecit
3697 3896 3878 3951 enim

2157 3970 2556 4040 purgationem
2577 3976 2962 4040 peccatorum,
2982 3975 3217 4044 quando
3235 3979 3522 4048 pendens
3545 3983 3618 4038 in
3645 3987 3873 4056 'cruce,

2155 4067 2352 4132 aperto
2380 4063 2558 4116 latere
2590 4063 2712 4133 ejus
2741 4065 3000 4119 manavit
3038 4069 3280 4139 sanguis
3308 4075 3370 4124 et
3396 4089 3570 4146 aqua
3602 4095 3730 4150 pro
3775 4100 3871 4136 re-

2155 4155 2487 4225 demptione
2520 4159 2734 4224 nostra,
2764 4157 2993 4212 dicente
3017 4163 3289 4230 apostolo
3321 4181 3334 4218 :
3367 4169 3577 4238 Empti
3601 4178 3774 4230 enim
3792 4193 3875 4231 es-

2155 4251 2222 4302 tis
2243 4251 2419 4318 pretio
2445 4265 2654 4316 magno.
2685 4251 2753 4303 Et
2777 4250 2916 4304 illud
2942 4267 2954 4304 :
2994 4252 3098 4318 Qui
3121 4254 3328 4312 dilexit
3354 4274 3461 4315 nos
3493 4266 3553 4317 et
3573 4265 3740 4322 lavit
3771 4287 3876 4326 nos

2151 4357 2186 4394 a
2208 4344 2440 4411 peccatis
2470 4344 2665 4397 nostris
2693 4345 2748 4396 in
2773 4347 3041 4414 sanguine
3069 4362 3186 4402 suo.
3220 4350 3304 4404 De
3333 4351 3450 4407 hac
3470 4362 3872 4430 purgatione

2151 4437 2518 4504 peccatorum
2548 4451 2651 4505 per
2685 4437 2918 4491 Petrum
2944 4437 3157 4494 dicitur
3188 4457 3202 4495 :
3238 4443 3353 4510 Qui
3374 4455 3634 4516 peccata
3662 4463 3873 4513 nostra

435 4524 605 4620 bant:
641 4525 697 4620 Si
720 4528 805 4579 est
827 4526 1097 4620 Christus,
1123 4530 1249 4620 erat
1270 4531 1498 4620 tempus
1524 4528 1754 4598 quando
1777 4545 1891 4582 non
1913 4534 2052 4596 erat,
2075 4534 2134 4606 D
2157 4529 2268 4620 ipse
2287 4528 2518 4597 pertulit
2546 4531 2604 4581 in
2634 4544 2852 4599 corpore
2879 4546 2975 4585 suo
3005 4547 3170 4604 super
3198 4535 3636 4604 lignum.Facit
3661 4553 3873 4620 quoti-

434 4617 532 4669 sed
565 4618 620 4671 in
656 4619 762 4671 hoc
792 4634 888 4672 eos
920 4619 1158 4672 destruit
1185 4635 1314 4673 cum
1345 4619 1516 4675 dicit:
1547 4623 1646 4675 Per
1674 4637 1829 4691 quem
1853 4625 1982 4689 fecit
2004 4629 2053 4678 et

431 4712 646 4764 saecula.
679 4711 840 4774 Quod
875 4711 1030 4765 enim
1058 4711 1209 4776 dicit,
1237 4716 1289 4765 et
1317 4729 1470 4781 quem
1499 4718 1775 4768 constituit
1795 4716 2052 4770 haeredem

429 4805 813 4866 universorum,
863 4803 934 4857 ad
973 4804 1387 4858 humanitatem
1430 4805 1696 4874 pertinet.
1726 4808 1886 4870 Quod
1921 4825 2050 4862 vero

2154 4619 2664 4716 die-purgationem
2681 4627 3050 4692 peccatorum
3067 4643 3172 4697 per
3185 4627 3600 4706 baptismum;
3633 4619 3719 4696 de
3743 4661 3870 4716 quo

2151 4712 2356 4767 dicitur
2410 4729 2423 4768 :
2475 4716 2740 4784 Quotquot
2789 4717 3117 4782 credidistis,
3178 4723 3474 4781 Christum
3543 4712 3867 4794 induistis.

2153 4805 2300 4859 Facit
2321 4806 2495 4861 etiam
2515 4807 2918 4877 purgationem
2941 4816 3345 4885 peccatorum,
3379 4836 3530 4876 cum
3562 4825 3868 4887 ﬁdelibus

421 4894 653 4957 addidit,
673 4910 768 4960 per
788 4912 943 4965 quem
968 4899 1096 4963 fecit
1139 4902 1188 4950 et
1207 4899 1422 4960 saecula,
1448 4898 1519 4951 ad
1543 4897 1919 4953 divinitatem.
1943 4902 2049 4954 Per

423 4986 624 5041 Filium
667 4988 821 5042 enim
863 4989 997 5043 fecit
1042 4990 1190 5042 Deus
1240 4991 1406 5043 Pater
1444 4992 1664 5054 smeula,
1705 4992 1847 5044 sicut.
1877 4993 2048 5046 habes

422 5079 693 5149 scriptum
729 5098 741 5134 :
773 5083 838 5134 In
877 5084 1150 5152 principio
1184 5084 1314 5148 fecit
1358 5086 1496 5138 Deus
1536 5084 1723 5137 caalum
1751 5089 1800 5137 et
1827 5089 2042 5140 terram.

420 5171 679 5224 Ostendit
700 5189 831 5226 eum
854 5178 984 5228 ante
1000 5175 1196 5228 omnia
1212 5175 1419 5229 smcula
1440 5175 1610 5228 fuisse
1631 5193 1761 5229 cum
1778 5179 1964 5244 Patre,
1990 5181 2045 5231 et

421 5278 546 5314 cum
575 5279 642 5316 eo
671 5264 864 5317 omnia
892 5267 1230 5320 condidisse.
1261 5267 1419 5320 Unde
1452 5272 1507 5320 ct
1534 5270 1781 5322 Joannes
1814 5286 1825 5323 :
1855 5272 2042 5326 Omnia

411 5375 511 5427 per
541 5361 718 5426 ipsum
747 5361 898 5425 facta
929 5370 1073 5416 sunt.
1105 5365 1166 5417 Et
1196 5365 1314 5434 ipse
1340 5365 1397 5418 in
1429 5366 1721 5436 Sapientia
1749 5367 2000 5436 loquitur
2025 5385 2036 5422 :

414 5452 671 5502 Dominus
701 5451 933 5516 pom-edit
963 5468 1039 5504 me
1073 5457 1128 5506 in
1166 5458 1322 5508 initio
1362 5459 1573 5508 viarum
1611 5473 1852 5510 suarum.
1887 5458 2040 5513 Sicut

413 5541 571 5594 enim
588 5541 1101 5612 neminemjudicat
1115 5549 1296 5613 Pater,
1314 5548 1409 5601 sed
1431 5550 1622 5602 omnia
1643 5550 2035 5619 (licitjudicarc

413 5649 513 5704 per
543 5633 766 5702 Filium,
799 5653 968 5707 quem
990 5639 1244 5708 judicem
1278 5641 1494 5709 genuit,
1527 5643 1602 5695 sic
1630 5644 1802 5697 etiam
1834 5643 2037 5698 dicitur

407 5729 631 5795 operari
663 5746 762 5800 per
785 5729 1008 5796 Filium,
1033 5747 1205 5800 quem
1229 5736 1448 5785 constat
1467 5735 1728 5802 epil‘irem
1749 5737 2028 5804 genuisse.

477 5822 576 5885 Qu
606 5837 712 5877 cun
743 5837 826 5878 SIT
857 5839 1129 5878 SPLENDOM
1153 5839 1375 5878 GLORLE.
1412 5827 1531 5894 Ipse
1566 5831 1646 5880 est
1670 5827 1822 5880 enim
1852 5831 2034 5899 splen-

2149 4899 2262 4953 suis
2283 4916 2486 4970 corpus
2506 4903 2562 4953 ct
2579 4901 2916 4972 sanguinem
2932 4921 3100 4958 suum
3113 4906 3213 4961 dat
3229 4913 3718 4977 comedendum
3736 4925 3864 4996 ipse

2149 4991 2245 5062 qui
2273 4992 2444 5045 dicit:
2475 4997 2584 5060 Ego
2611 5009 2728 5048 sum
2752 4999 2917 5064 panis
2946 4999 3102 5053 vivus
3127 5003 3226 5068 qui
3256 5003 3326 5056 de
3353 5008 3497 5061 caelo
3543 4991 3864 5082 desecti-di:

2148 5088 2202 5137 et
2231 5102 2242 5138 :
2271 5086 2405 5140 Caro
2435 5103 2549 5140 mea
2589 5103 2706 5141 vere
2748 5093 2826 5143 cst
2861 5091 3033 5152 cibus,
3064 5097 3113 5145 et
3145 5100 3380 5164 sanguis
3409 5117 3580 5159 meus
3610 5125 3752 5165 vere
3782 5120 3865 5166 est

2141 5183 2316 5246 potus.
2347 5180 2413 5232 Et
2448 5179 2654 5233 iterum
2703 5197 2714 5234 :
2751 5184 2862 5234 nisi
2902 5184 3376 5244 manducavcritis
3418 5211 3677 5255 carnem
3721 5207 3864 5260 pm;

2143 5271 2366 5324 hominis
2391 5277 2440 5324 et
2465 5273 2703 5326 biberitis
2727 5274 2842 5339 eius
2885 5279 3234 5344 sanguinem,
3269 5296 3384 5337 non
3416 5287 3731 5350 habebitis
3770 5303 3857 5351 vi-

2143 5363 2251 5410 tam
2283 5361 2334 5411 in
2361 5362 2527 5413 vobis.
2553 5361 2615 5413 Et
2647 5377 2659 5414 :
2694 5362 2802 5428 Qui
2822 5363 3119 5418 manducet
3146 5383 3325 5422 meam
3351 5387 3604 5434 carnem
3631 5389 3690 5438 et
3717 5387 3862 5440 δι’δίτ

2138 5467 2310 5504 meum
2338 5456 2671 5541 sanguinem,
2715 5457 2777 5541 in.
2818 5472 2899 5508 me
2942 5464 3126 5541 manet
3161 5465 3212 5512 et
3260 5477 3358 5528 ego
3417 5470 3482 5520 in
3527 5475 3688 5541 ipso.
3747 5482 3860 5534 ltu-

2139 5547 2232 5584 rus
2260 5548 2506 5602 namque
2535 5532 2606 5586 ad
2631 5533 2957 5603 passionem
2989 5534 3287 5607 discipulis
3311 5541 3397 5595 ait
3425 5561 3436 5597 :
3461 5532 3597 5605 Hoc
3629 5563 3722 5610 est
3744 5532 3860 5613 eor-

2128 5626 2236 5679 pus
2264 5627 2438 5664 meum
2477 5613 2622 5694 quod
2659 5629 2777 5694 pro
2803 5614 2952 5694 vobis
2999 5617 3256 5670 tradetur
3319 5624 3382 5675 in
3436 5635 3856 5694 remissionem

2128 5696 2484 5778 periegetarum.
2511 5691 2664 5778 Sicut
2691 5693 2844 5778 enim
2873 5692 3028 5778 ignis
3051 5696 3368 5778 lique_facit_
3383 5719 3637 5778 ceram,
3679 5721 3746 5769 et
3782 5691 3858 5772 έίζ

2135 5763 2229 5812 cut
2256 5761 2489 5844 ﬂamma
2519 5763 2800 5844 comburit
2840 5761 3131 5844 stipulam,
3162 5768 3244 5820 sic
3285 5761 3551 5844 minora
3566 5761 3853 5844 Feci-(2.32;;

2134 5846 2237 5899 per
2265 5831 2764 5902 participationem
2789 5831 3046 5904 corporis
3079 5831 3136 5892 et
3170 5842 3493 5912 sanguinis
3521 5831 3846 5914 Chi-{511:
