  <div class='ocr_page' id='page_1' title='image "/cluster/home/n/w/nwhite01/storage/ocr_20150623/72/umn.31951002477365o/436.png"; bbox 0 0 4022 6410; ppageno 0'>
   <div class='ocr_carea' id='block_1_1' title="bbox 1588 591 2011 716">
    <p class='ocr_par' dir='ltr' id='par_1_1' title="bbox 1588 591 2011 716">
     <span class='ocr_line' id='line_1_1' title="bbox 1588 591 2011 716; baseline 0.002 -1"><span class='ocrx_word' id='word_1_1' title='bbox 1588 591 2011 716; x_wconf 87' lang='lat' dir='ltr'>XVIII.</span> 
     </span>
    </p>
   </div>
   <div class='ocr_carea' id='block_1_2' title="bbox 136 787 3466 932">
    <p class='ocr_par' dir='ltr' id='par_1_2' title="bbox 136 787 3466 932">
     <span class='ocr_line' id='line_1_2' title="bbox 136 787 3466 932; baseline 0.001 -80"><span class='ocrx_word' id='word_1_2' title='bbox 136 788 336 852; x_wconf 82' lang='lat' dir='ltr'>Lectio</span> <span class='ocrx_word' id='word_1_3' title='bbox 362 787 672 872; x_wconf 72' lang='lat' dir='ltr'>Epistolae</span> <span class='ocrx_word' id='word_1_4' title='bbox 702 787 727 850; x_wconf 87' lang='grc' dir='ltr'>Ι</span> <span class='ocrx_word' id='word_1_5' title='bbox 755 788 930 852; x_wconf 85' lang='lat' dir='ltr'>beati</span> <span class='ocrx_word' id='word_1_6' title='bbox 958 787 1133 852; x_wconf 92' lang='lat' dir='ltr'>Petri</span> <span class='ocrx_word' id='word_1_7' title='bbox 1161 788 1438 932; x_wconf 59' lang='lat' dir='ltr'>qlpostoli</span> <span class='ocrx_word' id='word_1_8' title='bbox 1473 791 1560 870; x_wconf 82' lang='grc' dir='ltr'>(ν,</span> <span class='ocrx_word' id='word_1_9' title='bbox 1596 792 1657 932; x_wconf 54' lang='grc'>61)</span> <span class='ocrx_word' id='word_1_10' title='bbox 1693 809 1706 852; x_wconf 93' lang='lat'>:</span> <span class='ocrx_word' id='word_1_11' title='bbox 1743 790 2157 884; x_wconf 70' lang='lat' dir='ltr'>Qharissimi,</span> <span class='ocrx_word' id='word_1_12' title='bbox 2189 793 2642 888; x_wconf 75' lang='lat' dir='ltr'>humiliamini</span> <span class='ocrx_word' id='word_1_13' title='bbox 2663 794 2782 858; x_wconf 88' lang='lat' dir='ltr'>sub</span> <span class='ocrx_word' id='word_1_14' title='bbox 2805 795 3058 878; x_wconf 83' lang='lat' dir='ltr'>potenti</span> <span class='ocrx_word' id='word_1_15' title='bbox 3079 810 3286 856; x_wconf 87' lang='lat' dir='ltr'>manu</span> <span class='ocrx_word' id='word_1_16' title='bbox 3311 792 3466 871; x_wconf 90' lang='lat' dir='ltr'>Dei,</span> 
     </span>
     <span class='ocr_line' id='line_1_3' title="bbox 830 867 2760 932; baseline 0.001 -2"><span class='ocrx_word' id='word_1_17' title='bbox 830 875 906 931; x_wconf 83' lang='lat' dir='ltr'>ut</span> <span class='ocrx_word' id='word_1_18' title='bbox 928 887 1042 932; x_wconf 83' lang='lat' dir='ltr'>vos</span> <span class='ocrx_word' id='word_1_19' title='bbox 1071 867 1176 932; x_wconf 72' lang='lat' dir='ltr'>[C0</span> <span class='ocrx_word' id='word_1_20' title='bbox 1228 915 1268 932; x_wconf 93' lang='lat'>..</span> <span class='ocrx_word' id='word_1_21' title='bbox 1302 870 1438 932; x_wconf 70' lang='lat' dir='ltr'>nos]</span> <span class='ocrx_word' id='word_1_22' title='bbox 1470 875 1615 932; x_wconf 72' lang='lat' dir='ltr'>exta</span> <span class='ocrx_word' id='word_1_23' title='bbox 1643 869 1738 932; x_wconf 91' lang='lat' dir='ltr'>lat</span> <span class='ocrx_word' id='word_1_24' title='bbox 1765 889 1835 932; x_wconf 80' lang='lat' dir='ltr'>in</span> <span class='ocrx_word' id='word_1_25' title='bbox 1881 879 2165 932; x_wconf 83' lang='lat' dir='ltr'>temnere</span> <span class='ocrx_word' id='word_1_26' title='bbox 2191 882 2606 932; x_wconf 74' lang='lat' dir='ltr'>uisitationis.</span> <span class='ocrx_word' id='word_1_27' title='bbox 2637 878 2760 932; x_wconf 86' lang='lat' dir='ltr'>etc.</span> 
     </span>
    </p>
   </div>
   <div class='ocr_carea' id='block_1_3' title="bbox 830 867 1615 952">
    <p class='ocr_par' dir='ltr' id='par_1_3' title="bbox 830 867 1615 952">
     <span class='ocr_line' id='line_1_4' title="bbox 830 867 1615 952; baseline 0.001 -21"><span class='ocrx_word' id='word_1_28' title='bbox 830 875 906 931; x_wconf 86' lang='lat' dir='ltr'>ut</span> <span class='ocrx_word' id='word_1_29' title='bbox 928 887 1042 932; x_wconf 89' lang='lat' dir='ltr'>vos</span> <span class='ocrx_word' id='word_1_30' title='bbox 1071 867 1268 949; x_wconf 84' lang='lat' dir='ltr'>[Cod.,</span> <span class='ocrx_word' id='word_1_31' title='bbox 1302 870 1438 952; x_wconf 89' lang='lat' dir='ltr'>nos]</span> <span class='ocrx_word' id='word_1_32' title='bbox 1470 867 1615 932; x_wconf 70' lang='lat' dir='ltr'>exta</span> 
     </span>
    </p>
   </div>
   <div class='ocr_carea' id='block_1_4' title="bbox 1665 871 2760 954">
    <p class='ocr_par' dir='ltr' id='par_1_4' title="bbox 1665 871 2760 954">
     <span class='ocr_line' id='line_1_5' title="bbox 1665 871 2760 954; baseline 0.005 -22"><span class='ocrx_word' id='word_1_33' title='bbox 1665 871 1738 932; x_wconf 87' lang='lat' dir='ltr'>&#39;at</span> <span class='ocrx_word' id='word_1_34' title='bbox 1765 871 1835 934; x_wconf 88' lang='lat' dir='ltr'>in</span> <span class='ocrx_word' id='word_1_35' title='bbox 1881 879 2165 954; x_wconf 86' lang='lat' dir='ltr'>tempore</span> <span class='ocrx_word' id='word_1_36' title='bbox 2191 875 2606 952; x_wconf 72' lang='lat' dir='ltr'>uisitationis,</span> <span class='ocrx_word' id='word_1_37' title='bbox 2637 878 2760 938; x_wconf 88' lang='lat' dir='ltr'>etc.</span> 
     </span>
    </p>
   </div>
   <div class='ocr_carea' id='block_1_5' title="bbox 1468 1002 2340 1062">
    <p class='ocr_par' dir='ltr' id='par_1_5' title="bbox 1468 1002 2340 1062">
     <span class='ocr_line' id='line_1_6' title="bbox 1468 1002 2340 1062; baseline 0.006 -5"><span class='ocrx_word' id='word_1_38' title='bbox 1468 1002 1885 1060; x_wconf 79' lang='lat' dir='ltr'>COMMENTUM</span> <span class='ocrx_word' id='word_1_39' title='bbox 1921 1005 2340 1062; x_wconf 86' lang='lat' dir='ltr'>LUCULENTII.</span> 
     </span>
    </p>
   </div>
   <div class='ocr_carea' id='block_1_6' title="bbox 195 1117 3469 1206">
    <p class='ocr_par' dir='ltr' id='par_1_6' title="bbox 195 1117 3469 1206">
     <span class='ocr_line' id='line_1_7' title="bbox 195 1117 3469 1206; baseline -0 -31"><span class='ocrx_word' id='word_1_40' title='bbox 195 1117 511 1176; x_wconf 79' lang='lat' dir='ltr'>Humiliatio</span> <span class='ocrx_word' id='word_1_41' title='bbox 527 1118 680 1174; x_wconf 90' lang='lat' dir='ltr'>enim</span> <span class='ocrx_word' id='word_1_42' title='bbox 697 1119 902 1175; x_wconf 88' lang='lat' dir='ltr'>ultima</span> <span class='ocrx_word' id='word_1_43' title='bbox 921 1119 1432 1191; x_wconf 83' lang='lat' dir='ltr'>intelligitur;nam</span> <span class='ocrx_word' id='word_1_44' title='bbox 1449 1121 1750 1193; x_wconf 88' lang='lat' dir='ltr'>unusquis-</span> <span class='ocrx_word' id='word_1_45' title='bbox 1767 1132 1828 1206; x_wconf 82' lang='grc' dir='ltr'><strong>Α</strong></span> <span class='ocrx_word' id='word_1_46' title='bbox 1846 1121 2108 1178; x_wconf 87' lang='lat' dir='ltr'>Diabolus</span> <span class='ocrx_word' id='word_1_47' title='bbox 2141 1123 2296 1179; x_wconf 91' lang='lat' dir='ltr'>enim</span> <span class='ocrx_word' id='word_1_48' title='bbox 2333 1124 2683 1178; x_wconf 88' lang='lat' dir='ltr'>adversarius</span> <span class='ocrx_word' id='word_1_49' title='bbox 2723 1127 2894 1196; x_wconf 89' lang='lat' dir='ltr'>atque</span> <span class='ocrx_word' id='word_1_50' title='bbox 2932 1121 3108 1178; x_wconf 87' lang='lat' dir='ltr'>hostis</span> <span class='ocrx_word' id='word_1_51' title='bbox 3135 1124 3221 1176; x_wconf 87' lang='lat' dir='ltr'>est</span> <span class='ocrx_word' id='word_1_52' title='bbox 3245 1119 3469 1192; x_wconf 81' lang='lat' dir='ltr'>generis</span> 
     </span>
    </p>
   </div>
   <div class='ocr_carea' id='block_1_7' title="bbox 130 1211 1745 1286">
    <p class='ocr_par' dir='ltr' id='par_1_7' title="bbox 130 1211 1745 1286">
     <span class='ocr_line' id='line_1_8' title="bbox 130 1211 1745 1286; baseline 0.001 -18"><span class='ocrx_word' id='word_1_53' title='bbox 130 1230 230 1286; x_wconf 91' lang='lat' dir='ltr'>que</span> <span class='ocrx_word' id='word_1_54' title='bbox 253 1229 309 1268; x_wconf 90' lang='lat' dir='ltr'>se</span> <span class='ocrx_word' id='word_1_55' title='bbox 333 1211 642 1267; x_wconf 89' lang='lat' dir='ltr'>humiliare</span> <span class='ocrx_word' id='word_1_56' title='bbox 671 1213 838 1268; x_wconf 86' lang='lat' dir='ltr'>debet</span> <span class='ocrx_word' id='word_1_57' title='bbox 856 1213 1188 1284; x_wconf 90' lang='lat' dir='ltr'>jejunando,</span> <span class='ocrx_word' id='word_1_58' title='bbox 1219 1214 1450 1283; x_wconf 91' lang='lat' dir='ltr'>orando,</span> <span class='ocrx_word' id='word_1_59' title='bbox 1479 1213 1745 1269; x_wconf 90' lang='lat' dir='ltr'>obedien-</span> 
     </span>
    </p>
   </div>
   <div class='ocr_carea' id='block_1_8' title="bbox 130 1305 1748 1378">
    <p class='ocr_par' dir='ltr' id='par_1_8' title="bbox 130 1305 1748 1378">
     <span class='ocr_line' id='line_1_9' title="bbox 130 1305 1748 1378; baseline 0 -17"><span class='ocrx_word' id='word_1_60' title='bbox 130 1307 212 1372; x_wconf 92' lang='lat' dir='ltr'>do,</span> <span class='ocrx_word' id='word_1_61' title='bbox 239 1305 520 1378; x_wconf 82' lang='lat' dir='ltr'>patienter</span> <span class='ocrx_word' id='word_1_62' title='bbox 550 1305 784 1360; x_wconf 88' lang='lat' dir='ltr'>adversa</span> <span class='ocrx_word' id='word_1_63' title='bbox 807 1305 1118 1374; x_wconf 89' lang='lat' dir='ltr'>tolerando,</span> <span class='ocrx_word' id='word_1_64' title='bbox 1152 1310 1388 1378; x_wconf 88' lang='lat' dir='ltr'>propter</span> <span class='ocrx_word' id='word_1_65' title='bbox 1417 1306 1557 1361; x_wconf 91' lang='lat' dir='ltr'>illud</span> <span class='ocrx_word' id='word_1_66' title='bbox 1595 1307 1748 1378; x_wconf 89' lang='lat' dir='ltr'>quod</span> 
     </span>
    </p>
   </div>
   <div class='ocr_carea' id='block_1_9' title="bbox 129 1399 1749 1470">
    <p class='ocr_par' dir='ltr' id='par_1_9' title="bbox 129 1399 1749 1470">
     <span class='ocr_line' id='line_1_10' title="bbox 129 1399 1749 1470; baseline 0.002 -18"><span class='ocrx_word' id='word_1_67' title='bbox 129 1399 382 1470; x_wconf 86' lang='lat' dir='ltr'>scriptum</span> <span class='ocrx_word' id='word_1_68' title='bbox 420 1403 547 1453; x_wconf 89' lang='lat' dir='ltr'>est:</span> <span class='ocrx_word' id='word_1_69' title='bbox 579 1399 762 1455; x_wconf 86' lang='lat' dir='ltr'>Omnis</span> <span class='ocrx_word' id='word_1_70' title='bbox 802 1402 899 1470; x_wconf 88' lang='lat' dir='ltr'>qui</span> <span class='ocrx_word' id='word_1_71' title='bbox 941 1415 996 1454; x_wconf 91' lang='lat' dir='ltr'>se</span> <span class='ocrx_word' id='word_1_72' title='bbox 1031 1400 1238 1454; x_wconf 67' lang='lat' dir='ltr'>exultat</span> <span class='ocrx_word' id='word_1_73' title='bbox 1272 1401 1669 1464; x_wconf 86' lang='lat' dir='ltr'>humiliabitur,</span> <span class='ocrx_word' id='word_1_74' title='bbox 1697 1405 1749 1456; x_wconf 85' lang='lat' dir='ltr'>et</span> 
     </span>
    </p>
   </div>
   <div class='ocr_carea' id='block_1_10' title="bbox 126 1492 1748 1566">
    <p class='ocr_par' dir='ltr' id='par_1_10' title="bbox 126 1492 1748 1566">
     <span class='ocr_line' id='line_1_11' title="bbox 126 1492 1748 1566; baseline 0.001 -19"><span class='ocrx_word' id='word_1_75' title='bbox 126 1495 215 1563; x_wconf 90' lang='lat' dir='ltr'>qui</span> <span class='ocrx_word' id='word_1_76' title='bbox 237 1508 290 1548; x_wconf 87' lang='lat' dir='ltr'>se</span> <span class='ocrx_word' id='word_1_77' title='bbox 309 1493 566 1547; x_wconf 89' lang='lat' dir='ltr'>humiliat</span> <span class='ocrx_word' id='word_1_78' title='bbox 609 1493 955 1548; x_wconf 72' lang='lat' dir='ltr'>emaltabitur.</span> <span class='ocrx_word' id='word_1_79' title='bbox 1007 1492 1302 1547; x_wconf 85' lang='lat' dir='ltr'>Humiliari</span> <span class='ocrx_word' id='word_1_80' title='bbox 1342 1510 1448 1548; x_wconf 90' lang='lat' dir='ltr'>nos</span> <span class='ocrx_word' id='word_1_81' title='bbox 1489 1493 1748 1566; x_wconf 82' lang='lat' dir='ltr'>praecipit</span> 
     </span>
    </p>
   </div>
   <div class='ocr_carea' id='block_1_11' title="bbox 125 1585 1743 1658">
    <p class='ocr_par' dir='ltr' id='par_1_11' title="bbox 125 1585 1743 1658">
     <span class='ocr_line' id='line_1_12' title="bbox 125 1585 1743 1658; baseline 0.002 -19"><span class='ocrx_word' id='word_1_82' title='bbox 125 1586 394 1658; x_wconf 83' lang='lat' dir='ltr'>apostolus</span> <span class='ocrx_word' id='word_1_83' title='bbox 437 1587 638 1639; x_wconf 84' lang='lat' dir='ltr'>Petrus</span> <span class='ocrx_word' id='word_1_84' title='bbox 681 1585 876 1639; x_wconf 89' lang='lat' dir='ltr'>dicens</span> <span class='ocrx_word' id='word_1_85' title='bbox 917 1601 932 1639; x_wconf 87' lang='lat'><strong>:</strong></span> <span class='ocrx_word' id='word_1_86' title='bbox 983 1587 1340 1641; x_wconf 69' lang='lat' dir='ltr'>HUMILIAHINI</span> <span class='ocrx_word' id='word_1_87' title='bbox 1380 1603 1479 1642; x_wconf 80' lang='lat' dir='ltr'>sua</span> <span class='ocrx_word' id='word_1_88' title='bbox 1518 1603 1743 1643; x_wconf 71' lang='lat' dir='ltr'>rorem</span> 
     </span>
    </p>
   </div>
   <div class='ocr_carea' id='block_1_12' title="bbox 127 1678 1741 1751">
    <p class='ocr_par' dir='ltr' id='par_1_12' title="bbox 127 1678 1741 1751">
     <span class='ocr_line' id='line_1_13' title="bbox 127 1678 1741 1751; baseline 0.001 -17"><span class='ocrx_word' id='word_1_89' title='bbox 127 1696 260 1734; x_wconf 65' lang='lat' dir='ltr'>manu</span> <span class='ocrx_word' id='word_1_90' title='bbox 275 1680 392 1734; x_wconf 79' lang='lat' dir='ltr'>Din.</span> <span class='ocrx_word' id='word_1_91' title='bbox 417 1678 715 1732; x_wconf 84' lang='lat' dir='ltr'>Humilitas</span> <span class='ocrx_word' id='word_1_92' title='bbox 731 1679 886 1732; x_wconf 91' lang='lat' dir='ltr'>enim</span> <span class='ocrx_word' id='word_1_93' title='bbox 910 1679 1274 1734; x_wconf 83' lang='lat' dir='ltr'>multiformis</span> <span class='ocrx_word' id='word_1_94' title='bbox 1299 1683 1384 1735; x_wconf 89' lang='lat' dir='ltr'>est</span> <span class='ocrx_word' id='word_1_95' title='bbox 1404 1681 1607 1751; x_wconf 88' lang='lat' dir='ltr'>gratia.</span> <span class='ocrx_word' id='word_1_96' title='bbox 1627 1683 1741 1735; x_wconf 88' lang='lat' dir='ltr'>Hu-</span> 
     </span>
    </p>
   </div>
   <div class='ocr_carea' id='block_1_13' title="bbox 125 1772 1745 1844">
    <p class='ocr_par' dir='ltr' id='par_1_13' title="bbox 125 1772 1745 1844">
     <span class='ocr_line' id='line_1_14' title="bbox 125 1772 1745 1844; baseline 0.001 -18"><span class='ocrx_word' id='word_1_97' title='bbox 125 1772 271 1827; x_wconf 83' lang='lat' dir='ltr'>miles</span> <span class='ocrx_word' id='word_1_98' title='bbox 294 1787 406 1826; x_wconf 90' lang='lat' dir='ltr'>non</span> <span class='ocrx_word' id='word_1_99' title='bbox 432 1774 662 1842; x_wconf 83' lang='lat' dir='ltr'>oportet</span> <span class='ocrx_word' id='word_1_100' title='bbox 695 1787 812 1825; x_wconf 89' lang='lat' dir='ltr'>esse</span> <span class='ocrx_word' id='word_1_101' title='bbox 838 1775 1072 1842; x_wconf 82' lang='lat' dir='ltr'>propter</span> <span class='ocrx_word' id='word_1_102' title='bbox 1105 1772 1242 1827; x_wconf 91' lang='lat' dir='ltr'>illud</span> <span class='ocrx_word' id='word_1_103' title='bbox 1277 1773 1427 1844; x_wconf 91' lang='lat' dir='ltr'>quod</span> <span class='ocrx_word' id='word_1_104' title='bbox 1474 1773 1745 1828; x_wconf 87' lang='lat' dir='ltr'>Dominus</span> 
     </span>
    </p>
   </div>
   <div class='ocr_carea' id='block_1_14' title="bbox 122 1867 1740 1934">
    <p class='ocr_par' dir='ltr' id='par_1_14' title="bbox 122 1867 1740 1934">
     <span class='ocr_line' id='line_1_15' title="bbox 122 1867 1740 1934; baseline 0.001 -14"><span class='ocrx_word' id='word_1_105' title='bbox 122 1867 230 1920; x_wconf 89' lang='lat' dir='ltr'>ait:</span> <span class='ocrx_word' id='word_1_106' title='bbox 261 1867 452 1921; x_wconf 81' lang='lat' dir='ltr'>Discite</span> <span class='ocrx_word' id='word_1_107' title='bbox 491 1881 527 1918; x_wconf 90' lang='lat' dir='ltr'>a</span> <span class='ocrx_word' id='word_1_108' title='bbox 561 1879 646 1920; x_wconf 90' lang='lat' dir='ltr'>me</span> <span class='ocrx_word' id='word_1_109' title='bbox 670 1867 800 1934; x_wconf 84' lang='lat' dir='ltr'>quia</span> <span class='ocrx_word' id='word_1_110' title='bbox 836 1867 1002 1927; x_wconf 89' lang='lat' dir='ltr'>mitis,</span> <span class='ocrx_word' id='word_1_111' title='bbox 1042 1881 1182 1928; x_wconf 88' lang='lat' dir='ltr'>sum,</span> <span class='ocrx_word' id='word_1_112' title='bbox 1208 1871 1258 1920; x_wconf 89' lang='lat' dir='ltr'>et</span> <span class='ocrx_word' id='word_1_113' title='bbox 1300 1867 1518 1921; x_wconf 83' lang='lat' dir='ltr'>humilis</span> <span class='ocrx_word' id='word_1_114' title='bbox 1565 1868 1740 1922; x_wconf 86' lang='lat' dir='ltr'>corde.</span> 
     </span>
    </p>
   </div>
   <div class='ocr_carea' id='block_1_15' title="bbox 123 1957 1740 2030">
    <p class='ocr_par' dir='ltr' id='par_1_15' title="bbox 123 1957 1740 2030">
     <span class='ocr_line' id='line_1_16' title="bbox 123 1957 1740 2030; baseline 0.001 -18"><span class='ocrx_word' id='word_1_115' title='bbox 123 1959 182 2012; x_wconf 88' lang='lat' dir='ltr'>Et</span> <span class='ocrx_word' id='word_1_116' title='bbox 201 1957 326 2012; x_wconf 85' lang='lat' dir='ltr'>alibi</span> <span class='ocrx_word' id='word_1_117' title='bbox 358 1975 372 2012; x_wconf 88' lang='lat'><strong>:</strong></span> <span class='ocrx_word' id='word_1_118' title='bbox 404 1959 581 2028; x_wconf 88' lang='lat' dir='ltr'>Super</span> <span class='ocrx_word' id='word_1_119' title='bbox 605 1972 761 2027; x_wconf 87' lang='lat' dir='ltr'>quem</span> <span class='ocrx_word' id='word_1_120' title='bbox 783 1959 1128 2028; x_wconf 81' lang='lat' dir='ltr'>requiescam,</span> <span class='ocrx_word' id='word_1_121' title='bbox 1160 1961 1270 2014; x_wconf 90' lang='lat' dir='ltr'>nisi</span> <span class='ocrx_word' id='word_1_122' title='bbox 1289 1973 1451 2030; x_wconf 80' lang='lat' dir='ltr'>super</span> <span class='ocrx_word' id='word_1_123' title='bbox 1469 1961 1740 2024; x_wconf 80' lang='lat' dir='ltr'>humilem,</span> 
     </span>
    </p>
   </div>
   <div class='ocr_carea' id='block_1_16' title="bbox 121 2054 1746 2124">
    <p class='ocr_par' dir='ltr' id='par_1_16' title="bbox 121 2054 1746 2124">
     <span class='ocr_line' id='line_1_17' title="bbox 121 2054 1746 2124; baseline 0 -18"><span class='ocrx_word' id='word_1_124' title='bbox 121 2056 166 2106; x_wconf 83' lang='lat' dir='ltr'>et</span> <span class='ocrx_word' id='word_1_125' title='bbox 190 2054 440 2122; x_wconf 86' lang='lat' dir='ltr'>quietum,</span> <span class='ocrx_word' id='word_1_126' title='bbox 473 2055 526 2104; x_wconf 84' lang='lat' dir='ltr'>et</span> <span class='ocrx_word' id='word_1_127' title='bbox 565 2055 869 2105; x_wconf 86' lang='lat' dir='ltr'>trementem</span> <span class='ocrx_word' id='word_1_128' title='bbox 896 2067 1158 2106; x_wconf 82' lang='lat' dir='ltr'>sermones</span> <span class='ocrx_word' id='word_1_129' title='bbox 1202 2054 1384 2106; x_wconf 85' lang='lat' dir='ltr'>meos?</span> <span class='ocrx_word' id='word_1_130' title='bbox 1405 2054 1516 2109; x_wconf 88' lang='lat' dir='ltr'>Sub</span> <span class='ocrx_word' id='word_1_131' title='bbox 1536 2055 1746 2124; x_wconf 89' lang='lat' dir='ltr'>potenti</span> 
     </span>
    </p>
   </div>
   <div class='ocr_carea' id='block_1_17' title="bbox 120 2142 1740 2216">
    <p class='ocr_par' dir='ltr' id='par_1_17' title="bbox 120 2142 1740 2216">
     <span class='ocr_line' id='line_1_18' title="bbox 120 2142 1740 2216; baseline 0.001 -19"><span class='ocrx_word' id='word_1_132' title='bbox 120 2160 270 2198; x_wconf 86' lang='lat' dir='ltr'>manu</span> <span class='ocrx_word' id='word_1_133' title='bbox 290 2147 404 2198; x_wconf 88' lang='lat' dir='ltr'>Dei.</span> <span class='ocrx_word' id='word_1_134' title='bbox 431 2144 631 2198; x_wconf 82' lang='lat' dir='ltr'>Manus</span> <span class='ocrx_word' id='word_1_135' title='bbox 659 2142 813 2197; x_wconf 91' lang='lat' dir='ltr'>enim</span> <span class='ocrx_word' id='word_1_136' title='bbox 840 2142 936 2198; x_wconf 88' lang='lat' dir='ltr'>Dei</span> <span class='ocrx_word' id='word_1_137' title='bbox 965 2143 1260 2215; x_wconf 85' lang='lat' dir='ltr'>aliquoties</span> <span class='ocrx_word' id='word_1_138' title='bbox 1296 2143 1632 2216; x_wconf 88' lang='lat' dir='ltr'>intelligitur</span> <span class='ocrx_word' id='word_1_139' title='bbox 1660 2145 1740 2200; x_wconf 86' lang='lat' dir='ltr'>Fi-</span> 
     </span>
    </p>
   </div>
   <div class='ocr_carea' id='block_1_18' title="bbox 120 2235 1740 2310">
    <p class='ocr_par' dir='ltr' id='par_1_18' title="bbox 120 2235 1740 2310">
     <span class='ocr_line' id='line_1_19' title="bbox 120 2235 1740 2310; baseline 0.002 -20"><span class='ocrx_word' id='word_1_140' title='bbox 120 2237 234 2306; x_wconf 89' lang='lat' dir='ltr'>lius,</span> <span class='ocrx_word' id='word_1_141' title='bbox 261 2235 558 2308; x_wconf 82' lang='lat' dir='ltr'>aliquoties</span> <span class='ocrx_word' id='word_1_142' title='bbox 603 2236 877 2307; x_wconf 90' lang='lat' dir='ltr'>protectio</span> <span class='ocrx_word' id='word_1_143' title='bbox 920 2235 1140 2305; x_wconf 85' lang='lat' dir='ltr'>divina;</span> <span class='ocrx_word' id='word_1_144' title='bbox 1181 2236 1352 2292; x_wconf 89' lang='lat' dir='ltr'>Filius</span> <span class='ocrx_word' id='word_1_145' title='bbox 1404 2237 1740 2310; x_wconf 81' lang='lat' dir='ltr'>intelligitur</span> 
     </span>
    </p>
   </div>
   <div class='ocr_carea' id='block_1_19' title="bbox 119 2329 1739 2400">
    <p class='ocr_par' dir='ltr' id='par_1_19' title="bbox 119 2329 1739 2400">
     <span class='ocr_line' id='line_1_20' title="bbox 119 2329 1739 2400; baseline 0.002 -16"><span class='ocrx_word' id='word_1_146' title='bbox 119 2347 325 2399; x_wconf 87' lang='lat' dir='ltr'>manus,</span> <span class='ocrx_word' id='word_1_147' title='bbox 366 2334 433 2384; x_wconf 91' lang='lat' dir='ltr'>ut</span> <span class='ocrx_word' id='word_1_148' title='bbox 477 2334 564 2384; x_wconf 92' lang='lat' dir='ltr'>est</span> <span class='ocrx_word' id='word_1_149' title='bbox 609 2329 747 2384; x_wconf 90' lang='lat' dir='ltr'>illud</span> <span class='ocrx_word' id='word_1_150' title='bbox 792 2329 1190 2400; x_wconf 84' lang='lat' dir='ltr'>propheticum</span> <span class='ocrx_word' id='word_1_151' title='bbox 1223 2349 1237 2386; x_wconf 91' lang='lat'><strong>:</strong></span> <span class='ocrx_word' id='word_1_152' title='bbox 1276 2332 1474 2387; x_wconf 87' lang='lat' dir='ltr'>Emitte</span> <span class='ocrx_word' id='word_1_153' title='bbox 1521 2348 1739 2388; x_wconf 88' lang='lat' dir='ltr'>manum</span> 
     </span>
    </p>
   </div>
   <div class='ocr_carea' id='block_1_20' title="bbox 119 2422 1739 2491">
    <p class='ocr_par' dir='ltr' id='par_1_20' title="bbox 119 2422 1739 2491">
     <span class='ocr_line' id='line_1_21' title="bbox 119 2422 1739 2491; baseline 0.002 -13"><span class='ocrx_word' id='word_1_154' title='bbox 119 2429 254 2478; x_wconf 85' lang='lat' dir='ltr'>tuam</span> <span class='ocrx_word' id='word_1_155' title='bbox 279 2423 344 2478; x_wconf 88' lang='lat' dir='ltr'>de</span> <span class='ocrx_word' id='word_1_156' title='bbox 366 2423 500 2478; x_wconf 85' lang='lat' dir='ltr'>alto.</span> <span class='ocrx_word' id='word_1_157' title='bbox 529 2422 808 2478; x_wconf 91' lang='lat' dir='ltr'>Protectio</span> <span class='ocrx_word' id='word_1_158' title='bbox 838 2423 1044 2491; x_wconf 85' lang='lat' dir='ltr'>divina,</span> <span class='ocrx_word' id='word_1_159' title='bbox 1072 2427 1138 2478; x_wconf 90' lang='lat' dir='ltr'>ut</span> <span class='ocrx_word' id='word_1_160' title='bbox 1163 2427 1246 2478; x_wconf 90' lang='lat' dir='ltr'>est</span> <span class='ocrx_word' id='word_1_161' title='bbox 1261 2423 1400 2478; x_wconf 90' lang='lat' dir='ltr'>illud</span> <span class='ocrx_word' id='word_1_162' title='bbox 1425 2441 1438 2478; x_wconf 90' lang='lat'><strong>:</strong></span> <span class='ocrx_word' id='word_1_163' title='bbox 1467 2427 1636 2480; x_wconf 87' lang='lat' dir='ltr'>Facta</span> <span class='ocrx_word' id='word_1_164' title='bbox 1661 2431 1739 2481; x_wconf 88' lang='lat' dir='ltr'>est</span> 
     </span>
    </p>
   </div>
   <div class='ocr_carea' id='block_1_21' title="bbox 119 2493 1818 2588">
    <p class='ocr_par' dir='ltr' id='par_1_21' title="bbox 119 2493 1818 2588">
     <span class='ocr_line' id='line_1_22' title="bbox 119 2493 1818 2588; baseline 0 -16"><span class='ocrx_word' id='word_1_165' title='bbox 119 2532 266 2588; x_wconf 83' lang='lat' dir='ltr'>super</span> <span class='ocrx_word' id='word_1_166' title='bbox 277 2533 358 2572; x_wconf 87' lang='lat' dir='ltr'>me</span> <span class='ocrx_word' id='word_1_167' title='bbox 373 2531 570 2572; x_wconf 88' lang='lat' dir='ltr'>manus</span> <span class='ocrx_word' id='word_1_168' title='bbox 587 2518 819 2572; x_wconf 87' lang='lat' dir='ltr'>Domini.</span> <span class='ocrx_word' id='word_1_169' title='bbox 842 2516 950 2571; x_wconf 93' lang='lat' dir='ltr'>Sed</span> <span class='ocrx_word' id='word_1_170' title='bbox 969 2516 1028 2570; x_wconf 91' lang='lat' dir='ltr'>in</span> <span class='ocrx_word' id='word_1_171' title='bbox 1048 2517 1155 2571; x_wconf 89' lang='lat' dir='ltr'>hoc</span> <span class='ocrx_word' id='word_1_172' title='bbox 1176 2516 1297 2571; x_wconf 93' lang='lat' dir='ltr'>loco</span> <span class='ocrx_word' id='word_1_173' title='bbox 1315 2517 1589 2588; x_wconf 89' lang='lat' dir='ltr'>protectio</span> <span class='ocrx_word' id='word_1_174' title='bbox 1609 2518 1744 2574; x_wconf 89' lang='lat' dir='ltr'>divi-</span> <span class='ocrx_word' id='word_1_175' title='bbox 1761 2493 1818 2564; x_wconf 79' lang='grc' dir='ltr'>Β</span> 
     </span>
    </p>
   </div>
   <div class='ocr_carea' id='block_1_22' title="bbox 122 2605 1743 2682">
    <p class='ocr_par' dir='ltr' id='par_1_22' title="bbox 122 2605 1743 2682">
     <span class='ocr_line' id='line_1_23' title="bbox 122 2605 1743 2682; baseline 0.002 -18"><span class='ocrx_word' id='word_1_176' title='bbox 122 2626 190 2665; x_wconf 89' lang='lat' dir='ltr'>na</span> <span class='ocrx_word' id='word_1_177' title='bbox 211 2605 566 2682; x_wconf 78' lang='lat' dir='ltr'>intelligitur,</span> <span class='ocrx_word' id='word_1_178' title='bbox 589 2613 731 2664; x_wconf 88' lang='lat' dir='ltr'>teste</span> <span class='ocrx_word' id='word_1_179' title='bbox 757 2609 1044 2681; x_wconf 88' lang='lat' dir='ltr'>psalmista</span> <span class='ocrx_word' id='word_1_180' title='bbox 1067 2625 1080 2664; x_wconf 89' lang='lat'><strong>:</strong></span> <span class='ocrx_word' id='word_1_181' title='bbox 1108 2612 1399 2666; x_wconf 72' lang='lat' dir='ltr'>Proteaisti</span> <span class='ocrx_word' id='word_1_182' title='bbox 1419 2627 1518 2674; x_wconf 91' lang='lat' dir='ltr'>me,</span> <span class='ocrx_word' id='word_1_183' title='bbox 1534 2615 1692 2676; x_wconf 89' lang='lat' dir='ltr'>Deus,</span> <span class='ocrx_word' id='word_1_184' title='bbox 1708 2629 1743 2667; x_wconf 91' lang='lat' dir='ltr'>a</span> 
     </span>
    </p>
   </div>
   <div class='ocr_carea' id='block_1_23' title="bbox 121 2702 1742 2773">
    <p class='ocr_par' dir='ltr' id='par_1_23' title="bbox 121 2702 1742 2773">
     <span class='ocr_line' id='line_1_24' title="bbox 121 2702 1742 2773; baseline 0.002 -17"><span class='ocrx_word' id='word_1_185' title='bbox 121 2707 362 2758; x_wconf 85' lang='lat' dir='ltr'>conventu</span> <span class='ocrx_word' id='word_1_186' title='bbox 375 2704 820 2773; x_wconf 85' lang='lat' dir='ltr'>malignantium.</span> <span class='ocrx_word' id='word_1_187' title='bbox 840 2702 953 2757; x_wconf 90' lang='lat' dir='ltr'>Sub</span> <span class='ocrx_word' id='word_1_188' title='bbox 967 2703 1126 2773; x_wconf 89' lang='lat' dir='ltr'>cujus</span> <span class='ocrx_word' id='word_1_189' title='bbox 1144 2719 1318 2758; x_wconf 88' lang='lat' dir='ltr'>manu</span> <span class='ocrx_word' id='word_1_190' title='bbox 1337 2719 1438 2758; x_wconf 94' lang='lat' dir='ltr'>nos</span> <span class='ocrx_word' id='word_1_191' title='bbox 1454 2705 1742 2760; x_wconf 86' lang='lat' dir='ltr'>humiliari</span> 
     </span>
    </p>
   </div>
   <div class='ocr_carea' id='block_1_24' title="bbox 121 2795 1739 2868">
    <p class='ocr_par' dir='ltr' id='par_1_24' title="bbox 121 2795 1739 2868">
     <span class='ocr_line' id='line_1_25' title="bbox 121 2795 1739 2868; baseline 0.001 -18"><span class='ocrx_word' id='word_1_192' title='bbox 121 2795 393 2864; x_wconf 89' lang='lat' dir='ltr'>debemus,</span> <span class='ocrx_word' id='word_1_193' title='bbox 412 2795 629 2850; x_wconf 89' lang='lat' dir='ltr'>scilicet</span> <span class='ocrx_word' id='word_1_194' title='bbox 653 2795 756 2850; x_wconf 88' lang='lat' dir='ltr'>sub</span> <span class='ocrx_word' id='word_1_195' title='bbox 779 2795 968 2850; x_wconf 89' lang='lat' dir='ltr'>divina</span> <span class='ocrx_word' id='word_1_196' title='bbox 988 2796 1356 2868; x_wconf 73' lang='lat' dir='ltr'>proiectione,</span> <span class='ocrx_word' id='word_1_197' title='bbox 1372 2802 1435 2851; x_wconf 90' lang='lat' dir='ltr'>ut</span> <span class='ocrx_word' id='word_1_198' title='bbox 1462 2814 1566 2852; x_wconf 87' lang='lat' dir='ltr'>nos</span> <span class='ocrx_word' id='word_1_199' title='bbox 1585 2799 1739 2852; x_wconf 77' lang='lat' dir='ltr'>exal-</span> 
     </span>
    </p>
   </div>
   <div class='ocr_carea' id='block_1_25' title="bbox 122 2888 1739 2961">
    <p class='ocr_par' dir='ltr' id='par_1_25' title="bbox 122 2888 1739 2961">
     <span class='ocr_line' id='line_1_26' title="bbox 122 2888 1739 2961; baseline 0.003 -19"><span class='ocrx_word' id='word_1_200' title='bbox 122 2895 227 2943; x_wconf 94' lang='lat' dir='ltr'>tare</span> <span class='ocrx_word' id='word_1_201' title='bbox 251 2889 516 2961; x_wconf 79' lang='lat' dir='ltr'>dignetur</span> <span class='ocrx_word' id='word_1_202' title='bbox 541 2889 604 2944; x_wconf 89' lang='lat' dir='ltr'>in</span> <span class='ocrx_word' id='word_1_203' title='bbox 631 2889 722 2944; x_wconf 92' lang='lat' dir='ltr'>die</span> <span class='ocrx_word' id='word_1_204' title='bbox 745 2888 1094 2944; x_wconf 85' lang='lat' dir='ltr'>visitationis.</span> <span class='ocrx_word' id='word_1_205' title='bbox 1127 2891 1199 2944; x_wconf 83' lang='lat' dir='ltr'>Er</span> <span class='ocrx_word' id='word_1_206' title='bbox 1240 2906 1296 2944; x_wconf 81' lang='lat' dir='ltr'>uv</span> <span class='ocrx_word' id='word_1_207' title='bbox 1331 2907 1578 2947; x_wconf 75' lang='lat' dir='ltr'>rauroas</span> <span class='ocrx_word' id='word_1_208' title='bbox 1605 2908 1739 2947; x_wconf 75' lang='lat' dir='ltr'>vrsx—</span> 
     </span>
    </p>
   </div>
   <div class='ocr_carea' id='block_1_26' title="bbox 121 2981 1745 3054">
    <p class='ocr_par' dir='ltr' id='par_1_26' title="bbox 121 2981 1745 3054">
     <span class='ocr_line' id='line_1_27' title="bbox 121 2981 1745 3054; baseline 0.002 -18"><span class='ocrx_word' id='word_1_209' title='bbox 121 2998 388 3052; x_wconf 78' lang='lat' dir='ltr'>mmms;</span> <span class='ocrx_word' id='word_1_210' title='bbox 415 2983 524 3037; x_wconf 91' lang='lat' dir='ltr'>hoc</span> <span class='ocrx_word' id='word_1_211' title='bbox 556 2986 642 3036; x_wconf 89' lang='lat' dir='ltr'>est</span> <span class='ocrx_word' id='word_1_212' title='bbox 665 2981 725 3036; x_wconf 91' lang='lat' dir='ltr'>in</span> <span class='ocrx_word' id='word_1_213' title='bbox 749 2981 838 3036; x_wconf 90' lang='lat' dir='ltr'>die</span> <span class='ocrx_word' id='word_1_214' title='bbox 861 2981 1064 3052; x_wconf 86' lang='lat' dir='ltr'>judicii</span> <span class='ocrx_word' id='word_1_215' title='bbox 1091 2983 1318 3054; x_wconf 87' lang='lat' dir='ltr'>quando</span> <span class='ocrx_word' id='word_1_216' title='bbox 1345 2999 1543 3038; x_wconf 85' lang='lat' dir='ltr'>omnes</span> <span class='ocrx_word' id='word_1_217' title='bbox 1559 2985 1745 3039; x_wconf 88' lang='lat' dir='ltr'>humi-</span> 
     </span>
    </p>
   </div>
   <div class='ocr_carea' id='block_1_27' title="bbox 120 3075 1744 3146">
    <p class='ocr_par' dir='ltr' id='par_1_27' title="bbox 120 3075 1744 3146">
     <span class='ocr_line' id='line_1_28' title="bbox 120 3075 1744 3146; baseline 0.001 -16"><span class='ocrx_word' id='word_1_218' title='bbox 120 3076 190 3130; x_wconf 85' lang='lat' dir='ltr'>les</span> <span class='ocrx_word' id='word_1_219' title='bbox 217 3075 444 3131; x_wconf 82' lang='lat' dir='ltr'>exaltari</span> <span class='ocrx_word' id='word_1_220' title='bbox 476 3075 870 3141; x_wconf 90' lang='lat' dir='ltr'>merebnntur,</span> <span class='ocrx_word' id='word_1_221' title='bbox 903 3080 958 3130; x_wconf 90' lang='lat' dir='ltr'>et</span> <span class='ocrx_word' id='word_1_222' title='bbox 984 3075 1209 3146; x_wconf 87' lang='lat' dir='ltr'>superbi</span> <span class='ocrx_word' id='word_1_223' title='bbox 1251 3076 1563 3144; x_wconf 91' lang='lat' dir='ltr'>humiliari,</span> <span class='ocrx_word' id='word_1_224' title='bbox 1599 3078 1744 3134; x_wconf 88' lang='lat' dir='ltr'>sicut</span> 
     </span>
    </p>
   </div>
   <div class='ocr_carea' id='block_1_28' title="bbox 114 3167 1738 3240">
    <p class='ocr_par' dir='ltr' id='par_1_28' title="bbox 114 3167 1738 3240">
     <span class='ocr_line' id='line_1_29' title="bbox 114 3167 1738 3240; baseline 0.001 -18"><span class='ocrx_word' id='word_1_225' title='bbox 114 3168 222 3238; x_wconf 89' lang='lat' dir='ltr'>jam</span> <span class='ocrx_word' id='word_1_226' title='bbox 247 3169 503 3240; x_wconf 88' lang='lat' dir='ltr'>superius</span> <span class='ocrx_word' id='word_1_227' title='bbox 529 3167 748 3222; x_wconf 90' lang='lat' dir='ltr'>dictum</span> <span class='ocrx_word' id='word_1_228' title='bbox 775 3170 861 3222; x_wconf 89' lang='lat' dir='ltr'>est</span> <span class='ocrx_word' id='word_1_229' title='bbox 891 3184 905 3222; x_wconf 90' lang='lat'><strong>:</strong></span> <span class='ocrx_word' id='word_1_230' title='bbox 935 3167 1117 3222; x_wconf 87' lang='lat' dir='ltr'>Omnis</span> <span class='ocrx_word' id='word_1_231' title='bbox 1143 3171 1243 3238; x_wconf 88' lang='lat' dir='ltr'>qui</span> <span class='ocrx_word' id='word_1_232' title='bbox 1257 3185 1311 3223; x_wconf 88' lang='lat' dir='ltr'>se</span> <span class='ocrx_word' id='word_1_233' title='bbox 1329 3171 1538 3225; x_wconf 69' lang='lat' dir='ltr'>exultat</span> <span class='ocrx_word' id='word_1_234' title='bbox 1564 3171 1738 3226; x_wconf 85' lang='lat' dir='ltr'>humi-</span> 
     </span>
    </p>
   </div>
   <div class='ocr_carea' id='block_1_29' title="bbox 121 3261 1738 3332">
    <p class='ocr_par' dir='ltr' id='par_1_29' title="bbox 121 3261 1738 3332">
     <span class='ocr_line' id='line_1_30' title="bbox 121 3261 1738 3332; baseline -0.001 -14"><span class='ocrx_word' id='word_1_235' title='bbox 121 3263 350 3326; x_wconf 87' lang='lat' dir='ltr'>liabitur,</span> <span class='ocrx_word' id='word_1_236' title='bbox 377 3267 429 3317; x_wconf 89' lang='lat' dir='ltr'>et</span> <span class='ocrx_word' id='word_1_237' title='bbox 455 3263 555 3332; x_wconf 85' lang='lat' dir='ltr'>qui</span> <span class='ocrx_word' id='word_1_238' title='bbox 578 3276 634 3316; x_wconf 91' lang='lat' dir='ltr'>se</span> <span class='ocrx_word' id='word_1_239' title='bbox 658 3261 910 3315; x_wconf 87' lang='lat' dir='ltr'>humiliat</span> <span class='ocrx_word' id='word_1_240' title='bbox 934 3262 1287 3316; x_wconf 72' lang='lat' dir='ltr'>emaltabitur.</span> <span class='ocrx_word' id='word_1_241' title='bbox 1321 3263 1389 3316; x_wconf 88' lang='lat' dir='ltr'>Et</span> <span class='ocrx_word' id='word_1_242' title='bbox 1425 3279 1622 3317; x_wconf 90' lang='lat' dir='ltr'>omnes</span> <span class='ocrx_word' id='word_1_243' title='bbox 1651 3280 1738 3318; x_wconf 90' lang='lat' dir='ltr'>re-</span> 
     </span>
    </p>
   </div>
   <div class='ocr_carea' id='block_1_30' title="bbox 119 3353 1738 3426">
    <p class='ocr_par' dir='ltr' id='par_1_30' title="bbox 119 3353 1738 3426">
     <span class='ocr_line' id='line_1_31' title="bbox 119 3353 1738 3426; baseline 0.002 -18"><span class='ocrx_word' id='word_1_244' title='bbox 119 3354 267 3426; x_wconf 87' lang='lat' dir='ltr'>probi</span> <span class='ocrx_word' id='word_1_245' title='bbox 290 3371 404 3411; x_wconf 87' lang='lat' dir='ltr'>una</span> <span class='ocrx_word' id='word_1_246' title='bbox 427 3371 562 3410; x_wconf 90' lang='lat' dir='ltr'>cum</span> <span class='ocrx_word' id='word_1_247' title='bbox 589 3353 772 3425; x_wconf 87' lang='lat' dir='ltr'>capite</span> <span class='ocrx_word' id='word_1_248' title='bbox 800 3371 901 3409; x_wconf 90' lang='lat' dir='ltr'>suo</span> <span class='ocrx_word' id='word_1_249' title='bbox 941 3353 1317 3425; x_wconf 87' lang='lat' dir='ltr'>projicientur</span> <span class='ocrx_word' id='word_1_250' title='bbox 1344 3354 1404 3408; x_wconf 92' lang='lat' dir='ltr'>in</span> <span class='ocrx_word' id='word_1_251' title='bbox 1429 3355 1738 3412; x_wconf 89' lang='lat' dir='ltr'>infernum.</span> 
     </span>
    </p>
   </div>
   <div class='ocr_carea' id='block_1_31' title="bbox 119 3449 1738 3517">
    <p class='ocr_par' dir='ltr' id='par_1_31' title="bbox 119 3449 1738 3517">
     <span class='ocr_line' id='line_1_32' title="bbox 119 3449 1738 3517; baseline 0 -13"><span class='ocrx_word' id='word_1_252' title='bbox 119 3449 298 3504; x_wconf 69' lang='grc' dir='ltr'>ΟΜΝΕΠ</span> <span class='ocrx_word' id='word_1_253' title='bbox 335 3462 784 3508; x_wconf 70' lang='lat' dir='ltr'>SOLLICITUDINEM</span> <span class='ocrx_word' id='word_1_254' title='bbox 825 3462 1068 3502; x_wconf 76' lang='lat' dir='ltr'>VESTRAM</span> <span class='ocrx_word' id='word_1_255' title='bbox 1110 3463 1482 3504; x_wconf 78' lang='lat' dir='ltr'>PROJICIENTES</span> <span class='ocrx_word' id='word_1_256' title='bbox 1522 3465 1576 3506; x_wconf 80' lang='lat' dir='ltr'><strong>IN</strong></span> <span class='ocrx_word' id='word_1_257' title='bbox 1610 3465 1738 3517; x_wconf 80' lang='lat' dir='ltr'>EUM,</span> 
     </span>
    </p>
   </div>
   <div class='ocr_carea' id='block_1_32' title="bbox 117 3540 1743 3614">
    <p class='ocr_par' dir='ltr' id='par_1_32' title="bbox 117 3540 1743 3614">
     <span class='ocr_line' id='line_1_33' title="bbox 117 3540 1743 3614; baseline 0.001 -18"><span class='ocrx_word' id='word_1_258' title='bbox 117 3557 345 3604; x_wconf 61' lang='lat' dir='ltr'>quorsum</span> <span class='ocrx_word' id='word_1_259' title='bbox 374 3558 477 3598; x_wconf 79' lang='lat' dir='ltr'>IP81</span> <span class='ocrx_word' id='word_1_260' title='bbox 512 3557 654 3598; x_wconf 69' lang='lat' dir='ltr'>cum</span> <span class='ocrx_word' id='word_1_261' title='bbox 675 3557 770 3596; x_wconf 76' lang='lat' dir='ltr'>nsr</span> <span class='ocrx_word' id='word_1_262' title='bbox 801 3557 866 3595; x_wconf 74' lang='lat' dir='ltr'>ne</span> <span class='ocrx_word' id='word_1_263' title='bbox 895 3556 1070 3595; x_wconf 80' lang='lat' dir='ltr'>voms.</span> <span class='ocrx_word' id='word_1_264' title='bbox 1100 3540 1292 3595; x_wconf 91' lang='lat' dir='ltr'>Simile</span> <span class='ocrx_word' id='word_1_265' title='bbox 1323 3546 1407 3596; x_wconf 87' lang='lat' dir='ltr'>est</span> <span class='ocrx_word' id='word_1_266' title='bbox 1431 3541 1571 3596; x_wconf 88' lang='lat' dir='ltr'>illud</span> <span class='ocrx_word' id='word_1_267' title='bbox 1591 3543 1743 3614; x_wconf 91' lang='lat' dir='ltr'>quod</span> 
     </span>
    </p>
   </div>
   <div class='ocr_carea' id='block_1_33' title="bbox 116 3635 1742 3701">
    <p class='ocr_par' dir='ltr' id='par_1_33' title="bbox 116 3635 1742 3701">
     <span class='ocr_line' id='line_1_34' title="bbox 116 3635 1742 3701; baseline 0.001 -13"><span class='ocrx_word' id='word_1_268' title='bbox 116 3635 185 3689; x_wconf 86' lang='lat' dir='ltr'>ait</span> <span class='ocrx_word' id='word_1_269' title='bbox 222 3635 516 3691; x_wconf 80' lang='lat' dir='ltr'>Psalmista</span> <span class='ocrx_word' id='word_1_270' title='bbox 551 3651 565 3690; x_wconf 91' lang='lat'>:</span> <span class='ocrx_word' id='word_1_271' title='bbox 603 3637 759 3689; x_wconf 85' lang='lat' dir='ltr'>Jacta</span> <span class='ocrx_word' id='word_1_272' title='bbox 805 3636 1093 3701; x_wconf 85' lang='lat' dir='ltr'>cogitatum</span> <span class='ocrx_word' id='word_1_273' title='bbox 1133 3637 1287 3688; x_wconf 89' lang='lat' dir='ltr'>tuum</span> <span class='ocrx_word' id='word_1_274' title='bbox 1317 3636 1374 3688; x_wconf 90' lang='lat' dir='ltr'>in</span> <span class='ocrx_word' id='word_1_275' title='bbox 1405 3637 1642 3690; x_wconf 88' lang='lat' dir='ltr'>Domino.</span> <span class='ocrx_word' id='word_1_276' title='bbox 1677 3636 1742 3690; x_wconf 87' lang='lat' dir='ltr'>Et</span> 
     </span>
    </p>
   </div>
   <div class='ocr_carea' id='block_1_34' title="bbox 116 3727 1737 3799">
    <p class='ocr_par' dir='ltr' id='par_1_34' title="bbox 116 3727 1737 3799">
     <span class='ocr_line' id='line_1_35' title="bbox 116 3727 1737 3799; baseline 0.002 -19"><span class='ocrx_word' id='word_1_277' title='bbox 116 3729 372 3784; x_wconf 87' lang='lat' dir='ltr'>Dominus</span> <span class='ocrx_word' id='word_1_278' title='bbox 394 3729 456 3784; x_wconf 92' lang='lat' dir='ltr'>in</span> <span class='ocrx_word' id='word_1_279' title='bbox 490 3727 796 3799; x_wconf 82' lang='lat' dir='ltr'>Evangelia</span> <span class='ocrx_word' id='word_1_280' title='bbox 827 3745 841 3782; x_wconf 91' lang='lat'><strong>:</strong></span> <span class='ocrx_word' id='word_1_281' title='bbox 883 3728 1060 3782; x_wconf 81' lang='lat' dir='ltr'>Nolite</span> <span class='ocrx_word' id='word_1_282' title='bbox 1083 3727 1302 3781; x_wconf 86' lang='lat' dir='ltr'>solliciti</span> <span class='ocrx_word' id='word_1_283' title='bbox 1327 3742 1436 3782; x_wconf 88' lang='lat' dir='ltr'>esse</span> <span class='ocrx_word' id='word_1_284' title='bbox 1460 3728 1692 3783; x_wconf 86' lang='lat' dir='ltr'>dicentes</span> <span class='ocrx_word' id='word_1_285' title='bbox 1721 3747 1737 3783; x_wconf 89' lang='lat'><strong><em>:</em></strong></span> 
     </span>
    </p>
   </div>
   <div class='ocr_carea' id='block_1_35' title="bbox 115 3821 1812 3927">
    <p class='ocr_par' dir='ltr' id='par_1_35' title="bbox 115 3821 1812 3927">
     <span class='ocr_line' id='line_1_36' title="bbox 115 3821 1812 3927; baseline 0.001 -53"><span class='ocrx_word' id='word_1_286' title='bbox 115 3822 245 3886; x_wconf 82' lang='lat' dir='ltr'>Quid</span> <span class='ocrx_word' id='word_1_287' title='bbox 269 3822 840 3884; x_wconf 87' lang='lat' dir='ltr'>manducabimus,aut</span> <span class='ocrx_word' id='word_1_288' title='bbox 861 3821 995 3890; x_wconf 86' lang='lat' dir='ltr'>quid</span> <span class='ocrx_word' id='word_1_289' title='bbox 1013 3821 1287 3874; x_wconf 82' lang='lat' dir='ltr'>bibemus?</span> <span class='ocrx_word' id='word_1_290' title='bbox 1299 3822 1400 3876; x_wconf 86' lang='lat' dir='ltr'>scit</span> <span class='ocrx_word' id='word_1_291' title='bbox 1419 3823 1558 3875; x_wconf 89' lang='lat' dir='ltr'>enim</span> <span class='ocrx_word' id='word_1_292' title='bbox 1577 3823 1739 3875; x_wconf 89' lang='lat' dir='ltr'>Pater</span> <span class='ocrx_word' id='word_1_293' title='bbox 1757 3853 1812 3927; x_wconf 67' lang='grc' dir='ltr'>Ο</span> 
     </span>
    </p>
   </div>
   <div class='ocr_carea' id='block_1_36' title="bbox 115 3912 1738 3986">
    <p class='ocr_par' dir='ltr' id='par_1_36' title="bbox 115 3912 1738 3986">
     <span class='ocr_line' id='line_1_37' title="bbox 115 3912 1738 3986; baseline 0.001 -19"><span class='ocrx_word' id='word_1_294' title='bbox 115 3919 271 3970; x_wconf 74' lang='lat' dir='ltr'>vester</span> <span class='ocrx_word' id='word_1_295' title='bbox 294 3917 429 3986; x_wconf 85' lang='lat' dir='ltr'>quid</span> <span class='ocrx_word' id='word_1_296' title='bbox 454 3915 608 3970; x_wconf 80' lang='lat' dir='ltr'>vobis</span> <span class='ocrx_word' id='word_1_297' title='bbox 635 3931 766 3985; x_wconf 88' lang='lat' dir='ltr'>opus</span> <span class='ocrx_word' id='word_1_298' title='bbox 793 3920 890 3968; x_wconf 84' lang='lat' dir='ltr'>est.</span> <span class='ocrx_word' id='word_1_299' title='bbox 912 3913 1038 3968; x_wconf 85' lang='lat' dir='ltr'>Ideo</span> <span class='ocrx_word' id='word_1_300' title='bbox 1057 3929 1285 3968; x_wconf 89' lang='lat' dir='ltr'>omnem</span> <span class='ocrx_word' id='word_1_301' title='bbox 1306 3912 1738 3969; x_wconf 87' lang='lat' dir='ltr'>sollicitudinem</span> 
     </span>
    </p>
   </div>
   <div class='ocr_carea' id='block_1_37' title="bbox 116 4006 1740 4079">
    <p class='ocr_par' dir='ltr' id='par_1_37' title="bbox 116 4006 1740 4079">
     <span class='ocr_line' id='line_1_38' title="bbox 116 4006 1740 4079; baseline 0.001 -18"><span class='ocrx_word' id='word_1_302' title='bbox 116 4013 354 4064; x_wconf 87' lang='lat' dir='ltr'>nostram</span> <span class='ocrx_word' id='word_1_303' title='bbox 384 4010 443 4064; x_wconf 89' lang='lat' dir='ltr'>in</span> <span class='ocrx_word' id='word_1_304' title='bbox 471 4023 608 4063; x_wconf 91' lang='lat' dir='ltr'>eum</span> <span class='ocrx_word' id='word_1_305' title='bbox 635 4007 915 4079; x_wconf 82' lang='lat' dir='ltr'>projicere</span> <span class='ocrx_word' id='word_1_306' title='bbox 945 4006 1238 4076; x_wconf 88' lang='lat' dir='ltr'>debemus,</span> <span class='ocrx_word' id='word_1_307' title='bbox 1263 4023 1297 4060; x_wconf 91' lang='lat' dir='ltr'>a</span> <span class='ocrx_word' id='word_1_308' title='bbox 1315 4023 1426 4078; x_wconf 91' lang='lat' dir='ltr'>quo</span> <span class='ocrx_word' id='word_1_309' title='bbox 1457 4022 1626 4062; x_wconf 91' lang='lat' dir='ltr'>omne</span> <span class='ocrx_word' id='word_1_310' title='bbox 1645 4007 1740 4062; x_wconf 88' lang='lat' dir='ltr'>bo-</span> 
     </span>
    </p>
   </div>
   <div class='ocr_carea' id='block_1_38' title="bbox 115 4099 1741 4175">
    <p class='ocr_par' dir='ltr' id='par_1_38' title="bbox 115 4099 1741 4175">
     <span class='ocr_line' id='line_1_39' title="bbox 115 4099 1741 4175; baseline 0 -20"><span class='ocrx_word' id='word_1_311' title='bbox 115 4119 242 4158; x_wconf 90' lang='lat' dir='ltr'>num</span> <span class='ocrx_word' id='word_1_312' title='bbox 263 4102 465 4175; x_wconf 87' lang='lat' dir='ltr'>largiri</span> <span class='ocrx_word' id='word_1_313' title='bbox 494 4101 797 4156; x_wconf 83' lang='lat' dir='ltr'>credimus.</span> <span class='ocrx_word' id='word_1_314' title='bbox 827 4101 894 4154; x_wconf 88' lang='lat' dir='ltr'>Et</span> <span class='ocrx_word' id='word_1_315' title='bbox 913 4099 1189 4172; x_wconf 88' lang='lat' dir='ltr'>quidquid</span> <span class='ocrx_word' id='word_1_316' title='bbox 1214 4099 1547 4171; x_wconf 88' lang='lat' dir='ltr'>perfectum,</span> <span class='ocrx_word' id='word_1_317' title='bbox 1581 4101 1741 4172; x_wconf 87' lang='lat' dir='ltr'>quid-</span> 
     </span>
    </p>
   </div>
   <div class='ocr_carea' id='block_1_39' title="bbox 116 4193 1736 4267">
    <p class='ocr_par' dir='ltr' id='par_1_39' title="bbox 116 4193 1736 4267">
     <span class='ocr_line' id='line_1_40' title="bbox 116 4193 1736 4267; baseline 0 -18"><span class='ocrx_word' id='word_1_318' title='bbox 116 4197 242 4266; x_wconf 87' lang='lat' dir='ltr'>quid</span> <span class='ocrx_word' id='word_1_319' title='bbox 282 4196 497 4251; x_wconf 89' lang='lat' dir='ltr'>bonum</span> <span class='ocrx_word' id='word_1_320' title='bbox 541 4199 626 4250; x_wconf 89' lang='lat' dir='ltr'>est</span> <span class='ocrx_word' id='word_1_321' title='bbox 671 4193 820 4266; x_wconf 89' lang='lat' dir='ltr'>quod</span> <span class='ocrx_word' id='word_1_322' title='bbox 865 4193 984 4265; x_wconf 86' lang='lat' dir='ltr'>agit</span> <span class='ocrx_word' id='word_1_323' title='bbox 1025 4193 1214 4262; x_wconf 92' lang='lat' dir='ltr'>homo,</span> <span class='ocrx_word' id='word_1_324' title='bbox 1247 4193 1317 4248; x_wconf 90' lang='lat' dir='ltr'>ab</span> <span class='ocrx_word' id='word_1_325' title='bbox 1354 4193 1475 4264; x_wconf 91' lang='lat' dir='ltr'>ipso</span> <span class='ocrx_word' id='word_1_326' title='bbox 1516 4194 1736 4267; x_wconf 87' lang='lat' dir='ltr'>accipit,</span> 
     </span>
    </p>
   </div>
   <div class='ocr_carea' id='block_1_40' title="bbox 118 4287 1742 4359">
    <p class='ocr_par' dir='ltr' id='par_1_40' title="bbox 118 4287 1742 4359">
     <span class='ocr_line' id='line_1_41' title="bbox 118 4287 1742 4359; baseline 0.001 -17"><span class='ocrx_word' id='word_1_327' title='bbox 118 4294 245 4345; x_wconf 83' lang='lat' dir='ltr'>teste</span> <span class='ocrx_word' id='word_1_328' title='bbox 267 4290 472 4345; x_wconf 84' lang='lat' dir='ltr'>Jacobo</span> <span class='ocrx_word' id='word_1_329' title='bbox 502 4287 600 4359; x_wconf 90' lang='lat' dir='ltr'>qui</span> <span class='ocrx_word' id='word_1_330' title='bbox 628 4287 764 4343; x_wconf 86' lang='lat' dir='ltr'>dicit</span> <span class='ocrx_word' id='word_1_331' title='bbox 793 4302 806 4341; x_wconf 90' lang='lat'><strong>:</strong></span> <span class='ocrx_word' id='word_1_332' title='bbox 838 4288 1000 4344; x_wconf 87' lang='lat' dir='ltr'>Omne</span> <span class='ocrx_word' id='word_1_333' title='bbox 1027 4287 1218 4341; x_wconf 88' lang='lat' dir='ltr'>datum</span> <span class='ocrx_word' id='word_1_334' title='bbox 1242 4289 1502 4358; x_wconf 80' lang='lat' dir='ltr'>Optimum</span> <span class='ocrx_word' id='word_1_335' title='bbox 1523 4293 1573 4343; x_wconf 86' lang='lat' dir='ltr'>et</span> <span class='ocrx_word' id='word_1_336' title='bbox 1591 4304 1742 4344; x_wconf 87' lang='lat' dir='ltr'>omne</span> 
     </span>
    </p>
   </div>
   <div class='ocr_carea' id='block_1_41' title="bbox 117 4379 1736 4453">
    <p class='ocr_par' dir='ltr' id='par_1_41' title="bbox 117 4379 1736 4453">
     <span class='ocr_line' id='line_1_42' title="bbox 117 4379 1736 4453; baseline 0.001 -19"><span class='ocrx_word' id='word_1_337' title='bbox 117 4383 301 4438; x_wconf 80' lang='lat' dir='ltr'>donum</span> <span class='ocrx_word' id='word_1_338' title='bbox 333 4385 638 4453; x_wconf 84' lang='lat' dir='ltr'>perfectum</span> <span class='ocrx_word' id='word_1_339' title='bbox 673 4380 952 4435; x_wconf 81' lang='lat' dir='ltr'>desursum</span> <span class='ocrx_word' id='word_1_340' title='bbox 993 4383 1088 4434; x_wconf 89' lang='lat' dir='ltr'>est.</span> <span class='ocrx_word' id='word_1_341' title='bbox 1135 4380 1203 4434; x_wconf 90' lang='lat' dir='ltr'>Et</span> <span class='ocrx_word' id='word_1_342' title='bbox 1249 4379 1381 4434; x_wconf 89' lang='lat' dir='ltr'>alibi</span> <span class='ocrx_word' id='word_1_343' title='bbox 1423 4379 1736 4453; x_wconf 89' lang='lat' dir='ltr'>scriptum:</span> 
     </span>
    </p>
   </div>
   <div class='ocr_carea' id='block_1_42' title="bbox 117 4475 1342 4547">
    <p class='ocr_par' dir='ltr' id='par_1_42' title="bbox 117 4475 1342 4547">
     <span class='ocr_line' id='line_1_43' title="bbox 117 4475 1342 4547; baseline -0.002 -17"><span class='ocrx_word' id='word_1_344' title='bbox 117 4475 234 4541; x_wconf 86' lang='lat' dir='ltr'>Ouis</span> <span class='ocrx_word' id='word_1_345' title='bbox 255 4478 495 4547; x_wconf 82' lang='lat' dir='ltr'>speravit</span> <span class='ocrx_word' id='word_1_346' title='bbox 513 4477 572 4529; x_wconf 91' lang='lat' dir='ltr'>in</span> <span class='ocrx_word' id='word_1_347' title='bbox 599 4475 823 4530; x_wconf 89' lang='lat' dir='ltr'>Domino</span> <span class='ocrx_word' id='word_1_348' title='bbox 853 4479 902 4528; x_wconf 89' lang='lat' dir='ltr'>et</span> <span class='ocrx_word' id='word_1_349' title='bbox 937 4475 1191 4541; x_wconf 84' lang='lat' dir='ltr'>confusus</span> <span class='ocrx_word' id='word_1_350' title='bbox 1219 4476 1342 4528; x_wconf 82' lang='lat' dir='ltr'>est?</span> 
     </span>
    </p>
   </div>
   <div class='ocr_carea' id='block_1_43' title="bbox 178 4565 1736 4638">
    <p class='ocr_par' dir='ltr' id='par_1_43' title="bbox 178 4565 1736 4638">
     <span class='ocr_line' id='line_1_44' title="bbox 178 4565 1736 4638; baseline -0.001 -14"><span class='ocrx_word' id='word_1_351' title='bbox 178 4569 356 4626; x_wconf 78' lang='lat' dir='ltr'>Sosau</span> <span class='ocrx_word' id='word_1_352' title='bbox 380 4583 593 4624; x_wconf 65' lang='lat' dir='ltr'>as&#39;rorra.</span> <span class='ocrx_word' id='word_1_353' title='bbox 622 4566 902 4621; x_wconf 85' lang='lat' dir='ltr'>Sobrietas</span> <span class='ocrx_word' id='word_1_354' title='bbox 931 4565 1087 4620; x_wconf 90' lang='lat' dir='ltr'>enim</span> <span class='ocrx_word' id='word_1_355' title='bbox 1115 4581 1230 4620; x_wconf 92' lang='lat' dir='ltr'>non</span> <span class='ocrx_word' id='word_1_356' title='bbox 1253 4565 1438 4621; x_wconf 88' lang='lat' dir='ltr'>solum</span> <span class='ocrx_word' id='word_1_357' title='bbox 1467 4567 1736 4638; x_wconf 86' lang='lat' dir='ltr'>corporis,</span> 
     </span>
    </p>
   </div>
   <div class='ocr_carea' id='block_1_44' title="bbox 113 4658 1740 4730">
    <p class='ocr_par' dir='ltr' id='par_1_44' title="bbox 113 4658 1740 4730">
     <span class='ocr_line' id='line_1_45' title="bbox 113 4658 1740 4730; baseline 0 -15"><span class='ocrx_word' id='word_1_358' title='bbox 113 4663 202 4718; x_wconf 84' lang='lat' dir='ltr'>sed</span> <span class='ocrx_word' id='word_1_359' title='bbox 227 4667 282 4718; x_wconf 88' lang='lat' dir='ltr'>et</span> <span class='ocrx_word' id='word_1_360' title='bbox 315 4663 524 4718; x_wconf 72' lang='lat' dir='ltr'>animae</span> <span class='ocrx_word' id='word_1_361' title='bbox 567 4658 934 4730; x_wconf 89' lang='lat' dir='ltr'>intelligenda</span> <span class='ocrx_word' id='word_1_362' title='bbox 974 4662 1080 4714; x_wconf 88' lang='lat' dir='ltr'>est.</span> <span class='ocrx_word' id='word_1_363' title='bbox 1127 4659 1282 4714; x_wconf 89' lang='lat' dir='ltr'>Sicut</span> <span class='ocrx_word' id='word_1_364' title='bbox 1323 4660 1476 4714; x_wconf 89' lang='lat' dir='ltr'>enim</span> <span class='ocrx_word' id='word_1_365' title='bbox 1521 4659 1740 4715; x_wconf 89' lang='lat' dir='ltr'>sobrius</span> 
     </span>
    </p>
   </div>
   <div class='ocr_carea' id='block_1_45' title="bbox 113 4751 1742 4824">
    <p class='ocr_par' dir='ltr' id='par_1_45' title="bbox 113 4751 1742 4824">
     <span class='ocr_line' id='line_1_46' title="bbox 113 4751 1742 4824; baseline 0 -16"><span class='ocrx_word' id='word_1_366' title='bbox 113 4757 269 4812; x_wconf 74' lang='lat' dir='ltr'>debet</span> <span class='ocrx_word' id='word_1_367' title='bbox 304 4772 425 4812; x_wconf 89' lang='lat' dir='ltr'>esse</span> <span class='ocrx_word' id='word_1_368' title='bbox 467 4755 642 4810; x_wconf 90' lang='lat' dir='ltr'>homo</span> <span class='ocrx_word' id='word_1_369' title='bbox 672 4751 938 4820; x_wconf 85' lang='lat' dir='ltr'>exterior,</span> <span class='ocrx_word' id='word_1_370' title='bbox 967 4767 1169 4824; x_wconf 87' lang='lat' dir='ltr'>parcus</span> <span class='ocrx_word' id='word_1_371' title='bbox 1194 4752 1450 4808; x_wconf 81' lang='lat' dir='ltr'>videlicet</span> <span class='ocrx_word' id='word_1_372' title='bbox 1473 4770 1506 4806; x_wconf 91' lang='lat' dir='ltr'>a</span> <span class='ocrx_word' id='word_1_373' title='bbox 1531 4753 1654 4808; x_wconf 89' lang='lat' dir='ltr'>cibo</span> <span class='ocrx_word' id='word_1_374' title='bbox 1685 4756 1742 4808; x_wconf 91' lang='lat' dir='ltr'>et</span> 
     </span>
    </p>
   </div>
   <div class='ocr_carea' id='block_1_46' title="bbox 113 4844 1740 4921">
    <p class='ocr_par' dir='ltr' id='par_1_46' title="bbox 113 4844 1740 4921">
     <span class='ocr_line' id='line_1_47' title="bbox 113 4844 1740 4921; baseline -0.001 -19"><span class='ocrx_word' id='word_1_375' title='bbox 113 4854 260 4920; x_wconf 81' lang='lat' dir='ltr'>potu,</span> <span class='ocrx_word' id='word_1_376' title='bbox 289 4853 525 4921; x_wconf 88' lang='lat' dir='ltr'>propter</span> <span class='ocrx_word' id='word_1_377' title='bbox 567 4846 708 4902; x_wconf 91' lang='lat' dir='ltr'>illud</span> <span class='ocrx_word' id='word_1_378' title='bbox 747 4845 896 4918; x_wconf 90' lang='lat' dir='ltr'>quod</span> <span class='ocrx_word' id='word_1_379' title='bbox 938 4844 1204 4900; x_wconf 90' lang='lat' dir='ltr'>Dominus</span> <span class='ocrx_word' id='word_1_380' title='bbox 1253 4845 1388 4900; x_wconf 89' lang='lat' dir='ltr'>dicit</span> <span class='ocrx_word' id='word_1_381' title='bbox 1421 4863 1434 4900; x_wconf 91' lang='lat'><strong>:</strong></span> <span class='ocrx_word' id='word_1_382' title='bbox 1463 4847 1740 4902; x_wconf 84' lang='lat' dir='ltr'>Attendite</span> 
     </span>
    </p>
   </div>
   <div class='ocr_carea' id='block_1_47' title="bbox 113 4939 1740 5012">
    <p class='ocr_par' dir='ltr' id='par_1_47' title="bbox 113 4939 1740 5012">
     <span class='ocr_line' id='line_1_48' title="bbox 113 4939 1740 5012; baseline 0 -18"><span class='ocrx_word' id='word_1_383' title='bbox 113 4959 171 4995; x_wconf 76' lang='lat' dir='ltr'>ne</span> <span class='ocrx_word' id='word_1_384' title='bbox 194 4947 488 5012; x_wconf 79' lang='lat' dir='ltr'>graventur</span> <span class='ocrx_word' id='word_1_385' title='bbox 514 4941 679 4997; x_wconf 86' lang='lat' dir='ltr'>corda</span> <span class='ocrx_word' id='word_1_386' title='bbox 722 4943 906 4994; x_wconf 87' lang='lat' dir='ltr'>vestra</span> <span class='ocrx_word' id='word_1_387' title='bbox 930 4941 986 4992; x_wconf 89' lang='lat' dir='ltr'>in</span> <span class='ocrx_word' id='word_1_388' title='bbox 1011 4939 1236 5008; x_wconf 82' lang='lat' dir='ltr'>crapula</span> <span class='ocrx_word' id='word_1_389' title='bbox 1264 4943 1314 4994; x_wconf 91' lang='lat' dir='ltr'>et</span> <span class='ocrx_word' id='word_1_390' title='bbox 1342 4940 1632 5006; x_wconf 78' lang='lat' dir='ltr'>ebrietate;</span> <span class='ocrx_word' id='word_1_391' title='bbox 1664 4939 1740 4994; x_wconf 88' lang='lat' dir='ltr'>ita</span> 
     </span>
    </p>
   </div>
   <div class='ocr_carea' id='block_1_48' title="bbox 113 5031 1741 5104">
    <p class='ocr_par' dir='ltr' id='par_1_48' title="bbox 113 5031 1741 5104">
     <span class='ocr_line' id='line_1_49' title="bbox 113 5031 1741 5104; baseline -0.001 -15"><span class='ocrx_word' id='word_1_392' title='bbox 113 5037 279 5090; x_wconf 72' lang='lat' dir='ltr'>homo</span> <span class='ocrx_word' id='word_1_393' title='bbox 304 5034 544 5090; x_wconf 87' lang='lat' dir='ltr'>interior</span> <span class='ocrx_word' id='word_1_394' title='bbox 581 5033 642 5088; x_wconf 91' lang='lat' dir='ltr'>in</span> <span class='ocrx_word' id='word_1_395' title='bbox 675 5031 903 5104; x_wconf 87' lang='lat' dir='ltr'>vigiliis,</span> <span class='ocrx_word' id='word_1_396' title='bbox 928 5031 1181 5102; x_wconf 90' lang='lat' dir='ltr'>jejuniis,</span> <span class='ocrx_word' id='word_1_397' title='bbox 1211 5034 1267 5086; x_wconf 90' lang='lat' dir='ltr'>et</span> <span class='ocrx_word' id='word_1_398' title='bbox 1291 5032 1654 5102; x_wconf 87' lang='lat' dir='ltr'>orationibus,</span> <span class='ocrx_word' id='word_1_399' title='bbox 1685 5038 1741 5088; x_wconf 92' lang='lat' dir='ltr'>et</span> 
     </span>
    </p>
   </div>
   <div class='ocr_carea' id='block_1_49' title="bbox 112 5124 1738 5198">
    <p class='ocr_par' dir='ltr' id='par_1_49' title="bbox 112 5124 1738 5198">
     <span class='ocr_line' id='line_1_50' title="bbox 112 5124 1738 5198; baseline 0 -18"><span class='ocrx_word' id='word_1_400' title='bbox 112 5128 321 5185; x_wconf 52' lang='lat' dir='ltr'>canteris</span> <span class='ocrx_word' id='word_1_401' title='bbox 355 5127 521 5185; x_wconf 89' lang='lat' dir='ltr'>bonis</span> <span class='ocrx_word' id='word_1_402' title='bbox 557 5126 842 5198; x_wconf 88' lang='lat' dir='ltr'>operibus.</span> <span class='ocrx_word' id='word_1_403' title='bbox 894 5126 969 5180; x_wconf 82' lang='lat' dir='ltr'>Er</span> <span class='ocrx_word' id='word_1_404' title='bbox 1008 5141 1251 5180; x_wconf 75' lang='lat' dir='ltr'>VIGILATE</span> <span class='ocrx_word' id='word_1_405' title='bbox 1278 5125 1454 5196; x_wconf 76' lang='lat' dir='ltr'>juste.</span> <span class='ocrx_word' id='word_1_406' title='bbox 1491 5124 1738 5197; x_wconf 88' lang='lat' dir='ltr'>Vigilare</span> 
     </span>
    </p>
   </div>
   <div class='ocr_carea' id='block_1_50' title="bbox 1845 1215 3468 1287">
    <p class='ocr_par' dir='ltr' id='par_1_50' title="bbox 1845 1215 3468 1287">
     <span class='ocr_line' id='line_1_51' title="bbox 1845 1215 3468 1287; baseline -0.001 -17"><span class='ocrx_word' id='word_1_407' title='bbox 1845 1215 2102 1286; x_wconf 88' lang='lat' dir='ltr'>humani,</span> <span class='ocrx_word' id='word_1_408' title='bbox 2134 1216 2232 1287; x_wconf 88' lang='lat' dir='ltr'>qui</span> <span class='ocrx_word' id='word_1_409' title='bbox 2256 1216 2326 1270; x_wconf 89' lang='lat' dir='ltr'>ab</span> <span class='ocrx_word' id='word_1_410' title='bbox 2352 1216 2512 1272; x_wconf 88' lang='lat' dir='ltr'>initio</span> <span class='ocrx_word' id='word_1_411' title='bbox 2549 1216 2747 1270; x_wconf 90' lang='lat' dir='ltr'>mundi</span> <span class='ocrx_word' id='word_1_412' title='bbox 2783 1231 3008 1287; x_wconf 88' lang='lat' dir='ltr'>semper</span> <span class='ocrx_word' id='word_1_413' title='bbox 3035 1219 3252 1269; x_wconf 88' lang='lat' dir='ltr'>sanctos</span> <span class='ocrx_word' id='word_1_414' title='bbox 3277 1229 3468 1284; x_wconf 89' lang='lat' dir='ltr'>perse-</span> 
     </span>
    </p>
   </div>
   <div class='ocr_carea' id='block_1_51' title="bbox 1845 1307 3470 1380">
    <p class='ocr_par' dir='ltr' id='par_1_51' title="bbox 1845 1307 3470 1380">
     <span class='ocr_line' id='line_1_52' title="bbox 1845 1307 3470 1380; baseline -0.001 -18"><span class='ocrx_word' id='word_1_415' title='bbox 1845 1309 1944 1380; x_wconf 91' lang='lat' dir='ltr'>qui</span> <span class='ocrx_word' id='word_1_416' title='bbox 1979 1325 2095 1364; x_wconf 88' lang='lat' dir='ltr'>non</span> <span class='ocrx_word' id='word_1_417' title='bbox 2139 1309 2370 1378; x_wconf 84' lang='lat' dir='ltr'>destitit,</span> <span class='ocrx_word' id='word_1_418' title='bbox 2410 1313 2582 1380; x_wconf 90' lang='lat' dir='ltr'>atque</span> <span class='ocrx_word' id='word_1_419' title='bbox 2625 1309 2810 1364; x_wconf 85' lang='lat' dir='ltr'>caulas</span> <span class='ocrx_word' id='word_1_420' title='bbox 2850 1307 3103 1363; x_wconf 84' lang='lat' dir='ltr'>fidelium</span> <span class='ocrx_word' id='word_1_421' title='bbox 3146 1307 3470 1378; x_wconf 85' lang='lat' dir='ltr'>dispergere</span> 
     </span>
    </p>
   </div>
   <div class='ocr_carea' id='block_1_52' title="bbox 1844 1401 3473 1474">
    <p class='ocr_par' dir='ltr' id='par_1_52' title="bbox 1844 1401 3473 1474">
     <span class='ocr_line' id='line_1_53' title="bbox 1844 1401 3473 1474; baseline -0.002 -18"><span class='ocrx_word' id='word_1_422' title='bbox 1844 1401 2065 1457; x_wconf 87' lang='lat' dir='ltr'>nititur.</span> <span class='ocrx_word' id='word_1_423' title='bbox 2108 1403 2217 1456; x_wconf 91' lang='lat' dir='ltr'>Leo</span> <span class='ocrx_word' id='word_1_424' title='bbox 2255 1418 2503 1474; x_wconf 88' lang='lat' dir='ltr'>namque</span> <span class='ocrx_word' id='word_1_425' title='bbox 2543 1401 2750 1458; x_wconf 88' lang='lat' dir='ltr'>dicitur</span> <span class='ocrx_word' id='word_1_426' title='bbox 2785 1401 3058 1467; x_wconf 87' lang='lat' dir='ltr'>diabolus,</span> <span class='ocrx_word' id='word_1_427' title='bbox 3090 1417 3206 1455; x_wconf 91' lang='lat' dir='ltr'>non</span> <span class='ocrx_word' id='word_1_428' title='bbox 3242 1402 3473 1471; x_wconf 87' lang='lat' dir='ltr'>propter</span> 
     </span>
    </p>
   </div>
   <div class='ocr_carea' id='block_1_53' title="bbox 1843 1491 3472 1566">
    <p class='ocr_par' dir='ltr' id='par_1_53' title="bbox 1843 1491 3472 1566">
     <span class='ocr_line' id='line_1_54' title="bbox 1843 1491 3472 1566; baseline -0.002 -18"><span class='ocrx_word' id='word_1_429' title='bbox 1843 1494 2250 1564; x_wconf 87' lang='lat' dir='ltr'>fortitudinem,</span> <span class='ocrx_word' id='word_1_430' title='bbox 2283 1495 2380 1550; x_wconf 90' lang='lat' dir='ltr'>sed</span> <span class='ocrx_word' id='word_1_431' title='bbox 2407 1497 2640 1566; x_wconf 88' lang='lat' dir='ltr'>propter</span> <span class='ocrx_word' id='word_1_432' title='bbox 2663 1495 2961 1563; x_wconf 83' lang='lat' dir='ltr'>saevitiam;</span> <span class='ocrx_word' id='word_1_433' title='bbox 2984 1493 3116 1566; x_wconf 89' lang='lat' dir='ltr'>quia</span> <span class='ocrx_word' id='word_1_434' title='bbox 3141 1509 3259 1548; x_wconf 90' lang='lat' dir='ltr'>non</span> <span class='ocrx_word' id='word_1_435' title='bbox 3288 1491 3472 1546; x_wconf 89' lang='lat' dir='ltr'>solum</span> 
     </span>
    </p>
   </div>
   <div class='ocr_carea' id='block_1_54' title="bbox 1843 1585 3473 1660">
    <p class='ocr_par' dir='ltr' id='par_1_54' title="bbox 1843 1585 3473 1660">
     <span class='ocr_line' id='line_1_55' title="bbox 1843 1585 3473 1660; baseline 0 -20"><span class='ocrx_word' id='word_1_436' title='bbox 1843 1588 2058 1642; x_wconf 85' lang='lat' dir='ltr'>occulte</span> <span class='ocrx_word' id='word_1_437' title='bbox 2085 1588 2396 1658; x_wconf 88' lang='lat' dir='ltr'>insidiatur,</span> <span class='ocrx_word' id='word_1_438' title='bbox 2417 1605 2616 1643; x_wconf 87' lang='lat' dir='ltr'>verum</span> <span class='ocrx_word' id='word_1_439' title='bbox 2641 1588 2812 1644; x_wconf 87' lang='lat' dir='ltr'>etiam</span> <span class='ocrx_word' id='word_1_440' title='bbox 2829 1591 3020 1660; x_wconf 89' lang='lat' dir='ltr'>aperte</span> <span class='ocrx_word' id='word_1_441' title='bbox 3046 1586 3222 1642; x_wconf 68' lang='lat' dir='ltr'>saevit.</span> <span class='ocrx_word' id='word_1_442' title='bbox 3245 1585 3473 1640; x_wconf 75' lang='lat' dir='ltr'>Occulta</span> 
     </span>
    </p>
   </div>
   <div class='ocr_carea' id='block_1_55' title="bbox 1841 1679 3466 1753">
    <p class='ocr_par' dir='ltr' id='par_1_55' title="bbox 1841 1679 3466 1753">
     <span class='ocr_line' id='line_1_56' title="bbox 1841 1679 3466 1753; baseline -0.001 -19"><span class='ocrx_word' id='word_1_443' title='bbox 1841 1679 2159 1748; x_wconf 87' lang='lat' dir='ltr'>insidiatur,</span> <span class='ocrx_word' id='word_1_444' title='bbox 2195 1681 2325 1752; x_wconf 90' lang='lat' dir='ltr'>quia</span> <span class='ocrx_word' id='word_1_445' title='bbox 2362 1697 2778 1753; x_wconf 88' lang='lat' dir='ltr'>nonnunquam</span> <span class='ocrx_word' id='word_1_446' title='bbox 2820 1697 2922 1752; x_wconf 90' lang='lat' dir='ltr'>per</span> <span class='ocrx_word' id='word_1_447' title='bbox 2973 1679 3214 1735; x_wconf 89' lang='lat' dir='ltr'>nefarias</span> <span class='ocrx_word' id='word_1_448' title='bbox 3259 1679 3466 1749; x_wconf 83' lang='lat' dir='ltr'>cogita-</span> 
     </span>
    </p>
   </div>
   <div class='ocr_carea' id='block_1_56' title="bbox 1840 1771 3466 1846">
    <p class='ocr_par' dir='ltr' id='par_1_56' title="bbox 1840 1771 3466 1846">
     <span class='ocr_line' id='line_1_57' title="bbox 1840 1771 3466 1846; baseline -0.002 -18"><span class='ocrx_word' id='word_1_449' title='bbox 1840 1773 2024 1828; x_wconf 85' lang='lat' dir='ltr'>tiones</span> <span class='ocrx_word' id='word_1_450' title='bbox 2051 1774 2250 1828; x_wconf 89' lang='lat' dir='ltr'>suadet</span> <span class='ocrx_word' id='word_1_451' title='bbox 2265 1774 2533 1846; x_wconf 86' lang='lat' dir='ltr'>aliquem,</span> <span class='ocrx_word' id='word_1_452' title='bbox 2548 1791 2651 1845; x_wconf 91' lang='lat' dir='ltr'>per</span> <span class='ocrx_word' id='word_1_453' title='bbox 2671 1773 3142 1846; x_wconf 88' lang='lat' dir='ltr'>gastrimargiam,</span> <span class='ocrx_word' id='word_1_454' title='bbox 3161 1789 3264 1844; x_wconf 92' lang='lat' dir='ltr'>per</span> <span class='ocrx_word' id='word_1_455' title='bbox 3283 1771 3466 1826; x_wconf 90' lang='lat' dir='ltr'>ebrie-</span> 
     </span>
    </p>
   </div>
   <div class='ocr_carea' id='block_1_57' title="bbox 1843 1864 3467 1939">
    <p class='ocr_par' dir='ltr' id='par_1_57' title="bbox 1843 1864 3467 1939">
     <span class='ocr_line' id='line_1_58' title="bbox 1843 1864 3467 1939; baseline -0.002 -19"><span class='ocrx_word' id='word_1_456' title='bbox 1843 1869 2033 1935; x_wconf 87' lang='lat' dir='ltr'>tatem,</span> <span class='ocrx_word' id='word_1_457' title='bbox 2063 1883 2168 1938; x_wconf 89' lang='lat' dir='ltr'>per</span> <span class='ocrx_word' id='word_1_458' title='bbox 2185 1867 2500 1934; x_wconf 88' lang='lat' dir='ltr'>avaritiam,</span> <span class='ocrx_word' id='word_1_459' title='bbox 2524 1867 2850 1939; x_wconf 88' lang='lat' dir='ltr'>supplantat</span> <span class='ocrx_word' id='word_1_460' title='bbox 2869 1865 3178 1932; x_wconf 89' lang='lat' dir='ltr'>iracundia,</span> <span class='ocrx_word' id='word_1_461' title='bbox 3205 1864 3287 1920; x_wconf 85' lang='lat' dir='ltr'>vel</span> <span class='ocrx_word' id='word_1_462' title='bbox 3305 1865 3467 1918; x_wconf 80' lang='lat' dir='ltr'>luxu-</span> 
     </span>
    </p>
   </div>
   <div class='ocr_carea' id='block_1_58' title="bbox 1843 1957 3469 2038">
    <p class='ocr_par' dir='ltr' id='par_1_58' title="bbox 1843 1957 3469 2038">
     <span class='ocr_line' id='line_1_59' title="bbox 1843 1957 3469 2038; baseline 0 -26"><span class='ocrx_word' id='word_1_463' title='bbox 1843 1959 1928 2013; x_wconf 87' lang='lat' dir='ltr'>ria</span> <span class='ocrx_word' id='word_1_464' title='bbox 1971 1959 2228 2032; x_wconf 86' lang='lat' dir='ltr'>inquinat</span> <span class='ocrx_word' id='word_1_465' title='bbox 2273 1977 2287 2014; x_wconf 91' lang='lat'>:</span> <span class='ocrx_word' id='word_1_466' title='bbox 2328 1960 2575 2032; x_wconf 82' lang='lat' dir='ltr'>aliquem</span> <span class='ocrx_word' id='word_1_467' title='bbox 2621 1977 2752 2016; x_wconf 86' lang='lat' dir='ltr'>vero</span> <span class='ocrx_word' id='word_1_468' title='bbox 2801 1965 2866 2038; x_wconf 83' lang='lat' dir='ltr'>ut</span> <span class='ocrx_word' id='word_1_469' title='bbox 2916 1960 3002 2015; x_wconf 89' lang='lat' dir='ltr'>leo</span> <span class='ocrx_word' id='word_1_470' title='bbox 3053 1957 3229 2028; x_wconf 69' lang='lat' dir='ltr'>saevit,</span> <span class='ocrx_word' id='word_1_471' title='bbox 3275 1959 3469 2029; x_wconf 84' lang='lat' dir='ltr'>aperte</span> 
     </span>
    </p>
   </div>
   <div class='ocr_carea' id='block_1_59' title="bbox 1840 2051 3466 2124">
    <p class='ocr_par' dir='ltr' id='par_1_59' title="bbox 1840 2051 3466 2124">
     <span class='ocr_line' id='line_1_60' title="bbox 1840 2051 3466 2124; baseline -0.001 -18"><span class='ocrx_word' id='word_1_472' title='bbox 1840 2052 2198 2124; x_wconf 86' lang='lat' dir='ltr'>persequitur</span> <span class='ocrx_word' id='word_1_473' title='bbox 2224 2052 2536 2120; x_wconf 91' lang='lat' dir='ltr'>hominem,</span> <span class='ocrx_word' id='word_1_474' title='bbox 2569 2053 2713 2108; x_wconf 87' lang='lat' dir='ltr'>sicut</span> <span class='ocrx_word' id='word_1_475' title='bbox 2740 2053 2832 2108; x_wconf 90' lang='lat' dir='ltr'>hic</span> <span class='ocrx_word' id='word_1_476' title='bbox 2859 2051 2991 2106; x_wconf 90' lang='lat' dir='ltr'>dicit</span> <span class='ocrx_word' id='word_1_477' title='bbox 3020 2053 3217 2106; x_wconf 86' lang='lat' dir='ltr'>Petrus</span> <span class='ocrx_word' id='word_1_478' title='bbox 3247 2053 3466 2121; x_wconf 88' lang='lat' dir='ltr'>aposto-</span> 
     </span>
    </p>
   </div>
   <div class='ocr_carea' id='block_1_60' title="bbox 1839 2145 3468 2214">
    <p class='ocr_par' dir='ltr' id='par_1_60' title="bbox 1839 2145 3468 2214">
     <span class='ocr_line' id='line_1_61' title="bbox 1839 2145 3468 2214; baseline 0.001 -16"><span class='ocrx_word' id='word_1_479' title='bbox 1839 2145 1926 2198; x_wconf 89' lang='lat' dir='ltr'>lus</span> <span class='ocrx_word' id='word_1_480' title='bbox 1955 2161 1968 2199; x_wconf 92' lang='lat'><strong>:</strong></span> <span class='ocrx_word' id='word_1_481' title='bbox 1999 2145 2364 2201; x_wconf 81' lang='lat' dir='ltr'>Adversarius</span> <span class='ocrx_word' id='word_1_482' title='bbox 2382 2150 2558 2201; x_wconf 87' lang='lat' dir='ltr'>vester</span> <span class='ocrx_word' id='word_1_483' title='bbox 2571 2147 2818 2200; x_wconf 84' lang='lat' dir='ltr'>diabolus</span> <span class='ocrx_word' id='word_1_484' title='bbox 2841 2149 3102 2214; x_wconf 88' lang='lat' dir='ltr'>tanquam</span> <span class='ocrx_word' id='word_1_485' title='bbox 3128 2145 3205 2199; x_wconf 85' lang='lat' dir='ltr'>leo</span> <span class='ocrx_word' id='word_1_486' title='bbox 3229 2145 3468 2213; x_wconf 84' lang='lat' dir='ltr'>rugiens,</span> 
     </span>
    </p>
   </div>
   <div class='ocr_carea' id='block_1_61' title="bbox 1838 2235 3471 2309">
    <p class='ocr_par' dir='ltr' id='par_1_61' title="bbox 1838 2235 3471 2309">
     <span class='ocr_line' id='line_1_62' title="bbox 1838 2235 3471 2309; baseline -0.001 -18"><span class='ocrx_word' id='word_1_487' title='bbox 1838 2239 2032 2293; x_wconf 85' lang='lat' dir='ltr'>circuit</span> <span class='ocrx_word' id='word_1_488' title='bbox 2063 2254 2306 2308; x_wconf 67' lang='lat' dir='ltr'>quaerens</span> <span class='ocrx_word' id='word_1_489' title='bbox 2347 2255 2504 2309; x_wconf 86' lang='lat' dir='ltr'>quem</span> <span class='ocrx_word' id='word_1_490' title='bbox 2545 2241 2776 2294; x_wconf 88' lang='lat' dir='ltr'>devoret.</span> <span class='ocrx_word' id='word_1_491' title='bbox 2807 2238 3070 2293; x_wconf 87' lang='lat' dir='ltr'>Diabolus</span> <span class='ocrx_word' id='word_1_492' title='bbox 3095 2237 3249 2292; x_wconf 87' lang='lat' dir='ltr'>enim</span> <span class='ocrx_word' id='word_1_493' title='bbox 3273 2235 3471 2292; x_wconf 89' lang='lat' dir='ltr'>circuit</span> 
     </span>
    </p>
   </div>
   <div class='ocr_carea' id='block_1_62' title="bbox 1841 2330 3469 2404">
    <p class='ocr_par' dir='ltr' id='par_1_62' title="bbox 1841 2330 3469 2404">
     <span class='ocr_line' id='line_1_63' title="bbox 1841 2330 3469 2404; baseline -0.001 -20"><span class='ocrx_word' id='word_1_494' title='bbox 1841 2347 2309 2402; x_wconf 87' lang='lat' dir='ltr'>unumquemque</span> <span class='ocrx_word' id='word_1_495' title='bbox 2335 2336 2614 2401; x_wconf 89' lang='lat' dir='ltr'>nostrum,</span> <span class='ocrx_word' id='word_1_496' title='bbox 2631 2331 2976 2404; x_wconf 90' lang='lat' dir='ltr'>prospiciens</span> <span class='ocrx_word' id='word_1_497' title='bbox 3002 2330 3106 2386; x_wconf 91' lang='lat' dir='ltr'>sibi</span> <span class='ocrx_word' id='word_1_498' title='bbox 3123 2330 3343 2386; x_wconf 88' lang='lat' dir='ltr'>aditum</span> <span class='ocrx_word' id='word_1_499' title='bbox 3367 2344 3469 2400; x_wconf 90' lang='lat' dir='ltr'>per</span> 
     </span>
    </p>
   </div>
   <div class='ocr_carea' id='block_1_63' title="bbox 1841 2423 3469 2498">
    <p class='ocr_par' dir='ltr' id='par_1_63' title="bbox 1841 2423 3469 2498">
     <span class='ocr_line' id='line_1_64' title="bbox 1841 2423 3469 2498; baseline -0.002 -20"><span class='ocrx_word' id='word_1_500' title='bbox 1841 2441 2014 2496; x_wconf 88' lang='lat' dir='ltr'>quem</span> <span class='ocrx_word' id='word_1_501' title='bbox 2045 2424 2362 2496; x_wconf 87' lang='lat' dir='ltr'>irrumpere</span> <span class='ocrx_word' id='word_1_502' title='bbox 2387 2426 2580 2498; x_wconf 88' lang='lat' dir='ltr'>possit,</span> <span class='ocrx_word' id='word_1_503' title='bbox 2601 2429 2770 2497; x_wconf 89' lang='lat' dir='ltr'>atque</span> <span class='ocrx_word' id='word_1_504' title='bbox 2798 2424 3076 2496; x_wconf 90' lang='lat' dir='ltr'>decipere,</span> <span class='ocrx_word' id='word_1_505' title='bbox 3098 2423 3156 2478; x_wconf 92' lang='lat' dir='ltr'>in</span> <span class='ocrx_word' id='word_1_506' title='bbox 3180 2439 3294 2495; x_wconf 89' lang='lat' dir='ltr'>qua</span> <span class='ocrx_word' id='word_1_507' title='bbox 3311 2425 3469 2493; x_wconf 88' lang='lat' dir='ltr'>parte</span> 
     </span>
    </p>
   </div>
   <div class='ocr_carea' id='block_1_64' title="bbox 1841 2515 3467 2590">
    <p class='ocr_par' dir='ltr' id='par_1_64' title="bbox 1841 2515 3467 2590">
     <span class='ocr_line' id='line_1_65' title="bbox 1841 2515 3467 2590; baseline -0.002 -18"><span class='ocrx_word' id='word_1_508' title='bbox 1841 2517 1910 2572; x_wconf 93' lang='lat' dir='ltr'>ad</span> <span class='ocrx_word' id='word_1_509' title='bbox 1937 2518 2282 2588; x_wconf 89' lang='lat' dir='ltr'>peccandum</span> <span class='ocrx_word' id='word_1_510' title='bbox 2305 2519 2455 2574; x_wconf 86' lang='lat' dir='ltr'>videt</span> <span class='ocrx_word' id='word_1_511' title='bbox 2481 2535 2601 2574; x_wconf 90' lang='lat' dir='ltr'>esse</span> <span class='ocrx_word' id='word_1_512' title='bbox 2626 2517 3020 2590; x_wconf 86' lang='lat' dir='ltr'>procliviorem</span> <span class='ocrx_word' id='word_1_513' title='bbox 3044 2515 3105 2572; x_wconf 89' lang='lat' dir='ltr'>in</span> <span class='ocrx_word' id='word_1_514' title='bbox 3131 2532 3198 2571; x_wconf 89' lang='lat' dir='ltr'>ea</span> <span class='ocrx_word' id='word_1_515' title='bbox 3223 2515 3467 2586; x_wconf 86' lang='lat' dir='ltr'>amplius</span> 
     </span>
    </p>
   </div>
   <div class='ocr_carea' id='block_1_65' title="bbox 1843 2607 3466 2684">
    <p class='ocr_par' dir='ltr' id='par_1_65' title="bbox 1843 2607 3466 2684">
     <span class='ocr_line' id='line_1_66' title="bbox 1843 2607 3466 2684; baseline -0.001 -21"><span class='ocrx_word' id='word_1_516' title='bbox 1843 2611 2162 2666; x_wconf 86' lang='lat' dir='ltr'>inardescit.</span> <span class='ocrx_word' id='word_1_517' title='bbox 2197 2611 2419 2666; x_wconf 88' lang='lat' dir='ltr'>Scilicet</span> <span class='ocrx_word' id='word_1_518' title='bbox 2449 2616 2547 2667; x_wconf 89' lang='lat' dir='ltr'>aut</span> <span class='ocrx_word' id='word_1_519' title='bbox 2583 2628 2686 2684; x_wconf 90' lang='lat' dir='ltr'>per</span> <span class='ocrx_word' id='word_1_520' title='bbox 2708 2611 3036 2680; x_wconf 75' lang='lat' dir='ltr'>dexteram;</span> <span class='ocrx_word' id='word_1_521' title='bbox 3069 2612 3290 2665; x_wconf 90' lang='lat' dir='ltr'>tentans</span> <span class='ocrx_word' id='word_1_522' title='bbox 3313 2607 3466 2663; x_wconf 90' lang='lat' dir='ltr'>enim</span> 
     </span>
    </p>
   </div>
   <div class='ocr_carea' id='block_1_66' title="bbox 1841 2701 3464 2775">
    <p class='ocr_par' dir='ltr' id='par_1_66' title="bbox 1841 2701 3464 2775">
     <span class='ocr_line' id='line_1_67' title="bbox 1841 2701 3464 2775; baseline -0.001 -19"><span class='ocrx_word' id='word_1_523' title='bbox 1841 2701 2133 2758; x_wconf 90' lang='lat' dir='ltr'>hominem</span> <span class='ocrx_word' id='word_1_524' title='bbox 2159 2702 2218 2758; x_wconf 93' lang='lat' dir='ltr'>in</span> <span class='ocrx_word' id='word_1_525' title='bbox 2243 2705 2463 2775; x_wconf 85' lang='lat' dir='ltr'>majora</span> <span class='ocrx_word' id='word_1_526' title='bbox 2485 2703 2642 2770; x_wconf 89' lang='lat' dir='ltr'>vitia,</span> <span class='ocrx_word' id='word_1_527' title='bbox 2672 2703 2719 2758; x_wconf 90' lang='lat' dir='ltr'>si</span> <span class='ocrx_word' id='word_1_528' title='bbox 2743 2703 2998 2774; x_wconf 89' lang='lat' dir='ltr'>decipere</span> <span class='ocrx_word' id='word_1_529' title='bbox 3032 2719 3148 2757; x_wconf 91' lang='lat' dir='ltr'>non</span> <span class='ocrx_word' id='word_1_530' title='bbox 3179 2701 3464 2773; x_wconf 80' lang='lat' dir='ltr'>praevalet,</span> 
     </span>
    </p>
   </div>
   <div class='ocr_carea' id='block_1_67' title="bbox 1842 2793 3467 2868">
    <p class='ocr_par' dir='ltr' id='par_1_67' title="bbox 1842 2793 3467 2868">
     <span class='ocr_line' id='line_1_68' title="bbox 1842 2793 3467 2868; baseline -0.001 -18"><span class='ocrx_word' id='word_1_531' title='bbox 1842 2795 2062 2850; x_wconf 91' lang='lat' dir='ltr'>minora</span> <span class='ocrx_word' id='word_1_532' title='bbox 2107 2796 2298 2866; x_wconf 88' lang='lat' dir='ltr'>infert,</span> <span class='ocrx_word' id='word_1_533' title='bbox 2345 2801 2402 2852; x_wconf 87' lang='lat' dir='ltr'>et</span> <span class='ocrx_word' id='word_1_534' title='bbox 2452 2797 2521 2852; x_wconf 91' lang='lat' dir='ltr'>de</span> <span class='ocrx_word' id='word_1_535' title='bbox 2561 2797 2712 2852; x_wconf 90' lang='lat' dir='ltr'>bono</span> <span class='ocrx_word' id='word_1_536' title='bbox 2755 2796 2908 2868; x_wconf 90' lang='lat' dir='ltr'>quod</span> <span class='ocrx_word' id='word_1_537' title='bbox 2948 2795 3099 2851; x_wconf 88' lang='lat' dir='ltr'>videt</span> <span class='ocrx_word' id='word_1_538' title='bbox 3142 2793 3467 2866; x_wconf 87' lang='lat' dir='ltr'>superbiam</span> 
     </span>
    </p>
   </div>
   <div class='ocr_carea' id='block_1_68' title="bbox 1842 2886 3464 2962">
    <p class='ocr_par' dir='ltr' id='par_1_68' title="bbox 1842 2886 3464 2962">
     <span class='ocr_line' id='line_1_69' title="bbox 1842 2886 3464 2962; baseline -0.002 -19"><span class='ocrx_word' id='word_1_539' title='bbox 1842 2889 2068 2960; x_wconf 88' lang='lat' dir='ltr'>ingerit,</span> <span class='ocrx_word' id='word_1_540' title='bbox 2085 2889 2238 2944; x_wconf 90' lang='lat' dir='ltr'>utsic</span> <span class='ocrx_word' id='word_1_541' title='bbox 2253 2906 2356 2961; x_wconf 91' lang='lat' dir='ltr'>per</span> <span class='ocrx_word' id='word_1_542' title='bbox 2375 2891 2663 2945; x_wconf 83' lang='lat' dir='ltr'>dexteram</span> <span class='ocrx_word' id='word_1_543' title='bbox 2683 2893 2902 2962; x_wconf 90' lang='lat' dir='ltr'>partem</span> <span class='ocrx_word' id='word_1_544' title='bbox 2921 2888 3292 2960; x_wconf 80' lang='lat' dir='ltr'>ingrediatur.</span> <span class='ocrx_word' id='word_1_545' title='bbox 3304 2886 3464 2954; x_wconf 87' lang='lat' dir='ltr'>Quia,</span> 
     </span>
    </p>
   </div>
   <div class='ocr_carea' id='block_1_69' title="bbox 1842 2979 3469 3055">
    <p class='ocr_par' dir='ltr' id='par_1_69' title="bbox 1842 2979 3469 3055">
     <span class='ocr_line' id='line_1_70' title="bbox 1842 2979 3469 3055; baseline -0.001 -19"><span class='ocrx_word' id='word_1_546' title='bbox 1842 2987 1905 3036; x_wconf 89' lang='lat' dir='ltr'>ut</span> <span class='ocrx_word' id='word_1_547' title='bbox 1929 2982 2045 3037; x_wconf 84' lang='lat' dir='ltr'>dixi</span> <span class='ocrx_word' id='word_1_548' title='bbox 2068 2982 2138 3036; x_wconf 89' lang='lat' dir='ltr'>ab</span> <span class='ocrx_word' id='word_1_549' title='bbox 2165 2982 2344 3054; x_wconf 89' lang='lat' dir='ltr'>initio,</span> <span class='ocrx_word' id='word_1_550' title='bbox 2379 2999 2448 3039; x_wconf 84' lang='lat' dir='ltr'>ex</span> <span class='ocrx_word' id='word_1_551' title='bbox 2474 2999 2586 3055; x_wconf 91' lang='lat' dir='ltr'>quo</span> <span class='ocrx_word' id='word_1_552' title='bbox 2611 2983 2828 3054; x_wconf 89' lang='lat' dir='ltr'>primus</span> <span class='ocrx_word' id='word_1_553' title='bbox 2860 2983 3032 3037; x_wconf 91' lang='lat' dir='ltr'>homo</span> <span class='ocrx_word' id='word_1_554' title='bbox 3051 2982 3240 3054; x_wconf 89' lang='lat' dir='ltr'>justus</span> <span class='ocrx_word' id='word_1_555' title='bbox 3267 2979 3407 3034; x_wconf 83' lang='lat' dir='ltr'>Abel</span> <span class='ocrx_word' id='word_1_556' title='bbox 3435 2995 3469 3034; x_wconf 88' lang='lat' dir='ltr'>a</span> 
     </span>
    </p>
   </div>
   <div class='ocr_carea' id='block_1_70' title="bbox 1857 3075 3469 3148">
    <p class='ocr_par' dir='ltr' id='par_1_70' title="bbox 1857 3075 3469 3148">
     <span class='ocr_line' id='line_1_71' title="bbox 1857 3075 3469 3148; baseline -0.002 -19"><span class='ocrx_word' id='word_1_557' title='bbox 1857 3075 1972 3130; x_wconf 87' lang='lat' dir='ltr'>Can</span> <span class='ocrx_word' id='word_1_558' title='bbox 2004 3075 2176 3132; x_wconf 87' lang='lat' dir='ltr'>fratre</span> <span class='ocrx_word' id='word_1_559' title='bbox 2206 3092 2309 3130; x_wconf 90' lang='lat' dir='ltr'>suo</span> <span class='ocrx_word' id='word_1_560' title='bbox 2339 3093 2442 3148; x_wconf 86' lang='lat' dir='ltr'>per</span> <span class='ocrx_word' id='word_1_561' title='bbox 2465 3076 2736 3131; x_wconf 90' lang='lat' dir='ltr'>invidiam</span> <span class='ocrx_word' id='word_1_562' title='bbox 2765 3080 2848 3132; x_wconf 88' lang='lat' dir='ltr'>est</span> <span class='ocrx_word' id='word_1_563' title='bbox 2873 3076 3267 3147; x_wconf 86' lang='lat' dir='ltr'>interemptus,</span> <span class='ocrx_word' id='word_1_564' title='bbox 3288 3088 3469 3144; x_wconf 88' lang='lat' dir='ltr'>usque</span> 
     </span>
    </p>
   </div>
   <div class='ocr_carea' id='block_1_71' title="bbox 1842 3167 3465 3242">
    <p class='ocr_par' dir='ltr' id='par_1_71' title="bbox 1842 3167 3465 3242">
     <span class='ocr_line' id='line_1_72' title="bbox 1842 3167 3465 3242; baseline -0.001 -20"><span class='ocrx_word' id='word_1_565' title='bbox 1842 3168 1914 3222; x_wconf 90' lang='lat' dir='ltr'>ad</span> <span class='ocrx_word' id='word_1_566' title='bbox 1943 3168 2213 3223; x_wconf 88' lang='lat' dir='ltr'>ultimum</span> <span class='ocrx_word' id='word_1_567' title='bbox 2240 3173 2516 3239; x_wconf 88' lang='lat' dir='ltr'>sanctum,</span> <span class='ocrx_word' id='word_1_568' title='bbox 2547 3170 2646 3242; x_wconf 89' lang='lat' dir='ltr'>qui</span> <span class='ocrx_word' id='word_1_569' title='bbox 2683 3170 2742 3224; x_wconf 93' lang='lat' dir='ltr'>in</span> <span class='ocrx_word' id='word_1_570' title='bbox 2783 3169 2957 3224; x_wconf 87' lang='lat' dir='ltr'>ﬁnem</span> <span class='ocrx_word' id='word_1_571' title='bbox 3003 3167 3318 3223; x_wconf 88' lang='lat' dir='ltr'>nasciturus</span> <span class='ocrx_word' id='word_1_572' title='bbox 3362 3168 3465 3234; x_wconf 87' lang='lat' dir='ltr'>est,</span> 
     </span>
    </p>
   </div>
   <div class='ocr_carea' id='block_1_72' title="bbox 1841 3260 3468 3332">
    <p class='ocr_par' dir='ltr' id='par_1_72' title="bbox 1841 3260 3468 3332">
     <span class='ocr_line' id='line_1_73' title="bbox 1841 3260 3468 3332; baseline -0.002 -17"><span class='ocrx_word' id='word_1_573' title='bbox 1841 3260 2092 3315; x_wconf 89' lang='lat' dir='ltr'>diabolus</span> <span class='ocrx_word' id='word_1_574' title='bbox 2139 3262 2399 3332; x_wconf 88' lang='lat' dir='ltr'>persequi</span> <span class='ocrx_word' id='word_1_575' title='bbox 2444 3277 2559 3316; x_wconf 91' lang='lat' dir='ltr'>non</span> <span class='ocrx_word' id='word_1_576' title='bbox 2597 3266 2791 3316; x_wconf 85' lang='lat' dir='ltr'>cessat.</span> <span class='ocrx_word' id='word_1_577' title='bbox 2829 3263 2928 3317; x_wconf 83' lang='lat' dir='ltr'>Cm</span> <span class='ocrx_word' id='word_1_578' title='bbox 2965 3276 3236 3316; x_wconf 80' lang='lat' dir='ltr'>RESISTITE</span> <span class='ocrx_word' id='word_1_579' title='bbox 3276 3274 3468 3315; x_wconf 74' lang='lat' dir='ltr'>rom-es</span> 
     </span>
    </p>
   </div>
   <div class='ocr_carea' id='block_1_73' title="bbox 1843 3352 3468 3425">
    <p class='ocr_par' dir='ltr' id='par_1_73' title="bbox 1843 3352 3468 3425">
     <span class='ocr_line' id='line_1_74' title="bbox 1843 3352 3468 3425; baseline -0.001 -18"><span class='ocrx_word' id='word_1_580' title='bbox 1843 3369 1894 3408; x_wconf 76' lang='lat' dir='ltr'>IN</span> <span class='ocrx_word' id='word_1_581' title='bbox 1927 3369 2066 3408; x_wconf 81' lang='lat' dir='ltr'>FIDE.</span> <span class='ocrx_word' id='word_1_582' title='bbox 2099 3353 2403 3408; x_wconf 85' lang='lat' dir='ltr'>lmitamini</span> <span class='ocrx_word' id='word_1_583' title='bbox 2429 3369 2566 3425; x_wconf 90' lang='lat' dir='ltr'>ergo</span> <span class='ocrx_word' id='word_1_584' title='bbox 2589 3355 2898 3424; x_wconf 87' lang='lat' dir='ltr'>Christum,</span> <span class='ocrx_word' id='word_1_585' title='bbox 2921 3353 3017 3424; x_wconf 89' lang='lat' dir='ltr'>qui</span> <span class='ocrx_word' id='word_1_586' title='bbox 3044 3352 3328 3408; x_wconf 90' lang='lat' dir='ltr'>diabolum</span> <span class='ocrx_word' id='word_1_587' title='bbox 3348 3356 3468 3406; x_wconf 90' lang='lat' dir='ltr'>ten-</span> 
     </span>
    </p>
   </div>
   <div class='ocr_carea' id='block_1_74' title="bbox 1841 3443 3463 3518">
    <p class='ocr_par' dir='ltr' id='par_1_74' title="bbox 1841 3443 3463 3518">
     <span class='ocr_line' id='line_1_75' title="bbox 1841 3443 3463 3518; baseline -0.002 -17"><span class='ocrx_word' id='word_1_588' title='bbox 1841 3451 2078 3501; x_wconf 87' lang='lat' dir='ltr'>tatorem</span> <span class='ocrx_word' id='word_1_589' title='bbox 2105 3445 2161 3500; x_wconf 92' lang='lat' dir='ltr'>in</span> <span class='ocrx_word' id='word_1_590' title='bbox 2189 3446 2410 3502; x_wconf 87' lang='lat' dir='ltr'>deserto</span> <span class='ocrx_word' id='word_1_591' title='bbox 2439 3447 2587 3502; x_wconf 85' lang='lat' dir='ltr'>vicit.</span> <span class='ocrx_word' id='word_1_592' title='bbox 2621 3448 2686 3501; x_wconf 88' lang='lat' dir='ltr'>Et</span> <span class='ocrx_word' id='word_1_593' title='bbox 2712 3452 2866 3516; x_wconf 90' lang='lat' dir='ltr'>nota,</span> <span class='ocrx_word' id='word_1_594' title='bbox 2897 3446 3029 3518; x_wconf 88' lang='lat' dir='ltr'>quia</span> <span class='ocrx_word' id='word_1_595' title='bbox 3061 3461 3190 3500; x_wconf 89' lang='lat' dir='ltr'>cum</span> <span class='ocrx_word' id='word_1_596' title='bbox 3221 3443 3463 3512; x_wconf 37' lang='lat' dir='ltr'>dicitOre-</span> 
     </span>
    </p>
   </div>
   <div class='ocr_carea' id='block_1_75' title="bbox 1837 3536 3466 3610">
    <p class='ocr_par' dir='ltr' id='par_1_75' title="bbox 1837 3536 3466 3610">
     <span class='ocr_line' id='line_1_76' title="bbox 1837 3536 3466 3610; baseline -0.002 -17"><span class='ocrx_word' id='word_1_597' title='bbox 1837 3542 2026 3603; x_wconf 81' lang='lat' dir='ltr'>sistite,</span> <span class='ocrx_word' id='word_1_598' title='bbox 2057 3539 2271 3594; x_wconf 87' lang='lat' dir='ltr'>addidit</span> <span class='ocrx_word' id='word_1_599' title='bbox 2306 3542 2365 3593; x_wconf 88' lang='lat' dir='ltr'>in</span> <span class='ocrx_word' id='word_1_600' title='bbox 2406 3541 2531 3609; x_wconf 81' lang='lat' dir='ltr'>ﬁde,</span> <span class='ocrx_word' id='word_1_601' title='bbox 2561 3540 2695 3610; x_wconf 86' lang='lat' dir='ltr'>quia</span> <span class='ocrx_word' id='word_1_602' title='bbox 2721 3539 2882 3594; x_wconf 90' lang='lat' dir='ltr'>nulla</span> <span class='ocrx_word' id='word_1_603' title='bbox 2919 3539 3096 3593; x_wconf 87' lang='lat' dir='ltr'>virtus</span> <span class='ocrx_word' id='word_1_604' title='bbox 3140 3538 3217 3592; x_wconf 90' lang='lat' dir='ltr'>sic</span> <span class='ocrx_word' id='word_1_605' title='bbox 3257 3536 3466 3608; x_wconf 87' lang='lat' dir='ltr'>poterit</span> 
     </span>
    </p>
   </div>
   <div class='ocr_carea' id='block_1_76' title="bbox 1839 3629 3464 3704">
    <p class='ocr_par' dir='ltr' id='par_1_76' title="bbox 1839 3629 3464 3704">
     <span class='ocr_line' id='line_1_77' title="bbox 1839 3629 3464 3704; baseline -0.003 -17"><span class='ocrx_word' id='word_1_606' title='bbox 1839 3632 2125 3688; x_wconf 87' lang='lat' dir='ltr'>diabolum</span> <span class='ocrx_word' id='word_1_607' title='bbox 2154 3633 2747 3704; x_wconf 86' lang='lat' dir='ltr'>prostrare&#39;quomodo</span> <span class='ocrx_word' id='word_1_608' title='bbox 2776 3633 2914 3688; x_wconf 80' lang='lat' dir='ltr'>ﬁdes</span> <span class='ocrx_word' id='word_1_609' title='bbox 2945 3631 3218 3703; x_wconf 86' lang='lat' dir='ltr'>perfecta,</span> <span class='ocrx_word' id='word_1_610' title='bbox 3252 3629 3321 3685; x_wconf 93' lang='lat' dir='ltr'>de</span> <span class='ocrx_word' id='word_1_611' title='bbox 3349 3646 3464 3700; x_wconf 89' lang='lat' dir='ltr'>qua</span> 
     </span>
    </p>
   </div>
   <div class='ocr_carea' id='block_1_77' title="bbox 1839 3724 3461 3796">
    <p class='ocr_par' dir='ltr' id='par_1_77' title="bbox 1839 3724 3461 3796">
     <span class='ocr_line' id='line_1_78' title="bbox 1839 3724 3461 3796; baseline -0.002 -16"><span class='ocrx_word' id='word_1_612' title='bbox 1839 3726 2111 3781; x_wconf 90' lang='lat' dir='ltr'>Dominus</span> <span class='ocrx_word' id='word_1_613' title='bbox 2145 3743 2159 3780; x_wconf 88' lang='lat'><strong>:</strong></span> <span class='ocrx_word' id='word_1_614' title='bbox 2193 3726 2254 3781; x_wconf 88' lang='lat' dir='ltr'>Si</span> <span class='ocrx_word' id='word_1_615' title='bbox 2275 3727 2539 3782; x_wconf 83' lang='lat' dir='ltr'>haberetis</span> <span class='ocrx_word' id='word_1_616' title='bbox 2561 3727 2721 3796; x_wconf 78' lang='lat' dir='ltr'>ﬁdem</span> <span class='ocrx_word' id='word_1_617' title='bbox 2754 3731 2814 3782; x_wconf 84' lang='lat' dir='ltr'>ut</span> <span class='ocrx_word' id='word_1_618' title='bbox 2849 3742 3078 3794; x_wconf 85' lang='lat' dir='ltr'>granum</span> <span class='ocrx_word' id='word_1_619' title='bbox 3128 3726 3336 3794; x_wconf 85' lang='lat' dir='ltr'>sinapis</span> <span class='ocrx_word' id='word_1_620' title='bbox 3373 3724 3461 3777; x_wconf 89' lang='lat' dir='ltr'>di-</span> 
     </span>
    </p>
   </div>
   <div class='ocr_carea' id='block_1_78' title="bbox 1837 3819 3108 3882">
    <p class='ocr_par' dir='ltr' id='par_1_78' title="bbox 1837 3819 3108 3882">
     <span class='ocr_line' id='line_1_79' title="bbox 1837 3819 3108 3882; baseline 0 -8"><span class='ocrx_word' id='word_1_621' title='bbox 1837 3822 2020 3875; x_wconf 88' lang='lat' dir='ltr'>ceretis</span> <span class='ocrx_word' id='word_1_622' title='bbox 2046 3821 2168 3874; x_wconf 87' lang='lat' dir='ltr'>huic</span> <span class='ocrx_word' id='word_1_623' title='bbox 2187 3822 2370 3881; x_wconf 86' lang='lat' dir='ltr'>monti,</span> <span class='ocrx_word' id='word_1_624' title='bbox 2401 3822 2656 3882; x_wconf 84' lang='lat' dir='ltr'>transire,</span> <span class='ocrx_word' id='word_1_625' title='bbox 2683 3819 2920 3875; x_wconf 85' lang='lat' dir='ltr'>obcdiret</span> <span class='ocrx_word' id='word_1_626' title='bbox 2942 3819 3108 3874; x_wconf 86' lang='lat' dir='ltr'>vobis.</span> 
     </span>
    </p>
   </div>
   <div class='ocr_carea' id='block_1_79' title="bbox 1908 3913 3460 3976">
    <p class='ocr_par' dir='ltr' id='par_1_79' title="bbox 1908 3913 3460 3976">
     <span class='ocr_line' id='line_1_80' title="bbox 1908 3913 3460 3976; baseline -0.003 -8"><span class='ocrx_word' id='word_1_627' title='bbox 1908 3913 2168 3970; x_wconf 78' lang='lat' dir='ltr'>SCIENTES</span> <span class='ocrx_word' id='word_1_628' title='bbox 2202 3929 2419 3968; x_wconf 75' lang='lat' dir='ltr'>EAMDEM</span> <span class='ocrx_word' id='word_1_629' title='bbox 2455 3928 2756 3969; x_wconf 73' lang='lat' dir='ltr'>PASSIONEM</span> <span class='ocrx_word' id='word_1_630' title='bbox 2793 3930 2841 3968; x_wconf 82' lang='grc' dir='ltr'>Εἰ</span> <span class='ocrx_word' id='word_1_631' title='bbox 2875 3929 2994 3976; x_wconf 61' lang='lat' dir='ltr'>QUAE</span> <span class='ocrx_word' id='word_1_632' title='bbox 3032 3929 3086 3969; x_wconf 72' lang='lat' dir='ltr'><strong>IN</strong></span> <span class='ocrx_word' id='word_1_633' title='bbox 3121 3927 3305 3967; x_wconf 68' lang='lat' dir='ltr'>IUNDO</span> <span class='ocrx_word' id='word_1_634' title='bbox 3349 3927 3460 3974; x_wconf 80' lang='lat' dir='ltr'>EST,</span> 
     </span>
    </p>
   </div>
   <div class='ocr_carea' id='block_1_80' title="bbox 1836 4004 3462 4077">
    <p class='ocr_par' dir='ltr' id='par_1_80' title="bbox 1836 4004 3462 4077">
     <span class='ocr_line' id='line_1_81' title="bbox 1836 4004 3462 4077; baseline -0.002 -16"><span class='ocrx_word' id='word_1_635' title='bbox 1836 4023 2046 4062; x_wconf 64' lang='lat' dir='ltr'>vesraaa</span> <span class='ocrx_word' id='word_1_636' title='bbox 2109 4023 2520 4063; x_wconf 75' lang='lat' dir='ltr'>FRATEBNITATIS</span> <span class='ocrx_word' id='word_1_637' title='bbox 2582 4023 2744 4062; x_wconf 82' lang='lat' dir='ltr'>FIERI.</span> <span class='ocrx_word' id='word_1_638' title='bbox 2814 4006 3082 4062; x_wconf 87' lang='lat' dir='ltr'>Eamdem</span> <span class='ocrx_word' id='word_1_639' title='bbox 3144 4004 3462 4077; x_wconf 88' lang='lat' dir='ltr'>passionem</span> 
     </span>
    </p>
   </div>
   <div class='ocr_carea' id='block_1_81' title="bbox 1839 4098 3468 4172">
    <p class='ocr_par' dir='ltr' id='par_1_81' title="bbox 1839 4098 3468 4172">
     <span class='ocr_line' id='line_1_82' title="bbox 1839 4098 3468 4172; baseline 0 -19"><span class='ocrx_word' id='word_1_640' title='bbox 1839 4099 1976 4154; x_wconf 87' lang='lat' dir='ltr'>dicit</span> <span class='ocrx_word' id='word_1_641' title='bbox 1998 4100 2059 4155; x_wconf 88' lang='lat' dir='ltr'>in</span> <span class='ocrx_word' id='word_1_642' title='bbox 2084 4101 2318 4168; x_wconf 89' lang='lat' dir='ltr'>mundo,</span> <span class='ocrx_word' id='word_1_643' title='bbox 2341 4100 2550 4155; x_wconf 86' lang='lat' dir='ltr'>scilicet</span> <span class='ocrx_word' id='word_1_644' title='bbox 2579 4117 2751 4172; x_wconf 88' lang='lat' dir='ltr'>quam</span> <span class='ocrx_word' id='word_1_645' title='bbox 2783 4099 3039 4154; x_wconf 88' lang='lat' dir='ltr'>universa</span> <span class='ocrx_word' id='word_1_646' title='bbox 3058 4099 3269 4170; x_wconf 88' lang='lat' dir='ltr'>patitur</span> <span class='ocrx_word' id='word_1_647' title='bbox 3288 4098 3468 4153; x_wconf 86' lang='lat' dir='ltr'>Eccle-</span> 
     </span>
    </p>
   </div>
   <div class='ocr_carea' id='block_1_82' title="bbox 1839 4191 3467 4264">
    <p class='ocr_par' dir='ltr' id='par_1_82' title="bbox 1839 4191 3467 4264">
     <span class='ocr_line' id='line_1_83' title="bbox 1839 4191 3467 4264; baseline -0.001 -17"><span class='ocrx_word' id='word_1_648' title='bbox 1839 4194 1938 4248; x_wconf 91' lang='lat' dir='ltr'>sia.</span> <span class='ocrx_word' id='word_1_649' title='bbox 1970 4193 2165 4248; x_wconf 86' lang='lat' dir='ltr'>Nullus</span> <span class='ocrx_word' id='word_1_650' title='bbox 2192 4193 2346 4248; x_wconf 89' lang='lat' dir='ltr'>enim</span> <span class='ocrx_word' id='word_1_651' title='bbox 2377 4193 2558 4250; x_wconf 82' lang='lat' dir='ltr'>ﬁdelis</span> <span class='ocrx_word' id='word_1_652' title='bbox 2583 4194 2644 4249; x_wconf 89' lang='lat' dir='ltr'>in</span> <span class='ocrx_word' id='word_1_653' title='bbox 2681 4194 2896 4249; x_wconf 88' lang='lat' dir='ltr'>mundo</span> <span class='ocrx_word' id='word_1_654' title='bbox 2930 4196 3034 4263; x_wconf 88' lang='lat' dir='ltr'>est,</span> <span class='ocrx_word' id='word_1_655' title='bbox 3069 4193 3169 4264; x_wconf 89' lang='lat' dir='ltr'>qui</span> <span class='ocrx_word' id='word_1_656' title='bbox 3210 4191 3467 4247; x_wconf 89' lang='lat' dir='ltr'>bravium</span> 
     </span>
    </p>
   </div>
   <div class='ocr_carea' id='block_1_83' title="bbox 1838 4285 3465 4358">
    <p class='ocr_par' dir='ltr' id='par_1_83' title="bbox 1838 4285 3465 4358">
     <span class='ocr_line' id='line_1_84' title="bbox 1838 4285 3465 4358; baseline 0 -18"><span class='ocrx_word' id='word_1_657' title='bbox 1838 4287 1964 4342; x_wconf 58' lang='lat' dir='ltr'>vita</span> <span class='ocrx_word' id='word_1_658' title='bbox 2007 4293 2234 4343; x_wconf 63' lang='lat' dir='ltr'>ueterum</span> <span class='ocrx_word' id='word_1_659' title='bbox 2277 4288 2563 4358; x_wconf 88' lang='lat' dir='ltr'>percipere</span> <span class='ocrx_word' id='word_1_660' title='bbox 2605 4288 2812 4358; x_wconf 89' lang='lat' dir='ltr'>cupiat,</span> <span class='ocrx_word' id='word_1_661' title='bbox 2845 4291 2906 4342; x_wconf 89' lang='lat' dir='ltr'>ut</span> <span class='ocrx_word' id='word_1_662' title='bbox 2939 4287 3059 4341; x_wconf 88' lang='lat' dir='ltr'>sine</span> <span class='ocrx_word' id='word_1_663' title='bbox 3099 4286 3353 4358; x_wconf 88' lang='lat' dir='ltr'>passione</span> <span class='ocrx_word' id='word_1_664' title='bbox 3397 4285 3465 4340; x_wconf 87' lang='lat' dir='ltr'>ad</span> 
     </span>
    </p>
   </div>
   <div class='ocr_carea' id='block_1_84' title="bbox 1838 4380 3462 4452">
    <p class='ocr_par' dir='ltr' id='par_1_84' title="bbox 1838 4380 3462 4452">
     <span class='ocr_line' id='line_1_85' title="bbox 1838 4380 3462 4452; baseline -0.001 -19"><span class='ocrx_word' id='word_1_665' title='bbox 1838 4385 2066 4451; x_wconf 79' lang='lat' dir='ltr'>portum</span> <span class='ocrx_word' id='word_1_666' title='bbox 2095 4382 2387 4452; x_wconf 86' lang='lat' dir='ltr'>pervenire</span> <span class='ocrx_word' id='word_1_667' title='bbox 2413 4381 2604 4452; x_wconf 88' lang='lat' dir='ltr'>possit,</span> <span class='ocrx_word' id='word_1_668' title='bbox 2635 4381 2800 4451; x_wconf 80' lang='lat' dir='ltr'>juxta</span> <span class='ocrx_word' id='word_1_669' title='bbox 2837 4380 2988 4452; x_wconf 89' lang='lat' dir='ltr'>quod</span> <span class='ocrx_word' id='word_1_670' title='bbox 3027 4380 3295 4450; x_wconf 90' lang='lat' dir='ltr'>scriptum</span> <span class='ocrx_word' id='word_1_671' title='bbox 3337 4381 3462 4432; x_wconf 86' lang='lat' dir='ltr'>est:</span> 
     </span>
    </p>
   </div>
   <div class='ocr_carea' id='block_1_85' title="bbox 1839 4473 3468 4542">
    <p class='ocr_par' dir='ltr' id='par_1_85' title="bbox 1839 4473 3468 4542">
     <span class='ocr_line' id='line_1_86' title="bbox 1839 4473 3468 4542; baseline -0.003 -12"><span class='ocrx_word' id='word_1_672' title='bbox 1839 4475 2024 4530; x_wconf 61' lang='lat' dir='ltr'>Multa</span> <span class='ocrx_word' id='word_1_673' title='bbox 2049 4475 2420 4528; x_wconf 85' lang='lat' dir='ltr'>tribulationes</span> <span class='ocrx_word' id='word_1_674' title='bbox 2434 4475 2730 4542; x_wconf 86' lang='lat' dir='ltr'>justorum,</span> <span class='ocrx_word' id='word_1_675' title='bbox 2747 4479 2797 4528; x_wconf 91' lang='lat' dir='ltr'>et</span> <span class='ocrx_word' id='word_1_676' title='bbox 2815 4475 2880 4527; x_wconf 87' lang='lat' dir='ltr'>de</span> <span class='ocrx_word' id='word_1_677' title='bbox 2901 4477 2984 4528; x_wconf 82' lang='lat' dir='ltr'>his</span> <span class='ocrx_word' id='word_1_678' title='bbox 3009 4474 3250 4528; x_wconf 86' lang='lat' dir='ltr'>omnibus</span> <span class='ocrx_word' id='word_1_679' title='bbox 3277 4473 3468 4526; x_wconf 87' lang='lat' dir='ltr'>libera-</span> 
     </span>
    </p>
   </div>
   <div class='ocr_carea' id='block_1_86' title="bbox 1839 4565 3468 4644">
    <p class='ocr_par' dir='ltr' id='par_1_86' title="bbox 1839 4565 3468 4644">
     <span class='ocr_line' id='line_1_87' title="bbox 1839 4565 3468 4644; baseline -0.002 -23"><span class='ocrx_word' id='word_1_680' title='bbox 1839 4571 1917 4621; x_wconf 85' lang='lat' dir='ltr'>vit</span> <span class='ocrx_word' id='word_1_681' title='bbox 1943 4583 2044 4622; x_wconf 88' lang='lat' dir='ltr'>eos.</span> <span class='ocrx_word' id='word_1_682' title='bbox 2085 4569 2153 4622; x_wconf 86' lang='lat' dir='ltr'>Et</span> <span class='ocrx_word' id='word_1_683' title='bbox 2183 4567 2327 4635; x_wconf 89' lang='lat' dir='ltr'>ideo,</span> <span class='ocrx_word' id='word_1_684' title='bbox 2360 4567 2404 4620; x_wconf 84' lang='lat' dir='ltr'>si</span> <span class='ocrx_word' id='word_1_685' title='bbox 2430 4566 2704 4644; x_wconf 75' lang='lat' dir='ltr'>fuerimus</span> <span class='ocrx_word' id='word_1_686' title='bbox 2734 4566 2864 4620; x_wconf 90' lang='lat' dir='ltr'>socii</span> <span class='ocrx_word' id='word_1_687' title='bbox 2897 4565 3188 4637; x_wconf 88' lang='lat' dir='ltr'>passionis,</span> <span class='ocrx_word' id='word_1_688' title='bbox 3219 4565 3384 4619; x_wconf 91' lang='lat' dir='ltr'>simul</span> <span class='ocrx_word' id='word_1_689' title='bbox 3410 4568 3468 4618; x_wconf 86' lang='lat' dir='ltr'>et</span> 
     </span>
    </p>
   </div>
   <div class='ocr_carea' id='block_1_87' title="bbox 1839 4659 3469 4721">
    <p class='ocr_par' dir='ltr' id='par_1_87' title="bbox 1839 4659 3469 4721">
     <span class='ocr_line' id='line_1_88' title="bbox 1839 4659 3469 4721; baseline -0.002 -7"><span class='ocrx_word' id='word_1_690' title='bbox 1839 4659 2263 4714; x_wconf 84' lang='lat' dir='ltr'>resurrectionis</span> <span class='ocrx_word' id='word_1_691' title='bbox 2289 4659 2518 4714; x_wconf 90' lang='lat' dir='ltr'>erimus.</span> <span class='ocrx_word' id='word_1_692' title='bbox 2541 4661 2608 4713; x_wconf 87' lang='lat' dir='ltr'>Et</span> <span class='ocrx_word' id='word_1_693' title='bbox 2625 4659 2756 4713; x_wconf 88' lang='lat' dir='ltr'>alibi</span> <span class='ocrx_word' id='word_1_694' title='bbox 2788 4675 2802 4713; x_wconf 89' lang='lat'><strong>:</strong></span> <span class='ocrx_word' id='word_1_695' title='bbox 2829 4662 2951 4718; x_wconf 89' lang='lat' dir='ltr'>Non</span> <span class='ocrx_word' id='word_1_696' title='bbox 2979 4659 3342 4721; x_wconf 86' lang='lat' dir='ltr'>coronabitur,</span> <span class='ocrx_word' id='word_1_697' title='bbox 3359 4659 3469 4712; x_wconf 86' lang='lat' dir='ltr'>nisi</span> 
     </span>
    </p>
   </div>
   <div class='ocr_carea' id='block_1_88' title="bbox 1838 4752 3467 4824">
    <p class='ocr_par' dir='ltr' id='par_1_88' title="bbox 1838 4752 3467 4824">
     <span class='ocr_line' id='line_1_89' title="bbox 1838 4752 3467 4824; baseline -0.001 -17"><span class='ocrx_word' id='word_1_698' title='bbox 1838 4755 1936 4824; x_wconf 88' lang='lat' dir='ltr'>qui</span> <span class='ocrx_word' id='word_1_699' title='bbox 1977 4754 2208 4820; x_wconf 85' lang='lat' dir='ltr'>legitime</span> <span class='ocrx_word' id='word_1_700' title='bbox 2249 4754 2550 4808; x_wconf 86' lang='lat' dir='ltr'>certaverit.</span> <span class='ocrx_word' id='word_1_701' title='bbox 2612 4753 2678 4807; x_wconf 86' lang='lat' dir='ltr'>Et</span> <span class='ocrx_word' id='word_1_702' title='bbox 2722 4753 2924 4808; x_wconf 88' lang='lat' dir='ltr'>Paulus</span> <span class='ocrx_word' id='word_1_703' title='bbox 2963 4752 3290 4824; x_wconf 89' lang='lat' dir='ltr'>apostolus:</span> <span class='ocrx_word' id='word_1_704' title='bbox 3321 4754 3467 4806; x_wconf 82' lang='lat' dir='ltr'>Foris</span> 
     </span>
    </p>
   </div>
   <div class='ocr_carea' id='block_1_89' title="bbox 1833 4845 3468 4917">
    <p class='ocr_par' dir='ltr' id='par_1_89' title="bbox 1833 4845 3468 4917">
     <span class='ocr_line' id='line_1_90' title="bbox 1833 4845 3468 4917; baseline -0.001 -16"><span class='ocrx_word' id='word_1_705' title='bbox 1833 4863 2051 4917; x_wconf 66' lang='lat' dir='ltr'>pugna,</span> <span class='ocrx_word' id='word_1_706' title='bbox 2099 4849 2245 4901; x_wconf 85' lang='lat' dir='ltr'>intus</span> <span class='ocrx_word' id='word_1_707' title='bbox 2289 4849 2520 4900; x_wconf 86' lang='lat' dir='ltr'>timores.</span> <span class='ocrx_word' id='word_1_708' title='bbox 2571 4848 2827 4901; x_wconf 80' lang='lat' dir='ltr'>Attamen</span> <span class='ocrx_word' id='word_1_709' title='bbox 2869 4863 2977 4900; x_wconf 88' lang='lat' dir='ltr'>non</span> <span class='ocrx_word' id='word_1_710' title='bbox 3019 4851 3146 4902; x_wconf 88' lang='lat' dir='ltr'>sunt</span> <span class='ocrx_word' id='word_1_711' title='bbox 3189 4845 3468 4912; x_wconf 63' lang='lat' dir='ltr'>condigna</span> 
     </span>
    </p>
   </div>
   <div class='ocr_carea' id='block_1_90' title="bbox 1837 4940 3468 5010">
    <p class='ocr_par' dir='ltr' id='par_1_90' title="bbox 1837 4940 3468 5010">
     <span class='ocr_line' id='line_1_91' title="bbox 1837 4940 3468 5010; baseline -0.001 -16"><span class='ocrx_word' id='word_1_712' title='bbox 1837 4942 2111 5010; x_wconf 88' lang='lat' dir='ltr'>passiones</span> <span class='ocrx_word' id='word_1_713' title='bbox 2135 4940 2291 5009; x_wconf 86' lang='lat' dir='ltr'>hujus</span> <span class='ocrx_word' id='word_1_714' title='bbox 2319 4941 2570 5009; x_wconf 75' lang='lat' dir='ltr'>temporis</span> <span class='ocrx_word' id='word_1_715' title='bbox 2597 4940 2672 4994; x_wconf 70' lang='lat' dir='ltr'>ad</span> <span class='ocrx_word' id='word_1_716' title='bbox 2693 4942 2942 5008; x_wconf 80' lang='lat' dir='ltr'>futuram</span> <span class='ocrx_word' id='word_1_717' title='bbox 2966 4940 3216 5006; x_wconf 84' lang='lat' dir='ltr'>gloriam,</span> <span class='ocrx_word' id='word_1_718' title='bbox 3244 4955 3364 5008; x_wconf 72' lang='lat' dir='ltr'>qua:</span> <span class='ocrx_word' id='word_1_719' title='bbox 3389 4955 3468 4992; x_wconf 87' lang='lat' dir='ltr'>re-</span> 
     </span>
    </p>
   </div>
   <div class='ocr_carea' id='block_1_91' title="bbox 1837 5033 3467 5099">
    <p class='ocr_par' dir='ltr' id='par_1_91' title="bbox 1837 5033 3467 5099">
     <span class='ocr_line' id='line_1_92' title="bbox 1837 5033 3467 5099; baseline -0.001 -11"><span class='ocrx_word' id='word_1_720' title='bbox 1837 5035 2104 5088; x_wconf 80' lang='lat' dir='ltr'>velabitur</span> <span class='ocrx_word' id='word_1_721' title='bbox 2123 5035 2181 5088; x_wconf 87' lang='lat' dir='ltr'>in</span> <span class='ocrx_word' id='word_1_722' title='bbox 2199 5033 2368 5089; x_wconf 85' lang='lat' dir='ltr'>nobis.</span> <span class='ocrx_word' id='word_1_723' title='bbox 2403 5035 2542 5088; x_wconf 73' lang='lat' dir='ltr'>Deus</span> <span class='ocrx_word' id='word_1_724' title='bbox 2580 5049 2755 5090; x_wconf 70' lang='lat' dir='ltr'><strong>AUTEM</strong></span> <span class='ocrx_word' id='word_1_725' title='bbox 2794 5049 2960 5088; x_wconf 76' lang='lat' dir='ltr'>oums</span> <span class='ocrx_word' id='word_1_726' title='bbox 3001 5049 3225 5099; x_wconf 62' lang='grc' dir='ltr'>ουτως,</span> <span class='ocrx_word' id='word_1_727' title='bbox 3259 5048 3350 5096; x_wconf 79' lang='lat' dir='ltr'>om</span> <span class='ocrx_word' id='word_1_728' title='bbox 3379 5049 3467 5087; x_wconf 84' lang='lat' dir='ltr'>vo-</span> 
     </span>
    </p>
   </div>
   <div class='ocr_carea' id='block_1_92' title="bbox 1841 5129 3466 5183">
    <p class='ocr_par' dir='ltr' id='par_1_92' title="bbox 1841 5129 3466 5183">
     <span class='ocr_line' id='line_1_93' title="bbox 1841 5129 3466 5183; baseline -0.001 0"><span class='ocrx_word' id='word_1_729' title='bbox 1841 5143 1996 5183; x_wconf 75' lang='lat' dir='ltr'><strong>CAVIT</strong></span> <span class='ocrx_word' id='word_1_730' title='bbox 2031 5143 2133 5182; x_wconf 80' lang='lat' dir='ltr'>NUS</span> <span class='ocrx_word' id='word_1_731' title='bbox 2168 5144 2220 5182; x_wconf 75' lang='lat' dir='ltr'><strong>IN</strong></span> <span class='ocrx_word' id='word_1_732' title='bbox 2248 5142 2504 5182; x_wconf 70' lang='lat' dir='ltr'>IETERNAH</span> <span class='ocrx_word' id='word_1_733' title='bbox 2541 5143 2682 5183; x_wconf 81' lang='lat' dir='ltr'>SUAM</span> <span class='ocrx_word' id='word_1_734' title='bbox 2720 5143 2952 5182; x_wconf 73' lang='lat' dir='ltr'>GRATIAM</span> <span class='ocrx_word' id='word_1_735' title='bbox 2983 5144 3034 5182; x_wconf 82' lang='grc' dir='ltr'>ΙΝ</span> <span class='ocrx_word' id='word_1_736' title='bbox 3073 5142 3301 5183; x_wconf 79' lang='lat' dir='ltr'>CHRISTO</span> <span class='ocrx_word' id='word_1_737' title='bbox 3338 5129 3466 5181; x_wconf 68' lang='lat' dir='ltr'>JESU</span> 
     </span>
    </p>
   </div>
   <div class='ocr_carea' id='block_1_93' title="bbox 112 5217 3466 5295">
    <p class='ocr_par' dir='ltr' id='par_1_93' title="bbox 112 5217 3466 5295">
     <span class='ocr_line' id='line_1_94' title="bbox 112 5217 3466 5295; baseline 0 -22"><span class='ocrx_word' id='word_1_738' title='bbox 112 5240 203 5276; x_wconf 75' lang='lat' dir='ltr'>nos</span> <span class='ocrx_word' id='word_1_739' title='bbox 231 5226 456 5295; x_wconf 88' lang='lat' dir='ltr'>oportet</span> <span class='ocrx_word' id='word_1_740' title='bbox 483 5223 715 5293; x_wconf 88' lang='lat' dir='ltr'>propter</span> <span class='ocrx_word' id='word_1_741' title='bbox 742 5218 881 5273; x_wconf 92' lang='lat' dir='ltr'>illud</span> <span class='ocrx_word' id='word_1_742' title='bbox 915 5218 1064 5290; x_wconf 91' lang='lat' dir='ltr'>quod</span> <span class='ocrx_word' id='word_1_743' title='bbox 1093 5217 1368 5288; x_wconf 89' lang='lat' dir='ltr'>scriptum</span> <span class='ocrx_word' id='word_1_744' title='bbox 1392 5223 1474 5273; x_wconf 89' lang='lat' dir='ltr'>est</span> <span class='ocrx_word' id='word_1_745' title='bbox 1507 5234 1519 5272; x_wconf 93' lang='lat'><strong>:</strong></span> <span class='ocrx_word' id='word_1_746' title='bbox 1552 5219 1622 5274; x_wconf 88' lang='lat' dir='ltr'>Et</span> <span class='ocrx_word' id='word_1_747' title='bbox 1650 5223 1733 5273; x_wconf 87' lang='lat' dir='ltr'>vi-</span> <span class='ocrx_word' id='word_1_748' title='bbox 1755 5221 1814 5294; x_wconf 89' lang='lat' dir='ltr'>D</span> <span class='ocrx_word' id='word_1_749' title='bbox 1838 5235 2083 5276; x_wconf 66' lang='lat' dir='ltr'>nomen)!</span> <span class='ocrx_word' id='word_1_750' title='bbox 2111 5235 2330 5276; x_wconf 82' lang='lat' dir='ltr'>PASSOS.</span> <span class='ocrx_word' id='word_1_751' title='bbox 2357 5220 2577 5274; x_wconf 84' lang='lat' dir='ltr'>Vocavit</span> <span class='ocrx_word' id='word_1_752' title='bbox 2605 5220 2756 5276; x_wconf 91' lang='lat' dir='ltr'>enim</span> <span class='ocrx_word' id='word_1_753' title='bbox 2794 5237 2898 5275; x_wconf 91' lang='lat' dir='ltr'>nos</span> <span class='ocrx_word' id='word_1_754' title='bbox 2935 5221 3078 5280; x_wconf 81' lang='lat' dir='ltr'>Deus</span> <span class='ocrx_word' id='word_1_755' title='bbox 3105 5220 3164 5274; x_wconf 90' lang='lat' dir='ltr'>in</span> <span class='ocrx_word' id='word_1_756' title='bbox 3191 5225 3466 5274; x_wconf 71' lang='lat' dir='ltr'>aeternam</span> 
     </span>
    </p>
   </div>
   <div class='ocr_carea' id='block_1_94' title="bbox 109 5310 1738 5385">
    <p class='ocr_par' dir='ltr' id='par_1_94' title="bbox 109 5310 1738 5385">
     <span class='ocr_line' id='line_1_95' title="bbox 109 5310 1738 5385; baseline -0.002 -16"><span class='ocrx_word' id='word_1_757' title='bbox 109 5319 265 5381; x_wconf 37' lang='lat' dir='ltr'>(fidite</span> <span class='ocrx_word' id='word_1_758' title='bbox 295 5318 470 5385; x_wconf 86' lang='lat' dir='ltr'>juste,</span> <span class='ocrx_word' id='word_1_759' title='bbox 499 5320 549 5370; x_wconf 89' lang='lat' dir='ltr'>et</span> <span class='ocrx_word' id='word_1_760' title='bbox 576 5314 739 5368; x_wconf 88' lang='lat' dir='ltr'>nolite</span> <span class='ocrx_word' id='word_1_761' title='bbox 761 5327 996 5382; x_wconf 82' lang='lat' dir='ltr'>peccare.</span> <span class='ocrx_word' id='word_1_762' title='bbox 1043 5311 1110 5364; x_wconf 90' lang='lat' dir='ltr'>Et</span> <span class='ocrx_word' id='word_1_763' title='bbox 1148 5310 1418 5364; x_wconf 86' lang='lat' dir='ltr'>Dominus</span> <span class='ocrx_word' id='word_1_764' title='bbox 1458 5311 1516 5364; x_wconf 91' lang='lat' dir='ltr'>iu</span> <span class='ocrx_word' id='word_1_765' title='bbox 1558 5313 1738 5366; x_wconf 83' lang='lat' dir='ltr'>Evan-</span> 
     </span>
    </p>
   </div>
   <div class='ocr_carea' id='block_1_95' title="bbox 112 5404 1734 5476">
    <p class='ocr_par' dir='ltr' id='par_1_95' title="bbox 112 5404 1734 5476">
     <span class='ocr_line' id='line_1_96' title="bbox 112 5404 1734 5476; baseline -0.001 -15"><span class='ocrx_word' id='word_1_766' title='bbox 112 5410 249 5475; x_wconf 70' lang='lat' dir='ltr'>gallo</span> <span class='ocrx_word' id='word_1_767' title='bbox 279 5426 292 5463; x_wconf 91' lang='lat'><strong>:</strong></span> <span class='ocrx_word' id='word_1_768' title='bbox 329 5408 566 5476; x_wconf 86' lang='lat' dir='ltr'>Vigilate</span> <span class='ocrx_word' id='word_1_769' title='bbox 590 5422 656 5460; x_wconf 89' lang='lat' dir='ltr'>ne</span> <span class='ocrx_word' id='word_1_770' title='bbox 681 5409 780 5476; x_wconf 78' lang='lat' dir='ltr'>ﬂat</span> <span class='ocrx_word' id='word_1_771' title='bbox 805 5408 945 5474; x_wconf 82' lang='lat' dir='ltr'>fuga</span> <span class='ocrx_word' id='word_1_772' title='bbox 968 5407 1147 5458; x_wconf 81' lang='lat' dir='ltr'>vestra</span> <span class='ocrx_word' id='word_1_773' title='bbox 1175 5404 1364 5466; x_wconf 88' lang='lat' dir='ltr'>hieme,</span> <span class='ocrx_word' id='word_1_774' title='bbox 1388 5405 1472 5457; x_wconf 86' lang='lat' dir='ltr'>vel</span> <span class='ocrx_word' id='word_1_775' title='bbox 1493 5405 1734 5460; x_wconf 87' lang='lat' dir='ltr'>sabbato.</span> 
     </span>
    </p>
   </div>
   <div class='ocr_carea' id='block_1_96' title="bbox 111 5498 1735 5566">
    <p class='ocr_par' dir='ltr' id='par_1_96' title="bbox 111 5498 1735 5566">
     <span class='ocr_line' id='line_1_97' title="bbox 111 5498 1735 5566; baseline -0.001 -13"><span class='ocrx_word' id='word_1_776' title='bbox 111 5504 168 5554; x_wconf 77' lang='lat' dir='ltr'>Et</span> <span class='ocrx_word' id='word_1_777' title='bbox 196 5503 403 5556; x_wconf 89' lang='lat' dir='ltr'>iterum</span> <span class='ocrx_word' id='word_1_778' title='bbox 434 5519 448 5554; x_wconf 90' lang='lat'><strong>:</strong></span> <span class='ocrx_word' id='word_1_779' title='bbox 477 5502 586 5555; x_wconf 88' lang='lat' dir='ltr'>Hoc</span> <span class='ocrx_word' id='word_1_780' title='bbox 609 5503 788 5556; x_wconf 81' lang='lat' dir='ltr'>autem</span> <span class='ocrx_word' id='word_1_781' title='bbox 809 5499 994 5552; x_wconf 86' lang='lat' dir='ltr'>scitote</span> <span class='ocrx_word' id='word_1_782' title='bbox 1027 5498 1158 5566; x_wconf 88' lang='lat' dir='ltr'>quia</span> <span class='ocrx_word' id='word_1_783' title='bbox 1203 5498 1254 5550; x_wconf 89' lang='lat' dir='ltr'>si</span> <span class='ocrx_word' id='word_1_784' title='bbox 1289 5498 1446 5550; x_wconf 87' lang='lat' dir='ltr'>sciret</span> <span class='ocrx_word' id='word_1_785' title='bbox 1483 5499 1735 5565; x_wconf 81' lang='lat' dir='ltr'>paterfa-</span> 
     </span>
    </p>
   </div>
   <div class='ocr_carea' id='block_1_97' title="bbox 110 5589 1736 5664">
    <p class='ocr_par' dir='ltr' id='par_1_97' title="bbox 110 5589 1736 5664">
     <span class='ocr_line' id='line_1_98' title="bbox 110 5589 1736 5664; baseline -0.001 -19"><span class='ocrx_word' id='word_1_786' title='bbox 110 5596 280 5649; x_wconf 84' lang='lat' dir='ltr'>milias</span> <span class='ocrx_word' id='word_1_787' title='bbox 300 5611 412 5664; x_wconf 88' lang='lat' dir='ltr'>qua</span> <span class='ocrx_word' id='word_1_788' title='bbox 439 5595 572 5648; x_wconf 88' lang='lat' dir='ltr'>hora</span> <span class='ocrx_word' id='word_1_789' title='bbox 599 5595 696 5660; x_wconf 81' lang='lat' dir='ltr'>fur</span> <span class='ocrx_word' id='word_1_790' title='bbox 720 5593 941 5653; x_wconf 83' lang='lat' dir='ltr'>veniret,</span> <span class='ocrx_word' id='word_1_791' title='bbox 969 5590 1222 5656; x_wconf 84' lang='lat' dir='ltr'>vigilaret</span> <span class='ocrx_word' id='word_1_792' title='bbox 1256 5590 1458 5657; x_wconf 88' lang='lat' dir='ltr'>utique.</span> <span class='ocrx_word' id='word_1_793' title='bbox 1495 5589 1605 5642; x_wconf 89' lang='lat' dir='ltr'>Sed</span> <span class='ocrx_word' id='word_1_794' title='bbox 1632 5589 1736 5644; x_wconf 90' lang='lat' dir='ltr'>hoc</span> 
     </span>
    </p>
   </div>
   <div class='ocr_carea' id='block_1_98' title="bbox 111 5679 1738 5759">
    <p class='ocr_par' dir='ltr' id='par_1_98' title="bbox 111 5679 1738 5759">
     <span class='ocr_line' id='line_1_99' title="bbox 111 5679 1738 5759; baseline -0.001 -19"><span class='ocrx_word' id='word_1_795' title='bbox 111 5687 164 5740; x_wconf 88' lang='lat' dir='ltr'>in</span> <span class='ocrx_word' id='word_1_796' title='bbox 191 5688 314 5742; x_wconf 91' lang='lat' dir='ltr'>loco</span> <span class='ocrx_word' id='word_1_797' title='bbox 333 5691 567 5759; x_wconf 89' lang='lat' dir='ltr'>propter</span> <span class='ocrx_word' id='word_1_798' title='bbox 581 5685 716 5758; x_wconf 89' lang='lat' dir='ltr'>quid</span> <span class='ocrx_word' id='word_1_799' title='bbox 732 5700 840 5740; x_wconf 89' lang='lat' dir='ltr'>nos</span> <span class='ocrx_word' id='word_1_800' title='bbox 858 5687 1081 5754; x_wconf 83' lang='lat' dir='ltr'>Oportet</span> <span class='ocrx_word' id='word_1_801' title='bbox 1098 5681 1353 5754; x_wconf 87' lang='lat' dir='ltr'>vigilare,</span> <span class='ocrx_word' id='word_1_802' title='bbox 1376 5679 1738 5753; x_wconf 86' lang='lat' dir='ltr'>iusequenter</span> 
     </span>
    </p>
   </div>
   <div class='ocr_carea' id='block_1_99' title="bbox 109 5781 1731 5849">
    <p class='ocr_par' dir='ltr' id='par_1_99' title="bbox 109 5781 1731 5849">
     <span class='ocr_line' id='line_1_100' title="bbox 109 5781 1731 5849; baseline -0.004 -15"><span class='ocrx_word' id='word_1_803' title='bbox 109 5781 438 5849; x_wconf 87' lang='lat' dir='ltr'>ostenditur,</span> <span class='ocrx_word' id='word_1_804' title='bbox 473 5795 600 5842; x_wconf 69' lang='lat' dir='ltr'>eum</span> <span class='ocrx_word' id='word_1_805' title='bbox 647 5791 1012 5835; x_wconf 69' lang='lat' dir='ltr'>ADVERSARIUS</span> <span class='ocrx_word' id='word_1_806' title='bbox 1053 5791 1250 5831; x_wconf 72' lang='lat' dir='ltr'>vasum</span> <span class='ocrx_word' id='word_1_807' title='bbox 1297 5789 1558 5830; x_wconf 74' lang='lat' dir='ltr'>ausows</span> <span class='ocrx_word' id='word_1_808' title='bbox 1601 5791 1731 5829; x_wconf 72' lang='lat' dir='ltr'>TAN-</span> 
     </span>
    </p>
   </div>
   <div class='ocr_carea' id='block_1_100' title="bbox 111 5884 1727 5936">
    <p class='ocr_par' dir='ltr' id='par_1_100' title="bbox 111 5884 1727 5936">
     <span class='ocr_line' id='line_1_101' title="bbox 111 5884 1727 5936; baseline -0.004 -6"><span class='ocrx_word' id='word_1_809' title='bbox 111 5889 253 5936; x_wconf 66' lang='lat' dir='ltr'>QCAM</span> <span class='ocrx_word' id='word_1_810' title='bbox 298 5889 401 5931; x_wconf 65' lang='grc' dir='ltr'>’ΒΕΘ</span> <span class='ocrx_word' id='word_1_811' title='bbox 443 5888 669 5930; x_wconf 74' lang='lat' dir='ltr'>RUGIBNS</span> <span class='ocrx_word' id='word_1_812' title='bbox 717 5886 926 5928; x_wconf 72' lang='lat' dir='ltr'>CIRCUIT</span> <span class='ocrx_word' id='word_1_813' title='bbox 977 5885 1230 5934; x_wconf 70' lang='grc' dir='ltr'>ουιΕηΕΝε</span> <span class='ocrx_word' id='word_1_814' title='bbox 1280 5885 1423 5933; x_wconf 67' lang='lat' dir='ltr'>QUEM</span> <span class='ocrx_word' id='word_1_815' title='bbox 1471 5884 1727 5924; x_wconf 69' lang='lat' dir='ltr'>DEVURE‘I‘.</span> 
     </span>
    </p>
   </div>
   <div class='ocr_carea' id='block_1_101' title="bbox 1842 5309 3468 5381">
    <p class='ocr_par' dir='ltr' id='par_1_101' title="bbox 1842 5309 3468 5381">
     <span class='ocr_line' id='line_1_102' title="bbox 1842 5309 3468 5381; baseline 0.001 -18"><span class='ocrx_word' id='word_1_816' title='bbox 1842 5325 2002 5364; x_wconf 87' lang='lat' dir='ltr'>suam</span> <span class='ocrx_word' id='word_1_817' title='bbox 2031 5309 2272 5380; x_wconf 87' lang='lat' dir='ltr'>gloriam</span> <span class='ocrx_word' id='word_1_818' title='bbox 2298 5310 2484 5381; x_wconf 88' lang='lat' dir='ltr'>primo</span> <span class='ocrx_word' id='word_1_819' title='bbox 2510 5309 2576 5363; x_wconf 87' lang='lat' dir='ltr'>de</span> <span class='ocrx_word' id='word_1_820' title='bbox 2603 5310 2830 5364; x_wconf 84' lang='lat' dir='ltr'>tenebris</span> <span class='ocrx_word' id='word_1_821' title='bbox 2860 5312 2919 5364; x_wconf 85' lang='lat' dir='ltr'>in</span> <span class='ocrx_word' id='word_1_822' title='bbox 2943 5310 3265 5364; x_wconf 81' lang='lat' dir='ltr'>admirabile</span> <span class='ocrx_word' id='word_1_823' title='bbox 3291 5311 3468 5364; x_wconf 86' lang='lat' dir='ltr'>lumen</span> 
     </span>
    </p>
   </div>
   <div class='ocr_carea' id='block_1_102' title="bbox 1837 5403 3466 5474">
    <p class='ocr_par' dir='ltr' id='par_1_102' title="bbox 1837 5403 3466 5474">
     <span class='ocr_line' id='line_1_103' title="bbox 1837 5403 3466 5474; baseline 0 -17"><span class='ocrx_word' id='word_1_824' title='bbox 1837 5418 2016 5465; x_wconf 85' lang='lat' dir='ltr'>suum,</span> <span class='ocrx_word' id='word_1_825' title='bbox 2049 5403 2184 5474; x_wconf 87' lang='lat' dir='ltr'>quia</span> <span class='ocrx_word' id='word_1_826' title='bbox 2209 5420 2341 5474; x_wconf 88' lang='lat' dir='ltr'>quos</span> <span class='ocrx_word' id='word_1_827' title='bbox 2361 5405 2636 5473; x_wconf 71' lang='lat' dir='ltr'>praesciuit</span> <span class='ocrx_word' id='word_1_828' title='bbox 2665 5409 2714 5458; x_wconf 87' lang='lat' dir='ltr'>et</span> <span class='ocrx_word' id='word_1_829' title='bbox 2736 5404 3148 5473; x_wconf 68' lang='lat' dir='ltr'>praedestinavit</span> <span class='ocrx_word' id='word_1_830' title='bbox 3171 5406 3466 5471; x_wconf 84' lang='lat' dir='ltr'>conformes</span> 
     </span>
    </p>
   </div>
   <div class='ocr_carea' id='block_1_103' title="bbox 1835 5497 3468 5568">
    <p class='ocr_par' dir='ltr' id='par_1_103' title="bbox 1835 5497 3468 5568">
     <span class='ocr_line' id='line_1_104' title="bbox 1835 5497 3468 5568; baseline 0.001 -18"><span class='ocrx_word' id='word_1_831' title='bbox 1835 5498 1953 5564; x_wconf 83' lang='lat' dir='ltr'>ﬁeri</span> <span class='ocrx_word' id='word_1_832' title='bbox 1976 5499 2227 5564; x_wconf 86' lang='lat' dir='ltr'>imaginis</span> <span class='ocrx_word' id='word_1_833' title='bbox 2251 5497 2354 5566; x_wconf 84' lang='lat' dir='ltr'>ﬁlii</span> <span class='ocrx_word' id='word_1_834' title='bbox 2377 5499 2484 5558; x_wconf 88' lang='lat' dir='ltr'>sui,</span> <span class='ocrx_word' id='word_1_835' title='bbox 2511 5502 2572 5552; x_wconf 92' lang='lat' dir='ltr'>ut</span> <span class='ocrx_word' id='word_1_836' title='bbox 2595 5499 2666 5550; x_wconf 86' lang='lat' dir='ltr'>sit</span> <span class='ocrx_word' id='word_1_837' title='bbox 2691 5499 2803 5566; x_wconf 88' lang='lat' dir='ltr'>ipse</span> <span class='ocrx_word' id='word_1_838' title='bbox 2819 5499 3210 5568; x_wconf 87' lang='lat' dir='ltr'>primogenitus</span> <span class='ocrx_word' id='word_1_839' title='bbox 3239 5499 3297 5552; x_wconf 87' lang='lat' dir='ltr'>in</span> <span class='ocrx_word' id='word_1_840' title='bbox 3332 5498 3468 5552; x_wconf 86' lang='lat' dir='ltr'>mul-</span> 
     </span>
    </p>
   </div>
   <div class='ocr_carea' id='block_1_104' title="bbox 1837 5591 3463 5664">
    <p class='ocr_par' dir='ltr' id='par_1_104' title="bbox 1837 5591 3463 5664">
     <span class='ocr_line' id='line_1_105' title="bbox 1837 5591 3463 5664; baseline 0 -20"><span class='ocrx_word' id='word_1_841' title='bbox 1837 5592 1905 5644; x_wconf 84' lang='lat' dir='ltr'>tis</span> <span class='ocrx_word' id='word_1_842' title='bbox 1932 5591 2219 5656; x_wconf 74' lang='lat' dir='ltr'>fratribus.</span> <span class='ocrx_word' id='word_1_843' title='bbox 2251 5591 2461 5645; x_wconf 87' lang='lat' dir='ltr'>Tamen</span> <span class='ocrx_word' id='word_1_844' title='bbox 2501 5591 2789 5661; x_wconf 64' lang='lat' dir='ltr'>praesentis</span> <span class='ocrx_word' id='word_1_845' title='bbox 2830 5591 3101 5662; x_wconf 87' lang='lat' dir='ltr'>temporis</span> <span class='ocrx_word' id='word_1_846' title='bbox 3144 5591 3323 5664; x_wconf 86' lang='lat' dir='ltr'>gloria</span> <span class='ocrx_word' id='word_1_847' title='bbox 3349 5607 3463 5644; x_wconf 87' lang='lat' dir='ltr'>non</span> 
     </span>
    </p>
   </div>
   <div class='ocr_carea' id='block_1_105' title="bbox 1836 5681 3463 5754">
    <p class='ocr_par' dir='ltr' id='par_1_105' title="bbox 1836 5681 3463 5754">
     <span class='ocr_line' id='line_1_106' title="bbox 1836 5681 3463 5754; baseline -0.001 -18"><span class='ocrx_word' id='word_1_848' title='bbox 1836 5688 1919 5736; x_wconf 88' lang='lat' dir='ltr'>est</span> <span class='ocrx_word' id='word_1_849' title='bbox 1961 5687 2192 5748; x_wconf 63' lang='lat' dir='ltr'>aeterna,</span> <span class='ocrx_word' id='word_1_850' title='bbox 2238 5682 2370 5754; x_wconf 88' lang='lat' dir='ltr'>quia</span> <span class='ocrx_word' id='word_1_851' title='bbox 2413 5700 2821 5754; x_wconf 84' lang='lat' dir='ltr'>nonnunquam</span> <span class='ocrx_word' id='word_1_852' title='bbox 2859 5685 3062 5751; x_wconf 79' lang='lat' dir='ltr'>deﬁcit,</span> <span class='ocrx_word' id='word_1_853' title='bbox 3096 5685 3163 5738; x_wconf 88' lang='lat' dir='ltr'>de</span> <span class='ocrx_word' id='word_1_854' title='bbox 3193 5701 3299 5754; x_wconf 89' lang='lat' dir='ltr'>qua</span> <span class='ocrx_word' id='word_1_855' title='bbox 3329 5681 3463 5736; x_wconf 90' lang='lat' dir='ltr'>dicit</span> 
     </span>
    </p>
   </div>
   <div class='ocr_carea' id='block_1_106' title="bbox 1831 5774 3458 5846">
    <p class='ocr_par' dir='ltr' id='par_1_106' title="bbox 1831 5774 3458 5846">
     <span class='ocr_line' id='line_1_107' title="bbox 1831 5774 3458 5846; baseline -0.002 -17"><span class='ocrx_word' id='word_1_856' title='bbox 1831 5777 2074 5830; x_wconf 85' lang='lat' dir='ltr'>Joannes</span> <span class='ocrx_word' id='word_1_857' title='bbox 2115 5795 2128 5830; x_wconf 91' lang='lat'><strong>:</strong></span> <span class='ocrx_word' id='word_1_858' title='bbox 2181 5777 2378 5838; x_wconf 85' lang='lat' dir='ltr'>Filioli,</span> <span class='ocrx_word' id='word_1_859' title='bbox 2425 5792 2562 5831; x_wconf 81' lang='lat' dir='ltr'>nunc</span> <span class='ocrx_word' id='word_1_860' title='bbox 2613 5779 2717 5846; x_wconf 83' lang='lat' dir='ltr'>ﬁlii</span> <span class='ocrx_word' id='word_1_861' title='bbox 2759 5780 2854 5833; x_wconf 86' lang='lat' dir='ltr'>Dei</span> <span class='ocrx_word' id='word_1_862' title='bbox 2889 5794 3088 5838; x_wconf 87' lang='lat' dir='ltr'>sumus,</span> <span class='ocrx_word' id='word_1_863' title='bbox 3137 5783 3187 5830; x_wconf 88' lang='lat' dir='ltr'>et</span> <span class='ocrx_word' id='word_1_864' title='bbox 3227 5774 3458 5828; x_wconf 65' lang='lat' dir='ltr'>non/lum</span> 
     </span>
    </p>
   </div>
   <div class='ocr_carea' id='block_1_107' title="bbox 1832 5870 3461 5940">
    <p class='ocr_par' dir='ltr' id='par_1_107' title="bbox 1832 5870 3461 5940">
     <span class='ocr_line' id='line_1_108' title="bbox 1832 5870 3461 5940; baseline -0.005 -15"><span class='ocrx_word' id='word_1_865' title='bbox 1832 5874 2061 5939; x_wconf 80' lang='lat' dir='ltr'>apparet</span> <span class='ocrx_word' id='word_1_866' title='bbox 2097 5871 2231 5938; x_wconf 84' lang='lat' dir='ltr'>quid</span> <span class='ocrx_word' id='word_1_867' title='bbox 2267 5873 2484 5926; x_wconf 86' lang='lat' dir='ltr'>erimus.</span> <span class='ocrx_word' id='word_1_868' title='bbox 2519 5870 2608 5925; x_wconf 86' lang='lat' dir='ltr'>Illa</span> <span class='ocrx_word' id='word_1_869' title='bbox 2639 5875 2716 5925; x_wconf 83' lang='lat' dir='ltr'>est</span> <span class='ocrx_word' id='word_1_870' title='bbox 2750 5875 2978 5936; x_wconf 57' lang='lat' dir='ltr'>reterns,</span> <span class='ocrx_word' id='word_1_871' title='bbox 3012 5886 3137 5940; x_wconf 73' lang='lat' dir='ltr'>qua-</span> <span class='ocrx_word' id='word_1_872' title='bbox 3167 5871 3461 5938; x_wconf 86' lang='lat' dir='ltr'>permanet</span> 
     </span>
    </p>
   </div>
  </div>
