4022 6418
592 375 694 426 859

1720 373 2033 439 JOANNES,
2074 373 2504 449 BlCLARIENSlS
2541 374 2768 428 ABBAS.
3863 368 3949 418 860

591 493 720 532 cum
747 479 883 543 Deo,
928 480 987 532 in
1022 494 1136 548 qua
1157 479 1312 532 ibunt
1335 482 1508 534 sancti
1538 479 1604 534 de
1627 481 1824 535 virtute
1847 481 1903 534 in
1926 483 2201 534 virtutem.
2227 494 2285 565 Α
2306 482 2436 534 sunt
2447 479 2516 534 ad
2529 477 3018 550 comparationem
3035 475 3242 529 futurae
3254 470 3679 528 beatitudinis.
3697 470 3794 526 Sic
3810 471 3950 526 enim

595 571 661 622 Et
681 570 857 623 hocin
883 570 1088 626 Christo
1103 573 1246 634 Jesu,
1271 570 1402 641 quia
1420 588 1520 642 per
1545 571 1747 626 Filium
1775 589 1968 627 sumus
1989 572 2209 627 redem-

593 661 694 731 pti,
725 664 781 714 et
800 677 902 731 per
929 661 1113 732 ipsum
1137 663 1510 717 remunerati.
1533 665 1680 718 Deus
1699 667 1865 718 Pater
1889 681 1992 735 per
2009 665 2206 719 Filium

593 769 756 806 suum
786 770 888 807 nos
915 755 1184 821 redemit,
1216 772 1320 825 per
1350 773 1522 826 quem
1549 760 1606 810 et
1634 757 1870 822 vocavit,
1904 774 2076 826 quem
2104 774 2206 827 pro

588 843 992 914 redemptione
1015 847 1244 916 generis
1279 847 1512 902 humani
1542 848 1825 902 incarnari
1857 849 2030 918 [Cod.,
2058 849 2209 903 inco-

595 936 808 1008 ronari]
841 938 1150 992 constituit.
1179 941 1447 994 Modicum
1470 956 1673 1010 passos.
1720 941 1870 994 Bene
1914 941 2066 1006 dicit,
2097 958 2203 995 mo-

591 1029 771 1083 dicum
780 1045 988 1099 passos,
1017 1031 1149 1102 quia
1171 1033 1460 1102 passiones
1483 1033 1650 1103 hujus
1670 1033 1945 1102 temporis
1969 1033 2207 1087 modicae

2306 573 2386 626 ait
2410 573 2718 626 Dominus:
2754 572 2930 629 Nolite
2969 570 3152 622 timere
3191 583 3276 622 eos
3303 568 3406 636 qui
3438 565 3714 620 occidunt
3754 579 3949 632 corpus,

2305 667 2542 718 animum
2573 670 2750 718 autem
2792 679 2898 717 non
2921 664 3148 732 possunt
3177 660 3442 714 occidere.
3473 659 3611 712 Ipse
3667 672 3946 720 PERFICIET,

2308 757 2517 810 scilicet
2545 759 2710 820 Deus,
2733 755 2828 826 qui
2855 755 3075 808 vocavit
3095 769 3200 808 nos
3225 753 3284 806 in
3317 757 3623 805 aeternam
3651 765 3824 803 suam
3853 751 3948 819 glo-

2308 848 2474 914 riam,
2503 849 2760 920 perﬁciet
2790 864 3050 918 corpore,
3079 861 3443 900 CONFIRMABIT
3479 842 3719 907 animo,
3749 858 3947 896 seum-

2308 959 2392 995 BlT
2422 941 2618 1011 spiritu
2644 957 2657 994 :
2689 941 2947 1011 perﬁciet
2977 939 3034 993 in
3067 936 3506 1010 perseverantia
3555 934 3710 989 boni
3756 935 3947 1004 operis,

2308 1033 2672 1087 conﬁrmabit
2698 1033 2958 1104 praemio,
2989 1031 3250 1085 solidabit
3281 1029 3490 1084 bravio
3527 1027 3669 1081 vita:
3712 1031 3945 1080 interna.

607 1187 3945 1218 ww

1980 1317 2188 1362 EODEM
2230 1317 2535 1361 TEMPORE.

1685 1437 2814 1664 JOANNES,

1072 1718 2346 1838 ABELATBNSIS
2426 1713 3457 1835 EPISGOPUS.

1739 2003 2014 2064 JOANNIS,
2048 2001 2466 2052 ARELATENSIS
2497 2001 2802 2062 EPISCOPI,

715 2105 1256 2192 EPISTOLA
1325 2110 1468 2193 AD
1537 2110 2060 2194 VIRGINES
2131 2110 2815 2196 MONASTERII
2891 2105 3354 2192 SANCTZE
3415 2101 3852 2187 ΜΑΡιΙίΕ.

2111 1907 2344 1916 —_———_

2357 1906 2770 1916 mm

673 2349 892 2405 Sanctis
918 2367 982 2406 ac
1019 2356 1354 2410 venerandis
1387 2357 1447 2410 in
1483 2357 1702 2412 Christo
1743 2359 2046 2424 sororibus,
2082 2359 2214 2429 ipsis
2235 2371 2290 2443 Β
2314 2358 2524 2428 itaque,
2555 2359 2906 2428 postulantes
2933 2357 3192 2410 sanctam
3221 2352 3588 2408 charitatem
3620 2353 3943 2412 vestram,ut

602 2442 805 2512 quibus
837 2449 1047 2499 sanctae
1086 2449 1380 2502 memoriae
1407 2450 1792 2520 prtedecessor
1823 2457 2014 2505 noster
2042 2454 2214 2505 Aure-

599 2535 783 2589 lianus
823 2537 1116 2608 episcopus
1165 2542 1579 2596 monasterium
1618 2547 1826 2597 sancta:
1856 2545 2038 2598 Mariae
2070 2544 2216 2598 intra

597 2643 794 2682 muros
809 2631 1153 2685 Arelatensis
1171 2634 1324 2687 urbis
1346 2633 1658 2701 constituit,
1683 2640 1970 2706 praecepta
1991 2636 2215 2690 vivendi

599 2719 851 2788 sancivit,
880 2723 1148 2792 Joannes,
1175 2726 1360 2794 gratia
1391 2727 1614 2781 Domini
1649 2745 1712 2782 ac
1746 2729 1844 2782 Dei
1877 2729 2054 2783 nostri
2084 2731 2214 2783 Jesu

598 2812 822 2879 Christi,
853 2815 1169 2886 episcopus.

672 2905 813 2960 Cum
839 2907 1172 2977 plenissime
1197 2910 1367 2964 series
1389 2913 1602 2982 regulas
1624 2913 1783 2967 vobis
1803 2913 2123 2966 constitutae
2145 2915 2216 2967 vi-

602 3000 724 3050 ctus
749 3001 807 3050 et
833 2999 1064 3053 vestitus
1111 3003 1445 3072 qualitatem
1491 3008 1548 3058 et
1591 3005 1970 3074 quantitatem
2016 3009 2215 3059 vestrae

605 3089 918 3144 sanctitatis
936 3094 1245 3160 contineat,
1274 3096 1528 3166 nihilque
1553 3097 1853 3166 indignum
1883 3097 1938 3151 in
1955 3115 2040 3163 ea,
2064 3099 2216 3168 quod

604 3181 676 3234 ad
708 3183 1174 3240 emendationem
1205 3187 1464 3242 formulae
1491 3189 1610 3258 ejus
1638 3190 1938 3259 pertineat,
1961 3191 2213 3245 invenia-

603 3277 728 3340 tur;
765 3279 956 3330 tamen
988 3295 1090 3348 pro
1132 3280 1406 3334 charitate
1455 3286 1510 3334 et
1553 3299 1686 3335 cura
1732 3283 2010 3352 ejusdem,
2044 3300 2217 3354 quam

605 3365 883 3422 Dominus
910 3371 1164 3426 Ecclesiae
1193 3391 1306 3426 suae
1334 3375 1778 3440 commendavit,
1810 3376 2214 3442 admonemus,

602 3463 665 3513 ut
681 3476 807 3514 cum
827 3466 1042 3532 quanta
1061 3482 1360 3535 possumus
1385 3467 1664 3522 industria
1682 3468 2000 3538 vigilemus,
2028 3486 2100 3522 ne
2121 3469 2216 3522 ali-

601 3569 777 3622 quam
827 3557 1183 3612 occasionem
1238 3560 1474 3630 antiquo
1524 3561 1668 3615 hosti
1705 3561 2057 3632 subripiendi
2087 3578 2213 3614 san-

601 3649 754 3701 etum
808 3666 1046 3720 gregem
1099 3651 1534 3723 relinquamus;
1585 3653 1861 3725 nobisque
1900 3656 2090 3708 futuro
2121 3655 2212 3724 ju-

603 3737 751 3793 dicio
791 3757 1028 3796 censura
1071 3761 1172 3814 pro
1225 3746 1468 3816 torporis
1516 3747 1869 3816 negligentia
1903 3725 2291 3816 justissimeC

604 3829 934 3902 inferatur;
989 3836 1179 3906 aliqua
1247 3841 1447 3890 vestra:
1518 3839 1804 3892 sanctitati
1862 3839 2216 3906 addicimus,

603 3940 705 3994 per
768 3943 916 3996 quae,
975 3932 1034 3981 ut
1101 3929 1259 3981 nobis
1320 3929 1578 3996 videtur,
1632 3931 1824 3984 liberis
1897 3931 2214 4000 gressibus,

606 4017 887 4088 nullisque
989 4020 1472 4090 prtepedientibus
1581 4023 1966 4078 occasionibus
2071 4024 2220 4078 inter

607 4107 791 4176 [forte
857 4109 1008 4180 iter]
1063 4113 1304 4165 caelestis
1367 4115 1680 4168 Jerusalem
1713 4157 1726 4182 ,
1801 4117 2022 4171 Christo
2106 4118 2214 4170 Do-

606 4199 767 4254 mino
823 4202 1162 4272 praeviante,
1213 4205 1476 4260 incedere
1542 4208 1793 4262 valeatis.
1858 4209 2219 4280 Przecipimus

2315 2451 2372 2504 in
2404 2451 2536 2520 ipsis
2577 2449 2950 2521 temporibus,
2984 2448 3190 2519 quibus
3210 2444 3541 2516 jejunandi
3586 2447 3648 2498 et
3679 2439 3943 2496 reﬁciendi

2315 2544 2472 2598 vobis
2496 2546 2707 2598 statuta
2736 2545 3024 2613 prmcepta
3054 2543 3208 2606 sunt,
3237 2540 3399 2593 nulla
3429 2537 3510 2591 sit
3539 2535 3708 2591 vobis
3734 2551 3856 2590 cum
3882 2533 3942 2583 vi-

2314 2636 2390 2691 ris
2417 2639 2515 2690 aut
2534 2635 2868 2690 mulieribus
2899 2633 3182 2704 religiosis
3210 2634 3311 2685 aut
3335 2631 3534 2698 laicis,
3562 2628 3827 2701 quamvis
3851 2627 3942 2696 qui-

2315 2729 2558 2783 buslibet
2599 2727 2931 2799 prepinquis
2963 2729 3062 2780 aut
3088 2724 3402 2791 extraneis,
3438 2722 3696 2794 potandi
3722 2719 3939 2774 licentia.

2317 2822 2429 2876 Sed
2471 2826 2528 2874 et
2575 2825 2800 2876 tantum
2840 2819 2995 2890 ipsis,
3044 2818 3253 2888 quibus
3303 2816 3548 2888 praefati
3604 2831 3820 2882 sumus,
3863 2828 3940 2882 pro

2315 2914 2605 2968 ebaritatis
2641 2913 2850 2978 officio,
2880 2912 3025 2966 sicut
3065 2911 3354 2965 concedat
3379 2913 3656 2964 vestram
3707 2905 3938 2960 sanctita-

2316 3013 2452 3070 tem,
2497 3007 2748 3077 pociolos
2789 3005 2993 3060 offerre
3041 3003 3441 3074 praecipimus.
3493 3005 3612 3056 Vos
3662 3007 3852 3056 tamen
3899 2999 3938 3049 in

2317 3117 2516 3153 eorum
2543 3098 2846 3169 prcesentia
2867 3098 2923 3151 in
2947 3097 3216 3151 omnibus
3240 3095 3547 3150 abstinete
3580 3113 3594 3160 ;
3623 3112 3697 3148 ne
3724 3093 3770 3146 si
3799 3093 3938 3145 licen-

2319 3192 2425 3246 tius
2469 3209 2596 3245 cum
2630 3191 2711 3245 eis
2757 3190 2979 3245 indulta
3015 3189 3320 3244 occasione
3355 3193 3590 3260 potata:
3642 3186 3871 3247 fueritis,
3897 3184 3939 3236 in

2318 3285 2660 3338 resolutione
2687 3283 2923 3354 potandi
2947 3285 3044 3336 aut
3075 3299 3175 3336 cor
3203 3284 3477 3336 vestrum
3503 3281 3797 3336 contraria
3821 3277 3940 3346 cogi-

2318 3377 2454 3430 tatio
2500 3376 2792 3446 subripiat,
2837 3379 2934 3430 aut
2972 3375 3139 3445 jocus
3183 3375 3476 3429 indecens
3526 3393 3637 3446 per
3679 3374 3861 3429 oculos
3897 3374 3936 3422 et

2317 3486 2499 3536 aures,
2531 3473 2588 3522 et
2605 3469 2776 3522 verba
2808 3471 2906 3521 aut
2925 3467 3240 3522 cachinnos
3273 3472 3656 3539 prorumpat.
3691 3467 3797 3521 Sed
3827 3465 3936 3517 sicut

2317 3563 2580 3628 diximus,
2609 3561 2680 3614 ab
2724 3561 3057 3630 hujusmodi
3103 3561 3342 3615 licentia
3380 3562 3445 3615 in
3486 3561 3764 3616 omnibus
3795 3556 3933 3612 absti-

2318 3660 2537 3719 nentes,
2577 3656 2634 3706 et
2677 3671 2779 3724 per
2804 3653 3018 3723 gradus
3061 3653 3327 3721 singulos
3375 3656 3609 3724 regula:
3656 3653 3934 3708 constituta

2318 3747 2698 3814 ambulantes,
2727 3747 2857 3800 vita:
2885 3746 3184 3816 pra-sentis
3211 3763 3458 3800 cursum
3482 3747 3733 3802 feliciter
3751 3743 3935 3817 gradia-

2316 3839 2454 3893 mini
2483 3857 2495 3900 ;
2526 3843 2582 3892 et
2600 3839 2725 3894 vitae
2754 3843 2980 3892 aeternae
3007 3839 3345 3894 mansiones
3369 3841 3761 3911 permissione
3788 3835 3936 3892 Domi-

2265 3956 2283 3965 -
2318 3932 2374 3985 ni
2405 3931 2580 3986 nostri
2606 3933 2735 3986 Jesu
2764 3931 2970 3987 Christi
3000 3931 3230 4003 ingredi
3271 3933 3599 3988 festinetis.
3641 3932 3799 3998 Quod
3843 3932 3932 4000 ipse

2317 4029 2585 4096 praestare
2613 4024 2903 4094 dignetur,
2932 4025 3032 4096 qui
3062 4042 3194 4079 cum
3222 4027 3400 4080 Patre
3434 4031 3496 4082 et
3527 4028 3744 4099 Spiritu
3779 4029 3934 4078 sancto

2319 4135 2464 4172 unus
2486 4119 2630 4171 Deus
2662 4123 2965 4187 permanet
2984 4135 3015 4171 a
3037 4119 3281 4185 saeculis,
3313 4137 3428 4190 per
3458 4122 3692 4188 saecula,
3719 4121 3774 4174 in
3801 4133 3933 4172 sacu-

2319 4212 2372 4264 la
2402 4211 2760 4264 swculorum.

1058 4377 1101 4378 η
1164 4377 3933 4394 ,7_________________________

1997 4506 2201 4549 EODEM
2245 4506 2550 4550 TEMPOBE.

1709 4613 2839 4842 JOANNES,

1315 4885 2511 5007 BIGLABENSIS
2588 4891 3241 5012 ABBAS.

1786 5043 2122 5124 (Gallana'.
2155 5045 2459 5109 Bz'blc'oth.
2499 5054 2542 5109 t.
2577 5047 2763 5129 XII.)

1093 5176 1574 5184 ..ψ----ψ-

2012 5274 2508 5369 ΝΟΤΙΤΙΑ.

2125 5422 2404 5433 ...ι-ι--η

681 5485 719 5538 l.
746 5486 1011 5553 Joannes,
1041 5491 1234 5545 Gothis
1262 5493 1556 5558 oriundus,
1580 5493 1798 5548 Scalabi
1831 5495 1885 5547 in
1917 5495 2221 5548 Lusitania:
2324 5497 2576 5566 nopolim
2603 5497 2871 5567 perrexit,
2899 5499 3093 5570 ibique
3115 5501 3324 5559 Grmca
3347 5512 3409 5562 et
3425 5508 3635 5564 Latina
3656 5505 3919 5563 eruditione

613 5578 902 5649 provincia
930 5584 1117 5635 ortum
1154 5583 1326 5638 duxit.
1359 5587 1436 5640 De
1483 5603 1550 5640 eo
1579 5587 1699 5640 hac
1732 5587 1976 5642 Isidorus
2023 5587 2219 5658 Hispa-

611 5676 782 5731 lensis
803 5677 872 5746 (α)
900 5693 914 5730 :
948 5696 974 5727 «
1009 5677 1107 5732 Hic
1149 5695 1278 5732 cum
1329 5687 1474 5735 esset
1517 5683 1868 5750 adolescens,
1899 5684 2218 5740 Constanti-

685 5831 755 5896 (α)
778 5827 904 5881 lsid.
939 5825 1116 5896 Hisp.,
1145 5825 1220 5880 lib
1249 5826 1318 5880 de
1345 5828 1457 5881 Vir.
1483 5828 1704 5900 illustr.,
1731 5847 1854 5900 cap.
1887 5835 1972 5885 3t.

2324 5590 2585 5654 nutritus,
2618 5594 2748 5662 post
2774 5591 2975 5647 decem
3003 5597 3062 5648 et
3099 5599 3337 5666 septem
3383 5617 3578 5658 annos
3618 5603 3677 5658 in
3707 5594 3916 5670 Hispania

2323 5698 2579 5737 reversus
2603 5687 2688 5738 est
2711 5685 2913 5741 eodem
2933 5688 3195 5758 tempore
3215 5707 3360 5762 quo,
3393 5693 3680 5752 incitante
3696 5710 3815 5764 rege
3829 5692 3917 5744 Leu-
