4022 6412
126 358 222 413 861

1671 358 1956 417 ΝΟΤῙΤΙΑ.

3391 363 3494 416 862

125 470 363 543 vigildo,
392 473 614 529 Ariana
643 473 902 529 fervebat
927 473 1168 530 insania.
1197 473 1357 529 Hunc
1385 489 1557 545 supra
1582 473 1765 530 dictus
1789 486 1848 560 Α
1869 475 1985 531 nici
2031 475 2314 531 editiones
2343 493 2356 532 :
2405 478 2585 531 altera
2629 474 2912 531 Francisci
2955 475 3174 531 Schotti
3203 475 3285 545 (j),
3317 474 3496 530 altera

130 583 223 619 rex
252 581 389 620 cum
425 565 503 620 ad
535 565 801 621 nefanda:
831 567 1064 622 haeresis
1092 566 1488 623 credulitatem
1517 569 1773 640 compel-

130 659 295 724 leret,
328 662 390 712 et
411 658 508 713 hic
533 659 774 714 omnino
803 661 1112 728 resisteret,
1143 660 1336 715 exsilio
1358 663 1546 715 trusus
1567 663 1624 714 et
1644 663 1770 716 Bar-

129 751 404 806 cinonem
449 753 760 822 relegatus,
793 769 896 823 per
928 753 1130 808 decem
1163 769 1344 809 annos
1383 755 1593 808 multas
1637 754 1768 809 insi-

131 843 253 898 dias
282 846 343 898 et
383 845 820 916 persecutiones
851 845 922 900 ab
945 846 1171 902 Arianis
1197 861 1500 918 perpessus
1527 851 1630 902 est.
1659 847 1766 912 Qui

132 945 330 1013 postea
374 941 642 996 condidit
684 943 1117 1011 monasterium,
1167 945 1322 1016 quod
1353 960 1504 1000 nunc
1549 946 1764 1002 Biclaro

131 1035 359 1089 dicitur.
381 1055 411 1084 ››
453 1035 582 1090 Hinc
613 1035 728 1090 ille.
759 1035 896 1090 Hinc
925 1039 1120 1092 noster
1153 1041 1352 1092 auctor
1381 1039 1631 1093 Joannes
1661 1039 1762 1094 ab-

129 1127 230 1182 bas
259 1127 611 1183 Biclarensis
637 1128 829 1183 vocari
853 1129 1166 1184 consuevit.
1199 1131 1278 1184 De
1307 1131 1415 1185 hoc
1437 1134 1629 1186 autem
1650 1149 1761 1188 coe-

129 1221 302 1275 nobio
337 1220 564 1275 Biclaro
588 1221 778 1290 (Vallis
801 1221 986 1292 claras)
1012 1223 1320 1294 appellato,
1351 1223 1608 1295 plerique
1635 1228 1766 1296 post

130 1313 385 1368 Mariana
425 1313 524 1382 (α),
553 1316 944 1369 constructum
971 1315 1045 1370 ad
1075 1315 1332 1386 Pyrenaei
1373 1317 1588 1372 montis
1617 1318 1766 1373 radi-

130 1423 219 1460 ces
237 1406 575 1477 perhibent.
596 1406 719 1470 Qua
743 1407 809 1461 de
835 1423 896 1461 re
919 1408 1301 1462 consulendus
1325 1409 1562 1465 omnino
1577 1410 1766 1465 Mabil-

130 1498 315 1554 Ionius
349 1500 444 1568 (b).
481 1498 762 1570 Deinceps
791 1516 925 1555 vero
953 1518 987 1554 a
1021 1501 1313 1556 Recaredo
1339 1518 1474 1573 rege
1505 1503 1760 1558 christia-

131 1592 368 1646 nissimo
413 1592 491 1646 ab
519 1591 712 1646 exsilio
747 1597 1062 1660 revocatus,
1109 1593 1184 1648 ad
1208 1594 1509 1650 ecclesiam
1543 1596 1760 1650 Gerun-

133 1686 370 1739 densem
410 1685 736 1755 regendam
762 1685 873 1740 fuit
901 1689 1126 1741 evectus
1155 1703 1308 1742 anno
1338 1690 1460 1754 592,
1490 1692 1554 1743 ut
1577 1689 1766 1759 arguit

1869 567 2180 624 doctissimi
2211 568 2514 624 cardinalis
2541 569 2611 624 de
2639 568 2878 641 Aguirre
2904 568 2994 640 (li).
3013 568 3100 624 Ad
3128 571 3384 623 nostram
3404 584 3495 622 ve-

1866 678 1931 717 ro
1974 662 2130 734 quod
2169 662 2392 730 attinet,
2427 661 2879 733 Scaligerianam
2922 661 3284 733 potissimum
3315 660 3494 716 secuti

1867 773 2090 822 sumus;
2119 772 2295 828 quam
2326 754 2480 811 enim
2515 755 2827 826 Basnagius
2848 773 2913 810 ex
2942 755 3166 811 Canisio
3207 754 3494 826 evulgavit

1866 847 1944 918 (ι),
1967 849 2120 903 haud
2141 848 2335 920 paucis
2354 848 2580 903 mendis
2599 848 2842 904 obsitam
2871 848 3010 920 quin
3031 851 3088 902 et
3109 847 3314 902 alicubi
3341 847 3486 902 hiul-

1867 957 1994 996 cam
2031 941 2540 997 animadvertimus
2573 957 2586 997 :
2619 941 2774 1014 quod
2804 945 2862 997 et
2889 941 3130 1012 contigit
3177 939 3234 995 in
3264 940 3488 995 Victore

1863 1035 2213 1102 Tununensi,
2246 1038 2309 1089 ut
2335 1035 2589 1106 pluribus
2611 1034 2870 1106 superius
2901 1033 3220 1089 docuimus.

1937 1129 2024 1182 III.
2055 1128 2255 1199 Operae
2278 1143 2449 1198 porro
2487 1119 2738 1198 pretium
2777 1144 2882 1182 nos
2926 1129 3175 1182 facturos
3206 1125 3487 1194 ducimus,

1865 1219 1910 1274 si
1936 1220 2086 1275 notis
2131 1237 2272 1292 quas
2302 1220 2583 1276 Chronico
2629 1221 2876 1275 auctoris
2910 1220 3091 1275 nostri
3121 1219 3486 1290 subjecimus,

1865 1329 2042 1368 unam
2059 1316 2116 1368 et
2129 1314 2372 1370 alteram
2397 1313 2490 1368 hic
2511 1313 2872 1384 adjiciamus,
2897 1317 3026 1385 post
3047 1313 3238 1384 operis
3255 1313 3494 1383 impres-

1865 1405 2084 1461 sionem
2117 1406 2283 1462 nobis
2310 1407 2498 1462 obiter
2524 1407 2869 1462 observatas.
2899 1407 2966 1462 Et
2984 1406 3218 1478 primun
3253 1405 3490 1478 quidem

1865 1497 1939 1554 ad
1963 1515 2181 1554 annum
2208 1505 2239 1554 7
2281 1499 2487 1555 Justini
2523 1499 2792 1570 junioris,
2821 1499 2944 1554 haec
2972 1499 3148 1554 abbas
3180 1500 3266 1569 (m)
3299 1501 3488 1555 Leovi-

1861 1591 2045 1660 gildus
2087 1592 2377 1648 Sabariam
2418 1595 2714 1659 ingressus,
2763 1593 2930 1649 Sabos
2966 1597 3169 1654 vastat,
3201 1595 3252 1646 et
3274 1593 3494 1662 provin-

1863 1686 2003 1738 ciam
2025 1687 2200 1754 ipsam
2225 1686 2284 1738 in
2305 1699 2460 1740 suam
2484 1685 2686 1755 redigit
2702 1685 2980 1740 ditionem.
2998 1685 3084 1739 Ad
3103 1699 3280 1754 quem
3306 1685 3492 1738 locum

131 1777 393 1832 Nicolaus
418 1777 705 1832 Antonius
749 1777 834 1848 (c).
870 1779 1044 1833 Porro
1089 1779 1329 1835 concilio
1361 1780 1795 1848 Barcinonensi,
1865 1774 2088 1832 dubitat
2115 1777 2521 1848 Wesselingius
2555 1777 2651 1847 (η),
2694 1777 2841 1831 sitne
2888 1776 3112 1832 abbatis
3138 1777 3373 1833 Sabaria
3409 1779 3490 1831 at-

132 1870 538 1941 subscripsisse
591 1887 744 1926 anno
777 1874 878 1926 599
923 1872 1273 1944 comperitur
1317 1873 1389 1943 (d)
1435 1889 1500 1928 ac
1530 1847 1840 1928 demumB

133 1963 429 2018 Svinthilse
461 1962 620 2033 regis
647 1965 836 2032 astate,
867 1963 928 2018 id
959 1968 1063 2031 est,
1096 1968 1226 2036 post
1253 1982 1471 2020 annum
1501 1969 1622 2046 621,
1652 1983 1766 2038 quo

134 2055 224 2110 ille
254 2071 510 2126 regnare
547 2055 734 2126 coepit,
767 2057 1030 2112 Sisebuto
1062 2061 1120 2112 et
1159 2058 1451 2113 Recaredo
1483 2059 1606 2129 ejus
1647 2059 1765 2114 ﬁlio

137 2151 318 2203 morte
351 2147 619 2214 sublatis,
639 2147 831 2219 ipsum
861 2148 934 2203 ad
955 2150 1126 2204 caelos
1157 2151 1461 2222 migrasse,
1494 2151 1768 2206 ecclesiae-

137 2257 240 2312 que
266 2240 664 2296 Gerundensis
693 2241 955 2312 regimen
981 2243 1188 2298 Nonito
1219 2244 1538 2316 reliquisse,
1565 2244 1768 2300 litteris

136 2333 574 2389 commendavit
598 2333 864 2389 laudatus
891 2335 1143 2390 Mariana
1164 2335 1250 2407 (e).
1281 2338 1458 2391 Paulo
1489 2337 1656 2392 aliter
1681 2337 1769 2393 Ni-

136 2428 320 2482 colaus
351 2427 662 2494 Antonius,
693 2444 760 2482 ex
787 2444 900 2498 quo
928 2445 1061 2483 eum
1104 2429 1280 2484 vitam
1312 2429 1646 2500 produxisse
1676 2448 1765 2486 us-

141 2536 246 2590 que
271 2520 346 2575 ad
370 2537 600 2575 annum
628 2523 731 2576 620
757 2520 1069 2576 edocemur
1096 2521 1180 2590 (f).

205 2614 264 2668 ll.
311 2613 560 2684 Scripsit
593 2613 917 2669 Chronicou
961 2615 1032 2668 ab
1077 2631 1230 2669 anno
1274 2618 1376 2670 566
1421 2632 1534 2687 quo
1578 2615 1770 2671 Victor

139 2706 498 2761 Tununensis
523 2706 711 2772 desiit,
742 2723 920 2777 usque
943 2706 1016 2761 ad
1043 2724 1260 2762 annum
1288 2711 1412 2777 590,
1460 2708 1518 2762 id
1563 2713 1666 2776 est,
1696 2709 1768 2764 ab

140 2815 286 2854 anno
318 2802 339 2853 1
382 2798 596 2854 Justini
625 2799 874 2869 junioris
904 2799 978 2854 ad
1005 2816 1224 2854 annum
1252 2803 1284 2855 8
1310 2801 1552 2856 Mauritii
1584 2801 1764 2872 impe-

142 2891 339 2946 ratoris
361 2895 419 2946 et
437 2891 722 2947 Recaredi
747 2891 902 2962 regis
924 2893 978 2947 4.
1005 2893 1188 2947 Adisis
1214 2893 1452 2965 Pagium
1481 2894 1574 2964 (g).
1606 2894 1768 2950 Unde

1866 1885 1975 1940 que
2002 1869 2062 1924 in
2095 1869 2295 1925 Isidori
2321 1870 2530 1926 Chron.
2577 1871 2768 1937 60th.,
2809 1887 2924 1925 aera
2953 1873 3077 1940 608,
3121 1871 3362 1932 Sibaria,
3394 1884 3489 1924 ea-

1867 1962 2000 2016 dem
2025 1967 2195 2033 atque
2235 1963 2454 2020 Sibaria
2482 1963 2540 2017 in
2582 1963 2882 2018 ltinerario
2911 1961 3192 2019 Antonini
3224 1960 3485 2032 Augusti.

1868 2072 1896 2106 α
1926 2053 2206 2132 Videntur
2250 2055 2430 2122 enim,
2474 2055 2682 2127 inquit,
2725 2055 3082 2127 provinciam
3123 2055 3298 2110 fuisse
3337 2053 3488 2110 indi-

1866 2163 2017 2214 care,
2061 2163 2396 2220 quanquam
2445 2152 2501 2203 et
2532 2165 2600 2203 ea
2627 2149 2699 2204 ab
2751 2149 2889 2203 urbe
2920 2163 3248 2219 cognomen
3279 2147 3490 2202 ducere

1866 2240 2136 2310 potuerit.
2163 2241 2234 2295 Ut
2260 2243 2320 2294 ut
2345 2244 2450 2309 est,
2470 2241 2611 2296 nihil
2643 2257 2785 2313 Opus
2815 2241 2923 2296 erit
2949 2241 3022 2296 ad
3044 2239 3300 2312 episcopi
3329 2239 3489 2296 Siba-

1866 2332 2070 2386 riensis
2089 2333 2344 2388 Januarii
2366 2334 2462 2404 qui
2481 2334 2840 2391 llliberitanee
2868 2335 3086 2405 synodo
3112 2333 3392 2402 interfuit,
3412 2349 3498 2388 se-

1867 2426 2000 2480 dem
2028 2425 2491 2481 constituendam
2524 2427 2690 2499 nugis
2725 2427 3018 2498 Higuerraa
3055 2443 3126 2482 ex
3155 2425 3494 2497 Luitprandi

1865 2518 2236 2585 Adversariis,
2266 2536 2423 2574 num.
2453 2523 2576 2588 226,
2592 2537 2626 2574 a
2646 2519 2872 2591 quibus,
2897 2520 3052 2591 quod
3076 2520 3262 2575 obiter
3281 2534 3492 2574 moneo

1867 2628 1984 2666 non
2014 2611 2162 2667 bene
2189 2612 2293 2667 sibi
2325 2612 2472 2668 cavit
2511 2613 2687 2684 ampl.
2717 2616 2972 2684 Cuperus
3017 2613 3091 2668 ad
3135 2612 3492 2668 Lactantium

1869 2705 1939 2759 de
1963 2705 2185 2760 Mortib.
2214 2709 2495 2777 persecut.
2521 2709 2693 2778 caput
2715 2710 2799 2762 16.
2831 2729 2858 2756 »
2883 2708 3012 2761 Haec
3033 2706 3148 2762 ille.
3171 2707 3327 2761 Alter
3353 2721 3496 2776 prea-

1868 2801 2027 2853 terea
2051 2799 2208 2853 locus
2234 2802 2416 2854 exstat
2436 2799 2511 2854 ad
2537 2815 2755 2854 annum
2783 2803 2814 2854 9
2832 2799 3056 2867 Justini,
3085 2799 3183 2870 qui
3209 2798 3288 2853 sic
3315 2815 3373 2852 se
3399 2798 3496 2852 ha-

1868 2891 1967 2944 bet
1987 2891 2054 2960 (o)
2087 2909 2100 2946 :
2129 2890 2552 2947 Aramundarus
2577 2895 2964 2950 Saracenorum
2989 2907 3088 2947 rea:
3115 2892 3494 2950 Constantino-

141 2984 359 3038 Vossius
383 2983 790 3054 corrigendus,
814 2985 909 3056 qui
929 2985 1174 3041 Mauritii
1205 3003 1424 3041 annum
1451 2990 1483 3042 8
1513 2991 1572 3042 et
1601 2988 1771 3042 Reca—
1861 2984 2035 3053 polim
2083 2986 2233 3039 venit
2277 2989 2326 3040 et
2369 3000 2487 3041 cum
2531 2989 2752 3041 stemate
2795 3000 2909 3052 suo,
2953 2987 3060 3039 etc.
3115 2984 3218 3039 Ubi
3268 2983 3491 3040 Cotele-

144 3076 258 3130 redi
279 3077 312 3132 4
332 3077 537 3132 statuit
557 3076 762 3132 Christi
785 3093 1003 3132 annum
1029 3079 1148 3132 594.
1173 3080 1348 3134 Porro
1372 3096 1438 3134 ex
1456 3083 1768 3151 purpurato

145 3173 297 3238 patre
325 3169 396 3224 de
439 3169 688 3240 Aguirre
728 3169 1104 3240 intelligimus
1139 3170 1232 3241 (h),
1262 3175 1483 3227 exstare
1525 3173 1678 3244 apud
1711 3191 1768 3228 se

145 3261 501 3318 additionem
553 3262 754 3317 incerti
801 3262 1047 3318 auctoris
1101 3263 1174 3318 ad
1223 3263 1374 3318 istud
1424 3265 1766 3334 Chronicon,

143 3355 629 3426 complectentem
659 3359 821 3426 gesta
851 3355 922 3410 ab
960 3372 1112 3411 anno
1133 3356 1338 3412 Christi
1369 3359 1463 3412 601
1492 3375 1668 3428 usque
1698 3359 1770 3413 ad

145 3463 356 3502 annum
381 3449 488 3503 742
519 3464 696 3518 quam
719 3465 776 3502 se
798 3447 857 3502 in
899 3449 1084 3502 lucem
1127 3448 1417 3504 editurum
1447 3451 1767 3521 pollicetur.

145 3539 266 3593 Haec
283 3540 494 3610 Pagius
515 3540 597 3610 (i).
621 3539 915 3610 Ejusmodi
931 3557 1065 3594 vero
1085 3540 1262 3596 nostri
1284 3544 1541 3612 praesulis
1558 3544 1771 3598 Gerun-

149 3630 331 3686 densis
351 3632 704 3699 Chronicon,
728 3631 1079 3704 descriptum
1102 3633 1172 3688 ab
1193 3634 1424 3688 Andrea
1447 3635 1681 3691 Schotto
1703 3653 1769 3691 ex

148 3723 346 3779 Codice
365 3725 731 3781 bibliotheca:
747 3726 1054 3794 Toletanaa,
1073 3726 1291 3797 primus
1309 3727 1517 3796 publici
1531 3728 1678 3798 juris
1693 3730 1770 3784 fe-

149 3815 219 3870 cit
237 3817 574 3888 lngolstadii
591 3834 744 3873 anno
761 3821 916 3884 1600,
935 3834 1064 3873 cum
1082 3818 1306 3874 Victore
1323 3820 1674 3889 Tununensi,
1697 3823 1772 3877 le-

150 3909 375 3977 gatione
397 3909 734 3982 Luitprandi
761 3910 834 3964 ad
854 3911 1237 3981 Nicephorum
1257 3912 1508 3968 Pbocam
1528 3918 1586 3968 et
1599 3932 1768 3984 syno-

152 3999 220 4055 do
237 4001 505 4058 Buvarica
526 4001 800 4058 Henricus
820 4002 1106 4068 Canisius;
1131 4004 1284 4075 quod
1303 4008 1502 4076 postea
1518 4006 1772 4077 Scaliger

151 4094 508 4150 emendatius
527 4095 928 4150 excudendum
953 4096 1170 4151 curavit
1193 4098 1431 4152 Amstel.
1457 4115 1610 4154 anno
1635 4103 1769 4155 1606

151 4183 206 4239 in
229 4186 518 4244 Thesauro
544 4189 892 4259 Temporum
921 4203 1052 4244 cum
1073 4189 1316 4244 Eusebio
1342 4189 1581 4262 aliisque
1601 4192 1771 4248 Chro-

152 4281 476 4352 nographis.
500 4282 640 4336 Aliae
661 4281 787 4337 duas
804 4285 1086 4353 praeterea
1105 4285 1325 4338 exstant
1343 4283 1578 4355 hujusce
1599 4285 1773 4341 Chro-

222 4445 292 4522 (ᾳ)
314 4448 594 4522 Mariam,
613 4448 683 4504 de
712 4443 852 4504 R'eb.
874 4448 1056 4522 Hisp.,
1079 4449 1178 4505 lib.
1209 4466 1260 4516 v,
1295 4466 1418 4522 cap.
1452 4454 1535 4519 13,
1564 4454 1704 4508 tom.
1727 4455 1766 4520 Ι,

155 4530 206 4584 p.
230 4519 359 4590 .1887,
384 4520 523 4574 edit.
555 4521 696 4590 Hag.
728 4519 932 4576 Comit.
966 4519 1119 4576 1733.

159 4659 440 4806 ?.(2)5.Nic.
460 4733 620 4806 Ant,
655 4731 797 4787 Bibl.
818 4735 930 4786 vet.
961 4731 1138 4804 Hisp.,
1165 4733 1263 4789 lib.
1293 4750 1366 4801 ιν,
1393 4749 1518 4806 cap.
1551 4737 1601 4800 5,
1624 4736 1768 4790 tom.

160 4797 197 4854 Ι.
219 4813 386 4872 pagg.
415 4804 516 4856 227
546 4818 666 4872 seq.

161 4869 308 4991 ng),
330 4872 542 4927 concn'
599 4869 740 4928 tbm'
791 4874 878 4940 VI:
931 4890 986 4944 P.
1025 4874 1178 4941 1340,
1225 4893 1275 4942 c,
1322 4875 1460 4930 edit.
1521 4879 1541 4930 1
1596 4877 1768 4930 Ven.-

239 5009 283 5082 εξ)
312 5010 541 5082 Mabill.,
574 5013 683 5070 loc.
719 5015 815 5069 cit.

237 5081 281 5152 f)_
310 5081 424 5136 Nic.
458 5081 614 5152 Ant.,
645 5085 752 5140 loc.
781 5085 877 5140 cit.

154 5213 181 5284 ξ
211 5148 290 5272 ἐς)
320 5153 499 5224 Pagi.,
527 5148 609 5210 ad
639 5172 776 5210 ann.
807 5159 928 5223 589,
957 5155 987 5229 §
1020 5161 1050 5210 7
1077 5174 1095 5222 ;
1126 5161 1184 5212 et
1215 5160 1337 5224 591,
1375 5159 1405 5232 §
1438 5165 1468 5214 5
1499 5179 1515 5230 ;
1559 5163 1617 5213 et
1647 5163 1769 5228 593,

155 5269 181 5284 υ
219 5269 401 5376 ζξῌὴ
428 5295 680 5376 ᾼειιξιτη
706 5298 878 5376 Notit.
907 5297 1197 5376 concilior.
1231 5301 1484 5373 Hispan.,
1518 5317 1649 5374 pag.
1681 5306 1768 5358 95.

225 5355 289 5430 (ἥ
306 5355 512 5436 Pagi.,"
515 5367 589 5422 ad
616 5355 752 5424 alin.
781 5371 903 5436 589,
933 5369 1036 5442 §7.

218 5007 234 5212 ἓ

1869 3077 1987 3131 rius
2016 3076 2114 3147 (p).

1943 3189 1971 3222 «
1995 3170 2215 3242 Reponi
2231 3175 2439 3243 potest,
2465 3171 2670 3244 inquit,
2699 3174 2980 3240 schemate,
3010 3189 3110 3227 seu
3136 3171 3325 3244 potius
3343 3175 3498 3226 stem-

1869 3268 2051 3329 mate;
2109 3273 2277 3335 σχῆμα
2325 3265 2502 3332 enim,
2546 3267 2778 3328 schema,
2833 3267 3068 3328 habitus,
3129 3265 3342 3336 passim
3389 3264 3499 3320 hoc

1871 3373 2040 3410 sensu
2057 3361 2396 3412 occurrunt:
2420 3378 2448 3408 ι»
2476 3365 2664 3428 στέμμα
2691 3364 3104 3426 vero,stemma,
3125 3357 3185 3412 id
3213 3361 3318 3424 est,
3345 3373 3494 3414 coro-

1870 3465 1963 3516 na,
1990 3454 2211 3504 sertum.
2262 3451 2481 3505 Tertius
2515 3451 2764 3522 denique
2797 3452 2954 3506 locus
2984 3451 3224 3505 habetur
3269 3449 3342 3504 ad
3391 3466 3493 3504 an-

1871 3558 2010 3596 num
2045 3545 2075 3596 3
2104 3543 2368 3611 Mauritii,
2402 3543 2497 3598 ubi
2536 3544 2616 3598 sic
2646 3544 2714 3614 (q)
2743 3561 2756 3600 ;
2789 3543 3037 3599 Castrum
3064 3559 3186 3598 vero
3213 3543 3356 3612 quod
3379 3545 3492 3598 Ho-

1869 3635 2053 3690 dierno
2077 3641 2316 3691 vocatur.
2358 3635 2456 3690 Hic
2504 3638 2698 3690 autem
2738 3653 2840 3706 pro
2883 3636 3154 3692 Hodierno
3184 3633 3494 3705 legendum

1876 3730 2142 3797 Ugemum
2169 3745 2237 3782 ex
2266 3728 2544 3798 Gregorio
2571 3728 2888 3784 Turonensi
2917 3729 3115 3800 liquet,
3151 3728 3250 3798 qui
3276 3742 3496 3782 memo-

1870 3824 1960 3874 rat
2005 3823 2270 3890 Ugernum
2299 3823 2612 3878 Arelatense
2654 3826 2891 3878 castrum
2929 3822 3017 3891 (τ’).
3049 3820 3136 3875 Ad
3163 3837 3291 3892 quae
3320 3819 3496 3874 verba

1871 3913 2062 3968 videas
2091 3915 2368 3970 adnotata
2392 3915 2707 3971 Ruinartio.
2742 3915 2821 3969 De
2851 3898 3089 3969 celebris
3127 3913 3296 3984 hujus
3326 3911 3496 3968 castri

1873 4007 2110 4062 nomine
2140 4009 2304 4080 plura
2335 4008 2475 4063 item
2503 4008 2770 4064 observat
2797 4007 3004 4080 Pagius
3034 4007 3098 4079 (δ)
3145 4009 3275 4079 post
3301 4005 3495 4061 Adria-

1871 4117 2012 4155 num
2038 4101 2323 4157 Valesium
2351 4103 2430 4173 (ι),
2455 4105 2513 4157 et
2539 4106 2668 4174 post
2686 4101 2926 4174 Pagium
2959 4100 3361 4172 Wesselingius
3377 4114 3496 4154 mo-

1873 4193 1946 4248 do
1971 4193 2236 4250 laudatus
2261 4193 2356 4266 (α).

1925 4456 1998 4595 ’ξῇ
2029 4459 2116 4513 Fr.
2148 4441 2388 4525 Schem,
2418 4459 2648 4531 Hispan.
2683 4460 2884 4514 illustr.
2919 4461 3063 4514 tom.
3093 4460 3180 4524 ιν,
3212 4475 3266 4529 p.
3301 4461 3422 4512 153.

1961 4530 2008 4595 k)
2039 4531 2120 4583 De
2149 4529 2399 4595 Aguirr.,
2427 4530 2640 4584 Concil.
2672 4530 2902 4595 Hispan.
2940 4533 3080 4584 tom.
3110 4531 3175 4594 ΙΙ,
3205 4545 3260 4595 p.
3295 4529 3420 4582 421.

1961 4530 2008 4598 k)
2039 4531 2120 4583 De
2149 4529 2399 4600 Aguirr.,
2427 4529 2640 4584 Concil.
2672 4530 2902 4600 Hispan.
2940 4533 3080 4584 tom.
3110 4531 3175 4594 ΙΙ,
3205 4545 3273 4600 ρ.
3295 4529 3420 4582 421.

223 4587 298 4670 (91
309 4569 1219 4658 ὶλὲιῖίὶἰῖ.”Ᾰῖἰὶιιῖιῖ”ὖέηὲέ1ἶζ⁷111),
1258 4607 1340 4662 ιιι,
1373 4590 1517 4664 §35.
1545 4594 1694 4647 tom.
1726 4594 1767 4660 ι,
1789 4569 1848 4642 D
1943 4569 2008 4667 ἱὶῖ
2033 4569 3490 4670 ἓέεἱιέῗεῗξ⁸ᾖῖἑέῗ”ϋὸιὶζ“ἱὸ’ῗ“ἔοὲἵ.’“ἐοῖἱί.¹’ἰ,“ι;εὶε.

1964 4739 2035 4812 m)
2065 4740 2283 4808 Biclar.,
2317 4735 2550 4809 Chron.,
2577 4740 2746 4796 infra.
2785 4741 2915 4810 (Col.
2945 4741 3090 4812 864.)

1959 4811 2016 4870 n)
2043 4812 2295 4883 Wessel.,
2323 4813 2447 4866 Vet.
2477 4813 2715 4866 Roman.
2744 4811 2960 4879 ltiner.,
2989 4811 3120 4883 pag.
3147 4812 3270 4867 435.

1965 4883 2015 4950 ο)
2043 4882 2267 4950 Biclar.,
2294 4883 2528 4950 Chron.,
2560 4883 2730 4938 infra.
2762 4884 2891 4949 (Col.
2925 4882 3073 4952 865.)

2000 4953 2016 5026 )
2039 4953 2483 5026 CotelerqiEccl.
2512 4954 2604 5026 Gr.
2629 4955 2878 5009 Monum.
2901 4955 3104 5026 tom.l,
3133 4971 3190 5026 p.
3219 4955 3343 5020 806,
3367 4970 3419 5008 e.

1965 5024 2018 5097 q_)
2051 5024 2275 5097 Uiclar.,
2297 5025 2733 5097 Chron.,ginfra.
2759 5025 2892 5097 (Col.
2913 5025 3070 5097 867.)

1963 5095 2010 5177 r)
2037 5095 2204 5177 greg.
2233 5097 2466 5177 Tu_ron.,
2664 5095 2862 5177 [fr-anc.
2887 5095 2984 5150 lib.
3017 5111 3137 5166 vm,
3169 5113 3294 5168 cap.
3332 5097 3418 5150 30.

1965 5168 2006 5238 ε)
2037 5165 2218 5238 Pagi.,
2250 5167 2322 5221 ad
2352 5184 2488 5221 ann.
2516 5168 2638 5232 584,
2665 5165 2695 5238 §
2722 5168 2774 5220 4.

1967 5237 2009 5308 ί)
2033 5237 2168 5292 Adr.
2193 5238 2403 5304 Vales.,
2431 5238 2602 5292 Notit.
2629 5237 2876 5304 Galliam,
2905 5237 3080 5294 verbo
3112 5241 3396 5308 Ugemum.

1964 5307 2021 5378 α)
2051 5308 2306 5377 Wessel.,
2339 5310 2446 5364 loc.
2475 5309 2594 5377 cit.,
2621 5325 2754 5382 pag.
2786 5311 2904 5364 553.

1943 5167 1962 5378 ἓ
