4022 6426
441 2579 452 2586 _
536 2523 739 2562 norum
768 2506 1013 2560 efﬁcitur
1037 2507 1371 2578 imperator.

1689 431 2097 440 “ﬂ...—

2637 413 3970 437 Mt

541 432 3970 464 W

1306 559 1754 634 JOANNIS
1777 609 1802 650 ,
1853 555 2302 631 ABBATIS
2351 553 3040 630 BICLARENSIS
3061 605 3087 645 ,

1530 714 2868 887 CHRONICON,

1653 943 2038 988 CONTINUANS
2081 943 2182 986 UBI
2222 940 2443 985 VICTOR
2488 939 2748 982 DESINIT.

603 1123 736 1176 Post
765 1119 1092 1186 Eusebium,
1119 1120 1478 1173 Caesariensis
1503 1119 1762 1174 Ecclesiae
1795 1121 2141 1190 episcopum,
2167 1131 2222 1202 Α

535 1213 942 1282 Hieronymum
985 1215 1108 1266 toto
1154 1211 1290 1266 orbe
1335 1215 1536 1266 notum
1577 1211 1991 1282 presbyterum,
2042 1227 2146 1265 nec

536 1320 652 1358 non
670 1309 727 1357 et
743 1305 1104 1374 Prosperum,
1117 1303 1300 1358 virum
1315 1303 1665 1374 religiosum,
1680 1306 1850 1375 atque
1863 1304 2145 1358 Victorem

532 1397 890 1451 Tununensis
933 1396 1194 1450 Ecclesia:
1223 1396 1504 1450 Africana
1536 1397 1882 1467 episcopum,
1917 1397 2014 1466 qui
2057 1396 2145 1449 hi-

536 1489 771 1544 storiam
802 1489 1061 1544 omnium
1089 1505 1234 1560 pene
1265 1489 1521 1559 gentium
1543 1505 1767 1543 summa
1789 1489 2064 1543 brevitate
2093 1493 2151 1542 et

535 1581 833 1652 diligentia
861 1586 1160 1636 contexere
1179 1581 1281 1636 visi
1309 1585 1459 1649 sunt,
1493 1585 1551 1636 et
1580 1597 1756 1651 usque
1789 1581 1862 1635 ad
1892 1585 2148 1636 nostram

536 1677 762 1728 etatem
799 1673 1127 1743 congeriem
1171 1675 1560 1744 perduxerunt
1589 1689 1894 1741 annorum,
1939 1678 1996 1728 et
2021 1690 2147 1744 quas

535 1770 660 1820 acta
689 1768 818 1820 sunt
849 1766 906 1820 in
935 1767 1154 1820 mundo
1186 1767 1258 1820 ad
1288 1766 1644 1837 agnitionem
1688 1769 1944 1820 nostram
1971 1771 2152 1821 trans-

533 1858 815 1912 miserunt
841 1874 853 1912 :
879 1875 983 1914 nos
1005 1875 1144 1928 ergo
1165 1859 1224 1912 in
1251 1858 1537 1929 adjutorio
1571 1859 1797 1913 Domini
1825 1859 1999 1913 nostri
2021 1861 2150 1914 Jesu

532 1951 756 2018 Christi,
788 1967 914 2022 quae
941 1951 1296 2022 temporibus
1336 1951 1542 2004 nostris
1569 1956 1693 2006 acta
1718 1957 1866 2019 sunt,
1897 1969 1962 2006 ex
1987 1955 2148 2022 parte

533 2044 689 2114 quod
732 2045 953 2098 oculata
999 2044 1112 2097 ﬁde
1150 2043 1514 2114 pervidimus,
1545 2047 1602 2098 et
1644 2060 1708 2098 ex
1739 2048 1898 2114 parte
1927 2061 2054 2114 quae
2085 2061 2151 2099 ex

531 2137 715 2190 relatu
749 2136 1004 2190 fidelium
1047 2136 1368 2203 didicimus,
1418 2137 1736 2190 studuimus
1781 2137 1853 2191 ad
1897 2142 2152 2208 posteros

537 2228 883 2284 notescenda
909 2229 1065 2283 brevi
1094 2229 1238 2299 style
1264 2229 1674 2284 transmittere.

604 2321 810 2385 Quinta
839 2321 1061 2375 decima
1083 2337 1220 2390 ergo
1250 2321 1578 2388 indictione,
1609 2325 1674 2376 ut
1695 2321 1907 2376 dictum
1936 2325 2039 2389 est,
2063 2325 2152 2378 Ju-

535 2414 783 2468 stiniano
815 2417 1063 2482 mortuo,
1091 2414 1343 2468 Justinus
1365 2415 1566 2484 junior
1595 2431 1774 2484 nepos
1799 2416 1918 2486 ejus
1949 2416 2152 2470 Roma-

605 2601 1000 2654 Romanorum
1035 2600 1167 2664 Llll,
1205 2601 1411 2670 regnat
1451 2617 1700 2654 JL'STINL'S
1743 2600 1942 2670 junior
1985 2602 2151 2655 annis

533 2709 606 2747 x1.
633 2693 736 2756 Qui
765 2691 1016 2747 Justinus
1042 2708 1194 2746 anno
1222 2693 1406 2762 primo
1435 2693 1602 2763 regni
1632 2693 1738 2758 sui,
1768 2709 1835 2747 ea
1862 2709 1988 2764 quae
2013 2711 2146 2748 con-

533 2789 622 2839 tra
644 2785 926 2855 synodum
955 2785 1482 2839 Chalcedonensem
1501 2786 1731 2839 fuerant
1745 2790 2147 2852 commentata,

535 2876 810 2932 destruxit
829 2877 1266 2947 symbolumque
1289 2881 1615 2932 sanctorum
1641 2895 1704 2930 CL
1723 2879 1954 2932 Patrum
1983 2881 2152 2934 Cons-

537 2969 873 3039 tantinopoli
899 2974 1402 3040 congregatorum,
1431 2975 1488 3024 et
1514 2971 1570 3022 in
1602 2970 1819 3039 synodo
1847 2971 2153 3026 Chalcedo-

537 3062 699 3116 nensi
726 3061 1087 3115 laudabiliter
1115 3065 1430 3130 receptum,
1463 3061 1520 3114 in
1549 3063 1707 3115 omni
1735 3063 2010 3117 catholica
2048 3065 2147 3118 Ec-

535 3153 704 3208 clesia
719 3171 751 3207 a
772 3154 984 3224 populo
1012 3153 1428 3207 concinendum
1451 3153 1780 3221 intromisit,
1800 3155 1954 3225 prius
1979 3173 2149 3227 quam

537 3245 829 3300 Dominica
855 3246 1077 3300 dicatur
1103 3245 1305 3300 oratio.

605 3340 989 3392 Armenorum
1037 3355 1176 3408 gens
1223 3342 1278 3392 et
1314 3338 1629 3406 lberorum,
1669 3341 1828 3410 quia
1873 3341 2145 3411 praadica-

539 3431 690 3486 tione
731 3432 1116 3502 apostolorum
1151 3431 1354 3487 Christi
1387 3436 1755 3502 susceperunt
1785 3433 1977 3499 fidem,
2009 3434 2147 3487 dum

536 3541 569 3578 a
592 3524 806 3580 Cosdra
833 3526 1133 3578 Persarum
1173 3525 1522 3596 imperatore
1551 3525 1622 3579 ad
1651 3526 1928 3580 culturam
1975 3526 2149 3580 idolo-

535 3634 664 3672 rum
689 3619 1189 3688 compellerentur,
1216 3622 1525 3672 renuentes
1546 3623 1666 3672 tam
1692 3619 1926 3689 impiam
1940 3619 2145 3689 jussio-

533 3726 686 3778 nem,
729 3710 1002 3764 Romanis
1035 3726 1091 3764 se
1119 3727 1252 3764 cum
1279 3711 1583 3781 provinciis
1610 3711 1724 3764 suis
1753 3711 2147 3776 tradiderunt;

535 3819 662 3873 qua:
708 3819 798 3856 res
850 3803 998 3856 inter
1047 3803 1336 3857 Romanos
1379 3807 1435 3858 et
1481 3805 1680 3857 Persas
1730 3804 1884 3873 pacis
1937 3805 2149 3859 fozdera

533 3895 706 3966 rupit.

604 3989 770 4042 Anno
800 4003 838 4042 ll
865 3987 1171 4041 memorati
1199 3989 1490 4058 principis,
1519 3988 1578 4042 in
1609 3989 1766 4058 regia
1793 3990 1930 4044 urbe
1961 3991 2146 4045 Ethe-

533 4080 648 4133 rius
671 4083 727 4133 et
755 4079 996 4133 Additus
1017 4079 1256 4148 patricii,
1278 4079 1414 4133 dum
1431 4081 1650 4135 Justino
1674 4085 1919 4135 mortem
1941 4084 2151 4136 vellent

531 4187 750 4226 veneno
783 4171 971 4241 potius
997 4188 1172 4242 quam
1202 4174 1350 4226 ferro
1381 4189 1480 4242 per
1503 4174 1754 4228 medicos
1780 4173 2010 4241 inferre,
2041 4176 2136 4230 de-

533 4264 688 4329 tecti,
718 4263 945 4334 capitali
975 4265 1635 4335 sententiapunirijussi,
1668 4267 1867 4335 priora
1893 4268 2027 4321 feris
2056 4268 2149 4321 de-

535 4359 781 4424 voratus,
829 4357 1111 4410 secundus
1151 4357 1426 4412 incendiis
1471 4363 1863 4414 eoncrcmatus
1911 4360 2144 4414 interiit.

530 4451 782 4505 Justinus
803 4450 951 4504 ﬁlius
981 4451 1250 4504 Germani
1279 4451 1519 4522 patricii,
1547 4453 1918 4506 consobrinus
1946 4454 2146 4507 Justini

531 4542 906 4613 imperatoris,
948 4543 1192 4598 factione
1242 4545 1467 4614 Sophia:
1501 4548 1770 4615 Augusta:
1799 4545 1856 4599 in
1904 4547 2142 4600 Alexan-

533 4635 658 4690 dria
683 4636 976 4690 occiditur.
1009 4636 1098 4690 His
1131 4637 1484 4708 temporibus
1516 4638 1890 4692 Athanaildus
1918 4655 2014 4692 rex
2040 4641 2142 4692 Go-

533 4729 759 4784 thorum
780 4729 835 4782 in
858 4729 1126 4800 Hispania
1149 4730 1276 4783 vita)
1297 4731 1468 4784 linem
1489 4731 1752 4801 suscepit,
1771 4735 1827 4786 ct
1850 4731 2020 4784 Luiba
2043 4749 2144 4802 pro

530 4837 597 4875 eo
629 4822 686 4876 in
713 4839 958 4892 regnum
989 4823 1334 4892 provehitur.

597 4919 762 4970 Anno
791 4932 848 4970 Ill
873 4915 1107 4970 Justinis
1145 4916 1508 4986 imperatoris
1535 4918 1906 4970 Garamantes
1937 4933 2035 4986 per
2071 4918 2146 4971 le-

531 5011 712 5076 gatos,
746 5008 868 5078 paci
895 5009 960 5062 R.
989 5009 1048 5062 P.
1084 5012 1140 5062 et
1165 5009 1297 5062 ﬁdei
1329 5009 1661 5062 Christianas
1693 5009 1886 5062 soeiari
1921 5010 2140 5064 deside-

531 5105 721 5153 rantes
755 5105 1035 5170 poscunt:
1083 5102 1178 5172 qui
1223 5102 1414 5156 statim
1464 5108 1768 5173 utrumque
1811 5103 2140 5172 impetrant.

528 5193 855 5247 Theodorus
875 5196 1170 5263 przefcctus
1194 5195 1393 5248 Africa:
1417 5213 1448 5249 a
1470 5195 1672 5249 Mauris
1695 5196 2024 5248 interfectus
2040 5199 2140 5249 est.
2163 5217 2222 5288 D

531 5284 894 5338 Mauritarum
918 5302 1056 5356 gens
1083 5287 1168 5340 his
1201 5288 1554 5358 temporibus
1583 5289 1757 5341 fidem
1787 5288 2004 5358 recipit.
2041 5290 2146 5342 Hu-

525 5376 619 5445 jus
651 5375 872 5446 impcrii
909 5395 1061 5431 anno
1093 5395 1152 5434 Ill
1187 5381 1541 5450 Leovigildus
1573 5397 1881 5450 germanus
1909 5381 2144 5435 Luibani

534 5468 703 5536 regis,
732 5470 1028 5537 superstite
1061 5471 1253 5538 fratre,
1283 5473 1338 5526 in
1373 5490 1614 5542 regnum
1651 5474 1929 5527 citerioris
1957 5474 2144 5544 Hispa-

531 5561 640 5614 nia:
667 5561 1060 5624 constituitur;
1106 5565 1474 5619 Gosuintliam
1525 5567 1777 5620 relictam
1816 5568 2141 5621 Athanaildi

528 5656 585 5709 in
608 5653 940 5724 conjugium
964 5653 1166 5724 accipit
1194 5672 1206 5720 ;
1232 5661 1283 5710 et
1307 5659 1655 5727 provinciam
1679 5661 1990 5714 Gothorum
2014 5677 2142 5731 quae

521 5749 642 5818 jam
676 5763 778 5819 pro
811 5746 1119 5800 rebellione
1139 5747 1487 5805 diversorum
1512 5753 1697 5806 fuerat
1716 5753 2018 5822 diminuta,
2041 5755 2142 5809 mi-

531 5842 783 5896 rabiliter
810 5839 882 5894 ad
910 5839 1178 5909 pristinos
1205 5848 1428 5897 revocat
1457 5844 1748 5898 terminos.

2170 3857 2224 3931 C

2314 1119 2478 1170 Anno
2528 1131 2582 1170 ιν
2620 1114 2823 1169 Justini
2871 1111 3241 1183 imperatoris
3283 1111 3392 1180 qui
3445 1113 3544 1162 est
3605 1106 3978 1176 Leovigildi

2243 1209 2397 1280 regis
2424 1207 2706 1262 secundus
2722 1222 2928 1272 annus,
2949 1204 3309 1259 Theoctistus
3334 1202 3654 1272 magister
3679 1199 3973 1253 militum

2244 1301 2550 1374 provinciae
2594 1298 2874 1354 Africanae
2920 1315 2954 1351 a
2982 1297 3192 1352 Mauris
3248 1296 3412 1350 bello
3464 1297 3831 1364 superatus
3885 1292 3974 1344 in-

2246 1395 2418 1449 teriit.

2317 1485 2672 1556 Leovigildus
2690 1500 2786 1538 rex
2813 1485 2936 1538 loca
2950 1482 3234 1537 Bastaniaa
3257 1484 3319 1536 et
3341 1479 3753 1536 Malacitanze
3773 1479 3972 1545 urbis,

2244 1580 2482 1651 repulsis
2509 1577 2803 1642 militibus,
2827 1579 3046 1641 vastat;
3061 1579 3120 1630 et
3144 1575 3333 1629 victor
3361 1573 3523 1627 solio
3557 1572 3763 1626 redit.
3793 1574 3978 1627 Justi-

2247 1691 2352 1727 nus
2379 1673 2691 1743 imperator
2716 1685 2819 1740 per
2845 1667 3134 1722 Tiberium
3167 1667 3602 1722 excubitorum
3653 1666 3972 1720 comitem

2246 1770 2306 1824 in
2335 1768 2571 1824 Thracia
2595 1767 2816 1820 bellum
2839 1765 2998 1836 genti
3031 1765 3430 1818 Barbarorum
3463 1763 3745 1833 ingerit,
3773 1766 3845 1815 et
3865 1763 3979 1815 vic-

2245 1866 2338 1917 tor
2359 1861 2614 1916 Tiberius
2659 1857 3226 1928 Constantinopolim
3269 1857 3454 1910 redit.
3511 1858 3585 1908 ln
3637 1856 3976 1926 provincia

2247 1955 2548 2019 Callaeciae,
2579 1953 2716 2007 Miro
2763 1954 2894 2022 post
2935 1950 3404 2005 Theodomirum
3455 1949 3844 2004 Suevorum
3875 1965 3976 2003 rex

2249 2044 2512 2099 efficitur.
3202 2049 3212 2058 '

2318 2140 2480 2190 Anno
2518 2133 2777 2189 vJustini
2823 2131 3189 2204 imperatoris
3234 2130 3338 2201 qui
3373 2135 3468 2185 est
3499 2147 3573 2186 ru
3610 2131 3974 2201 Leovigildi

2248 2229 2400 2300 regis
2428 2245 2632 2294 annus,
2657 2226 2912 2282 Justinus
2963 2226 3286 2296 imperator
3317 2225 3710 2280 Armeniam
3745 2228 3815 2280 et.
3845 2225 3971 2278 Ibe-

2247 2323 2412 2390 riam,
2436 2321 2680 2392 repulsis
2710 2319 2914 2385 Persis,
2945 2319 3239 2372 Romanas
3273 2317 3644 2388 provincias
3679 2318 3886 2372 facit:
3921 2323 3975 2370 et

2247 2415 2462 2469 bellum
2506 2416 2805 2468 Persarum
2840 2405 3160 2482 imperator
3189 2427 3294 2480 per
3325 2410 3518 2464 duces
3559 2411 3786 2481 parcit
3823 2412 3974 2482 [per

2249 2508 2409 2577 agit].
2438 2507 2712 2560 Amabilis
2741 2506 3019 2574 magister
3047 2503 3271 2558 militia
3304 2503 3627 2558 Africanae
3669 2522 3711 2558 a
3745 2505 3974 2558 Mauris

2251 2600 2541 2654 occiditur.
2599 2598 2956 2668 Leovigildus
3006 2614 3104 2650 rex
3149 2595 3481 2650 Asinodam
3533 2597 3970 2652 fortissimam

2251 2693 2554 2758 civitatem,
2583 2691 2908 2762 proditione
2953 2689 3261 2759 cujusdam
3313 2688 3738 2744 Frainidanei
3793 2696 3969 2745 nocte

2251 2790 2490 2854 occupat
2513 2801 2525 2838 :
2545 2788 2604 2837 et
2616 2783 2892 2837 militibus
2913 2781 3254 2848 interfectis,
3273 2786 3717 2837 memoratam
3748 2784 3967 2838 urbem

2251 2878 2322 2931 ad
2348 2878 2662 2931 Gothorum
2699 2879 2924 2928 revocat
2943 2875 3098 2944 jura.
3149 2875 3416 2928 Donatus
3448 2874 3662 2929 abbas
3721 2893 3970 2932 monas-

2250 2970 2375 3022 terii
2401 2969 2690 3022 Pernitani
2719 2967 3074 3020 mirabilium
3106 2972 3387 3036 operator
3406 2967 3628 3021 clarus
3665 2969 3964 3023 habetur.

2319 3065 2484 3114 Anno
2517 3077 2568 3113 γι
2593 3060 2797 3114 Justini
2827 3059 3195 3130 imperatoris
3224 3059 3324 3128 qui
3357 3062 3448 3114 est
3479 3060 3860 3131 Leovigildi
3885 3080 3966 3115 re-

2251 3154 2336 3223 gis
2376 3171 2428 3206 iv
2461 3170 2665 3221 annus,
2711 3152 3062 3222 Gepidarum
3112 3168 3370 3221 regnum
3417 3153 3634 3206 ﬁnem
3702 3156 3964 3226 accepit.

2251 3247 2411 3316 quia
2459 3245 2851 3315 Langobardis
2890 3245 3090 3316 praelio
3131 3245 3418 3314 superati,
3471 3246 3967 3302 Cunicmundus

2251 3355 2344 3391 rex
2375 3355 2580 3408 campo
2607 3338 2874 3392 occubuit
2901 3355 2916 3406 ;
2965 3342 3021 3391 et
3051 3337 3313 3390 thesauri
3349 3337 3484 3406 ejus
3519 3355 3649 3408 per
3683 3341 3960 3394 Trasari-

2250 3447 2378 3483 cum
2406 3430 2659 3483 Arriana!
2687 3433 2854 3484 sectae
2886 3431 3245 3499 episcopum,
3277 3432 3339 3482 et
3371 3429 3804 3499 Reptilanem
3856 3438 3960 3489 Cu-

2250 3522 2544 3576 nicmundi
2565 3526 2836 3592 nepotem
2853 3522 3074 3576 Justino
3101 3522 3472 3592 imperatore
3501 3524 3964 3580 Constantino-

2249 3615 2426 3684 polim
2455 3615 2529 3668 ad
2563 3614 2854 3684 integrum
2899 3615 3162 3684 perducti
3191 3619 3348 3668 sunt.
3390 3615 3820 3687 Lcovigildus
3867 3637 3962 3672 rex

2251 3707 2570 3762 Cordubam
2599 3708 2888 3761 civitatem
2923 3707 3022 3760 diu
3053 3707 3255 3760 Gothis
3283 3707 3594 3763 rebellem
3635 3717 3835 3767 nocte
3870 3730 3959 3766 oc-

2253 3805 2442 3870 cupat,
2469 3805 2526 3854 et
2550 3800 2706 3854 caesis
2740 3799 2998 3854 hostibus
3022 3800 3327 3870 propriam
3361 3802 3554 3866 facit;
3593 3806 3958 3876 multasque

2251 3893 2418 3946 urbes
2447 3897 2504 3946 et
2551 3894 2815 3959 castella,
2867 3893 3172 3946 interfecta
3231 3893 3618 3950 rusticorum
3688 3901 3960 3954 multitu-

2249 3986 2403 4054 dine,
2432 3985 2490 4038 in
2523 3986 2842 4040 Gothorum
2870 3985 3200 4038 dominium
3231 3991 3496 4040 revocat.
3534 3989 3705 4046 Miro
3743 3993 3960 4046 Suevo-

2253 4095 2380 4131 rum
2409 4095 2505 4130 rex
2547 4078 2761 4131 bellum
2790 4081 2990 4132 contra
3035 4080 3344 4147 Aragones
3393 4087 3640 4138 movet.
3683 4085 3958 4140 Domnus

2250 4171 2581 4224 Helenensis
2604 4170 2864 4224 Ecclesiae
2897 4169 3203 4240 episcopus
3230 4171 3428 4225 clarus
3449 4173 3770 4231 habetur.

2317 4267 2480 4318 Anno
2510 4281 2585 4317 vn
2614 4263 2814 4318 Justini
2862 4263 3229 4332 imperatoris
3262 4264 3364 4333 qui
3395 4271 3491 4320 est
3531 4267 3895 4342 Leovigildi
3929 4289 3956 4320 ν

2250 4375 2452 4426 annus,
2492 4356 2761 4410 Alboinus
2792 4355 3315 4426 Langobardorum
3353 4375 3460 4411 rex
3495 4361 3793 4418 factione
3830 4383 3956 4419 con-

2241 4450 2397 4520 jugis
2429 4465 2543 4504 suae
2575 4465 2606 4502 a
2641 4450 2755 4502 suis
2794 4451 2961 4503 nocte
3020 4448 3391 4503 interficitur.
3450 4453 3779 4510 Thesauri
3825 4475 3956 4512 vero

2249 4543 2370 4612 ejus
2416 4559 2542 4596 cum
2589 4541 2709 4612 ipsa
2749 4541 2954 4611 regina
3001 4541 3059 4594 in
3103 4542 3453 4612 reipublicm
3519 4547 3845 4605 Romanae
3882 4552 3956 4604 di-

2246 4636 2461 4690 tionem
2513 4635 2860 4702 obveniunt,
2913 4638 2973 4687 et
3035 4635 3413 4704 Langobardi
3473 4639 3621 4696 sine
3701 4661 3852 4714 rege
3904 4651 3955 4697 et

2247 4729 2513 4782 thesauro
2564 4743 2921 4781 remansere.
2978 4727 3073 4780 His
3124 4727 3333 4781 diebus
3395 4729 3606 4788 Luiha
3665 4754 3778 4791 rex
3832 4741 3952 4791 vitm

2247 4822 2420 4874 ﬁnem
2447 4820 2683 4890 accepit,
2737 4823 2794 4873 et
2824 4819 3097 4890 Hispania
3137 4819 3332 4873 omnis
3366 4821 3431 4876 in
3483 4840 3706 4897 regno
3760 4835 3822 4883 et
3857 4848 3946 4902 po~

2249 4917 2447 4968 testate
2473 4912 2785 4982 Leovigildi
2817 4913 2970 4981 regis
2996 4912 3296 4983 Galliaque
3339 4915 3794 4977 Narbonensis
3828 4941 3950 4977 con-

2246 5006 2436 5060 currit.
2465 5005 2712 5059 Justinus
2739 5005 3054 5076 imperator
3083 5005 3239 5075 gravi
3273 5006 3653 5070 intirmitate
3700 5018 3949 5070 concuti-

2247 5108 2338 5158 tur
2393 5121 2405 5158 :
2469 5120 2593 5173 qua:
2651 5103 2958 5156 inﬁrmitas
3031 5103 3103 5155 ab
3160 5103 3290 5156 aliis
3357 5107 3638 5176 quidem
3728 5116 3944 5169 cerebri

2248 5197 2443 5262 motio,
2498 5196 2568 5250 ab
2622 5195 2746 5249 aliis
2797 5196 3132 5250 daemonum
3172 5198 3410 5250 vexatio
3465 5207 3848 5270 putabatur.
3895 5211 3943 5260 lu

2246 5291 2403 5360 regia
2461 5289 2598 5342 urbe
2667 5289 2990 5342 mortalitas
3072 5288 3400 5358 inguinalis
3485 5297 3711 5369 plagas
3789 5319 3944 5355 exar-

2245 5383 2453 5447 descit,
2519 5382 2575 5434 in
2639 5398 2751 5452 qua
2806 5383 2988 5434 multa
3043 5381 3228 5435 millia
3286 5383 3636 5444 hominum
3699 5395 3944 5448 vidimus

2244 5475 2537 5529 defecisse.
2581 5473 2941 5543 Leovigildus
2973 5491 3068 5526 rex
3111 5474 3430 5530 Sabariam
3481 5481 3822 5552 ingressus
3863 5490 3941 5539 Si-

2244 5570 2345 5622 lios
2399 5572 2600 5634 vastat,
2644 5571 2701 5620 et.
2738 5566 3092 5636 provinciam
3145 5567 3334 5636 ipsam
3379 5571 3442 5624 in
3490 5591 3690 5632 suam
3737 5582 3938 5634 redigit

2244 5661 2563 5715 ditionem:
2597 5660 2852 5730 duosque
2891 5659 3038 5712 filios
3079 5677 3212 5712 suos
3245 5677 3316 5714 ex
3365 5665 3612 5724 amissa
3663 5678 3934 5745 conjuge,

2243 5753 2708 5823 Ermenegildum
2749 5757 2805 5805 et
2843 5752 3230 5820 Recaredum,
3262 5765 3601 5818 consortes
3639 5771 3824 5837 regni
3861 5770 3933 5822 fa-

2242 5847 2336 5901 cit.
2355 5847 2552 5917 Legati
2570 5846 2754 5917 gentis
2774 5845 3180 5901 Macuritarum
3203 5847 3836 5936 Constantinopolim
3857 5880 3932 5916 ve-
