4022 6406
123 398 223 451 865

1023 395 1316 461 JOANNIS,
1356 394 1630 450 ABBATIS
1673 395 2126 466 BICLARENSIS,
2166 395 2568 452 CHRONICON.

3373 401 3473 452 866

121 503 318 556 niunt:
368 501 581 556 dentes
605 502 1000 572 elephantinos
1037 507 1094 556 et
1121 502 1625 573 camelopardalim
1659 504 1751 558 Ju-
1771 516 1831 586 Α
1851 503 2125 559 Romana
2153 504 2415 559 Ecclesiae
2439 503 2703 574 Pelagius
2721 503 2919 574 junior
2938 502 3242 560 ordinatur
3261 505 3476 576 episco-

121 597 261 649 stino
292 595 544 665 principi
575 611 817 649 munera
846 595 1148 650 afferentes
1174 595 1280 649 sibi
1312 612 1442 650 cum
1473 596 1747 650 Romanis

120 687 390 742 amicitias
419 688 752 742 conciliant.
788 690 921 742 Post
952 691 1234 743 Joannem
1264 690 1536 742 Romana
1559 690 1745 742 Eccle-

122 783 211 834 siae
243 780 590 834 Benedictus
615 781 915 834 ordinatur
950 781 1266 852 episcopus.
1307 782 1541 835 Prafuit
1581 783 1748 836 annis

120 890 188 927 ιγ.
217 873 490 927 Mausona
522 873 896 928 Emeritensis
927 875 1185 928 Ecclesia
1213 874 1511 945 episcopus
1546 874 1605 928 in
1642 893 1742 928 no-

120 971 229 1020 stro
261 965 541 1035 dogmata
569 967 754 1020 clarus
783 966 1044 1021 habetur.

185 1063 346 1113 Anno
387 1075 488 1114 Vill
545 1059 770 1126 Justini,
823 1059 920 1130 qui
959 1062 1016 1114 et
1069 1059 1382 1130 Leovigildi
1427 1076 1482 1114 v1
1537 1076 1742 1126 annus,

121 1154 297 1206 Persa
324 1168 457 1205 cum
485 1151 760 1206 Romanis
785 1153 940 1222 pacis
971 1152 1185 1207 fadera
1215 1155 1518 1222 rumpunt;
1542 1157 1598 1206 et
1616 1169 1745 1207 con-

123 1244 407 1315 gressione
447 1245 605 1299 facta
642 1246 822 1298 Daras
863 1245 1152 1299 civitatem
1191 1245 1564 1299 fortissimam
1594 1245 1743 1300 bello

123 1340 403 1408 superant,
439 1339 498 1391 et
529 1354 676 1391 casa
708 1337 1075 1392 multitudine
1103 1338 1495 1392 Romanorum
1519 1355 1740 1394 memo-

123 1433 297 1484 ratam
317 1429 528 1483 urbem
557 1429 801 1500 ingressi
833 1431 1164 1501 depopulati
1186 1435 1337 1484 sunt.

189 1522 279 1575 His
304 1522 506 1577 diebus
539 1523 901 1592 Leovigildus
931 1539 1028 1576 rex
1057 1523 1422 1578 Cantabriam
1452 1522 1743 1594 ingressus

120 1615 417 1687 provincia
467 1631 801 1686 pervasores
842 1616 1156 1682 interﬁcit;
1200 1617 1419 1686 Amaya
1463 1622 1737 1688 occupat:

124 1725 249 1778 opes
278 1724 481 1762 eorum
509 1708 879 1779 pervadit,'et
910 1708 1264 1779 provinciam
1302 1709 1359 1763 in
1397 1726 1554 1764 suam
1580 1726 1736 1765 revo-

123 1805 206 1854 cat
233 1801 539 1856 ditionem.

1850 615 1970 668 pus.
1999 599 2209 654 Praest
2234 598 2400 652 annis
2423 614 2499 652 xl.

1915 692 2081 745 Anno
2121 707 2173 745 ιιι
2217 691 2386 760 regni
2435 690 2520 744 sui
2557 690 2807 744 Justinus
2856 691 3011 746 diem
3049 691 3252 746 clausit
3279 694 3466 746 extre-

1846 799 2024 849 mum,
2057 786 2115 838 et
2141 783 2397 837 Tiberius
2429 783 2716 854 singulare
2744 783 2991 838 obtinuit
3015 784 3341 854 imperium.

1916 877 2303 930 Romanorum
2329 877 2458 943 LIV,
2491 877 2745 932 Tmanws
2775 879 2982 947 regnat
3007 877 3174 931 annis
3202 895 3276 932 v1.

1914 970 2080 1023 Anno
2109 985 2247 1039 ergo
2279 969 2465 1040 primo
2494 969 2721 1041 imperii
2747 969 2973 1038 Tiberii,
3011 971 3108 1042 qui
3151 975 3236 1026 est
3272 972 3463 1027 Leovi-

1847 1061 1986 1131 gildi
2014 1079 2198 1117 annus
2229 1080 2302 1130 Ix,
2333 1065 2547 1119 Abares
2573 1065 2840 1119 Thracias
2879 1067 3123 1132 vastant,
3163 1069 3222 1120 et
3247 1066 3467 1136 regiam

1846 1155 2049 1209 urbem
2103 1172 2138 1210 a
2183 1172 2350 1210 muro
2396 1158 2569 1228 longe
2621 1157 2904 1212 obsident.
2959 1157 3319 1229 Leovigildus
3371 1176 3469 1214 rex

1845 1247 2200 1319 Orospedam
2232 1249 2574 1320 ingreditur,
2623 1254 2680 1303 et
2730 1251 2986 1304 civitates
3033 1255 3206 1322 atque
3237 1252 3468 1306 castella

1843 1340 2100 1411 ejusdem
2151 1343 2458 1412 provincia
2508 1345 2766 1414 occupat,
2808 1347 2866 1396 et
2910 1361 3070 1398 suam
3114 1343 3466 1415 provinciam
3549 1412 3561 1423 .

1772 1423 1786 1434 ’
1841 1433 2009 1500 facit;
2045 1438 2103 1488 et
2132 1451 2246 1489 non
2276 1436 2459 1490 multo
2489 1439 2620 1507 post
2653 1435 2794 1489 inibi
2823 1436 3034 1490 Rustici
3065 1437 3411 1491 rebellantes
3434 1454 3467 1490 a

1841 1527 2037 1580 Gothis
2067 1527 2501 1598 Opprimuntur;
2535 1533 2594 1583 et
2623 1531 2752 1598 post
2779 1529 2901 1583 hac
2932 1529 3159 1600 integra
3198 1546 3233 1584 a
3271 1529 3466 1584 Gothis

1841 1619 2164 1689 possidetur
2187 1620 2496 1691 Orospeda.

1909 1715 2074 1766 Anno
2092 1729 2131 1766 ιι
2157 1713 2363 1766 Tiberii
2394 1713 2758 1784 imperatoris
2785 1714 2882 1785 qui
2907 1719 2994 1768 est
3018 1716 3334 1786 Leovigildi
3359 1733 3462 1771 an-

1845 1821 1950 1856 nus
1976 1820 2029 1870 x,
2051 1805 2378 1859 Gennadius
2399 1806 2673 1875 magister
2686 1806 2934 1860 militum
2953 1807 3012 1860 in
3037 1807 3226 1861 Africa
3243 1808 3465 1863 Mauros

184 1895 434 1948 Justinus
481 1894 801 1964 imperator
827 1895 1116 1950 Tiberium
1145 1912 1319 1966 quem
1356 1896 1615 1967 superius
1646 1913 1738 1950 ex-
1763 1877 1820 1948 B
1843 1899 2058 1961 vastat;
2089 1897 2418 1951 Gasmulem
2449 1897 2824 1952 fortissimum
2851 1915 3052 1968 regem
3085 1899 3182 1969 qui
3193 1900 3318 1969 jam
3345 1903 3462 1954 tres

123 1987 432 2040 cubitorum
453 1987 734 2041 comitem
756 1987 1020 2054 diximus,
1043 1989 1327 2043 Caesarem
1347 1989 1502 2055 facit,
1535 1993 1593 2042 et
1624 2006 1738 2043 non

123 2081 293 2134 multo
317 2082 442 2150 post
467 2079 756 2151 imperiali
789 2081 1013 2151 fastigio
1044 2081 1306 2151 provehit
1327 2085 1385 2135 et
1414 2081 1740 2152 reipublica

123 2173 426 2243 principem
461 2173 748 2243 designat.
783 2173 960 2243 Hujus
985 2173 1192 2228 Tiberii
1219 2174 1456 2229 Casaris
1487 2174 1579 2227 die
1625 2174 1737 2245 pri-

123 2281 210 2318 ma
234 2265 290 2318 in
320 2265 480 2335 regia
511 2266 655 2319 urbe
687 2266 996 2336 inguinalis
1021 2268 1194 2337 plaga
1222 2267 1424 2321 sedata
1453 2270 1557 2320 est.

187 2359 346 2412 Anno
377 2375 432 2412 1x
469 2358 679 2412 Justini
720 2359 1102 2429 imperatoris,
1155 2359 1253 2429 qui
1297 2363 1382 2413 est
1428 2359 1740 2430 Leovigildi

126 2449 265 2519 regis
288 2467 360 2506 vn
390 2468 601 2517 annus,
632 2451 909 2506 Cosdroes
937 2454 1239 2506 Persarum
1268 2451 1584 2522 imperator
1605 2469 1736 2506 cum

125 2541 291 2596 nimia
320 2543 690 2598 multitudine
720 2545 1001 2598 exercitus
1030 2544 1103 2597 ad
1129 2545 1432 2598 vastandos
1457 2546 1740 2600 Romano-

126 2651 242 2688 rum
272 2637 552 2691 terminos
579 2642 909 2707 promovet:
957 2637 1046 2690 cui
1085 2637 1439 2691 Justinianus
1470 2637 1581 2691 dux
1626 2639 1736 2692 Ro-

126 2743 299 2781 mana
320 2729 539 2783 militia
564 2733 622 2782 et
639 2730 914 2799 magister
929 2729 1179 2784 militum
1204 2730 1439 2783 orientis
1455 2747 1488 2784 a
1514 2730 1738 2784 Tiberio

127 2819 426 2876 destinatus
470 2822 687 2876 bellum
746 2825 940 2892 parat;
993 2826 1050 2876 et
1098 2822 1156 2875 in
1201 2823 1419 2893 campis
1447 2823 1544 2893 qui
1590 2823 1741 2877 inter

125 2912 285 2966 Daras
311 2919 368 2967 et
395 2915 659 2968 chinios
695 2915 984 2985 [Nezivios]
1027 2919 1337 2986 ponuntur,
1371 2915 1504 2970 forti
1548 2933 1741 2987 pugna

126 3021 467 3076 congressus,
515 3008 737 3062 habens
775 3024 968 3061 secum
996 3011 1197 3077 gentes
1237 3008 1578 3063 fortissimas
1610 3026 1738 3080 qua

125 3096 353 3154 barbaro
367 3101 912 3155 sermoneHermam
927 3105 1740 3172 nuncupantur,memoratum

127 3189 518 3262 imperatorem
552 3194 702 3248 bello
733 3196 979 3264 superat.
1016 3194 1138 3257 Quo
1185 3211 1317 3248 cum
1361 3211 1460 3250 suo
1493 3195 1736 3250 exercitu
1759 3233 1813 3307 Ο

127 3281 176 3307 ζ..
209 3284 394 3307 ρ----..,
431 3303 592 3307 ---μ--
657 3289 826 3307 ---ιμ-
873 3287 986 3307 ,;4--
1013 3303 1173 3307 -------
1195 3287 1296 3307 λει-
1341 3291 1386 3307 ,ι
1435 3288 1586 3307 _,--._1
1615 3306 1618 3307 ,
1647 3289 1726 3307 At“

127 3281 179 3335 in
209 3284 401 3354 fugam
431 3303 620 3353 verso,
649 3289 833 3340 castra
865 3287 988 3355 ejus
1013 3287 1299 3357 pervadit;
1333 3291 1392 3342 et
1434 3288 1736 3358 provincia

126 3375 354 3432 Persida
384 3381 530 3434 fines
557 3379 737 3434 victor
762 3379 1116 3434 Justinianus
1140 3375 1344 3448 vastat,
1394 3381 1738 3452 exuviasque

127 3485 310 3524 eorum
342 3489 445 3543 pro
473 3473 768 3544 triumpho
796 3473 1349 3544 Constantinopolim
1377 3473 1590 3544 dirigit,
1614 3490 1739 3529 xxxv

126 3561 447 3633 elephantos
478 3567 633 3620 inter
659 3569 879 3632 catera,
913 3565 1011 3636 qui
1039 3583 1317 3636 magnum
1355 3555 1739 3637 spectaculum

127 3653 386 3712 Romanis
422 3659 482 3712 in
521 3659 658 3713 urbe
695 3659 853 3728 regia
879 3658 1278 3714 exhibuerunt.
1310 3659 1572 3714 Pradam
1602 3675 1736 3714 vero

127 3746 190 3800 de
214 3751 497 3805 manubiis
529 3752 991 3806 Romanorum...
1014 3753 1318 3806 Persarum
1335 3751 1641 3807 multitudo
1665 3752 1737 3806 ob

128 3839 350 3896 nimiam
388 3844 668 3899 vilitatem
702 3860 943 3898 nummo
973 3843 1194 3914 publico
1226 3845 1553 3898 venundata
1584 3848 1734 3899 sunt.

127 3930 467 4006 Leovigildus
499 3954 596 3991 rex
629 3941 946 4008 Aregenses
983 3937 1275 3992 montibus
1301 3936 1733 4010 [Aragonenses

127 4031 360 4100 montes]
410 4029 754 4102 ingreditur.
796 4029 1094 4101 Aspidium
1133 4030 1246 4084 loci
1287 4031 1576 4085 seniorem
1608 4047 1736 4086 cum

129 4133 285 4174 uxore
311 4125 369 4176 et
395 4124 526 4178 ﬁliis
555 4123 808 4194 captivos
839 4123 1012 4190 ducit,
1059 4139 1305 4194 opesque
1342 4124 1464 4194 ejus
1508 4141 1572 4177 ac
1613 4125 1737 4177 loca

127 4209 178 4262 in
206 4229 360 4269 suam
391 4216 604 4286 redigit
639 4220 1002 4286 potestatem.
1047 4217 1478 4270 Aramundarus
1509 4217 1737 4272 Sarace—

127 4317 322 4360 norum
342 4325 438 4363 rex
457 4309 1013 4380 Constantinopolim
1039 4309 1214 4376 venit,
1247 4312 1304 4362 et
1333 4325 1462 4363 cum
1491 4314 1736 4364 stemate

129 4411 220 4450 suo
245 4402 300 4452 et
325 4401 491 4456 donis
526 4402 810 4456 Barbaria
841 4403 1064 4456 Tiberio
1095 4401 1336 4472 principi
1367 4403 1596 4457 ocurrit.
1631 4403 1736 4467 Qui

129 4503 159 4541 a
185 4491 398 4550 Tiberio
418 4495 674 4566 benigne
701 4499 963 4566 exceptus
993 4497 1050 4548 et
1074 4495 1240 4550 donis
1271 4495 1479 4566 opimis
1505 4513 1738 4551 exorna-

131 4584 212 4636 tus
231 4585 298 4638 ad
322 4589 572 4658 patriam
599 4588 754 4643 abire
786 4589 1098 4659 permissus
1126 4592 1229 4642 est.

194 4680 349 4734 Anno
374 4697 406 4737 x
432 4682 1019 4752 Justiniimperatoris
1031 4682 1128 4752 qui
1156 4682 1567 4752 estLeovigildi
1587 4683 1742 4752 regis

134 4782 222 4823 vm
250 4788 447 4842 annus,
473 4775 788 4830 Bandarius
810 4791 990 4845 gener
1016 4775 1217 4830 Justini
1252 4775 1528 4846 principis
1551 4792 1584 4828 a
1601 4777 1744 4830 Lan-

134 4862 388 4930 gobardis
429 4869 626 4940 pralio
674 4868 936 4934 vincitur,
972 4871 1028 4922 et
1061 4885 1180 4922 non
1219 4869 1397 4923 multo
1451 4872 1578 4939 post
1613 4869 1740 4922 vitae

134 4951 297 5011 ﬁnem
329 4962 553 5033 accipit.
583 4962 876 5016 Romanus
903 4961 1050 5015 ﬁlius
1077 4962 1354 5032 Anagasti
1372 4961 1589 5033 patricii
1618 4978 1738 5016 ma-

134 5045 296 5113 gister
320 5053 554 5122 militia,
589 5055 776 5126 gentis
806 5055 1121 5110 Suevorum
1140 5072 1340 5126 regem
1364 5056 1552 5110 vivum
1569 5056 1739 5128 cepit:

135 5152 295 5206 quem
313 5161 440 5201 cum
456 5165 558 5202 suo
579 5148 870 5215 thesauro,
902 5163 1075 5202 uxore
1108 5152 1166 5202 et
1188 5149 1319 5202 ﬁliis
1339 5149 1740 5204 Constantino-

133 5232 295 5298 polim
314 5239 562 5308 adducit,
586 5244 645 5294 et
660 5240 1012 5312 provinciam
1033 5257 1232 5295 eorum
1262 5241 1320 5294 in
1349 5243 1742 5298 Romanorum

133 5321 436 5386 dominium
457 5334 688 5404 redigit.
719 5334 1081 5404 Leovigildus
1111 5349 1208 5388 rex
1239 5335 1299 5388 in
1321 5335 1581 5390 Gallacia
1609 5337 1740 5390 Sue-

132 5429 318 5476 vorum
345 5425 483 5482 ﬁnes
513 5428 838 5494 conturbat,
859 5431 916 5482 et
935 5445 968 5481 a
989 5443 1125 5496 rege
1156 5427 1370 5482 Mirone
1393 5446 1496 5498 per
1521 5431 1741 5499 legatos

134 5517 353 5580 rogatus
384 5536 583 5588 pacem
615 5521 697 5574 eis
723 5537 828 5592 pro
849 5537 1027 5591 parvo
1057 5524 1319 5591 tempore
1337 5520 1556 5576 tribuit.
1582 5522 1737 5576 Scla-

136 5600 239 5656 vini
252 5605 306 5660 in
325 5609 560 5668 Thracia
580 5615 791 5668 multas
815 5614 984 5668 urbes
1001 5615 1392 5668 Romanorum
1419 5613 1744 5684 pervadunt

139 5707 268 5762 (luas
297 5700 664 5776 depOpulatas
703 5723 907 5762 vacuas
953 5707 1258 5778 reliquere.
1288 5707 1500 5761 Abares
1553 5706 1742 5761 littora

138 5790 304 5846 maris
327 5799 573 5868 captiose
609 5799 895 5865 obsident,
924 5803 982 5854 et
1010 5801 1247 5855 navibus
1277 5801 1464 5856 littora
1490 5799 1742 5854 Thracia

141 5881 518 5962 navigantibus
554 5893 686 5947 satis
741 5893 935 5947 infesti
983 5897 1134 5948 sunt.
1189 5896 1323 5948 Post
1373 5893 1742 5951 Benedictum

1841 1989 2010 2043 duces
2035 1989 2291 2059 superius
2316 1989 2645 2044 nominatos
2663 1991 2908 2045 Romani
2930 1991 3206 2046 exercitus
3225 1992 3462 2047 interfe-

1840 2085 2011 2148 cerat,
2044 2081 2194 2136 bello
2215 2087 2466 2153 superat,
2495 2086 2552 2136 et
2572 2083 2758 2154 ipsum
2784 2100 2981 2154 regem
3016 2084 3210 2154 gladio
3249 2085 3464 2140 interfl-

1840 2173 1933 2227 cit.
1968 2173 2224 2229 Tiberius
2256 2175 2584 2229 Mauricium
2615 2175 3011 2230 excubitorum
3037 2177 3311 2232 comitem
3337 2195 3464 2233 ma-

1843 2265 2082 2336 gistrum
2118 2266 2334 2320 militia
2372 2267 2610 2321 orientis
2645 2267 2907 2335 instituit,
2947 2272 3004 2322 et
3029 2269 3102 2323 ad
3127 2286 3460 2341 repugnan-

1839 2357 1976 2411 dum
2000 2358 2184 2412 Persis
2205 2359 2426 2413 direxit.
2461 2360 2707 2414 Romani
2734 2363 2935 2416 contra
2960 2361 3369 2432 Langobardos
3401 2364 3458 2417 in

1837 2451 1992 2505 Italia
2021 2451 2386 2521 lacrymabile
2416 2451 2630 2505 bellum
2651 2456 2877 2522 gerunt.

1908 2543 2264 2613 Leovigildus
2287 2560 2405 2609 rex,
2425 2544 2683 2598 extinctis
2710 2545 2964 2614 undique
2986 2546 3240 2615 tyrannis
3265 2549 3323 2600 et
3342 2563 3464 2617 per-

1836 2635 2130 2689 vasoribus
2163 2635 2446 2706 Hispania
2475 2637 2772 2706 superatis,
2796 2638 3027 2691 sortitus
3057 2655 3296 2709 requem
3326 2657 3458 2710 pro-

1839 2727 1964 2798 pria
1995 2743 2125 2781 cum
2151 2727 2316 2798 plebe
2348 2728 2576 2795 resedit,
2622 2733 2680 2784 et
2721 2729 3006 2784 civitatem
3056 2730 3114 2784 in
3157 2731 3462 2787 Celtiberia

1841 2837 1906 2874 ex
1928 2819 2161 2874 nomine
2183 2819 2281 2874 ﬁlii
2303 2820 2575 2886 condidit,
2599 2837 2727 2891 qua
2752 2823 3053 2893 Recopolis
3080 2828 3460 2894 nuncupatur,

1840 2922 2015 2984 quam
2046 2913 2194 2968 miro
2221 2930 2394 2984 opere
2422 2916 2480 2968 et
2507 2914 2792 2968 manibus
2825 2919 2883 2968 et
2923 2916 3260 2970 suburbanis
3294 2917 3460 2971 ador-

1841 3022 1986 3060 nans
2016 3005 2312 3076 privilegia
2341 3007 2552 3077 populo
2575 3023 2736 3060 nova
2757 3007 2914 3061 urbis
2938 3007 3464 3064 instituit.Joannes

1839 3099 2138 3170 presbyter
2165 3099 2427 3154 Ecclesia
2451 3101 2822 3155 Emeritensis
2848 3101 3033 3156 clarus
3062 3102 3327 3157 habetur.

1910 3194 2076 3247 Anno
2101 3210 2162 3248 ιιι
2189 3193 2396 3247 Tiberii
2428 3193 2793 3264 imperatoris
2828 3195 2926 3264 qui
2961 3197 3047 3250 est
3075 3195 3387 3266 Leovigildi
3408 3211 3462 3251 x1

1835 3301 2040 3354 annus,
2066 3285 2282 3340 Abares
2305 3303 2339 3339 a
2363 3286 2572 3340 ﬁnibus
2596 3286 2846 3342 Thracia
2873 3289 3184 3358 pelluntur,
3204 3293 3462 3360 etpartes

1837 3378 2060 3432 Gracia
2087 3382 2258 3448 atque
2286 3379 2598 3433 Pannonia
2629 3384 2928 3450 occupant.
2959 3381 3322 3451 Leovigildus
3363 3399 3462 3436 rex

1837 3470 2279 3542 Hermenegildo
2304 3471 2420 3525 ﬁlio
2439 3487 2542 3526 suo
2562 3471 2740 3525 ﬁliam
2769 3471 3000 3526 Sisberti
3027 3473 3180 3543 regis
3215 3475 3457 3530 Franco-

1837 3579 1966 3617 rum
1985 3563 2043 3617 in
2064 3563 2497 3618 matrimonium
2525 3564 2720 3630 tradit,
2744 3568 2802 3618 et
2822 3565 3128 3636 provincia
3147 3570 3372 3638 partem
3388 3567 3463 3622 ad

1837 3657 2196 3727 regnandum
2233 3657 2450 3711 tribuit.
2515 3656 2842 3727 Leovigildo
2900 3673 3038 3728 ergo
3074 3659 3270 3729 quieta
3320 3676 3460 3731 pace

1837 3753 2119 3820 regnante
2149 3749 2603 3804 adversariorum
2635 3749 2948 3805 domestica
2979 3751 3102 3806 rixa
3137 3752 3460 3807 conturbat.

1838 3843 1980 3896 Nam
1998 3842 2206 3898 eodem
2226 3859 2378 3898 anno
2391 3843 2538 3896 ﬁlius
2560 3843 2682 3912 ejus
2708 3843 3187 3914 Hermenegildus
3214 3845 3463 3899 factione

1837 3935 2164 3990 Gosuintha
2190 3937 2408 4006 regina
2429 3935 2800 4006 tyrannidem
2822 3953 3144 4005 assumens,
3171 3937 3230 3992 in
3247 3938 3463 4010 Hispali

1837 4029 2061 4084 civitate
2091 4030 2402 4084 rebellione
2429 4030 2582 4084 facta
2602 4030 2934 4098 recluditur,
2964 4035 3023 4085 et
3042 4031 3183 4085 alias
3207 4031 3462 4086 civitates

1837 4126 2008 4194 atque
2036 4123 2270 4178 castella
2307 4139 2500 4177 secum
2541 4125 2741 4177 contra
2767 4125 2991 4195 patrem
3016 4123 3293 4180 rebellare
3307 4125 3463 4180 facit.

1835 4217 1970 4280 Qua
1997 4233 2166 4271 causa
2185 4216 2243 4270 in
2266 4215 2557 4286 provincia
2581 4215 2865 4287 Hispania
2891 4220 3014 4271 tam
3041 4218 3256 4288 Gothis,
3290 4232 3465 4289 quam

1838 4310 2110 4363 Romanis
2139 4309 2375 4378 majoris
2401 4309 2572 4376 exitii,
2603 4325 2779 4380 quam
2825 4309 3277 4364 adversariorum
3313 4311 3464 4366 infe-

1837 4403 2004 4456 statio
2034 4402 2158 4456 fuit.
2191 4402 2452 4456 Novellus
2481 4402 2900 4473 Complutensis
2947 4404 3246 4474 episcopus
3280 4405 3465 4458 clarus

1837 4495 2100 4550 habetur.

1759 4594 1817 4666 Ι)
1908 4592 2074 4642 Anno
2119 4604 2173 4641 IV
2213 4587 2440 4652 Tiberii,
2499 4587 2596 4657 qui
2640 4591 2726 4640 est
2773 4585 3085 4658 Leovigildi
3134 4603 3210 4643 xu
3256 4604 3460 4658 annus,

1840 4681 2137 4735 Mauricius
2165 4679 2444 4749 magister
2475 4679 2726 4732 militum
2759 4679 2995 4734 orientis
3025 4683 3227 4735 contra
3266 4683 3464 4738 Persas

1842 4775 2058 4828 bellum
2080 4776 2290 4840 movet,
2328 4776 2385 4826 et
2414 4772 2640 4842 repulsa
2678 4773 2980 4827 Persarum
3006 4773 3372 4829 multitudine
3403 4776 3463 4830 in

1841 4867 2058 4922 oriente
2089 4866 2383 4920 hiemavit.
2417 4865 2772 4935 Leovigildus
2798 4882 2897 4920 rex
2928 4866 2987 4920 in
3011 4867 3213 4921 urbem
3242 4868 3462 4922 Toleta-

1843 4977 1979 5015 nam
2011 4960 2292 5032 synodum
2323 4957 2722 5030 episcoporum
2757 4962 2926 5013 secta
2965 4959 3191 5014 Ariana
3221 4976 3459 5032 congre-

1843 5057 1960 5124 gat,
1985 5055 2044 5107 et
2068 5053 2366 5123 antiquam
2397 5051 2657 5106 haresim
2693 5052 2914 5107 novello
2947 5069 3141 5107 errore
3173 5054 3463 5122 emendat,

1843 5148 2038 5202 dicens
2064 5147 2135 5200 de
2167 5148 2421 5200 Romana
2446 5145 2723 5214 religione
2750 5145 2823 5200 ad
2854 5149 3108 5201 nostram
3129 5147 3466 5203 catholicam

1841 5242 2016 5296 ﬁdem
2039 5239 2335 5294 venientes
2360 5254 2477 5294 non
2509 5239 2719 5292 debere
2739 5238 3038 5309 baptizari,
3085 5239 3186 5294 sed
3212 5242 3462 5295 tantum-

1843 5335 2017 5388 modo
2067 5350 2172 5404 per
2213 5349 2418 5386 manus
2465 5331 2895 5402 impositionem
2941 5335 3000 5386 et
3042 5333 3468 5390 communionis

1843 5427 2292 5498 praceptionem
2325 5425 2498 5496 pollui
2527 5425 2980 5496 [perceptionem
3006 5425 3205 5498 ablui],
3239 5431 3296 5482 et
3342 5429 3466 5500 glo-

1843 5520 1990 5575 riam
2014 5520 2165 5574 Patri
2195 5535 2300 5590 per
2321 5519 2526 5573 Filium
2543 5518 2602 5572 in
2635 5517 2848 5588 Spiritu
2875 5521 3075 5574 sancto
3097 5519 3235 5574 dare
3267 5519 3462 5592 [Dari].

1841 5614 1947 5668 Per
1966 5613 2114 5668 hanc
2133 5628 2272 5682 ergo
2289 5612 2686 5666 seductionem
2713 5611 2946 5682 plurimi
2966 5617 3295 5668 nostrorum
3306 5612 3464 5683 cupi-

1844 5705 2020 5760 ditata
2054 5705 2245 5775 potius
2274 5705 2503 5775 impulsi
2535 5704 2596 5758 in
2623 5705 2896 5759 Arianum
2921 5705 3134 5776 dogma
3157 5703 3461 5759 declinant.

1913 5801 2076 5852 Anno
2123 5813 2157 5850 v
2207 5797 2436 5863 Tiberii,
2488 5797 2582 5867 qui
2633 5800 2719 5851 est
2756 5797 3066 5867 Leovigildi
3105 5811 3200 5851 xm
3257 5809 3461 5862 annua,

1845 5889 2211 5964 Langobardi
2237 5890 2296 5946 in
2329 5889 2484 5945 Italia
2509 5905 2707 5964 regem
2743 5889 2848 5944 sibi
2874 5907 2940 5944 ex
2971 5905 3070 5943 suo
3110 5901 3320 5958 genere
3361 5885 3467 5968 eli:
