4022 6446
511 387 610 441 86⁵7

507 497 652 562 gunt
675 489 941 544 vocabulo
982 487 1273 554 Antarich,
1317 489 1476 558 cujus
1517 493 1774 560 tempore
1814 493 1870 542 et
1915 487 2126 542 milites
2146 501 2205 572 Α

509 583 754 638 Romani
787 581 1019 636 omnino
1055 584 1187 635 sunt
1215 581 1361 646 caesi,
1393 584 1450 634 et
1479 581 1754 635 terminos
1785 580 1956 634 Italiae
1977 581 2122 634 Lan-

507 675 748 745 gobardi
783 673 886 726 sibi
915 679 1212 744 occupant.
1257 673 1642 728 Sclavinorum
1675 689 1815 742 gens
1841 672 2125 742 Illyricum

508 771 565 820 et
586 765 850 820 Thracias
881 768 1123 819 vastant.

577 857 934 928 Leovigildus
969 875 1064 911 rex
1093 859 1311 928 partem
1337 857 1628 911 Vasconize
1665 859 1920 926 occupat,
1960 859 2016 910 et
2057 857 2130 910 ci-

504 949 740 1005 vitatem
800 967 926 1020 quae
971 950 1352 1005 Victoriacum
1411 954 1792 1020 nuncupatur,
1849 949 2124 1003 condidit.

508 1041 761 1098 Tiberius
793 1043 1105 1113 imperator
1129 1042 1406 1112 magistro
1423 1043 1666 1096 militum
1694 1042 1926 1096 orientis
1951 1042 2128 1095 ﬁliam

511 1151 673 1190 suam
695 1136 756 1189 in
788 1136 1117 1206 conjugium
1141 1135 1334 1190 tradit.

581 1230 743 1282 Anno
775 1245 824 1283 v1
851 1228 1055 1282 Tiberii
1087 1227 1182 1298 qui
1215 1231 1299 1281 est
1328 1227 1640 1298 Leovigildi
1665 1243 1754 1281 xxv
1797 1243 2000 1296 annus,
2040 1226 2125 1280 Ti-

508 1319 698 1375 berius
729 1321 856 1374 vitae
897 1320 1206 1374 terminum
1245 1320 1416 1387 dedit,
1483 1324 1539 1373 et
1579 1320 1871 1374 Mauricius
1908 1337 2011 1390 pro
2061 1335 2128 1372 eo

511 1413 904 1468 Romanorum
933 1413 1250 1483 imperator
1273 1412 1535 1466 efﬁcitur.

583 1507 970 1561 Romanorum
995 1507 1080 1559 XV
1111 1507 1258 1574 [Leg.
1288 1506 1413 1574 LV].
1454 1506 1754 1560 MAURICIUS
1793 1507 1998 1574 regnat
2038 1519 2132 1557 an-

513 1615 617 1652 nos
639 1615 726 1653 xx.
755 1597 1111 1667 Leovigildus
1141 1613 1237 1650 rex
1261 1597 1570 1651 exercitum
1595 1596 1668 1651 ad
1691 1596 2130 1667 expugnandum

510 1693 824 1760 tyrannum
851 1690 1030 1742 ﬁlium
1065 1689 1296 1758 colligit.

579 1786 742 1836 Anno
780 1797 916 1850 ergo
951 1781 1136 1852 primo
1189 1781 1440 1836 Mauricii
1476 1780 1858 1852 imperatoris,
1908 1781 2004 1851 qui
2050 1783 2134 1834 est

1387 379 1684 444 JOANNIS,
1724 381 1995 436 ABBATIS
2033 379 2504 448 BlCLARIENSIS,
2543 379 2924 436 CHBONICON

3825 373 3942 429 868

2225 491 2372 542 trem
2397 489 2758 559 patriamque
2779 487 2950 541 redit.
2973 486 3204 540 Andeca
3223 501 3364 540 vero
3391 501 3600 555 regno
3639 481 3948 553 privatus

2225 581 2512 648 tondetur,
2541 585 2598 634 et
2627 581 2843 634 honore
2865 578 3206 650 presbyterii
3235 581 3370 650 post
3403 593 3692 648 regnum
3729 575 3942 628 hono—

2225 676 2400 726 ratur.
2434 674 2556 726 Non
2582 673 2820 726 dubium
2843 671 2998 742 quod
3025 672 3084 725 in
3121 671 3386 726 Eiborico
3407 669 3593 740 'regis
3619 669 3766 721 ﬁlio
3789 681 3946 736 rege

2226 782 2326 818 suo
2355 765 2569 818 fecerat
2591 765 2821 834 patitur,
2855 769 2912 817 et
2939 765 3136 818 exsilio
3175 764 3412 818 Pacensi
3465 763 3632 816 urbe
3669 762 3945 832 relega-

2225 861 2337 910 tur.
2375 857 2665 911 Malaricus
2715 857 2771 910 in
2814 857 3076 910 Gallmcia
3121 855 3504 926 tyrannidem
3557 873 3943 922 assumens,

2228 950 2384 1020 quasi
2411 965 2652 1019 regnare
2683 950 2802 1002 vult
2829 966 2842 1002 :
2873 949 2971 1018 qui
2997 949 3188 1002 statim
3215 967 3246 1002 a
3275 949 3538 1003 ducibus
3567 950 3944 1019 Leovigildi

2229 1055 2529 1110 oppressus
2583 1038 3112 1107 comprehenditur,
3161 1041 3217 1090 et
3273 1038 3642 1106 Leovigildo
3685 1039 3946 1093 vinctus

2227 1133 2619 1202 praesentatur.
2649 1131 2910 1185 Leander
2957 1130 3308 1200 Hispalensis
3345 1130 3650 1184 Ecclesiae
3697 1131 3950 1201 episco-

2226 1241 2331 1295 pus
2358 1225 2543 1277 clarus
2571 1223 2836 1277 habetur.

2299 1320 2460 1370 Anno
2501 1331 2553 1371 IV
2583 1315 2831 1370 Mauricii
2859 1313 3247 1385 imperatoris,
3283 1313 3388 1384 qui
3429 1318 3530 1368 est
3577 1316 3946 1386 Leovigildi

2229 1408 2379 1479 regis
2403 1425 2532 1462 xvm
2556 1424 2758 1474 annus,
2786 1408 3048 1462 Anthane
3067 1406 3626 1475 Langobardorum
3647 1425 3768 1462 rex
3803 1426 3950 1463 cum

2229 1500 2502 1555 Romanis
2537 1499 2940 1570 congressione
2973 1501 3121 1554 facta
3152 1503 3416 1569 superat,
3455 1502 3522 1553 et
3558 1517 3736 1555 caesa
3775 1503 3944 1555 mul-

2229 1592 2473 1647 titudine
2498 1593 2746 1647 militum
2771 1593 3171 1646 Romanorum
3205 1591 3384 1645 Italiae
3429 1593 3598 1646 ﬁnes
3641 1599 3944 1665 occupat.

2303 1687 2414 1740 Hoc
2443 1702 2592 1739 anno
2621 1685 2981 1756 Leovigildus
2996 1700 3094 1739 rex
3109 1683 3268 1738 diem
3293 1685 3510 1738 clausit
3544 1689 3950 1753 extremum,

2233 1783 2291 1832 et
2327 1777 2476 1831 ﬁlius
2523 1779 2644 1848 ejus
2697 1777 3018 1832 Recaredus
3060 1793 3192 1831 cum
3236 1777 3716 1847 tranquillitate
3769 1781 3954 1850 regni

512 1873 822 1944 Leovigildi
850 1873 1002 1944 regis
1021 1889 1090 1928 xv
1109 1889 1310 1940 annus,
1340 1875 1699 1944 Leovigildus
1721 1891 1816 1928 rex
1847 1873 2133 1927 civitatem
2153 1856 2209 1927 B
2234 1870 2354 1940 ejus
2383 1871 2556 1924 sumit
2581 1875 2824 1939 sceptra.

511 1967 904 2038 Hispalensem
931 1971 1280 2036 congregato
1312 1967 1560 2020 exercitu
1595 1967 1834 2032 obsidet,
1873 1969 1930 2020 et
1955 1965 2132 2019 rebel-

513 2057 630 2113 lem
659 2057 838 2112 ﬁlium
878 2057 1034 2128 gravi
1065 2057 1360 2112 obsidione
1389 2058 1679 2112 concludit
1707 2075 1720 2112 :
1748 2057 1806 2110 in
1848 2059 2006 2127 cujus
2040 2074 2127 2112 so-

516 2151 654 2204 latio
681 2151 816 2204 Miro
836 2150 1151 2204 Suevorum
1171 2166 1268 2202 rex
1294 2150 1366 2203 ad
1393 2150 1840 2220 expugnandam
1861 2150 2131 2220 Hispalim

516 2241 764 2308 devenit,
799 2242 989 2312 ibique
1019 2242 1168 2295 diem
1199 2242 1398 2295 clausit
1430 2245 1782 2308 extremum;
1814 2242 1901 2296 cui
1931 2242 2128 2295 Eburi-

513 2333 629 2388 cius
659 2334 806 2388 ﬁlius
830 2334 888 2387 in
907 2333 1195 2404 provincia
1213 2335 1484 2388 Callaeciae
1511 2335 1569 2386 in
1599 2351 1840 2404 regnum
1862 2334 2128 2388 succedit.

515 2427 740 2482 Interea
793 2425 1152 2494 Leovigildus
1191 2443 1284 2478 rex
1336 2443 1505 2496 supra
1555 2427 1764 2480 dictam
1822 2427 2130 2492 civitatem,

513 2535 664 2573 nunc
698 2519 873 2584 fame,
927 2535 1077 2572 nunc
1131 2518 1304 2584 ferro,
1364 2535 1515 2572 nunc
1557 2519 1721 2572 Baetis
1771 2518 2132 2572 conclusione

516 2609 751 2666 omnino
783 2611 1102 2664 conturbat.

582 2707 747 2759 Anno
775 2718 812 2758 Π
838 2703 1084 2758 Mauricii
1113 2701 1495 2774 imperatoris,
1545 2701 1644 2772 qui
1695 2707 1780 2756 est
1821 2700 2132 2771 Leovigildi

515 2813 602 2852 xv1
647 2813 851 2864 annus,
881 2795 1238 2866 Leovigildus
1263 2812 1455 2850 muros
1487 2793 1688 2848 Italicae
1719 2794 1968 2863 antiquae
1999 2795 2128 2848 eivi-

515 2889 643 2943 tatis
678 2891 983 2954 restaura't,
1023 2903 1149 2956 quas
1179 2905 1270 2941 res
1305 2887 1620 2940 maximum
1653 2885 2133 2956 impedimentum

517 2979 834 3050 Hispalensi
874 2979 1082 3048 populo
1128 2979 1398 3032 exhibuit.
1445 2978 1538 3032 His
1577 2977 1776 3032 diebus
1805 2977 2030 3031 Andeca
2075 2979 2132 3032 in

516 3072 776 3125 Gallmcia
803 3072 1117 3126 Suevorum
1141 3087 1386 3141 regnum
1410 3087 1540 3124 cum
1553 3070 1858 3141 tyrannide
1874 3071 2130 3138 assumit,

517 3167 572 3216 et
599 3163 982 3232 Sifeguntiam
1003 3163 1258 3220 relictam
1277 3163 1505 3216 Mironis
1533 3163 1682 3232 regis
1713 3162 1770 3216 in
1803 3163 2129 3232 conjugium

519 3255 767 3324 accepit:
815 3247 1114 3308 Eboricum
1155 3271 1330 3324 regno
1355 3256 1560 3325 privat,
1585 3261 1642 3308 et
1666 3255 1996 3308 monasterii
2017 3272 2134 3309 mo-

515 3347 762 3402 nachum
791 3347 942 3401 facit.
963 3347 1318 3416 Leovigildus
1343 3365 1440 3400 rex
1466 3347 1582 3401 ﬁlio
1609 3347 2041 3416 Hermenegildo
2061 3347 2132 3401 ad

516 3439 928 3510 rempublicam
950 3441 1390 3509 commigraute,
1421 3439 1690 3509 Hispalim
1715 3439 2025 3510 pugnando
2045 3440 2129 3494 in-

516 3533 800 3602 greditur:
833 3533 1084 3586 civitates
1112 3537 1168 3586 et
1198 3533 1427 3586 castella
1454 3549 1594 3602 quas
1641 3531 1786 3586 ﬁlius
1826 3548 2130 3602 occupave-

515 3629 622 3690 rat,
653 3626 820 3696 cepit,
853 3628 908 3678 et
935 3641 1050 3679 non
1075 3627 1254 3679 multo
1283 3629 1409 3695 post
1441 3628 1823 3679 memoratum
1849 3624 2030 3678 ﬁlium
2073 3625 2132 3678 in

514 3717 863 3772 Cordubensi
891 3718 1028 3771 urbe
1053 3717 1509 3788 comprehendit,
1544 3722 1600 3772 et
1629 3733 1809 3787 regno
1849 3717 2130 3786 privatum

517 3809 576 3863 in
612 3809 870 3863 exsilium
903 3810 1216 3864 Valentiam
1255 3809 1450 3863 mittit.

584 3901 886 3956 Mauricius
927 3901 1242 3970 imperator
1281 3906 1480 3954 contra
1511 3901 1918 3970 Langobardos
1965 3903 2134 3957 Fran-

516 4009 612 4048 cos
635 4010 739 4063 per
773 3993 1167 4048 conductelam
1210 3996 1418 4062 movet,
1449 4009 1574 4063 qua:
1605 4009 1696 4048 res
1719 3994 1946 4064 utrique
1974 3996 2132 4065 genti

519 4101 636 4140 non
662 4101 837 4155 parva
858 4084 1098 4139 contulit
1123 4084 1355 4139 damna.

587 4177 890 4247 Eutropius
921 4177 1096 4230 abbas
1131 4177 1456 4232 monasterii
1499 4177 1776 4234 Servitani
1827 4177 2133 4250 discipulus

517 4269 696 4323 sancti
718 4269 921 4324 Donati
948 4271 1130 4324 clarus
1149 4270 1412 4324 habetur.

583 4365 744 4416 Anno
789 4379 848 4416 IlI
883 4361 1155 4429 Mauricii,
1197 4362 1294 4432 qui
1332 4367 1415 4416 est
1445 4362 1752 4434 Leovigildi
1791 4381 1900 4420 xvu
1928 4381 2128 4430 annus,

513 4453 808 4508 Mauricius
837 4471 939 4524 per
969 4454 1138 4508 duces
1167 4455 1380 4508 bellum
1409 4455 1598 4509 infert.
1639 4456 1996 4526 Leovigildus
2034 4473 2130 4510 rex

512 4546 800 4601 Galleecias
829 4550 1026 4600 vastat.
1051 4547 1404 4602 Andecanim
1431 4564 1628 4616 regem
1652 4549 2128 4618 comprehensum
2149 4560 2208 4632 D

511 4654 692 4708 regno
723 4639 924 4710 privat.
960 4640 1272 4694 Suevorum
1301 4645 1556 4711 gentem,
1593 4641 1919 4696 thesaurum
1949 4645 2006 4696 et
2035 4659 2128 4712 pa-

515 4732 679 4785 triam
707 4748 868 4787 suam
895 4732 954 4786 in
969 4736 1314 4802 potestatem
1341 4733 1568 4804 redigit,
1597 4737 1654 4787 et
1675 4735 1986 4789 Gothorum
2009 4751 2132 4804 pro-

513 4823 756 4878 vinciam
787 4824 938 4880 facit.
973 4826 1446 4896 Hermenegildus
1471 4825 1530 4880 in
1559 4827 1694 4880 urbe
1721 4828 2131 4882 Tarraconensi

515 4931 548 4969 a
581 4915 832 4972 Sisberto
865 4917 1222 4972 interﬁcitur.

585 5007 784 5062 Franci
815 5011 1050 5064 Galliam
1077 5011 1502 5064 Narbonensem
1533 5025 1808 5080 occupare
1841 5011 2131 5082 cupientes

509 5121 638 5162 cum
665 5097 912 5158 eXercitu
953 5101 1197 5174 ingressi
1227 5120 1240 5158 :
1275 5104 1336 5157 in
1385 5119 1628 5172 quorum
1669 5105 2132 5173 congressionem

511 5196 865 5268 Leovigildus
895 5196 1252 5251 Recaredum
1293 5197 1476 5250 ﬁlium
1519 5195 1742 5251 obviam
1787 5197 2038 5266 mittens,
2076 5204 2133 5253 et

517 5293 864 5346 Francorum
891 5291 976 5344 est
1001 5289 1071 5343 ab
1103 5307 1170 5345 eo
1201 5289 1476 5345 exercitus
1507 5289 1784 5360 repulsus,
1814 5293 1869 5344 et
1897 5291 2130 5361 provin-

513 5385 598 5438 cia
623 5381 900 5437 Callaecia:
932 5379 1162 5451 [Galliae]
1192 5383 1262 5436 ab
1280 5399 1480 5437 eorum
1505 5381 1872 5438 infestatione
1893 5389 1978 5439 est
1997 5385 2134 5438 libe-

515 5479 658 5529 rata.
694 5475 892 5529 Castra
911 5489 1044 5528 vero
1077 5474 1188 5528 duo
1211 5491 1334 5529 cum
1359 5476 1535 5529 nimia
1557 5476 1860 5530 hominum
1883 5477 2134 5531 multitu-

517 5567 670 5634 dine,
707 5580 884 5619 unum
911 5581 1070 5634 pace,
1103 5565 1345 5620 alterum
1375 5567 1527 5621 bello
1569 5573 1825 5637 occupat.
1873 5571 2128 5624 Castrum

513 5675 648 5714 vero
681 5658 837 5730 quod
877 5655 1162 5710 Hodierno
1195 5661 1442 5727 vocatur,
1495 5661 1842 5714 tutissimum
1885 5662 2042 5716 valde
2073 5663 2132 5717 in

515 5753 640 5823 ripa
667 5749 930 5807 Rhodani
957 5747 1209 5803 ﬂuminis
1229 5750 1490 5818 ponitur;
1512 5753 1660 5822 quod
1689 5753 2009 5808 Recaderus
2035 5771 2130 5809 rex

513 5844 830 5908 fortissima
849 5858 1046 5916 pugna
1064 5857 1364 5912 aggressus
1379 5843 1642 5911 obtinuit,
1669 5848 1726 5897 et
1748 5845 1926 5900 victor
1941 5847 2014 5900 ad
2031 5865 2126 5916 pa-

2153 3209 2206 3281 C

2207 4427 2230 4446 ς

2297 1965 2462 2016 Anno
2491 1979 2526 2014 v
2552 1962 2796 2016 Mauricii
2825 1961 3195 2033 imperatoris
3215 1963 3676 2028 Romanorum,
3711 1963 3834 2034 qui
3865 1969 3955 2018 est

2231 2055 2498 2109 Recaredi
2551 2055 2704 2126 regis
2749 2055 2968 2126 primus
3023 2055 3272 2109 feliciter
3313 2073 3544 2122 annus,
3603 2058 3954 2112 Mauricius

2229 2147 2608 2201 Theodosium
2629 2147 2810 2201 ﬁlium
2836 2163 3004 2202 suum
3028 2165 3096 2201 ex
3115 2148 3235 2202 ﬁlia
3259 2147 3490 2202 Tiberii
3519 2149 3956 2220 imperatoris

2232 2243 2428 2292 natum
2454 2240 2732 2293 Czesarem
2765 2239 2920 2294 facit.
2952 2240 3186 2309 Pelagio
3211 2239 3460 2310 juniore
3483 2248 3798 2310 mortuo,
3833 2244 3954 2297 Bo-

2231 2347 2417 2385 manaa
2444 2332 2699 2386 Ecclesiae
2725 2332 3031 2402 Gregorius
3063 2333 3122 2386 in
3159 2333 3592 2404 episcopatum
3637 2336 3950 2391 succedit.

2231 2425 2611 2478 Prazestannis
2636 2441 2724 2479 xv.
2751 2425 3129 2496 Romani'per
3141 2427 3516 2481 Francorum
3537 2428 3954 2498 adjutorium

2231 2515 2636 2585 Langobardos
2659 2522 2904 2586 vastant,
2933 2521 2986 2572 et
3017 2518 3328 2588 provinciae
3360 2519 3556 2574 Italiae
3591 2527 3870 2591 partem
3895 2523 3954 2576 in

2231 2624 2392 2661 suam
2410 2609 2680 2678 redigunt
2691 2613 3053 2679 potestatem.
3073 2610 3365 2665 Sisbertus
3385 2611 3794 2669 interfector
3811 2617 3956 2669 Her-

2233 2701 2542 2770 menegildi
2583 2706 2764 2756 morte
2807 2703 3142 2773 turpissima
3185 2703 3530 2774 perimitur.
3569 2706 3954 2762 Recaredus

2231 2793 2416 2862 primo
2450 2794 2615 2864 regni
2644 2795 2728 2848 sui
2761 2812 2936 2862 anno,
2963 2812 3165 2850 mense
3197 2812 3252 2862 x,
3277 2798 3656 2866 catholicus,
3697 2802 3840 2856 Deo
3865 2803 3958 2870 ju-

2232 2889 2415 2952 vante,
2445 2887 2706 2956 efﬁcitur,
2741 2892 2800 2942 et
2823 2889 3151 2943 sacerdotes
3183 2893 3360 2943 sectae
3383 2890 3646 2946 Arianae
3677 2895 3954 2964 sapienti

2233 2978 2516 3047 colloquio
2547 2994 2847 3048 aggressus
2883 2979 3110 3035 ratione
3160 2982 3356 3051 potius
3409 2999 3618 3052 quam
3666 2987 3954 3057 imperio

2231 3071 2482 3124 converti
2509 3071 2580 3125 ad
2607 3073 2948 3127 catholicam
2979 3074 3158 3128 ﬁdem
3181 3075 3339 3141 facit,
3365 3081 3794 3150 gentemque
3831 3097 3958 3134 om-

2232 3163 2392 3216 nium
2423 3164 2733 3218 Gothorum
2761 3168 2814 3218 et
2833 3165 3152 3220 Suevorum
3179 3167 3254 3220 ad
3277 3167 3588 3223 unitatem
3627 3175 3702 3226 et
3733 3191 3954 3243 pacem

2233 3259 2460 3310 revocat
2483 3256 2815 3311 Christianae
2845 3259 3132 3314 Ecclesiae.
3169 3259 3356 3314 Sectaa
3387 3262 3686 3336 Arianae,
3757 3266 3956 3336 gratia

2233 3347 2440 3416 divina,
2469 3347 2529 3401 in
2556 3348 2828 3418 dogmate
2851 3350 3090 3404 veniunt
3119 3351 3476 3408 Christiano.

2301 3439 2621 3494 Desiderius
2669 3442 3018 3496 Francorum
3061 3461 3158 3497 rex
3188 3444 3304 3498 dux
3331 3446 3555 3502 Gothis
3591 3451 3764 3506 satis
3795 3453 3954 3506 infe-

2233 3536 2348 3586 stus
2376 3549 2408 3585 a
2435 3533 2670 3586 ducibus
2695 3535 2976 3588 Hecaredi
3007 3536 3160 3605 regis
3201 3542 3566 3607 superatur;
3637 3549 3736 3610 et,
3799 3563 3954 3600 casa

2233 3625 2576 3678 Francorum
2598 3626 2988 3694 multitudine,
3023 3627 3082 3682 in
3115 3645 3326 3700 campo
3363 3634 3680 3692 moritur.

2303 3717 2622 3772 Recaredus
2658 3735 2752 3774 rex
2782 3719 2970 3774 aliena
3013 3737 3044 3774 a
3086 3722 3656 3791 przedecessoribus
3709 3731 3954 3803 direpta

2234 3813 2290 3863 et
2317 3810 2448 3864 ﬁsco
2473 3811 2684 3864 sociata
2713 3812 3074 3882 placabiliter
3104 3815 3380 3870 restituit.
3413 3818 3876 3879 Ecclesiarum
3901 3829 3956 3878 et

2233 3904 2710 3960 monasteriorum
2739 3903 3004 3960 conditor
3036 3909 3094 3960 et
3123 3906 3342 3962 ditator
3373 3911 3692 3970 efﬁcitur.

2300 3999 2466 4051 Anno
2491 4013 2544 4051 v1
2573 3997 2842 4064 Mauricii,
2877 3999 2976 4068 qui
3003 4003 3089 4052 est
3131 4001 3422 4056 Recaredi
3459 4021 3504 4060 ιι
3533 4023 3794 4078 annus,
3831 4013 3956 4083 qui-

2233 4087 2364 4142 dam
2402 4105 2468 4142 ex
2510 4089 2731 4144 Arianis
2781 4091 2976 4145 Sunna
3021 4092 3352 4163 episcopus,
3407 4101 3472 4150 et
3525 4099 3764 4174 Seggo
3820 4123 3956 4160 cum

2232 4181 2572 4250 quibusdam
2607 4183 2972 4252 tyrannidem
3015 4201 3314 4240 assumere
3350 4190 3727 4264 cupientes,
3777 4197 3954 4252 dete-

2233 4276 2465 4344 guntur.
2507 4275 2780 4342 Convicti,
2824 4277 3022 4332 Sunna
3053 4278 3256 4334 exsilio
3284 4281 3590 4352 truditur,
3635 4293 3710 4342 et
3747 4291 3956 4363 Seggo

2231 4366 2495 4420 manibus
2555 4369 2864 4437 amputatis
2912 4371 3240 4426 Gallaeeiam
3290 4377 3582 4431 exsulans
3649 4383 3954 4438 mittitur.

2230 4459 2526 4513 Mauricius
2551 4460 2928 4516 Theodosium
2961 4463 3144 4518 ﬁlium
3173 4481 3358 4535 quem
3387 4485 3590 4540 supra
3629 4475 3956 4534 Caesarem

2231 4551 2491 4619 diximus,
2520 4553 2914 4609 Romanorum
2947 4555 3376 4626 imperatorem
3411 4563 3596 4620 facit.

2302 4647 2464 4699 Anno
2493 4661 2566 4700 vn
2599 4646 2872 4714 Mauricii,
2906 4649 3002 4718 qui
3038 4653 3123 4703 est
3152 4651 3450 4708 Recaredi
3487 4661 3676 4730 regis
3737 4679 3808 4720 ιιι
3861 4683 3958 4720 an-

2233 4753 2358 4805 nus,
2389 4737 2571 4792 Uldila
2589 4737 2884 4810 episcopus
2896 4758 3028 4796 cum
3043 4743 3374 4801 Gosuintha
3387 4751 3630 4820 regina
3647 4755 3952 4813 insidian-

2231 4833 2316 4884 tes
2333 4831 2624 4886 Recaredo
2643 4833 3088 4889 manifestantur
3114 4853 3127 4902 ;
3159 4841 3217 4891 et
3241 4837 3384 4893 ﬁdei
3411 4845 3768 4907 catholicae
3787 4871 3950 4908 com-

2231 4923 2566 4978 munionem
2586 4941 2758 4996 quam
2779 4927 2883 4980 sub
2911 4928 3094 4998 specie
3106 4930 3450 4988 Christiana
3481 4943 3681 5008 quasi
3699 4963 3952 5002 sumen-

2235 5018 2316 5070 tes
2341 5016 2662 5110 projiciunt,
2685 5019 3074 5088 publicentur.
3109 5023 3282 5085 Quod
3303 5028 3556 5086 malum
3575 5033 3644 5088 in
3673 5041 3952 5110 cognitio

2233 5108 2682 5164 nemhominum
2704 5111 3033 5181 deductum,
3075 5115 3262 5170 Uldila
3291 5120 3514 5178 exsilio
3547 5108 3948 5186 condemna-

2231 5204 2358 5268 tur;
2394 5201 2704 5258 Gosuintha
2741 5221 2876 5260 vero
2913 5207 3211 5262 catholicis
3243 5227 3499 5284 semper
3539 5219 3790 5280 infesta
3823 5227 3950 5280 vitae

2231 5297 2364 5348 tunc
2391 5295 2702 5350 terminum
2731 5297 2908 5352 dedit.
2945 5300 3300 5358 Francorum
3331 5311 3714 5371 exercitusa
3741 5320 3953 5374 Gente-

2229 5403 2369 5442 rano
2399 5404 2535 5458 rege
2559 5390 2945 5460 transmissus,
2965 5393 3189 5450 Bosone
3207 5395 3384 5464 duce,
3401 5401 3472 5456 in
3499 5406 3787 5468 Galliam
3809 5413 3948 5468 Nar-

2231 5479 2548 5535 bonensem
2579 5481 2910 5552 obveniunt,
2961 5489 3018 5540 et
3044 5485 3213 5556 juxta
3241 5490 3842 5560 Carcassonensem
3870 5523 3950 5559 ur-

2230 5571 2360 5627 bem
2389 5577 2574 5628 castra
2595 5577 2800 5632 metati
2830 5579 2978 5632 sunt.
3005 5581 3108 5634 Cui
3131 5582 3425 5640 Claudius
3457 5590 3818 5654 Lusitaniae
3845 5599 3946 5654 dux

2233 5682 2266 5719 a
2313 5667 2594 5722 Recaredo
2631 5685 2766 5739 rege
2805 5671 3058 5726 directus
3101 5673 3342 5731 obviam
3387 5679 3560 5740 inibi
3625 5693 3944 5746 occurrit:

2231 5775 2360 5812 cum
2388 5775 2502 5830 quo
2533 5763 2938 5833 congressione
2967 5765 3139 5832 facta,
3174 5767 3396 5826 Franci
3433 5774 3504 5830 in
3555 5781 3798 5854 fugam
3825 5803 3946 5841 ver-

2231 5853 2446 5914 tuntur.
2482 5856 2538 5907 et
2571 5854 2796 5924 direpta
2829 5859 3012 5912 castra
3039 5859 3442 5934 Francorum,
3477 5875 3550 5925 et
3581 5853 3896 5934 exercitus
3921 5897 3950 5933 ε
