  <div class='ocr_page' id='page_1' title='image "/cluster/home/n/w/nwhite01/storage/ocr_20150623/72/umn.31951002477365o/442.png"; bbox 0 0 4022 6398; ppageno 0'>
   <div class='ocr_carea' id='block_1_1' title="bbox 111 374 204 425">
    <p class='ocr_par' dir='ltr' id='par_1_1' title="bbox 111 374 204 425">
     <span class='ocr_line' id='line_1_1' title="bbox 111 374 204 425; baseline -0.022 0"><span class='ocrx_word' id='word_1_1' title='bbox 111 374 204 425; x_wconf 80' lang='grc'><strong>869</strong></span> 
     </span>
    </p>
   </div>
   <div class='ocr_carea' id='block_1_2' title="bbox 887 362 2640 424">
    <p class='ocr_par' dir='ltr' id='par_1_2' title="bbox 887 362 2640 424">
     <span class='ocr_line' id='line_1_2' title="bbox 887 362 2640 424; baseline -0.001 -1"><span class='ocrx_word' id='word_1_2' title='bbox 887 367 1179 424; x_wconf 82' lang='lat' dir='ltr'><strong>SANCTUS</strong></span> <span class='ocrx_word' id='word_1_3' title='bbox 1217 363 1525 424; x_wconf 77' lang='lat' dir='ltr'><strong>LEANDER</strong></span> <span class='ocrx_word' id='word_1_4' title='bbox 1565 367 1820 424; x_wconf 82' lang='lat' dir='ltr'><strong>HISPAL.</strong></span> <span class='ocrx_word' id='word_1_5' title='bbox 1861 367 2241 424; x_wconf 85' lang='lat' dir='ltr'><strong>EPISCOPUS.</strong></span> <span class='ocrx_word' id='word_1_6' title='bbox 2271 362 2640 423; x_wconf 87' lang='lat' dir='ltr'><strong>-—-NOTlTlA.</strong></span> 
     </span>
    </p>
   </div>
   <div class='ocr_carea' id='block_1_3' title="bbox 3384 377 3452 428">
    <p class='ocr_par' dir='ltr' id='par_1_3' title="bbox 3384 377 3452 428">
     <span class='ocr_line' id='line_1_3' title="bbox 3384 377 3452 428; baseline 0.029 -2"><span class='ocrx_word' id='word_1_7' title='bbox 3384 377 3452 428; x_wconf 82' lang='lat'><strong>70</strong></span> 
     </span>
    </p>
   </div>
   <div class='ocr_carea' id='block_1_4' title="bbox 55 473 3448 563">
    <p class='ocr_par' dir='ltr' id='par_1_4' title="bbox 55 473 3448 563">
     <span class='ocr_line' id='line_1_4' title="bbox 55 473 3448 563; baseline 0.001 -32"><span class='ocrx_word' id='word_1_8' title='bbox 55 497 62 536; x_wconf 70' lang='grc' dir='ltr'><em>τ</em></span> <span class='ocrx_word' id='word_1_9' title='bbox 109 474 291 531; x_wconf 84' lang='lat' dir='ltr'><strong>Gothis</strong></span> <span class='ocrx_word' id='word_1_10' title='bbox 315 474 574 530; x_wconf 82' lang='lat' dir='ltr'><strong>caeditur.</strong></span> <span class='ocrx_word' id='word_1_11' title='bbox 605 478 666 530; x_wconf 92' lang='lat' dir='ltr'><strong>ln</strong></span> <span class='ocrx_word' id='word_1_12' title='bbox 691 475 800 530; x_wconf 91' lang='lat' dir='ltr'><strong>hoc</strong></span> <span class='ocrx_word' id='word_1_13' title='bbox 820 491 959 547; x_wconf 87' lang='lat' dir='ltr'><strong>ergo</strong></span> <span class='ocrx_word' id='word_1_14' title='bbox 984 475 1292 530; x_wconf 83' lang='lat' dir='ltr'><strong>certamine</strong></span> <span class='ocrx_word' id='word_1_15' title='bbox 1312 475 1493 547; x_wconf 88' lang='lat' dir='ltr'><strong>gratia</strong></span> <span class='ocrx_word' id='word_1_16' title='bbox 1512 475 1720 543; x_wconf 85' lang='lat' dir='ltr'><strong>divina,</strong></span> <span class='ocrx_word' id='word_1_17' title='bbox 1747 491 1804 563; x_wconf 75' lang='grc' dir='ltr'>Α</span> <span class='ocrx_word' id='word_1_18' title='bbox 1827 491 1922 546; x_wconf 88' lang='lat' dir='ltr'><strong>ges</strong></span> <span class='ocrx_word' id='word_1_19' title='bbox 1949 475 2027 529; x_wconf 89' lang='lat' dir='ltr'><strong>ita</strong></span> <span class='ocrx_word' id='word_1_20' title='bbox 2055 474 2324 530; x_wconf 83' lang='lat' dir='ltr'><strong>radicitus</strong></span> <span class='ocrx_word' id='word_1_21' title='bbox 2351 477 2641 546; x_wconf 86' lang='lat' dir='ltr'><strong>amputata</strong></span> <span class='ocrx_word' id='word_1_22' title='bbox 2687 479 2807 543; x_wconf 91' lang='lat' dir='ltr'><strong>est,</strong></span> <span class='ocrx_word' id='word_1_23' title='bbox 2856 473 3148 532; x_wconf 82' lang='lat' dir='ltr'><strong>insistente</strong></span> <span class='ocrx_word' id='word_1_24' title='bbox 3195 477 3448 550; x_wconf 87' lang='lat' dir='ltr'><strong>principe</strong></span> 
     </span>
    </p>
   </div>
   <div class='ocr_carea' id='block_1_5' title="bbox 55 567 1722 640">
    <p class='ocr_par' dir='ltr' id='par_1_5' title="bbox 55 567 1722 640">
     <span class='ocr_line' id='line_1_5' title="bbox 55 567 1722 640; baseline -0.004 -12"><span class='ocrx_word' id='word_1_25' title='bbox 55 595 60 628; x_wconf 65' lang='grc' dir='ltr'><strong>ε</strong></span> <span class='ocrx_word' id='word_1_26' title='bbox 111 575 160 624; x_wconf 90' lang='lat' dir='ltr'><strong>et</strong></span> <span class='ocrx_word' id='word_1_27' title='bbox 194 569 329 622; x_wconf 81' lang='lat' dir='ltr'><strong>fides</strong></span> <span class='ocrx_word' id='word_1_28' title='bbox 358 567 636 623; x_wconf 88' lang='lat' dir='ltr'><strong>catholica</strong></span> <span class='ocrx_word' id='word_1_29' title='bbox 661 585 832 640; x_wconf 89' lang='lat' dir='ltr'><strong>quam</strong></span> <span class='ocrx_word' id='word_1_30' title='bbox 858 568 1172 624; x_wconf 82' lang='lat' dir='ltr'><strong>Recaredus</strong></span> <span class='ocrx_word' id='word_1_31' title='bbox 1211 585 1310 623; x_wconf 83' lang='lat' dir='ltr'><strong>rex</strong></span> <span class='ocrx_word' id='word_1_32' title='bbox 1341 569 1401 622; x_wconf 91' lang='lat' dir='ltr'><strong>in</strong></span> <span class='ocrx_word' id='word_1_33' title='bbox 1431 567 1626 624; x_wconf 80' lang='lat' dir='ltr'><strong>Gothis</strong></span> <span class='ocrx_word' id='word_1_34' title='bbox 1656 569 1722 622; x_wconf 80' lang='lat' dir='ltr'><strong>fi-</strong></span> 
     </span>
    </p>
   </div>
   <div class='ocr_carea' id='block_1_6' title="bbox 55 660 1725 732">
    <p class='ocr_par' dir='ltr' id='par_1_6' title="bbox 55 660 1725 732">
     <span class='ocr_line' id='line_1_6' title="bbox 55 660 1725 732; baseline 0.001 -17"><span class='ocrx_word' id='word_1_35' title='bbox 55 689 60 722; x_wconf 55' lang='lat'><strong>:</strong></span> <span class='ocrx_word' id='word_1_36' title='bbox 112 661 301 715; x_wconf 86' lang='lat' dir='ltr'><strong>deliter</strong></span> <span class='ocrx_word' id='word_1_37' title='bbox 323 661 564 731; x_wconf 88' lang='lat' dir='ltr'><strong>adeptus</strong></span> <span class='ocrx_word' id='word_1_38' title='bbox 591 667 692 729; x_wconf 87' lang='lat' dir='ltr'><strong>est,</strong></span> <span class='ocrx_word' id='word_1_39' title='bbox 721 677 839 715; x_wconf 86' lang='lat' dir='ltr'><strong>esse</strong></span> <span class='ocrx_word' id='word_1_40' title='bbox 869 660 1120 715; x_wconf 90' lang='lat' dir='ltr'><strong>noscitur</strong></span> <span class='ocrx_word' id='word_1_41' title='bbox 1144 664 1376 732; x_wconf 77' lang='lat' dir='ltr'><strong>operata</strong></span> <span class='ocrx_word' id='word_1_42' title='bbox 1409 679 1424 715; x_wconf 90' lang='lat'><strong>:</strong></span> <span class='ocrx_word' id='word_1_43' title='bbox 1455 661 1725 732; x_wconf 88' lang='lat' dir='ltr'><strong>quoniam</strong></span> 
     </span>
    </p>
   </div>
   <div class='ocr_carea' id='block_1_7' title="bbox 56 752 1723 825">
    <p class='ocr_par' dir='ltr' id='par_1_7' title="bbox 56 752 1723 825">
     <span class='ocr_line' id='line_1_7' title="bbox 56 752 1723 825; baseline 0 -19"><span class='ocrx_word' id='word_1_44' title='bbox 56 785 60 816; x_wconf 72' lang='grc' dir='ltr'>ς</span> <span class='ocrx_word' id='word_1_45' title='bbox 110 769 214 806; x_wconf 92' lang='lat' dir='ltr'><strong>non</strong></span> <span class='ocrx_word' id='word_1_46' title='bbox 244 757 327 807; x_wconf 89' lang='lat' dir='ltr'><strong>est</strong></span> <span class='ocrx_word' id='word_1_47' title='bbox 356 753 586 808; x_wconf 85' lang='lat' dir='ltr'><strong>diflicile</strong></span> <span class='ocrx_word' id='word_1_48' title='bbox 630 755 741 808; x_wconf 92' lang='lat' dir='ltr'><strong>Deo</strong></span> <span class='ocrx_word' id='word_1_49' title='bbox 771 759 981 822; x_wconf 86' lang='lat' dir='ltr'><strong>nostro,</strong></span> <span class='ocrx_word' id='word_1_50' title='bbox 1013 752 1060 806; x_wconf 88' lang='lat' dir='ltr'><strong>si</strong></span> <span class='ocrx_word' id='word_1_51' title='bbox 1089 754 1148 807; x_wconf 91' lang='lat' dir='ltr'><strong>in</strong></span> <span class='ocrx_word' id='word_1_52' title='bbox 1178 753 1372 825; x_wconf 83' lang='lat' dir='ltr'><strong>paucis</strong></span> <span class='ocrx_word' id='word_1_53' title='bbox 1405 753 1481 823; x_wconf 91' lang='lat' dir='ltr'><strong>[Si</strong></span> <span class='ocrx_word' id='word_1_54' title='bbox 1511 753 1723 824; x_wconf 86' lang='lat' dir='ltr'><strong>paucis]</strong></span> 
     </span>
    </p>
   </div>
   <div class='ocr_carea' id='block_1_8' title="bbox 56 845 1720 916">
    <p class='ocr_par' dir='ltr' id='par_1_8' title="bbox 56 845 1720 916">
     <span class='ocr_line' id='line_1_8' title="bbox 56 845 1720 916; baseline 0.001 -17"><span class='ocrx_word' id='word_1_55' title='bbox 56 881 60 914; x_wconf 57' lang='grc' dir='ltr'><strong>ι</strong></span> <span class='ocrx_word' id='word_1_56' title='bbox 109 861 213 900; x_wconf 88' lang='lat' dir='ltr'><strong>una</strong></span> <span class='ocrx_word' id='word_1_57' title='bbox 258 845 316 899; x_wconf 89' lang='lat' dir='ltr'><strong>in</strong></span> <span class='ocrx_word' id='word_1_58' title='bbox 370 845 572 900; x_wconf 90' lang='lat' dir='ltr'><strong>multis</strong></span> <span class='ocrx_word' id='word_1_59' title='bbox 616 846 756 912; x_wconf 88' lang='lat' dir='ltr'><strong>(Una</strong></span> <span class='ocrx_word' id='word_1_60' title='bbox 803 847 1018 916; x_wconf 89' lang='lat' dir='ltr'><strong>multis]</strong></span> <span class='ocrx_word' id='word_1_61' title='bbox 1070 847 1236 900; x_wconf 86' lang='lat' dir='ltr'><strong>detur</strong></span> <span class='ocrx_word' id='word_1_62' title='bbox 1272 846 1522 901; x_wconf 81' lang='lat' dir='ltr'><strong>victoria.</strong></span> <span class='ocrx_word' id='word_1_63' title='bbox 1581 847 1720 900; x_wconf 89' lang='lat' dir='ltr'><strong>Nam</strong></span> 
     </span>
    </p>
   </div>
   <div class='ocr_carea' id='block_1_9' title="bbox 56 937 1723 1006">
    <p class='ocr_par' dir='ltr' id='par_1_9' title="bbox 56 937 1723 1006">
     <span class='ocr_line' id='line_1_9' title="bbox 56 937 1723 1006; baseline 0 -13"><span class='ocrx_word' id='word_1_64' title='bbox 56 957 58 1006; x_wconf 75' lang='grc' dir='ltr'>ε</span> <span class='ocrx_word' id='word_1_65' title='bbox 110 937 359 993; x_wconf 87' lang='lat' dir='ltr'><strong>Claudius</strong></span> <span class='ocrx_word' id='word_1_66' title='bbox 387 939 506 992; x_wconf 80' lang='lat' dir='ltr'><strong>dux</strong></span> <span class='ocrx_word' id='word_1_67' title='bbox 537 955 668 993; x_wconf 93' lang='lat' dir='ltr'><strong>cum</strong></span> <span class='ocrx_word' id='word_1_68' title='bbox 697 955 786 994; x_wconf 90' lang='lat' dir='ltr'><strong>ccc</strong></span> <span class='ocrx_word' id='word_1_69' title='bbox 810 939 943 992; x_wconf 88' lang='lat' dir='ltr'><strong>viris</strong></span> <span class='ocrx_word' id='word_1_70' title='bbox 980 955 1045 994; x_wconf 84' lang='lat' dir='ltr'><strong>Lx</strong></span> <span class='ocrx_word' id='word_1_71' title='bbox 1070 939 1246 992; x_wconf 85' lang='lat' dir='ltr'><strong>millia</strong></span> <span class='ocrx_word' id='word_1_72' title='bbox 1273 939 1451 993; x_wconf 87' lang='lat' dir='ltr'><strong>ferme</strong></span> <span class='ocrx_word' id='word_1_73' title='bbox 1480 939 1723 994; x_wconf 79' lang='lat' dir='ltr'><strong>Franco-</strong></span> 
     </span>
    </p>
   </div>
   <div class='ocr_carea' id='block_1_10' title="bbox 56 1030 1724 1102">
    <p class='ocr_par' dir='ltr' id='par_1_10' title="bbox 56 1030 1724 1102">
     <span class='ocr_line' id='line_1_10' title="bbox 56 1030 1724 1102; baseline 0.001 -18"><span class='ocrx_word' id='word_1_74' title='bbox 56 1063 58 1098; x_wconf 67' lang='grc' dir='ltr'><strong>ε</strong></span> <span class='ocrx_word' id='word_1_75' title='bbox 109 1047 229 1084; x_wconf 86' lang='lat' dir='ltr'><strong>rum</strong></span> <span class='ocrx_word' id='word_1_76' title='bbox 253 1030 508 1085; x_wconf 89' lang='lat' dir='ltr'><strong>noscitur</strong></span> <span class='ocrx_word' id='word_1_77' title='bbox 537 1031 842 1101; x_wconf 86' lang='lat' dir='ltr'><strong>infugasse,</strong></span> <span class='ocrx_word' id='word_1_78' title='bbox 863 1034 920 1085; x_wconf 91' lang='lat' dir='ltr'><strong>et</strong></span> <span class='ocrx_word' id='word_1_79' title='bbox 944 1031 1248 1086; x_wconf 80' lang='lat' dir='ltr'><strong>maximam</strong></span> <span class='ocrx_word' id='word_1_80' title='bbox 1270 1048 1469 1086; x_wconf 90' lang='lat' dir='ltr'><strong>eorum</strong></span> <span class='ocrx_word' id='word_1_81' title='bbox 1501 1037 1724 1102; x_wconf 85' lang='lat' dir='ltr'><strong>partem</strong></span> 
     </span>
    </p>
   </div>
   <div class='ocr_carea' id='block_1_11' title="bbox 56 1123 1720 1194">
    <p class='ocr_par' dir='ltr' id='par_1_11' title="bbox 56 1123 1720 1194">
     <span class='ocr_line' id='line_1_11' title="bbox 56 1123 1720 1194; baseline 0.001 -17"><span class='ocrx_word' id='word_1_82' title='bbox 56 1155 58 1190; x_wconf 74' lang='grc' dir='ltr'><strong>ς</strong></span> <span class='ocrx_word' id='word_1_83' title='bbox 112 1124 284 1194; x_wconf 86' lang='lat' dir='ltr'><strong>gladio</strong></span> <span class='ocrx_word' id='word_1_84' title='bbox 309 1123 637 1178; x_wconf 86' lang='lat' dir='ltr'><strong>trucidasse.</strong></span> <span class='ocrx_word' id='word_1_85' title='bbox 669 1125 790 1178; x_wconf 86' lang='lat' dir='ltr'><strong>Non</strong></span> <span class='ocrx_word' id='word_1_86' title='bbox 809 1124 1093 1179; x_wconf 81' lang='lat' dir='ltr'><strong>immerito</strong></span> <span class='ocrx_word' id='word_1_87' title='bbox 1121 1125 1266 1179; x_wconf 87' lang='lat' dir='ltr'><strong>Deus</strong></span> <span class='ocrx_word' id='word_1_88' title='bbox 1291 1125 1552 1179; x_wconf 88' lang='lat' dir='ltr'><strong>laudatur</strong></span> <span class='ocrx_word' id='word_1_89' title='bbox 1577 1127 1720 1178; x_wconf 86' lang='lat' dir='ltr'><strong>tem-</strong></span> 
     </span>
    </p>
   </div>
   <div class='ocr_carea' id='block_1_12' title="bbox 111 1216 1720 1288">
    <p class='ocr_par' dir='ltr' id='par_1_12' title="bbox 111 1216 1720 1288">
     <span class='ocr_line' id='line_1_12' title="bbox 111 1216 1720 1288; baseline 0.001 -19"><span class='ocrx_word' id='word_1_90' title='bbox 111 1216 326 1287; x_wconf 86' lang='lat' dir='ltr'><strong>poribus</strong></span> <span class='ocrx_word' id='word_1_91' title='bbox 349 1216 560 1270; x_wconf 87' lang='lat' dir='ltr'><strong>nostris</strong></span> <span class='ocrx_word' id='word_1_92' title='bbox 586 1216 648 1270; x_wconf 90' lang='lat' dir='ltr'><strong>in</strong></span> <span class='ocrx_word' id='word_1_93' title='bbox 671 1216 778 1270; x_wconf 90' lang='lat' dir='ltr'><strong>hoc</strong></span> <span class='ocrx_word' id='word_1_94' title='bbox 815 1216 1008 1288; x_wconf 67' lang='lat' dir='ltr'><strong>prmlio</strong></span> <span class='ocrx_word' id='word_1_95' title='bbox 1041 1233 1161 1272; x_wconf 88' lang='lat' dir='ltr'><strong>esse</strong></span> <span class='ocrx_word' id='word_1_96' title='bbox 1192 1221 1453 1288; x_wconf 88' lang='lat' dir='ltr'><strong>operatus</strong></span> <span class='ocrx_word' id='word_1_97' title='bbox 1472 1257 1486 1283; x_wconf 96' lang='lat'><strong>,</strong></span> <span class='ocrx_word' id='word_1_98' title='bbox 1520 1217 1619 1288; x_wconf 87' lang='lat' dir='ltr'><strong>qui</strong></span> <span class='ocrx_word' id='word_1_99' title='bbox 1647 1218 1720 1271; x_wconf 83' lang='lat' dir='ltr'><strong>si-</strong></span> 
     </span>
    </p>
   </div>
   <div class='ocr_carea' id='block_1_13' title="bbox 55 1309 1725 1381">
    <p class='ocr_par' dir='ltr' id='par_1_13' title="bbox 55 1309 1725 1381">
     <span class='ocr_line' id='line_1_13' title="bbox 55 1309 1725 1381; baseline 0.001 -19"><span class='ocrx_word' id='word_1_100' title='bbox 55 1345 58 1376; x_wconf 60' lang='grc' dir='ltr'><em>ε</em></span> <span class='ocrx_word' id='word_1_101' title='bbox 112 1309 308 1363; x_wconf 87' lang='lat' dir='ltr'><strong>militer</strong></span> <span class='ocrx_word' id='word_1_102' title='bbox 327 1313 460 1364; x_wconf 88' lang='lat' dir='ltr'><strong>ante</strong></span> <span class='ocrx_word' id='word_1_103' title='bbox 491 1309 676 1364; x_wconf 87' lang='lat' dir='ltr'><strong>multa</strong></span> <span class='ocrx_word' id='word_1_104' title='bbox 700 1311 1023 1380; x_wconf 88' lang='lat' dir='ltr'><strong>temporum</strong></span> <span class='ocrx_word' id='word_1_105' title='bbox 1050 1309 1228 1381; x_wconf 90' lang='lat' dir='ltr'><strong>spatia</strong></span> <span class='ocrx_word' id='word_1_106' title='bbox 1248 1326 1350 1380; x_wconf 92' lang='lat' dir='ltr'><strong>per</strong></span> <span class='ocrx_word' id='word_1_107' title='bbox 1367 1325 1601 1364; x_wconf 89' lang='lat' dir='ltr'><strong>manum</strong></span> <span class='ocrx_word' id='word_1_108' title='bbox 1626 1310 1725 1364; x_wconf 88' lang='lat' dir='ltr'><strong>du-</strong></span> 
     </span>
    </p>
   </div>
   <div class='ocr_carea' id='block_1_14' title="bbox 56 1401 1724 1468">
    <p class='ocr_par' dir='ltr' id='par_1_14' title="bbox 56 1401 1724 1468">
     <span class='ocr_line' id='line_1_14' title="bbox 56 1401 1724 1468; baseline 0.001 -12"><span class='ocrx_word' id='word_1_109' title='bbox 56 1437 58 1468; x_wconf 44' lang='lat'>;</span> <span class='ocrx_word' id='word_1_110' title='bbox 112 1402 182 1456; x_wconf 89' lang='lat' dir='ltr'><strong>cis</strong></span> <span class='ocrx_word' id='word_1_111' title='bbox 206 1401 482 1457; x_wconf 80' lang='lat' dir='ltr'><strong>Gedeonis</strong></span> <span class='ocrx_word' id='word_1_112' title='bbox 513 1403 690 1458; x_wconf 69' lang='lat' dir='ltr'><strong>siccc&#39;I</strong></span> <span class='ocrx_word' id='word_1_113' title='bbox 717 1402 852 1457; x_wconf 90' lang='lat' dir='ltr'><strong>viris</strong></span> <span class='ocrx_word' id='word_1_114' title='bbox 879 1403 1059 1458; x_wconf 88' lang='lat' dir='ltr'><strong>multa</strong></span> <span class='ocrx_word' id='word_1_115' title='bbox 1087 1403 1264 1458; x_wconf 89' lang='lat' dir='ltr'><strong>millia</strong></span> <span class='ocrx_word' id='word_1_116' title='bbox 1293 1401 1724 1458; x_wconf 87' lang='lat' dir='ltr'><strong>Madianitarum</strong></span> 
     </span>
    </p>
   </div>
   <div class='ocr_carea' id='block_1_15' title="bbox 112 1494 1506 1567">
    <p class='ocr_par' dir='ltr' id='par_1_15' title="bbox 112 1494 1506 1567">
     <span class='ocr_line' id='line_1_15' title="bbox 112 1494 1506 1567; baseline 0.001 -18"><span class='ocrx_word' id='word_1_117' title='bbox 112 1496 201 1550; x_wconf 91' lang='lat' dir='ltr'><strong>Dei</strong></span> <span class='ocrx_word' id='word_1_118' title='bbox 229 1497 434 1567; x_wconf 89' lang='lat' dir='ltr'><strong>populo</strong></span> <span class='ocrx_word' id='word_1_119' title='bbox 459 1495 854 1551; x_wconf 86' lang='lat' dir='ltr'><strong>infestantium</strong></span> <span class='ocrx_word' id='word_1_120' title='bbox 881 1494 1130 1550; x_wconf 90' lang='lat' dir='ltr'><strong>noscitur</strong></span> <span class='ocrx_word' id='word_1_121' title='bbox 1156 1495 1506 1551; x_wconf 81' lang='lat' dir='ltr'><strong>exstinxisse.</strong></span> 
     </span>
    </p>
   </div>
   <div class='ocr_carea' id='block_1_16' title="bbox 173 1587 1776 1659">
    <p class='ocr_par' dir='ltr' id='par_1_16' title="bbox 173 1587 1776 1659">
     <span class='ocr_line' id='line_1_16' title="bbox 173 1587 1776 1659; baseline 0 -17"><span class='ocrx_word' id='word_1_122' title='bbox 173 1591 330 1644; x_wconf 85' lang='lat' dir='ltr'><strong>Anno</strong></span> <span class='ocrx_word' id='word_1_123' title='bbox 361 1604 458 1644; x_wconf 85' lang='lat' dir='ltr'><strong>vm</strong></span> <span class='ocrx_word' id='word_1_124' title='bbox 489 1588 744 1644; x_wconf 84' lang='lat' dir='ltr'><strong>Mauricii</strong></span> <span class='ocrx_word' id='word_1_125' title='bbox 775 1587 1162 1658; x_wconf 86' lang='lat' dir='ltr'><strong>imperatoris,</strong></span> <span class='ocrx_word' id='word_1_126' title='bbox 1195 1588 1294 1659; x_wconf 88' lang='lat' dir='ltr'><strong>qui</strong></span> <span class='ocrx_word' id='word_1_127' title='bbox 1338 1592 1422 1642; x_wconf 89' lang='lat' dir='ltr'><strong>est</strong></span> <span class='ocrx_word' id='word_1_128' title='bbox 1451 1589 1722 1643; x_wconf 80' lang='lat' dir='ltr'><strong>Becaredi</strong></span> <span class='ocrx_word' id='word_1_129' title='bbox 1759 1633 1776 1636; x_wconf 90' lang='lat'><strong>-</strong></span> 
     </span>
    </p>
   </div>
   <div class='ocr_carea' id='block_1_17' title="bbox 113 1680 1720 1752">
    <p class='ocr_par' dir='ltr' id='par_1_17' title="bbox 113 1680 1720 1752">
     <span class='ocr_line' id='line_1_17' title="bbox 113 1680 1720 1752; baseline 0.001 -17"><span class='ocrx_word' id='word_1_130' title='bbox 113 1697 160 1735; x_wconf 83' lang='lat' dir='ltr'><strong>Iv</strong></span> <span class='ocrx_word' id='word_1_131' title='bbox 181 1697 378 1750; x_wconf 88' lang='lat' dir='ltr'><strong>annus,</strong></span> <span class='ocrx_word' id='word_1_132' title='bbox 407 1685 604 1736; x_wconf 88' lang='lat' dir='ltr'><strong>sancta</strong></span> <span class='ocrx_word' id='word_1_133' title='bbox 631 1682 876 1752; x_wconf 77' lang='lat' dir='ltr'><strong>synodus</strong></span> <span class='ocrx_word' id='word_1_134' title='bbox 899 1681 1290 1752; x_wconf 88' lang='lat' dir='ltr'><strong>episcoporum</strong></span> <span class='ocrx_word' id='word_1_135' title='bbox 1327 1680 1496 1736; x_wconf 87' lang='lat' dir='ltr'><strong>totius</strong></span> <span class='ocrx_word' id='word_1_136' title='bbox 1523 1681 1720 1752; x_wconf 84' lang='lat' dir='ltr'><strong>Hispa-</strong></span> 
     </span>
    </p>
   </div>
   <div class='ocr_carea' id='block_1_18' title="bbox 113 1771 1722 1845">
    <p class='ocr_par' dir='ltr' id='par_1_18' title="bbox 113 1771 1722 1845">
     <span class='ocr_line' id='line_1_18' title="bbox 113 1771 1722 1845; baseline 0 -17"><span class='ocrx_word' id='word_1_137' title='bbox 113 1771 232 1844; x_wconf 63' lang='lat' dir='ltr'><strong>nise,</strong></span> <span class='ocrx_word' id='word_1_138' title='bbox 263 1775 451 1830; x_wconf 71' lang='lat' dir='ltr'><strong>Galliae</strong></span> <span class='ocrx_word' id='word_1_139' title='bbox 478 1779 536 1828; x_wconf 90' lang='lat' dir='ltr'><strong>et</strong></span> <span class='ocrx_word' id='word_1_140' title='bbox 564 1773 838 1828; x_wconf 68' lang='lat' dir='ltr'><strong>Gallzeciae</strong></span> <span class='ocrx_word' id='word_1_141' title='bbox 865 1773 924 1828; x_wconf 92' lang='lat' dir='ltr'><strong>in</strong></span> <span class='ocrx_word' id='word_1_142' title='bbox 952 1774 1092 1828; x_wconf 88' lang='lat' dir='ltr'><strong>urbe</strong></span> <span class='ocrx_word' id='word_1_143' title='bbox 1121 1775 1408 1843; x_wconf 87' lang='lat' dir='ltr'><strong>Toletana,</strong></span> <span class='ocrx_word' id='word_1_144' title='bbox 1437 1778 1722 1845; x_wconf 76' lang='lat' dir='ltr'><strong>praecepto</strong></span> 
     </span>
    </p>
   </div>
   <div class='ocr_carea' id='block_1_19' title="bbox 1825 568 3446 643">
    <p class='ocr_par' dir='ltr' id='par_1_19' title="bbox 1825 568 3446 643">
     <span class='ocr_line' id='line_1_19' title="bbox 1825 568 3446 643; baseline 0.003 -21"><span class='ocrx_word' id='word_1_145' title='bbox 1825 571 2136 622; x_wconf 86' lang='lat' dir='ltr'><strong>memorato</strong></span> <span class='ocrx_word' id='word_1_146' title='bbox 2180 568 2461 623; x_wconf 84' lang='lat' dir='ltr'><strong>Recaredo</strong></span> <span class='ocrx_word' id='word_1_147' title='bbox 2499 584 2655 639; x_wconf 87' lang='lat' dir='ltr'><strong>rege,</strong></span> <span class='ocrx_word' id='word_1_148' title='bbox 2687 570 2754 622; x_wconf 90' lang='lat' dir='ltr'><strong>ut</strong></span> <span class='ocrx_word' id='word_1_149' title='bbox 2777 568 3014 624; x_wconf 89' lang='lat' dir='ltr'><strong>ulterius</strong></span> <span class='ocrx_word' id='word_1_150' title='bbox 3037 585 3157 625; x_wconf 91' lang='lat' dir='ltr'><strong>non</strong></span> <span class='ocrx_word' id='word_1_151' title='bbox 3187 571 3446 643; x_wconf 88' lang='lat' dir='ltr'><strong>pullulet,</strong></span> 
     </span>
    </p>
   </div>
   <div class='ocr_carea' id='block_1_20' title="bbox 1823 660 3446 736">
    <p class='ocr_par' dir='ltr' id='par_1_20' title="bbox 1823 660 3446 736">
     <span class='ocr_line' id='line_1_20' title="bbox 1823 660 3446 736; baseline 0.004 -21"><span class='ocrx_word' id='word_1_152' title='bbox 1823 661 2094 716; x_wconf 85' lang='lat' dir='ltr'><strong>catholica</strong></span> <span class='ocrx_word' id='word_1_153' title='bbox 2139 661 2353 732; x_wconf 87' lang='lat' dir='ltr'><strong>ubique</strong></span> <span class='ocrx_word' id='word_1_154' title='bbox 2392 677 2529 733; x_wconf 87' lang='lat' dir='ltr'><strong>pace</strong></span> <span class='ocrx_word' id='word_1_155' title='bbox 2561 660 2690 715; x_wconf 90' lang='lat' dir='ltr'><strong>data</strong></span> <span class='ocrx_word' id='word_1_156' title='bbox 2717 661 2990 717; x_wconf 74' lang='lat' dir='ltr'><strong>Ecclesiis.</strong></span> <span class='ocrx_word' id='word_1_157' title='bbox 3023 663 3150 719; x_wconf 69' lang='lat' dir='ltr'><strong>Haec</strong></span> <span class='ocrx_word' id='word_1_158' title='bbox 3181 680 3318 736; x_wconf 89' lang='lat' dir='ltr'><strong>ergo</strong></span> <span class='ocrx_word' id='word_1_159' title='bbox 3343 682 3446 721; x_wconf 88' lang='lat' dir='ltr'><strong>ne-</strong></span> 
     </span>
    </p>
   </div>
   <div class='ocr_carea' id='block_1_21' title="bbox 1823 753 3448 828">
    <p class='ocr_par' dir='ltr' id='par_1_21' title="bbox 1823 753 3448 828">
     <span class='ocr_line' id='line_1_21' title="bbox 1823 753 3448 828; baseline 0.004 -21"><span class='ocrx_word' id='word_1_160' title='bbox 1823 753 1989 808; x_wconf 81' lang='lat' dir='ltr'><strong>fanda</strong></span> <span class='ocrx_word' id='word_1_161' title='bbox 2035 753 2287 823; x_wconf 59' lang='lat' dir='ltr'><strong>limresis,</strong></span> <span class='ocrx_word' id='word_1_162' title='bbox 2335 754 2624 808; x_wconf 88' lang='lat' dir='ltr'><strong>secundun</strong></span> <span class='ocrx_word' id='word_1_163' title='bbox 2671 754 2821 825; x_wconf 89' lang='lat' dir='ltr'><strong>quod</strong></span> <span class='ocrx_word' id='word_1_164' title='bbox 2886 756 3160 828; x_wconf 90' lang='lat' dir='ltr'><strong>scriptum</strong></span> <span class='ocrx_word' id='word_1_165' title='bbox 3210 763 3322 828; x_wconf 91' lang='lat' dir='ltr'><strong>est,</strong></span> <span class='ocrx_word' id='word_1_166' title='bbox 3373 763 3448 815; x_wconf 85' lang='lat' dir='ltr'><strong>De</strong></span> 
     </span>
    </p>
   </div>
   <div class='ocr_carea' id='block_1_22' title="bbox 1824 847 3445 918">
    <p class='ocr_par' dir='ltr' id='par_1_22' title="bbox 1824 847 3445 918">
     <span class='ocr_line' id='line_1_22' title="bbox 1824 847 3445 918; baseline 0.005 -18"><span class='ocrx_word' id='word_1_167' title='bbox 1824 847 1975 901; x_wconf 90' lang='lat' dir='ltr'><strong>domo</strong></span> <span class='ocrx_word' id='word_1_168' title='bbox 2007 849 2218 902; x_wconf 77' lang='lat' dir='ltr'><strong>Domini</strong></span> <span class='ocrx_word' id='word_1_169' title='bbox 2245 849 2386 902; x_wconf 69' lang='lat' dir='ltr'><strong>extet</strong></span> <span class='ocrx_word' id='word_1_170' title='bbox 2411 849 2636 902; x_wconf 75' lang='lat' dir='ltr'><strong>tentatio</strong></span> <span class='ocrx_word' id='word_1_171' title='bbox 2661 847 2731 901; x_wconf 88' lang='lat' dir='ltr'><strong>ab</strong></span> <span class='ocrx_word' id='word_1_172' title='bbox 2754 848 3259 918; x_wconf 72' lang='lat' dir='ltr'><strong>Alemandria,etc.,</strong></span> <span class='ocrx_word' id='word_1_173' title='bbox 3289 851 3445 907; x_wconf 86' lang='lat' dir='ltr'><strong>dete-</strong></span> 
     </span>
    </p>
   </div>
   <div class='ocr_carea' id='block_1_23' title="bbox 1825 939 3448 1016">
    <p class='ocr_par' dir='ltr' id='par_1_23' title="bbox 1825 939 3448 1016">
     <span class='ocr_line' id='line_1_23' title="bbox 1825 939 3448 1016; baseline 0.005 -24"><span class='ocrx_word' id='word_1_174' title='bbox 1825 943 1990 1010; x_wconf 88' lang='lat' dir='ltr'><strong>gente</strong></span> <span class='ocrx_word' id='word_1_175' title='bbox 2021 943 2210 994; x_wconf 90' lang='lat' dir='ltr'><strong>sancto</strong></span> <span class='ocrx_word' id='word_1_176' title='bbox 2247 939 2562 996; x_wconf 82' lang='lat' dir='ltr'><strong>Alexandro</strong></span> <span class='ocrx_word' id='word_1_177' title='bbox 2581 940 2836 1010; x_wconf 83' lang='lat' dir='ltr'><strong>ejusdem</strong></span> <span class='ocrx_word' id='word_1_178' title='bbox 2860 941 3014 996; x_wconf 87' lang='lat' dir='ltr'><strong>urbis</strong></span> <span class='ocrx_word' id='word_1_179' title='bbox 3033 943 3313 1015; x_wconf 89' lang='lat' dir='ltr'><strong>episcopo,</strong></span> <span class='ocrx_word' id='word_1_180' title='bbox 3342 962 3448 1016; x_wconf 89' lang='lat' dir='ltr'><strong>per</strong></span> 
     </span>
    </p>
   </div>
   <div class='ocr_carea' id='block_1_24' title="bbox 1823 1031 3446 1107">
    <p class='ocr_par' dir='ltr' id='par_1_24' title="bbox 1823 1031 3446 1107">
     <span class='ocr_line' id='line_1_24' title="bbox 1823 1031 3446 1107; baseline 0.004 -21"><span class='ocrx_word' id='word_1_181' title='bbox 1823 1032 2018 1086; x_wconf 82' lang='lat' dir='ltr'><strong>Arium</strong></span> <span class='ocrx_word' id='word_1_182' title='bbox 2047 1031 2439 1104; x_wconf 86' lang='lat' dir='ltr'><strong>presbyterum</strong></span> <span class='ocrx_word' id='word_1_183' title='bbox 2469 1033 2701 1088; x_wconf 83' lang='lat' dir='ltr'><strong>inolevit</strong></span> <span class='ocrx_word' id='word_1_184' title='bbox 2729 1049 2743 1088; x_wconf 93' lang='lat'>:</span> <span class='ocrx_word' id='word_1_185' title='bbox 2767 1033 2863 1106; x_wconf 90' lang='lat' dir='ltr'><strong>qui</strong></span> <span class='ocrx_word' id='word_1_186' title='bbox 2893 1035 2954 1090; x_wconf 90' lang='lat' dir='ltr'><strong>in</strong></span> <span class='ocrx_word' id='word_1_187' title='bbox 2985 1035 3208 1091; x_wconf 64' lang='lat' dir='ltr'><strong>Nicena</strong></span> <span class='ocrx_word' id='word_1_188' title='bbox 3233 1039 3446 1107; x_wconf 87' lang='lat' dir='ltr'><strong>synodo</strong></span> 
     </span>
    </p>
   </div>
   <div class='ocr_carea' id='block_1_25' title="bbox 1824 1125 3443 1201">
    <p class='ocr_par' dir='ltr' id='par_1_25' title="bbox 1824 1125 3443 1201">
     <span class='ocr_line' id='line_1_25' title="bbox 1824 1125 3443 1201; baseline 0.004 -21"><span class='ocrx_word' id='word_1_189' title='bbox 1824 1140 2011 1180; x_wconf 72' lang='lat' dir='ltr'><strong>cccmx</strong></span> <span class='ocrx_word' id='word_1_190' title='bbox 2054 1125 2442 1196; x_wconf 91' lang='lat' dir='ltr'><strong>episcoporum</strong></span> <span class='ocrx_word' id='word_1_191' title='bbox 2463 1125 2712 1196; x_wconf 89' lang='lat' dir='ltr'><strong>judicio,</strong></span> <span class='ocrx_word' id='word_1_192' title='bbox 2738 1127 3012 1198; x_wconf 84' lang='lat' dir='ltr'><strong>vigesimo</strong></span> <span class='ocrx_word' id='word_1_193' title='bbox 3044 1129 3269 1201; x_wconf 89' lang='lat' dir='ltr'><strong>imperii</strong></span> <span class='ocrx_word' id='word_1_194' title='bbox 3299 1131 3443 1186; x_wconf 84' lang='lat' dir='ltr'><strong>Con-</strong></span> 
     </span>
    </p>
   </div>
   <div class='ocr_carea' id='block_1_26' title="bbox 1823 1217 3443 1290">
    <p class='ocr_par' dir='ltr' id='par_1_26' title="bbox 1823 1217 3443 1290">
     <span class='ocr_line' id='line_1_26' title="bbox 1823 1217 3443 1290; baseline 0.005 -19"><span class='ocrx_word' id='word_1_195' title='bbox 1823 1217 2054 1272; x_wconf 85' lang='lat' dir='ltr'><strong>stantini</strong></span> <span class='ocrx_word' id='word_1_196' title='bbox 2119 1217 2356 1272; x_wconf 87' lang='lat' dir='ltr'><strong>senioris</strong></span> <span class='ocrx_word' id='word_1_197' title='bbox 2427 1234 2576 1273; x_wconf 89' lang='lat' dir='ltr'><strong>anno</strong></span> <span class='ocrx_word' id='word_1_198' title='bbox 2633 1221 2972 1290; x_wconf 78' lang='lat' dir='ltr'><strong>synodaliter</strong></span> <span class='ocrx_word' id='word_1_199' title='bbox 3021 1221 3443 1280; x_wconf 87' lang='lat' dir='ltr'><strong>damnationem</strong></span> 
     </span>
    </p>
   </div>
   <div class='ocr_carea' id='block_1_27' title="bbox 1825 1310 3443 1384">
    <p class='ocr_par' dir='ltr' id='par_1_27' title="bbox 1825 1310 3443 1384">
     <span class='ocr_line' id='line_1_27' title="bbox 1825 1310 3443 1384; baseline 0.005 -20"><span class='ocrx_word' id='word_1_200' title='bbox 1825 1327 1953 1365; x_wconf 89' lang='lat' dir='ltr'><strong>cum</strong></span> <span class='ocrx_word' id='word_1_201' title='bbox 1981 1310 2214 1382; x_wconf 85' lang='lat' dir='ltr'><strong>proprio</strong></span> <span class='ocrx_word' id='word_1_202' title='bbox 2243 1327 2432 1366; x_wconf 89' lang='lat' dir='ltr'><strong>errore</strong></span> <span class='ocrx_word' id='word_1_203' title='bbox 2459 1312 2723 1382; x_wconf 89' lang='lat' dir='ltr'><strong>suscepit.</strong></span> <span class='ocrx_word' id='word_1_204' title='bbox 2744 1313 2880 1376; x_wconf 63' lang='lat' dir='ltr'><strong>Quae</strong></span> <span class='ocrx_word' id='word_1_205' title='bbox 2907 1318 3034 1384; x_wconf 91' lang='lat' dir='ltr'><strong>post</strong></span> <span class='ocrx_word' id='word_1_206' title='bbox 3060 1314 3181 1369; x_wconf 69' lang='lat' dir='ltr'><strong>htec</strong></span> <span class='ocrx_word' id='word_1_207' title='bbox 3207 1333 3324 1371; x_wconf 88' lang='lat' dir='ltr'><strong>non</strong></span> <span class='ocrx_word' id='word_1_208' title='bbox 3353 1334 3443 1372; x_wconf 87' lang='lat' dir='ltr'><strong>so-</strong></span> 
     </span>
    </p>
   </div>
   <div class='ocr_carea' id='block_1_28' title="bbox 1822 1403 3447 1479">
    <p class='ocr_par' dir='ltr' id='par_1_28' title="bbox 1822 1403 3447 1479">
     <span class='ocr_line' id='line_1_28' title="bbox 1822 1403 3447 1479; baseline 0.004 -21"><span class='ocrx_word' id='word_1_209' title='bbox 1822 1403 1943 1458; x_wconf 90' lang='lat' dir='ltr'><strong>lum</strong></span> <span class='ocrx_word' id='word_1_210' title='bbox 1973 1403 2217 1458; x_wconf 90' lang='lat' dir='ltr'><strong>Orientis</strong></span> <span class='ocrx_word' id='word_1_211' title='bbox 2260 1408 2320 1458; x_wconf 87' lang='lat' dir='ltr'><strong>et</strong></span> <span class='ocrx_word' id='word_1_212' title='bbox 2365 1403 2676 1460; x_wconf 86' lang='lat' dir='ltr'><strong>Occidentis</strong></span> <span class='ocrx_word' id='word_1_213' title='bbox 2704 1410 2926 1476; x_wconf 88' lang='lat' dir='ltr'><strong>partem</strong></span> <span class='ocrx_word' id='word_1_214' title='bbox 2963 1409 3292 1479; x_wconf 84' lang='lat' dir='ltr'><strong>maculavit,</strong></span> <span class='ocrx_word' id='word_1_215' title='bbox 3349 1411 3447 1466; x_wconf 89' lang='lat' dir='ltr'><strong>sed</strong></span> 
     </span>
    </p>
   </div>
   <div class='ocr_carea' id='block_1_29' title="bbox 1821 1496 3447 1573">
    <p class='ocr_par' dir='ltr' id='par_1_29' title="bbox 1821 1496 3447 1573">
     <span class='ocr_line' id='line_1_29' title="bbox 1821 1496 3447 1573; baseline 0.005 -23"><span class='ocrx_word' id='word_1_216' title='bbox 1821 1501 1878 1550; x_wconf 90' lang='lat' dir='ltr'><strong>et</strong></span> <span class='ocrx_word' id='word_1_217' title='bbox 1900 1496 2262 1550; x_wconf 90' lang='lat' dir='ltr'><strong>Meridianam</strong></span> <span class='ocrx_word' id='word_1_218' title='bbox 2289 1502 2345 1551; x_wconf 90' lang='lat' dir='ltr'><strong>et</strong></span> <span class='ocrx_word' id='word_1_219' title='bbox 2373 1497 2806 1568; x_wconf 89' lang='lat' dir='ltr'><strong>Septemtrionis</strong></span> <span class='ocrx_word' id='word_1_220' title='bbox 2830 1498 3080 1570; x_wconf 78' lang='lat' dir='ltr'><strong>plagam,</strong></span> <span class='ocrx_word' id='word_1_221' title='bbox 3112 1505 3170 1555; x_wconf 90' lang='lat' dir='ltr'><strong>et</strong></span> <span class='ocrx_word' id='word_1_222' title='bbox 3191 1502 3340 1573; x_wconf 88' lang='lat' dir='ltr'><strong>ipsas</strong></span> <span class='ocrx_word' id='word_1_223' title='bbox 3363 1502 3447 1558; x_wconf 83' lang='lat' dir='ltr'><strong>in-</strong></span> 
     </span>
    </p>
   </div>
   <div class='ocr_carea' id='block_1_30' title="bbox 1821 1587 3443 1665">
    <p class='ocr_par' dir='ltr' id='par_1_30' title="bbox 1821 1587 3443 1665">
     <span class='ocr_line' id='line_1_30' title="bbox 1821 1587 3443 1665; baseline 0.006 -23"><span class='ocrx_word' id='word_1_224' title='bbox 1821 1589 1968 1642; x_wconf 89' lang='lat' dir='ltr'><strong>sulas</strong></span> <span class='ocrx_word' id='word_1_225' title='bbox 2011 1605 2111 1642; x_wconf 90' lang='lat' dir='ltr'><strong>sua</strong></span> <span class='ocrx_word' id='word_1_226' title='bbox 2139 1587 2376 1660; x_wconf 83' lang='lat' dir='ltr'><strong>perﬁdia</strong></span> <span class='ocrx_word' id='word_1_227' title='bbox 2400 1588 2658 1644; x_wconf 87' lang='lat' dir='ltr'><strong>irrctivit.</strong></span> <span class='ocrx_word' id='word_1_228' title='bbox 2703 1593 2750 1643; x_wconf 83' lang='lat' dir='ltr'><strong>A</strong></span> <span class='ocrx_word' id='word_1_229' title='bbox 2799 1590 3071 1660; x_wconf 90' lang='lat' dir='ltr'><strong>vigesimo</strong></span> <span class='ocrx_word' id='word_1_230' title='bbox 3120 1608 3256 1665; x_wconf 89' lang='lat' dir='ltr'><strong>ergo</strong></span> <span class='ocrx_word' id='word_1_231' title='bbox 3298 1595 3443 1650; x_wconf 80' lang='lat' dir='ltr'><strong>Con-</strong></span> 
     </span>
    </p>
   </div>
   <div class='ocr_carea' id='block_1_31' title="bbox 1821 1680 3446 1754">
    <p class='ocr_par' dir='ltr' id='par_1_31' title="bbox 1821 1680 3446 1754">
     <span class='ocr_line' id='line_1_31' title="bbox 1821 1680 3446 1754; baseline 0.006 -19"><span class='ocrx_word' id='word_1_232' title='bbox 1821 1681 2055 1736; x_wconf 89' lang='lat' dir='ltr'><strong>stantini</strong></span> <span class='ocrx_word' id='word_1_233' title='bbox 2081 1680 2352 1752; x_wconf 88' lang='lat' dir='ltr'><strong>principis</strong></span> <span class='ocrx_word' id='word_1_234' title='bbox 2381 1697 2552 1750; x_wconf 88' lang='lat' dir='ltr'><strong>anno,</strong></span> <span class='ocrx_word' id='word_1_235' title='bbox 2582 1698 2694 1754; x_wconf 90' lang='lat' dir='ltr'><strong>quo</strong></span> <span class='ocrx_word' id='word_1_236' title='bbox 2713 1687 2968 1754; x_wconf 89' lang='lat' dir='ltr'><strong>tempore</strong></span> <span class='ocrx_word' id='word_1_237' title='bbox 2991 1685 3222 1740; x_wconf 64' lang='lat' dir='ltr'><strong>haeresis</strong></span> <span class='ocrx_word' id='word_1_238' title='bbox 3240 1687 3446 1744; x_wconf 82' lang='lat' dir='ltr'><strong>Ariana</strong></span> 
     </span>
    </p>
   </div>
   <div class='ocr_carea' id='block_1_32' title="bbox 1819 1773 3442 1845">
    <p class='ocr_par' dir='ltr' id='par_1_32' title="bbox 1819 1773 3442 1845">
     <span class='ocr_line' id='line_1_32' title="bbox 1819 1773 3442 1845; baseline 0.006 -18"><span class='ocrx_word' id='word_1_239' title='bbox 1819 1773 2047 1828; x_wconf 89' lang='lat' dir='ltr'><strong>initium</strong></span> <span class='ocrx_word' id='word_1_240' title='bbox 2071 1773 2333 1845; x_wconf 89' lang='lat' dir='ltr'><strong>sumpsit,</strong></span> <span class='ocrx_word' id='word_1_241' title='bbox 2365 1789 2544 1844; x_wconf 89' lang='lat' dir='ltr'><strong>usque</strong></span> <span class='ocrx_word' id='word_1_242' title='bbox 2575 1773 2635 1828; x_wconf 93' lang='lat' dir='ltr'><strong>in</strong></span> <span class='ocrx_word' id='word_1_243' title='bbox 2671 1779 2928 1830; x_wconf 87' lang='lat' dir='ltr'><strong>octavum</strong></span> <span class='ocrx_word' id='word_1_244' title='bbox 2951 1793 3165 1832; x_wconf 90' lang='lat' dir='ltr'><strong>annum</strong></span> <span class='ocrx_word' id='word_1_245' title='bbox 3195 1779 3442 1836; x_wconf 86' lang='lat' dir='ltr'><strong>Mauricii</strong></span> 
     </span>
    </p>
   </div>
   <div class='ocr_carea' id='block_1_33' title="bbox 111 1850 3436 1943">
    <p class='ocr_par' dir='ltr' id='par_1_33' title="bbox 111 1850 3436 1943">
     <span class='ocr_line' id='line_1_33' title="bbox 111 1850 3436 1943; baseline 0.001 -17"><span class='ocrx_word' id='word_1_246' title='bbox 111 1872 366 1943; x_wconf 87' lang='lat' dir='ltr'><strong>principis</strong></span> <span class='ocrx_word' id='word_1_247' title='bbox 417 1871 694 1927; x_wconf 88' lang='lat' dir='ltr'><strong>Recaredi</strong></span> <span class='ocrx_word' id='word_1_248' title='bbox 731 1876 1114 1942; x_wconf 78' lang='lat' dir='ltr'><strong>congregatur</strong></span> <span class='ocrx_word' id='word_1_249' title='bbox 1163 1871 1555 1942; x_wconf 89' lang='lat' dir='ltr'><strong>episcoporum</strong></span> <span class='ocrx_word' id='word_1_250' title='bbox 1608 1888 1718 1926; x_wconf 88' lang='lat' dir='ltr'><strong>nu-</strong></span> <span class='ocrx_word' id='word_1_251' title='bbox 1741 1850 1796 1921; x_wconf 89' lang='grc' dir='ltr'><strong>Β</strong></span> <span class='ocrx_word' id='word_1_252' title='bbox 1819 1865 2088 1937; x_wconf 82' lang='lat' dir='ltr'><strong>principis</strong></span> <span class='ocrx_word' id='word_1_253' title='bbox 2133 1867 2543 1935; x_wconf 85' lang='lat' dir='ltr'><strong>Romanorum,</strong></span> <span class='ocrx_word' id='word_1_254' title='bbox 2589 1867 2688 1936; x_wconf 90' lang='lat' dir='ltr'><strong>qui</strong></span> <span class='ocrx_word' id='word_1_255' title='bbox 2739 1872 2822 1922; x_wconf 89' lang='lat' dir='ltr'><strong>est</strong></span> <span class='ocrx_word' id='word_1_256' title='bbox 2871 1869 3141 1925; x_wconf 82' lang='lat' dir='ltr'><strong>Recaredi</strong></span> <span class='ocrx_word' id='word_1_257' title='bbox 3203 1879 3436 1942; x_wconf 87' lang='lat' dir='ltr'><strong>quartus</strong></span> 
     </span>
    </p>
   </div>
   <div class='ocr_carea' id='block_1_34' title="bbox 111 1964 1722 2036">
    <p class='ocr_par' dir='ltr' id='par_1_34' title="bbox 111 1964 1722 2036">
     <span class='ocr_line' id='line_1_34' title="bbox 111 1964 1722 2036; baseline 0 -18"><span class='ocrx_word' id='word_1_258' title='bbox 111 1981 256 2019; x_wconf 86' lang='lat' dir='ltr'><strong>mero</strong></span> <span class='ocrx_word' id='word_1_259' title='bbox 285 1981 412 2033; x_wconf 79' lang='lat' dir='ltr'><strong>LXII,</strong></span> <span class='ocrx_word' id='word_1_260' title='bbox 436 1965 498 2020; x_wconf 91' lang='lat' dir='ltr'><strong>in</strong></span> <span class='ocrx_word' id='word_1_261' title='bbox 519 1981 636 2036; x_wconf 87' lang='lat' dir='ltr'><strong>qua</strong></span> <span class='ocrx_word' id='word_1_262' title='bbox 663 1965 876 2035; x_wconf 90' lang='lat' dir='ltr'><strong>synodo</strong></span> <span class='ocrx_word' id='word_1_263' title='bbox 908 1964 1176 2019; x_wconf 88' lang='lat' dir='ltr'><strong>intererat</strong></span> <span class='ocrx_word' id='word_1_264' title='bbox 1200 1967 1547 2018; x_wconf 88' lang='lat' dir='ltr'><strong>memoratus</strong></span> <span class='ocrx_word' id='word_1_265' title='bbox 1566 1964 1722 2018; x_wconf 83' lang='lat' dir='ltr'><strong>Chri-</strong></span> 
     </span>
    </p>
   </div>
   <div class='ocr_carea' id='block_1_35' title="bbox 111 2043 1722 2127">
    <p class='ocr_par' dir='ltr' id='par_1_35' title="bbox 111 2043 1722 2127">
     <span class='ocr_line' id='line_1_35' title="bbox 111 2043 1722 2127; baseline 0 -15"><span class='ocrx_word' id='word_1_266' title='bbox 111 2043 468 2112; x_wconf 74' lang='lat' dir='ltr'><strong>stianissimus</strong></span> <span class='ocrx_word' id='word_1_267' title='bbox 501 2058 837 2127; x_wconf 83' lang='lat' dir='ltr'><strong>Recaredus,</strong></span> <span class='ocrx_word' id='word_1_268' title='bbox 878 2057 1136 2112; x_wconf 91' lang='lat' dir='ltr'><strong>ordinem</strong></span> <span class='ocrx_word' id='word_1_269' title='bbox 1179 2057 1560 2112; x_wconf 86' lang='lat' dir='ltr'><strong>conversionis</strong></span> <span class='ocrx_word' id='word_1_270' title='bbox 1606 2073 1722 2112; x_wconf 81' lang='lat' dir='ltr'><strong>suae</strong></span> 
     </span>
    </p>
   </div>
   <div class='ocr_carea' id='block_1_36' title="bbox 55 2137 1719 2220">
    <p class='ocr_par' dir='ltr' id='par_1_36' title="bbox 55 2137 1719 2220">
     <span class='ocr_line' id='line_1_36' title="bbox 55 2137 1719 2220; baseline -0.001 -15"><span class='ocrx_word' id='word_1_271' title='bbox 55 2179 60 2214; x_wconf 69' lang='grc' dir='ltr'>ε</span> <span class='ocrx_word' id='word_1_272' title='bbox 113 2157 162 2205; x_wconf 88' lang='lat' dir='ltr'><strong>et</strong></span> <span class='ocrx_word' id='word_1_273' title='bbox 188 2151 439 2205; x_wconf 90' lang='lat' dir='ltr'><strong>omnium</strong></span> <span class='ocrx_word' id='word_1_274' title='bbox 471 2137 860 2219; x_wconf 81' lang='lat' dir='ltr'><strong>sacerdotum,</strong></span> <span class='ocrx_word' id='word_1_275' title='bbox 889 2150 976 2204; x_wconf 88' lang='lat' dir='ltr'><strong>vel</strong></span> <span class='ocrx_word' id='word_1_276' title='bbox 1013 2149 1195 2220; x_wconf 90' lang='lat' dir='ltr'><strong>gentis</strong></span> <span class='ocrx_word' id='word_1_277' title='bbox 1225 2149 1474 2204; x_wconf 79' lang='lat' dir='ltr'><strong>Gothicae</strong></span> <span class='ocrx_word' id='word_1_278' title='bbox 1503 2149 1719 2204; x_wconf 87' lang='lat' dir='ltr'><strong>confes-</strong></span> 
     </span>
    </p>
   </div>
   <div class='ocr_carea' id='block_1_37' title="bbox 113 2242 1720 2314">
    <p class='ocr_par' dir='ltr' id='par_1_37' title="bbox 113 2242 1720 2314">
     <span class='ocr_line' id='line_1_37' title="bbox 113 2242 1720 2314; baseline -0.001 -17"><span class='ocrx_word' id='word_1_279' title='bbox 113 2244 311 2299; x_wconf 86' lang='lat' dir='ltr'><strong>sionem</strong></span> <span class='ocrx_word' id='word_1_280' title='bbox 345 2247 501 2298; x_wconf 90' lang='lat' dir='ltr'><strong>tomo</strong></span> <span class='ocrx_word' id='word_1_281' title='bbox 540 2243 809 2314; x_wconf 85' lang='lat' dir='ltr'><strong>scriptam</strong></span> <span class='ocrx_word' id='word_1_282' title='bbox 850 2259 1025 2297; x_wconf 91' lang='lat' dir='ltr'><strong>manu</strong></span> <span class='ocrx_word' id='word_1_283' title='bbox 1075 2259 1175 2296; x_wconf 91' lang='lat' dir='ltr'><strong>sua</strong></span> <span class='ocrx_word' id='word_1_284' title='bbox 1223 2242 1500 2313; x_wconf 83' lang='lat' dir='ltr'><strong>episcopis</strong></span> <span class='ocrx_word' id='word_1_285' title='bbox 1537 2242 1720 2313; x_wconf 89' lang='lat' dir='ltr'><strong>porri-</strong></span> 
     </span>
    </p>
   </div>
   <div class='ocr_carea' id='block_1_38' title="bbox 114 2334 1721 2408">
    <p class='ocr_par' dir='ltr' id='par_1_38' title="bbox 114 2334 1721 2408">
     <span class='ocr_line' id='line_1_38' title="bbox 114 2334 1721 2408; baseline -0.001 -17"><span class='ocrx_word' id='word_1_286' title='bbox 114 2353 258 2408; x_wconf 89' lang='lat' dir='ltr'><strong>gens,</strong></span> <span class='ocrx_word' id='word_1_287' title='bbox 288 2339 344 2391; x_wconf 90' lang='lat' dir='ltr'><strong>et</strong></span> <span class='ocrx_word' id='word_1_288' title='bbox 370 2336 567 2390; x_wconf 89' lang='lat' dir='ltr'><strong>omnia</strong></span> <span class='ocrx_word' id='word_1_289' title='bbox 587 2352 714 2407; x_wconf 71' lang='lat' dir='ltr'><strong>qum</strong></span> <span class='ocrx_word' id='word_1_290' title='bbox 731 2337 798 2391; x_wconf 91' lang='lat' dir='ltr'><strong>ad</strong></span> <span class='ocrx_word' id='word_1_291' title='bbox 816 2335 1225 2406; x_wconf 88' lang='lat' dir='ltr'><strong>professionem</strong></span> <span class='ocrx_word' id='word_1_292' title='bbox 1240 2334 1374 2389; x_wconf 88' lang='lat' dir='ltr'><strong>ﬁdei</strong></span> <span class='ocrx_word' id='word_1_293' title='bbox 1393 2335 1721 2390; x_wconf 67' lang='lat' dir='ltr'><strong>orthodoxae</strong></span> 
     </span>
    </p>
   </div>
   <div class='ocr_carea' id='block_1_39' title="bbox 112 2427 1723 2502">
    <p class='ocr_par' dir='ltr' id='par_1_39' title="bbox 112 2427 1723 2502">
     <span class='ocr_line' id='line_1_39' title="bbox 112 2427 1723 2502; baseline -0.001 -19"><span class='ocrx_word' id='word_1_294' title='bbox 112 2430 398 2500; x_wconf 89' lang='lat' dir='ltr'><strong>pertinent,</strong></span> <span class='ocrx_word' id='word_1_295' title='bbox 432 2429 820 2502; x_wconf 73' lang='lat' dir='ltr'><strong>innotescens;</strong></span> <span class='ocrx_word' id='word_1_296' title='bbox 851 2430 1010 2498; x_wconf 86' lang='lat' dir='ltr'><strong>cujus</strong></span> <span class='ocrx_word' id='word_1_297' title='bbox 1029 2427 1170 2482; x_wconf 90' lang='lat' dir='ltr'><strong>tomi</strong></span> <span class='ocrx_word' id='word_1_298' title='bbox 1198 2427 1456 2482; x_wconf 85' lang='lat' dir='ltr'><strong>ordinem</strong></span> <span class='ocrx_word' id='word_1_299' title='bbox 1477 2427 1723 2482; x_wconf 88' lang='lat' dir='ltr'><strong>decrevit</strong></span> 
     </span>
    </p>
   </div>
   <div class='ocr_carea' id='block_1_40' title="bbox 113 2519 1718 2593">
    <p class='ocr_par' dir='ltr' id='par_1_40' title="bbox 113 2519 1718 2593">
     <span class='ocr_line' id='line_1_40' title="bbox 113 2519 1718 2593; baseline -0.002 -18"><span class='ocrx_word' id='word_1_300' title='bbox 113 2527 286 2576; x_wconf 86' lang='lat' dir='ltr'><strong>sancta</strong></span> <span class='ocrx_word' id='word_1_301' title='bbox 316 2522 713 2593; x_wconf 91' lang='lat' dir='ltr'><strong>episcoporum</strong></span> <span class='ocrx_word' id='word_1_302' title='bbox 733 2521 980 2592; x_wconf 84' lang='lat' dir='ltr'><strong>synodus</strong></span> <span class='ocrx_word' id='word_1_303' title='bbox 999 2519 1278 2574; x_wconf 86' lang='lat' dir='ltr'><strong>canonicis</strong></span> <span class='ocrx_word' id='word_1_304' title='bbox 1298 2519 1577 2592; x_wconf 87' lang='lat' dir='ltr'><strong>applicare</strong></span> <span class='ocrx_word' id='word_1_305' title='bbox 1596 2536 1718 2574; x_wconf 90' lang='lat' dir='ltr'><strong>mo-</strong></span> 
     </span>
    </p>
   </div>
   <div class='ocr_carea' id='block_1_41' title="bbox 113 2613 1723 2684">
    <p class='ocr_par' dir='ltr' id='par_1_41' title="bbox 113 2613 1723 2684">
     <span class='ocr_line' id='line_1_41' title="bbox 113 2613 1723 2684; baseline -0.001 -16"><span class='ocrx_word' id='word_1_306' title='bbox 113 2615 402 2670; x_wconf 89' lang='lat' dir='ltr'><strong>numentis.</strong></span> <span class='ocrx_word' id='word_1_307' title='bbox 451 2615 693 2670; x_wconf 89' lang='lat' dir='ltr'><strong>Summa</strong></span> <span class='ocrx_word' id='word_1_308' title='bbox 737 2618 928 2668; x_wconf 88' lang='lat' dir='ltr'><strong>tamen</strong></span> <span class='ocrx_word' id='word_1_309' title='bbox 959 2613 1241 2684; x_wconf 88' lang='lat' dir='ltr'><strong>synodalis</strong></span> <span class='ocrx_word' id='word_1_310' title='bbox 1290 2613 1504 2684; x_wconf 84' lang='lat' dir='ltr'><strong>negotii</strong></span> <span class='ocrx_word' id='word_1_311' title='bbox 1551 2629 1723 2683; x_wconf 89' lang='lat' dir='ltr'><strong>penes</strong></span> 
     </span>
    </p>
   </div>
   <div class='ocr_carea' id='block_1_42' title="bbox 114 2705 1718 2778">
    <p class='ocr_par' dir='ltr' id='par_1_42' title="bbox 114 2705 1718 2778">
     <span class='ocr_line' id='line_1_42' title="bbox 114 2705 1718 2778; baseline 0 -18"><span class='ocrx_word' id='word_1_312' title='bbox 114 2713 352 2762; x_wconf 90' lang='lat' dir='ltr'><strong>sanctum</strong></span> <span class='ocrx_word' id='word_1_313' title='bbox 387 2707 710 2762; x_wconf 88' lang='lat' dir='ltr'><strong>Leandrum</strong></span> <span class='ocrx_word' id='word_1_314' title='bbox 729 2707 1072 2778; x_wconf 89' lang='lat' dir='ltr'><strong>Hispalensis</strong></span> <span class='ocrx_word' id='word_1_315' title='bbox 1093 2705 1349 2760; x_wconf 71' lang='lat' dir='ltr'><strong>Ecclesiae</strong></span> <span class='ocrx_word' id='word_1_316' title='bbox 1371 2706 1718 2776; x_wconf 86' lang='lat' dir='ltr'><strong>episcopum,</strong></span> 
     </span>
    </p>
   </div>
   <div class='ocr_carea' id='block_1_43' title="bbox 114 2797 1720 2869">
    <p class='ocr_par' dir='ltr' id='par_1_43' title="bbox 114 2797 1720 2869">
     <span class='ocr_line' id='line_1_43' title="bbox 114 2797 1720 2869; baseline -0.001 -16"><span class='ocrx_word' id='word_1_317' title='bbox 114 2803 164 2853; x_wconf 83' lang='lat' dir='ltr'><strong>et</strong></span> <span class='ocrx_word' id='word_1_318' title='bbox 185 2799 571 2855; x_wconf 88' lang='lat' dir='ltr'><strong>beatissimum</strong></span> <span class='ocrx_word' id='word_1_319' title='bbox 597 2799 933 2869; x_wconf 88' lang='lat' dir='ltr'><strong>Eutropium</strong></span> <span class='ocrx_word' id='word_1_320' title='bbox 971 2798 1281 2852; x_wconf 88' lang='lat' dir='ltr'><strong>monasteri</strong></span> <span class='ocrx_word' id='word_1_321' title='bbox 1311 2797 1586 2853; x_wconf 88' lang='lat' dir='ltr'><strong>Servitani</strong></span> <span class='ocrx_word' id='word_1_322' title='bbox 1620 2798 1720 2851; x_wconf 86' lang='lat' dir='ltr'><strong>ab-</strong></span> 
     </span>
    </p>
   </div>
   <div class='ocr_carea' id='block_1_44' title="bbox 113 2889 1718 2959">
    <p class='ocr_par' dir='ltr' id='par_1_44' title="bbox 113 2889 1718 2959">
     <span class='ocr_line' id='line_1_44' title="bbox 113 2889 1718 2959; baseline -0.001 -14"><span class='ocrx_word' id='word_1_323' title='bbox 113 2891 286 2946; x_wconf 88' lang='lat' dir='ltr'><strong>batem</strong></span> <span class='ocrx_word' id='word_1_324' title='bbox 315 2892 438 2947; x_wconf 86' lang='lat' dir='ltr'><strong>fuit.</strong></span> <span class='ocrx_word' id='word_1_325' title='bbox 473 2893 812 2947; x_wconf 89' lang='lat' dir='ltr'><strong>Memoratus</strong></span> <span class='ocrx_word' id='word_1_326' title='bbox 845 2907 974 2945; x_wconf 92' lang='lat' dir='ltr'><strong>vero</strong></span> <span class='ocrx_word' id='word_1_327' title='bbox 997 2889 1311 2944; x_wconf 82' lang='lat' dir='ltr'><strong>Recaredus</strong></span> <span class='ocrx_word' id='word_1_328' title='bbox 1331 2905 1452 2959; x_wconf 81' lang='lat' dir='ltr'><strong>rex,</strong></span> <span class='ocrx_word' id='word_1_329' title='bbox 1484 2893 1550 2944; x_wconf 92' lang='lat' dir='ltr'><strong>ut</strong></span> <span class='ocrx_word' id='word_1_330' title='bbox 1572 2889 1718 2944; x_wconf 82' lang='lat' dir='ltr'><strong>dixi-</strong></span> 
     </span>
    </p>
   </div>
   <div class='ocr_carea' id='block_1_45' title="bbox 114 2983 1722 3054">
    <p class='ocr_par' dir='ltr' id='par_1_45' title="bbox 114 2983 1722 3054">
     <span class='ocr_line' id='line_1_45' title="bbox 114 2983 1722 3054; baseline -0.001 -16"><span class='ocrx_word' id='word_1_331' title='bbox 114 3001 248 3054; x_wconf 90' lang='lat' dir='ltr'><strong>mus,</strong></span> <span class='ocrx_word' id='word_1_332' title='bbox 279 2990 472 3040; x_wconf 88' lang='lat' dir='ltr'><strong>sancto</strong></span> <span class='ocrx_word' id='word_1_333' title='bbox 505 2985 784 3039; x_wconf 88' lang='lat' dir='ltr'><strong>intererat</strong></span> <span class='ocrx_word' id='word_1_334' title='bbox 811 2983 1046 3038; x_wconf 90' lang='lat' dir='ltr'><strong>concilio</strong></span> <span class='ocrx_word' id='word_1_335' title='bbox 1069 2999 1344 3038; x_wconf 88' lang='lat' dir='ltr'><strong>renovans</strong></span> <span class='ocrx_word' id='word_1_336' title='bbox 1373 2983 1722 3054; x_wconf 88' lang='lat' dir='ltr'><strong>temporibus</strong></span> 
     </span>
    </p>
   </div>
   <div class='ocr_carea' id='block_1_46' title="bbox 115 3075 1721 3150">
    <p class='ocr_par' dir='ltr' id='par_1_46' title="bbox 115 3075 1721 3150">
     <span class='ocr_line' id='line_1_46' title="bbox 115 3075 1721 3150; baseline -0.001 -20"><span class='ocrx_word' id='word_1_337' title='bbox 115 3079 302 3133; x_wconf 90' lang='lat' dir='ltr'><strong>nostris</strong></span> <span class='ocrx_word' id='word_1_338' title='bbox 319 3079 622 3150; x_wconf 88' lang='lat' dir='ltr'><strong>antiquum</strong></span> <span class='ocrx_word' id='word_1_339' title='bbox 645 3076 960 3148; x_wconf 88' lang='lat' dir='ltr'><strong>principem</strong></span> <span class='ocrx_word' id='word_1_340' title='bbox 987 3075 1415 3131; x_wconf 87' lang='lat' dir='ltr'><strong>Constantinum</strong></span> <span class='ocrx_word' id='word_1_341' title='bbox 1446 3091 1721 3146; x_wconf 84' lang='lat' dir='ltr'><strong>magnum</strong></span> 
     </span>
    </p>
   </div>
   <div class='ocr_carea' id='block_1_47' title="bbox 56 3167 1716 3242">
    <p class='ocr_par' dir='ltr' id='par_1_47' title="bbox 56 3167 1716 3242">
     <span class='ocr_line' id='line_1_47' title="bbox 56 3167 1716 3242; baseline -0.002 -19"><span class='ocrx_word' id='word_1_342' title='bbox 56 3209 62 3242; x_wconf 54' lang='grc' dir='ltr'><strong>ί</strong></span> <span class='ocrx_word' id='word_1_343' title='bbox 115 3175 343 3226; x_wconf 84' lang='lat' dir='ltr'><strong>sanctam</strong></span> <span class='ocrx_word' id='word_1_344' title='bbox 373 3171 656 3242; x_wconf 90' lang='lat' dir='ltr'><strong>synodum</strong></span> <span class='ocrx_word' id='word_1_345' title='bbox 685 3169 968 3223; x_wconf 67' lang='lat' dir='ltr'><strong>Nicaznam</strong></span> <span class='ocrx_word' id='word_1_346' title='bbox 998 3184 1096 3221; x_wconf 86' lang='lat' dir='ltr'><strong>sua</strong></span> <span class='ocrx_word' id='word_1_347' title='bbox 1136 3167 1440 3224; x_wconf 90' lang='lat' dir='ltr'><strong>illustrasse</strong></span> <span class='ocrx_word' id='word_1_348' title='bbox 1465 3183 1716 3238; x_wconf 66' lang='lat' dir='ltr'><strong>praesen-</strong></span> 
     </span>
    </p>
   </div>
   <div class='ocr_carea' id='block_1_48' title="bbox 115 3259 1718 3330">
    <p class='ocr_par' dir='ltr' id='par_1_48' title="bbox 115 3259 1718 3330">
     <span class='ocr_line' id='line_1_48' title="bbox 115 3259 1718 3330; baseline -0.001 -14"><span class='ocrx_word' id='word_1_349' title='bbox 115 3262 218 3318; x_wconf 89' lang='lat' dir='ltr'><strong>tia:</strong></span> <span class='ocrx_word' id='word_1_350' title='bbox 247 3281 344 3318; x_wconf 91' lang='lat' dir='ltr'><strong>nec</strong></span> <span class='ocrx_word' id='word_1_351' title='bbox 378 3281 495 3318; x_wconf 91' lang='lat' dir='ltr'><strong>non</strong></span> <span class='ocrx_word' id='word_1_352' title='bbox 528 3269 586 3318; x_wconf 88' lang='lat' dir='ltr'><strong>et</strong></span> <span class='ocrx_word' id='word_1_353' title='bbox 605 3260 946 3318; x_wconf 82' lang='lat' dir='ltr'><strong>Marcianum</strong></span> <span class='ocrx_word' id='word_1_354' title='bbox 973 3259 1510 3315; x_wconf 88' lang='lat' dir='ltr'><strong>Christianissimum</strong></span> <span class='ocrx_word' id='word_1_355' title='bbox 1536 3259 1718 3330; x_wconf 86' lang='lat' dir='ltr'><strong>impe-</strong></span> 
     </span>
    </p>
   </div>
   <div class='ocr_carea' id='block_1_49' title="bbox 113 3351 1718 3427">
    <p class='ocr_par' dir='ltr' id='par_1_49' title="bbox 113 3351 1718 3427">
     <span class='ocr_line' id='line_1_49' title="bbox 113 3351 1718 3427; baseline -0.002 -18"><span class='ocrx_word' id='word_1_356' title='bbox 113 3363 374 3425; x_wconf 86' lang='lat' dir='ltr'><strong>ratorem,</strong></span> <span class='ocrx_word' id='word_1_357' title='bbox 407 3357 569 3427; x_wconf 88' lang='lat' dir='ltr'><strong>cujus</strong></span> <span class='ocrx_word' id='word_1_358' title='bbox 597 3354 862 3409; x_wconf 90' lang='lat' dir='ltr'><strong>instantia</strong></span> <span class='ocrx_word' id='word_1_359' title='bbox 891 3352 1358 3409; x_wconf 86' lang='lat' dir='ltr'><strong>Chalcedonensis</strong></span> <span class='ocrx_word' id='word_1_360' title='bbox 1397 3352 1594 3423; x_wconf 89' lang='lat' dir='ltr'><strong>synodi</strong></span> <span class='ocrx_word' id='word_1_361' title='bbox 1619 3351 1718 3406; x_wconf 80' lang='lat' dir='ltr'><strong>de-</strong></span> 
     </span>
    </p>
   </div>
   <div class='ocr_carea' id='block_1_50' title="bbox 56 3444 1722 3522">
    <p class='ocr_par' dir='ltr' id='par_1_50' title="bbox 56 3444 1722 3522">
     <span class='ocr_line' id='line_1_50' title="bbox 56 3444 1722 3522; baseline -0.002 -20"><span class='ocrx_word' id='word_1_362' title='bbox 56 3487 62 3522; x_wconf 54' lang='grc' dir='ltr'><em>τ</em></span> <span class='ocrx_word' id='word_1_363' title='bbox 113 3455 250 3504; x_wconf 88' lang='lat' dir='ltr'><strong>creta</strong></span> <span class='ocrx_word' id='word_1_364' title='bbox 275 3450 519 3505; x_wconf 87' lang='lat' dir='ltr'><strong>formata</strong></span> <span class='ocrx_word' id='word_1_365' title='bbox 543 3451 694 3502; x_wconf 90' lang='lat' dir='ltr'><strong>sunt.</strong></span> <span class='ocrx_word' id='word_1_366' title='bbox 727 3446 1019 3518; x_wconf 89' lang='lat' dir='ltr'><strong>Siquidem</strong></span> <span class='ocrx_word' id='word_1_367' title='bbox 1039 3450 1096 3500; x_wconf 93' lang='lat' dir='ltr'><strong>et</strong></span> <span class='ocrx_word' id='word_1_368' title='bbox 1118 3445 1178 3500; x_wconf 92' lang='lat' dir='ltr'><strong>in</strong></span> <span class='ocrx_word' id='word_1_369' title='bbox 1207 3445 1416 3500; x_wconf 86' lang='lat' dir='ltr'><strong>Nicena</strong></span> <span class='ocrx_word' id='word_1_370' title='bbox 1433 3445 1574 3500; x_wconf 88' lang='lat' dir='ltr'><strong>urbe</strong></span> <span class='ocrx_word' id='word_1_371' title='bbox 1606 3444 1722 3498; x_wconf 74' lang='lat' dir='ltr'><strong>hae-</strong></span> 
     </span>
    </p>
   </div>
   <div class='ocr_carea' id='block_1_51' title="bbox 56 3537 1718 3616">
    <p class='ocr_par' dir='ltr' id='par_1_51' title="bbox 56 3537 1718 3616">
     <span class='ocr_line' id='line_1_51' title="bbox 56 3537 1718 3616; baseline -0.003 -20"><span class='ocrx_word' id='word_1_372' title='bbox 56 3583 62 3616; x_wconf 56' lang='lat'><strong>,</strong></span> <span class='ocrx_word' id='word_1_373' title='bbox 111 3543 236 3596; x_wconf 89' lang='lat' dir='ltr'><strong>resis</strong></span> <span class='ocrx_word' id='word_1_374' title='bbox 261 3543 469 3598; x_wconf 85' lang='lat' dir='ltr'><strong>Ariana</strong></span> <span class='ocrx_word' id='word_1_375' title='bbox 489 3546 546 3597; x_wconf 91' lang='lat' dir='ltr'><strong>et</strong></span> <span class='ocrx_word' id='word_1_376' title='bbox 558 3539 788 3595; x_wconf 90' lang='lat' dir='ltr'><strong>initium</strong></span> <span class='ocrx_word' id='word_1_377' title='bbox 812 3538 1052 3610; x_wconf 88' lang='lat' dir='ltr'><strong>sumpsit</strong></span> <span class='ocrx_word' id='word_1_378' title='bbox 1076 3543 1132 3592; x_wconf 91' lang='lat' dir='ltr'><strong>et</strong></span> <span class='ocrx_word' id='word_1_379' title='bbox 1155 3537 1577 3592; x_wconf 89' lang='lat' dir='ltr'><strong>damnationem</strong></span> <span class='ocrx_word' id='word_1_380' title='bbox 1596 3553 1718 3592; x_wconf 84' lang='lat' dir='ltr'><strong>me-</strong></span> 
     </span>
    </p>
   </div>
   <div class='ocr_carea' id='block_1_52' title="bbox 1821 1958 3441 2032">
    <p class='ocr_par' dir='ltr' id='par_1_52' title="bbox 1821 1958 3441 2032">
     <span class='ocr_line' id='line_1_52' title="bbox 1821 1958 3441 2032; baseline 0.006 -20"><span class='ocrx_word' id='word_1_381' title='bbox 1821 1958 1981 2029; x_wconf 83' lang='lat' dir='ltr'><strong>regni</strong></span> <span class='ocrx_word' id='word_1_382' title='bbox 2013 1974 2225 2026; x_wconf 88' lang='lat' dir='ltr'><strong>annus,</strong></span> <span class='ocrx_word' id='word_1_383' title='bbox 2256 1958 2392 2012; x_wconf 88' lang='lat' dir='ltr'><strong>anni</strong></span> <span class='ocrx_word' id='word_1_384' title='bbox 2428 1961 2562 2014; x_wconf 88' lang='lat' dir='ltr'><strong>sunt</strong></span> <span class='ocrx_word' id='word_1_385' title='bbox 2604 1974 2810 2028; x_wconf 73' lang='lat' dir='ltr'><strong>ccuvr,</strong></span> <span class='ocrx_word' id='word_1_386' title='bbox 2841 1961 3048 2032; x_wconf 86' lang='lat' dir='ltr'><strong>quibus</strong></span> <span class='ocrx_word' id='word_1_387' title='bbox 3076 1963 3319 2020; x_wconf 88' lang='lat' dir='ltr'><strong>Ecclesia</strong></span> <span class='ocrx_word' id='word_1_388' title='bbox 3347 1983 3441 2021; x_wconf 88' lang='lat' dir='ltr'><strong>ca-</strong></span> 
     </span>
    </p>
   </div>
   <div class='ocr_carea' id='block_1_53' title="bbox 1820 2050 3440 2121">
    <p class='ocr_par' dir='ltr' id='par_1_53' title="bbox 1820 2050 3440 2121">
     <span class='ocr_line' id='line_1_53' title="bbox 1820 2050 3440 2121; baseline 0.005 -15"><span class='ocrx_word' id='word_1_389' title='bbox 1820 2051 2029 2106; x_wconf 87' lang='lat' dir='ltr'><strong>tholica</strong></span> <span class='ocrx_word' id='word_1_390' title='bbox 2066 2050 2237 2121; x_wconf 88' lang='lat' dir='ltr'><strong>hujus</strong></span> <span class='ocrx_word' id='word_1_391' title='bbox 2261 2051 2492 2106; x_wconf 73' lang='lat' dir='ltr'><strong>haeresis</strong></span> <span class='ocrx_word' id='word_1_392' title='bbox 2517 2051 2878 2107; x_wconf 85' lang='lat' dir='ltr'><strong>infestatione</strong></span> <span class='ocrx_word' id='word_1_393' title='bbox 2903 2054 3192 2112; x_wconf 89' lang='lat' dir='ltr'><strong>laboravit.</strong></span> <span class='ocrx_word' id='word_1_394' title='bbox 3221 2057 3326 2113; x_wconf 90' lang='lat' dir='ltr'><strong>Sed</strong></span> <span class='ocrx_word' id='word_1_395' title='bbox 3355 2059 3440 2114; x_wconf 82' lang='lat' dir='ltr'><strong>fa-</strong></span> 
     </span>
    </p>
   </div>
   <div class='ocr_carea' id='block_1_54' title="bbox 1821 2143 3439 2222">
    <p class='ocr_par' dir='ltr' id='par_1_54' title="bbox 1821 2143 3439 2222">
     <span class='ocr_line' id='line_1_54' title="bbox 1821 2143 3439 2222; baseline 0.006 -24"><span class='ocrx_word' id='word_1_396' title='bbox 1821 2148 1984 2199; x_wconf 90' lang='lat' dir='ltr'><strong>vente</strong></span> <span class='ocrx_word' id='word_1_397' title='bbox 2015 2144 2123 2199; x_wconf 89' lang='lat' dir='ltr'><strong>Deo</strong></span> <span class='ocrx_word' id='word_1_398' title='bbox 2152 2143 2303 2212; x_wconf 87' lang='lat' dir='ltr'><strong>vicit,</strong></span> <span class='ocrx_word' id='word_1_399' title='bbox 2327 2144 2598 2216; x_wconf 87' lang='lat' dir='ltr'><strong>quoniam</strong></span> <span class='ocrx_word' id='word_1_400' title='bbox 2635 2145 2870 2200; x_wconf 87' lang='lat' dir='ltr'><strong>fundata</strong></span> <span class='ocrx_word' id='word_1_401' title='bbox 2899 2152 2980 2201; x_wconf 90' lang='lat' dir='ltr'><strong>est</strong></span> <span class='ocrx_word' id='word_1_402' title='bbox 3003 2164 3172 2218; x_wconf 88' lang='lat' dir='ltr'><strong>super</strong></span> <span class='ocrx_word' id='word_1_403' title='bbox 3197 2155 3439 2222; x_wconf 90' lang='lat' dir='ltr'><strong>petram.</strong></span> 
     </span>
    </p>
   </div>
   <div class='ocr_carea' id='block_1_55' title="bbox 1821 2236 3443 2315">
    <p class='ocr_par' dir='ltr' id='par_1_55' title="bbox 1821 2236 3443 2315">
     <span class='ocr_line' id='line_1_55' title="bbox 1821 2236 3443 2315; baseline 0.007 -25"><span class='ocrx_word' id='word_1_404' title='bbox 1821 2238 1882 2291; x_wconf 89' lang='lat' dir='ltr'><strong>In</strong></span> <span class='ocrx_word' id='word_1_405' title='bbox 1915 2236 2004 2291; x_wconf 91' lang='lat' dir='ltr'><strong>his</strong></span> <span class='ocrx_word' id='word_1_406' title='bbox 2046 2253 2184 2307; x_wconf 88' lang='lat' dir='ltr'><strong>ergo</strong></span> <span class='ocrx_word' id='word_1_407' title='bbox 2235 2236 2588 2308; x_wconf 88' lang='lat' dir='ltr'><strong>temporibus</strong></span> <span class='ocrx_word' id='word_1_408' title='bbox 2627 2238 2834 2309; x_wconf 89' lang='lat' dir='ltr'><strong>quibus</strong></span> <span class='ocrx_word' id='word_1_409' title='bbox 2875 2240 3231 2312; x_wconf 89' lang='lat' dir='ltr'><strong>omnipotens</strong></span> <span class='ocrx_word' id='word_1_410' title='bbox 3277 2243 3443 2315; x_wconf 85' lang='lat' dir='ltr'><strong>Deus,</strong></span> 
     </span>
    </p>
   </div>
   <div class='ocr_carea' id='block_1_56' title="bbox 1820 2331 3443 2405">
    <p class='ocr_par' dir='ltr' id='par_1_56' title="bbox 1820 2331 3443 2405">
     <span class='ocr_line' id='line_1_56' title="bbox 1820 2331 3443 2405; baseline 0.004 -20"><span class='ocrx_word' id='word_1_411' title='bbox 1820 2334 2100 2401; x_wconf 89' lang='lat' dir='ltr'><strong>prostrato</strong></span> <span class='ocrx_word' id='word_1_412' title='bbox 2135 2334 2441 2385; x_wconf 78' lang='lat' dir='ltr'><strong>veternosae</strong></span> <span class='ocrx_word' id='word_1_413' title='bbox 2494 2331 2724 2386; x_wconf 66' lang='lat' dir='ltr'><strong>haeresis</strong></span> <span class='ocrx_word' id='word_1_414' title='bbox 2774 2347 3018 2400; x_wconf 87' lang='lat' dir='ltr'><strong>veneno,</strong></span> <span class='ocrx_word' id='word_1_415' title='bbox 3071 2351 3270 2405; x_wconf 89' lang='lat' dir='ltr'><strong>pacem</strong></span> <span class='ocrx_word' id='word_1_416' title='bbox 3323 2353 3443 2393; x_wconf 66' lang='lat' dir='ltr'><strong>suae</strong></span> 
     </span>
    </p>
   </div>
   <div class='ocr_carea' id='block_1_57' title="bbox 1821 2421 3437 2494">
    <p class='ocr_par' dir='ltr' id='par_1_57' title="bbox 1821 2421 3437 2494">
     <span class='ocr_line' id='line_1_57' title="bbox 1821 2421 3437 2494; baseline 0.005 -18"><span class='ocrx_word' id='word_1_417' title='bbox 1821 2421 2066 2477; x_wconf 89' lang='lat' dir='ltr'><strong>restituit</strong></span> <span class='ocrx_word' id='word_1_418' title='bbox 2111 2422 2391 2492; x_wconf 86' lang='lat' dir='ltr'><strong>Ecclesiae,</strong></span> <span class='ocrx_word' id='word_1_419' title='bbox 2435 2422 2748 2494; x_wconf 89' lang='lat' dir='ltr'><strong>imperator</strong></span> <span class='ocrx_word' id='word_1_420' title='bbox 2787 2425 3085 2480; x_wconf 89' lang='lat' dir='ltr'><strong>Persarum</strong></span> <span class='ocrx_word' id='word_1_421' title='bbox 3111 2427 3315 2482; x_wconf 88' lang='lat' dir='ltr'><strong>Christi</strong></span> <span class='ocrx_word' id='word_1_422' title='bbox 3345 2445 3437 2484; x_wconf 88' lang='lat' dir='ltr'><strong>su-</strong></span> 
     </span>
    </p>
   </div>
   <div class='ocr_carea' id='block_1_58' title="bbox 1821 2514 3440 2590">
    <p class='ocr_par' dir='ltr' id='par_1_58' title="bbox 1821 2514 3440 2590">
     <span class='ocr_line' id='line_1_58' title="bbox 1821 2514 3440 2590; baseline 0.005 -21"><span class='ocrx_word' id='word_1_423' title='bbox 1821 2515 1996 2586; x_wconf 88' lang='lat' dir='ltr'><strong>scepit</strong></span> <span class='ocrx_word' id='word_1_424' title='bbox 2038 2514 2230 2582; x_wconf 89' lang='lat' dir='ltr'><strong>ﬁdem,</strong></span> <span class='ocrx_word' id='word_1_425' title='bbox 2273 2519 2330 2569; x_wconf 90' lang='lat' dir='ltr'><strong>et</strong></span> <span class='ocrx_word' id='word_1_426' title='bbox 2367 2531 2567 2585; x_wconf 90' lang='lat' dir='ltr'><strong>pacem</strong></span> <span class='ocrx_word' id='word_1_427' title='bbox 2605 2531 2735 2570; x_wconf 91' lang='lat' dir='ltr'><strong>cum</strong></span> <span class='ocrx_word' id='word_1_428' title='bbox 2786 2517 3050 2572; x_wconf 87' lang='lat' dir='ltr'><strong>Mauricio</strong></span> <span class='ocrx_word' id='word_1_429' title='bbox 3101 2519 3440 2590; x_wconf 85' lang='lat' dir='ltr'><strong>imperatore</strong></span> 
     </span>
    </p>
   </div>
   <div class='ocr_carea' id='block_1_59' title="bbox 1821 2607 3436 2683">
    <p class='ocr_par' dir='ltr' id='par_1_59' title="bbox 1821 2607 3436 2683">
     <span class='ocr_line' id='line_1_59' title="bbox 1821 2607 3436 2683; baseline 0.006 -23"><span class='ocrx_word' id='word_1_430' title='bbox 1821 2608 2085 2662; x_wconf 84' lang='lat' dir='ltr'><strong>ﬁrmavit.</strong></span> <span class='ocrx_word' id='word_1_431' title='bbox 2126 2607 2410 2662; x_wconf 85' lang='lat' dir='ltr'><strong>Recaredo</strong></span> <span class='ocrx_word' id='word_1_432' title='bbox 2439 2624 2575 2679; x_wconf 93' lang='lat' dir='ltr'><strong>ergo</strong></span> <span class='ocrx_word' id='word_1_433' title='bbox 2605 2609 2918 2664; x_wconf 82' lang='lat' dir='ltr'><strong>orthodoxo</strong></span> <span class='ocrx_word' id='word_1_434' title='bbox 2957 2611 3146 2682; x_wconf 87' lang='lat' dir='ltr'><strong>quieta</strong></span> <span class='ocrx_word' id='word_1_435' title='bbox 3180 2629 3314 2683; x_wconf 88' lang='lat' dir='ltr'><strong>pace</strong></span> <span class='ocrx_word' id='word_1_436' title='bbox 3345 2629 3436 2670; x_wconf 48' lang='lat' dir='ltr'><strong>red</strong></span> 
     </span>
    </p>
   </div>
   <div class='ocr_carea' id='block_1_60' title="bbox 1822 2699 3435 2778">
    <p class='ocr_par' dir='ltr' id='par_1_60' title="bbox 1822 2699 3435 2778">
     <span class='ocr_line' id='line_1_60' title="bbox 1822 2699 3435 2778; baseline 0.003 -24"><span class='ocrx_word' id='word_1_437' title='bbox 1822 2703 2050 2772; x_wconf 87' lang='lat' dir='ltr'><strong>gnante,</strong></span> <span class='ocrx_word' id='word_1_438' title='bbox 2083 2700 2400 2756; x_wconf 81' lang='lat' dir='ltr'><strong>domesticae</strong></span> <span class='ocrx_word' id='word_1_439' title='bbox 2429 2699 2649 2755; x_wconf 60' lang='lat' dir='ltr'><strong>insidiae</strong></span> <span class='ocrx_word' id='word_1_440' title='bbox 2677 2703 3128 2772; x_wconf 66' lang='lat' dir='ltr'><strong>praetenduntur.</strong></span> <span class='ocrx_word' id='word_1_441' title='bbox 3161 2705 3298 2760; x_wconf 90' lang='lat' dir='ltr'><strong>Nam</strong></span> <span class='ocrx_word' id='word_1_442' title='bbox 3317 2707 3435 2778; x_wconf 80' lang='lat' dir='ltr'><strong>qui-</strong></span> 
     </span>
    </p>
   </div>
   <div class='ocr_carea' id='block_1_61' title="bbox 1821 2793 3437 2866">
    <p class='ocr_par' dir='ltr' id='par_1_61' title="bbox 1821 2793 3437 2866">
     <span class='ocr_line' id='line_1_61' title="bbox 1821 2793 3437 2866; baseline 0.005 -18"><span class='ocrx_word' id='word_1_443' title='bbox 1821 2793 1955 2848; x_wconf 89' lang='lat' dir='ltr'><strong>dam</strong></span> <span class='ocrx_word' id='word_1_444' title='bbox 1979 2810 2048 2848; x_wconf 78' lang='lat' dir='ltr'><strong>ex</strong></span> <span class='ocrx_word' id='word_1_445' title='bbox 2077 2794 2330 2848; x_wconf 90' lang='lat' dir='ltr'><strong>cubiculo</strong></span> <span class='ocrx_word' id='word_1_446' title='bbox 2355 2793 2478 2864; x_wconf 85' lang='lat' dir='ltr'><strong>ejus</strong></span> <span class='ocrx_word' id='word_1_447' title='bbox 2513 2794 2682 2849; x_wconf 89' lang='lat' dir='ltr'><strong>etiam</strong></span> <span class='ocrx_word' id='word_1_448' title='bbox 2712 2795 3011 2866; x_wconf 85' lang='lat' dir='ltr'><strong>provinciae</strong></span> <span class='ocrx_word' id='word_1_449' title='bbox 3043 2797 3177 2864; x_wconf 82' lang='lat' dir='ltr'><strong>dux,</strong></span> <span class='ocrx_word' id='word_1_450' title='bbox 3209 2799 3437 2856; x_wconf 87' lang='lat' dir='ltr'><strong>nomine</strong></span> 
     </span>
    </p>
   </div>
   <div class='ocr_carea' id='block_1_62' title="bbox 1820 2886 3441 2962">
    <p class='ocr_par' dir='ltr' id='par_1_62' title="bbox 1820 2886 3441 2962">
     <span class='ocr_line' id='line_1_62' title="bbox 1820 2886 3441 2962; baseline 0.004 -22"><span class='ocrx_word' id='word_1_451' title='bbox 1820 2887 2206 2958; x_wconf 83' lang='lat' dir='ltr'><strong>Argimundus</strong></span> <span class='ocrx_word' id='word_1_452' title='bbox 2235 2928 2248 2956; x_wconf 93' lang='lat'><strong>,</strong></span> <span class='ocrx_word' id='word_1_453' title='bbox 2295 2886 2560 2941; x_wconf 88' lang='lat' dir='ltr'><strong>adversus</strong></span> <span class='ocrx_word' id='word_1_454' title='bbox 2589 2887 2938 2942; x_wconf 81' lang='lat' dir='ltr'><strong>Hecaredum</strong></span> <span class='ocrx_word' id='word_1_455' title='bbox 2968 2905 3164 2960; x_wconf 90' lang='lat' dir='ltr'><strong>regem</strong></span> <span class='ocrx_word' id='word_1_456' title='bbox 3183 2891 3441 2962; x_wconf 85' lang='lat' dir='ltr'><strong>tyranni-</strong></span> 
     </span>
    </p>
   </div>
   <div class='ocr_carea' id='block_1_63' title="bbox 1821 2980 3442 3054">
    <p class='ocr_par' dir='ltr' id='par_1_63' title="bbox 1821 2980 3442 3054">
     <span class='ocr_line' id='line_1_63' title="bbox 1821 2980 3442 3054; baseline 0.005 -20"><span class='ocrx_word' id='word_1_457' title='bbox 1821 2980 1951 3034; x_wconf 86' lang='lat' dir='ltr'><strong>dem</strong></span> <span class='ocrx_word' id='word_1_458' title='bbox 1997 2995 2279 3034; x_wconf 89' lang='lat' dir='ltr'><strong>assumere</strong></span> <span class='ocrx_word' id='word_1_459' title='bbox 2321 2980 2572 3050; x_wconf 89' lang='lat' dir='ltr'><strong>cupiens,</strong></span> <span class='ocrx_word' id='word_1_460' title='bbox 2618 2980 2701 3034; x_wconf 89' lang='lat' dir='ltr'><strong>ita</strong></span> <span class='ocrx_word' id='word_1_461' title='bbox 2744 2985 2828 3050; x_wconf 90' lang='lat' dir='ltr'><strong>ut,</strong></span> <span class='ocrx_word' id='word_1_462' title='bbox 2872 2981 2920 3036; x_wconf 89' lang='lat' dir='ltr'><strong>si</strong></span> <span class='ocrx_word' id='word_1_463' title='bbox 2961 2988 3166 3054; x_wconf 90' lang='lat' dir='ltr'><strong>posset,</strong></span> <span class='ocrx_word' id='word_1_464' title='bbox 3213 3000 3344 3040; x_wconf 91' lang='lat' dir='ltr'><strong>eum</strong></span> <span class='ocrx_word' id='word_1_465' title='bbox 3383 2992 3442 3042; x_wconf 90' lang='lat' dir='ltr'><strong>et</strong></span> 
     </span>
    </p>
   </div>
   <div class='ocr_carea' id='block_1_64' title="bbox 1820 3073 3438 3146">
    <p class='ocr_par' dir='ltr' id='par_1_64' title="bbox 1820 3073 3438 3146">
     <span class='ocr_line' id='line_1_64' title="bbox 1820 3073 3438 3146; baseline 0.005 -20"><span class='ocrx_word' id='word_1_466' title='bbox 1820 3089 1998 3144; x_wconf 85' lang='lat' dir='ltr'><strong>regno</strong></span> <span class='ocrx_word' id='word_1_467' title='bbox 2026 3073 2274 3143; x_wconf 84' lang='lat' dir='ltr'><strong>privaret</strong></span> <span class='ocrx_word' id='word_1_468' title='bbox 2303 3075 2360 3126; x_wconf 90' lang='lat' dir='ltr'><strong>et</strong></span> <span class='ocrx_word' id='word_1_469' title='bbox 2383 3073 2514 3126; x_wconf 88' lang='lat' dir='ltr'><strong>vita.</strong></span> <span class='ocrx_word' id='word_1_470' title='bbox 2550 3073 2656 3128; x_wconf 92' lang='lat' dir='ltr'><strong>Sed</strong></span> <span class='ocrx_word' id='word_1_471' title='bbox 2683 3073 2911 3128; x_wconf 86' lang='lat' dir='ltr'><strong>nefandi</strong></span> <span class='ocrx_word' id='word_1_472' title='bbox 2941 3075 3062 3146; x_wconf 89' lang='lat' dir='ltr'><strong>ejus</strong></span> <span class='ocrx_word' id='word_1_473' title='bbox 3092 3077 3308 3132; x_wconf 90' lang='lat' dir='ltr'><strong>consilii</strong></span> <span class='ocrx_word' id='word_1_474' title='bbox 3337 3078 3438 3134; x_wconf 89' lang='lat' dir='ltr'><strong>de-</strong></span> 
     </span>
    </p>
   </div>
   <div class='ocr_carea' id='block_1_65' title="bbox 1819 3164 3438 3235">
    <p class='ocr_par' dir='ltr' id='par_1_65' title="bbox 1819 3164 3438 3235">
     <span class='ocr_line' id='line_1_65' title="bbox 1819 3164 3438 3235; baseline 0.005 -17"><span class='ocrx_word' id='word_1_475' title='bbox 1819 3167 1964 3218; x_wconf 86' lang='lat' dir='ltr'><strong>tecta</strong></span> <span class='ocrx_word' id='word_1_476' title='bbox 1999 3164 2436 3231; x_wconf 88' lang='lat' dir='ltr'><strong>machinatione,</strong></span> <span class='ocrx_word' id='word_1_477' title='bbox 2481 3166 2940 3235; x_wconf 85' lang='lat' dir='ltr'><strong>comprehensus,</strong></span> <span class='ocrx_word' id='word_1_478' title='bbox 2992 3173 3049 3222; x_wconf 89' lang='lat' dir='ltr'><strong>et</strong></span> <span class='ocrx_word' id='word_1_479' title='bbox 3092 3168 3152 3222; x_wconf 91' lang='lat' dir='ltr'><strong>in</strong></span> <span class='ocrx_word' id='word_1_480' title='bbox 3202 3169 3438 3226; x_wconf 88' lang='lat' dir='ltr'><strong>vinculis</strong></span> 
     </span>
    </p>
   </div>
   <div class='ocr_carea' id='block_1_66' title="bbox 1741 3207 3441 3332">
    <p class='ocr_par' dir='ltr' id='par_1_66' title="bbox 1741 3207 3441 3332">
     <span class='ocr_line' id='line_1_66' title="bbox 1825 3207 3438 3235; baseline 0.005 -18"><span class='ocrx_word' id='word_1_481' title='bbox 1825 3207 1964 3218; x_wconf 58' lang='grc' dir='ltr'><strong>ην-.-</strong></span> <span class='ocrx_word' id='word_1_482' title='bbox 1999 3207 2436 3231; x_wconf 55' lang='grc' dir='ltr'><strong>.-.ανηιμμηνηη</strong></span> <span class='ocrx_word' id='word_1_483' title='bbox 2482 3207 2940 3235; x_wconf 68' lang='grc' dir='ltr'><strong>νυ...,ι.ν..ν..υι.υ,</strong></span> <span class='ocrx_word' id='word_1_484' title='bbox 2992 3207 3049 3222; x_wconf 47' lang='grc' dir='ltr'><strong>ιι..</strong></span> <span class='ocrx_word' id='word_1_485' title='bbox 3093 3207 3152 3222; x_wconf 70' lang='grc' dir='ltr'><strong>ιη</strong></span> <span class='ocrx_word' id='word_1_486' title='bbox 3210 3207 3438 3226; x_wconf 54' lang='lat' dir='ltr'><strong>“ac...”</strong></span> 
     </span>
     <span class='ocr_line' id='line_1_67' title="bbox 1741 3207 3441 3332; baseline 0.006 -23"><span class='ocrx_word' id='word_1_487' title='bbox 1741 3207 1796 3281; x_wconf 69' lang='grc' dir='ltr'>Ο</span> <span class='ocrx_word' id='word_1_488' title='bbox 1819 3256 2016 3310; x_wconf 88' lang='lat' dir='ltr'><strong>ferreis</strong></span> <span class='ocrx_word' id='word_1_489' title='bbox 2045 3257 2320 3325; x_wconf 90' lang='lat' dir='ltr'><strong>redactus,</strong></span> <span class='ocrx_word' id='word_1_490' title='bbox 2367 3257 2560 3310; x_wconf 88' lang='lat' dir='ltr'><strong>habita</strong></span> <span class='ocrx_word' id='word_1_491' title='bbox 2608 3257 2970 3326; x_wconf 89' lang='lat' dir='ltr'><strong>discussione,</strong></span> <span class='ocrx_word' id='word_1_492' title='bbox 3010 3261 3140 3314; x_wconf 91' lang='lat' dir='ltr'><strong>socii</strong></span> <span class='ocrx_word' id='word_1_493' title='bbox 3192 3263 3314 3332; x_wconf 89' lang='lat' dir='ltr'><strong>ejus</strong></span> <span class='ocrx_word' id='word_1_494' title='bbox 3338 3263 3441 3320; x_wconf 89' lang='lat' dir='ltr'><strong>im-</strong></span> 
     </span>
    </p>
   </div>
   <div class='ocr_carea' id='block_1_67' title="bbox 1819 3347 3438 3422">
    <p class='ocr_par' dir='ltr' id='par_1_67' title="bbox 1819 3347 3438 3422">
     <span class='ocr_line' id='line_1_68' title="bbox 1819 3347 3438 3422; baseline 0.007 -21"><span class='ocrx_word' id='word_1_495' title='bbox 1819 3347 1972 3419; x_wconf 90' lang='lat' dir='ltr'><strong>piam</strong></span> <span class='ocrx_word' id='word_1_496' title='bbox 2000 3348 2480 3403; x_wconf 87' lang='lat' dir='ltr'><strong>machinationem</strong></span> <span class='ocrx_word' id='word_1_497' title='bbox 2506 3349 2745 3404; x_wconf 89' lang='lat' dir='ltr'><strong>confessi</strong></span> <span class='ocrx_word' id='word_1_498' title='bbox 2765 3351 3046 3422; x_wconf 89' lang='lat' dir='ltr'><strong>condigna</strong></span> <span class='ocrx_word' id='word_1_499' title='bbox 3069 3359 3200 3408; x_wconf 90' lang='lat' dir='ltr'><strong>sunt</strong></span> <span class='ocrx_word' id='word_1_500' title='bbox 3223 3355 3438 3412; x_wconf 86' lang='lat' dir='ltr'><strong>ultione</strong></span> 
     </span>
    </p>
   </div>
   <div class='ocr_carea' id='block_1_68' title="bbox 1819 3439 3434 3516">
    <p class='ocr_par' dir='ltr' id='par_1_68' title="bbox 1819 3439 3434 3516">
     <span class='ocr_line' id='line_1_69' title="bbox 1819 3439 3434 3516; baseline 0.006 -23"><span class='ocrx_word' id='word_1_501' title='bbox 1819 3439 2116 3494; x_wconf 84' lang='lat' dir='ltr'><strong>interfecti.</strong></span> <span class='ocrx_word' id='word_1_502' title='bbox 2147 3441 2269 3510; x_wconf 87' lang='lat' dir='ltr'><strong>Ipse</strong></span> <span class='ocrx_word' id='word_1_503' title='bbox 2293 3443 2483 3494; x_wconf 87' lang='lat' dir='ltr'><strong>autem</strong></span> <span class='ocrx_word' id='word_1_504' title='bbox 2509 3441 2896 3512; x_wconf 86' lang='lat' dir='ltr'><strong>Argimundus</strong></span> <span class='ocrx_word' id='word_1_505' title='bbox 2923 3443 3024 3514; x_wconf 85' lang='lat' dir='ltr'><strong>qui</strong></span> <span class='ocrx_word' id='word_1_506' title='bbox 3057 3460 3302 3516; x_wconf 85' lang='lat' dir='ltr'><strong>regnum</strong></span> <span class='ocrx_word' id='word_1_507' title='bbox 3343 3464 3434 3502; x_wconf 86' lang='lat' dir='ltr'><strong>as-</strong></span> 
     </span>
    </p>
   </div>
   <div class='ocr_carea' id='block_1_69' title="bbox 1820 3530 3433 3610">
    <p class='ocr_par' dir='ltr' id='par_1_69' title="bbox 1820 3530 3433 3610">
     <span class='ocr_line' id='line_1_70' title="bbox 1820 3530 3433 3610; baseline 0.005 -24"><span class='ocrx_word' id='word_1_508' title='bbox 1820 3548 2042 3587; x_wconf 90' lang='lat' dir='ltr'><strong>sumere</strong></span> <span class='ocrx_word' id='word_1_509' title='bbox 2069 3530 2361 3603; x_wconf 89' lang='lat' dir='ltr'><strong>cupiebat,</strong></span> <span class='ocrx_word' id='word_1_510' title='bbox 2390 3531 2642 3602; x_wconf 90' lang='lat' dir='ltr'><strong>primum</strong></span> <span class='ocrx_word' id='word_1_511' title='bbox 2666 3534 2992 3590; x_wconf 89' lang='lat' dir='ltr'><strong>verberibus</strong></span> <span class='ocrx_word' id='word_1_512' title='bbox 3017 3537 3398 3610; x_wconf 85' lang='lat' dir='ltr'><strong>interrogatus</strong></span> <span class='ocrx_word' id='word_1_513' title='bbox 3417 3582 3433 3607; x_wconf 90' lang='lat'><strong>,</strong></span> 
     </span>
    </p>
   </div>
   <div class='ocr_carea' id='block_1_70' title="bbox 112 3623 3433 3703">
    <p class='ocr_par' dir='ltr' id='par_1_70' title="bbox 112 3623 3433 3703">
     <span class='ocr_line' id='line_1_71' title="bbox 112 3623 3433 3703; baseline 0 -17"><span class='ocrx_word' id='word_1_514' title='bbox 112 3634 232 3702; x_wconf 84' lang='lat' dir='ltr'><strong>ruit,</strong></span> <span class='ocrx_word' id='word_1_515' title='bbox 293 3633 577 3690; x_wconf 87' lang='lat' dir='ltr'><strong>radicibus</strong></span> <span class='ocrx_word' id='word_1_516' title='bbox 636 3647 751 3687; x_wconf 89' lang='lat' dir='ltr'><strong>non</strong></span> <span class='ocrx_word' id='word_1_517' title='bbox 805 3630 1130 3702; x_wconf 85' lang='lat' dir='ltr'><strong>amputatis.</strong></span> <span class='ocrx_word' id='word_1_518' title='bbox 1189 3629 1538 3684; x_wconf 87' lang='lat' dir='ltr'><strong>Chalcedone</strong></span> <span class='ocrx_word' id='word_1_519' title='bbox 1587 3645 1719 3684; x_wconf 90' lang='lat' dir='ltr'><strong>vero</strong></span> <span class='ocrx_word' id='word_1_520' title='bbox 1818 3623 2019 3679; x_wconf 90' lang='lat' dir='ltr'><strong>deinde</strong></span> <span class='ocrx_word' id='word_1_521' title='bbox 2048 3624 2290 3696; x_wconf 86' lang='lat' dir='ltr'><strong>turpiter</strong></span> <span class='ocrx_word' id='word_1_522' title='bbox 2317 3624 2665 3696; x_wconf 87' lang='lat' dir='ltr'><strong>decalvatus,</strong></span> <span class='ocrx_word' id='word_1_523' title='bbox 2698 3627 2973 3697; x_wconf 68' lang='lat' dir='ltr'><strong>posthaec</strong></span> <span class='ocrx_word' id='word_1_524' title='bbox 3006 3629 3202 3684; x_wconf 81' lang='lat' dir='ltr'><strong>dextra</strong></span> <span class='ocrx_word' id='word_1_525' title='bbox 3234 3647 3433 3703; x_wconf 86' lang='lat' dir='ltr'><strong>ampu-</strong></span> 
     </span>
    </p>
   </div>
   <div class='ocr_carea' id='block_1_71' title="bbox 111 3717 3436 3796">
    <p class='ocr_par' dir='ltr' id='par_1_71' title="bbox 111 3717 3436 3796">
     <span class='ocr_line' id='line_1_72' title="bbox 111 3717 3436 3796; baseline 0 -18"><span class='ocrx_word' id='word_1_526' title='bbox 111 3726 378 3782; x_wconf 87' lang='lat' dir='ltr'><strong>Nestorius</strong></span> <span class='ocrx_word' id='word_1_527' title='bbox 407 3732 466 3782; x_wconf 91' lang='lat' dir='ltr'><strong>et</strong></span> <span class='ocrx_word' id='word_1_528' title='bbox 494 3725 804 3796; x_wconf 88' lang='lat' dir='ltr'><strong>Eutychius</strong></span> <span class='ocrx_word' id='word_1_529' title='bbox 833 3739 952 3778; x_wconf 89' lang='lat' dir='ltr'><strong>una</strong></span> <span class='ocrx_word' id='word_1_530' title='bbox 995 3739 1129 3777; x_wconf 90' lang='lat' dir='ltr'><strong>cum</strong></span> <span class='ocrx_word' id='word_1_531' title='bbox 1170 3722 1434 3776; x_wconf 90' lang='lat' dir='ltr'><strong>Dioscoro</strong></span> <span class='ocrx_word' id='word_1_532' title='bbox 1466 3721 1720 3792; x_wconf 88' lang='lat' dir='ltr'><strong>ipsorum</strong></span> <span class='ocrx_word' id='word_1_533' title='bbox 1816 3720 1950 3786; x_wconf 88' lang='lat' dir='ltr'><strong>tata,</strong></span> <span class='ocrx_word' id='word_1_534' title='bbox 1993 3717 2316 3788; x_wconf 82' lang='lat' dir='ltr'><strong>exemplum</strong></span> <span class='ocrx_word' id='word_1_535' title='bbox 2350 3718 2614 3772; x_wconf 90' lang='lat' dir='ltr'><strong>omnibus</strong></span> <span class='ocrx_word' id='word_1_536' title='bbox 2650 3717 2712 3773; x_wconf 89' lang='lat' dir='ltr'><strong>in</strong></span> <span class='ocrx_word' id='word_1_537' title='bbox 2753 3720 3017 3775; x_wconf 87' lang='lat' dir='ltr'><strong>Toletana</strong></span> <span class='ocrx_word' id='word_1_538' title='bbox 3058 3723 3219 3791; x_wconf 90' lang='lat' dir='ltr'><strong>urbe,</strong></span> <span class='ocrx_word' id='word_1_539' title='bbox 3265 3724 3436 3780; x_wconf 85' lang='lat' dir='ltr'><strong>Asino</strong></span> 
     </span>
    </p>
   </div>
   <div class='ocr_carea' id='block_1_72' title="bbox 111 3809 3436 3890">
    <p class='ocr_par' dir='ltr' id='par_1_72' title="bbox 111 3809 3436 3890">
     <span class='ocr_line' id='line_1_73' title="bbox 111 3809 3436 3890; baseline -0.001 -16"><span class='ocrx_word' id='word_1_540' title='bbox 111 3823 355 3890; x_wconf 85' lang='lat' dir='ltr'><strong>patrono,</strong></span> <span class='ocrx_word' id='word_1_541' title='bbox 387 3824 444 3876; x_wconf 90' lang='lat' dir='ltr'><strong>et</strong></span> <span class='ocrx_word' id='word_1_542' title='bbox 467 3818 778 3874; x_wconf 75' lang='lat' dir='ltr'><strong>haeresibus</strong></span> <span class='ocrx_word' id='word_1_543' title='bbox 805 3816 1052 3888; x_wconf 89' lang='lat' dir='ltr'><strong>propriis</strong></span> <span class='ocrx_word' id='word_1_544' title='bbox 1088 3814 1445 3870; x_wconf 87' lang='lat' dir='ltr'><strong>condemnati</strong></span> <span class='ocrx_word' id='word_1_545' title='bbox 1473 3818 1623 3868; x_wconf 90' lang='lat' dir='ltr'><strong>sunt.</strong></span> <span class='ocrx_word' id='word_1_546' title='bbox 1660 3816 1718 3868; x_wconf 90' lang='lat' dir='ltr'><strong>In</strong></span> <span class='ocrx_word' id='word_1_547' title='bbox 1818 3809 2016 3864; x_wconf 86' lang='lat' dir='ltr'><strong>sedens</strong></span> <span class='ocrx_word' id='word_1_548' title='bbox 2056 3809 2426 3881; x_wconf 90' lang='lat' dir='ltr'><strong>pompizando</strong></span> <span class='ocrx_word' id='word_1_549' title='bbox 2469 3810 2655 3880; x_wconf 89' lang='lat' dir='ltr'><strong>dedit,</strong></span> <span class='ocrx_word' id='word_1_550' title='bbox 2705 3816 2762 3868; x_wconf 90' lang='lat' dir='ltr'><strong>et</strong></span> <span class='ocrx_word' id='word_1_551' title='bbox 2806 3813 2996 3868; x_wconf 88' lang='lat' dir='ltr'><strong>docuit</strong></span> <span class='ocrx_word' id='word_1_552' title='bbox 3047 3815 3284 3872; x_wconf 88' lang='lat' dir='ltr'><strong>famulos</strong></span> <span class='ocrx_word' id='word_1_553' title='bbox 3338 3817 3436 3872; x_wconf 84' lang='lat' dir='ltr'><strong>do-</strong></span> 
     </span>
    </p>
   </div>
   <div class='ocr_carea' id='block_1_73' title="bbox 112 3906 1722 3979">
    <p class='ocr_par' dir='ltr' id='par_1_73' title="bbox 112 3906 1722 3979">
     <span class='ocr_line' id='line_1_74' title="bbox 112 3906 1722 3979; baseline -0.002 -14"><span class='ocrx_word' id='word_1_554' title='bbox 112 3911 210 3966; x_wconf 88' lang='lat' dir='ltr'><strong>hac</strong></span> <span class='ocrx_word' id='word_1_555' title='bbox 235 3928 363 3968; x_wconf 89' lang='lat' dir='ltr'><strong>vero</strong></span> <span class='ocrx_word' id='word_1_556' title='bbox 392 3917 588 3967; x_wconf 87' lang='lat' dir='ltr'><strong>sancta</strong></span> <span class='ocrx_word' id='word_1_557' title='bbox 613 3911 879 3965; x_wconf 76' lang='lat' dir='ltr'><strong>Toletana</strong></span> <span class='ocrx_word' id='word_1_558' title='bbox 905 3907 1119 3979; x_wconf 86' lang='lat' dir='ltr'><strong>synodo</strong></span> <span class='ocrx_word' id='word_1_559' title='bbox 1163 3906 1278 3962; x_wconf 83' lang='lat' dir='ltr'><strong>Arii</strong></span> <span class='ocrx_word' id='word_1_560' title='bbox 1320 3907 1560 3978; x_wconf 86' lang='lat' dir='ltr'><strong>perﬁdia</strong></span> <span class='ocrx_word' id='word_1_561' title='bbox 1595 3912 1722 3977; x_wconf 89' lang='lat' dir='ltr'><strong>post</strong></span> 
     </span>
    </p>
   </div>
   <div class='ocr_carea' id='block_1_74' title="bbox 56 3984 1716 4088">
    <p class='ocr_par' dir='ltr' id='par_1_74' title="bbox 56 3984 1716 4088">
     <span class='ocr_line' id='line_1_75' title="bbox 56 3984 1716 4088; baseline -0.002 -32"><span class='ocrx_word' id='word_1_562' title='bbox 56 4063 59 4088; x_wconf 34' lang='grc' dir='ltr'>ί</span> <span class='ocrx_word' id='word_1_563' title='bbox 112 4002 299 4078; x_wconf 89' lang='lat' dir='ltr'><strong>longas</strong></span> <span class='ocrx_word' id='word_1_564' title='bbox 320 4004 737 4060; x_wconf 89' lang='lat' dir='ltr'><strong>Catholicorum</strong></span> <span class='ocrx_word' id='word_1_565' title='bbox 765 4018 929 4058; x_wconf 87' lang='lat' dir='ltr'><strong>neces</strong></span> <span class='ocrx_word' id='word_1_566' title='bbox 957 4006 1126 4073; x_wconf 86' lang='lat' dir='ltr'><strong>atque</strong></span> <span class='ocrx_word' id='word_1_567' title='bbox 1153 3984 1549 4055; x_wconf 72' lang='lat' dir='ltr'><strong>innocentium</strong></span> <span class='ocrx_word' id='word_1_568' title='bbox 1573 4003 1716 4054; x_wconf 47' lang='lat' dir='ltr'><strong>strad</strong></span> 
     </span>
    </p>
   </div>
   <div class='ocr_carea' id='block_1_75' title="bbox 173 4125 1718 4196">
    <p class='ocr_par' dir='ltr' id='par_1_75' title="bbox 173 4125 1718 4196">
     <span class='ocr_line' id='line_1_76' title="bbox 173 4125 1718 4196; baseline -0.003 -11"><span class='ocrx_word' id='word_1_569' title='bbox 173 4135 200 4168; x_wconf 82' lang='grc'><strong><em>⁸</em></strong></span> <span class='ocrx_word' id='word_1_570' title='bbox 227 4129 485 4185; x_wconf 80' lang='lat' dir='ltr'><strong>Rescribe</strong></span> <span class='ocrx_word' id='word_1_571' title='bbox 529 4146 641 4186; x_wconf 87' lang='lat' dir='ltr'><strong>ccc.</strong></span> <span class='ocrx_word' id='word_1_572' title='bbox 690 4127 812 4183; x_wconf 84' lang='lat' dir='ltr'><strong>Vid.</strong></span> <span class='ocrx_word' id='word_1_573' title='bbox 867 4127 995 4182; x_wconf 83' lang='lat' dir='ltr'><strong>Jud.</strong></span> <span class='ocrx_word' id='word_1_574' title='bbox 1043 4143 1135 4196; x_wconf 87' lang='lat' dir='ltr'><strong>vu,</strong></span> <span class='ocrx_word' id='word_1_575' title='bbox 1195 4131 1246 4180; x_wconf 89' lang='lat'><strong>7.</strong></span> <span class='ocrx_word' id='word_1_576' title='bbox 1296 4127 1502 4180; x_wconf 88' lang='lat' dir='ltr'><strong>Locum</strong></span> <span class='ocrx_word' id='word_1_577' title='bbox 1549 4125 1718 4180; x_wconf 84' lang='lat' dir='ltr'><strong>istum</strong></span> 
     </span>
    </p>
   </div>
   <div class='ocr_carea' id='block_1_76' title="bbox 112 4197 1088 4271">
    <p class='ocr_par' dir='ltr' id='par_1_76' title="bbox 112 4197 1088 4271">
     <span class='ocr_line' id='line_1_77' title="bbox 112 4197 1088 4271; baseline -0.002 -17"><span class='ocrx_word' id='word_1_578' title='bbox 112 4201 420 4271; x_wconf 71' lang='lat' dir='ltr'><strong>praeteriere</strong></span> <span class='ocrx_word' id='word_1_579' title='bbox 446 4201 697 4271; x_wconf 90' lang='lat' dir='ltr'><strong>Scaliger</strong></span> <span class='ocrx_word' id='word_1_580' title='bbox 725 4202 781 4254; x_wconf 89' lang='lat' dir='ltr'><strong>et</strong></span> <span class='ocrx_word' id='word_1_581' title='bbox 817 4197 1088 4256; x_wconf 89' lang='lat' dir='ltr'><strong>Canisius.</strong></span> 
     </span>
    </p>
   </div>
   <div class='ocr_carea' id='block_1_77' title="bbox 1819 3901 2620 3975">
    <p class='ocr_par' dir='ltr' id='par_1_77' title="bbox 1819 3901 2620 3975">
     <span class='ocr_line' id='line_1_78' title="bbox 1819 3901 2620 3975; baseline 0.001 -18"><span class='ocrx_word' id='word_1_582' title='bbox 1819 3901 1982 3958; x_wconf 91' lang='lat' dir='ltr'><strong>minii</strong></span> <span class='ocrx_word' id='word_1_583' title='bbox 2003 3903 2031 3944; x_wconf 71' lang='grc' dir='ltr'>δ</span> <span class='ocrx_word' id='word_1_584' title='bbox 2045 3919 2160 3958; x_wconf 93' lang='lat' dir='ltr'><strong>non</strong></span> <span class='ocrx_word' id='word_1_585' title='bbox 2186 3919 2305 3959; x_wconf 90' lang='lat' dir='ltr'><strong>esse</strong></span> <span class='ocrx_word' id='word_1_586' title='bbox 2333 3903 2620 3975; x_wconf 89' lang='lat' dir='ltr'><strong>superbos.</strong></span> 
     </span>
    </p>
   </div>
   <div class='ocr_carea' id='block_1_78' title="bbox 1911 4119 3435 4203">
    <p class='ocr_par' dir='ltr' id='par_1_78' title="bbox 1911 4119 3435 4203">
     <span class='ocr_line' id='line_1_79' title="bbox 1911 4119 3435 4203; baseline 0.009 -26"><span class='ocrx_word' id='word_1_587' title='bbox 1911 4123 2044 4203; x_wconf 49' lang='lat' dir='ltr'><strong>bitat</strong></span> <span class='ocrx_word' id='word_1_588' title='bbox 2081 4121 2342 4203; x_wconf 67' lang='lat' dir='ltr'><strong>Scaliger.</strong></span> <span class='ocrx_word' id='word_1_589' title='bbox 2376 4123 2449 4203; x_wconf 76' lang='lat' dir='ltr'><strong>At</strong></span> <span class='ocrx_word' id='word_1_590' title='bbox 2473 4119 2728 4203; x_wconf 77' lang='lat' dir='ltr'><strong>Canisius</strong></span> <span class='ocrx_word' id='word_1_591' title='bbox 2756 4125 2816 4203; x_wconf 81' lang='lat' dir='ltr'><strong>in</strong></span> <span class='ocrx_word' id='word_1_592' title='bbox 2847 4127 2980 4203; x_wconf 83' lang='lat' dir='ltr'><strong>edit.</strong></span> <span class='ocrx_word' id='word_1_593' title='bbox 3028 4129 3286 4203; x_wconf 81' lang='lat' dir='ltr'><strong>Basnag.,</strong></span> <span class='ocrx_word' id='word_1_594' title='bbox 3326 4132 3435 4190; x_wconf 82' lang='lat' dir='ltr'><strong>Do-</strong></span> 
     </span>
    </p>
   </div>
   <div class='ocr_carea' id='block_1_79' title="bbox 1818 4195 3371 4268">
    <p class='ocr_par' dir='ltr' id='par_1_79' title="bbox 1818 4195 3371 4268">
     <span class='ocr_line' id='line_1_80' title="bbox 1818 4195 3371 4268; baseline 0.006 -18"><span class='ocrx_word' id='word_1_595' title='bbox 1818 4197 1974 4250; x_wconf 73' lang='lat' dir='ltr'><strong>mini.</strong></span> <span class='ocrx_word' id='word_1_596' title='bbox 2006 4195 2142 4258; x_wconf 83' lang='lat' dir='ltr'><strong>Quae</strong></span> <span class='ocrx_word' id='word_1_597' title='bbox 2173 4195 2404 4266; x_wconf 87' lang='lat' dir='ltr'><strong>quidem</strong></span> <span class='ocrx_word' id='word_1_598' title='bbox 2430 4195 2584 4252; x_wconf 89' lang='lat' dir='ltr'><strong>haud</strong></span> <span class='ocrx_word' id='word_1_599' title='bbox 2608 4198 2799 4268; x_wconf 89' lang='lat' dir='ltr'><strong>paucis</strong></span> <span class='ocrx_word' id='word_1_600' title='bbox 2822 4204 2878 4253; x_wconf 90' lang='lat' dir='ltr'><strong>et</strong></span> <span class='ocrx_word' id='word_1_601' title='bbox 2902 4199 3118 4256; x_wconf 86' lang='lat' dir='ltr'><strong>lacunis</strong></span> <span class='ocrx_word' id='word_1_602' title='bbox 3140 4195 3371 4259; x_wconf 61' lang='lat' dir='ltr'><strong>laborat.</strong></span> 
     </span>
    </p>
   </div>
   <div class='ocr_carea' id='block_1_80' title="bbox 113 4353 3437 4393">
    <p class='ocr_par' dir='ltr' id='par_1_80' title="bbox 158 4353 3431 4360">
     <span class='ocr_line' id='line_1_81' title="bbox 158 4353 3431 4360; baseline 0.001 -6"><span class='ocrx_word' id='word_1_603' title='bbox 158 4353 953 4357; x_wconf 45' lang='lat' dir='ltr'><strong>,m,</strong></span> <span class='ocrx_word' id='word_1_604' title='bbox 2900 4353 3431 4360; x_wconf 22' lang='grc' dir='ltr'><strong>κὴ</strong></span> 
     </span>
    </p>
   </div>
   <div class='ocr_carea' id='block_1_81' title="bbox 1491 4519 2053 4571">
    <p class='ocr_par' dir='ltr' id='par_1_81' title="bbox 1491 4519 2053 4571">
     <span class='ocr_line' id='line_1_82' title="bbox 1491 4519 2053 4571; baseline -0.004 0"><span class='ocrx_word' id='word_1_605' title='bbox 1491 4524 1701 4571; x_wconf 81' lang='lat' dir='ltr'><strong>EODEM</strong></span> <span class='ocrx_word' id='word_1_606' title='bbox 1747 4519 2053 4570; x_wconf 61' lang='lat' dir='ltr'><strong>TEMPORE.</strong></span> 
     </span>
    </p>
   </div>
   <div class='ocr_carea' id='block_1_82' title="bbox 387 4652 3138 4894">
    <p class='ocr_par' dir='ltr' id='par_1_82' title="bbox 387 4652 3138 4894">
     <span class='ocr_line' id='line_1_83' title="bbox 387 4652 3138 4894; baseline -0.005 -21"><span class='ocrx_word' id='word_1_607' title='bbox 387 4658 1638 4873; x_wconf 85' lang='lat' dir='ltr'><strong>SANCTUS</strong></span> <span class='ocrx_word' id='word_1_608' title='bbox 1761 4652 3138 4894; x_wconf 78' lang='lat' dir='ltr'><strong>LEANDEB,</strong></span> 
     </span>
    </p>
   </div>
   <div class='ocr_carea' id='block_1_83' title="bbox 899 4947 2624 5064">
    <p class='ocr_par' dir='ltr' id='par_1_83' title="bbox 899 4947 2624 5064">
     <span class='ocr_line' id='line_1_84' title="bbox 899 4947 2624 5064; baseline -0.006 1"><span class='ocrx_word' id='word_1_609' title='bbox 899 4949 1782 5064; x_wconf 88' lang='lat' dir='ltr'><strong>HISPALENSIS</strong></span> <span class='ocrx_word' id='word_1_610' title='bbox 1857 4947 2624 5060; x_wconf 84' lang='lat' dir='ltr'><strong>EPISCOPUS.</strong></span> 
     </span>
    </p>
   </div>
   <div class='ocr_carea' id='block_1_84' title="bbox 113 5139 3452 5189">
    <p class='ocr_par' dir='ltr' id='par_1_84' title="bbox 113 5139 3452 5189">
     <span class='ocr_line' id='line_1_85' title="bbox 113 5139 3452 5189; baseline 0 -3"><span class='ocrx_word' id='word_1_611' title='bbox 113 5139 3452 5189; x_wconf 38' lang='lat' dir='ltr'>ﬂ</span> 
     </span>
    </p>
   </div>
   <div class='ocr_carea' id='block_1_85' title="bbox 1379 5301 2196 5426">
    <p class='ocr_par' dir='ltr' id='par_1_85' title="bbox 1379 5301 2196 5426">
     <span class='ocr_line' id='line_1_86' title="bbox 1379 5301 2196 5426; baseline -0.001 -3"><span class='ocrx_word' id='word_1_612' title='bbox 1379 5301 2196 5426; x_wconf 83' lang='lat' dir='ltr'><strong>NOTITIA.</strong></span> 
     </span>
    </p>
   </div>
   <div class='ocr_carea' id='block_1_86' title="bbox 1623 5459 1923 5524">
    <p class='ocr_par' dir='ltr' id='par_1_86' title="bbox 1623 5459 1923 5524">
     <span class='ocr_line' id='line_1_87' title="bbox 1623 5459 1923 5524; baseline -0.003 -13"><span class='ocrx_word' id='word_1_613' title='bbox 1623 5459 1718 5512; x_wconf 80' lang='lat' dir='ltr'><strong>(Ex</strong></span> <span class='ocrx_word' id='word_1_614' title='bbox 1751 5463 1923 5524; x_wconf 82' lang='lat' dir='ltr'><strong>Cave.)</strong></span> 
     </span>
    </p>
   </div>
   <div class='ocr_carea' id='block_1_87' title="bbox 184 5657 1722 5757">
    <p class='ocr_par' dir='ltr' id='par_1_87' title="bbox 184 5657 1722 5757">
     <span class='ocr_line' id='line_1_88' title="bbox 184 5657 1722 5757; baseline -0.002 -19"><span class='ocrx_word' id='word_1_615' title='bbox 184 5657 444 5753; x_wconf 69' lang='lat' dir='ltr'><strong>Leander,</strong></span> <span class='ocrx_word' id='word_1_616' title='bbox 479 5689 645 5757; x_wconf 85' lang='lat' dir='ltr'><strong>gente</strong></span> <span class='ocrx_word' id='word_1_617' title='bbox 694 5685 972 5756; x_wconf 86' lang='lat' dir='ltr'><strong>Hispanus</strong></span> <span class='ocrx_word' id='word_1_618' title='bbox 990 5724 1004 5750; x_wconf 90' lang='lat'><strong>,</strong></span> <span class='ocrx_word' id='word_1_619' title='bbox 1037 5683 1204 5738; x_wconf 91' lang='lat' dir='ltr'><strong>domo</strong></span> <span class='ocrx_word' id='word_1_620' title='bbox 1247 5676 1722 5752; x_wconf 87' lang='lat' dir='ltr'><strong>Carthaginensis,</strong></span> 
     </span>
    </p>
   </div>
   <div class='ocr_carea' id='block_1_88' title="bbox 1826 5672 3443 5757">
    <p class='ocr_par' dir='ltr' id='par_1_88' title="bbox 1826 5672 3443 5757">
     <span class='ocr_line' id='line_1_89' title="bbox 1826 5672 3443 5757; baseline 0.008 -24"><span class='ocrx_word' id='word_1_621' title='bbox 1826 5672 2018 5735; x_wconf 87' lang='lat' dir='ltr'><strong>lsidori</strong></span> <span class='ocrx_word' id='word_1_622' title='bbox 2045 5675 2379 5750; x_wconf 79' lang='lat' dir='ltr'><strong>Hispalensis</strong></span> <span class='ocrx_word' id='word_1_623' title='bbox 2402 5679 2576 5736; x_wconf 83' lang='lat' dir='ltr'><strong>frater</strong></span> <span class='ocrx_word' id='word_1_624' title='bbox 2593 5689 2730 5738; x_wconf 87' lang='lat' dir='ltr'><strong>natu</strong></span> <span class='ocrx_word' id='word_1_625' title='bbox 2751 5680 2954 5756; x_wconf 88' lang='lat' dir='ltr'><strong>major,</strong></span> <span class='ocrx_word' id='word_1_626' title='bbox 2977 5689 3102 5757; x_wconf 89' lang='lat' dir='ltr'><strong>post</strong></span> <span class='ocrx_word' id='word_1_627' title='bbox 3116 5687 3443 5746; x_wconf 82' lang='lat' dir='ltr'><strong>diuturnam</strong></span> 
     </span>
    </p>
   </div>
   <div class='ocr_carea' id='block_1_89' title="bbox 119 5773 3444 5850">
    <p class='ocr_par' dir='ltr' id='par_1_89' title="bbox 119 5773 3444 5850">
     <span class='ocr_line' id='line_1_90' title="bbox 119 5773 3444 5850; baseline 0.002 -20"><span class='ocrx_word' id='word_1_628' title='bbox 119 5775 388 5832; x_wconf 87' lang='lat' dir='ltr'><strong>Severiani</strong></span> <span class='ocrx_word' id='word_1_629' title='bbox 415 5779 594 5850; x_wconf 84' lang='lat' dir='ltr'><strong>(cujus</strong></span> <span class='ocrx_word' id='word_1_630' title='bbox 629 5794 878 5833; x_wconf 88' lang='lat' dir='ltr'><strong>sororem</strong></span> <span class='ocrx_word' id='word_1_631' title='bbox 907 5777 1188 5834; x_wconf 87' lang='lat' dir='ltr'><strong>Sanctiam</strong></span> <span class='ocrx_word' id='word_1_632' title='bbox 1214 5775 1275 5830; x_wconf 90' lang='lat' dir='ltr'><strong>in</strong></span> <span class='ocrx_word' id='word_1_633' title='bbox 1301 5791 1539 5830; x_wconf 79' lang='lat' dir='ltr'><strong>uxorem</strong></span> <span class='ocrx_word' id='word_1_634' title='bbox 1567 5773 1730 5830; x_wconf 86' lang='lat' dir='ltr'><strong>duxit</strong></span> <span class='ocrx_word' id='word_1_635' title='bbox 1825 5774 1958 5830; x_wconf 81' lang='lat' dir='ltr'><strong>vitae</strong></span> <span class='ocrx_word' id='word_1_636' title='bbox 2008 5773 2332 5829; x_wconf 64' lang='lat' dir='ltr'><strong>monastice</strong></span> <span class='ocrx_word' id='word_1_637' title='bbox 2377 5774 2783 5846; x_wconf 81' lang='lat' dir='ltr'><strong>professionem</strong></span> <span class='ocrx_word' id='word_1_638' title='bbox 2813 5777 3150 5850; x_wconf 85' lang='lat' dir='ltr'><strong>Hispalensis</strong></span> <span class='ocrx_word' id='word_1_639' title='bbox 3187 5779 3444 5836; x_wconf 65' lang='lat' dir='ltr'><strong>Ecclesia</strong></span> 
     </span>
    </p>
   </div>
   <div class='ocr_carea' id='block_1_90' title="bbox 120 5867 1726 5943">
    <p class='ocr_par' dir='ltr' id='par_1_90' title="bbox 120 5867 1726 5943">
     <span class='ocr_line' id='line_1_91' title="bbox 120 5867 1726 5943; baseline -0.002 -17"><span class='ocrx_word' id='word_1_640' title='bbox 120 5869 484 5926; x_wconf 83' lang='lat' dir='ltr'><strong>Theodericus</strong></span> <span class='ocrx_word' id='word_1_641' title='bbox 529 5871 998 5943; x_wconf 85' lang='lat' dir='ltr'><strong>Ostrogothorum</strong></span> <span class='ocrx_word' id='word_1_642' title='bbox 1020 5872 1141 5942; x_wconf 77' lang='lat' dir='ltr'><strong>rex)</strong></span> <span class='ocrx_word' id='word_1_643' title='bbox 1171 5887 1235 5926; x_wconf 86' lang='lat' dir='ltr'><strong>ac</strong></span> <span class='ocrx_word' id='word_1_644' title='bbox 1259 5869 1516 5925; x_wconf 64' lang='lat' dir='ltr'><strong>Turturm</strong></span> <span class='ocrx_word' id='word_1_645' title='bbox 1555 5867 1726 5939; x_wconf 74' lang='lat' dir='ltr'><strong>illius,</strong></span> 
     </span>
    </p>
   </div>
   <div class='ocr_carea' id='block_1_91' title="bbox 1827 5866 3443 5943">
    <p class='ocr_par' dir='ltr' id='par_1_91' title="bbox 1827 5866 3443 5943">
     <span class='ocr_line' id='line_1_92' title="bbox 1827 5866 3443 5943; baseline 0.004 -20"><span class='ocrx_word' id='word_1_646' title='bbox 1827 5866 2276 5940; x_wconf 84' lang='lat' dir='ltr'><strong>archiepiscopus</strong></span> <span class='ocrx_word' id='word_1_647' title='bbox 2305 5867 2488 5924; x_wconf 81' lang='lat' dir='ltr'><strong>factus</strong></span> <span class='ocrx_word' id='word_1_648' title='bbox 2513 5875 2618 5924; x_wconf 84' lang='lat' dir='ltr'><strong>est.</strong></span> <span class='ocrx_word' id='word_1_649' title='bbox 2664 5869 2878 5925; x_wconf 88' lang='lat' dir='ltr'><strong>Claruit</strong></span> <span class='ocrx_word' id='word_1_650' title='bbox 2905 5885 3053 5924; x_wconf 87' lang='lat' dir='ltr'><strong>anno</strong></span> <span class='ocrx_word' id='word_1_651' title='bbox 3079 5871 3202 5939; x_wconf 76' lang='lat'><strong>583,</strong></span> <span class='ocrx_word' id='word_1_652' title='bbox 3232 5887 3346 5943; x_wconf 86' lang='lat' dir='ltr'><strong>quo</strong></span> <span class='ocrx_word' id='word_1_653' title='bbox 3371 5871 3443 5930; x_wconf 77' lang='lat' dir='ltr'><strong>ab</strong></span> 
     </span>
    </p>
   </div>
  </div>
