4022 6428
547 369 640 422 871
1298 365 1387 420 DE
1422 365 1673 421 SANCTO
1710 362 2026 420 LEANDBO
2063 361 2379 418 EPISCOPO
2417 361 2670 420 HISPAL.
2711 362 3131 421 TESTIMONIA.
3872 360 3982 412 872

551 474 966 544 Hermenigildo
989 471 1260 544 principe,
1282 488 1451 543 quem
1479 473 1550 527 ob
1567 473 1698 528 ﬁdei
1725 471 2016 527 catholica
2047 475 2158 525 stu-
2178 485 2236 558 Α
2255 470 2429 526 Toleti
2447 477 2574 542 post
2601 473 2819 527 finitam
2848 473 3132 543 synodum
3156 471 3379 540 habita,
3412 467 3662 524 Concil.
3697 471 3877 521 tom.
3915 467 3978 526 ν,

549 569 704 622 dium
725 570 939 620 armata
963 580 1131 618 manu
1157 567 1483 635 persecutus
1513 570 1597 620 est
1627 565 1980 636 Leuvigildus
1999 567 2158 634 pater
2257 580 2386 634 pag.
2426 566 2576 620 tOIS.
2611 565 2843 636 Scripsit
2871 569 3170 636 praterea,
3201 563 3274 617 ab
3307 562 3534 616 Isidoro
3567 563 3975 625 memorata,

545 660 853 714 Gothorum
871 657 930 711 in
955 657 1432 727 Hispaniarex,ad
1453 657 1736 712 Tiberium
1756 657 2156 727 imperatorem
2256 656 2351 710 sed
2369 655 2491 726 jam
2517 656 2827 727 deperdita,
2857 657 3133 712 Adversus
3176 655 3619 710 hareticorum
3663 653 3978 722 dogmata

545 750 1084 821 Constantinopolim
1102 750 1320 820 legatus
1339 753 1442 818 est,
1463 754 1528 804 ut
1551 749 1834 820 suppetias
1859 749 2153 817 obtineret;
2256 747 2426 801 libros
2455 764 2527 816 II;
2556 749 2834 802 Adversus
2863 749 3122 802 instituta
3149 749 3505 802 Arianorum
3537 745 3976 817 opusculum;

545 843 696 914 quod
725 843 952 914 quidem
987 841 1223 896 feliciter
1268 841 1468 909 effecit,
1501 857 1878 912 magnamque
1907 840 1984 894 ibi
2029 856 2158 894 cum
2255 838 2524 910 Epistolas
2552 841 2761 894 multas
2783 841 2853 894 ad
2881 840 3218 910 Gregorium
3242 856 3489 912 papam,
3527 839 3610 894 de
3641 837 3978 910 baptismo

545 934 809 1006 Gregorio
851 935 1084 989 diacono
1125 933 1336 1004 Pelagii
1369 950 1534 1004 papa
1560 932 1915 1004 apocrisiario
1958 932 2156 986 amici-
2255 946 2448 1002 unam,
2471 931 2706 987 alteram
2731 932 2801 987 ad
2830 933 3065 988 fratrem
3087 933 3156 987 de
3170 937 3357 986 morte
3381 948 3505 986 non
3536 930 3880 995 timenda,
3905 930 3974 982 ad

547 1027 685 1081 tiam
717 1027 860 1081 iniit.
891 1029 950 1080 In
978 1025 1298 1097 Hispaniam
1326 1041 1601 1092 reversus,
1629 1041 1778 1080 anno
1811 1025 1934 1090 584,
1963 1040 1994 1078 a
2013 1025 2152 1078 Leu-
2255 1029 2480 1078 cateros
2537 1041 2762 1097 quoque
2823 1025 3183 1096 coepiscopos
3246 1025 3544 1095 plurimas
3610 1022 3976 1078 familiares

547 1118 754 1189 vigildo
774 1133 906 1188 rege
925 1117 1117 1192 exsilio
1136 1117 1403 1172 multatus
1419 1120 1503 1172 est
1523 1133 1536 1170 :
1557 1117 1654 1188 qui
1683 1121 1874 1170 tamen
1903 1131 2050 1170 anno
2065 1131 2154 1170 se-
2255 1117 2542 1188 Epistolas.
2578 1135 2606 1168 α
2641 1119 2702 1172 In
2736 1117 3128 1172 Ecclesiasticis
3175 1118 3432 1188 denique
3465 1117 3726 1183 ofﬁciis,
3767 1116 3976 1186 inquit

546 1211 740 1282 quenti
759 1211 878 1281 jam
903 1210 1072 1264 morti
1096 1209 1310 1264 vicinus
1334 1209 1463 1264 facti
1498 1209 1825 1280 poenitentia
1849 1209 2049 1263 ductus
2077 1212 2158 1262 est
2255 1209 2649 1278 Isidorus,non
2669 1225 2840 1280 parvo
2864 1209 3170 1264 elaboravit
3194 1209 3410 1265 studio.
3444 1232 3475 1258 »
3503 1211 3574 1265 In
3619 1213 3768 1264 toto
3805 1208 3976 1264 enim

547 1309 604 1359 et
631 1303 1003 1358 Reccaredum
1029 1302 1210 1356 ﬁlium
1253 1301 1492 1357 Leandri
1537 1317 1687 1356 cura
1723 1301 2152 1355 commendavit.
2255 1301 2518 1356 Psalterio
2561 1301 2772 1372 duplici
2819 1302 3068 1357 editione
3114 1302 3401 1357 orationes
3441 1301 3865 1372 conscripsit.
3915 1304 3973 1355 In

545 1396 794 1450 Leander
820 1400 1042 1450 tantum
1074 1394 1410 1465 discipulum
1443 1397 1640 1448 nactus
1673 1393 1866 1448 sedulo
1887 1392 2154 1459 excoluit,
2254 1392 2507 1447 sacriﬁcii
2535 1408 2760 1465 quoque
2785 1393 3052 1448 laudibus
3075 1397 3249 1465 atque
3273 1393 3528 1448 Psalmis
3565 1395 3793 1448 multa
3829 1393 3971 1448 dul-

546 1488 691 1544 etab
711 1487 915 1542 Ariana
932 1487 1135 1542 haresi
1149 1487 1338 1558 primo
1353 1502 1506 1556 eum,
1535 1486 1735 1541 deinde
1755 1485 1906 1540 illius
1932 1501 2038 1556 ope
2057 1485 2158 1539 Go-
2253 1485 2441 1540 cisone
2483 1487 2816 1557 composuit.
2866 1487 2946 1540 Ex
2978 1486 3087 1540 hoc
3123 1487 3247 1541 loco
3293 1487 3584 1541 nonnulli
3636 1503 3781 1542 non
3814 1490 3973 1541 male

545 1582 775 1636 thorum
803 1585 1112 1657 magnetes,
1145 1596 1208 1634 ac
1234 1580 1463 1634 tandem
1491 1580 1667 1632 totam
1703 1579 1818 1632 fere
1846 1577 2154 1632 Gothorum
2258 1577 2607 1632 concludunt
2634 1579 2954 1633 Leandrum
3003 1583 3266 1634 nostrum
3308 1579 3499 1635 Missa
3557 1580 3974 1636 Mozarabica

547 1679 772 1745 gentem
792 1673 862 1728 ad
891 1672 1221 1727 catholicam
1250 1671 1422 1726 ﬁdem
1449 1670 1755 1738 convertit;
1789 1670 1930 1724 adeo
1955 1674 2018 1724 ut
2046 1670 2152 1724 Go-
2252 1675 2539 1725 auctorem
2564 1671 2755 1726 fuisse.
2784 1673 2848 1726 ln
2863 1671 3179 1727 Gothorum
3206 1671 3365 1727 enim
3395 1689 3586 1727 usum
3605 1673 3971 1744 Liturgiam

544 1767 776 1821 thorum
827 1765 1107 1836 apostolus
1149 1763 1257 1818 dici
1295 1763 1596 1832 meruerit;
1630 1761 1955 1833 habitaque,
2002 1778 2152 1816 anno
2253 1763 2629 1834 composuisse
2645 1763 2966 1818 Leandrum
2981 1765 3260 1836 credipar
3284 1771 3392 1835 est,
3417 1781 3567 1836 qua
3593 1767 3662 1820 in
3696 1766 3972 1820 Ecclesia

547 1863 668 1928 589,
699 1858 910 1930 synodo
928 1857 1192 1912 Toletana
1211 1873 1290 1926 ιιι,
1311 1855 1470 1926 cujus
1497 1871 1705 1926 magna
1730 1871 1858 1926 pars
1875 1854 2002 1923 fuit,
2027 1871 2155 1913 con-
2173 1841 2230 1912 Β
2253 1854 2512 1926 deinceps
2544 1855 2836 1926 Hispanica
2855 1872 2958 1927 per
2985 1857 3154 1928 plura
3180 1857 3392 1912 sacula
3416 1863 3767 1929 usurpata,
3794 1859 3970 1914 Missa

543 1967 731 2006 versos
759 1967 792 2004 a
819 1965 876 2003 se
898 1949 1106 2003 Gothos
1125 1947 1183 2001 in
1210 1947 1468 2002 Ecclesia
1498 1947 1684 2000 sinum
1699 1946 1945 2013 admisit,
1969 1946 2155 1999 ortho—
2252 1948 2600 2002 Mozarabum
2615 1965 2711 2002 seu
2736 1948 2926 2020 potius
2945 1949 3322 2004 Mixtarabum
3348 1951 3664 2021 appellari
3705 1951 3969 2006 demum

546 2044 861 2113 doxamque
901 2041 1072 2095 ﬁdem
1115 2041 1371 2094 omnium
1405 2039 1810 2110 subScriptione
1838 2037 2154 2092 conﬁrmari
2252 2039 2449 2110 coepit;
2496 2044 2796 2111 postquam
2822 2041 3132 2096 Christiani
3157 2042 3448 2098 Arabibus
3479 2043 3869 2115 Hispaniam
3901 2045 3970 2099 ab

547 2135 698 2189 fecit.
729 2133 877 2188 Obiit
915 2147 1063 2186 anno
1089 2135 1212 2186 595.
1245 2132 1340 2185 Vir
1365 2135 1507 2199 erat,
1549 2135 1689 2184 teste
1730 2130 1940 2184 Isidoro
1986 2131 2156 2184 fratre
2253 2131 2415 2186 initio
2446 2132 2638 2186 saculi
2678 2149 2773 2187 vm
2823 2133 3202 2188 incolentibus
3237 2134 3500 2190 immixti
3557 2137 3968 2192 Mozarahum

552 2229 703 2296 (Cap.
731 2226 843 2295 28),
875 2223 1056 2278 suavis
1085 2223 1332 2294 eloquio,
1355 2223 1616 2294 ingenius
1643 2223 2156 2292 prastantissimus,
2254 2239 2463 2279 nomen
2489 2225 2849 2295 accepissent.
2867 2225 3090 2280 Missam
3104 2227 3292 2295 istam,
3311 2244 3348 2282 θ,
3369 2229 3662 2284 Leandro
3686 2232 3968 2302 primum

549 2319 660 2373 vita
689 2335 802 2372 non
829 2317 1015 2370 minus
1038 2332 1209 2386 quam
1237 2315 1488 2370 doctrina
1516 2315 1878 2368 clarissimus.
1929 2315 2160 2384 Scripsit
2257 2316 2664 2386 concinnatam,
2687 2317 2928 2371 Isidorus
2945 2318 3123 2374 frater
3154 2320 3336 2375 auxit.
3377 2321 3783 2378 Procedente
3814 2329 3966 2380 tem-

549 2411 619 2465 ad
646 2409 980 2464 Florentiam
1010 2423 1259 2462 sororem
1291 2407 1564 2478 Regulam
1583 2406 1651 2460 de
1675 2406 2026 2460 institutione
2046 2406 2157 2460 vir-
2257 2425 2396 2480 pore
2421 2409 2704 2464 variorum
2733 2411 3131 2482 episcoporum
3170 2412 3585 2469 additionibus
3630 2423 3885 2472 mutata
3914 2419 3968 2472 iu

552 2503 752 2574 ginum
778 2506 832 2555 et
869 2503 1192 2570 contemptu
1236 2499 1472 2566 mundi;
1509 2515 1678 2570 quam
1719 2498 1935 2568 primus
1989 2498 2163 2552 edidit
2259 2501 2514 2555 Ecclesiis
2566 2503 2901 2572 quibusdam
2955 2503 3194 2558 civitatis
3248 2506 3551 2562 Toletana
3616 2509 3970 2565 hodienum

550 2595 722 2649 Lucas
749 2592 1061 2648 Holstenius
1089 2591 1149 2645 in
1173 2591 1517 2646 Collectione
1566 2591 1910 2660 Regularum
1931 2632 1944 2659 ,
1987 2590 2158 2644 Paris.
2261 2597 2562 2662 usurpatur
2582 2594 2622 2648 ⁸.
2646 2595 2780 2649 Eam
2812 2611 2841 2650 e
2867 2596 3186 2651 Gothorum
3214 2597 3538 2655 ruderibus
3571 2604 3965 2671 suscitatam,

553 2689 708 2752 1663,
747 2689 893 2758 part.
935 2701 1016 2751 III,
1047 2701 1105 2754 p.
1138 2688 1226 2750 89,
1258 2684 1459 2738 exinde
1496 2684 1824 2738 translatam
1857 2683 1916 2736 in
1946 2683 2157 2764 Biblio-
2260 2684 2530 2754 novisque
2571 2686 2984 2742 characteribus
3014 2689 3278 2744 vestitam
3305 2689 3497 2746 edidit
3530 2693 3643 2748 Fr.
3681 2695 3967 2752 Ximenes

552 2780 700 2834 thec.
726 2780 874 2832 Patr.
917 2783 1054 2831 tom.
1096 2777 1202 2845 XII,
1233 2793 1362 2846 pag.
1407 2779 1529 2830 999.
1560 2777 1748 2830 Exstat
1777 2775 2159 2845 ejusdemho-
2260 2777 2553 2831 cardinalis
2577 2777 2938 2835 Toleti1504.
2968 2781 3218 2836 Habetur
3262 2783 3474 2852 etiam,
3525 2787 3650 2841 sed
3698 2806 3836 2846 non
3877 2791 3962 2844 in-

552 2871 710 2927 milia
727 2871 786 2925 in
806 2869 1030 2924 Iau’dem
1047 2868 1301 2922 Ecclesia
1322 2867 1393 2922 ob
1413 2867 1833 2922 conversionem
1852 2868 2159 2922 Gothorum
2263 2873 2442 2940 tegra,
2473 2869 2532 2924 in
2559 2869 2901 2927 Bibliotheca
2925 2873 3098 2941 Patr.,
3128 2877 3268 2930 tom.
3296 2877 3505 2932 XXVII.

556 3011 837 3136 (1θέἑίἔὲῐὲ
840 3009 1148 3134 ωᾱειὲξὲυε
1193 3010 1340 3063 inter
1381 3013 1748 3064 monumenta
1789 3007 2032 3079 liturgia
2078 3009 2425 3066 Mozarabica
2461 3028 2591 3082 qua
2650 3013 2915 3084 operibus
2967 3014 3167 3070 Isidori
3215 3017 3588 3088 Hispalensis
3656 3025 3964 3096 subjicere

1017 3234 3963 3267 Μ

564 3255 1007 3266 ~—

1033 3253 3963 3284 ww

1037 3397 1427 3482 SANCTI
1499 3398 2020 3503 LEANDRI,
2098 3399 2824 3488 HISPALENSIS
2892 3405 3422 3494 EPISCOPI

1835 3581 2540 3740 REGU‘LA
2567 3686 2599 3740 ,

2160 3790 2274 3830 ειη

908 3896 1140 3962 LIBER
1221 3895 1318 3959 DE
1402 3895 1948 3962 INSTITUTIONE
2028 3896 2417 3962 VIRGINUM
2463 3899 2603 3995 ,ΕΤ
2685 3900 3162 3969 CONTEMPTU
3243 3905 3554 3987 MUNDI,

1788 4037 1865 4074 AD
1899 4037 2307 4078 FLORENTINAM
2339 4038 2626 4080 SORORBM.

1657 4135 1868 4201 (Codex
1901 4141 2215 4204 regularum
2250 4141 2416 4193 Luca
2448 4143 2765 4205 Holstenii.)

552 4272 3950 4310 .._________..__________________.__________

874 4397 980 4449 DE
1015 4397 1334 4451 BANGTO
1369 4398 1764 4452 LEANDBO
1799 4401 2174 4458 EJUSQUE
2206 4401 2549 4456 REGULA
2577 4403 2985 4460 VBTBRUI
3017 4407 3604 4470 TBBTIHONIA.

655 4630 1289 4724 Martyrologiufrpnlipijn.‘
1308 4631 1396 4724 die
1513 4635 1698 4724 feel.)
1726 4637 1852 4690 item
1880 4636 2048 4699 Beda,
2176 4650 2231 4724 ρ
2254 4639 2532 4694 monacho
2552 4639 2888 4711 Hispalensis
2903 4642 3166 4698 Ecclesia
3187 4647 3522 4716 provincia
3548 4653 3807 4714 Baetica
3818 4676 3944 4715 con-

1649 4707 1682 4718 ..
2179 4702 2231 4724 υ
2645 4702 2666 4711 -
3187 4702 3208 4716 .
3361 4702 3521 4707 κ---η
3548 4702 3922 4715 --ν-ννυινμ

667 4794 818 4825 una“
851 4793 906 4825 ἦ
939 4702 1882 4825 ηςῗέζάῗίῆἑάξῆἷίῆῖίῗζῃΜ
1907 4799 2152 4825 dm)“-
2255 4736 2491 4825 stitutus,
2507 4749 2799 4805 episcopus
2826 4753 2840 4789 :
2870 4751 2956 4789 Vll‘
2994 4737 3182 4792 suavis
3208 4739 3472 4813 eloquio,
3512 4747 3787 4820 ingenio
3814 4770 3946 4825 pm.

617 4793 822 4866 Hispali
850 4793 909 4848 in
939 4793 1199 4864 Hispania
1221 4795 1418 4850 natalis
1445 4797 1620 4851 sancti
1650 4797 1885 4852 Leandri
1905 4799 2155 4869 ejusdem
2253 4824 2497 4879 stantissi

545 4883 779 4938 civitatis
811 4881 1074 4952 episcopi,
1132 4882 1291 4952 cujus
1327 4884 1725 4954 pradicatione
1779 4890 1836 4940 et
1882 4886 2156 4942 industria

548 4977 989 5048 Wisigotharum
1043 4991 1200 5047 gens,
1247 4977 1544 5048 adjuvante
1599 4978 1910 5034 Reccaredo
1957 4998 2153 5038 eorum

2502 4841 2666 4894 mus;
2717 4827 2831 4882 vita
2876 4844 3104 4901 quoque
3163 4835 3397 4890 tantum
3439 4843 3642 4912 atque
3688 4846 3944 4902 doctrina

2252 4917 2608 5012 clarissimus,
2641 4921 2706 4972 ut
2732 4920 2906 4976 etiam
2931 4921 3042 4977 fide
3054 4923 3177 4994 ejus
3195 4928 3373 4997 atque
3402 4930 3733 4994 industria
3752 4942 3939 5012 populi

2253 5011 2435 5080 gentis
2465 5011 2776 5067 Gothorum
2817 5014 2888 5069 ab
2918 5016 3125 5071 Ariana
3149 5017 3378 5076 insania
3408 5025 3488 5079 ad
3525 5027 3730 5088 fidem
3761 5011 3938 5090 catho-

2249 5101 2414 5157 licam
2438 5105 2874 5162 reverterentur.
2919 5108 3020 5163 Hic
3048 5126 3302 5182 namque
3321 5114 3388 5169 in
3417 5120 3634 5178 exsilii
3661 5129 3762 5182 sui
3780 5145 3934 5200 pere-

2252 5195 2569 5266 grinatione
2623 5201 2938 5271 composuit
2985 5203 3127 5258 duos
3173 5205 3461 5265 adversus
3502 5195 3933 5278 hereticorum

2250 5289 2512 5384 dogmata
2538 5290 2726 5361 libros,
2749 5293 3070 5351 eruditione
3100 5302 3443 5358 sanctarum
3474 5305 3932 5384 Scripturarum

2249 5381 2574 5455 ditissimos,
2622 5387 2728 5440 etc.
2774 5387 3056 5443 Praterea
3098 5391 3278 5447 edidit
3308 5410 3513 5454 unum
3547 5381 3649 5460 ad_
3668 5409 3936 5466 Florenti-

2247 5491 2380 5529 nam
2437 5492 2687 5532 sororem
2735 5479 2805 5534 de
2854 5480 3212 5539 Institutione
3261 5487 3596 5560 virginum
3615 5541 3633 5568 ,
3703 5508 3765 5557 ει
3800 5506 3927 5560 Con-

2247 5572 2466 5639 temptu
2513 5571 2711 5626 mundi
2761 5572 3043 5644 libellum,
3083 5575 3398 5636 titulorum
3444 5585 3927 5652 distinctionibus

700 5645 1274 5762 Ifﬂdpfﬁfﬁpaﬁﬂe
1299 5650 1490 5762 Sel-ipa
1515 5651 1731 5762 ficales;
1742 5667 1862 5762 cap.
1891 5655 1979 5757 29.
2107 5749 2116 5759 .
2245 5665 2644 5730 pranotatum.
2693 5665 2906 5720 Floruit
2931 5666 3036 5720 sub
3065 5669 3416 5745 Reccaredo,
3467 5645 3650 5739 viroﬁ

611 5735 860 5842 “in?”
877 5737 1112 5844 nim?
1158 5741 1315 5807 patre
1337 5741 1650 5844 ηδθῗθτίίωο
1693 5744 2149 5844 Οωξιιαείιιεηείε
2243 5769 2307 5806 ac
2337 5755 2589 5827 Principe
2619 5757 2882 5828 glorioso,
2913 5759 3076 5830 cujus
3103 5761 3278 5818 etiam
3319 5735 3924 5844 temporib;.;-:,j;:

540 5829 843 5904 provincia
877 5827 1180 5900 Hiapania,
1228 5830 1564 5898 professione
1605 5837 1932 5907 monachus,
1982 5846 2036 5894 et
2080 5859 2146 5896 ex
2243 5844 2342 5900 bili
2368 5847 2523 5901 obitu
2549 5827 2778 5904 actualis
2803 5852 2931 5906 vita
2963 5827 3278 5912 terminum
3313 5827 3561 5926 clausit;

545 5085 700 5139 rege,
731 5069 801 5124 ab
830 5069 1034 5123 Ariana
1062 5068 1346 5139 impietate
1375 5070 1444 5124 ad
1467 5071 1795 5126 catholicam
1821 5073 1990 5130 fidem
2017 5091 2150 5130 con-

545 5177 702 5216 versa
731 5166 831 5216 est.

790 5261 934 5316 Idem
958 5263 1310 5340 Mqrtyrolog.
1336 5266 1485 5319 Rom.
1516 5265 1604 5320 die
1629 5267 1694 5320 2O
1729 5269 1902 5322 Junii.

617 5352 824 5424 Hispali
852 5352 911 5406 in
951 5354 1208 5426 Hispania
1252 5355 1524 5426 depositio
1577 5363 1778 5413 sancta
1818 5360 2151 5417 Florentina

545 5443 795 5516 virginis,
835 5447 1036 5500 sororis
1061 5454 1380 5504 sanctorum
1410 5450 1645 5506 Leandri
1687 5457 1740 5506 et
1777 5453 1972 5509 Isidori
2003 5455 2145 5526 epis-

543 5553 833 5610 coporum.
