4022 6422
167 339 264 390 873

310 444 366 500 S.
398 442 685 510 Gregorius
713 442 788 496 Μ.
820 440 950 502 ΡΡ..
979 439 1126 494 Dial.
1156 438 1250 492 lib.
1282 454 1363 505 111,
1396 454 1516 509 cap.
1546 442 1634 494 3t.

230 553 382 610 Sicut
409 553 745 618 multorum,
778 550 876 622 qui
904 551 975 604 ab
1014 549 1416 620 Hispaniarum
1445 549 1781 620 parentibus

1388 331 1620 388 SANCTI
1659 330 1949 387 LEANDRI
1991 331 2273 389 REGULA.

3404 339 3508 392 874

1807 443 2006 524 Atem
2033 457 2294 512 corpore,
2335 447 2677 512 praesentem
2711 441 2852 497 mihi
2895 446 2950 496 te
2989 458 3217 514 semper
3254 443 3505 512 intueor,

1882 534 2017 607 quia
2048 535 2233 590 vultus
2271 533 2354 588 tui
2388 534 2706 606 imaginem
2748 536 2899 590 intra
2941 535 3131 591 cordis
3157 536 3377 592 viscera
3406 537 3510 590 im-

162 645 412 712 veniunt,
451 645 733 699 relatione
776 643 1167 714 cognovimus,
1207 659 1390 713 nuper
1435 643 1781 714 Ermigildus
1881 643 2138 698 Ρῖθεδθιπι
2170 630 2356 698 Porto-

161 755 274 805 rex,
303 737 566 808 Livigildi
591 737 746 807 regis
771 736 1218 806 Wisigotharum
1250 735 1417 802 ﬁlius,
1461 736 1533 790 ab
1574 736 1783 791 Ariana

163 831 359 886 haeresi
391 830 488 884 .ad
531 829 708 884 fidem
757 829 1098 884 catholicam
1141 829 1262 882 viro
1305 810 1802 884 reverendissimo'

163 923 419 978 Leandro
453 923 802 993 Hispalitano
834 921 1356 992 episcopo,dudum
1384 921 1526 976 mihi
1559 922 1616 976 in
1646 921 1782 976 ami-

162 1017 302 1072 citiis
325 1015 688 1070 familiariter
718 1015 941 1085 juncto,
983 1015 1292 1085 prmdicate
1331 1031 1636 1070 conversus
1675 1021 1778 1070 est.

476 1135 642 1198 Idem,
669 1137 997 1202 Prwfatione
1027 1137 1084 1188 in
1115 1135 1314 1188 librum
1337 1136 1450 1190 Job.

229 1235 726 1290 Reverendissimo
749 1239 806 1289 et
831 1235 1188 1290 sanctissimo
1209 1235 1369 1289 fratri
1399 1251 1500 1289 suo
1524 1235 1783 1290 Leandro

163 1331 495 1401 coepiscopo
514 1329 822 1399 Gregorius
853 1331 906 1384 S.
922 1329 978 1384 S.
996 1329 1060 1382 D.
1080 1328 1306 1382 Dudum
1337 1331 1414 1394 te,
1443 1328 1622 1382 frater
1645 1329 1780 1382 bea-

163 1423 394 1489 tissime,
441 1422 500 1476 in
543 1422 1180 1492 Constantinopolitana
1216 1421 1356 1475 urbe
1409 1437 1781 1491 cognoscens,

163 1533 288 1570 cum
318 1531 412 1569 me
440 1515 554 1569 illic
583 1515 735 1569 sedis
761 1514 1086 1585 apostolicae
1118 1530 1390 1584 responsa
1426 1514 1784 1584 constringe-

165 1613 305 1676 rent,
339 1611 398 1661 et
416 1611 472 1662 te
504 1608 637 1662 illuc
667 1607 924 1678 injuncta
953 1623 1058 1678 pro
1089 1606 1272 1660 causis
1297 1606 1784 1678 ﬁdeiWisigotbo-

163 1718 286 1756 rum
315 1700 530 1772 legatio
551 1699 925 1771 perduxisset,
949 1716 1119 1754 omne
1137 1699 1196 1753 in
1225 1699 1334 1753 tuis
1365 1700 1614 1768 auribus,
1631 1700 1786 1770 quod

2154 721 2318 784 Idem,
2344 721 2436 775 lib.
2468 737 2540 788 1v,
2573 724 2728 792 epist.
2759 723 2846 788 46,
2875 722 2952 776 ad
2976 723 3234 778 eumdem.

1952 814 2178 878 Quanto
2208 813 2413 868 ardore
2435 813 2626 868 videre
2645 818 2698 868 te
2726 813 2934 883 sitiam,
2967 815 3102 886 quia
3131 815 3294 871 valde
3320 833 3414 871 me
3429 816 3512 871 di-

1879 905 2029 976 ligis,
2059 905 2120 960 in
2151 905 2233 960 tui
2258 906 2462 961 tabulis
2487 907 2673 962 cordis
2699 909 2874 978 leges.
2906 907 3019 962 Sed
3041 909 3174 979 quia
3199 910 3374 980 longo
3401 913 3514 964 ter-

1882 1015 2078 1053 rarum
2105 998 2286 1070 spatio
2325 999 2669 1068 disjunctum
2705 1003 2759 1054 te
2799 1000 2992 1054 videre
3025 1017 3272 1072 nequeo,
3302 1019 3502 1069 unum,

1885 1091 2041 1164 quod
2071 1091 2214 1145 mihi
2243 1091 2314 1144 de
2360 1095 2416 1145 te
2453 1093 2686 1146 dictavit
2729 1093 2976 1148 charitas
3013 1094 3143 1160 feci,
3191 1097 3252 1149 ut
3294 1095 3505 1149 librum

1885 1185 2116 1254 Regula:
2145 1184 2459 1254 pastoralis,
2479 1201 2652 1254 quem
2680 1185 2738 1240 in
2765 1186 3124 1258 episcopatus
3139 1187 3254 1242 mei
3275 1187 3507 1242 exordio

1885 1277 2101 1348 scripsi,
2141 1281 2198 1330 et
2236 1277 2410 1331 libros
2453 1293 2597 1348 quos
2645 1278 2702 1332 in
2744 1279 3160 1350 expositionem
3203 1280 3359 1334 beati
3403 1281 3508 1335 Job

1878 1369 2226 1441 jamdudum
2253 1387 2348 1424 me
2373 1371 2569 1425 fecisse
2593 1371 2926 1442 cognovisti,
2969 1373 3266 1428 Sanctitati
3305 1378 3507 1429 vestrae

1885 1462 2278 1516 transmittere
2309 1463 2519 1517 curavi.

2126 1556 2290 1619 Idem,
2319 1557 2414 1610 lib.
2449 1572 2542 1623 v11,
2574 1560 2732 1626 epist.
2759 1560 2878 1626 £26,
2909 1559 2984 1612 ad
3012 1561 3271 1614 eumdem.

1955 1648 2281 1704 Sanctitatis
2309 1653 2419 1703 tua:
2446 1649 2667 1720 suscepi
2686 1650 3010 1721 epistolam,
3031 1652 3206 1706 solius
3220 1653 3511 1708 charitatis

1886 1743 2108 1796 calamo
2154 1740 2442 1812 scriptam.
2479 1743 2554 1796 Ex
2590 1741 2762 1796 corde
2808 1743 2964 1798 enim
2991 1744 3192 1814 lingua
3242 1745 3508 1812 tinxerat,

164 1794 400 1906 φίλε
424 1793 900 1906 ιηεείίεριίεεδεξγ
933 1791 1186 1906 gemet
1214 1796 1334 1906 εισι,
1371 1794 1525 1906 sane
1569 1793 1784 1896 είεοιειτι
1805 1813 1862 1884 B
1887 1791 2130 1905 saga}.
2156 1791 3192 1906 .1‘.:.‘.:g.g.:..;senariis;
3205 1791 3508 1893 .;;.;;;';.;:

163 1887 448 1955 fratribus,
479 1887 656 1941 etiam
678 1889 921 1958 cogente
943 1889 1018 1952 te,
1043 1885 1272 1956 placuit,
1292 1885 1564 1956 sicutipse
1587 1885 1787 1940 memi-

167 1980 310 2048 nisti,
343 1985 404 2035 ut
431 1981 645 2035 librum
683 1979 836 2034 beati
863 1979 967 2034 Job
1005 1995 1289 2050 exponere
1324 1979 1654 2049 importuna
1691 1996 1784 2034 me

165 2074 435 2144 petitione
468 2075 902 2146 compellerent.

246 2195 410 2257 Idem,
440 2195 538 2249 lib.
566 2211 602 2260 1,
632 2197 786 2264 epist.
821 2195 910 2260 41,
942 2194 1014 2248 ad
1037 2194 1342 2249 Leandrum
1380 2196 1702 2264 episcopum.

231 2299 307 2351 Ea
337 2314 468 2368 qua:
500 2298 560 2350 in
585 2296 742 2351 beati
764 2296 868 2351 Job
895 2296 1246 2367 expositione
1269 2295 1420 2350 dicta
1442 2297 1692 2364 fuerant,
1731 2299 1789 2349 et

163 2391 315 2444 vobis
337 2390 645 2461 dirigenda
665 2389 926 2456 scribitis,
962 2389 1069 2443 nisi
1098 2389 1393 2460 portitoris
1420 2388 1787 2459 praesentium

163 2501 252 2538 me
277 2484 572 2539 festinatio
603 2486 1054 2554 coangustasset,
1086 2487 1289 2537 cuncta
1319 2482 1476 2536 vobis
1503 2482 1789 2536 transmit-

165 2581 280 2630 tere
307 2577 430 2631 sine
463 2575 660 2647 aliqua
705 2576 1111 2631 imminutione
1151 2575 1488 2643 voluissem;
1536 2575 1786 2629 maxime

167 2671 294 2741 quia
321 2675 378 2725 et
423 2671 536 2724 hoc
576 2669 765 2741 ipsum
809 2686 951 2740 opus
996 2669 1070 2723 ad
1119 2674 1364 2724 vestram
1405 2669 1790 2723 reverentiam

166 2763 386 2834 scripsi;
409 2769 476 2818 ut
502 2763 554 2817 ei
577 2779 753 2834 quem
780 2779 897 2834 prae
925 2763 1147 2816 caeteris
1173 2762 1370 2833 diligo,
1401 2761 1462 2816 in
1487 2779 1620 2824 meo
1640 2761 1790 2832 judi-

165 2873 256 2910 cer
274 2857 490 2928 [labore
523 2856 852 2910 desudasse.
897 2857 1180 2910 Praeterea
1215 2855 1260 2909 si
1305 2855 1463 2910 vobis
1503 2855 1791 2926 indulgeri

1885 1927 2225 1998 pientesque
2259 1925 2362 1980 viri
2405 1944 2538 1982 cum
2574 1927 2865 1999 legeretur
2900 1927 3230 1999 adfuerunt,
3260 1947 3509 2001 quorum

1887 2020 2079 2075 statim
2109 2020 2324 2074 viscera
2351 2021 2408 2074 in
2437 2021 2876 2092 compunctione
2903 2029 3192 2079 commota
3219 2027 3370 2078 sunt.
3397 2026 3511 2080 Coe-

1888 2112 1971 2184 pit
1994 2111 2235 2184 quisque
2259 2113 2472 2168 amoris
2513 2129 2693 2167 manu
2733 2113 2791 2167 in
2823 2131 2925 2169 suo
2967 2115 3138 2170 corde
3183 2119 3239 2170 te
3281 2133 3506 2188 rapere,

1887 2205 2025 2276 quia
2067 2205 2125 2260 in
2171 2205 2268 2259 illa
2316 2206 2555 2276 epistola
2598 2209 2711 2261 tua;
2752 2208 2963 2262 mentis
3004 2209 3368 2264 dulcedinem
3394 2227 3510 2266 non

1888 2301 2015 2353 erat
2039 2298 2260 2366 audire,
2293 2299 2394 2352 sed
2425 2315 2680 2354 cernere.
2724 2301 3200 2356 Accendebantur
3245 2307 3304 2356 et
3337 2304 3508 2358 mira-

1887 2391 2340 2462 bantursinguli,
2364 2396 2536 2462 atque
2567 2393 2683 2463 ipse
2705 2393 2853 2464 ignis
2886 2393 3244 2449 audientium
3276 2395 3516 2452 demon-

1889 2484 2125 2550 strabat,
2146 2483 2636 2554 quifueratardor
2650 2485 2910 2539 dicentis.
2935 2487 3048 2540 Nisi
3079 2487 3236 2541 enim
3264 2489 3422 2559 prius
3450 2491 3511 2544 in

1890 2594 1947 2630 se
1969 2577 2123 2630 faces
2143 2576 2376 2646 adeant,
2407 2577 2583 2632 alium
2610 2595 2728 2632 non
2756 2579 3125 2636 succendunt.
3159 2581 3240 2636 lbi
3268 2598 3406 2653 ergo
3429 2584 3510 2636 vi-

1891 2670 2077 2724 dimus
2103 2675 2318 2740 quanta
2339 2669 2616 2725 charitate
2645 2675 2741 2725 tua
2762 2688 2927 2726 mens
2955 2673 3176 2741 arserit,
3199 2691 3327 2746 qua:
3351 2676 3430 2730 sic
3457 2682 3514 2730 et

1891 2763 2032 2818 alios
2059 2762 2338 2818 accendit.
2365 2763 2551 2818 Vitam
2582 2780 2716 2819 vero
2742 2769 3010 2833 vestram,
3037 2766 3198 2837 cujus
3225 2784 3334 2839 ego
3361 2786 3509 2824 sem-

1890 2873 1995 2928 per
2038 2872 2167 2910 cum
2209 2872 2422 2927 magna
2454 2857 2824 2913 veneratione
2866 2859 3222 2928 reminiscor,
3267 2861 3510 2918 minime

163 2953 423 3022 tempora
475 2950 548 3004 ab
596 2949 978 3005 ecclesiastica
1007 2949 1380 3020 occupatione
1415 2949 1788 3020 cognoscetis,

165 3043 298 3115 quid
317 3044 528 3116 sitjam
550 3043 878 3100 faciendum
909 3043 1093 3113 scitis;
1124 3043 1386 3114 quamvis
1406 3043 1581 3098 etiam
1593 3042 1791 3097 absen-

1893 2954 2188 3017 noverant,
2221 2949 2320 3003 sed
2351 2949 2434 3003 eis
2477 2949 2717 3006 altitudo
2759 2951 2928 3006 vestri
2981 2951 3169 3008 cordis
3218 2954 3404 3025 patuit
3445 2972 3514 3010 ex

1892 3042 2218 3098 humilitate
2241 3042 2542 3098 sermonis.

535 3313 1212 3391 OBSERVATIO
1261 3313 1687 3390 CRITICA
1739 3315 1848 3389 IN
1897 3313 2414 3388 REGULAM
2465 3313 3133 3406 SEQUENTEM.

227 3443 505 3497 Sanctum
528 3440 854 3495 Leandrum
880 3439 1270 3510 Hispalensem
1292 3439 1644 3510 episcopum,
1669 3442 1728 3493 et
1754 3439 1936 3494 sancti
1967 3437 2164 3493 lsidori
2187 3439 2425 3492 fratrem
2448 3435 2756 3505 seniorem,
2781 3438 2854 3492 ab
2883 3438 3271 3496 adolescentia
3315 3459 3515 3499 mona-

163 3530 312 3586 sticze
328 3531 460 3585 vitae
473 3531 774 3596 cultorem,
789 3547 854 3584 ac
869 3527 1255 3583 Benedictinaa
1272 3529 1408 3582 disci
1415 3529 1585 3598 plina:
1598 3529 1751 3599 apud
1765 3529 2042 3599 Hispanos
2061 3527 2346 3598 insignem
2360 3531 2806 3597 propagatorem
2838 3529 3134 3596 exstitisse,
3149 3533 3515 3588 consentiunt

162 3635 391 3686 omnes;
412 3619 676 3690 quamvis
696 3619 755 3672 in
777 3619 881 3672 hac
913 3617 1179 3689 praesenti
1206 3618 1426 3687 Regula
1445 3633 1550 3688 pro
1572 3618 1888 3688 virginibus
1915 3619 2124 3689 scripta
2145 3617 2363 3670 nullam
2393 3616 2573 3670 sancti
2607 3616 2892 3671 Benedicti
2925 3619 3285 3676 mentionem
3314 3622 3508 3678 faciat.

160 3709 270 3762 Nec
289 3726 427 3764 sane
449 3725 518 3763 ex
538 3707 878 3762 talisilentio
893 3706 1108 3779 aliquid
1130 3713 1329 3762 contra
1346 3707 1527 3761 sancti
1546 3707 1796 3778 episcopi
1816 3707 2227 3762 monachatum
2257 3704 2689 3760 Benedictinum
2707 3705 2908 3760 inferri
2922 3707 3112 3776 debet,
3136 3726 3266 3764 cum
3284 3715 3513 3766 sanctus

159 3796 499 3853 Benedictus
515 3798 798 3868 Regulam
818 3813 981 3851 suam
1011 3812 1128 3850 non
1144 3812 1248 3867 pro
1277 3796 1810 3851 sanctimonialibus
1829 3797 2078 3865 feminis,
2099 3795 2200 3850 sed
2228 3811 2332 3866 pro
2356 3794 2656 3849 monachis
2673 3795 2980 3866 scripserit,
3021 3801 3080 3851 et
3106 3815 3362 3870 praesens
3387 3801 3510 3857 haec

159 3887 376 3958 Regula
395 3904 488 3942 xm
509 3886 771 3958 capitulis
801 3889 1072 3941 contenta
1092 3885 1279 3956 potius
1309 3885 1554 3940 dicenda
1579 3886 1649 3941 sit
1669 3886 1990 3941 exhortatio
2017 3892 2075 3942 et
2099 3885 2440 3952 admonitio,
2468 3884 2736 3940 omnibus
2761 3887 2935 3940 sacris
2979 3887 3294 3958 virginibus
3333 3890 3469 3945 data
3493 3910 3506 3959 ;

159 3984 441 4048 quatenus
467 3977 579 4030 illae
608 3975 966 4030 mundanam
988 3992 1262 4047 pompam
1279 3979 1673 4043 contemnant,
1704 3980 1762 4030 et
1780 3976 1886 4030 soli
1912 3977 2030 4030 Deo
2051 3975 2331 4047 spirituali
2351 3992 2452 4030 suo
2479 3992 2687 4046 sponso
2710 3975 2981 4030 inservire
3003 3978 3288 4034 studeant.
3305 3980 3512 4036 Habuit

159 4067 313 4122 enim
331 4069 565 4121 sanctus
583 4065 842 4122 Leander
856 4081 1115 4120 sororem
1130 4066 1539 4132 Florentinam,
1556 4083 1682 4137 quae
1701 4065 1869 4120 simul
1886 4082 2017 4121 cum
2037 4069 2221 4120 matre
2239 4065 2494 4136 ingressa
2510 4065 2619 4120 fuit
2638 4067 3055 4120 monasterium
3085 4074 3242 4124 extra
3259 4071 3508 4141 patriam

158 4155 348 4211 situm.
368 4155 649 4210 Eamdem
667 4155 740 4210 ad
757 4154 1242 4226 perseverantiam
1265 4155 1614 4226 exhortatur,
1633 4156 1837 4228 piaque
1855 4159 1913 4210 et
1924 4155 2196 4210 salutaria
2215 4155 2436 4210 monita
2450 4155 2625 4222 dedit,
2649 4172 2774 4227 quae
2788 4155 3023 4228 quidem
3039 4158 3166 4214 vitae
3180 4161 3509 4217 monasticae

159 4261 427 4302 normam
448 4246 556 4300 rite
583 4245 910 4300 conﬁciunt.
943 4246 1098 4300 Hanc
1120 4245 1293 4316 igitur
1313 4247 1592 4316 Regulam
1621 4245 2282 4316 Florentinze,pergratm
2310 4245 2416 4300 sibi
2443 4245 2501 4300 in
2529 4245 2752 4301 Christo
2781 4246 2910 4301 ﬁliae
2932 4251 2988 4302 et
3013 4250 3198 4304 sorori
3223 4250 3511 4324 inscripsit

159 4342 214 4392 et
242 4336 534 4409 imprimis
561 4335 822 4390 omnium
846 4339 1209 4391 terrenarum
1230 4339 1624 4407 contemptum
1649 4336 1910 4402 inculcat,
1945 4335 2086 4390 nihil
2116 4335 2173 4388 in
2200 4335 2368 4390 terris
2395 4352 2516 4390 esse
2544 4351 2741 4390 amore
2765 4339 2823 4390 et
2843 4335 3050 4392 affectu
3081 4357 3255 4396 sacrae
3276 4341 3512 4412 virginis

157 4427 398 4498 dignum
419 4442 701 4494 asserens,
725 4425 825 4480 sed
847 4425 918 4480 ad
941 4425 1189 4480 coelestia
1212 4425 1583 4497 aspirandum
1605 4425 1703 4494 ait,
1732 4425 1825 4480 ubi
1847 4442 2050 4480 verum
2069 4424 2409 4496 virginitatis
2434 4424 2737 4500 praemium
2753 4424 3026 4481 inveniet.
3049 4429 3510 4495 Monetvitandas

159 4535 280 4573 esse
311 4519 485 4573 laicas
514 4515 782 4570 mulieres
801 4515 885 4569 uti
911 4531 1193 4586 organum
1219 4516 1476 4583 Satanae;
1498 4515 1706 4588 quippe
1732 4515 1886 4587 quod
1912 4519 2132 4581 amant,
2155 4515 2262 4570 hoc
2289 4517 2624 4586 suggerunt,
2645 4519 2703 4569 et
2722 4532 2817 4570 eas
2846 4533 2936 4570 res
2953 4518 3248 4576 insinuant
3263 4525 3508 4586 aliorum

157 4608 408 4676 auribus,
432 4622 563 4678 qua;
591 4605 650 4659 in
677 4605 792 4659 suis
822 4605 1120 4660 desideriis
1165 4611 1482 4662 versantur.
1508 4605 1783 4660 Vitandos
1807 4621 2038 4676 quoque
2066 4605 2215 4659 viros
2232 4605 2618 4674 quamtumvis
2643 4609 2888 4672 sanctos,
2917 4624 2988 4662 ne
3017 4609 3244 4666 videndi
3257 4614 3505 4687 jugitate

155 4700 250 4752 aut
279 4699 602 4752 infametur
630 4694 920 4767 utriusque
947 4695 1236 4764 sanctitas,
1263 4699 1361 4751 aut
1381 4700 1595 4768 pereat.
1619 4695 1947 4750 Lectionem
1975 4693 2260 4748 assiduam
2283 4699 2340 4748 et
2357 4693 2792 4749 meditationem
2813 4711 3007 4750 rerum
3021 4699 3397 4768 spiritualium
3423 4707 3508 4763 in-

153 4787 356 4857 culcat,
377 4803 541 4842 esum
558 4786 745 4841 carnis
761 4785 1030 4858 prohibet
1048 4785 1213 4841 sicuti
1235 4790 1292 4841 et
1316 4786 1678 4854 balneorum,
1703 4785 1807 4839 nisi
1830 4784 2094 4852 inﬁrmis,
2114 4788 2287 4854 atque
2310 4783 2597 4837 silentium
2620 4784 2861 4839 mandat
2879 4785 3044 4840 sicuti
3063 4787 3122 4842 in
3152 4796 3504 4853 monasterio

154 4876 672 4947 perseverantiam;
706 4880 990 4948 quatenus
1010 4879 1068 4930 et
1083 4877 1394 4932 multarum
1413 4877 1682 4931 societate
1701 4873 1977 4947 proficiat,
2011 4891 2076 4929 ac
2105 4889 2304 4928 earum
2326 4873 2550 4944 assequi
2575 4875 2763 4928 valeat
2782 4876 3005 4944 merita,
3029 4893 3275 4948 quarum
3311 4882 3503 4940 imite-

152 4965 245 5020 tur
269 4966 554 5037 exempla.
589 4966 830 5021 Sanctus
855 4969 1048 5022 autem
1065 4967 1326 5022 Leander
1355 4967 1502 5022 hanc
1519 4967 1798 5038 Regulam
1822 4964 2226 5036 parameticam
2261 4962 2529 5034 piissimae
2575 4964 2754 5018 sorori
2787 4965 3128 5022 Florentium
3157 4967 3508 5045 inscripsisse

152 5055 380 5112 videtur
405 5060 538 5129 post
556 5057 831 5129 adeptum
861 5058 1255 5130 episcopatum
1285 5059 1695 5129 Hispalensem,
1719 5072 1893 5128 quem
1909 5056 1981 5110 ab
2005 5071 2160 5110 anno
2180 5057 2282 5110 575
2307 5053 2382 5109 ad
2407 5069 2622 5108 annum
2642 5057 2744 5110 603
2771 5055 3124 5114 sanctissime
3148 5061 3310 5116 rexit.

1380 5310 1600 5356 INCIPIT
1639 5309 1701 5354 IN
1747 5307 1988 5356 CHRISTI
2028 5307 2264 5352 NOMINE

647 5433 1278 5565 SANCTI
1384 5431 2169 5561 LEANDRI
2275 5428 3023 5560 REGULA.

226 5729 496 5788 Leander
540 5729 640 5785 Dei
685 5727 1079 5784 misericordia
1125 5729 1403 5800 pergrata:
1457 5725 1514 5779 iu
1565 5723 1786 5780 Christo
1957 5721 2670 5794 Perquirentimihi,soror
2685 5724 3022 5780 charissima
3039 5721 3514 5795 Florentina,qui-

151 5827 296 5885 mihi
324 5825 547 5881 filiaeet
572 5823 753 5878 sorori
775 5821 1148 5878 Florentium.
1886 5813 1990 5872 bus
2011 5820 2068 5870 te
2082 5815 2411 5871 divitiarum
2439 5817 2681 5874 cumulis
2698 5817 2990 5874 heredem
3019 5818 3292 5884 facerem,
3326 5817 3516 5889 quate

525 5919 801 5988 PATROL.
852 5917 1087 5986 LXXII.
3121 5919 3200 5980 98
