4022 6418
480 351 582 403 875
679 393 685 401 .

478 454 810 527 patrimonii
826 457 975 508 sorte
989 451 1251 519 ditarem,
1275 453 1469 507 multae
1492 469 1686 506 rerum
1700 449 1989 506 fallacium
2002 465 2091 504 oc-

477 549 782 604 currebant
807 545 1119 616 imagines;
1149 561 1291 616 quas
1316 561 1447 600 cum
1485 561 1592 615 ego
1633 548 1694 599 ut
1733 544 2089 614 importunas

476 656 698 694 muscas
723 655 895 692 manu
925 637 1134 692 mentis
1161 637 1476 708 abigerem,
1494 638 1698 692 tacitus
1711 636 1938 690 aiebam
1955 637 2090 690 :Au-

473 748 603 786 rum
625 737 682 786 et
701 733 1003 801 argentum
1018 730 1088 784 de
1101 733 1255 784 terra
1269 734 1372 796 est,
1388 730 1512 785 etin
1529 733 1745 784 terram
1763 727 2084 794 revertitur;

473 823 684 878 fundus
718 825 775 876 et
809 823 1220 894 patrimonium
1249 823 1465 878 reditus
1495 822 1625 876 vilia
1663 825 1721 876 et
1757 820 2088 876 transitoria

473 919 625 984 sunt,
632 919 878 987 praeterit
894 919 1031 970 enim
1044 919 1220 984 ﬁgura
1241 915 1395 984 hujus
1409 916 1603 970 mundi
1614 917 1659 984 (Ι
1669 913 1888 983 Cor.vu)
1899 912 2087 978 .Quido

473 1008 610 1078 quid
630 1008 784 1062 enim
803 1008 904 1062 sub
927 1009 1045 1062 sole
1066 1007 1352 1078 conspexi,
1377 1007 1519 1062 nihil
1539 1010 1594 1061 te
1618 1007 1879 1077 dignum,
1895 1019 2087 1059 sorore

471 1100 775 1155 arbitratus
795 1115 952 1168 sum;
972 1100 1112 1154 nihil
1137 1099 1362 1155 muneri
1379 1102 1476 1154 tuo
1504 1098 1718 1153 credidi
1747 1114 1869 1152 esse
1882 1097 2086 1168 gratis-

471 1192 714 1246 simum:
763 1194 959 1248 omnia
999 1192 1374 1257 mutabunda,
1425 1193 1658 1257 caduca,
1699 1194 1757 1244 et
1783 1207 1927 1244 vana
1963 1190 2086 1244 fore

469 1286 758 1357 conspexi.
792 1287 953 1340 Unde
983 1303 1175 1340 veram
1202 1301 1324 1338 esse
1351 1285 1568 1339 attendi
1597 1283 1922 1339 Salomonis
1949 1298 2082 1335 sen-

469 1379 732 1446 tentiam,
769 1379 1010 1432 dicentis
1043 1378 1230 1449 (Eccle.
1261 1380 1350 1448 11):
1379 1380 1724 1445 Magniﬁcavi
1749 1391 1911 1445 opera
1946 1391 2084 1433 mea.

469 1471 730 1540 adiﬁcavi
759 1473 895 1526 mihi
925 1472 1125 1534 domos,
1149 1472 1404 1539 plantavi
1447 1472 1650 1530 vineas,
1690 1470 1796 1535 feci
1828 1468 2006 1521 hortos
2037 1471 2088 1520 et

463 1567 738 1632 pomaria,
751 1569 802 1618 et
812 1566 1018 1618 conscvi
1041 1566 1241 1618 cunctis
1265 1563 1542 1630 generibus
1557 1561 1829 1622 arborum,
1849 1562 2088 1614 instruxi

464 1657 602 1710 mihi
623 1659 860 1726 piscinas
881 1673 1168 1726 aquarum,
1184 1660 1244 1710 ut
1271 1657 1552 1722 irrigarem
1574 1655 1768 1707 silvam
1787 1655 2088 1720 germinan-

465 1751 601 1802 tium
629 1751 913 1818 lignorum.
943 1749 1158 1802 Possedi
1181 1763 1356 1802 servos
1382 1753 1432 1801 et
1474 1747 1726 1808 ancillas,
1760 1746 2088 1813 multamque

463 1842 734 1908 familiam
745 1842 934 1906 habui;
955 1846 1197 1895 armenta
1217 1856 1424 1910 quoque
1437 1844 1487 1894 et
1503 1854 1668 1908 agnos
1681 1840 1878 1899 ovium,
1903 1851 2085 1905 greges
2105 1843 2162 1914 B

461 1949 668 2004 quoque
694 1950 1000 2004 caprarum,
1022 1934 1169 1988 ultra
1200 1948 1374 1988 omnes
1395 1934 1490 2002 qui
1523 1935 1749 1999 fuerunt
1770 1935 1896 1984 ante
1920 1945 2002 1984 me
2029 1931 2086 1984 in

461 2027 771 2081 Jerusalem.
821 2027 1140 2083 Coacervavi
1184 2027 1320 2080 mihi
1360 2028 1641 2091 argentum
1679 2027 1730 2076 et
1765 2037 1979 2083 aurum,
2037 2026 2088 2075 et

463 2119 791 2173 substantias
814 2135 998 2186 regum
1026 2135 1090 2173 ac
1109 2119 1545 2187 provinciarum;
1575 2117 1681 2182 feci
1696 2115 1830 2168 mihi
1847 2118 2086 2168 cantores

464 2216 516 2266 et
538 2213 874 2275 cantatrices,
902 2217 952 2266 et
971 2212 1194 2266 delicias
1209 2211 1444 2280 ﬁliorum
1463 2211 1761 2275 hominum;
1790 2207 2012 2277 scyphos
2035 2211 2087 2260 et

463 2320 645 2359 urceos
662 2307 718 2359 in
737 2307 1029 2360 ministerio
1049 2305 1124 2358 ad
1145 2305 1274 2358 vina
1291 2301 1594 2370 fundenda.
1621 2303 1693 2356 Et
1717 2314 2086 2370 supergressus

461 2413 579 2452 sum
612 2399 799 2467 opibus
835 2413 1012 2452 omnes
1043 2399 1140 2467 qui
1164 2397 1387 2463 fuerunt
1411 2399 1534 2450 ante
1566 2410 1648 2448 me
1681 2396 1740 2448 in
1769 2393 2081 2447 Jerusalem.

459 2491 641 2554 Quam
665 2491 1083 2562 igituromnem
1103 2488 1425 2542 mortalium
1437 2503 1706 2558 pompam
1727 2484 1821 2539 tali
1841 2483 2086 2539 termino

461 2583 750 2653 conclusit,
765 2589 827 2637 ut
843 2583 965 2637 dice
975 2586 1088 2636 ret:
1124 2583 1356 2650 Cumque
1373 2596 1454 2635 me
1478 2582 1845 2634 convertissem
1869 2578 1943 2632 ad
1969 2592 2082 2632 om-

460 2679 558 2730 nia
593 2693 713 2745 quaa
746 2678 986 2743 feceraut
1024 2689 1216 2729 manus
1257 2689 1406 2737 meae,
1449 2678 1502 2727 et
1546 2673 1749 2726 labores
1790 2674 1849 2725 in
1895 2670 2086 2740 quibus

457 2770 670 2834 frustra
688 2769 1029 2830 sudaveram,
1055 2767 1170 2821 vidi
1189 2769 1248 2820 in
1271 2767 1514 2820 omnibus
1527 2768 1820 2820 vanitatem
1841 2767 1891 2817 et
1909 2763 2084 2830 afﬂic-

461 2863 652 2915 tionem
679 2863 867 2927 animi,
895 2864 946 2914 et
972 2861 1111 2914 nihil
1130 2874 1444 2928 permanere
1475 2859 1572 2913 sub
1599 2859 1725 2912 sole.
1775 2857 1843 2910 Et
1878 2857 2086 2910 iterum

461 2952 580 3023 ipse
610 2953 772 3008 dicit:
806 2956 1108 3008 Detestatus
1138 2968 1254 3006 sum
1282 2967 1485 3007 omnem
1529 2951 1862 3005 industriam
1892 2966 2083 3012 meam,

461 3061 624 3114 quam
641 3046 738 3099 sub
767 3045 874 3099 sole
899 3045 1288 3100 studiosissime
1314 3045 1574 3108 laboravi,
1609 3044 1894 3098 habiturus
1924 3043 2086 3097 haere-

461 3139 580 3192 dem
601 3141 725 3207 post
751 3153 852 3200 me,
883 3153 1039 3206 quem
1068 3139 1276 3204 ignoro,
1304 3141 1486 3191 utrum
1503 3139 1717 3206 sapiens
1749 3141 1848 3190 aut
1889 3137 2084 3190 stultus

461 3233 553 3293 sit,
586 3194 954 3284 dominabitur
975 3229 1035 3284 id
1064 3194 1336 3284 laboribus
1359 3231 1488 3284 meis
1513 3194 1705 3298 quibus
1729 3229 1994 3282 desudavi
2035 3232 2086 3281 et
2105 3194 2159 3268 Ο

459 3323 716 3378 sollicitus
736 3324 845 3389 fui,
877 3328 927 3376 et
945 3327 1022 3378 est
1045 3322 1344 3392 quidquam
1371 3327 1482 3376 tam
1510 3325 1752 3376 vanum?
1795 3321 1942 3375 Unde
1975 3336 2080 3376 ces-

463 3418 584 3470 savi
605 3418 1038 3485 renuntiavitque
1061 3431 1149 3470 cor
1168 3431 1341 3470 meum
1377 3415 1528 3470 ultra
1553 3415 1798 3470 laborare
1827 3415 1924 3469 sub
1952 3415 2078 3468 sole.

457 3509 578 3564 Tali
591 3525 818 3580 quoque
838 3509 1182 3564 informatus
1196 3509 1448 3575 oraculo,
1473 3524 1588 3562 non
1611 3524 1733 3561 esse
1753 3523 1848 3562 me
1870 3524 2076 3578 paren-

459 3610 578 3660 tem
605 3622 802 3660 verum
821 3607 1196 3672 existimares,
1212 3623 1393 3674 soror,
1411 3605 1455 3659 si
1479 3609 1532 3659 te
1549 3605 1615 3658 iis
1631 3605 1875 3658 ditarem
1890 3604 2080 3669 rebus,

461 3715 589 3771 quae
633 3699 941 3754 stabilitate
986 3701 1141 3754 nulla
1181 3699 1578 3767 consisterent,
1609 3715 1735 3769 quae
1773 3695 2083 3751 mundanis

462 3793 726 3864 subjecta:
744 3793 965 3847 casibus
978 3797 1033 3848 te
1047 3791 1784 3861 destituerent,nudamque
1800 3791 2084 3860 relinque-

463 3886 901 3943 rent.£rumnis
917 3902 1144 3956 quoque
1158 3889 1212 3940 te
1225 3883 1870 3951 cumularem,ettimori
1882 3883 2084 3939 metui-

465 3997 575 4053 que
595 3981 954 4051 subjicerem,
975 3979 1019 4032 si
1033 3995 1100 4031 ea
1114 3995 1240 4048 quin
1253 3977 1346 4031 fur
1361 3979 1581 4032 auferre
1601 3979 1844 4048 poterat,
1865 3978 2082 4031 sulcare

463 4073 640 4141 tinea,
665 4089 858 4143 terugo
881 4087 1102 4137 vorare,
1125 4070 1274 4141 ignis
1301 4071 1621 4136 absumere,
1647 4073 1799 4124 terra
1819 4070 2081 4137 obruere,

468 4182 615 4236 aqua
637 4165 846 4232 delere,
870 4165 952 4218 sol
973 4167 1214 4228 torrere,
1233 4163 1422 4216 imber
1440 4163 1674 4228 foedare,
1700 4162 1906 4232 glacies
1922 4163 2085 4216 strin-

469 4275 624 4330 gere,
652 4260 762 4312 tua:
786 4255 1151 4327 germanitati
1177 4255 1528 4310 conferenda
1547 4271 1668 4308 esse
1690 4258 1974 4325 putarem.
1990 4255 2084 4310 His

468 4354 621 4406 certe
646 4351 816 4404 rebus
835 4349 1101 4404 humanis
1123 4347 1446 4420 implicatus
1467 4348 1690 4402 animus
1709 4365 1741 4402 a
1756 4350 1870 4404 Deo
1886 4350 2086 4404 averti-

467 4449 580 4512 tur,
605 4450 660 4500 et
685 4443 756 4499 ab
783 4443 880 4498 illa
907 4441 1190 4497 immobili
1211 4459 1274 4496 ac
1293 4440 1684 4513 permanentis
1705 4442 1954 4496 veritatis
1975 4443 2084 4497 for-

468 4555 566 4594 ma
594 4537 828 4592 recedit.
861 4538 972 4592 Nec
997 4539 1185 4608 potest
1206 4535 1279 4588 ad
1309 4552 1366 4588 se
1395 4535 1698 4588 admittere
1727 4535 1900 4589 divini
1926 4535 2082 4590 verbi
2103 4559 2162 4632 D

468 4632 852 4699 dulcedinem,
882 4634 980 4684 aut
1009 4628 1250 4701 Spiritus
1285 4627 1465 4682 sancti
1500 4628 1859 4696 suavitatem,
1891 4633 2086 4700 pectus

471 4725 625 4798 quod
651 4728 735 4780 tot
761 4721 1067 4778 mundanis
1103 4720 1352 4792 agitatur
1376 4719 1681 4787 molestiis,
1712 4723 1797 4775 tot
1821 4738 2085 4776 curarum

469 4818 878 4891 temporalium
905 4815 1149 4870 stimulis
1162 4814 1512 4868 verberatur.
1533 4814 1591 4869 Si
1610 4830 1747 4884 ergo
1761 4817 1818 4868 te
1833 4815 1920 4868 his
1939 4815 2088 4868 nexi-

470 4913 576 4968 bus
613 4913 932 4984 alligarem,
961 4908 1282 4979 talibusque
1311 4923 1611 4962 onerarem
1633 4907 2000 4978 ponderibus,
2031 4911 2088 4963 et

473 5007 625 5061 mole
665 5009 910 5060 terrena:
944 5001 1305 5073 cogitationis
1343 4999 1753 5071 opprimerem,
1793 5001 2090 5056 inimicum

471 5116 588 5168 me,
617 5116 732 5154 non
758 5100 1060 5169 parentem
1097 5094 1334 5148 deberes
1367 5093 1678 5160 aestimare;
1708 5093 2086 5165 interempto-

475 5208 743 5258 rem,non
757 5191 992 5244 fratrem
1007 5205 1127 5243 esse
1143 5188 1401 5242 sentires.
1417 5188 1517 5242 Eia
1531 5188 1542 5241 l
1559 5203 1721 5241 soror
1736 5187 2086 5254 charissima,

478 5284 750 5356 quoniam
772 5281 1051 5352 quidquid
1071 5299 1171 5336 axe
1192 5281 1314 5336 cmli
1335 5280 1708 5349 concluditur,
1727 5283 1960 5335 terrena
1976 5298 2090 5334 sus-

479 5378 666 5432 tinent
684 5373 1080 5440 fundamenta,
1103 5377 1160 5427 et
1184 5373 1400 5428 telluris
1417 5389 1587 5445 super
1605 5373 1809 5428 faciem
1828 5374 2088 5441 volvitur,

480 5469 620 5524 nihil
634 5467 874 5537 dignum
885 5481 995 5535 quo
1009 5465 1378 5538 ditariposses
1391 5467 1728 5533 invenimus,
1745 5483 1913 5536 supra
1923 5467 2092 5520 caelos

482 5559 857 5634 querendum
887 5561 988 5625 est,
1022 5559 1172 5612 unde
1201 5577 1406 5614 munus
1425 5559 1764 5630 virginitatis
1787 5561 2007 5625 auxisti,
2032 5564 2093 5613 ut

481 5657 560 5714 ibi
583 5653 877 5728 praemium
895 5655 950 5706 ct
968 5651 1373 5723 patrimonium
1387 5651 2090 5722 virginitalisinvenias.Ex

479 5747 947 5824 compensatione
961 5743 1116 5798 enim
1136 5742 1477 5814 integritatis
1488 5745 1754 5799 meritum
1769 5747 2096 5816 agnoscitur

485 5848 543 5900 et
569 5843 638 5898 de
665 5857 766 5895 sua
796 5837 1171 5893 retributione
1199 5839 1484 5904 pensatur.
1517 5837 1742 5900 Quanto
1773 5839 1928 5894 enim
1971 5839 2096 5894 vilis

1432 346 1662 403 SANCTI
1701 341 2016 409 LEANDRI,
2056 343 2478 400 HISPALENSIS
2515 345 2832 411 EPISCOPI,

3806 338 3916 390 8'76

2189 455 2504 522 putaretur,
2519 453 2565 506 si
2589 451 2936 506 transitoriis
2949 451 3319 520 terrenisque
3335 447 3672 502 ditaretur
3691 459 3918 496 mune-

2190 545 2374 612 ribus;
2408 549 2569 601 tanto
2586 546 2860 617 praeclara
2881 547 2966 599 est
2986 543 3292 615 virginitas
3313 545 3376 596 et
3399 539 3918 606 excellens,qua:

2187 638 2416 694 calcatis
2437 638 2829 708 abdicatisque
2852 636 3164 691 mundanis
3187 629 3834 705 voluptatibus,dum
3859 629 3914 681 in

2190 730 2352 784 terris
2379 732 2717 800 angelorum
2740 735 2930 784 servat
2951 728 3382 799 integritatem,
3402 723 3784 782 Dominum
3817 739 3919 774 an-

2187 825 2447 894 gelorum
2465 824 2663 878 sortita
2676 826 2761 876 est
2772 821 3274 894 portionem.Quas
3287 836 3440 890 ergo
3457 821 3562 874 est
3575 815 3758 887 virgi
3767 814 3830 868 ni
3839 819 3917 867 ta-

2188 917 2257 970 tis
2278 915 2622 970 haereditas?
2642 919 2837 970 nonne
2865 932 2935 969 ea
2955 932 3132 986 quam
3152 913 3294 968 dicit
3305 911 3651 968 Psalmista
3673 927 3691 964 :
3724 910 3917 964 Domi-

2185 1024 2286 1063 nus
2297 1025 2433 1078 pars
2457 1009 2788 1064 haereditatis
2801 1009 3108 1078 meae(Psal.
3124 1006 3258 1077 xv)?
3279 1008 3350 1060 Et
3373 1005 3628 1060 iterum
3667 1020 3685 1057 :
3711 1003 3914 1056 Portiu

2183 1118 2301 1156 mea
2321 1105 2572 1156 Dominus
2588 1100 3026 1171 (Psalm.cxvm)?
3043 1099 3764 1168 Vide,soror,quantum
3779 1110 3914 1164 pro-

2185 1193 2538 1261 fcceris,vide
2553 1211 2726 1264 quam
2747 1210 3042 1248 summum
3055 1196 3261 1247 teneas
3282 1187 3910 1262 apicem,utmulto-

2186 1302 2314 1340 rum
2336 1287 2578 1356 gratiam
2597 1287 3012 1341 beneficiorum
3033 1286 3093 1340 in
3111 1303 3299 1339 unum
3329 1283 3796 1352 eumdemque
3819 1281 3910 1333 in-

2186 1378 2408 1432 veneris
2438 1378 2741 1433 Christum.
2784 1380 3042 1449 Sponsus
3079 1382 3186 1444 est,
3230 1379 3426 1432 frater
3475 1379 3604 1442 est,
3665 1373 3911 1428 amicus

2186 1479 2288 1542 est,
2316 1491 2448 1545 pars
2475 1475 2824 1529 hereditatis
2853 1479 2956 1541 est,
2987 1475 3210 1529 amicus
3232 1479 3343 1543 est,
3375 1455 3547 1529 Deus
3583 1477 3656 1527 et
3699 1473 3912 1526 Domi-

2186 1585 2291 1621 nus
2316 1572 2420 1621 est.
2453 1568 2636 1622 Habes
2663 1569 2720 1622 in
2751 1585 2818 1622 eo
2850 1584 3150 1638 sponsum,
3179 1584 3367 1638 quem
3411 1567 3663 1636 diligas
3693 1583 3711 1620 :
3766 1567 3906 1636 Spe-

2184 1663 2354 1716 ciosus
2392 1665 2468 1715 est
2492 1663 2632 1716 enim
2649 1663 2830 1728 forma
2854 1677 2972 1730 prae
2995 1662 3128 1729 [iliis
3154 1661 3449 1715 hominum
3483 1659 3692 1730 (Psal.
3729 1660 3906 1727 xmv).

2185 1755 2280 1807 Est
2304 1770 2468 1807 verus
2497 1754 2676 1807 frater
2705 1770 2879 1824 quem
2911 1759 3144 1820 teneas;
3195 1753 3547 1824 adoptione
3605 1751 3798 1806 enim
3854 1757 3908 1804 et

2187 1849 2247 1900 tu
2273 1847 2394 1916 ejus
2426 1845 2559 1911 tilia,
2587 1846 2748 1915 cujus
2771 1847 2924 1900 filius
2953 1851 3039 1901 est
3065 1846 3162 1900 ille
3196 1849 3442 1900 natura.
3489 1847 3604 1900 Est
3663 1847 3910 1900 amicus

2186 1939 2256 1992 de
2285 1955 2396 2009 quo
2423 1955 2539 1993 non
2571 1939 2824 2005 dubites;
2862 1939 2983 2010 ipse
3011 1939 3173 1993 enim
3195 1938 3340 1992 dicit
3366 1957 3380 1993 :
3432 1941 3576 1994 Una
3606 1945 3702 1994 est
3716 1942 3906 1993 amica

2184 2044 2300 2081 mea
2329 2029 2506 2097 (Cant.
2534 2029 2626 2095 γι).
2661 2028 2846 2081 Habes
2873 2028 2932 2081 in
2960 2045 3029 2082 eo
3059 2026 3492 2081 haereditatem
3517 2045 3732 2098 quam
3773 2045 3902 2080 am-

2185 2119 2325 2184 bias;
2353 2136 2484 2189 pars
2510 2119 2664 2174 enim
2695 2119 3050 2174 haereditatis
3077 2123 3193 2173 tum
3232 2119 3360 2190 ipse
3401 2123 3528 2174 est.
3593 2121 3817 2174 Habes
3850 2121 3905 2172 in

2186 2229 2254 2266 eo
2297 2211 2541 2282 pretium
2585 2212 2742 2282 quod
2785 2229 3085 2283 agnoscas,
3119 2211 3258 2283 quia
3294 2213 3566 2283 sanguis
3613 2214 3764 2284 ejus
3814 2231 3902 2268 re-

2186 2304 2440 2375 demptio
2482 2309 2580 2359 tua
2618 2308 2722 2359 est.
2768 2305 2956 2359 Habes
2985 2305 3044 2360 in
3077 2322 3147 2359 eo
3171 2307 3364 2360 Deum
3393 2323 3430 2359 a
3455 2323 3596 2377 quo
3632 2307 3906 2378 regaris,

2187 2397 2488 2451 Dominum
2517 2413 2689 2468 quem
2716 2400 2941 2451 metuas
2965 2401 3024 2452 et
3049 2398 3326 2452 honores.
3383 2399 3628 2454 Totam
3674 2400 3804 2454 sibi
3849 2401 3903 2453 in

2185 2490 2405 2545 Christo
2454 2489 2895 2560 praerogativam
2930 2490 3234 2561 virginitas
3270 2491 3578 2560 vindicat,
3626 2497 3705 2547 ut
3763 2497 3902 2547 ante

2185 2599 2360 2653 quam
2397 2585 2652 2637 tremunt
2687 2583 2902 2654 angeli,
2935 2583 3022 2638 cui
3067 2582 3330 2638 serviunt
3371 2587 3776 2654 potestates,
3814 2588 3904 2641 cui

2183 2675 2418 2729 virtutes
2440 2675 2860 2746 obtemperant,
2885 2675 2977 2730 cui
2997 2676 3253 2731 ccelestia
3269 2679 3331 2730 et
3343 2679 3700 2734 terrestria
3717 2696 3907 2751 genu-

2184 2767 2438 2834 ﬂectunt,
2465 2767 2616 2822 hunc
2645 2767 2749 2822 sibi
2779 2768 2942 2838 virgo
2963 2786 3242 2839 sponsum
3262 2769 3572 2840 vindicet,
3615 2773 3710 2828 ad
3729 2775 3905 2844 hujus

2185 2859 2501 2914 thalamum
2533 2863 2736 2915 ornata
2776 2860 3081 2915 virtutibus
3120 2866 3426 2933 properet,
3477 2864 3676 2920 hunc
3723 2867 3902 2921 cubili

2184 2951 2389 3018 cordis,
2413 2955 2566 3007 casto
2607 2953 2780 3007 cubili
2810 2955 3135 3008 confoveat.
3187 2955 3258 3008 Et
3301 2954 3454 3025 quid
3512 2960 3812 3030 amplius
3853 2961 3901 3013 ei

2185 3045 2442 3099 conferre
2464 3045 2669 3116 potuit,
2693 3046 2781 3100 cui
2803 3063 2861 3100 se
2875 3047 3132 3102 Christus
3148 3063 3442 3118 sponsum
3463 3051 3740 3121 tribuit,
3766 3071 3900 3107 san-

2185 3138 2419 3207 guinem
2440 3155 2606 3192 suum
2625 3139 2774 3193 dotis
2799 3155 2865 3194 ac
2894 3141 3156 3195 muneris
3184 3141 3357 3196 titulo
3391 3147 3900 3216 compensavit?

2185 3230 2383 3286 Solent
2411 3247 2548 3302 ergo
2577 3231 2675 3302 qui
2693 3249 2898 3287 uxores
2925 3233 3146 3288 ducunt
3172 3234 3344 3288 dotes
3373 3236 3711 3307 tribuere,
3759 3257 3898 3295 con-

2183 3325 2330 3378 ferre
2353 3323 2609 3394 prtemia,
2639 3328 2697 3378 et
2723 3325 2797 3379 ad
2809 3325 2993 3380 vicem
3020 3327 3314 3397 perdendi
3335 3328 3618 3399 pudoris
3645 3351 3766 3388 sua
3783 3339 3898 3388 tra-

2183 3416 2318 3470 dere
2336 3417 2718 3488 patrimonia;
2752 3421 2816 3472 ut
2845 3419 3057 3475 emisse
3079 3419 3277 3490 potius
3299 3437 3494 3492 quam
3528 3424 3800 3482 duxisse
3821 3429 3896 3481 vi-

2183 3509 2428 3564 deantur
2439 3527 2658 3565 uxores.
2679 3512 2848 3579 Tuus,
2876 3513 3328 3585 virgo,'spousus
3357 3515 3594 3573 dotem
3628 3521 3749 3576 tibi
3767 3538 3901 3576 san-

2183 3601 2417 3672 guinem
2442 3620 2608 3658 suum
2631 3603 2810 3672 dedit,
2835 3621 2905 3659 eo
2927 3609 2984 3659 te
3001 3606 3278 3673 redemit,
3307 3624 3382 3662 eo
3413 3612 3478 3663 te
3501 3627 3650 3668 sum
3664 3615 3899 3686 copulae

2183 3696 2433 3762 sociavit,
2455 3702 2520 3751 ut
2538 3697 2824 3768 pudorem
2847 3715 2964 3754 non
2987 3699 3219 3783 perdas,
3245 3703 3306 3754 et
3323 3701 3572 3759 habeas
3599 3709 3894 3778 praemia.

2183 3789 2408 3852 Quanto
2436 3788 2593 3843 enim
2604 3789 3031 3846 munificentius
3045 3796 3134 3845 est
3153 3792 3308 3848 dotis
3322 3797 3682 3864 praemium
3697 3843 3711 3869 ,
3733 3806 3898 3855 tanto

2183 3885 2268 3936 est
2281 3881 2818 3938 amorimmensior.
2837 3885 3076 3939 Multum
3089 3885 3252 3940 enim
3269 3886 3500 3959 diligit,
3527 3909 3744 3963 quam
3761 3911 3895 3966 pro-

2180 3974 2308 4045 prio
2322 3974 2424 4029 sibi
2442 3976 2722 4046 sanguine
2735 3976 3203 4048 desponsavit.Et
3217 3979 3294 4033 ob
3316 3979 3438 4035 hoc
3458 3999 3662 4042 suum
3678 4005 3898 4059 corpus

2181 4059 2555 4123 vulnerisictu
2569 4070 2752 4124 ettelo
2775 4070 2946 4140 gladii
2968 4071 3178 4126 maluit
3199 4073 3453 4144 aperiri,
3476 4081 3554 4132 ut
3580 4082 3770 4136 tuam
3797 4081 3896 4135 sibi

2183 4159 2569 4232 integritatem
2589 4167 2830 4229 emeret,
2852 4162 3198 4233 pudicitiam
3228 4177 3673 4228 conservaret.
3701 4175 3747 4228 E
3767 4191 3899 4228 con-

2181 4253 2358 4308 trario
2376 4253 2532 4308 enim
2554 4255 2772 4310 curavit
2787 4255 3092 4311 hominem
3111 4274 3124 4312 :
3141 4262 3208 4312 ut
3231 4259 3387 4315 sicut
3407 4279 3596 4318 mors
3623 4267 3768 4338 ejus
3785 4269 3894 4322 vita

2183 4349 2492 4416 estnostra,
2508 4348 2745 4420 ejusque
2761 4349 3060 4404 humilitas
3075 4355 3293 4406 nostra:
3313 4358 3410 4408 est
3428 4361 3766 4428 superbiae
3784 4379 3898 4416 me~

2183 4439 2388 4508 dicina,
2412 4440 2490 4495 sic
2510 4443 2568 4495 et
2581 4441 2913 4496 vulneribus
2935 4443 3115 4514 ipsius
3133 4449 3339 4501 nostra
3361 4446 3722 4522 integritas
3741 4472 3836 4510 em
3845 4473 3900 4526 p-

2185 4537 2243 4588 ta
2259 4539 2361 4602 est,
2381 4532 2477 4604 qui
2493 4533 2624 4588 ideo
2645 4535 2803 4589 feriri
2822 4553 2880 4589 se
2898 4537 3139 4594 vulnere
3159 4539 3372 4607 voluit,
3399 4559 3484 4596 ne
3506 4547 3758 4603 malleo
3779 4549 3898 4602 uni-

2184 4643 2359 4681 versae
2376 4629 2543 4681 terras
2567 4645 2670 4682 nos
2701 4629 2855 4684 feriri
2882 4629 3119 4685 sineret.
3139 4633 3329 4688 Pretio
3351 4637 3517 4691 enim
3533 4645 3734 4712 empti
3744 4645 3892 4704 estis,

2185 4719 2267 4774 ait
2283 4721 2604 4790 Apostolus,
2622 4723 2789 4777 nolite
2797 4726 2918 4792 ﬁeri
2927 4726 3073 4779 servi
3087 4724 3378 4781 hominum
3402 4728 3460 4800 (Ι
3471 4730 3615 4787 Cor.
3638 4735 3769 4806 vu).
3787 4736 3897 4790 Cur

2185 4813 2344 4884 virgo
2374 4812 2511 4867 dare
2531 4814 2611 4868 vis
2624 4831 2830 4886 corpus
2845 4815 2990 4886 viro,
3011 4816 3171 4887 quod
3190 4817 3326 4889 jam
3353 4827 3452 4876 est
3483 4827 3892 4901 redemptum

2187 4923 2221 4961 a
2246 4905 2506 4961 Christo?
2534 4907 2692 4960 Alius
2718 4911 2772 4962 te
2805 4909 3060 4978 redimit,
3082 4914 3142 4964 et
3163 4910 3262 4965 alii
3299 4915 3553 4973 nubere
3581 4923 3805 4994 cupis?
3823 4923 3892 4975 al-

2187 4999 2362 5054 terius
2383 4999 2566 5070 pretio
2589 5001 2869 5056 libertatis
2888 5003 3124 5071 milites,
3150 5009 3212 5059 et
3237 5011 3606 5077 spontanea
3631 5020 3696 5070 te
3727 5015 3893 5070 servi-

2188 5096 2310 5147 tute
2325 5093 2678 5148 condemnas
2689 5095 2716 5148 ?
2731 5095 2790 5150 Si
2809 5096 3064 5151 mundus
3077 5098 3278 5152 omnis
3297 5100 3486 5158 titulo
3505 5105 3544 5159 d
3556 5108 3684 5163 otis
3701 5109 3891 5163 scribi-

2187 5189 2299 5253 tur,
2325 5187 2464 5256 quid
2489 5188 2792 5258 pretiosius
2811 5191 3094 5262 sanguine
3111 5191 3353 5260 Christi,
3374 5212 3510 5266 quo
3531 5201 3893 5274 redemptus

2189 5285 2275 5335 est
2284 5281 2536 5334 mundus
2546 5283 2572 5335 τ
2582 5281 2858 5352 Appende
2870 5283 3212 5338 mercedem
3225 5289 3288 5340 et
3301 5304 3417 5358 pre
3425 5290 3598 5347 tium
3615 5301 3688 5350 ut
3703 5296 3892 5350 videas

2189 5375 2315 5446 plus
2327 5373 2516 5428 valere
2531 5375 2626 5446 qui
2640 5375 2909 5444 redemit,
2930 5391 3110 5448 quam
3128 5377 3191 5432 id
3203 5380 3374 5449 quod
3393 5398 3462 5436 re
3471 5384 3892 5454 demit.0uau-

2189 5470 2248 5521 to
2269 5466 2462 5537 itaque
2486 5484 2658 5538 prave
2679 5468 2950 5540 intelligit
2963 5470 3128 5540 virgo
3153 5486 3291 5541 qua:
3317 5480 3708 5552 contempto
3733 5498 3888 5552 emp-

2193 5565 2314 5616 tore
2341 5577 2591 5615 mercem
2617 5561 2901 5630 scquitur;
2929 5563 3219 5632 sanguine
3253 5566 3490 5623 Christi
3529 5576 3886 5645 postposito.

2194 5653 2474 5708 mundum
2515 5653 2610 5723 qui
2646 5653 2985 5724 redemptus
3015 5659 3100 5708 est
3141 5659 3565 5728 amplexatur.
3603 5669 3742 5723 Non
3774 5684 3884 5721 sum

2195 5747 2432 5802 idoneus
2457 5745 2668 5817 eloqui,
2701 5763 2865 5802 soror
2886 5747 3320 5822 amantissima,
3347 5759 3628 5824 praemia
3650 5760 3884 5834 virgini-

2193 5839 2326 5896 tatis
2349 5857 2362 5894 :
2384 5843 2469 5893 est
2493 5839 2650 5894 enim
2679 5839 2970 5894 ineffabile
2993 5840 3243 5909 donum,
3269 5845 3672 5910 absconsum
3694 5855 3882 5919 oculis,
