4022 6404
121 364 220 416 877
1669 371 1950 427 REGULA.

3384 389 3486 442 878

119 467 374 522 celatum
393 469 652 536 auribus,
667 469 1063 542 intelligentiae
1083 474 1432 530 obseratum.
1449 475 1616 540 Quod
1635 493 1754 532 om-
1775 492 1834 564 Α
1855 495 2038 550 quens
2065 479 2322 536 Mariam.
2347 483 2531 552 [psam
2545 499 2684 554 ergo
2715 486 2878 540 oculo
2902 487 3114 542 mentis
3131 489 3372 562 suscipe,
3405 493 3488 564 ip-

120 577 222 614 nes
249 576 377 614 esse
399 565 642 632 sperant
659 564 860 631 sancti,
885 569 943 620 et
960 570 1090 636 post
1109 569 1588 624 resurrectionem
1615 587 1751 624 cun-

120 655 208 707 cta
226 655 600 724 prmstolatur
637 657 887 712 Ecclesia
919 659 1063 727 ﬁeri,
1087 676 1185 714 vos
1201 660 1326 730 jam
1347 661 1500 716 estis.
1531 665 1756 734 Corrup-

120 742 266 796 tibile
313 743 432 805 hoc,
486 743 571 798 ait
614 747 939 815 Apostolus,
992 748 1184 803 induet
1223 752 1672 820 incorruptionem
1715 754 1756 818 (1

121 835 236 891 Cor.
265 835 379 906 xv).
414 835 532 891 Sed
574 853 776 892 revera
799 843 930 909 post
968 841 1449 896 resurrectionem
1478 844 1750 914 corporis.

119 929 254 982 Ecce
274 944 376 983 vos
398 929 851 1002 incorruptionis
869 933 1106 1003 gloriam
1121 934 1245 1004 jam
1267 935 1437 990 scitis.
1462 937 1569 990 Vos
1585 937 1753 991 istam

113 1021 235 1090 jam
275 1021 334 1074 in
380 1023 656 1092 praesenti
704 1026 911 1079 saeculo
951 1030 1175 1096 partem
1200 1029 1397 1097 gloriae
1428 1029 1748 1099 possidetis.

120 1112 344 1176 Quanta
371 1119 462 1168 est
491 1115 648 1169 enim
678 1115 996 1184 beatitudo,
1021 1135 1148 1189 quae
1175 1121 1335 1174 vobis
1363 1122 1663 1191 reponitur
1691 1123 1751 1177 in

118 1207 376 1260 futurum
404 1207 416 1262 l
450 1224 582 1278 quae
602 1208 760 1262 vobis
785 1226 995 1265 corona
1015 1216 1215 1266 manet
1229 1213 1288 1267 in
1309 1217 1610 1282 aeternum,
1626 1233 1752 1287 qua:

118 1299 570 1370 incorruptionis
589 1301 856 1371 gratiam,
871 1303 945 1356 ad
965 1320 1139 1374 quam
1159 1305 1323 1360 multi
1344 1308 1644 1376 pervenire
1658 1309 1752 1363 de-

114 1391 388 1458 siderant,
439 1392 536 1446 hic
578 1393 837 1448 habetis!
885 1397 1078 1450 Gaude
1126 1414 1264 1468 ergo
1296 1400 1472 1454 talem
1517 1404 1574 1455 te
1603 1418 1746 1470 esse,

119 1485 297 1555 qualis
314 1485 414 1540 Dei
443 1487 698 1542 formata
719 1504 779 1540 es
800 1489 1085 1544 manibus.
1102 1491 1200 1544 llle
1217 1507 1356 1562 ergo
1373 1493 1600 1564 integra
1619 1512 1749 1550 con-

119 1577 199 1630 dit
235 1577 457 1648 utique,
483 1595 660 1649 quam
684 1580 1015 1652 integritate
1043 1583 1278 1652 ditavit;
1303 1601 1475 1656 quam
1498 1587 1572 1640 ad
1598 1588 1744 1642 inte-

119 1671 336 1740 gritatis
389 1672 636 1742 praemia
661 1675 1022 1744 prazparavit.
1050 1677 1303 1730 Perversi
1331 1679 1487 1733 enim
1510 1684 1744 1736 natura-

119 1759 227 1812 lem
248 1764 636 1832 corrumpunt
653 1761 936 1830 homines,
961 1779 1137 1834 quam
1157 1767 1303 1819 Deus
1322 1767 1592 1823 formavit
1607 1770 1748 1825 inte-

1854 589 1945 626 sos
1964 573 2239 629 comitare
2263 575 2485 643 choros,
2513 577 2650 648 ipsis
2686 581 2741 631 te
2771 578 2948 633 animi
2971 580 3260 638 desiderio
3275 583 3478 656 junge,

1854 664 1932 719 ibi
1960 661 2186 734 festina,
2223 667 2301 722 ibi
2311 685 2560 740 propera
2592 687 2605 724 :
2635 670 2713 724 ibi
2735 675 2972 742 reposita
2998 680 3075 730 est
3099 691 3298 731 corona
3311 677 3481 746 justi-

1853 761 1964 821 tiw,
1989 775 2152 828 quam
2177 761 2367 816 reddet
2395 763 2496 816 tibi
2519 765 2778 820 Dominus
2793 765 2976 834 justus
2989 759 3164 835 J'udea:
3186 771 3245 822 in
3271 771 3374 825 illa
3393 772 3482 826 die

1853 850 1930 921 (ΙΙ
1963 855 2097 907 Tim.
2132 853 2226 923 1v).
2265 853 2425 908 Senti
2451 856 2646 910 fratris
2673 857 2934 913 animum
2978 863 3107 914 tuos
3151 861 3478 919 desiderare

1851 943 2158 1014 profectus,
2187 947 2330 1000 senti
2351 947 2541 1002 fratris
2560 951 3084 1021 concupiscentiam
3110 955 3256 1008 velle
3273 957 3327 1009 te
3355 973 3476 1011 esse

1851 1053 1982 1090 cum
2003 1037 2245 1092 Christo.
2284 1038 2390 1102 Qui
2425 1041 2528 1094 etsi
2561 1041 2617 1095 in
2655 1059 2745 1097 me
2766 1061 2882 1099 non
2923 1045 3112 1100 habeo
3151 1047 3306 1118 quod
3337 1048 3396 1101 in
3421 1053 3476 1102 te

1851 1131 2126 1200 perﬁcere
2153 1131 2300 1200 volo,
2331 1133 2647 1202 perdidisse
2679 1153 2772 1191 me
2805 1137 3034 1192 doleam
3066 1139 3222 1210 quod
3243 1143 3298 1194 te
3316 1143 3474 1196 tene-

1849 1239 1912 1276 re
1953 1223 2255 1278 desidero:
2290 1223 2400 1278 erit
2434 1226 2578 1280 mihi
2603 1228 2838 1284 interim
2864 1231 3132 1300 quaedam
3160 1233 3350 1303 portio
3379 1251 3467 1288 re-

1849 1316 2158 1384 missionis,
2178 1317 2302 1370 situ
2325 1333 2451 1387 quae
2469 1335 2602 1388 pars
2622 1323 2827 1376 melior
2845 1325 3026 1378 nostri
3048 1341 3108 1378 es
3121 1327 3395 1396 corporis,
3419 1327 3477 1381 in

1849 1409 1938 1464 via
1963 1414 2330 1480 peccatorum
2373 1430 2488 1468 non
2515 1415 2740 1468 steteris
2763 1433 2776 1482 ;
2804 1416 2847 1469 si
2885 1417 3040 1486 quod
3060 1422 3240 1488 tenes,
3273 1420 3477 1474 ﬁrmis-

1848 1502 1990 1557 sime
2022 1507 2237 1562 teneas.
2275 1510 2395 1564 Heu
2431 1509 2613 1562 mihi!
2654 1508 2701 1562 si
2732 1509 2874 1562 alius
2918 1509 3160 1581 accipiat
3200 1528 3474 1567 coronam

1847 1599 2024 1652 tuam.
2047 1599 2125 1652 Tu
2159 1601 2312 1672 apud
2337 1601 2624 1657 Christum
2651 1605 2910 1656 tutamen
2933 1619 3153 1670 meum,
3181 1607 3242 1659 tu
3271 1606 3480 1660 charis-

1847 1690 1992 1744 sima
2015 1709 2209 1746 menm
2231 1695 2461 1766 pignus,
2482 1698 2541 1749 tu
2568 1694 2756 1748 hostia
2780 1711 2911 1750 mea
2939 1697 3341 1764 sacratissima,
3361 1715 3474 1769 qua

1849 1783 2066 1854 expiari
2086 1802 2120 1840 a
2139 1787 2456 1842 colluvione
2470 1787 2689 1858 peccati
2711 1803 2828 1842 non
2845 1787 3063 1843 dubito.
3087 1789 3145 1844 Si
3159 1792 3218 1844 tu
3239 1795 3472 1861 accepta

119 1868 296 1922 Sram-
325 1853 396 1906 Et
425 1853 554 1907 hinc
588 1854 807 1908 οίῖθηεθ
841 1856 1082 1910 humani
1123 1859 1352 1927 generis
1380 1861 1589 1930 Prima:
1629 1864 1750 1919 haec
1769 1852 1826 1924 B
1851 1891 1910 1928 es
1937 1877 2071 1943 Deo,
2101 1879 2147 1932 si
2178 1882 2238 1934 tu
2265 1884 2418 1934 casto
2447 1879 2614 1934 cubili
2653 1897 2783 1934 cum
2816 1880 3038 1936 Christo
3075 1881 3386 1951 cubaveris,
3427 1883 3470 1938 si

121 1943 398 2000 damnatae
426 1946 670 2017 originis
691 1964 860 2002 causa
881 1947 1020 2002 dum
1041 1952 1378 2022 protOplasti
1399 1969 1520 2008 esse
1545 1957 1740 2010 nolue-

119 2042 248 2091 runt
269 2039 422 2109 quod
447 2040 686 2094 fuerant
723 2041 940 2096 conditi
966 2059 978 2095 :
1008 2041 1218 2097 idcirco
1247 2051 1584 2101 meruerunt
1603 2049 1661 2102 in
1685 2067 1742 2103 se

119 2130 246 2184 etin
273 2133 438 2201 prole
465 2132 754 2187 damnari.
788 2135 1089 2204 lteparatae
1123 2136 1480 2193 castimoniae
1501 2140 1558 2194 in
1590 2141 1745 2195 vobis

120 2225 550 2292 retentaculum,
570 2241 602 2279 ο
615 2225 1046 2296 virgines,quod
1063 2227 1439 2298 perdiderunt
1450 2231 1507 2285 in
1521 2233 1744 2302 paradi-

119 2333 175 2369 so
211 2317 381 2386 primi
402 2317 695 2372 homines.
724 2321 833 2374 Vos
862 2319 1016 2374 enim
1052 2320 1445 2377 conditionem
1480 2327 1743 2380 servastis

118 2408 575 2481 primigenorum
603 2411 928 2480 hominum,
967 2429 1094 2484 quae
1133 2415 1275 2468 tales
1311 2419 1738 2488 perseverastis,

118 2503 304 2570 quales
323 2503 404 2557 illi
432 2509 570 2559 sunt
587 2503 853 2559 instituti.
877 2505 992 2560 Sed
1016 2513 1209 2562 cavete
1233 2511 1493 2580 exempla
1515 2528 1734 2567 eorum.

118 2594 256 2649 Heul
279 2596 428 2666 proh
463 2597 658 2653 dolorl
685 2614 847 2653 soror
875 2599 1230 2668 charissima,
1260 2602 1395 2672 fuge
1416 2605 1739 2674 primorum

117 2685 409 2744 hominum
431 2691 721 2760 exempla,
748 2691 1015 2746 horresce
1035 2694 1318 2765 serpentis
1351 2696 1734 2768 antiquissimi

119 2778 302 2848 sibila;
323 2799 396 2836 ne
431 2776 671 2854 incipiat
692 2783 798 2837 tibi
819 2785 1147 2855 germinare
1189 2787 1381 2858 spinas
1403 2793 1461 2842 et
1496 2791 1737 2846 tribulos

58 2891 59 2902 π
118 2871 303 2928 vitiata
322 2878 498 2945 terra,
515 2879 576 2930 et
586 2892 712 2946 quae
725 2893 828 2948 pro
847 2879 1056 2948 insigni
1069 2880 1410 2951 virginitatis
1429 2882 1547 2938 lilia
1559 2901 1738 2939 rosas-

119 2981 222 3035 que
240 2969 525 3037 parturire
549 2968 742 3036 debet,
761 2971 1078 3038 urticamet
1096 2977 1324 3044 paleam
1345 2976 1652 3046 producat:
1669 2979 1736 3032 is-

117 3060 246 3128 tam,
261 3075 390 3132 quae
419 3065 570 3129 urat,
585 3062 764 3130 illam,
781 3080 910 3134 qua:
935 3065 1166 3120 laceret.
1182 3067 1290 3121 Vos
1303 3068 1460 3123 enim
1483 3070 1617 3124 estis
1627 3071 1737 3142 pri-

118 3166 209 3206 ma
246 3151 521 3209 delibatio
557 3155 814 3226 corporis
849 3158 1131 3212 Ecclesiae.
1168 3160 1278 3214 Vos
1302 3160 1494 3232 itaque
1516 3179 1587 3217 ex
1616 3168 1734 3219 tota

1845 1973 1907 2022 tu
1962 1970 2168 2025 Christi
2219 1974 2574 2045 amplexibus
2617 1974 3079 2044 fragrantissimo
3125 1975 3471 2046 virginitatis

1845 2061 2022 2116 odore
2047 2063 2358 2132 inhmseris,
2391 2067 2646 2138 profecto
2679 2067 2995 2138 peccatoris
3024 2084 3254 2123 memor
3279 2069 3471 2123 fratris

1845 2155 2127 2211 obtinebis
2149 2175 2252 2228 pro
2268 2163 2430 2214 reatu
2455 2161 2720 2228 germani
2745 2159 3164 2231 indulgentiam
3189 2178 3362 2232 quam
3376 2179 3470 2234 po-

1842 2249 2110 2318 posceris.
2159 2252 2282 2305 Non
2315 2256 2370 2305 te
2401 2253 2783 2317 contristabit,
2813 2253 2910 2324 qui
2939 2257 2994 2306 te
3037 2271 3153 2308 suae
3185 2256 3466 2326 copulavit

1843 2341 2119 2397 societati.
2151 2343 2391 2399 Sinistra
2419 2345 2562 2414 ejus,
2595 2346 2655 2400 in
2699 2362 2812 2417 qua
2840 2349 2925 2400 est
2949 2347 3137 2401 honor
3181 2354 3236 2400 et
3263 2349 3466 2417 gloria,

1841 2434 1944 2488 sub
1971 2435 2156 2506 capite
2184 2439 2282 2492 tuo
2312 2455 2326 2504 ;
2359 2441 2416 2491 et
2441 2438 2676 2493 dextera
2701 2439 2840 2508 ejus,
2865 2439 2922 2493 in
2955 2455 3068 2510 qua
3095 2443 3180 2492 ost
3211 2441 3461 2510 longitu-

1841 2528 1914 2582 do
1943 2527 2090 2594 vitae,
2121 2531 2540 2600 amplexabitur
2569 2535 2624 2584 te
2654 2532 2833 2600 (Cant.
2877 2537 2954 2596 ιι).
2996 2533 3222 2586 Talibus
3271 2535 3460 2604 sponsi

1840 2621 2030 2674 oblata
2055 2623 2426 2692 amplexibus,
2457 2640 2649 2678 meam
2674 2624 2902 2678 veniam
2918 2625 3216 2695 postulans
3243 2625 3462 2681 obtine-

1838 2716 1941 2770 bis.
1966 2720 2144 2772 Amor
2178 2723 2309 2773 tuus
2338 2720 2394 2774 in
2416 2721 2640 2776 Christo
2677 2720 2788 2774 erit
2812 2720 3174 2791 indulgentia
3211 2739 3370 2778 mea:
3405 2728 3463 2777 et

1837 2811 2404 2884 quantulamcunque
2430 2830 2592 2884 spem
2617 2813 2969 2868 remissionis
2985 2815 3190 2882 habeo,
3216 2815 3260 2870 si
3290 2832 3453 2870 soror

1836 2919 2010 2973 quam
2037 2903 2211 2975 diligo
2244 2905 2317 2960 ad
2341 2907 2570 2978 nuptias
2595 2906 2803 2963 Christi
2837 2907 3134 2962 transierit
3157 2925 3170 2973 ;
3201 2913 3371 2980 atque
3397 2909 3454 2961 in

1834 2995 1930 3050 illo
1955 2997 2192 3052 terribili
2240 2999 2668 3071 metuendaque
2705 2999 2923 3070 judicio
2970 2999 3458 3071 respiramentum

1833 3088 2036 3157 aderit,
2069 3089 2165 3144 ubi
2205 3090 2274 3146 de
2320 3091 2502 3159 factis,
2532 3093 2771 3158 actibus,
2799 3093 2884 3146 vel
2913 3093 2984 3146 de
3031 3093 3352 3148 commissis
3379 3094 3460 3148 di-

1753 3211 1808 3286 Ο
1835 3181 2046 3238 scussio
2090 3183 2263 3237 fuerit
2291 3201 2304 3250 ;
2335 3185 2430 3238 ubi
2473 3185 2543 3239 de
2575 3185 2720 3240 meis
2763 3185 3097 3256 dispendiis,
3127 3187 3242 3241 heu
3285 3187 3455 3242 mihi!

117 3243 306 3299 Christi
332 3247 593 3319 corporis
618 3265 808 3302 massa
827 3249 1148 3306 οδίδίίοηθδ
1168 3253 1284 3306 Deo
1303 3259 1572 3326 acceptae:
1597 3261 1656 3311 εί
1674 3258 1731 3312 in
1753 3243 1808 3286 υ
1833 3291 1958 3329 sum
1980 3277 2273 3346 cogendus
2287 3277 2530 3332 reddere
2551 3278 2856 3346 rationem,
2873 3281 2935 3332 tu
2954 3279 3222 3334 solatium
3240 3295 3458 3347 meum,

115 3339 364 3408 supernis
389 3340 668 3396 altaribus
689 3348 1054 3398 consecratae.
1089 3346 1198 3400 Pro
1219 3350 1406 3402 vestro
1425 3349 1579 3404 enim
1595 3367 1727 3421 pro-

114 3431 308 3500 posito,
335 3438 395 3487 et
418 3451 526 3506 pro
546 3434 662 3489 ﬁde
689 3452 810 3504 sua,
835 3437 1024 3491 omnis
1047 3438 1296 3494 Ecclesia
1317 3458 1532 3496 nomen
1557 3443 1727 3514 virgi-

112 3522 298 3579 nitatis
315 3525 558 3598 indepta
579 3532 682 3596 est,
705 3529 844 3582 dum
865 3529 924 3584 in
936 3547 1005 3584 ea
1024 3531 1232 3586 melior
1255 3549 1388 3604 pars
1403 3538 1461 3590 et
1480 3552 1725 3607 propen-

115 3614 221 3670 sior
232 3634 326 3672 vos
345 3621 498 3689 estis,
515 3637 646 3692 quae
671 3621 879 3678 anima:
909 3625 1276 3696 corporisque
1296 3628 1468 3682 vestri
1489 3629 1726 3700 integri-

113 3711 281 3766 tatem
292 3713 518 3768 Christo
545 3714 871 3770 dedicastis.
893 3717 962 3772 Et
984 3718 1119 3772 licet
1139 3719 1197 3772 in
1213 3721 1480 3776 omnibus
1501 3722 1614 3777 suis
1626 3739 1725 3794 ge-

114 3805 376 3860 neraliter
393 3807 672 3862 membris
690 3809 804 3863 ﬁde
819 3816 1057 3866 maneat
1075 3811 1254 3882 virgo,
1277 3816 1473 3870 tamen
1492 3832 1726 3871 suorum

113 3901 262 3965 parte
300 3901 720 3970 membrorum,
753 3904 909 3974 quod
940 3904 1074 3958 estis
1109 3921 1222 3975 vos,
1256 3922 1374 3962 non
1411 3908 1725 3980 incongrue

114 3989 262 4061 virgo
282 3993 455 4049 etiam
495 4012 775 4066 corporea
797 4015 810 4052 :
845 4014 1057 4068 genere
1079 3998 1293 4054 scilicet
1309 4000 1461 4056 illius
1484 4003 1724 4059 locutio-

112 4081 210 4149 nis,
227 4102 336 4156 quo
359 4091 656 4144 auttotum
676 4107 710 4144 a
720 4094 901 4161 parte,
926 4098 1023 4146 aut
1035 4109 1166 4162 pars
1181 4093 1516 4150 nominatur
1529 4113 1562 4150 a
1579 4100 1720 4153 toto.

109 4173 365 4234 Meditare
387 4185 451 4235 ut
481 4183 768 4251 columba,
811 4185 1172 4240 sanctissima
1207 4187 1389 4258 virgo,
1431 4192 1490 4243 et
1525 4195 1722 4245 mente

110 4274 381 4336 pertracta
398 4291 527 4345 quae
545 4275 605 4329 in
621 4277 813 4332 futuro
833 4278 935 4332 tibi
957 4283 1192 4334 maneat
1210 4281 1395 4350 gloria
1412 4299 1431 4352 ;
1457 4299 1583 4353 quae
1603 4301 1722 4339 non

110 4364 423 4432 acquievisti
471 4369 632 4423 carni
662 4373 720 4424 et
766 4371 1074 4442 sanguini;
1107 4389 1296 4444 neque
1333 4390 1540 4448 corpus
1583 4376 1723 4432 illud

109 4459 516 4516 sanctissimum
555 4464 854 4534 prostrasti
883 4467 1256 4537 corruptioui.
1289 4471 1408 4540 Age
1443 4487 1603 4542 ergo,
1633 4487 1722 4526 co—

1831 3371 1892 3422 ‘tu
1915 3368 2397 3438 respiramentum
2427 3387 2644 3425 meum.
2667 3372 2734 3426 Et
2753 3370 3002 3426 vindicta
3022 3388 3149 3442 quae
3178 3373 3320 3427 mihi
3349 3373 3447 3428 de-

1829 3461 1998 3516 betur
2017 3477 2118 3532 pro
2141 3463 2498 3534 negligentia
2518 3480 2669 3533 mea,
2692 3463 2840 3518 forte
2853 3461 3130 3518 castitatis
3158 3468 3270 3521 tum
3297 3466 3458 3520 seda-

1829 3553 2420 3610 biturintercessione.
2438 3557 2618 3610 Defen
2629 3555 2730 3610 des
2749 3573 2842 3611 me
2863 3557 3125 3627 profectu
3147 3560 3244 3613 tuo
3269 3575 3304 3612 a
3324 3575 3455 3613 meo

1830 3649 1991 3702 reatu
2012 3648 2219 3719 operis,
2251 3649 2293 3702 si
2322 3651 2382 3703 tu
2408 3649 2629 3704 Christo
2661 3649 2990 3718 adhaeseris,
3015 3654 3072 3704 et
3091 3651 3135 3704 si
3154 3653 3214 3704 tu
3238 3650 3450 3722 illipla-

1827 3741 2028 3808 cueris,
2059 3757 2167 3812 ego
2214 3742 2369 3796 unde
2411 3742 2465 3796 ei
2495 3742 2764 3813 displiceo
2809 3759 2923 3797 non
2974 3744 3276 3813 gravabor,
3315 3745 3452 3800 dum

1827 3834 1931 3888 tibi
1952 3833 2232 3902 indulget,
2259 3835 2400 3890 mihi
2424 3840 2649 3906 parcet;
2679 3853 2783 3890 nec
2813 3835 3001 3908 perire
3021 3837 3260 3892 fratrem
3284 3837 3451 3906 sinet,
3520 3853 3536 3860 ‘

1826 3928 1986 3998 cujus
2013 3928 2244 3998 spondit
2273 3943 2551 3984 sororem.
2574 3932 2679 3985 Per
2715 3934 2769 3983 te
2800 3931 2948 3984 forte
2976 3929 3120 3984 mihi
3146 3931 3454 3986 donabitur

1825 4020 2272 4092 chirographum
2295 4022 2450 4093 quod
2469 4023 2756 4091 contraxi;
2781 4023 2919 4078 dum
2941 4026 2996 4078 te
3022 4023 3276 4080 Christus
3301 4025 3446 4080 fovet

1825 4117 2123 4186 charitate,
2154 4135 2248 4174 me
2279 4135 2394 4174 non
2420 4120 2589 4192 punit
2612 4137 2716 4192 pro
2743 4121 3006 4176 crimine.
3039 4121 3326 4188 Miserere,
3359 4139 3447 4176 so-

1821 4227 1939 4280 ror,
1969 4229 2087 4268 non
2105 4215 2336 4268 tantum
2358 4215 2458 4281 tui,
2485 4215 2584 4268 sed
2612 4218 2670 4268 et
2693 4214 2840 4282 mei;
2872 4218 2938 4269 ut
2963 4213 3114 4270 unde
3142 4214 3243 4269 tibi
3269 4219 3450 4270 restat

1822 4305 2025 4376 gloria,
2057 4307 2255 4362 saltem
2293 4307 2438 4362 mihi
2461 4308 2546 4360 vel
2579 4307 2745 4362 venia
2773 4307 3144 4362 concedatur.
3179 4309 3366 4363 Multae
3391 4309 3446 4363 in

1822 4401 1922 4452 tuo
1951 4401 2122 4454 erunt
2145 4399 2394 4471 virgines
2420 4400 2692 4455 comitatu
2717 4418 2730 4456 :
2755 4417 2884 4456 cum
2907 4400 2976 4454 iis
2987 4400 3152 4454 facile
3177 4399 3451 4472 impetra-

1819 4489 1906 4544 bis
1936 4507 2040 4562 pro
2067 4509 2163 4546 me
2193 4493 2348 4564 quod
2369 4493 2714 4564 poposceris.
2745 4496 2868 4548 lmo
2895 4492 3021 4562 ipsa
3047 4497 3236 4546 mater
3261 4498 3318 4548 et
3339 4493 3447 4548 dux

110 4546 283 4656 εἰιαγεξ
319 4569 632 4656 Βῖἃξδιιωθν
684 4557 965 4656 intellig?
1009 4559 1221 4656 (Illum?
1368 4546 2108 4654 amPIeXibuﬁDvirginum
2148 4546 2330 4640 Maria
2556 4546 2947 4656 interpellabit
2971 4602 3076 4655 pro
3117 4588 3215 4640 tuo
3241 4546 3446 4640 merito

113 4642 293 4748 ξυρίξιί
313 4647 586 4748 βξιῐξεῑαδν
617 4666 744 4720 qua?
765 4651 972 4706 mundi
995 4654 1226 4708 calcas“
1259 4655 1583 4726 illecebras;
1607 4642 1782 4730 quo—
1824 4642 2022 4732 Filium
2053 4694 2067 4744 ;
2113 4680 2172 4731 et
2201 4693 2272 4732 ne
2324 4681 2378 4731 te
2409 4642 2724 4732 contristet‘
2756 4694 2859 4748 pro
2891 4642 2990 4731 me
3033 4680 3320 4744 orantem,
3355 4695 3446 4733 me

112 4735 163 4786 te
213 4735 490 4798 desiderio
530 4743 738 4798 chorus
765 4745 862 4798 ille
909 4750 1169 4818 expectet
1206 4749 1516 4820 virgineus,
1545 4768 1719 4822 quam

110 4823 235 4894 ipsis
260 4833 530 4900 gradibus
553 4843 963 4909 praperantem
988 4841 1262 4898 caelorum
1293 4845 1476 4900 ardua
1504 4845 1717 4917 vident,

111 4920 302 4989 quibus
347 4928 554 4985 chorns
604 4931 726 5002 ipse
773 4932 1068 5004 virginalis
1117 4938 1379 5008 pervenit
1418 4938 1493 4994 ad
1529 4939 1717 4996 Chris-

110 5013 241 5070 tum.
273 5019 490 5077 Gaudet
519 5028 578 5078 et
603 5025 778 5081 Maria
802 5031 991 5083 mater
1015 5031 1265 5100 Domini,
1295 5049 1436 5104 apex
1463 5037 1522 5088 et
1547 5035 1722 5106 speci--

111 5119 238 5162 men
286 5113 646 5186 virginitatis,
691 5119 1140 5193 incorruptionis
1189 5129 1395 5195 mater,
1443 5145 1570 5199 quae
1622 5145 1719 5184 vos

112 5205 356 5274 exemplo
399 5225 503 5266 suo
541 5213 761 5284 genuit,
795 5220 851 5270 et
889 5223 1088 5272 manet
1116 5217 1343 5289 integra
1371 5237 1508 5288 ;vos
1544 5221 1716 5277 docu-

111 5299 295 5352 mento
307 5315 406 5356 suo
425 5306 668 5376 peperit,
693 5312 750 5361 et
776 5307 1001 5364 dolores
1030 5310 1298 5380 nescivit;
1325 5298 1716 5386 genuitspon-

111 5398 248 5456 sum,
269 5395 326 5446 et
342 5393 500 5466 virgo
527 5402 630 5454 est.
656 5400 807 5455 Felix
833 5401 929 5458 ille
966 5407 1185 5470 venter,
1213 5405 1310 5476 qui
1341 5407 1498 5462 novit
1523 5409 1721 5480 gigne-

112 5490 187 5573 ξε,
211 5497 321 5538 non
338 5494 645 5564 corrumpi.
670 5494 844 5550 Beata
861 5497 959 5551 illa
982 5497 1325 5568 fecunditas,
1349 5516 1475 5571 quae
1496 5502 1722 5573 parien-

115 5567 183 5662 do
208 5573 457 5648 implevit
497 5586 803 5656 mundum,
831 5590 1191 5649 hereditavit
1226 5567 1416 5662 caelos,
1441 5567 1547 5650 nec
1575 5596 1718 5650 emi-

116 5661 184 5758 sit
214 5670 492 5731 velamina
534 5679 892 5751 virginitatis.
937 5683 1152 5740 Ardeat
1195 5701 1294 5740 cor
1320 5690 1506 5758 tuum,
1535 5705 1717 5758 soror,

58 5827 60 5848 ἶ
118 5753 244 5828 ίεηε
271 5763 382 5836 illo,
411 5785 584 5842 quem
617 5774 872 5832 Christus
889 5779 1048 5834 misit
1073 5779 1134 5835 in
1155 5783 1387 5838 terram.
1426 5753 1641 5841 Excitet
1664 5753 1720 5839 te

58 5903 60 5918 ,
120 5847 337 5936 ﬂamma
373 5863 522 5938 ignis
556 5869 698 5940 ejus,
728 5877 786 5928 et
811 5873 1018 5930 chorus
1068 5877 1164 5934 ille
1199 5879 1490 5950 virgineus
1528 5899 1721 5954 prose-

1823 4770 2007 4841 eriget
2034 4771 2182 4824 forte
2211 4771 2526 4840 jacentem,
2552 4773 2610 4824 et
2635 4769 2998 4825 conscientiae
3027 4773 3191 4824 reatu
3211 4787 3440 4826 meren-

1821 4863 1938 4914 tem
1965 4859 2368 4915 consolabitur.
2388 4860 2511 4914 Non
2540 4858 2930 4914 confundatur
2956 4875 3084 4930 spes
3112 4875 3243 4913 mea
3271 4877 3374 4931 per
3391 4865 3444 4915 te

1821 4953 1897 5008 ad
1920 4953 2120 5008 Deum.
2156 4953 2278 5008 Meo
2323 4953 2500 5024 igitur
2527 4953 2914 5020 hortamento,
2943 4968 3076 5007 meo
3102 4951 3441 5022 ministerio,

1819 5046 1920 5101 Dei
1939 5047 2170 5118 quidem
2195 5047 2370 5114 dono,
2394 5046 2494 5100 sed
2512 5063 2640 5101 meo
2660 5045 2956 5116 obsequio,
2979 5047 3129 5101 hanc
3145 5050 3308 5102 tenes
3321 5064 3447 5118 pro-

1821 5139 2152 5195 fessionem.
2181 5141 2267 5196 Sit
2287 5157 2424 5211 ergo
2446 5139 2589 5194 mihi
2613 5139 2912 5211 integritas
2932 5142 3032 5194 tua
3056 5156 3226 5194 causa
3242 5142 3442 5210 veniae,

1821 5250 1947 5304 quas
1977 5233 2078 5288 tibi
2091 5234 2202 5288 erit
2228 5250 2400 5289 causa
2428 5250 2675 5288 coronae.
2703 5235 2930 5302 Averte,
2955 5249 3170 5304 quaeso,
3199 5236 3394 5289 oculos
3414 5254 3448 5290 a

1818 5327 2021 5382 mundi
2045 5327 2201 5382 falsis
2229 5327 2515 5382 inanibus.
2549 5327 2732 5383 Coelos
2758 5326 2970 5396 aspice,
2992 5326 3087 5382 ubi
3109 5331 3196 5381 est
3209 5345 3450 5400 sponsus

1820 5424 1968 5476 tuus.
2002 5421 2137 5476 llluc
2185 5421 2445 5476 animum
2489 5419 2694 5490 dirige,
2727 5421 2824 5474 ubi
2864 5421 3104 5477 Christus
3141 5427 3217 5476 est
3257 5425 3316 5477 in
3361 5427 3451 5479 Dei

1819 5515 2044 5569 dextera
2091 5515 2276 5570 sedens
2313 5514 2446 5584 (Col.
2493 5515 2593 5583 III).
2623 5515 2787 5571 Omne
2817 5512 2958 5569 enim
2999 5516 3142 5584 quod
3165 5517 3224 5570 in
3247 5517 3448 5572 mundo

1821 5613 1916 5671 est,
1954 5609 2377 5678 concupiscentia
2405 5610 2606 5670 carnis,
2633 5611 2684 5662 ct
2721 5609 3149 5676 concupiscentia
3177 5610 3448 5664 oculorum

1819 5706 1896 5756 est
1925 5702 1971 5768 (I
1992 5704 2148 5757 Joan.
2179 5702 2259 5771 ιι).
2287 5700 2427 5766 Quae
2452 5715 2647 5755 sursus
2673 5705 2808 5755 sunt
2847 5716 3039 5772 quaere
3063 5717 3076 5756 :
3107 5701 3204 5754 ubi
3229 5703 3315 5756 est
3336 5700 3450 5754 vita

1819 5798 1936 5863 tua,
1963 5791 2078 5849 illic
2099 5796 2234 5849 sunt
2251 5796 2310 5848 et
2328 5791 2615 5848 desideria
2633 5795 2733 5848 tua
2755 5810 2769 5862 ;
2801 5793 2902 5848 ubi
2925 5796 3012 5847 est
3035 5808 3274 5863 sponsus
3297 5795 3446 5859 tuus,

1820 5886 1900 5943 ibi
1945 5887 2019 5943 sit
2043 5889 2102 5944 et
2131 5888 2434 5945 thesaurus
2457 5890 2608 5943 tuus.
2641 5886 2784 5942 Nolo
2811 5888 2867 5941 te
2906 5885 3123 5938 moveri
3162 5883 3450 5956 voluptate
