4022 6454
515 379 618 433 879

1471 371 1700 428 SANCTI
1739 369 2048 435 LEANDRI,
2089 367 2516 425 HISPALENSIS
2555 365 2878 433 EPISCOPI,

3844 365 3938 417 880

513 483 723 549 seaculi,
765 480 897 536 nolo
926 485 980 534 te
1009 479 1230 549 fulgore
1257 477 1442 532 carnis
1485 478 1758 533 decorari.
1786 477 1908 534 Cito
1937 483 2133 532 movet
2153 489 2206 562 Α
2229 481 2396 548 putas
2448 481 2770 547 corruptam
2798 475 2976 530 habet
3005 477 3267 529 mentem
3285 475 3314 528 ?
3344 472 3609 543 Triplex
3665 471 3937 525 commisi

513 575 756 630 alienam
780 571 1078 626 libidinem
1099 586 1231 625 caro
1257 574 1472 638 ornata,
1503 574 1559 624 et
1579 575 1836 642 aspectus
1854 571 2132 641 juvenum
2234 569 2608 624 adulterium:
2639 567 2866 636 mentis,
2899 583 3030 639 quae
3067 567 3244 621 talem
3292 565 3610 620 meditata
3646 566 3749 618 est
3781 563 3934 616 frau-

513 667 575 721 in
604 681 662 720 se
681 669 962 735 provocat,
991 679 1118 734 quae
1135 679 1192 717 se
1211 663 1509 734 componit
1529 668 1592 718 ut
1620 668 1814 718 ornata
1837 663 2128 734 procedat.

510 757 734 811 Placere
761 756 906 810 velle
937 755 1115 810 oculis
1142 755 1361 822 alienis,
1399 754 1630 810 affectus
1657 760 1742 809 est
1768 754 2080 810 meretricis
2112 771 2128 822 ;

515 853 573 903 et
601 849 669 904 ad
697 848 890 920 sponsi
933 847 1172 902 caelestis
1195 848 1440 902 refertur
1467 847 1756 917 injuriam,
1785 847 1830 901 si
1873 847 1950 901 ita
1974 848 2127 901 ince-

515 943 614 996 das
637 946 705 996 ut
723 941 896 996 oculis
919 940 1239 995 libidinosis
1263 941 1504 1010 placeas.
1540 941 1692 1008 Esto,
1721 955 1932 1010 quaeso,
1954 939 2129 1009 judex

513 1035 666 1089 inter
681 1033 957 1088 nubentes
988 1038 1044 1087 et
1067 1032 1345 1103 virgines:
1369 1049 1528 1104 spem
1553 1033 1848 1103 utriusque
1877 1032 2132 1086 conside-

514 1144 596 1196 ra,
618 1125 742 1198 quis
761 1141 932 1196 quam
959 1128 1150 1180 teneat
1168 1125 1317 1178 viam
1347 1125 1581 1179 aestima.
1613 1126 1782 1196 Virgo
1808 1124 1994 1178 studet
2019 1125 2132 1194 pla-

515 1235 641 1274 cere
671 1220 824 1288 Deo;
858 1223 1033 1288 nupta
1068 1219 1298 1272 saeculo.
1326 1217 1496 1288 Virgo
1538 1207 2129 1288 servat'integritatem

517 1329 629 1383 qua
652 1317 787 1365 nata
817 1316 934 1378 est;
966 1316 1144 1380 nupta
1169 1310 1568 1380 corrumpitur.
1611 1311 1677 1364 Et
1700 1309 1866 1380 quale
1895 1315 1996 1376 est,
2033 1308 2131 1362 ubi

515 1423 631 1461 non
655 1411 947 1476 permanet
967 1406 1189 1474 integra
1203 1410 1265 1458 ut
1286 1405 1450 1474 coepit
1469 1421 1588 1458 esse
1612 1409 1815 1458 natura
1832 1405 1858 1458 Ἰ
1876 1404 2129 1456 Primum

516 1499 706 1553 divino
735 1498 892 1568 operi
917 1499 1200 1567 irrogatur
1228 1496 1453 1566 injuria,
1477 1497 1614 1550 dum
1636 1497 1788 1566 quod
1808 1497 1899 1550 ille
1927 1496 2132 1549 forma-

515 1591 597 1645 vit
631 1592 919 1660 integrum
943 1589 1175 1643 libidine
1197 1589 1598 1658 corrumpitur,
1626 1588 1861 1642 libidine
1891 1588 2132 1642 macula-

515 1686 630 1736 tur.
665 1685 724 1736 ln
754 1699 848 1735 vos
889 1683 1030 1736 Deus
1067 1681 1356 1750 cognoscit
1381 1697 1521 1750 opus
1545 1697 1711 1734 suum
1738 1697 1755 1748 ;
1795 1696 1933 1750 quas
1976 1683 2132 1734 tenet

517 1775 806 1842 saeculum,
836 1778 892 1828 et
917 1790 1030 1827 non
1053 1772 1402 1844 corrumpit;
1431 1788 1572 1842 quas
1591 1773 1730 1827 tales
1748 1773 1895 1826 Deus
1913 1772 2128 1842 recipit,

2231 662 2391 730 dem;
2423 661 2692 733 corporis,
2730 677 2860 732 quae
2879 660 3158 730 ﬁgmento
3183 658 3443 713 mutavit
3470 657 3773 728 speciem
3795 673 3814 723 ;
3847 673 3936 708 ve-

2231 754 2414 820 stitus,
2460 771 2590 824 quae
2627 769 2743 808 non
2781 753 3034 824 proprio,
3065 752 3162 806 sed
3204 752 3398 806 alieno
3429 751 3700 821 fragrat
3744 748 3934 802 odore.

2230 847 2324 900 His
2352 847 2512 900 malis
2551 847 2711 916 virgo
2735 846 2947 914 nescia,
2993 861 3195 899 sexum
3241 845 3451 910 habet,
3483 851 3554 898 et
3600 859 3806 896 sexus
3855 859 3939 895 ne-

2231 939 2550 993 cessitatem
2575 939 2820 1008 ignorat.
2851 938 3134 993 Femineae
3161 936 3508 1008 fragilitatis
3544 935 3767 992 oblita
3797 935 3940 1004 rigo-

2232 1048 2293 1084 re
2323 1031 2472 1085 virili
2487 1031 2756 1096 subsistit,
2787 1035 2958 1102 atque
2986 1030 3286 1084 inﬁrmum
3311 1045 3541 1084 sexum
3560 1029 3818 1082 virtute
3853 1045 3937 1081 sa-

2230 1123 2462 1178 lidavit:
2493 1140 2597 1177 nec
2623 1123 2842 1178 addixit
2871 1123 3144 1178 servitute
3171 1139 3406 1194 corpus,
3429 1122 3612 1192 quod
3648 1123 3804 1191 lege
3841 1139 3938 1174 na-

2229 1221 2372 1270 turm
2402 1216 2521 1270 viro
2552 1217 2821 1286 subjacet.
2852 1217 3007 1270 Felix
3024 1215 3212 1286 virgo,
3231 1231 3367 1286 quae
3385 1230 3634 1285 corpus
3659 1214 3864 1269 trahit
3879 1233 3940 1268 ex

2231 1310 2362 1375 Eva,
2389 1324 2505 1362 non
2528 1325 2756 1378 poenam
2780 1309 2794 1362 l
2826 1309 2924 1362 illa
2944 1309 3164 1378 peccati
3183 1308 3400 1362 merito
3431 1307 3622 1362 audit
3648 1324 3664 1363 :
3692 1309 3818 1364 Sub
3841 1312 3943 1360 viri

2225 1405 2488 1470 potestate
2509 1405 2634 1462 eris,
2657 1408 2707 1455 et
2728 1405 2785 1455 in
2815 1403 3090 1456 doloribus
3113 1405 3298 1471 paries
3330 1401 3496 1469 (Gen.
3527 1400 3604 1469 ι).
3643 1401 3740 1454 Tu
3774 1401 3944 1470 virgi-

2230 1495 2468 1548 nitatem
2491 1493 2719 1564 adepta,
2746 1511 2778 1547 a
2805 1495 2907 1548 tali
2922 1494 3066 1565 jugo
3097 1494 3404 1548 excussisti
3432 1494 3808 1563 cervicem;
3843 1512 3940 1548 nec

2231 1603 2422 1657 pressa
2442 1587 2628 1658 jugali
2671 1587 3005 1642 necessitate
3042 1587 3380 1642 curvaberis
3411 1587 3499 1642 ad
3534 1591 3817 1657 terram,
3852 1589 3939 1641 sed

2229 1684 2289 1736 in
2313 1683 2542 1737 sublimi
2562 1686 2744 1738 erecta
2765 1684 2931 1738 caelos
2952 1684 3220 1755 suspicis;
3248 1688 3313 1738 ut
3333 1687 3507 1741 unde
3535 1686 3658 1741 illa
3681 1687 3941 1740 vetitum

2230 1777 2630 1845 praesumendo
2657 1777 2876 1843 cecidit,
2894 1777 2996 1831 ubi
3018 1780 3081 1831 tu
3102 1777 3259 1832 licita
3288 1780 3779 1834 contemnendo
3803 1776 3938 1834 con-

517 1868 709 1940 quales
722 1865 872 1921 fecit.
895 1865 1096 1920 Omnia
1111 1865 1300 1935 itaque
1327 1865 1696 1918 restauranda
1721 1869 1853 1918 sunt
1876 1864 1936 1918 in
1956 1880 2136 1918 resur-
2154 1861 2211 1934 Β
2235 1869 2544 1924 scenderes.
2591 1870 2704 1923 Eva
2750 1871 2994 1940 gustavit
3019 1870 3091 1924 de
3119 1870 3344 1938 illicito,
3382 1877 3444 1926 et
3495 1873 3938 1944 virginitatem

515 1959 769 2015 rectione
795 1975 922 2030 qum
951 1974 1105 2012 nunc
1133 1962 1374 2028 pereunt
1413 1957 1482 2012 de
1523 1973 1781 2028 corpore.
1832 1957 2135 2028 Virginitas

518 2057 694 2111 semel
718 2055 938 2127 perdita
965 2071 1067 2109 nec
1094 2054 1185 2108 hic
1207 2057 1520 2125 reparatur,
1549 2071 1654 2108 nec
1681 2055 1741 2108 in
1767 2054 1958 2109 futuro
1988 2054 2131 2108 reci-

517 2149 691 2220 pitur.
741 2149 946 2202 Verum
988 2151 1074 2201 est
1109 2147 1266 2218 quod
1309 2148 1454 2201 Deus
1480 2147 1820 2218 praeceperit
1867 2146 2130 2218 nuptias;

517 2245 618 2300 sed
644 2244 870 2313 idcirco,
896 2247 962 2298 ut
985 2243 1116 2298 inde
1143 2249 1468 2299 nasceretur
1493 2243 1820 2314 virginitas:
1851 2249 1918 2299 ut
1941 2243 2130 2298 multi-

515 2337 718 2408 plicata
764 2336 1047 2408 virginum
1097 2337 1460 2402 successione,
1491 2336 1807 2392 lucraretur
1842 2335 1902 2391 in
1951 2335 2130 2406 prole,

516 2429 670 2501 quod
697 2428 1060 2501 perdiderant
1074 2429 1310 2500 nuptiae.
1340 2430 1407 2483 Et
1426 2429 1586 2484 radix
1607 2432 1665 2482 et
1685 2429 1898 2483 fructus
1918 2428 2135 2500 nuptia-

516 2539 647 2578 rum
671 2521 964 2592 virginitas
995 2526 1096 2576 est.
1121 2523 1196 2576 De
1223 2522 1486 2593 conjugio
1502 2527 1651 2577 certe
1677 2522 1925 2576 nascitur
1938 2521 2129 2592 virgo:

515 2631 642 2688 quae
671 2615 716 2670 si
743 2631 852 2670 non
877 2614 1281 2685 corrumpitur,
1301 2615 1370 2670 ad
1390 2615 1721 2686 nuptiarum
1742 2615 1972 2669 additur
1995 2630 2134 2685 pras-

2235 1961 2495 2030 perdidit.
2525 1962 2746 2016 Licebat
2775 1963 2991 2017 nubere
3017 1963 3250 2034 virgini,
3287 1965 3394 2018 sed
3424 1983 3577 2036 quae
3615 1983 3760 2021 non
3792 1985 3940 2039 nup-

2235 2055 2326 2121 sit,
2361 2055 2576 2125 angelis
2615 2055 2873 2110 adhaesit.
2901 2059 2965 2111 In
2991 2060 3446 2114 resurrectionem
3478 2063 3653 2114 enim
3689 2077 3814 2115 non
3843 2079 3942 2115 nu-

2237 2147 2386 2209 bunt,
2420 2163 2589 2216 neque
2607 2149 2798 2203 uate-res
2826 2149 3067 2215 ducunt;
3089 2150 3186 2204 sed
3211 2157 3379 2206 erunt
3409 2155 3576 2208 sicut
3606 2157 3828 2222 angeli
3859 2160 3944 2212 Dei

2235 2239 2450 2308 (Matth.
2475 2240 2628 2312 XXII).
2647 2241 2805 2307 Vide,
2820 2241 2980 2314 virgo
2997 2259 3126 2314 quin
3142 2259 3264 2298 non
3286 2245 3492 2316 nubit,
3511 2250 3784 2320 angelis
3800 2266 3945 2304 com-

2232 2338 2486 2402 paratur.
2528 2333 2680 2388 Licet
2712 2334 2870 2388 enim
2908 2335 3148 2407 gignere
3193 2336 3385 2407 ﬁlios;
3421 2341 3539 2396 sed
3582 2358 3746 2414 qua:
3797 2343 3943 2399 hanc

2232 2430 2565 2495 spreverunt
2620 2427 3039 2496 necessitatem,
3085 2429 3385 2485 Christum
3443 2433 3794 2491 dicentem
3846 2453 3942 2490 au-

2233 2517 2430 2572 diunt:
2459 2522 2634 2574 Beata
2652 2521 2858 2576 steriles
2877 2537 2996 2590 qua
3014 2537 3121 2575 non
3151 2529 3495 2589 genuerunt,
3524 2532 3587 2582 et
3615 2529 3818 2585 ubera
3836 2546 3946 2600 que

2230 2627 2336 2664 non
2382 2612 2719 2667 lactaverunt
2761 2613 2903 2682 (Luc.
2933 2617 3108 2684 χχιιι).
3140 2616 3181 2669 Ε
3210 2619 3520 2672 contrario
3553 2619 3697 2677 illic
3733 2623 3947 2678 dicitur

399 3018 408 3026 -
513 2984 1006 3053 munerabuntur;
1036 2989 1090 3038 te
1116 2984 1272 3054 prole
1299 2983 1518 3040 Christo
1545 2984 1890 3052 adhaerente,
1919 2984 2023 3054 ipsi
2049 2999 2132 3038 re-

516 2709 720 2763 mium.
766 2708 980 2763 Habent
1004 2711 1195 2778 nuptae
1222 2709 1372 2762 unde
1401 2707 1686 2775 laetentur,
1719 2707 1764 2761 si
1801 2707 1889 2761 sui
1915 2707 2132 2761 fructus
2235 2704 2459 2774 nuptis:
2497 2707 2590 2760 Vae
2627 2707 3033 2776 praegnantibus
3057 2712 3110 2762 et
3137 2712 3532 2768 nutrientibus
3563 2717 3641 2769 in
3689 2718 3811 2772 illa
3844 2718 3944 2771 die.

517 2800 724 2856 caelesti
748 2800 956 2854 horreo
984 2804 1352 2870 reponantur.
1392 2800 1474 2853 Tu
1502 2815 1730 2870 quoque
1763 2799 2129 2853 communiun
2232 2797 2421 2867 Itaque
2437 2797 2671 2867 virginei
2688 2815 2886 2852 sensus
2907 2817 3012 2869 pro
3033 2799 3165 2854 ﬁliis
3180 2805 3584 2872 reputantur.
3604 2809 3788 2872 Quid
3815 2827 3945 2880 ergo

514 2895 814 2964 parentum
833 2892 1146 2946 cumulabis
1169 2891 1408 2960 merita;
1439 2891 1549 2945 tuis
1569 2891 1793 2962 utrique
1821 2891 2130 2946 honoribus
2231 2889 2431 2958 quaerit
2448 2906 2588 2960 quos
2616 2890 2885 2961 pariendo
2915 2893 3123 2962 doleat,
3147 2909 3277 2964 quae
3301 2895 3434 2966 pios
3465 2898 3684 2956 habet
3716 2919 3945 2962 sensus.

2231 2981 2435 3052 quibus
2461 2983 2785 3038 meditando
2805 2986 3166 3055 congaudeat
3190 2989 3220 3040 Τ
3257 2991 3506 3060 Propter
3540 2997 3836 3052 timorem
3867 3005 3944 3050 tu-

2227 3089 2338 3136 um,
2366 3078 2605 3138 Domine,
2631 3075 2838 3148 inquit,
2863 3081 2921 3132 in
2948 3085 3099 3135 utero
3119 3085 3457 3152 accepimus,
3505 3091 3573 3141 et
3599 3094 3944 3159 parturiril

517 3185 650 3224 mea
698 3184 874 3235 soror,
933 3168 1310 3221 humanarum
1352 3169 1680 3238 nuptiarum
1728 3184 2031 3236 aerumnas,
2073 3172 2201 3256 etn
2227 3183 2344 3222 mus
2371 3169 2633 3237 Spiritum
2662 3171 2860 3224 salutis
2905 3173 3054 3238 (Isai.
3085 3175 3254 3244 nm).
3286 3177 3437 3230 Ecce
3467 3177 3645 3236 felix
3678 3200 3942 3256 concep-

517 3262 710 3318 claude
737 3261 944 3329 oculos,
974 3276 1045 3316 ne
1082 3259 1268 3314 videas
1311 3261 1633 3316 vanitatem.
1673 3261 1856 3314 Prima
1883 3261 2131 3331 pericula
2149 3251 2204 3296 υ
2229 3261 2327 3326 tio,
2351 3260 2674 3332 incorrupta
2691 3264 3018 3334 progenies,
3042 3266 3198 3320 utilis
3215 3251 3422 3338 partus
3449 3287 3464 3324 :
3505 3273 3630 3329 ubi
3668 3280 3737 3330 et
3758 3251 3950 3349 proles

515 3355 840 3427 nuptiarum
869 3353 990 3407 haec
1018 3358 1183 3408 sunt:
1227 3353 1536 3424 corruptio,
1566 3353 1941 3424 corruptionis
1977 3354 2130 3408 fasti-
2227 3353 2394 3409 bonae
2422 3355 2778 3426 cogitationis
2801 3357 3010 3425 editur,
3030 3359 3421 3430 etignoratur
3450 3364 3688 3424 dolor.
3723 3372 3840 3426 Tot
3868 3374 3948 3428 fe-

515 3449 628 3518 dia,
657 3447 881 3520 pondus
901 3445 1046 3500 uteri
1068 3446 1360 3517 gravidati,
1389 3447 1547 3501 dolor
1569 3450 1765 3518 partus
1791 3447 2150 3518 plerumque
2228 3445 2354 3500 licia
2381 3447 2659 3518 germina,
2687 3453 2830 3520 quot
2853 3454 3063 3505 sancta:
3102 3454 3522 3528 cogitationes,
3561 3465 3772 3519 toties
3801 3483 3943 3521 con-

513 3541 586 3596 ad
611 3541 910 3596 discrimen
937 3539 1138 3594 mortis
1165 3539 1518 3610 perveniens,
1550 3539 1644 3594 ubi
1669 3544 1725 3594 et
1745 3536 1952 3594 m'unus
1982 3557 2124 3611 nup-
2229 3539 2380 3610 cipit,
2414 3541 2630 3610 quoties
2670 3548 2863 3597 sancta
2898 3545 3277 3602 meditatione
3305 3548 3636 3619 Spiritum
3669 3558 3946 3614 divinum

509 3634 716 3690 tiarum
735 3633 885 3704 perit
904 3636 960 3686 et
973 3633 1188 3687 fructus
1210 3649 1226 3701 ;
1251 3632 1390 3686 dum
1418 3631 1586 3686 simul
1614 3636 1794 3687 mater
1811 3649 1940 3686 cum
1967 3632 2128 3702 prole
2229 3633 2392 3704 capit.
2419 3634 2723 3706 Conceptio
2772 3637 2929 3690 enim
2960 3653 3210 3708 superna
3235 3641 3488 3700 virtutes
3523 3651 3740 3717 parit.
3781 3655 3854 3708 Et
3879 3670 3946 3708 ne

511 3727 714 3793 deﬁcit,
747 3731 802 3781 et
823 3725 1007 3780 omnis
1033 3723 1132 3779 illa
1156 3742 1366 3796 pompa
1384 3725 1652 3796 nuptialis
1676 3725 1874 3780 mortis
1901 3726 2128 3780 frustra-
2225 3730 2390 3797 putes
2413 3731 2468 3780 te
2499 3743 2617 3781 esse
2643 3729 2914 3797 sterilem,
2943 3733 3026 3786 tot
3063 3732 3210 3786 ﬁlios
3240 3734 3518 3807 habebis,
3564 3749 3742 3814 quot
3774 3750 3949 3803 vim]-

509 3825 607 3876 tur
621 3819 1083 3881 termino.Quam
1102 3819 1377 3889 putabant
1391 3835 1614 3872 causam
1631 3834 1748 3872 esse
1761 3819 2128 3890 lietitiaa,quis
2226 3822 2311 3874 tes
2337 3820 2656 3890 protuleris.
2687 3823 2806 3876 Una
2833 3824 3014 3878 sancti
3043 3825 3288 3896 Spiritus
3315 3837 3758 3904 conceptione
3791 3845 3944 3896 mu].

512 3929 634 3968 eam
690 3911 1045 3966 occasionem
1093 3910 1462 3965 interimendi
1491 3910 1756 3966 invenit?
1811 3911 1955 3975 Quid
1996 3915 2128 3983 aget
2226 3916 2310 3966 tos
2342 3912 2474 3968 edes
2499 3917 2715 3984 partus.
2743 3915 2968 3970 Primus
2993 3923 3194 3988 partus
3220 3921 3497 3995 virginis,
3539 3938 3947 3990 verecundia

507 4009 636 4078 post
662 4007 930 4100 mortem,
959 4019 1088 4100 quae
1129 4002 1592 4100 totam-laetitiam
1639 4003 1854 4100 nuptiis
1885 4003 2123 4074 deputa-
2223 4005 2438 4075 virtus;
2468 4008 2744 4062 secundus
2771 4010 3080 4080 patientize,
3104 4014 3310 4068 tertius
3340 4017 3752 4093 sobrietatis,
3780 4046 3948 4100 quar-

510 4098 634 4152 vit?
653 4097 787 4160 Quae
801 4095 921 4149 viro
943 4095 1160 4165 placere
1179 4095 1374 4163 voluit,
1401 4111 1515 4150 non
1533 4097 1664 4164 Deo,
1684 4095 1820 4166 quid
1839 4099 1968 4166 aget
1986 4097 2125 4152 dum
2225 4104 2314 4153 tus
2337 4100 2746 4170 temperantiae,
2787 4103 3024 4172 quintus
3065 4105 3388 4175 charitatis,
3421 4121 3661 4173 sextus
3699 4095 3952 4178 humili-

513 4189 629 4244 exit
655 4205 687 4288 a
713 4189 919 4242 saeculo
943 4188 972 4241 Ἰ
994 4187 1392 4288 Qum-sollicita
1417 4188 1523 4242 fuit
1557 4187 1853 4288 quomodo
1877 4190 2128 4288 placeret
2223 4191 2372 4288 tatis,
2398 4193 2670 4288 septimus
2695 4195 2982 4266 castitatis,
3011 4201 3078 4252 ut
3112 4198 3432 4270 impleatur
3461 4211 3661 4278 quod
3693 4215 3944 4288 legitur,

509 4280 745 4347 mundo,
775 4296 948 4352 quam
975 4279 1182 4350 poterit
1206 4280 1413 4334 habere
1447 4283 1668 4351 partem
1711 4299 1841 4336 cum
1867 4282 2126 4338 Christo?
2223 4284 2356 4355 quia
2397 4286 2596 4340 sterilis
2633 4291 2844 4357 peperit
2889 4295 3090 4360 septem
3137 4293 3187 4362 (Ι
3238 4296 3374 4364 Reg.
3429 4300 3522 4369 ιι).
3604 4279 3800 4363 Ερορν
3843 4329 3946 4365 una

510 4376 646 4439 Quae
672 4373 920 4444 primum
943 4389 1058 4466 non
1089 4373 1234 4426 bene
1251 4371 1383 4426 viris
1404 4389 1462 4466 se
1483 4374 1823 4443 distrahunt,
1849 4374 2125 4447 simulque
2223 4377 2561 4446 septiformis
2592 4379 2834 4450 Spiritus
2858 4385 3228 4454 conceptione
3257 4394 3495 4460 septem
3541 4405 3794 4466 partus
3827 4406 3945 4458 edi.

509 4483 650 4563 cum
663 4465 938 4563 pudicitia
955 4465 1268 4563 libertatem
1295 4465 1559 4563 perdunt,
1595 4467 1821 4536 quando
1847 4469 2125 4538 captivam
2223 4468 2372 4524 disti.
2403 4473 2523 4527 Non
2547 4471 2728 4528 dicas:
2756 4476 2887 4530 Ecce
2923 4491 3016 4545 ego
3044 4478 3256 4554 lignum
3299 4465 3578 4552 aridum;
3633 4500 3798 4563 quia,
3842 4501 3944 4551 ha»:

507 4559 892 4631 virginitatem
939 4564 1193 4629 suscepta
1235 4558 1368 4612 dote
1410 4559 1696 4614 addicunt.
1725 4560 1868 4624 Quid
1903 4561 2124 4616 miserae
2143 4587 2202 4655 D
2223 4562 2358 4616 dicit
2379 4566 2634 4620 Dominus
2654 4568 2907 4622 eunuchis
2943 4587 2959 4622 :
2989 4571 3095 4636 Qui
3119 4575 3502 4634 custodierint
3523 4558 3821 4655 requiem
3853 4609 3950 4645 mc—

507 4652 878 4722 iniremanet,
917 4667 1042 4722 quae
1085 4651 1364 4722 pudorem
1393 4652 1688 4706 venditat?
1718 4651 1878 4716 Quod
1911 4653 1958 4707 si
1981 4654 2124 4709 forte
2144 4651 2190 4658 ⁷
2223 4671 2333 4718 am,
2372 4661 2422 4710 et
2451 4657 2701 4724 elegem'nt
2734 4675 2852 4730 quae
2880 4663 3050 4724 volui,
3082 4671 3134 4718 et
3162 4670 3450 4726 tenuerint
3481 4651 3709 4740 find-us
3743 4700 3946 4740 meum.

509 4745 731 4814 mundi,
766 4749 830 4798 ut
859 4744 982 4798 fieri
1016 4743 1172 4813 solet,
1201 4759 1334 4798 casu
1363 4745 1566 4814 perdat
1589 4745 1968 4812 donationem,
1991 4752 2124 4802 tunc
2223 4748 2362 4803 dabo
2386 4752 2460 4803 eis
2487 4753 2545 4804 in
2569 4752 2722 4806 domo
2765 4770 2884 4808 mea
2923 4760 2972 4810 el
2997 4758 3057 4810 in
3088 4763 3271 4816 muris
3301 4766 3444 4819 meis
3479 4767 3724 4837 locum,
3761 4785 3820 4832 et
3854 4797 3944 4832 no-

509 4844 566 4894 et
582 4837 801 4910 pudore
824 4836 1022 4903 caruit,
1047 4841 1104 4890 et
1122 4836 1314 4890 amisit
1336 4837 1602 4908 pretium.
1633 4837 1796 4892 Vides
1820 4855 1991 4909 quam
2013 4857 2120 4895 nu-
2221 4857 2340 4896 men
2376 4843 2562 4898 melius
2605 4861 2640 4898 a
2670 4846 2801 4914 ﬁliis
2831 4853 2882 4902 et
2905 4864 2941 4902 α
2961 4851 3222 4919 ﬁliabus;
3251 4871 3462 4912 nomen
3505 4872 3943 4938 sempiternum

509 4932 583 4987 da
619 4935 676 5025 et
700 4930 962 5025 destituta
986 4929 1047 4983 in
1060 4932 1312 5025 utroque
1331 4929 1634 5025 remansit!
1681 4931 1788 5025 Pro
1821 4931 1940 4986 viro
1974 4939 2122 4988 certe
2221 4934 2362 4990 dabo
2387 4939 2482 5000 eis,
2511 4939 2654 5006 quod
2677 4955 2785 4994 non
2806 4943 3013 5011 peribit
3041 4943 3170 5012 (Isa.
3205 4948 3341 5018 ωτι).
3371 4951 3596 5025 Vides,
3641 4929 3941 5020 amantis-

509 5024 738 5094 gemino
769 5022 987 5078 timoris
1006 5022 1230 5077 addicta
1254 5021 1529 5093 periculo,
1570 5023 1733 5078 timet
1750 5024 1964 5080 bonum
1985 5043 2118 5098 per-
2222 5027 2361 5081 sima
2387 5045 2562 5097 soror,
2591 5032 2746 5102 quod
2773 5034 3148 5106 principalem
3185 5039 3248 5094 in
3274 5057 3478 5114 regno
3523 5021 3643 5108 Dei
3677 5058 3943 5131 virgines

509 5117 664 5184 dere,
685 5117 846 5170 timet
882 5115 1099 5170 malum
1125 5115 1352 5170 habere.
1373 5117 1508 5180 Quis
1527 5132 1666 5188 ergo
1696 5117 1846 5172 inter
1865 5118 1984 5172 haec
2008 5137 2122 5174 me—
2220 5123 2414 5175 tenent
2439 5122 2624 5178 locum
2645 5125 2674 5178 ?
2701 5126 2766 5180 Et
2791 5143 2906 5182 non
2941 5127 3254 5186 immerito.
3288 5135 3510 5195 Mundi
3562 5149 3760 5204 enim
3785 5115 3938 5207 Ion-

505 5209 632 5264 dius
657 5209 1133 5302 estlocuslaetitiie
1151 5209 1342 5302 iQuas
1358 5209 1575 5263 formas
1593 5209 1863 5266 lenocinii
1881 5213 2120 5267 medita-
2219 5216 2574 5284 tempserunt
2611 5218 2886 5290 habitum,
2926 5222 3056 5277 ideo
3097 5240 3522 5295 pervenerunt
3573 5241 3670 5296 ad
3709 5248 3943 5302 caeleste

505 5302 686 5398 turut
709 5301 930 5398 placeat
953 5301 1168 5398 oculis?
1189 5301 1392 5398 quibus
1411 5302 1732 5374 peregrinis
1756 5304 2020 5360 odoribus
2039 5307 2121 5360 in-
2219 5325 2482 5380 regnum.
2512 5313 2648 5368 Vitae
2699 5317 2940 5372 caelestis
2983 5319 3417 5382 beatitudinem
3451 5331 3564 5389 hic
3603 5339 3920 5398 incipiunt

711 5362 731 5371 -
1206 5362 1226 5372 -
1414 5362 1432 5372 _
1555 5362 1588 5374 ν
2265 5362 2481 5380 κοίη-ἠ-
2531 5362 2646 5368 ,--η
2702 5362 2938 5372 “ww-.-
2983 5362 3417 5382 ,ιν-,ωυυμιυυιιι
3551 5362 3562 5367 -

505 5392 624 5446 ﬁcit
648 5398 860 5448 vestem
883 5394 912 5447 *ἲ
949 5399 1006 5448 et
1027 5397 1092 5448 ut
1118 5394 1358 5451 oblectet
1400 5411 1614 5462 sensus,
1635 5401 1820 5452 cutem
1845 5399 2121 5454 mentitur
2220 5418 2346 5473 qua
2375 5420 2642 5475 generare
2665 5409 2722 5463 in
2751 5409 3040 5467 doloribus
3059 5413 3211 5470 ﬁlios
3228 5362 3938 5493 nesciv':;;1::::lll:::;

507 5579 531 5594 ⁸
583 5500 768 5590 anan).
803 5487 921 5594 Qus
949 5487 1079 5594 fuco
1108 5487 1311 5541 Illitam
1341 5489 1805 5594 vano‘adult‘erat
1829 5491 2116 5594 'hgmlento
2217 5501 2477 5568 contagia
2516 5499 2770 5556 libidinis
2813 5509 2869 5558 et
2907 5505 3054 5560 foeda
3092 5510 3426 5584 conjugum
3486 5521 3821 5594 ﬁgmenta
3855 5550 3938 5586 re-

501 5579 724 5680 faciem,
751 5595 828 5680 ne
855 5578 927 5632 sit
967 5577 1088 5647 ipsa
1123 5583 1630 5680 qlia-nam-est,_et
1663 5583 1917 5680 decipiat
1931 5585 2114 5680 virum
2215 5594 2442 5660 spuunt,
2462 5599 2611 5648 recte
2636 5595 2843 5650 Christi
2874 5599 3103 5670 nuptias
3127 5577 3579 5674 impetrarunt:
3616 5577 3935 5680 nia-

502 5673 686 5745 specie
717 5671 920 5734 aliena,
944 5685 1062 5771 non
1088 5673 1338 5740 propria.
1368 5673 1502 5728 Vide
1526 5675 1572 5728 si
1595 5690 1710 5729 non
1736 5676 1996 5732 maleﬁcii
2026 5695 2118 5749 ge~
2214 5682 2390 5736 vearis
2407 5687 2738 5756 pompaticis
2756 5695 3070 5760 nuptarum
3103 5671 3464 5774 incessibus,
3495 5671 3936 5774 eneﬁﬁgﬁg.

530 5737 552 5745 -
1088 5737 1109 5740 -
1195 5737 1214 5740 -
2026 5737 2058 5749 υ
2408 5737 2425 5754 .
2458 5737 2735 5756 κατηφ-
2756 5737 2836 5744 --
2859 5737 3070 5746 πη...
3103 5737 3441 5757 messem“...
3523 5749 3530 5756 ,
3605 5737 3626 5750 .

499 5780 610 5822 nus
637 5769 740 5830 est,
779 5760 1098 5874 eicogitare
1140 5766 1318 5864 artem
1361 5781 1472 5836 qua
1518 5773 1786 5837 provocet
1815 5769 2115 5827 libidinem
2214 5773 2418 5845 stipato
2443 5779 2736 5834 comitatu.
2772 5737 2879 5836 ﬁds
2921 5783 3231 5842 incurrunt
3258 5737 3937 5874 plerliidqldz

505 5858 767 5920 alienam.
821 5855 891 5908 Et
949 5869 1076 5925 qua:
1131 5854 1206 5908 sic
1268 5859 1577 5928 corrumpit
1643 5860 1842 5916 faciem
1867 5904 1881 5932 ,
1939 5879 2114 5934 quam
2214 5869 2362 5924 tores
2382 5869 2689 5944 pudicitiae,
2712 5889 2857 5945 quos
2883 5878 3144 5934 custodes
3173 5854 3474 5946 castitatis

517 3077 729 3148 cipient
746 3076 806 3130 in
819 3077 1004 3130 fructu
1017 3076 1170 3146 quod
1185 3075 1243 3129 in
1263 3075 1473 3146 cespite
1496 3075 1886 3146 perdiderunt.
1907 3077 2128 3143 Recole,
