4022 6398
137 381 230 432 881

1683 373 1945 427 REGULA

3402 372 3504 426 882

138 502 268 540 cum
303 501 365 538 se
410 484 628 539 ambiri
665 489 752 540 tot
792 485 1045 538 virorum
1088 483 1287 538 formis
1327 482 1534 548 vident,
1577 481 1685 534 hoc
1724 480 1782 533 in
1805 480 2114 562 Aillidaris
2144 481 2395 551 scopulo,
2429 483 2526 533 aut
2557 480 2618 533 in
2650 479 2937 532 sinistram
2965 478 3274 548 Charybdis
3297 478 3501 548 deglu-

139 581 395 632 mentem
425 578 604 646 venit,
627 578 781 648 quod
805 593 937 631 cum
965 577 1096 630 viris
1115 576 1175 630 in
1199 575 1416 630 lectulis
1441 578 1620 645 agunt
1639 589 1774 645 pro-

138 671 313 742 priis;
346 674 407 724 et
436 671 594 740 quod
611 675 858 742 expertas
887 672 1021 724 sunt
1047 669 1108 724 in
1137 668 1391 739 singulis,
1423 668 1532 723 hoc
1559 667 1616 721 in
1644 667 1776 739 pln-

141 764 299 818 rimis
323 763 702 818 meditantur.
735 765 856 818 Non
888 763 1127 818 verebor
1150 762 1439 830 invidiam,
1471 761 1518 815 si
1561 761 1780 816 locutus

139 858 302 912 fuero
331 857 658 912 veritatem.
686 857 912 912 Feriant
930 873 1022 912 me
1046 856 1221 912 livore
1245 872 1388 928 quas
1413 855 1782 912 momorderit

141 949 510 1016 conscientia,
542 950 853 1004 dummodo
866 949 1286 1021 proﬁcientibus
1304 950 1506 1021 loquar
1527 948 1664 1020 quid
1687 964 1778 1002 ca-

144 1059 272 1099 vere
296 1043 550 1098 debeant
572 1043 635 1098 in
683 1043 762 1098 eis
803 1060 932 1114 quas
977 1043 1096 1098 solo
1140 1043 1323 1098 nitent
1361 1057 1536 1114 Opere
1577 1041 1778 1096 carnis.

145 1137 376 1192 Certum
407 1140 517 1206 est,
548 1136 630 1190 mi
658 1152 836 1204 soror,
871 1153 1001 1208 quas
1033 1135 1276 1192 nitorem
1295 1135 1536 1190 vestium
1561 1149 1786 1206 compo-

148 1228 342 1299 suerit,
369 1229 550 1285 odore
579 1229 884 1300 peregrino
912 1229 1262 1301 fragraverit,
1305 1229 1435 1283 fuco
1485 1227 1788 1283 mutaverit

149 1323 354 1391 oculos,
399 1321 612 1376 faciem
649 1323 889 1378 candore
931 1323 1113 1378 alieno
1176 1321 1493 1390 obduxerit,
1557 1321 1788 1376 brachia

151 1414 373 1469 circulis
404 1414 743 1470 instruxerit
767 1415 974 1484 aureis,
991 1415 1182 1486 digitis
1196 1415 1434 1469 annulos
1461 1413 1784 1482 inseruerit,

151 1512 205 1562 et
229 1507 596 1563 distinctione
614 1524 974 1578 gemmarum
996 1509 1212 1564 sidereo
1238 1506 1539 1562 radiaverit
1562 1506 1788 1577 fulgore

151 1600 435 1670 manibus,
473 1616 644 1656 aures
683 1601 912 1655 metallo
937 1599 1347 1672 aggravaverit,
1379 1601 1521 1654 colla
1558 1615 1787 1671 marga-

153 1694 270 1748 ritis
295 1698 354 1748 et
375 1693 537 1748 vario
564 1710 922 1765 gemmarum
949 1693 1304 1748 absconderit
1326 1692 1600 1764 tegmine,
1624 1695 1794 1764 caput

1881 573 2033 628 tiaris
2057 573 2221 627 rictu.
2251 573 2402 643 Fuge
2433 572 2694 627 Sirenum
2714 577 2928 636 cantus,
2957 575 3014 626 et
3035 588 3069 625 a
3091 569 3288 641 lingua
3323 572 3502 627 male-

1877 665 2162 721 suadentis
2189 665 2308 736 sepi
2336 681 2500 720 aures
2521 671 2662 719 tuas.
2683 664 2832 720 Mani
2859 681 2954 718 cor
2972 669 3138 718 tuum
3162 670 3318 718 scuto
3348 663 3501 734 ﬁdei,

1878 759 2016 814 dum
2043 758 2126 812 tui
2137 758 2404 829 propositi
2427 758 2707 828 disparem
2728 757 2965 826 videris;
2990 760 3047 810 et
3071 757 3317 811 frontem
3343 762 3503 811 tuam

1880 854 2135 924 trophaeo
2185 870 2343 908 arma
2379 853 2560 908 crucis
2595 857 2793 908 contra
2830 868 2955 908 eam
3001 867 3130 924 quae
3177 851 3506 924 professioni

1880 950 1995 1002 tuae
2019 946 2210 1017 dispar
2235 951 2338 1003 est.

2539 1030 2759 1084 CAPUT
2789 1031 2854 1084 ll.

2349 1124 2416 1177 Ut
2441 1124 2551 1176 viri
2575 1125 2752 1177 sancti
2783 1125 3040 1178 vitentur.

1953 1218 2076 1271 lam
2101 1215 2254 1286 quali
2278 1214 2416 1286 fuga
2443 1213 2592 1268 viros
2620 1215 2826 1285 fugias,
2865 1231 3022 1269 soror
3064 1214 3404 1281 Florentina,
3446 1217 3511 1269 tu

1878 1309 2090 1380 judica,
2139 1308 2187 1362 si
2221 1310 2340 1362 tam
2379 1307 2613 1362 sollicite
2669 1307 2905 1362 feminas
2953 1307 3146 1362 saeculi
3189 1305 3510 1362 declinabis.

1885 1403 2132 1472 Quisque
2151 1401 2254 1467 vir,
2282 1401 2329 1455 si
2347 1403 2573 1455 sanctus
2595 1405 2698 1468 est,
2729 1399 2944 1454 nullam
2963 1405 3152 1454 tecum
3176 1402 3335 1470 gerat
3347 1398 3511 1454 fami-

1886 1495 2222 1562 liaritatem;
2255 1509 2327 1547 ne
2358 1493 2583 1548 videndi
2605 1493 2849 1564 jugitate
2868 1497 2964 1547 aut
2992 1492 3295 1547 infametur
3312 1491 3516 1546 utrius-

1889 1603 2000 1658 que
2029 1585 2310 1654 sanctitas,
2334 1589 2434 1641 aut
2460 1591 2676 1656 pereat.
2720 1585 2950 1639 Decidet
2992 1584 3144 1639 enim
3177 1602 3210 1638 a
3245 1583 3518 1639 charitate

1891 1680 2008 1748 Dei,
2032 1695 2158 1750 quae
2186 1678 2551 1750 perpetrandi
2581 1678 2715 1732 mali
2752 1677 2937 1748 operis
2977 1677 3325 1731 occasionem
3367 1693 3516 1747 pras-

153 1786 554 1857 pondemverit
576 1803 744 1855 auro;
772 1792 1010 1856 certum,
1043 1786 1300 1858 inquam,
1333 1790 1434 1852 est,
1483 1786 1628 1840 hanc
1671 1801 1787 1840 non
1809 1851 1855 1858 _
1893 1773 2108 1841 buerit;
2135 1771 2354 1826 decidet
2371 1787 2406 1825 a
2430 1770 2702 1825 charitate
2731 1769 2993 1842 proximi,
3018 1785 3147 1840 qua:
3171 1769 3273 1824 etsi
3303 1769 3521 1825 malum

155 1895 270 1934 esse
299 1882 544 1934 casm;
578 1895 703 1952 qua;
727 1880 798 1934 ad
833 1880 942 1934 hoc
973 1896 1031 1934 se
1065 1879 1141 1934 ita
1173 1878 1507 1950 composuit,
1543 1883 1608 1934 ut
1639 1879 1788 1933 mul-
1809 1851 1865 1922 Β
1889 1882 2002 1920 non
2027 1863 2165 1935 agit,
2195 1863 2458 1935 Opinione
2496 1870 2691 1918 tamen
2729 1862 3031 1934 pessimam
3067 1862 3277 1916 famam
3315 1861 3516 1917 nutrit.

155 1978 339 2026 torum
363 1972 539 2028 feriat
559 1974 768 2042 oculos,
801 1973 1110 2028 multorum
1141 1971 1364 2026 animos
1391 1975 1633 2038 moveat,
1678 1971 1789 2026 illi-

159 2067 374 2136 ciatque
399 2070 643 2121 mentes.
671 2067 806 2130 Quae
826 2065 929 2120 etsi
958 2071 1120 2120 metu
1155 2065 1260 2120 viri
1306 2081 1426 2120 non
1465 2069 1625 2136 gerat
1669 2067 1789 2118 stu-

159 2175 322 2229 prum
351 2158 413 2212 in
439 2162 660 2230 aperto.
679 2158 991 2212 fornicatur
1005 2163 1190 2213 tamen
1209 2158 1446 2214 interius
1470 2157 1680 2213 animo.
1695 2158 1794 2211 Illa

162 2267 287 2306 vero
309 2255 463 2306 casta
489 2254 594 2320 est,
628 2267 755 2323 quae
775 2251 843 2306 de
863 2250 1106 2322 simplici
1134 2251 1331 2304 habitu
1355 2250 1633 2321 bonisque
1663 2266 1790 2304 mo-

161 2344 310 2398 ribus
339 2346 528 2416 placet
567 2344 706 2413 viro,
747 2349 804 2400 et
832 2344 901 2400 de
938 2344 1086 2398 bono
1131 2343 1476 2398 castimonia:
1517 2344 1648 2398 Deo.
1691 2343 1794 2398 Ha-

163 2453 288 2490 rum
313 2437 581 2493 habitum
607 2436 874 2508 exprimit
899 2439 1098 2492 Petrus
1139 2436 1442 2507 apostolus,
1488 2439 1544 2490 et
1581 2436 1795 2490 cultum

163 2529 416 2596 vestium,
465 2531 557 2586 vel
599 2529 924 2600 aequitatem
961 2545 1187 2584 morum
1229 2545 1330 2583 sua
1362 2529 1547 2599 pingit
1578 2544 1792 2598 praece-

165 2622 367 2692 ptione,
407 2639 544 2677 cum
585 2622 755 2677 dicit;
793 2623 877 2677 Sit
902 2625 962 2676 in
987 2623 1212 2676 muliere
1238 2637 1346 2676 non
1379 2623 1610 2677 emterior
1637 2637 1796 2676 orna-

166 2718 324 2770 menti
347 2722 446 2770 aut
474 2719 624 2777 auri,
649 2721 750 2770 aut
772 2718 931 2771 vestis
969 2717 1164 2778 cultus,
1200 2715 1295 2769 sed
1331 2716 1508 2769 cultus
1537 2715 1714 2769 cordis
1752 2715 1798 2784 (1

169 2811 274 2862 Pet.
301 2809 624 2877 iu).Eadem
650 2824 787 2878 ergo
815 2814 872 2863 et
913 2809 1116 2862 Paulus
1146 2809 1429 2879 apostolus
1455 2807 1666 2876 intulit,
1707 2808 1792 2862 di-

166 2916 292 2955 cens
321 2917 334 2954 :
363 2901 628 2956 Similiter
657 2906 709 2954 et
734 2901 984 2955 mulieres
1011 2917 1130 2955 cum
1161 2901 1486 2955 verecundia
1514 2905 1564 2954 et
1593 2901 1794 2956 sobrie-

174 2998 276 3048 tate
299 2999 557 3048 ornantes
587 3009 662 3056 se,
683 3009 790 3048 non
813 2996 871 3047 in
895 2996 1051 3048 tortis
1077 2993 1338 3056 crinibus,
1378 2999 1473 3048 aut
1511 3009 1664 3055 auro,
1701 2997 1800 3048 aut

171 3089 498 3153 margaritis,
527 3088 614 3140 vel
629 3092 770 3141 veste
782 3089 1054 3156 pretiosa;
1081 3087 1177 3140 sed
1191 3087 1335 3156 quod
1362 3087 1508 3140 decet
1531 3087 1796 3149 mulieres,

171 3181 530 3248 promittentes
568 3181 825 3249 pietatem
875 3195 976 3249 per
1021 3195 1184 3248 opera
1224 3179 1360 3232 bona
1405 3179 1482 3248 (Π
1527 3181 1658 3233 Tim.
1718 3179 1796 3247 ιι).

171 3271 312 3335 Quas
335 3272 624 3326 dissonare
660 3272 730 3325 ab
767 3271 834 3325 iis
875 3271 1347 3342 praeceptionibus
1383 3275 1439 3324 et
1483 3270 1800 3341 discrepare

174 3361 528 3430 compereris,
565 3360 720 3415 velut
744 3361 1022 3431 gehennae
1054 3361 1222 3414 duces
1253 3365 1308 3414 et
1340 3359 1547 3414 inferni
1572 3359 1803 3416 comites

174 3448 323 3520 fuge.
354 3451 466 3505 Hoc
497 3449 652 3505 enim
673 3449 989 3503 suadebunt
1012 3465 1126 3520 quo
1157 3449 1339 3519 plenas
1361 3451 1513 3516 sunt,
1543 3464 1671 3518 quas
1699 3449 1801 3503 etsi

177 3554 287 3593 non
317 3539 504 3608 verbo,
533 3539 657 3608 ipso
684 3543 872 3592 tamen
897 3537 1095 3592 habitu
1130 3537 1442 3608 loquuntur
1472 3536 1706 3607 ﬂagitia.
1735 3539 1803 3592 Et

174 3648 295 3702 qua:
323 3649 462 3687 auro
498 3631 895 3699 coruscaverit,
939 3635 996 3684 et
1041 3629 1340 3685 radiaverit
1375 3629 1633 3700 gemmis,
1674 3634 1798 3684 tan-

177 3741 344 3796 quam
373 3725 680 3781 simulacra
704 3724 940 3792 declina;
981 3723 1312 3793 idolumque
1351 3722 1646 3791 aestimato,
1685 3739 1800 3778 non

177 3817 480 3889 hominem,
509 3834 638 3890 quae
663 3831 696 3871 a
720 3818 832 3871 Deo
857 3817 1002 3872 bene
1043 3815 1326 3870 conditam
1361 3815 1609 3870 formam
1648 3816 1800 3871 vario

178 3913 530 3983 praesumpsit
571 3913 830 3984 stuprare
874 3909 1168 3981 ﬁgmento.
1221 3909 1377 3964 Unde
1415 3914 1471 3963 et
1514 3908 1800 3980 Scriptura

181 4003 309 4058 dicit
335 4022 346 4060 :
379 4007 579 4061 Fallax
600 4007 798 4074 imago,
830 4007 882 4059 et
905 4019 1051 4058 vana
1087 4007 1164 4058 est
1193 4002 1564 4073 pulchritudo,
1607 4003 1801 4057 mulier

184 4099 362 4153 timens
388 4103 554 4155 Deum
569 4102 691 4168 ipsa
720 4098 1038 4154 laudabitur
1061 4096 1242 4167 (Prov.
1273 4098 1370 4166 Ill).

713 4192 930 4246 CAPUT
967 4190 1250 4244 PRIMUM.

589 4287 656 4340 Ut
680 4287 917 4339 vitentur
934 4284 1088 4338 lateae
1111 4283 1378 4336 mulieres.

251 4379 447 4434 Precor
462 4384 538 4450 te,
557 4394 714 4433 soror
733 4377 1071 4444 Florentina,
1098 4380 1161 4430 ut
1182 4374 1433 4444 feminae,
1460 4389 1589 4446 quae
1611 4379 1799 4429 tecum

185 4486 292 4526 non
317 4477 510 4528 tenent
535 4471 939 4545 professionem
965 4486 1160 4536 unam,
1192 4469 1263 4524 ad
1295 4473 1452 4524 tuam
1482 4483 1598 4522 non
1638 4482 1796 4522 acce-

1891 1958 2093 2030 Dispar
2116 1957 2270 2012 enim
2297 1974 2461 2011 sexus
2489 1957 2547 2011 in
2573 1973 2754 2012 unum
2779 1957 3010 2023 locatus,
3040 1971 3106 2009 eo
3147 1954 3404 2010 titillatur
3429 1955 3518 2009 in-

1891 2051 2098 2106 stinctu
2131 2066 2243 2121 quo
2276 2050 2550 2116 nascitur;
2591 2053 2647 2104 et
2685 2049 2959 2104 naturalis
2999 2053 3259 2102 movetur
3292 2048 3524 2102 ﬂamma

1891 2144 1936 2198 si
1965 2143 2276 2214 composita
2303 2142 2572 2214 attigerit.
2605 2142 2742 2206 Quis
2768 2141 3049 2211 colligavit
3071 2141 3266 2212 ignem
3295 2141 3354 2195 in
3393 2139 3524 2196 sinu

1892 2253 2009 2304 suo,
2045 2242 2101 2292 et
2127 2253 2242 2291 non
2266 2236 2671 2290 comburetur?
2694 2233 2840 2305 Ignis
2870 2239 2925 2288 et
2953 2237 3116 2305 stupa
3145 2233 3252 2288 sibi
3277 2238 3524 2304 utraque

1892 2330 2189 2396 contraria,
2217 2329 2278 2383 in
2304 2345 2487 2384 unum
2529 2327 2754 2382 redacta
2791 2326 3048 2382 ﬂammas
3084 2327 3364 2382 nutriunt.
3410 2325 3528 2382 Viri

1893 2439 2058 2478 sexus
2082 2427 2139 2478 et
2179 2421 2407 2476 femina:
2433 2421 2705 2488 diversus,
2741 2420 2790 2474 si
2821 2419 3206 2492 conjungitur,
3242 2420 3393 2491 quod
3430 2419 3525 2474 lex

1893 2520 2112 2570 naturae
2141 2518 2426 2586 provocat,
2455 2517 2863 2568 commovetur.
3068 2545 3102 2565 ο

2544 2625 2762 2680 CAPUT
2792 2625 2882 2678 Ill.

2209 2722 2276 2775 Ut
2301 2719 2567 2774 declinare
2589 2720 2739 2784 virgo
2770 2718 2960 2772 debeat
2975 2717 3224 2784 juvenes.

1969 2816 2034 2869 Et
2071 2815 2116 2868 si
2148 2813 2334 2868 taliter
2358 2811 2461 2866 viri
2493 2809 2808 2866 declinandi
2831 2814 2964 2864 sunt
3005 2809 3203 2874 sancti,
3251 2824 3323 2863 ne
3365 2812 3524 2863 utro-

1896 2923 2140 2978 rumque
2197 2905 2362 2960 bonis
2405 2903 2656 2958 moribus
2695 2902 2929 2956 offensio
2967 2902 3252 2972 subrepat,
3288 2899 3527 2971 qualiter

1896 2999 2147 3070 fugiendi
2177 3001 2311 3052 sunt
2327 2998 2583 3068 juvenes,
2615 2999 2673 3050 et
2704 2995 3026 3050 tenebrosas
3051 2994 3168 3048 vias
3197 2991 3525 3064 temporalis

1897 3093 2028 3146 vitae
2054 3095 2354 3162 sequentes
2374 3089 2402 3144 ?
2427 3105 2567 3160 quos
2587 3088 2658 3142 ad
2686 3089 2792 3142 hoc
2817 3086 3070 3142 diabolus
3091 3085 3303 3156 objicit,
3333 3089 3390 3140 et
3407 3085 3522 3139 vir-

1902 3184 2082 3255 gineis
2125 3181 2358 3254 opponit
2392 3181 2566 3236 oculis
2611 3183 2677 3234 ut
2719 3179 2928 3234 formas
2979 3195 3198 3245 eorum,
3239 3193 3378 3249 quos
3426 3192 3529 3246 per

1905 3277 2058 3330 diem
2091 3275 2314 3341 viderit,
2352 3274 2512 3344 virgo
2538 3272 2846 3327 meditetur
2878 3272 2937 3326 in
2969 3277 3152 3326 nocte.
3197 3270 3355 3334 Quod
3399 3269 3446 3323 si
3471 3273 3530 3324 et

1902 3368 2248 3424 contradicat
2283 3365 2487 3421 mentis
2515 3365 2675 3432 ratio,
2703 3365 2954 3434 talesque
2987 3363 3419 3433 imaginationes
3459 3361 3528 3416 ab

1900 3461 2087 3516 animo
2119 3465 2366 3530 respuat,
2407 3473 2601 3512 recens
2632 3460 2823 3510 tamen
2861 3455 3001 3510 visio
3023 3461 3079 3510 et
3101 3453 3408 3526 corporalis
3435 3454 3527 3509 in-

1900 3554 2108 3624 spectio
2128 3552 2357 3608 exhibet
2384 3549 2675 3605 memoriae
2700 3549 2916 3603 formas
2945 3564 2958 3602 :
2987 3565 3126 3619 quas
3173 3547 3414 3602 videndo
3439 3547 3526 3602 di-

1901 3647 2056 3714 dicit,
2079 3649 2142 3699 ut
2165 3645 2266 3699 etsi
2297 3643 2591 3714 paululum
2606 3641 2733 3696 talis
2760 3641 3090 3711 imaginatio
3110 3639 3348 3694 oblectet
3373 3655 3530 3694 men-

1899 3745 2034 3806 tem,
2066 3741 2324 3792 occurret
2351 3735 2518 3790 etiam
2547 3751 2650 3805 per
2673 3733 2976 3801 somnium,
2999 3733 3150 3804 quod
3171 3732 3375 3787 viderit
3399 3748 3528 3788 ocu-

1899 3832 1985 3886 lis.
2031 3831 2117 3886 Sic
2162 3829 2369 3884 diaboli
2414 3827 2608 3898 sagitis
2655 3829 2853 3898 pectus
2899 3825 3132 3897 virginis
3170 3825 3524 3894 vulneratur,

1898 3929 1956 3979 et
1993 3923 2250 3994 inﬁgitur
2291 3921 2447 3976 cordi
2493 3936 2654 3974 amor
2693 3919 2926 3987 noxius;
2973 3923 3036 3973 ut
3076 3919 3228 3990 quod
3272 3919 3332 3972 in
3362 3923 3530 3974 nocte

1899 4017 2188 4074 recordata
2209 4019 2311 4082 est,
2340 4030 2473 4068 cum
2497 4029 2691 4068 amore
2719 4012 2854 4068 velit
2878 4012 3090 4068 iterum
3117 4012 3305 4068 videre
3329 4012 3389 4066 in
3414 4027 3530 4066 cra-

1900 4111 2133 4164 stinum.
2174 4110 2240 4163 Et
2281 4108 2357 4161 sic
2391 4107 2566 4162 intrat
2597 4107 2816 4161 Satanae
2849 4105 3052 4176 sagitta
3089 4121 3268 4178 usque
3295 4105 3369 4159 ad
3392 4105 3528 4160 inti-

1900 4219 2062 4256 mum
2090 4201 2273 4256 cordis
2297 4216 2401 4272 per
2431 4200 2635 4270 januas
2670 4199 2988 4267 oculorum,
3030 4198 3174 4252 sicut
3215 4198 3353 4254 dicit
3394 4200 3526 4252 Pro-

1898 4296 2105 4366 pheta:
2140 4295 2378 4350 Intravit
2415 4307 2558 4347 mors
2581 4307 2684 4360 per
2720 4293 2986 4358 fenestras
3021 4295 3234 4347 nostras
3273 4290 3400 4360 (Jer.
3435 4292 3530 4361 IX).

1898 4391 2010 4443 Nec
2037 4387 2190 4442 enim
2219 4385 2473 4455 subrepit
2494 4384 2748 4438 diabolus
2773 4384 2846 4438 ad
2872 4383 3144 4438 interiora
3165 4383 3394 4450 mentis,
3421 4384 3530 4438 nisi

1897 4497 2000 4554 per
2029 4495 2224 4536 sensus
2249 4477 2453 4533 cordis.
2487 4477 2544 4532 Si
2564 4477 2872 4546 pulchrum
2895 4475 3107 4546 aliquid
3149 4475 3339 4530 videas
3379 4475 3531 4545 quod

185 4562 313 4618 dant
336 4567 676 4624 societatem.
703 4565 857 4633 Quod
883 4547 1037 4620 enim
1066 4567 1280 4632 amant,
1310 4563 1417 4616 hoc
1441 4565 1794 4632 suggerunt:

1901 4570 2408 4644 concupiscentiam
2453 4575 2709 4634 moveat,
2757 4568 2801 4621 si
2849 4567 3085 4622 oblectet
3131 4583 3294 4622 aures
3349 4567 3531 4638 turpis

186 4659 238 4710 et
265 4673 357 4712 eas
381 4676 470 4715 res
509 4660 620 4715 tuis
641 4658 1014 4714 insinuabunt
1045 4657 1297 4724 auribus,
1334 4670 1462 4726 qua:
1506 4654 1566 4709 in
1609 4669 1810 4710 eorum

187 4758 472 4808 versantur
518 4752 828 4809 desideriis.
870 4753 988 4806 Heu
1029 4751 1190 4820 mihi,
1233 4764 1412 4814 soror,
1464 4753 1811 4818 corrumpunt

189 4857 346 4900 mores
385 4847 542 4903 bonos
583 4847 850 4915 colloun
885 4844 1036 4899 mala
1082 4845 1127 4913 (Ι
1161 4845 1262 4900 Cor
1301 4841 1412 4911 xv).
1467 4842 1597 4898 Cum
1625 4844 1809 4896 sancto

187 4943 390 4994 sanctus
417 4943 553 4996 eris:
579 4940 752 5010 longe
773 4940 880 4993 ate
905 4937 996 5005 sit,
1019 4952 1200 5004 soror,
1223 4940 1413 4991 etcum
1429 4919 1674 5005 perverso
1687 4949 1810 5004 pm

189 5035 400 5087 verteris
437 5033 657 5103 (Psalm.
685 5032 836 5103 xvu).
869 5030 1013 5096 Quid
1038 5029 1099 5085 in
1135 5044 1313 5084 unum
1351 5027 1470 5099 agit
1509 5029 1707 5098 nupta,
1753 5030 1810 5081 et

192 5121 340 5194 virgo
357 5126 384 5180 τ
411 5129 507 5182 Illa
535 5133 589 5183 te
616 5143 732 5182 non
759 5125 1032 5197 sequitur,
1061 5139 1190 5195 qua:
1221 5122 1408 5176 virum
1438 5120 1653 5192 diligit.
1679 5121 1808 5175 Pro-

191 5218 430 5284 positum
473 5225 635 5277 tuum
676 5219 850 5291 fugit;
881 5217 1035 5290 quod
1083 5217 1187 5271 etsi
1229 5231 1420 5271 amare
1461 5231 1520 5269 se
1559 5214 1804 5281 ﬁnxerit,

190 5311 450 5368 mentitur
475 5320 539 5370 ut
556 5313 820 5384 decipiat.
848 5311 992 5376 Quid
1011 5313 1200 5366 tecum
1223 5309 1361 5380 agit,
1379 5325 1511 5364 cum
1530 5324 1645 5380 qua
1659 5323 1811 5362 com-

192 5404 346 5458 muni
376 5406 512 5462 collo
537 5405 740 5462 Christi
757 5406 968 5476 jugum
991 5419 1111 5459 non
1142 5401 1299 5457 ducis
1315 5401 1342 5456 ?
1370 5402 1560 5472 dispar
1583 5400 1806 5468 habitu,

195 5493 374 5565 dispar
397 5499 615 5556 aﬁ‘ectu.
639 5500 930 5569 Organum
954 5497 1173 5553 Satanae
1197 5495 1304 5548 hoc
1322 5494 1426 5548 tibi
1453 5498 1636 5560 canet,
1657 5491 1809 5564 quod

196 5584 459 5646 illecebris
484 5592 672 5648 saeculi
700 5596 947 5660 moveat,
992 5595 1049 5645 et
1085 5587 1308 5644 semitas
1348 5587 1556 5642 diaboli
1595 5585 1805 5658 impin-

197 5686 347 5750 Suet.
375 5683 524 5758 Fuge
545 5687 806 5744 Sirenum
834 5687 1050 5753 cantus,
1078 5681 1159 5737 mi
1186 5697 1378 5736 soror:
1406 5695 1479 5736 ne
1509 5680 1646 5736 dum
1670 5694 1806 5750 pru-

200 5773 460 5840 rientibus
504 5780 734 5836 auribus
781 5779 1189 5834 oblectamenta
1248 5773 1540 5830 delectaris
1611 5771 1811 5827 audire

203 5869 434 5944 terrena,
461 5873 725 5930 averteris
754 5889 788 5929 a
812 5877 962 5928 recto
992 5871 1214 5939 itinere,
1241 5873 1298 5925 et
1319 5873 1416 5924 aut
1441 5867 1500 5924 in
1525 5866 1813 5924 dexteram

1908 4672 2124 4734 cantus,
2166 4665 2212 4719 si
2237 4663 2534 4718 odoratum
2563 4661 2727 4715 nidor
2756 4660 3007 4730 attigerit
3029 4660 3310 4730 fragrans,
3343 4661 3390 4714 si
3422 4677 3528 4730 gu-

1907 4764 2058 4815 stum
2099 4756 2456 4812 illecebrosus
2492 4770 2660 4826 sapor
2687 4751 3072 4820 commoverit,
3105 4751 3152 4806 si
3177 4757 3356 4807 tactus
3385 4753 3529 4807 mol-

1907 4855 2020 4908 lem
2046 4856 2103 4906 et
2125 4849 2364 4905 nitidam
2389 4845 2688 4917 contigerit
2711 4845 2970 4913 formam,
2991 4849 3129 4898 tunc
3159 4844 3532 4900 oblectatione

1909 4943 2157 5001 sensibili
2193 4941 2374 4996 carnis
2417 4943 2678 4994 movetur
2717 4937 2996 4992 illecebra.
3047 4937 3144 4992 Dei
3187 4937 3340 4991 enim
3389 4954 3532 5008 opus

1907 5043 2148 5109 uterque
2173 5041 2256 5091 est
2281 5049 2467 5088 sexus.
2517 5031 2757 5086 Amandi
2783 5036 2915 5085 sunt
2941 5034 3090 5084 certe
3138 5029 3262 5099 viri,
3291 5035 3355 5084 ut
3392 5046 3535 5102 opus

1911 5132 2034 5198 Dei;
2083 5130 2181 5186 sed
2212 5127 2490 5192 absentes,
2530 5141 2632 5196 pro
2671 5123 2938 5196 operibus
2986 5123 3169 5193 bonis,
3217 5129 3273 5178 et
3309 5129 3536 5194 propter

1909 5227 2089 5280 Deum
2127 5221 2225 5294 qui
2274 5237 2368 5276 eos
2409 5219 2560 5287 fecit,
2603 5234 2719 5272 non
2764 5221 2998 5288 prOpter
3057 5217 3536 5288 pulchritudinem

1907 5316 2180 5390 corporis.

2555 5395 2772 5450 CAPUT
2798 5394 2884 5448 lV.

2486 5491 2561 5543 De
2597 5489 2947 5542 abstinentia.

1979 5583 2124 5650 Quid
2142 5583 2214 5638 ad
2236 5583 2374 5638 tede
2391 5582 2550 5651 cibis,
2573 5597 2734 5636 soror
2756 5580 3095 5649 Florentina,
3126 5585 3288 5651 puto,
3312 5580 3532 5649 loquar,

1909 5693 2037 5748 quae
2058 5675 2370 5747 fragilitate
2389 5674 2637 5746 corporis
2661 5690 2762 5728 nec
2778 5677 2998 5728 tantum
3025 5672 3231 5743 accipis
3256 5677 3535 5742 quantum

1911 5769 2130 5824 ratione
2179 5767 2431 5823 doceris?
2467 5769 2684 5822 Maneat
2710 5771 2902 5822 tamen
2929 5766 2990 5820 in
3017 5764 3208 5818 animo
3236 5768 3296 5816 ut
3319 5761 3421 5816 etsi
3446 5761 3537 5816 in-

1908 5863 2074 5920 ﬁrmo
2122 5860 2350 5934 corpori
2394 5859 2610 5933 aliquid
2643 5858 3012 5917 relaxandum
3040 5862 3123 5913 est
3165 5873 3199 5911 a
3241 5855 3446 5926 rigore,
3479 5853 3540 5908 in
