4022 6418
471 373 574 422 883

1438 364 1670 416 SANCTI
1710 361 2018 418 LEANDRL
2061 357 2488 411 HISPALENSIS
2526 355 2854 420 EPISCOPI,

3817 350 3924 402 88':

471 475 635 528 terim
667 490 782 527 nou
812 472 1054 525 solvatur
1081 471 1325 536 animus,
1361 470 1404 522 si
1433 485 1631 538 corpus
1657 466 1942 521 inﬁrmum
1974 480 2089 518 me-
2111 463 2577 552 Asustentaculis
2602 461 2856 516 ciborum
2901 477 3105 532 corpus
3145 459 3579 525 reficiendum,
3638 456 3778 509 alia
3815 455 3924 508 tibi

473 571 631 620 retur
674 564 884 634 aliquid
925 561 1330 631 indulgentius.
1378 561 1570 615 Nullus
1621 564 1704 613 est
1751 557 1902 612 enim
1952 573 2086 610 usus

472 656 675 712 edendi
692 654 1003 724 culpabilis,
1025 655 1124 708 sed
1147 653 1613 724 concupiscentia,
1637 651 1732 705 sed
1757 650 2088 704 immodera-

470 749 569 809 tio,
601 747 647 802 si
672 748 799 818 plus
841 763 1014 818 quam
1063 763 1203 816 opus
1240 750 1324 800 est
1366 745 1689 814 sumpseris,
1735 743 1780 796 si
1807 743 2086 797 desideres

468 841 586 894 sine
625 856 737 911 quo
783 839 966 894 vivere
1011 838 1208 909 possis.
1247 837 1470 908 Triplex
1509 841 1658 890 certe
1703 840 1786 890 est
1825 836 1968 905 gula
1995 835 2081 888 in-

471 932 840 1003 temperantia
873 931 954 984 :si
980 931 1130 1002 quod
1155 947 1268 984 non
1310 929 1458 993 licet,
1497 929 1711 982 avidius
1749 931 1998 999 appetas,
2037 927 2084 982 si

468 1029 617 1084 licita
669 1045 906 1100 quaque
959 1027 1247 1098 exquisitis
1289 1026 1589 1097 impendiis
1631 1031 1944 1096 praparata
1997 1042 2084 1080 ac-

468 1122 710 1176 curatius
739 1138 984 1192 quaras,
1013 1121 1058 1174 si
1081 1124 1305 1191 tempus
1341 1119 1544 1174 edendi
1587 1119 1804 1172 licitum
1841 1135 1955 1172 non
1995 1135 2083 1172 su-

469 1215 690 1267 stineas.
727 1213 898 1268 Primi
931 1213 1152 1283 generis
1184 1211 1442 1266 homines
1475 1211 1546 1266 ob
1590 1211 1695 1265 hoc
1720 1211 1958 1280 paradisi
1983 1211 2080 1266 de-

467 1305 620 1360 licias
667 1311 723 1360 et
760 1304 1198 1360 immortalitatis
1248 1303 1486 1375 pramia
1527 1302 1912 1374 perdiderunt,
1953 1303 2086 1373 quia

467 1399 662 1454 illicita
687 1398 1110 1469 concupierunt.
1135 1399 1275 1450 Esau
1301 1412 1432 1451 vero
1458 1412 1560 1466 pro
1586 1411 1650 1450 eo
1679 1395 1829 1466 quod
1870 1395 2086 1449 avidius

464 1491 660 1546 ambiit
681 1491 850 1558 licita,
878 1489 1241 1561 primogeniti
1269 1488 1513 1559 perdidit
1532 1487 1838 1558 primitiva.
1869 1488 1935 1541 Et
1952 1487 2084 1558 quia

467 1583 667 1638 edendi
718 1589 940 1654 tempus
989 1599 1104 1638 non
1151 1586 1375 1636 servant
1427 1579 1710 1648 animalia,
1765 1579 1890 1634 ideo
1954 1584 2084 1634 sunt

465 1675 884 1730 irrationabilia.
926 1675 1287 1729 Probavimus
1318 1690 1455 1744 ergo
1493 1672 1773 1744 triplicem
1798 1688 2086 1726 excessum

466 1769 950 1838 intemperantia:
1014 1767 1152 1821 dum
1194 1766 1365 1838 primi
1415 1765 1672 1820 homines
1719 1768 2084 1836 gustaverunt

2185 555 2370 625 legat:
2417 558 2480 609 ut
2508 555 2646 610 dum
2674 571 2880 609 manus
2923 555 3005 608 vel
3041 553 3188 608 oculi
3230 551 3453 607 intenti
3509 550 3681 604 sunt
3719 548 3921 619 operi,

2183 651 2374 718 pascat
2424 664 2588 702 aures
2651 648 2832 718 gratia
2884 646 3160 701 sermonis
3231 644 3444 699 divini.
3509 643 3578 698 Si
3649 641 3921 713 quidem

2183 755 2410 794 oramus
2433 744 2489 794 et
2513 740 2774 809 legimus,
2806 743 2864 792 et
2909 738 3184 793 lubricam
3227 742 3502 792 mentem
3560 753 3603 790 a
3665 750 3924 804 surrep-

2183 831 2426 887 tionibus
2463 832 2668 886 diaboli
2717 831 2809 884 vix
2854 831 3228 895 retrahimus;
3265 835 3507 902 quanto
3561 827 3923 899 proclivius

2183 925 2467 980 humanus
2509 924 2731 978 animus
2797 928 2978 994 reptat
3030 925 3100 979 ad
3151 923 3312 990 vitia,
3367 923 3421 977 si
3481 921 3805 976 lectionis
3866 923 3923 974 et

2183 1017 2446 1072 orationis
2480 1017 2716 1070 assidua
2763 1018 3113 1071 retentaculo
3164 1033 3284 1071 non
3359 1017 3672 1071 frenetur
3701 1015 3739 1067 ?
3810 1013 3919 1066 Le-

2183 1109 2291 1164 ctio
2344 1113 2399 1164 te
2447 1109 2658 1176 doceat,
2719 1109 2932 1180 aliquid
2978 1110 3196 1164 orando
3251 1111 3480 1180 petas;
3561 1111 3920 1178 postquam

2181 1217 2314 1256 vero
2371 1201 2633 1268 oraveris,
2685 1201 2894 1256 iterum
2951 1202 3194 1272 legendo
3240 1201 3490 1274 inquire
3554 1199 3749 1272 quod
3806 1217 3916 1270 po-

2183 1295 2371 1349 stules.

2814 1383 3035 1437 CAPUT
3059 1383 3175 1437 νη.

2249 1477 2316 1530 Ut
2339 1475 2632 1530 carnaliter
2660 1490 2769 1530 non
2801 1476 2908 1544 legi
2929 1476 3121 1530 debeat
3155 1478 3324 1532 Vetus
3364 1479 3864 1532 Testamentum.

2253 1572 2420 1626 Vetus
2443 1571 2863 1626 Testamentum
2880 1571 3078 1643 legens
3098 1587 3215 1626 non
3243 1574 3553 1644 temporis
3587 1574 3775 1628 illius
3808 1592 3917 1629 nu-

2183 1663 2343 1734 ptias,
2371 1663 2468 1717 sed
2485 1663 2657 1734 prolis
2672 1665 3143 1719 numerositatem
3161 1665 3512 1721 considera:
3553 1683 3704 1722 non
3735 1683 3913 1722 esum

2185 1755 2438 1810 carnium
2477 1761 2534 1810 et
2574 1756 2841 1812 sacrificia
2889 1757 3328 1828 sanguinolenta
3365 1759 3649 1814 crimina.
3709 1767 3916 1816 morte

463 1861 532 1915 de
575 1831 796 1926 illicito;
843 1861 979 1914 dum
1025 1861 1168 1914 Esau
1198 1831 1496 1914 lenticula
1545 1831 1798 1928 appetitu
1838 1831 2158 1926 perdiditB
2181 1847 2362 1902 carnis
2405 1848 2648 1918 expiata,
2696 1849 2794 1903 uni
2853 1849 2972 1903 viro
2997 1850 3318 1905 multarum
3390 1869 3686 1907 uxorum
3769 1871 3912 1925 per-

461 1951 868 2022 primogenita;
901 1953 1039 2006 dum
1067 1951 1268 2006 edendi
1295 1955 1520 2022 tempus
1545 1967 1661 2004 non
1699 1954 1924 2004 servant
1959 1949 2082 2004 ani-

463 2044 646 2113 malia,
688 2049 746 2100 et
781 2049 912 2099 sunt
953 2043 1374 2104 irrationabilia.
1416 2043 1534 2096 Non
1581 2046 1663 2096 est
1697 2041 1874 2112 igitur
1908 2041 2080 2096 absti-

456 2152 614 2206 nens,
642 2137 802 2192 avide
828 2153 1027 2190 vorans
1069 2135 1238 2190 etiam
1273 2135 1408 2189 viles
1444 2133 1616 2188 cibos.
1646 2134 1957 2202 Sepulcrum
1981 2149 2083 2203 pa-

459 2234 571 2284 tens
597 2234 672 2284 est
698 2235 886 2296 guttur
913 2244 1112 2290 eorum,
1143 2227 1222 2281 ait
1247 2226 1538 2280 Psalmista
1567 2226 1782 2295 (Psalm.
1811 2225 1884 2292 v).
1911 2225 2079 2279 Nam-

459 2337 568 2391 que
595 2324 650 2376 et
677 2321 771 2375 ille
812 2320 997 2375 mollis
1038 2324 1097 2375 et
1130 2319 1428 2373 dissolutus
1473 2322 1556 2373 est
1589 2317 1708 2388 qui,
1747 2318 2083 2388 contemptis

458 2412 844 2482 prasentibus,
887 2411 1144 2484 pretiosis
1181 2427 1246 2466 ac
1283 2409 1596 2481 peregrinis
1638 2409 1814 2480 epulis
1839 2409 2080 2464 delecta-

461 2509 570 2559 tur.
602 2505 769 2560 Piscis
789 2521 894 2576 per
914 2504 1235 2559 illecebram
1261 2503 1431 2558 hamo
1451 2502 1687 2573 capitur.
1717 2501 1844 2556 Avis
1867 2502 2082 2572 objecta

459 2613 598 2652 esca
625 2597 687 2652 in
707 2597 1022 2668 decipulam
1041 2596 1206 2651 cadit.
1235 2595 1430 2650 Bestia
1456 2611 1584 2666 qua
1604 2594 1847 2648 naturali
1875 2595 2080 2649 virtute

457 2693 588 2744 sunt
621 2689 838 2760 rigida,
877 2688 1180 2759 cupiditate
1217 2687 1326 2742 cibi
1350 2688 1409 2742 in
1433 2688 1653 2741 foveam
1681 2692 1994 2756 proruunt;
2025 2691 2081 2741 et

458 2798 596 2850 quas
629 2797 742 2834 non
779 2780 997 2834 emollit
1030 2775 1249 2846 natura,
1283 2779 1488 2849 decipit
1517 2795 1658 2833 esca.
1687 2779 1768 2832 Tu
1794 2794 1922 2832 vero
1941 2783 2080 2832 tem-

461 2872 792 2942 perantiam,
822 2875 879 2925 et
903 2871 1329 2942 parcimoniam,
1353 2887 1453 2925 seu
1487 2871 1709 2924 oraculo
1752 2885 1850 2923 seu
1885 2885 2076 2924 exem-

462 2962 568 3032 plis
593 2962 740 3017 disce
777 2963 1082 3032 majorum.
1124 2963 1382 3030 Oraculo,
1428 2962 1561 3033 quia
1602 2961 1736 3016 dicit
1761 2962 2073 3017 Dominus:

457 3059 576 3112 Non
612 3060 903 3124 graventur
943 3055 1106 3110 corda
1149 3059 1330 3110 vestra
1372 3057 1431 3108 in
1470 3055 1697 3123 crapula
1729 3059 1779 3108 et
1827 3055 2078 3109 ebrietate

456 3149 606 3211 (Luc.
659 3147 788 3216 xxx).
843 3147 1141 3217 Exemplis,
1185 3147 1318 3217 quia
1373 3146 1540 3200 David
1582 3147 1830 3217 capitam
1873 3163 2076 3218 aquam

459 3237 860 3308 noluitbibere,
889 3256 1060 3310 quam
1078 3239 1390 3310 periculum
1416 3238 1582 3292 alieni
1624 3255 1744 3292 esse
1787 3239 2075 3310 sanguinis

457 3329 733 3384 intellexit
760 3332 831 3398 (ΙΙ
842 3334 972 3400 Reg.
1004 3332 1060 3398 ιι)
1083 3347 1096 3396 ;
1125 3331 1210 3384 vel
1226 3331 1358 3402 quia
1383 3330 1595 3400 Daniel,
1622 3331 1958 3401 contemptis
1981 3331 2076 3386 da-

461 3421 626 3492 pibus
653 3423 824 3492 regis,
864 3423 1243 3492 leguminibus
1273 3423 1413 3476 vixit
1451 3425 1604 3489 (Dan.
1646 3424 1774 3492 xxv).
1815 3423 1935 3478 Sint
1976 3423 2076 3478 tibi

455 3519 679 3584 accepta
703 3531 832 3584 qua
857 3519 990 3569 sunt
1013 3515 1306 3570 comitibus
1335 3514 1443 3568 tuis
1470 3515 1812 3584 communia,
1835 3520 1893 3570 et
1935 3516 2071 3570 alio-

455 3623 583 3660 rum
614 3623 726 3660 non
753 3607 825 3660 sis
851 3607 1330 3678 intemperationis
1357 3624 1518 3662 causa
1531 3625 1548 3676 ;
1578 3613 1634 3663 et
1662 3608 1866 3678 quibus
1893 3609 2075 3662 forma

455 3715 572 3752 esse
610 3699 778 3754 debes
817 3699 1175 3754 hortamento
1231 3716 1296 3754 ac
1338 3700 1466 3754 vita
1506 3700 1668 3754 bona
1716 3700 2072 3770 documento,

456 3791 700 3846 scandali
717 3807 833 3846 non
864 3791 1123 3846 etiiciaris
1153 3791 1384 3846 occasio.

1107 3907 1322 3961 CAPUT
1374 3907 1437 3959 V.

602 3998 667 4051 Ut
709 3999 861 4066 virgo
895 3999 1111 4063 singula
1142 4013 1248 4051 non
1273 3999 1525 4066 loquatur
1553 4013 1673 4051 cum
1702 4000 1930 4066 singulo.

524 4088 720 4143 Nullus
754 4095 809 4143 te
855 4089 1199 4159 singularem
1236 4089 1574 4159 alloquatur,
1613 4105 1716 4144 nec
1766 4093 1830 4144 tu
1873 4098 2078 4162 prater

457 4181 698 4234 duarum
727 4185 826 4235 aut
849 4181 1022 4235 trium
1060 4180 1444 4236 testimonium
1488 4181 1791 4252 alloquaris
1831 4183 2077 4256 aliquem

455 4271 818 4343 singularem.
857 4275 1138 4328 Memento
1188 4273 1379 4344 sponsi
1424 4273 1506 4328 tui
1544 4275 1838 4330 Salvatoris
1879 4278 2074 4346 nostri,

453 4365 552 4435 qui
591 4370 740 4420 certe
789 4383 904 4422 non
943 4367 1237 4421 verebatur
1273 4367 1456 4420 labem
1501 4367 1784 4436 peccandi,
1827 4371 2078 4425 attamen

451 4457 508 4510 in
544 4458 831 4512 montibus
859 4475 988 4513 cum
1017 4461 1196 4529 Moyse
1224 4463 1280 4514 et
1310 4459 1430 4513 Elia
1454 4475 1654 4514 corum
1691 4461 1891 4528 tribus,
1913 4464 2077 4518 Petro

453 4553 509 4604 et
529 4550 732 4606 Iacobo
760 4557 816 4606 et
839 4553 1072 4620 Joanne,
1098 4553 1318 4606 locutus
1346 4556 1426 4607 est
1450 4552 1707 4607 testibus.
1737 4553 1824 4608 Sic
1855 4559 1912 4610 et
1944 4571 2073 4610 cum
2094 4545 2153 4617 D

457 4642 750 4697 suscitaret
777 4643 1208 4715 archisynagogi
1230 4643 1419 4714 tiliam,
1447 4660 1540 4700 eos
1582 4645 1840 4700 adhibuit
1883 4648 2073 4716 testes,

457 4738 522 4787 ut
546 4734 670 4789 falsi
700 4737 945 4790 rumoris
972 4753 1088 4791 non
1116 4737 1278 4792 daret
1317 4737 1684 4795 occasionem.
1734 4738 2080 4794 Mirabantur

445 4830 633 4881 autem
659 4833 714 4882 et
737 4828 1015 4900 discipuli,
1045 4830 1192 4900 quod
1230 4830 1299 4884 ad
1335 4833 1572 4900 puteum
1613 4830 1777 4884 Jacob
1816 4831 2072 4902 loquere-

452 4919 546 4970 tur
581 4936 712 4975 cum
757 4921 1014 4976 muliere.
1061 4924 1127 4976 Et
1169 4937 1361 4976 revera
1401 4938 1516 4976 non
1555 4918 1917 4991 mirarentur,
1965 4925 2072 4978 nisi

449 5010 587 5078 quid
625 5013 879 5068 viderent
902 5015 1262 5083 inusitatum;
1295 5018 1350 5069 et
1374 5014 1481 5068 nisi
1509 5014 1591 5067 illi
1619 5015 1881 5083 abiissent
1925 5016 2074 5072 cibos

449 5117 660 5173 emere,
698 5121 810 5160 non
840 5107 1163 5178 loqueretur
1193 5107 1328 5162 citra
1360 5123 1456 5161 eos
1491 5107 1745 5162 Christus
1785 5124 1912 5162 cum
1941 5125 2068 5164 mu-

445 5191 603 5251 liere.

1093 5269 1308 5324 CAPUT
1338 5269 1424 5323 Vl.

819 5362 886 5414 Ut
901 5362 1112 5430 jugiter
1137 5364 1287 5429 virgo
1317 5365 1431 5418 oret
1469 5367 1517 5416 et
1553 5363 1713 5432 legat.

519 5448 700 5502 Lectio
731 5450 832 5505 tibi
861 5453 929 5507 sit
953 5453 1189 5522 assidua,
1209 5454 1477 5526 jugisque
1500 5455 1700 5528 oratio:
1743 5456 2069 5512 Dividantur

441 5539 540 5596 tibi
575 5543 828 5614 tempora
873 5549 929 5600 et
964 5545 1165 5613 ofﬁcia,
1209 5551 1273 5601 ut
1309 5551 1610 5618 postquam
1661 5548 1864 5618 legeris
1917 5566 2063 5616 ores,

447 5637 741 5704 postquam
767 5636 1009 5691 oraveris
1028 5637 1200 5706 legas.
1225 5638 1312 5693 Sic
1341 5641 1585 5696 alternes
1619 5641 1901 5712 perpetim
1942 5642 2065 5698 hac

439 5725 548 5780 duo
590 5728 756 5795 bona,
802 5731 868 5783 nt
909 5727 977 5781 ab
1027 5728 1225 5783 iisdem
1266 5731 1422 5786 nullo
1465 5733 1538 5788 sis
1571 5737 1826 5805 tempore
1863 5734 2060 5791 otiosa.

437 5818 592 5880 Quod
620 5821 665 5872 si
690 5819 905 5891 aliquid
943 5820 1202 5873 manibus
1244 5823 1590 5890 operandum
1635 5830 1736 5880 est.
1787 5827 1869 5881 vel
1915 5833 2062 5884 certe

2181 1941 2354 1994 missa
2379 1941 2676 1995 consortia.
2713 1942 2894 1996 Licuit
2921 1942 3072 1996 enim
3101 1942 3200 1997 illo
3223 1947 3510 2015 tempore
3559 1948 3753 2018 quod
3795 1948 3911 2002 isto

2179 2048 2296 2086 non
2324 2033 2469 2100 licet,
2498 2037 2554 2087 et
2577 2033 2721 2088 sicut
2743 2050 2846 2104 per
2878 2036 3060 2106 legem
3101 2053 3390 2091 concessa
3431 2045 3592 2093 sunt
3637 2041 3911 2112 nuptiae,

2180 2124 2255 2178 sic
2281 2141 2383 2196 per
2412 2125 2778 2196 Evangelium
2802 2127 3098 2197 virginitas
3124 2129 3470 2199 pradicata.
3525 2133 3710 2187 Gens
3741 2135 3908 2188 enim

2180 2222 2299 2272 erat
2319 2217 2554 2272 Hebraea
2577 2218 2647 2272 ab
2678 2219 2832 2272 omni
2861 2220 3102 2274 discreta
3137 2223 3436 2277 consortio
3476 2227 3906 2296 pOpulorum,

2179 2313 2235 2362 et
2283 2309 2355 2362 ad
2397 2310 2851 2382 prophetandum
2900 2313 3193 2368 Christum
3245 2315 3519 2370 Ecctesia
3571 2319 3906 2390 deputata.

2179 2401 2256 2455 Ne
2300 2401 2529 2472 periret,
2577 2403 2794 2458 cunctis
2845 2404 3137 2474 permissa
3183 2412 3325 2461 sunt
3374 2411 3659 2480 nuptia,
3719 2429 3908 2467 causa

2177 2493 2348 2564 prolis
2385 2495 2780 2565 propaganda.
2830 2498 2894 2551 Et
2933 2497 3066 2568 quia
3118 2499 3367 2554 carnalis
3410 2509 3554 2557 erat
3596 2507 3906 2576 populus,

2177 2585 2432 2640 carnium
2457 2588 2684 2657 crapula
2713 2589 3063 2660 pascebatur.
3107 2591 3398 2648 Sacriﬁcia
3439 2601 3630 2651 certe
3675 2599 3910 2653 idcirco

2176 2678 2458 2748 pecudum
2506 2679 2830 2748 litabantur,
2877 2681 3010 2752 quia
3046 2699 3249 2738 verum
3308 2687 3739 2759 sacrificium,
3791 2693 3909 2748 hoc

2176 2775 2278 2837 est,
2313 2770 2521 2825 Christi
2557 2787 2760 2843 corpus
2801 2778 2857 2827 et
2899 2775 3241 2845 sanguinem
3283 2777 3686 2849 figurabant.
3729 2786 3910 2840 Venit

2175 2863 2396 2931 veritas,
2437 2863 2638 2946 umbra
2688 2865 2966 2933 discessit;
3015 2869 3177 2922 venit
3219 2886 3431 2925 verum
3476 2876 3904 2948 sacriﬁcium,

2175 2961 2230 3008 et
2273 2955 2500 3010 cessavit
2549 2957 2729 3012 hostia
2795 2959 3101 3029 pecudum.
3161 2962 3328 3017 Venit
3390 2964 3584 3037 virgo
3638 2970 3908 3042 virginis

2176 3047 2340 3114 illius,
2394 3053 2450 3102 et
2481 3048 2820 3120 virginitatis
2865 3053 3113 3122 prabuit
3155 3053 3630 3116 documentum.
3704 3065 3906 3120 Omne

2177 3139 2329 3192 enim
2359 3141 2509 3211 quod
2535 3141 2596 3194 in
2643 3141 2828 3196 Veteri
2873 3145 3240 3201 Testamento
3289 3147 3544 3220 legeris,
3611 3159 3908 3226 quamvis

2177 3247 2346 3302 opere
2401 3237 2624 3304 gestum
2688 3234 2880 3301 fuerit,
2948 3237 3330 3308 spiritualiter
3399 3245 3636 3301 tamen
3717 3249 3903 3306 intel-

2170 3323 2304 3394 lige,
2341 3329 2396 3378 et
2436 3325 2505 3379 de
2545 3325 2794 3380 historia
2831 3328 3072 3384 veritate
3122 3329 3544 3403 intelligentiae
3596 3343 3907 3412 spiritalis

2172 3432 2400 3470 sensum
2423 3433 2578 3487 cape.
2604 3419 2728 3472 Jam
2754 3435 2858 3488 pro
2883 3427 3115 3490 peccato
3163 3439 3284 3478 non
3341 3427 3668 3488 occiditur
3713 3435 3905 3491 homo

2171 3525 2436 3578 corpore;
2487 3510 2586 3563 scd
2633 3527 2834 3567 necem
2887 3529 3066 3584 quam
3115 3515 3199 3570 illi
3257 3519 3426 3573 carni
3485 3522 3750 3583 dabant
3797 3547 3906 3600 per

2173 3600 2448 3694 gladium,
2471 3617 2574 3656 nos
2613 3605 2934 3660 carnalibus
2975 3606 3126 3662 vitiis
3171 3608 3550 3680 imponimus
3606 3635 3742 3689 per
3780 3640 3902 3694 ραι-

2171 3693 2424 3749 nitentia
2454 3709 2644 3750 usum.
2685 3697 2911 3752 Cantica
2961 3700 3318 3757 canticorum
3352 3704 3540 3774 juxta
3592 3693 3900 3771 auditum

2173 3785 2400 3840 aurium
2423 3803 2494 3840 ne
2523 3787 2749 3856 sentias,
2784 3789 2918 3860 quia
2943 3793 3234 3849 carnalem
3257 3794 3623 3858 illecebram
3661 3811 3899 3864 terreni

2173 3879 2378 3932 amoris
2405 3879 2715 3950 insinuant,
2747 3897 2878 3952 qua
2901 3899 3008 3954 per
3032 3885 3252 3955 species
3277 3889 3539 3946 actionis
3570 3898 3822 3956 Christi
3843 3911 3899 3958 et

2174 3971 2427 4026 Ecclesia
2453 3972 2789 4028 charitatem
2820 3975 3094 4045 ﬁgurant.
3127 3979 3329 4035 Merito
3365 3999 3401 4036 a
3427 3991 3768 4048 veteribus
3799 3997 3898 4050 isti

2173 4061 2597 4159 libri-prohibiti
2625 4067 2966 4137 suntlegere
2993 4071 3347 4140 carnalibus,
3364 4074 3482 4131 hoc
3512 4087 3639 4148 est,
3677 4087 3896 4159 Hepta-

2175 4155 2464 4225 teuchum,
2495 4162 2552 4212 et
2577 4159 2805 4213 Cantica
2833 4161 3224 4218 canticorum:
3255 4181 3333 4220 ne
3360 4168 3514 4226 dum
3549 4191 3670 4230 eos
3703 4155 3892 4250 spiri—

2175 4247 2362 4302 taliter
2384 4249 2658 4320 nesciunt,
2687 4251 2939 4308 libidinis
2967 4271 3032 4308 ac
3061 4255 3433 4328 voluptatum
3469 4247 3894 4328 incitamento

2177 4339 2480 4396 solvantur.

2801 4434 3022 4490 CAPUT
3049 4436 3187 4492 Vill.

2713 4531 2788 4584 De
2836 4531 3042 4600 jejuniz'
3094 4535 3278 4592 modo.

2244 4623 2463 4694 Jejunia
2491 4628 2644 4680 certe
2667 4625 2852 4682 valido
2881 4630 3107 4702 corpori
3142 4631 3521 4704 imponenda
3569 4654 3733 4704 sunt
3759 4669 3777 4714 ;
3834 4660 3891 4706 ei,

2174 4732 2314 4788 quos
2340 4716 2561 4812 rebellis
2584 4733 2716 4812 caro
2747 4719 2874 4812 lege
2917 4721 3192 4780 vitiorum
3233 4726 3593 4806 impugnat,
3641 4740 3893 4812 jejunio

2172 4808 2506 4864 attenuandi
2531 4815 2663 4864 sunt
2677 4811 2831 4882 jugi.
2879 4813 3254 4886 Subjuganda
3302 4826 3393 4877 est
3433 4808 3893 4897 jejuni—is'caro

2173 4901 2376 4970 rigida,
2408 4905 2464 4956 et
2489 4907 2724 4958 eatenus
2749 4905 3112 4976 refrenanda,
3140 4914 3207 4965 ut
3232 4911 3353 4984 legi
3381 4921 3625 4976 mentis
3680 4932 3746 4981 et
3789 4929 3893 4984 im-

2171 4994 2340 5064 periis
2363 4994 2570 5049 anima
2599 4995 2891 5066 subjaceat
2918 5005 2984 5054 ut
3007 5001 3238 5057 ancilla.
3269 5006 3341 5062 Et
3361 5024 3562 5078 quam
3609 5017 3888 5076 debilita-

2171 5087 2248 5142 vit
2259 5086 2416 5158 jugis
2438 5086 2758 5156 infirmitas,
2779 5091 2826 5145 si
2841 5093 3219 5164 eamjejuniis
3240 5101 3580 5174 temperes,
3607 5113 3885 5170 tantum-

2169 5195 2278 5251 que
2321 5195 2508 5234 sumas
2547 5185 2826 5251 quantum
2875 5185 3039 5240 saluti
3091 5187 3366 5258 sufficiat,
3401 5211 3534 5254 non
3569 5208 3878 5272 peccabis,

2165 5271 2450 5327 Meliorem
2477 5277 2668 5328 tamen
2689 5275 2882 5346 judica
2911 5293 3038 5332 eam
3052 5295 3184 5351 qua
3213 5283 3424 5342 salutis
3445 5271 3688 5353 robore.
3719 5299 3882 5356 inﬁr-

2169 5365 2379 5420 mitatis
2415 5381 2529 5420 non
2575 5371 2740 5437 egeat
2779 5370 3053 5426 remedio.
3091 5373 3207 5428 Nec
3242 5375 3424 5434 debet
3475 5391 3880 5449 scandalizari

2165 5469 2292 5524 qua
2318 5469 2452 5508 sana
2475 5460 2575 5522 est,
2600 5455 2646 5509 si
2673 5457 2966 5512 remissius
2990 5460 3080 5514 vel
3107 5459 3538 5536 indulgentius
3580 5494 3735 5548 qua
3786 5484 3874 5538 in-

2165 5546 2327 5601 ﬁrma
2355 5551 2436 5602 est
2455 5547 2642 5616 alitur;
2665 5549 2762 5604 sed
2779 5550 2964 5621 magis
2977 5568 3044 5606 eo
3059 5569 3119 5610 se
3131 5556 3442 5616 meliorem
3460 5546 3872 5631 sanctiorem-

2128 5631 2144 5638 ’
2163 5656 2276 5741 que
2296 5655 2412 5694 esse
2424 5640 2759 5741 consideret,
2776 5645 2927 5741 quod
2940 5644 3242 5714 fragilibus
3257 5653 3442 5710 rebus
3459 5675 3596 5718 non
3617 5665 3748 5725 indi
3757 5677 3870 5741 get,

2163 5733 2366 5804 quibus
2387 5739 2516 5804 eget
2527 5734 2848 5791 inﬁrmitas.
2872 5737 2966 5792 illa
2994 5745 3192 5796 autem
3208 5733 3872 5818 quaintirmitatisvob;

2165 5829 2319 5881 lentu
2351 5830 2598 5882 meretur
2613 5827 2820 5898 aliquid
2835 5829 3038 5899 lenius,
3062 5832 3136 5886 sit
3163 5851 3288 5904 pra
3316 5846 3567 5902 cateris
3593 5851 3866 5916 humilis,
