4022 6408
137 388 241 436 8κὸ

139 581 413 636 nentiam
441 583 709 654 tempore
744 582 994 638 laxatam
1039 597 1156 637 non
1197 581 1426 652 reputet
1450 579 1662 647 virtuti,
1693 579 1794 635 sed

139 672 506 732 inﬁrmitati.

805 758 1030 813 CAPUT
1069 758 1150 812 IX.

731 853 820 907 De
873 867 1002 907 usu
1052 851 1230 905 vini.

209 955 361 1010 Vino
389 953 716 1010 secundum
745 952 1003 1024 Apostoli
1031 954 1192 1007 utere
1221 952 1501 1024 regulam.
1523 949 1618 1005 Ait
1639 949 1795 1006 enim

136 1047 522 1105 Timotheo':
567 1047 778 1103 Modico
831 1049 956 1101 vino
1005 1049 1153 1100 utere
1187 1048 1415 1114 propter
1467 1044 1796 1099 stomachum

137 1148 312 1205 tutan,
359 1145 415 1197 et
463 1143 772 1210 frequentes
822 1144 944 1195 tuas
982 1139 1320 1208 inﬁrmitates
1347 1136 1504 1205 (Tim.
1537 1136 1610 1206 v).
1647 1136 1794 1190 Dum

139 1233 300 1292 enim
329 1233 480 1290 dicit
501 1233 820 1302 modicum,
856 1229 1278 1286 medicinaliter
1303 1227 1621 1284 bibendum
1668 1229 1793 1283 fore

143 1330 534 1395 monstratur,
557 1342 678 1382 non
699 1326 773 1381 ad
793 1325 1154 1380 ebrietatem.
1179 1325 1324 1378 Nam
1352 1321 1465 1377 alio
1484 1323 1612 1377 loco
1635 1321 1794 1376 idem

142 1421 220 1476 sic
243 1421 390 1476 dicit
417 1421 728 1492 Apostolus
757 1436 770 1474 :
801 1421 1000 1475 Vinum
1027 1418 1239 1480 dia‘isti,
1261 1431 1410 1472 omne
1437 1417 1631 1471 vitium
1654 1416 1796 1470 ἀίξεινί-

140 1518 213 1570 sti
239 1516 375 1585 (Tit.
401 1516 486 1584 ιι).
511 1513 768 1568 Ebrietas
793 1511 950 1566 enim
973 1510 1217 1566 mortale
1249 1513 1337 1564 est
1365 1509 1582 1563 crimen
1607 1524 1620 1562 :
1643 1507 1795 1562 inter

143 1607 494 1675 homicidia,
519 1610 578 1662 et
602 1605 905 1672 adulteria,
927 1605 1014 1658 vel
1039 1603 1448 1658 fornicationes
1473 1603 1790 1672 reputatur.

143 1702 234 1756 Sic
246 1701 410 1772 ejicit
426 1717 464 1755 a
479 1716 664 1771 regno
683 1697 912 1756 Deivini
925 1696 1280 1763 temulentia,
1297 1693 1793 1768 quemadmodum

143 1795 368 1850 facinus
398 1792 698 1859 adulterii,
726 1792 815 1846 vel
845 1789 1162 1858 homicidii,
1193 1789 1280 1843 vel
1313 1788 1558 1843 aliorum
1596 1786 1791 1842 crimi-

1710 383 1990 437 REGULA.

138 489 341 542 doleat
367 505 491 559 quo
517 505 574 542 se
604 505 718 544 non
745 506 910 560 posse
932 505 1060 560 quae
1083 489 1208 542 aliae
1241 490 1510 558 possunt;
1543 491 1600 540 et
1629 488 1795 542 absli-
1816 501 1874 573 Α

3423 384 3526 437 886

2541 491 2762 544 CAPUT
2797 491 2880 544 ΧΙ.

2201 584 2357 652 Quod
2373 587 2656 654 peccatum
2679 585 2752 638 sit
2779 585 2982 652 virgini
3009 583 3211 638 videre.

1963 678 2097 731 Esto
2131 676 2190 731 in
2221 678 2336 732 Deo
2367 675 2628 748 gaudens
2662 675 2860 730 laetitia
2903 667 3084 730 animi
3118 677 3428 748 tranquilla
3467 680 3526 734 et

1895 769 2215 837 moderata,
2231 769 2392 840 juxta
2419 769 2572 840 quod
2597 769 2679 823 ait
2705 769 3042 840 Apostolus:
3071 769 3310 826 Gaudete
3338 774 3398 828 in
3425 775 3526 829 Do-

1891 865 2035 918 mino
2075 877 2302 933 semper,
2353 865 2546 918 iterum
2579 861 2696 917 dico
2732 862 2959 932 gaudete
2985 861 3146 934 (Phil.
3185 863 3280 934 ιν).
3313 865 3381 918 Et
3411 865 3522 921 alio

1894 955 2020 1010 loco
2065 953 2238 1009 dicit:
2262 957 2486 1010 Fructus
2516 958 2696 1009 autem
2722 955 2959 1024 Spiritus
2985 959 3064 1010 est
3087 956 3349 1023 gaudium
3375 956 3520 1028 (Gal.

1895 1047 1972 1120 v).
2003 1047 2150 1104 Talis
2167 1047 2498 1118 jucunditas
2531 1063 2648 1102 non
2673 1047 2974 1120 perturbat
3000 1050 3257 1103 mentem
3297 1047 3525 1104 ridendi

1893 1140 2170 1208 foeditate,
2199 1141 2302 1194 sed
2329 1140 2585 1196 sublevat
2613 1140 2912 1196 desideriis
2940 1141 3198 1196 animam
3230 1140 3304 1196 ad
3325 1157 3520 1213 super-

1895 1250 2032 1289 nam
2061 1233 2347 1306 quietem;
2377 1232 2474 1288 ubi
2503 1234 2684 1304 possis
2716 1233 2914 1288 audire
2948 1251 2961 1288 :
2995 1237 3146 1290 Intra
3172 1235 3232 1288 in
3259 1235 3523 1304 gaudium

1893 1329 2107 1383 Domini
2134 1329 2219 1382 tui
2243 1327 2460 1398 (Matth.
2496 1328 2640 1397 xxv).
2672 1325 2850 1392 Quale
2882 1326 2954 1380 sit
2982 1343 3081 1382 cor
3123 1327 3362 1398 virginis
3399 1329 3518 1398 ple-

1893 1437 2137 1492 rumque
2169 1419 2285 1474 risu
2315 1421 2690 1474 monstratur.
2729 1421 2923 1490 Neque
2961 1419 3118 1474 enim
3155 1419 3525 1490 impudenter

1893 1513 2052 1585 virgo
2083 1512 2316 1579 rideret,
2341 1512 2388 1566 si
2413 1529 2513 1568 cor
2537 1515 2758 1566 castum
2783 1512 3042 1566 haberet.
3077 1513 3382 1583 Speculum
3403 1529 3524 1568 cor-

1895 1609 1980 1664 dis
2009 1609 2184 1664 facies
2215 1612 2299 1663 est
2325 1608 2577 1664 hominis
2605 1626 2618 1664 :
2652 1625 2768 1664 non
2801 1608 2953 1663 ridet
2985 1609 3208 1676 lascive,
3239 1608 3348 1663 nisi
3391 1625 3519 1680 quae

1894 1703 2063 1758 corde
2090 1702 2296 1758 lasciva
2316 1705 2420 1756 est.
2444 1705 2529 1758 Ea:
2557 1702 2899 1756 abundantia
2925 1704 3066 1756 enim
3086 1703 3282 1766 cordis,
3311 1701 3392 1756 ait
3415 1702 3522 1758 Do-

1892 1796 2103 1864 minus,
2135 1811 2192 1851 os
2233 1797 2471 1866 loquitur
2509 1795 2718 1866 (Matth.
2748 1794 2864 1865 xu),
2898 1810 3036 1865 ergo
3069 1811 3134 1848 ex
3163 1793 3518 1850 abundantia

145 1904 286 1942 ηυηὶ
315 1886 570 1958 ﬂagitia.
599 1856 917 1940 COllﬁrmat
947 1883 1055 1938 11°C
1083 1856 1221 1936 dum
1269 1881 1407 1936 die“
1433 1881 1739 1952 ΑΡοεῐοῙιιε
1774 1897 1786 1934 ε
1811 1856 1868 1929 Β
1894 1856 2180 1944 vanissimi
2207 1856 2454 1959 petitoris
2483 1856 2635 1942 ridet
2663 1856 3120 1958 facies'virgwinis.
3147 1886 3294 1950 Quid
3315 1887 3386 1942 de
3409 1887 3518 1944 hoc

144 1984 319 2040 Nolite
339 1995 536 2036 errare
555 1998 573 2034 :
594 1994 764 2049 neque
779 1979 1091 2046 fornicarii,
1117 1991 1287 2046 neque
1305 1975 1465 2030 idolis
1486 1977 1789 2038 servientes,

147 2091 317 2146 neque
340 2075 614 2136 adulteri,
641 2087 810 2142 neque
839 2071 1046 2132 molles,
1077 2085 1246 2139 neque
1277 2069 1636 2124 masculorum
1663 2083 1788 2123 con-

144 2169 432 2230 cubitores,
461 2181 638 2236 neque
658 2167 834 2232 fures,
861 2178 1030 2233 neque
1055 2163 1235 2224 avari,
1263 2176 1432 2230 neque
1455 2161 1668 2224 ebriosi,
1695 2176 1786 2216 ne-

146 2278 244 2332 que
281 2260 568 2322 maledici,
595 2273 764 2327 neque
792 2271 1016 2327 rapaces
1053 2270 1278 2324 regnum
1315 2256 1413 2309 Dei
1442 2254 1794 2324 possidebunt

150 2356 192 2423 (Ι
218 2355 342 2410 Cor.
367 2353 472 2424 vi).
509 2351 649 2407 Vide
681 2352 964 2422 quantum
991 2348 1064 2402 sit
1089 2347 1410 2402 execranda
1435 2345 1701 2413 ebrietas,
1731 2349 1794 2400 ut

150 2449 326 2502 etiam
348 2463 383 2502 a
404 2460 596 2516 regno
615 2443 712 2498 Dei
735 2459 868 2498 suos
884 2445 1173 2496 amatores
1191 2439 1394 2510 cjiciat.
1411 2439 1596 2504 Quam
1617 2439 1790 2494 etiam

151 2528 491 2596 terribiliter
521 2537 805 2610 propheta
832 2535 1095 2606 increpet
1121 2533 1254 2588 vino
1277 2532 1502 2587 deditos
1525 2531 1672 2600 vide,
1703 2532 1788 2586 di-

151 2634 224 2687 cit
247 2633 410 2688 enim
445 2649 460 2687 :
503 2634 597 2688 Vae
623 2631 720 2700 qui
737 2631 980 2700 potentes
1006 2629 1129 2682 estis
1158 2627 1233 2681 ad
1259 2626 1545 2681 bibendum
1579 2627 1786 2689 vinum,

151 2733 198 2780 et
237 2729 347 2781 uiri
379 2727 558 2792 fortes
586 2724 662 2778 ad
683 2721 1016 2778 miscendam
1045 2720 1370 2774 ebrietatem.
1405 2721 1498 2774 Vw
1531 2719 1627 2788 qui
1662 2733 1785 2772 con-

154 2821 376 2890 surgitis
401 2832 568 2873 mane
603 2817 676 2870 ad
718 2815 1027 2870 ebrietatem
1052 2813 1386 2874 sectandam,
1416 2815 1467 2866 et
1488 2811 1790 2881 potandum

153 2928 313 2983 usque
335 2913 412 2966 ad
439 2925 744 2980 vesperam,
774 2913 835 2962 ut
859 2909 984 2961 uino
1014 2908 1245 2961 aestuetis
1272 2903 1420 2975 (Isai.
1448 2902 1504 2976 ι).
1539 2903 1690 2958 Bibit
1706 2902 1784 2957 vi-

156 3021 292 3060 num
326 3005 468 3070 Noe,
506 3006 678 3073 atque
725 2999 1002 3055 ebrietate
1047 2997 1280 3070 sopitus,
1328 3000 1490 3068 parte
1537 2995 1790 3068 corporis

155 3094 556 3153 verecundiori
581 3093 906 3148 denudatus
939 3093 1026 3146 est
1047 3091 1198 3163 (Gen.
1228 3091 1303 3161 1x)
1329 3105 1343 3144 :
1367 3092 1431 3144 ut
1465 3089 1692 3144 noveris
1711 3089 1790 3144 sic

1890 1982 2100 2054 legitur
2117 1981 2245 2036 vide
2271 1998 2284 2036 :
2306 1983 2497 2038 Risum
2528 1983 2780 2051 reputavi
2795 1995 3052 2046 errorem;
3085 1985 3135 2034 et
3159 1981 3359 2050 gaudio
3377 1980 3520 2048 diri,
3591 2005 3596 2011 ⁴

1889 2076 2022 2146 quid
2059 2076 2271 2143 frustra
2305 2075 2506 2144 decipis
2549 2073 2708 2143 (Eccl.
2755 2074 2850 2144 u)?
2893 2073 2963 2127 Et
2999 2071 3208 2126 iterum
3252 2071 3515 2128 ibidem':

1889 2171 2048 2224 Risus
2071 2169 2250 2222 dolore
2275 2169 2526 2222 miscetur
2557 2185 2572 2221 :
2605 2171 2654 2221 et
2679 2171 2917 2222 extrema
2943 2166 3140 2236 gaudii
3160 2165 3336 2220 luctus
3373 2180 3520 2221 occu-

1883 2265 2006 2333 pat.
2038 2262 2107 2316 Et
2129 2259 2408 2316 Dominus
2437 2259 2518 2314 ait
2549 2276 2563 2314 :
2591 2261 2748 2316 Beati
2771 2261 2868 2330 qui
2895 2259 3096 2328 lugent,
3123 2261 3379 2329 quoniam
3413 2260 3522 2328 ipsi

1890 2354 2309 2409 consolabuntur
2333 2351 2548 2422 (Matth.
2570 2352 2646 2423 v).
2667 2354 2880 2406 Verum
2901 2355 2959 2406 et
2983 2351 3274 2422 apostolus
3313 2351 3516 2406 insane

1891 2445 2211 2501 laetantibus
2235 2443 2370 2498 dicit
2395 2461 2408 2499 :
2431 2447 2590 2500 Risus
2609 2448 2780 2500 vester
2797 2447 3042 2499 vertatur
3069 2445 3130 2497 in
3163 2443 3363 2498 luctum
3383 2443 3514 2514 (Jac.

1889 2541 1985 2610 1v).
2018 2537 2214 2592 Risum
2241 2553 2400 2608 ergo,
2430 2552 2610 2602 soror,
2634 2539 2698 2590 ut
2729 2551 2986 2590 errorem
3013 2535 3169 2606 fuge,
3198 2537 3257 2589 et
3284 2537 3512 2607 tempo-

1889 2632 2072 2686 ralem
2101 2629 2360 2685 lzetitiam
2386 2631 2678 2684 commuta
2706 2628 2766 2682 in
2792 2629 3035 2695 luctum;
3064 2631 3126 2682 ut
3148 2627 3512 2699 beatiﬁceris,

1891 2725 1938 2780 si
1962 2723 2268 2796 peregrina
2288 2722 2349 2777 in
2377 2722 2597 2777 mundo
2625 2721 2870 2777 luxeris:
2899 2720 3175 2792 quoniam
3200 2719 3296 2792 qui
3317 2737 3516 2776 secun-

1891 2819 2028 2872 dum
2045 2819 2225 2873 Deum
2240 2816 2458 2888 lugent,
2481 2815 2633 2870 beati
2655 2818 2806 2884 sunt,
2827 2817 2885 2869 et
2903 2814 3013 2886 ipsi
3042 2813 3509 2880 consolabuntur.

1888 2910 2251 2982 Peregrinari
2272 2913 2326 2963 te
2355 2908 2412 2962 in
2445 2908 2664 2963 mundo
2691 2907 2861 2974 scito;
2899 2924 3005 2962 nec
3033 2906 3125 2962 hic
3161 2907 3376 2964 habere
3406 2925 3510 2981 pa-

1887 3005 2080 3072 triam,
2113 3003 2214 3058 sed
2239 3003 2298 3057 in
2328 3003 2488 3058 coelo.
2513 3001 2573 3056 Si
2598 3001 2698 3056 tali
2728 2999 3015 3056 desiderio
3045 3000 3286 3056 ardebat
3308 3001 3514 3058 Christi

1889 3113 2100 3165 servus,
2131 3099 2194 3150 ut
2217 3095 2470 3150 diceret:
2503 3096 2668 3166 Cupio
2695 3094 2935 3157 dissolvi,
2957 3098 3007 3148 et
3033 3109 3140 3148 esse
3165 3109 3281 3149 cum
3309 3093 3517 3151 Christo

155 3187 515 3246 consternari
551 3187 814 3242 animum
853 3185 1176 3240 humanum
1217 3183 1369 3249 vino,
1407 3187 1465 3237 et
1505 3181 1787 3236 rationem
1809 3213 1864 3287 C
1889 3189 2048 3260 (Phil,
2083 3191 2148 3260 ι);
2181 3191 2396 3260 quanta
2429 3187 2643 3242 amoris
2693 3185 3000 3259 ﬂagrantia
3029 3185 3189 3259 virgo
3217 3186 3388 3242 debet
3417 3205 3510 3243 ac-

155 3285 422 3339 humanm
447 3280 663 3337 mentis
683 3277 945 3346 obtundi,
966 3294 1037 3332 ne
1057 3277 1309 3348 seipsum
1331 3274 1564 3346 quidem
1580 3275 1784 3329 memi-

156 3381 319 3448 nerit,
348 3379 538 3434 multo
568 3376 762 3432 minus
807 3375 982 3430 etiam
1023 3375 1226 3429 Deum.
1277 3373 1346 3426 Et
1388 3372 1521 3426 licet
1547 3371 1643 3426 illa
1667 3372 1786 3426 Noe

155 3473 399 3529 ebrietas
443 3489 513 3527 ac
546 3469 786 3526 nudatio
817 3467 1156 3540 mysterium
1185 3464 1391 3523 Christi
1422 3464 1702 3536 passionis
1731 3468 1790 3519 et

156 3565 354 3622 mortis
391 3564 713 3631 contineat,
741 3567 939 3617 tamen
973 3561 1048 3616 ad
1079 3560 1333 3614 litteram
1366 3574 1621 3614 errorem
1652 3557 1788 3612 facti

156 3659 425 3715 insinuat.
450 3658 599 3714 Loth
621 3656 754 3712 vino
777 3654 1101 3726 crapulatus
1122 3653 1399 3707 incestum
1429 3651 1621 3705 intulit
1642 3651 1785 3705 filia-

156 3769 280 3808 rum
301 3750 600 3823 (Gen.x1x),
621 3766 727 3804 nec
748 3747 926 3804 sensit
945 3762 1233 3812 errorem;
1265 3745 1338 3799 de
1368 3759 1481 3815 quo
1501 3743 1786 3798 incentivo

155 3847 459 3903 concubitu
488 3845 804 3900 nascuntur
821 3840 1081 3897 Moabitae
1111 3842 1170 3892 et
1194 3837 1558 3892 Ammonitaz.
1591 3838 1660 3890 Et
1686 3838 1788 3892 Do-

161 3940 344 3996 minus
373 3939 515 3996 dicit
541 3955 556 3994 :
589 3937 843 3994 Moabitw
865 3939 916 3991 et
937 3934 1260 3990 Ammonitz
1286 3947 1392 3986 non
1416 3931 1701 3986 intrabunt
1726 3933 1788 3986 in

158 4035 444 4090 Ecclesium
463 4047 642 4088 meam
655 4045 823 4100 usque
839 4031 900 4084 in
919 4028 1183 4083 decimam
1200 4026 1592 4094 generationem
1609 4023 1784 4096 (Deut.

161 4126 326 4197 mn).
355 4125 518 4182 Senti
550 4126 834 4196 quantum
875 4121 948 4176 sit
985 4119 1262 4192 fugienda
1291 4117 1407 4172 vini
1442 4117 1694 4186 satietas,
1726 4120 1788 4172 ut

160 4219 330 4274 etiam
352 4216 696 4291 patriarchis
721 4214 972 4293 scandali
993 4216 1052 4267 et
1071 4213 1254 4283 culpae
1284 4227 1454 4266 causa
1482 4209 1782 4265 exstiterit.

163 4313 303 4382 Ergo
334 4315 393 4366 et
416 4312 581 4384 virgo
613 4326 740 4382 quin
766 4308 974 4364 virtute
1001 4304 1256 4377 corporis
1280 4303 1454 4376 viget,
1476 4303 1624 4358 bene
1651 4302 1788 4358 facit

163 4403 204 4456 si
228 4405 475 4460 'omnino
505 4420 564 4459 se
595 4419 630 4460 a
663 4402 794 4458 vino
820 4398 1178 4457 abstinuerit.
1217 4396 1532 4453 lnvalidam
1558 4411 1691 4451 vero
1731 4399 1788 4450 et

166 4495 506 4553 imbecillem
551 4513 657 4569 pro
699 4493 988 4551 medicina
1033 4492 1198 4549 decet
1227 4489 1309 4546 uti
1336 4489 1488 4559 vino,
1520 4506 1637 4546 non
1681 4505 1784 4562 pro

161 4591 518 4648 temulentia.

812 4670 1034 4726 CAPUT
1067 4670 1128 4724 X.

439 4724 712 4837 Quatenus
737 4724 1002 4834 uti—virgo
1045 4763 1258 4818 lavacro
1287 4760 1495 4816 debeat.

230 4868 439 4925 Balneo
471 4887 589 4926 non
616 4885 722 4941 pro
753 4866 942 4922 studio
970 4865 1068 4920 vel
1088 4863 1270 4919 nitore
1299 4863 1477 4918 utaris
1505 4861 1780 4933 corporis,

161 4962 252 5016 sed
281 4965 508 5020 tantum
532 4979 636 5036 pro
667 4959 928 5017 remedio
957 4957 1174 5014 salutis.
1203 4959 1392 5025 Utere,
1421 4956 1680 5028 inquam,
1705 4955 1785 5009 la-

161 5069 324 5110 vacro
352 5057 584 5127 quando
603 5053 789 5128 posuit
805 5051 1131 5122 infirmitas,
1152 5068 1269 5107 non
1293 5048 1525 5123 quando
1542 5047 1787 5104 suaserit

164 5147 438 5204 voluntas.
462 5150 625 5216 Quod
647 5148 804 5205 enim
833 5162 1064 5202 necesse
1093 5161 1210 5200 non
1231 5147 1337 5212 est,
1361 5143 1404 5198 si
1429 5143 1636 5215 egeris,
1660 5157 1786 5213 pec-

167 5239 333 5296 cabis.
367 5243 652 5316 Scriptum
687 5245 774 5297 est
801 5257 816 5296 :
843 5243 914 5296 Et
941 5241 1118 5294 carnis
1149 5253 1337 5294 curam
1362 5253 1429 5294 ne
1455 5237 1690 5305 feceritis
1727 5237 1786 5290 in

167 5338 594 5404 concupiscentiis
645 5335 814 5408 (Rom.
847 5333 1020 5404 xvm).
1051 5333 1199 5388 Cura
1236 5329 1423 5386 carnis
1450 5329 1686 5384 veniens
1716 5344 1788 5384 ex

169 5429 622 5500 concupiscentia
649 5428 896 5483 habetur
921 5427 981 5482 in
1003 5425 1168 5492 vitio;
1214 5440 1332 5479 non
1360 5439 1430 5478 ea
1461 5439 1590 5494 quae
1619 5420 1788 5476 saluti

169 5521 500 5588 reparandae
530 5521 814 5579 convenit.
847 5521 1210 5592 Quapropter
1236 5532 1352 5572 non
1387 5519 1441 5570 te
1479 5514 1678 5569 illiciat
1704 5515 1786 5570 la-

175 5625 300 5667 vare
319 5615 523 5686 sepius
543 5615 731 5671 carnis
743 5615 1028 5680 voluntas,
1049 5611 1150 5666 sed
1175 5607 1524 5665 inﬁrmitatis
1543 5607 1792 5679 imperet

179 5705 494 5765 necessitas.
534 5709 708 5766 Cares
746 5707 904 5764 enim
949 5706 1137 5778 culpa,
1165 5703 1210 5758 si
1243 5701 1399 5775 quod
1431 5715 1662 5758 necesse
1703 5702 1791 5755 est

180 5801 378 5868 egeris.

1888 3282 2072 3350 cendi,
2101 3298 2275 3353 quam
2311 3281 2518 3335 uberes
2554 3281 2837 3351 lacrymas
2877 3279 3161 3334 desiderio
3203 3279 3395 3352 sponsi
3426 3282 3515 3337 sui

1888 3373 2203 3448 effundere,
2229 3373 2414 3428 donec
2440 3372 2515 3427 ad
2540 3373 2872 3443 amplexum
2888 3371 3096 3428 Christi
3113 3373 3300 3426 valeat
3318 3387 3514 3444 perve-

1887 3469 2030 3535 nire,
2061 3469 2119 3520 et
2152 3449 2399 3520 ubertim
2425 3464 2564 3518 ﬂere
2597 3479 2712 3519 non
2743 3463 2987 3533 desinat,
3023 3480 3318 3534 usquequo
3349 3465 3508 3520 Chri-

1887 3563 2059 3626 stum,
2093 3575 2262 3631 quem
2293 3557 2488 3612 v1dere
2519 3556 2693 3628 cupit,
2723 3555 2987 3628 attingat.
3025 3555 3282 3626 Lugebat
3316 3556 3412 3612 ille
3450 3575 3509 3612 se

1887 3651 2258 3725 peregrinum
2295 3650 2353 3704 in
2383 3650 2488 3704 hac
2516 3649 2651 3716 vita,
2685 3649 2784 3720 qui
2813 3665 3061 3704 moerens
3095 3649 3320 3704 dicebat
3351 3666 3364 3705 :
3390 3652 3510 3706 Heu

1883 3748 2000 3801 me!
2022 3745 2166 3816 quod
2193 3745 2458 3799 incolatus
2482 3758 2630 3798 meus
2649 3740 3004 3814 prolongatus
3030 3747 3109 3797 est
3126 3759 3160 3796 a
3181 3758 3262 3797 me
3287 3743 3509 3813 (Psalm.

1887 3840 2051 3910 CXII).
2080 3839 2223 3892 Nam
2259 3837 2552 3892 exsultans
2579 3839 2632 3890 te
2664 3835 2906 3891 caelestis
2931 3852 3170 3908 sponsus
3205 3839 3264 3891 et
3295 3835 3506 3892 charis-

1886 3933 2044 3988 simis
2069 3930 2310 4004 excipiet
2327 3929 2699 4002 amplexibus,
2717 3928 2760 3984 si
2785 3933 2839 3984 te
2859 3928 2946 3984 sui
2967 3929 3246 3984 desiderio
3263 3929 3508 4002 ﬂagrare

1888 4024 2168 4092 didicerit,
2203 4025 2260 4079 et
2288 4023 2335 4078 si
2375 4023 2610 4079 absente
2642 4040 2710 4078 eo
2749 4023 2992 4092 ﬂeveris,
3026 4022 3118 4080 ille
3158 4026 3214 4078 te
3255 4041 3510 4097 praesens

1886 4117 2292 4175 consolabitur.

2513 4195 2736 4252 CAPUT
2773 4197 2879 4250 ΧΠ.

1957 4292 2200 4360 Qualiter
2221 4291 2518 4345 habeantur
2535 4289 2748 4344 ancilla:
2772 4291 3140 4358 virginitatem
3164 4293 3437 4360 professae.

1959 4396 2111 4462 Quas
2148 4395 2250 4451 tibi
2299 4395 2450 4464 fecit,
2483 4397 2583 4450 aut
2619 4393 2820 4448 fecerit
2869 4395 3103 4450 ancillas
3141 4395 3416 4463 conditio,
3457 4400 3516 4453 et

1886 4507 2111 4546 sorores
2135 4489 2436 4562 professio,
2453 4487 2578 4558 jam
2603 4503 2718 4541 non
2747 4503 2851 4558 pro
2883 4503 3030 4542 nexu
3057 4487 3344 4560 servitutis
3363 4491 3512 4545 exul-

1803 4575 1864 4648 D
1886 4599 2063 4651 ceres,
2081 4581 2179 4637 sed
2191 4598 2295 4653 pro
2306 4579 2549 4652 paritate
2562 4579 2934 4650 professionis
2944 4580 3357 4646 honores.Quee
3370 4599 3509 4654 ergo

1878 4679 2070 4731 tecum
2095 4673 2156 4730 in
2182 4672 2406 4730 Christo
2433 4671 2781 4743 virginitatis
2801 4671 3102 4744 stipendiis
3128 4672 3362 4742 militat,
3383 4676 3511 4747 pari

1880 4773 2069 4826 tecum
2095 4767 2360 4823 libertate
2386 4766 2646 4820 exsultat.
2674 4765 2787 4820 Nec
2815 4765 2892 4820 sic
2920 4782 3016 4822 vos
3037 4783 3417 4838 provocamus
3437 4769 3512 4823 ad

1879 4861 2285 4929 humilitatem,
2313 4863 2377 4915 ut
2401 4860 2526 4914 illas
2549 4857 2815 4930 superbia
2843 4858 3131 4931 erigamus
3159 4877 3172 4914 :
3204 4876 3345 4932 quas
3371 4860 3508 4916 dum

1881 4960 1944 5012 tu
1975 4955 2182 5028 accipis
2207 4957 2270 5009 ut
2297 4970 2542 5024 sorores,
2575 4951 2793 5024 gratius
2825 4952 2937 5008 illa:
2968 4952 3069 5008 tibi
3106 4953 3219 5008 sint
3257 4954 3508 5023 famulas,

1882 5050 2291 5124 praeheantque
2317 5045 2656 5118 obsequium
2685 5062 2802 5101 non
2825 5045 3095 5101 servitute
3121 5045 3382 5115 addictis,
3410 5049 3510 5103 sed

1883 5143 2080 5200 liberae
2111 5141 2409 5198 charitate.
2444 5139 2728 5205 Quoniam
2761 5139 2996 5210 quidem
3023 5155 3128 5195 non
3152 5145 3230 5195 est
3244 5156 3511 5211 persona-

1881 5253 2006 5294 rum
2041 5237 2274 5306 acceptio
2309 5233 2460 5305 apud
2483 5235 2781 5290 Dominum
2817 5233 3030 5304 (Ephes.
3064 5232 3160 5304 v1),
3189 5233 3420 5301 scilicet,
3454 5233 3513 5290 in

1886 5328 2284 5386 distribuenda
2312 5327 2448 5396 ﬁde,
2473 5325 2570 5381 ubi
2592 5325 2809 5398 pariter
2837 5325 3152 5382 consulitur
3179 5326 3430 5384 domina:
3456 5333 3516 5383 et

1885 5423 2128 5490 ancillae,
2159 5421 2256 5476 ubi
2287 5437 2404 5476 non
2433 5419 2664 5490 eligitur
2689 5419 2946 5487 domina,
2975 5423 3033 5474 et
3058 5420 3400 5492 reprobatur
3420 5438 3515 5476 an-

1886 5517 2035 5584 cilla,
2066 5514 2364 5587 aequaliter
2401 5512 2724 5585 baptizatos,
2757 5512 2924 5568 simul
2963 5513 3170 5570 Christi
3219 5531 3423 5586 corpus
3459 5518 3516 5568 et

1887 5609 2232 5681 sanguinem
2259 5611 2514 5662 sumunt.
2543 5608 2688 5662 Nam
2714 5609 2772 5660 et
2795 5605 3133 5678 patriarchas
3161 5605 3298 5660 dum
3323 5609 3512 5660 essent

1889 5699 2252 5769 sanctissimi,
2275 5703 2556 5772 quantum
2579 5699 2652 5755 ad
2672 5716 2764 5754 res
2781 5703 3040 5755 terrenas
3060 5703 3117 5754 et
3142 5699 3510 5770 temporales,

1891 5793 2294 5850 discernebant
2310 5792 2461 5848 inter
2477 5805 2670 5849 servos
2689 5795 2750 5848 et
2771 5791 2918 5848 filios
2940 5809 2954 5847 :
2975 5792 3101 5848 illos
3121 5789 3386 5855 females,
3407 5789 3512 5844 hos

1891 5885 2156 5944 dominos
2173 5885 2540 5960 judicabant;
2570 5885 2728 5960 quod
2753 5901 2887 5942 vero
2913 5883 2986 5940 ad
3015 5883 3134 5956 spei
3168 5883 3370 5936 future
3391 5895 3514 5936 mu-
