4022 6428
514 410 615 464 887
1466 402 1699 456 SANCTI
1737 398 2060 463 LEANDRI,
2107 397 2532 451 HISPALENSIS
2571 395 2896 458 EPISCOPI,
3822 381 3916 432 888

519 534 624 570 nus
655 513 850 577 atinet,
883 528 948 564 ex
970 525 1133 579 aequo
1161 509 1289 561 ﬁliis
1311 512 1369 560 et
1400 507 1716 561 vernaculis
1742 504 2134 572 consulebant,
2163 515 2218 587 Α
2238 503 2449 556 iterum
2492 502 2562 556 ad
2593 500 2770 554 filiam
2811 498 2942 554 Saul
2975 496 3113 548 dicit
3145 497 3220 554 (II
3247 495 3380 558 Reg.
3417 492 3498 554 γι)
3529 507 3548 542 :
3593 487 3752 541 Vilis
3784 488 3917 538 ince-

523 623 664 678 quos
695 621 806 658 una
831 601 1254 656 circumcisione
1284 600 1607 670 signabant.

2267 599 2381 658 iam,
2410 601 2461 649 et
2488 595 2612 648 vilis
2638 592 2908 663 apparebo
2937 594 3064 644 ante
3108 591 3279 642 Deum
3330 585 3434 653 qui
3479 581 3668 650 elegit
3693 593 3804 638 me,
3829 593 3917 646 po-

1128 721 1348 776 CAPUT
1383 721 1516 774 x111,
2234 692 2340 743 tius
2365 702 2531 757 quam
2546 691 2756 755 patrem
2784 689 2938 736 tuum
2960 681 3179 749 (PsaIm.
3217 677 3408 744 cxvu).
3435 671 3754 729 Similiter
3774 669 3916 724 idem

633 823 706 873 De
734 817 1047 872 discretione
1072 815 1294 867 senioris
1321 827 1447 878 erga
1469 824 1720 880 personas
1746 810 2008 875 singulas.

2267 781 2370 834 .icit
2411 797 2424 833 :
2465 778 2651 832 Incola
2695 791 2787 844 ego
2838 790 2957 830 sum
2988 776 3047 827 in
3080 777 3230 825 terra
3275 774 3328 823 et
3369 768 3760 838 peregrinus,
3794 765 3920 815 sicut

2519 876 2528 880 .
2735 871 2744 880 ι
2788 869 2829 880 ιιι-ι
3010 865 3020 875 ο
3208 879 3219 880 γ
3316 877 3385 880 ηκᾼ
3409 874 3594 880 ----...
3638 855 3916 880 ,1-1ληιηι..

2236 887 2410 927 omnes
2429 876 2614 940 patres
2640 871 2761 922 mei.
2788 865 3054 922 Terrenis
3090 879 3230 933 ergo
3271 874 3601 930 nunquam
3635 855 3921 910 delectata

2239 966 2426 1030 rebus,
2460 961 2686 1016 etiamsi
2725 977 2784 1014 se
2824 959 2953 1012 vita:
2981 955 3294 1011 commoda
3324 953 3655 1023 ingerant,
3689 964 3812 1002 non
3849 949 3922 1000 eis

2239 1057 2430 1110 animo
2450 1053 2733 1119 innitaris,
2759 1069 2864 1105 nec
2891 1051 2962 1105 de
2995 1047 3308 1103 mundanis
3335 1045 3623 1117 gaudeas
3645 1041 3852 1107 lucris;
3873 1045 3922 1094 et

2244 1167 2356 1202 non
2392 1144 2814 1201 contristaberis
2853 1142 3100 1197 damnis.
3149 1139 3384 1194 Etenim
3440 1137 3756 1206 scriptum
3797 1138 3918 1188 est:

2243 1244 2454 1296 Divitiae
2493 1242 2542 1294 si
2587 1241 2842 1306 afﬂuant,
2882 1237 3049 1290 nolite
3092 1249 3182 1288 cor
3219 1246 3509 1302 apponere
3555 1229 3799 1299 (Psalm.
3840 1241 3919 1288 ui.

2242 1338 2382 1390 Cum
2410 1348 2606 1387 amore
2639 1331 2796 1384 enim
2827 1344 3093 1400 possessa
3119 1342 3254 1380 cum
3291 1324 3506 1378 dolore
3557 1321 3796 1376 utentis
3832 1335 3920 1388 pe-

2244 1430 2443 1492 reunt;
2464 1429 2522 1478 et
2541 1423 2674 1477 inde
2697 1423 2956 1476 tribulari
2978 1434 3338 1490 quemquam
3361 1431 3628 1470 necesse
3649 1417 3762 1480 est,
3784 1413 3924 1466 unde

2245 1517 2550 1573 carnaliter
2581 1514 2814 1586 gaudet.
2836 1515 2916 1568 Tu
2947 1513 3020 1568 ad
3061 1513 3245 1566 instar
3273 1509 3542 1564 caelestis
3589 1506 3802 1577 sponsi
3831 1507 3921 1559 ho-

2249 1611 2440 1666 norari
2468 1609 2526 1663 in
2555 1609 2760 1662 saeculo
2792 1607 3046 1677 fuge.Ne
3067 1604 3209 1658 velis
3231 1603 3304 1657 ab
3333 1602 3469 1656 aliis
3505 1601 3662 1669 dici,
3691 1602 3794 1653 aut
3813 1614 3922 1652 esse

2248 1703 2554 1775 prtelatior,
2587 1716 2714 1771 quas
2741 1699 2885 1769 legis
2919 1715 2931 1752 ε
2967 1698 3027 1752 Si
3053 1700 3175 1766 quis
3204 1697 3326 1750 vult
3351 1697 3509 1749 inter
3541 1709 3650 1748 vos
3672 1707 3792 1746 esse
3815 1708 3923 1745 ma-

2239 1797 2352 1864 jor,
2393 1797 2463 1848 sit
2499 1797 2671 1847 vester
2709 1806 2894 1846 servus
2933 1790 3156 1860 (Matth.
3187 1789 3300 1857 xx),
3343 1787 3652 1858 quoniam
3699 1789 3762 1838 et
3817 1785 3923 1854 ipse

2171 1874 2226 1944 B
2251 1887 2508 1942 Salvator
2547 1885 2685 1938 dum
2712 1901 2745 1937 a
2773 1883 2956 1937 turbis
2989 1886 3051 1935 ut
3088 1897 3189 1934 rex
3218 1881 3394 1933 fieret
3422 1881 3925 1949 qumreretur,se~

2252 1981 2436 2050 ipsum
2457 1976 2772 2032 abscondit.
2795 1974 3100 2039 Quomodo
3120 1973 3284 2026 enim
3303 1973 3378 2026 ab
3396 1971 3667 2026 homine
3689 1986 3922 2040 regnum

2253 2069 2662 2142 acciperet,cui
2678 2085 2810 2122 cum
2830 2069 2998 2122 Patre
3020 2081 3272 2136 regnum
3295 2068 3684 2135 perpetuum
3707 2062 3923 2116 manet?

2255 2165 2368 2218 Sed
2389 2163 2524 2234 quia
2540 2163 2778 2215 venerat
2804 2160 3011 2214 docere
3039 2158 3468 2222 humilitatem,
3493 2156 3826 2212 hominum
3847 2155 3925 2208 de-

2257 2255 2484 2310 clinavit
2515 2255 2816 2307 honorem.
2856 2255 2918 2305 ln
2959 2251 3150 2304 forma
3180 2250 3343 2304 enim
3391 2250 3507 2304 Dei
3541 2266 3812 2303 manens
3849 2265 3922 2301 se-

2258 2348 2565 2418 metipsum
2595 2362 2698 2416 pro
2724 2344 2889 2398 nobis
2919 2343 3245 2396 humiliavit
3271 2342 3442 2410 (Phil.
3466 2343 3534 2404 ιι)
3559 2361 3576 2406 ;
3615 2345 3680 2396 et
3709 2343 3801 2396 cui
3829 2358 3922 2395 co:—

2259 2440 2416 2494 lestia
2458 2437 2710 2491 serviunt
2745 2453 2809 2490 ac
2847 2435 3164 2499 terrestria,
3197 2450 3304 2504 pro
3337 2435 3714 2488 mortalibus
3759 2436 3925 2488 factus

2260 2535 2344 2586 cst
2370 2546 2608 2602 pauper,
2639 2532 2700 2583 ut
2737 2529 2861 2598 ejus
2893 2526 3089 2598 inopia
3121 2543 3228 2580 nos
3264 2526 3638 2582 ditaremur.
3677 2529 3762 2582 Tu
3804 2544 3923 2596 ergo

2260 2623 2454 2678 insiste
2492 2619 2762 2690 vestigiis,
2795 2619 3001 2690 quibus
3032 2618 3330 2688 praecessit
3363 2635 3674 2688 sponsus;
3711 2623 3772 2675 et
3809 2637 3920 2690 pas-

2261 2716 2414 2770 sibus
2439 2713 2740 2769 indefessis
2765 2713 2972 2766 ducem
3012 2727 3257 2782 sequere
3294 2712 3614 2766 caelestem
3655 2730 3670 2766 :
3705 2729 3782 2767 ne
3808 2713 3926 2768 dum

2261 2808 2424 2863 factis
2451 2807 2564 2860 suis
2589 2805 2795 2878 probat
2825 2821 2948 2858 esse
2979 2803 3344 2872 dissimilem,
3376 2803 3441 2858 in
3477 2806 3829 2861 etelestibus
3853 2823 3924 2860 re-

2264 2900 2389 2972 gnis
2414 2899 2558 2954 nolit
2595 2898 2810 2952 habere
2843 2900 3194 2952 consortem.
3227 2896 3474 2952 Etenim
3517 2899 3645 2953 ista
3678 2899 3925 2964 dicimus,

2264 2997 2326 3046 ut
2349 2991 2752 3064 parvipendas,
2775 2993 2875 3044 aut
2896 3006 2968 3043 ne
2995 3005 3102 3060 pro
3134 3005 3358 3060 magno
3387 2992 3611 3062 cupias
3645 2993 3810 3047 lucra
3828 2997 3924 3046 ter-

2265 3101 2432 3150 rena;
2465 3085 2554 3137 vel
2588 3099 2661 3137 ne
2688 3082 2935 3136 aestimes
2965 3097 3234 3152 magnos,
3268 3098 3417 3153 quos
3445 3084 3515 3138 in
3560 3087 3782 3140 saeculo
3811 3102 3926 3157 pro-

2266 3177 2430 3248 spicis
2470 3176 2688 3231 divites.
2729 3174 2894 3240 Quod
2924 3174 3080 3228 enim
3117 3175 3339 3230 habere
3377 3182 3654 3247 possunt
3695 3183 3757 3233 et
3789 3179 3925 3240 mali,

2265 3269 2510 3324 libenter
2534 3269 2750 3322 debent
2777 3269 3156 3322 contemnere
3194 3267 3361 3322 boni.
3410 3271 3536 3325 Dat
3569 3273 3742 3326 enim
3781 3272 3928 3327 malis

2266 3365 2414 3416 Deus
2439 3361 2778 3432 temporales
2805 3360 3048 3426 divitias,
3078 3359 3289 3430 quibus
3315 3367 3512 3432 negat
3545 3368 3824 3432 aeternas,
3846 3365 3928 3418 dat

2267 3472 2364 3510 eas
2389 3458 2542 3509 certe
2570 3456 2628 3507 et
2650 3453 2836 3519 bonis,
2860 3453 2962 3506 sed
2991 3471 3138 3525 quos
3168 3454 3334 3510 novit
3351 3473 3484 3510 non
3515 3459 3854 3530 superbisse
3874 3474 3927 3510 ex

2269 3547 2368 3601 eis.
2386 3547 2523 3601 Boni
2545 3546 2792 3618 propitio
2815 3547 2934 3600 Deo
2955 3547 3344 3615 fiuntdivites,
3359 3551 3642 3622 propitio
3662 3553 3782 3606 Deo
3805 3553 3928 3605 fiunt

2271 3656 2550 3710 pauperes
2583 3655 2596 3693 :
2626 3638 2684 3692 in
2716 3642 2960 3709 utroque
2987 3642 3103 3694 Deo
3130 3641 3353 3711 gratias
3380 3647 3607 3713 agunt,
3633 3645 3738 3716 qui
3757 3645 3928 3699 volun-

2269 3737 2448 3787 tatem
2473 3732 2572 3786 Dei
2599 3731 2846 3786 libenter
2868 3733 3176 3804 accipiunt.
3203 3734 3367 3788 Malis
3389 3737 3655 3806 quando
3683 3739 3925 3793 tribuun-

2271 3829 2364 3879 tur
2384 3824 2613 3891 divitiae,
2633 3825 2934 3895 poenaliter
2951 3825 3312 3894 tribuuntur,
3335 3831 3402 3881 ut
3419 3831 3598 3884 male
3619 3831 3696 3886 de
3718 3831 3798 3886 eis
3814 3846 3927 3902 gau-

2273 3917 2473 3983 deant;
2507 3920 2566 3970 et
2594 3917 2825 3987 quando
2855 3905 3297 3987 subtrahuntur,
3321 3923 3664 3990 pcenaliter
3685 3925 3930 3980 auferun-

2273 4015 2384 4078 tur,
2403 4013 2465 4063 ut
2484 4011 2630 4063 male
2651 4009 2722 4063 de
2741 4009 2822 4063 eis
2843 4010 3099 4076 doleant,
3115 4016 3366 4082 utraque
3376 4014 3554 4084 justo
3576 4018 3656 4072 ad
3677 4017 3924 4089 gloriam:

2273 4107 2510 4174 utraque
2539 4102 2716 4173 impio
2739 4102 2814 4156 ad
2841 4102 3182 4158 vindictam.
3217 4105 3368 4168 Quid
3398 4109 3481 4162 ad
3505 4112 3594 4178 te,
3617 4127 3752 4181 quae
3773 4110 3927 4165 habes

2275 4195 2550 4266 Regulam
2564 4210 2737 4265 quam
2756 4195 3045 4266 sequaris?
3063 4195 3487 4266 Virginitatem
3511 4202 3725 4274 itaque
3748 4206 3805 4256 et
3815 4217 3930 4272 pau-

2275 4291 2555 4359 pertatem
2583 4287 2769 4342 Mariae
2790 4288 3050 4359 prospice
3075 4305 3088 4342 :
3114 4305 3245 4360 quin
3265 4293 3395 4344 tam
3418 4293 3594 4349 dives
3619 4296 3682 4350 in
3706 4297 3926 4351 Domino

2275 4381 2401 4450 fuit,
2425 4382 2488 4433 ut
2515 4383 2702 4434 mater
2720 4380 2946 4435 Domini
2966 4396 3090 4436 esse
3117 4387 3478 4454 mereretur,
3500 4391 3567 4442 et
3587 4392 3760 4443 tanto
3781 4389 3928 4442 rebus

2274 4473 2642 4544 paupercula,
2675 4475 2738 4526 ut
2773 4475 2972 4544 partus
2997 4476 3264 4545 tempore
3298 4493 3414 4531 nec
3447 4479 3809 4546 obstetricis,
3842 4495 3928 4534 nec

2194 4581 2256 4654 D
2279 4566 2500 4622 ancillas
2526 4568 2782 4620 uteretur
2806 4565 3027 4632 solatio,
3055 4566 3244 4638 ipsum
3273 4585 3528 4643 quoque
3561 4574 3926 4629 diversorium

2279 4664 2394 4713 tam
2418 4659 2746 4729 angustum,
2763 4661 2830 4712 ut
2849 4675 3110 4730 praesepe
3136 4668 3478 4718 assumeret
3506 4681 3624 4736 pro
3645 4667 3926 4722 cunabulo.

630 4753 789 4816 Nunc
816 4759 888 4814 ad
919 4763 974 4813 te
1017 4757 1306 4828 loquendo
1342 4757 1614 4820 revertar,
1644 4769 1803 4808 soror
1832 4753 2179 4819 Florentina,
2281 4751 2386 4807 Sed
2419 4755 2475 4804 et
2499 4750 2726 4820 Joseph,
2759 4751 2847 4804 cui
2876 4751 3068 4805 fuerat
3093 4751 3482 4824 desponsata,
3521 4775 3666 4814 eum
3695 4763 3839 4814 esset
3859 4759 3928 4826 ju-

561 4870 667 4926 pro
699 4869 811 4924 qua
837 4869 930 4907 me
957 4848 1261 4906 familiaris
1289 4863 1424 4902 cura
1450 4845 1734 4900 sollicitat.
1765 4847 1967 4900 Hortor
1987 4846 2180 4916 itaque
2281 4847 2418 4910 stus,
2440 4845 2565 4897 erat
2586 4845 2782 4897 tamen
2810 4846 2868 4897 et
2890 4859 3134 4915 pauper,
3158 4844 3244 4900 ita
3265 4851 3328 4902 ut
3343 4847 3582 4906 victum
3607 4857 3669 4907 et
3687 4853 3923 4908 vestitum

564 4942 847 5012 aequalem
871 4943 925 4993 te
953 4942 1011 4992 et
1035 4936 1383 4991 uniformem
1410 4934 1623 4988 habere
1651 4950 1880 5004 semper
1903 4934 2180 5000 animum,
2283 4935 2521 4992 artiﬁcio
2551 4940 2852 5006 quaereret.
2889 4937 3054 4991 Certe
3096 4937 3264 4992 faber
3303 4940 3611 5000 ferrarius
3652 4946 3825 5000 fuisse
3864 4945 3924 4996 ιε.

565 5038 626 5087 ut
644 5049 751 5087 nec
781 5031 1122 5087 adversitate
1150 5027 1453 5098 frangaris,
1477 5042 1604 5096 quae
1635 5025 1968 5096 patientiam
1999 5029 2056 5079 et
2083 5043 2180 5095 pe-
2285 5029 2457 5099 gitur.
2485 5027 2669 5082 Habes
2695 5029 2974 5100 exempla,
3004 5045 3284 5086 normam
3314 5049 3606 5105 sequere,
3631 5055 3707 5093 ne
3740 5042 3792 5092 te
3819 5036 3926 5090 γριίς

567 5125 792 5179 nuriam
820 5123 923 5178 Job
967 5121 1146 5192 sapis;
1197 5137 1302 5174 nec
1341 5118 1577 5173 eleveris
1615 5117 2012 5188 prosperitate,
2059 5134 2185 5188 quae
2285 5120 2610 5176 divitiarum
2637 5121 2904 5190 periculis
2923 5123 3312 5178 committere.
3339 5126 3638 5191 Quoniam
3656 5134 3752 5200 qui
3769 5131 3927 5184 volunt

565 5216 916 5287 patriarchas
942 5215 1142 5268 divites
1161 5213 1383 5284 opibus,
1407 5211 1508 5264 sed
1529 5211 1776 5266 humiles
1799 5210 1994 5266 animo
2014 5211 2187 5266 fuisse
2285 5215 2474 5269 divites
2509 5216 2646 5283 ﬁeri,
2675 5215 2929 5268 incidunt
2951 5217 3012 5269 in
3036 5220 3399 5274 tentationem
3435 5227 3493 5276 et
3541 5225 3799 5294 laqueum
3828 5222 3923 5276 dia-

565 5307 727 5376 legis.
755 5307 930 5361 Beata
959 5305 1114 5360 enim
1145 5305 1274 5374 eris,
1297 5304 1344 5358 si
1363 5307 1421 5358 et
1446 5303 1506 5357 in
1536 5303 1788 5358 adversis
1818 5307 1875 5356 et
1903 5303 2188 5373 prosperis
2288 5307 2395 5361 boli
2421 5305 2467 5375 (I
2495 5308 2630 5359 Tim.
2653 5306 2749 5374 v1),
2769 5309 2828 5359 et
2849 5305 3136 5361 desideria
3167 5311 3360 5364 multa
3384 5312 3635 5370 inutilia
3657 5322 3717 5370 et,
3735 5315 3924 5373 nociva,

569 5415 799 5468 semper
827 5399 944 5452 Deo
972 5397 1185 5467 gratias
1212 5395 1428 5467 egeris;
1463 5398 1520 5450 et
1555 5395 1684 5449 vitae
1712 5395 1873 5448 istius
1911 5395 2190 5466 prosperi-
2288 5415 2413 5469 quae
2431 5402 2700 5469 mergunt
2713 5397 3014 5453 hominem
3030 5399 3094 5454 in
3111 5399 3611 5462 interitum.lllas
3629 5425 3739 5463 ase
3753 5408 3924 5478 sponte

568 5493 747 5546 tatem
774 5490 995 5543 fumum
1022 5505 1408 5560 vaporemque
1432 5488 1584 5542 illico
1610 5491 2042 5542 evanescentem
2063 5504 2186 5542 cre-
2289 5491 2575 5555 auferunt,
2609 5491 2816 5560 quibus
2843 5491 2903 5545 in
2926 5491 3176 5548 Domino
3204 5493 3461 5552 devotus
3495 5505 3590 5554 est
3617 5502 3853 5556 animus.
3879 5497 3923 5549 Et

567 5581 796 5638 dideris.
848 5581 1021 5636 David
1074 5585 1226 5636 certe
1275 5581 1574 5651 regnabat,
1612 5585 1670 5636 et
1711 5597 1843 5635 cum
1871 5580 2191 5636 abundaret
2285 5585 2628 5654 plerumque
2655 5586 3086 5654 contemptores
3112 5601 3248 5640 suos
3277 5591 3478 5661 magis
3506 5595 3796 5665 appetunt
3820 5589 3923 5645 divi

563 5675 866 5740 thesauris,
891 5690 954 5728 ac
979 5689 1156 5728 manu
1181 5672 1315 5727 forti
1344 5672 1580 5728 inﬁnitis
1605 5673 1830 5744 populis
1859 5673 2186 5744 imperaret,
2287 5677 2401 5743 tias,
2433 5691 2606 5746 quam
2635 5691 2927 5746 sequaces.
2951 5677 3206 5743 Quaerite,
3247 5679 3472 5752 inquit,
3506 5703 3742 5754 regnum
3765 5688 3864 5744 Dei,
3888 5684 3922 5733 et

569 5768 848 5822 humilem
887 5782 948 5820 se
975 5764 1149 5830 canit,
1181 5767 1238 5816 et
1277 5763 1413 5818 dicit
1441 5781 1454 5818 :
1481 5767 1694 5835 Pauper
1721 5779 1840 5820 sum
1875 5780 1988 5833 ego,
2031 5771 2082 5821 et
2129 5769 2190 5820 in
2290 5769 2396 5823 hac
2419 5770 2598 5824 omnia
2625 5773 2965 5838 opponentur
2992 5770 3144 5824 vobis
3179 5773 3407 5830 (Matth.
3443 5780 3550 5844 vi).

565 5861 834 5914 laboribus
865 5874 899 5911 a
929 5858 1210 5924 juventute
1246 5871 1365 5910 mea
1412 5856 1626 5916 (Psalm.
1656 5858 1916 5925 anvu).
1951 5858 2019 5911 Et
2064 5857 2186 5928 ipse

591 927 756 994 Quod
773 925 1008 997 quidem
1025 923 1126 978 sub
1142 939 1253 976 una
1271 921 1624 992 professione
1639 917 2004 972 manentibus
2020 932 2137 970 om-

524 1023 617 1077 nia
643 1023 812 1074 erunt
831 1015 1158 1072 communia
1184 1014 1468 1080 omnibus,
1496 1027 1695 1065 verum
1721 1013 1824 1075 est,
1849 1014 1907 1063 et
1931 1009 2140 1078 legitur

521 1115 658 1184 (Act.
686 1111 760 1180 IV)
797 1127 808 1164 :
841 1109 1070 1175 scilicet,
1104 1107 1146 1161 si
1179 1122 1382 1160 onmes
1402 1103 1698 1176 aequaliter
1724 1102 1965 1156 valeant.
1989 1101 2140 1152 Atta-

520 1221 651 1260 men
680 1205 917 1258 interest
941 1201 1208 1272 quzedam
1239 1197 1502 1253 discretio
1525 1195 1764 1250 senioris
1791 1191 2141 1265 providentis

523 1297 659 1368 quid
687 1310 1046 1366 unaquaeque
1083 1291 1284 1362 poscit.
1315 1290 1404 1344 Sic
1442 1289 1598 1342 enim
1632 1285 2002 1340 dividendum
2035 1286 2140 1348 est,

524 1392 692 1460 prout
721 1387 1025 1456 unicuique
1062 1400 1204 1454 opus
1247 1386 1351 1436 est.
1386 1381 1524 1446 Quae
1555 1379 1736 1450 potuit
1780 1375 2055 1430 honorari
2084 1374 2140 1428 in

523 1480 760 1544 mundo,
785 1483 843 1534 et
863 1478 1017 1532 dives
1037 1476 1146 1531 fuit
1170 1475 1228 1528 in
1255 1474 1482 1538 saeculo,
1506 1471 1770 1526 blandius
1793 1467 2040 1523 fovenda
2061 1470 2146 1520 est

524 1575 582 1628 in
604 1571 982 1638 monasterio;
1005 1573 1063 1623 et
1082 1585 1208 1639 quae
1229 1566 1460 1636 reliquit
1481 1564 1538 1618 in
1561 1563 1764 1618 saeculo
1785 1565 2002 1616 vestem
2025 1574 2146 1630 pre-

527 1666 750 1732 tiosam,
769 1663 1067 1718 cultiorem
1096 1660 1154 1714 in
1186 1657 1535 1714 monasterio
1557 1658 1830 1708 meretur.
1856 1653 1991 1717 Quae
2012 1668 2145 1706 vero

525 1759 626 1814 sub
653 1756 893 1828 penuria
920 1753 1056 1807 vixit
1090 1753 1150 1806 in
1181 1751 1406 1817 saeculo,
1440 1752 1497 1803 et
1521 1749 1856 1818 tegumento
1885 1744 2146 1814 victuque

529 1850 704 1922 eguit,
729 1851 888 1919 grate
918 1847 1066 1901 ferat
1087 1845 1147 1900 in
1175 1841 1524 1898 monasterio
1548 1857 1652 1894 nec
1671 1840 1880 1908 algeat,
1903 1853 2008 1890 nec
2028 1853 2151 1890 esu-

530 1943 656 2009 riat,
678 1957 782 1996 nec
801 1943 1140 2005 murmuret,
1161 1935 1204 1989 si
1225 1951 1292 1990 ea
1311 1935 1588 1988 tractetur
1614 1928 2003 2000 indulgentius
2025 1944 2150 1999 quae

540 2034 674 2088 vixit
691 2033 751 2086 in
776 2033 977 2086 saaculo
1005 2027 1321 2084 delicatius.
1341 2027 1483 2080 Nam
1515 2024 1560 2078 si
1591 2025 1762 2094 prout
1789 2021 1992 2092 cuique
2015 2036 2154 2090 opus

531 2130 617 2181 est
648 2141 765 2180 non
805 2121 1094 2187 dividitur,
1137 2121 1202 2172 ﬁt
1245 2117 1492 2188 superba
1521 2117 1579 2170 in
1622 2112 1996 2178 monasterio,
2026 2129 2154 2182 quae

533 2218 642 2273 fuit
663 2216 786 2270 vilis
816 2215 874 2270 in
904 2213 1149 2278 mundo;
1190 2214 1247 2265 et
1282 2226 1408 2280 quin
1449 2211 1573 2263 erat
1607 2208 1808 2278 potens
1839 2205 1896 2258 in
1928 2205 2153 2269 sazculo,

535 2308 870 2364 humiliatur
891 2307 947 2360 in
975 2303 1342 2359 monasterio.
1375 2301 1463 2356 Sic
1493 2299 1632 2371 agit,
1657 2297 1752 2369 qui
1776 2297 2016 2351 discrete
2040 2312 2154 2350 non

536 2402 700 2472 sapit,
722 2403 786 2454 ut
816 2397 1106 2470 superbire
1146 2395 1316 2450 faciat
1343 2410 1410 2447 ex
1437 2393 1534 2446 vili
1557 2408 1728 2446 censu
1759 2405 2078 2454 conversas,
2102 2391 2160 2441 et

540 2495 736 2549 dolore
753 2491 1012 2546 stimulas
1027 2489 1268 2544 honesto
1288 2486 1414 2541 loco
1437 2488 1618 2539 natas.
1638 2485 1706 2537 Et
1722 2483 1768 2536 si
1783 2481 1992 2536 sufficit
2005 2479 2158 2534 unde

540 2585 806 2641 omnibus
847 2583 1134 2638 tribuatur
1167 2578 1482 2651 aequaliter,
1517 2575 1675 2630 nulla
1705 2578 1790 2629 est
1818 2573 1969 2627 unde
1999 2588 2156 2626 mur-

540 2681 730 2734 muret
750 2696 764 2734 :
789 2675 1064 2748 quoniam
1085 2671 1349 2728 discretio
1367 2659 1840 2725 seniorisidividet
1855 2664 2160 2735 unicuique

489 2819 502 2828 .
539 2773 708 2843 prout
736 2785 878 2840 opus
913 2771 1016 2822 est.
1044 2765 1158 2822 Sed
1195 2764 1334 2818 dicis
1365 2780 1378 2818 :
1411 2763 1552 2816 Cum
1595 2775 1868 2815 conversa
1917 2761 2019 2824 est,
2053 2755 2162 2810 nisi

539 2867 602 2918 ut
627 2863 728 2918 ﬂat
747 2859 978 2916 humilis
1003 2875 1067 2914 ex
1095 2855 1372 2929 potente?
1399 2855 1458 2910 Si
1481 2870 1620 2924 ergo
1643 2853 1752 2906 ista
1772 2868 1837 2905 ex
1858 2850 2067 2920 inclyta
2089 2848 2164 2902 ad

541 2953 927 3010 humilitatem
957 2949 1271 3015 descendit,
1293 2948 1390 3002 illa
1421 2965 1488 3000 ex
1512 2960 1762 3016 paupere
1792 2941 1946 3014 quod
1975 2940 2160 2994 humi-

542 3048 776 3102 liaretur
796 3061 914 3098 non
933 3042 1152 3108 habuit,
1169 3039 1405 3095 forsitan
1429 3039 1474 3092 si
1495 3035 1768 3108 superbit.
1792 3033 2049 3090 Charitas
2071 3049 2165 3086 au-

543 3145 661 3194 tem
679 3135 876 3192 omnia
889 3136 1197 3204 temperat,
1219 3136 1386 3202 atque
1403 3131 1475 3184 ad
1493 3128 1762 3183 eumdem
1781 3127 1934 3198 pacis
1953 3129 2167 3196 pertra-

545 3231 631 3286 hit
657 3229 930 3294 limitem;
960 3231 1022 3280 ut
1050 3242 1154 3280 nec
1177 3225 1272 3305 illa
1293 3223 1540 3288 inﬂetur,
1565 3237 1689 3292 quae
1717 3218 1946 3290 reliquit
1968 3221 2166 3288 poten-
2185 3225 2240 3298 ρ

549 3325 715 3388 tiam;
741 3337 846 3375 nec
866 3320 960 3374 illa
976 3320 1295 3388 frangatur;
1315 3331 1441 3386 quae
1462 3313 1569 3368 fuit
1585 3328 1818 3384 pauper,
1835 3312 1919 3364 vel
1939 3309 2162 3365 ancilla.

545 3414 856 3471 Laudande
881 3415 1076 3466 tamen
1104 3413 1189 3463 est
1217 3408 1428 3474 senior,
1454 3406 1500 3460 si
1520 3405 1759 3460 discrete
1781 3420 1908 3458 cum
1932 3401 2168 3472 singulis

548 3525 605 3562 se
641 3505 898 3579 gesserit,
933 3508 991 3558 et
1023 3502 1328 3572 unicuique
1372 3501 1543 3570 prout
1573 3515 1714 3569 opus
1750 3499 1852 3562 est,
1893 3495 2166 3550 diviserit.

548 3603 655 3656 Ista
677 3599 790 3654 sint
813 3597 965 3652 dicta
991 3596 1062 3650 de
1091 3597 1265 3661 veste,
1300 3593 1445 3660 cibo,
1469 3594 1628 3662 potu,
1655 3590 1743 3644 vel
1769 3605 1942 3660 opere
1964 3604 2066 3658 pro
2087 3587 2170 3640 in-

551 3692 749 3747 validis
777 3707 842 3744 ae
867 3687 1140 3754 delicatis,
1173 3690 1236 3740 ut
1264 3701 1394 3756 qua:
1425 3683 1618 3738 durius
1645 3683 1793 3736 ferre
1826 3698 1941 3735 non
1961 3682 2168 3751 potest,

551 3786 822 3838 tractetur
846 3781 1050 3835 lenius.
1077 3780 1360 3833 Caeterum
1387 3776 1432 3829 si
1461 3775 1611 3829 circa
1636 3791 1731 3828 eas
1753 3790 1879 3844 quas
1905 3773 2052 3827 ferre
2075 3788 2172 3842 po-

552 3875 786 3942 tuerint,
813 3875 1035 3928 factura
1066 3875 1152 3924 est
1185 3868 1378 3923 senior
1415 3869 1588 3938 prout
1620 3865 1841 3931 viderit,
1875 3867 1932 3918 et
1967 3864 2172 3935 quibus

552 3966 794 4022 consulit
823 3981 926 4036 pro
954 3981 1057 4017 usu
1088 3962 1346 4016 delicatae
1371 3959 1520 4024 vitae,
1547 3959 1633 4012 vel
1675 3957 1926 4028 corporis
1954 3956 2170 4027 fragili-

555 4068 693 4130 tate,
707 4079 824 4116 non
843 4078 938 4114 eas
955 4059 1219 4130 praeferas
1235 4059 1452 4112 honore
1467 4055 1776 4122 seniorum,
1791 4055 1834 4108 si
1856 4054 2174 4125 posteriore

554 4171 841 4210 conversae
862 4157 992 4206 sunt
1014 4155 1289 4221 tempore.
1315 4151 1461 4203 Dum
1479 4165 1617 4218 ergo
1637 4148 1708 4202 ad
1735 4151 1788 4201 te
1810 4163 1990 4213 meus,
2014 4163 2176 4201 soror

559 4245 904 4312 Florentina,
929 4260 1118 4298 sermo
1141 4242 1423 4313 dirigitur,
1449 4240 1826 4296 derivavimus
1858 4239 2175 4294 orationem

560 4338 758 4395 studiis
795 4337 1134 4408 plurimum;
1177 4335 1316 4389 nulli
1344 4337 1540 4389 tamen
1565 4333 1773 4404 jugum
1803 4331 2173 4403 imponimus,

561 4432 658 4488 sed
686 4430 840 4502 quod
869 4430 1176 4485 honestum
1211 4430 1296 4482 est
1321 4425 1646 4481 suademus.

1177 4548 1398 4602 CAPUT
1435 4547 1564 4601 XIV.

566 4655 630 4708 Ut
653 4652 804 4720 uirgo
831 4647 1055 4718 aequalis
1082 4648 1155 4700 sit
1173 4650 1223 4700 et
1241 4647 1298 4698 in
1316 4646 1638 4714 paupertate
1663 4647 1714 4697 et
1736 4644 1793 4696 in
1818 4643 2176 4698 abundantia.
