4022 6418
790 522 1010 578 CAPUT
1035 523 1140 578 XV.

366 627 442 678 De
466 624 812 693 indulgentia
837 628 888 678 ct
917 625 1280 695 prohibitione
1298 628 1564 682 carnium.

213 746 393 798 Esum
426 743 685 799 carnium
710 743 1056 800 inﬁrmitatis
1081 748 1192 799 tuas
1213 745 1446 801 obtentu
1471 763 1576 802 nec
1594 749 1784 819 prohi-

127 836 283 892 bere
309 837 415 892 tibi
445 837 627 891 audeo
654 853 758 890 nec
783 837 1132 907 permittere.
1162 837 1264 894 Cui
1295 843 1488 894 tamen
1535 843 1784 912 suppetit

129 926 347 993 virtus,
379 943 414 980 a
441 925 705 980 carnibus
735 942 793 981 se
817 925 1112 981 abstineat.
1142 927 1281 982 Nam
1309 929 1452 983 dura
1476 932 1560 984 est
1585 931 1780 985 condi-

127 1020 242 1087 tio,
275 1019 500 1074 nutrire
529 1021 724 1074 contra
762 1035 934 1090 quem
976 1019 1246 1090 dimices;
1275 1024 1332 1076 et
1377 1037 1608 1077 carnem
1655 1039 1783 1094 pro-

133 1112 338 1182 priam
357 1111 435 1166 sic
461 1113 630 1179 alere,
659 1115 724 1166 ut
749 1112 956 1167 sentias
983 1117 1398 1168 contumacem.
1420 1115 1578 1180 Quod
1599 1115 1646 1170 si
1663 1117 1782 1172 tali-

129 1205 250 1259 bus
279 1205 469 1260 utitur
494 1204 679 1275 virgo,
707 1205 976 1276 qualibus
1003 1211 1059 1261 et
1077 1207 1370 1261 saeculares
1396 1210 1654 1278 utuntur,
1685 1209 1783 1265 dat

129 1313 399 1367 sensum,
430 1303 492 1353 ut
512 1315 578 1353 ea
606 1303 739 1370 agat
755 1315 883 1370 quae
909 1315 941 1352 a
965 1299 1328 1354 saecularibus
1354 1306 1622 1372 aguntur.
1637 1301 1781 1366 Quid

131 1391 362 1462 poterit
385 1407 516 1445 caro
541 1391 756 1446 nutrita
776 1391 1036 1446 carnibus
1055 1392 1164 1447 nisi
1185 1409 1481 1464 erumpere
1503 1394 1574 1448 ad
1599 1394 1781 1450 libidi-

129 1500 303 1551 nem,
343 1483 724 1555 miseramque
763 1484 1012 1538 animam
1041 1485 1370 1540 crudelitate
1406 1487 1646 1541 luxuria:
1678 1487 1775 1542 de-

128 1576 470 1631 bacchare?
509 1577 668 1632 Unde
710 1581 766 1631 et
809 1577 1042 1648 quidam
1079 1581 1276 1633 auctor
1315 1579 1412 1646 ait,
1455 1581 1779 1636 Deliciarum

127 1672 264 1738 ﬁnis
293 1672 588 1739 corruptio.
619 1671 686 1724 Et
711 1670 1009 1740 Apostolus
1031 1671 1421 1741 voluptuosam
1438 1670 1672 1726 viduam
1698 1673 1777 1727 sic

129 1762 304 1812 notat
329 1775 344 1811 :
376 1763 439 1812 ut
455 1757 605 1812 dicat
624 1773 638 1811 :
671 1759 799 1824 Qum
821 1763 1000 1812 autem
1015 1760 1076 1812 in
1102 1759 1308 1814 deliciis
1322 1765 1418 1822 est,
1433 1762 1618 1816 vivens
1633 1776 1772 1814 mor-

130 1857 238 1905 tua
268 1856 348 1904 est
373 1851 449 1919 (II
465 1852 603 1904 Tim.
626 1849 702 1920 v).
722 1849 887 1914 Quod
901 1849 944 1904 si
961 1849 1299 1906 abstinentia
1314 1852 1632 1907 marcidum
1659 1869 1778 1907 cor-

1701 420 1739 474 R
1749 421 1960 476 EGULA
1970 461 1981 472 .

1804 542 1864 616 Α
1885 529 2110 598 quisque
2137 491 2318 583 autem
2338 533 2590 600 proximo
2620 546 2716 586 suo
2731 532 2950 602 placeat
2973 534 3032 587 in
3059 534 3252 590 bonum
3277 536 3352 594 ad
3381 540 3515 594 8di-

3415 433 3518 486 890

1881 623 2181 690 ﬁcationem
2197 623 2368 694 (Rom.
2397 623 2508 693 xv).
2536 624 2660 680 Non
2688 624 2843 681 enim
2863 628 2919 682 te
2944 627 3256 684 carnalium
3278 631 3516 687 scanda-

1882 709 2052 766 lizent
2077 711 2558 768 murmurationes
2572 731 2590 783 ;
2621 715 2716 770 sed
2741 715 3060 771 consoletur
3092 716 3512 788 proﬁcientium

1881 803 2029 872 vita;
2072 808 2129 858 et
2147 821 2276 875 quae
2316 806 2494 861 nescis
2525 811 2806 878 quantum
2842 809 3152 865 demoreris
3192 811 3254 867 in
3281 815 3506 885 saeculo,

1883 895 2051 952 debes
2077 913 2195 952 esse
2221 899 2438 969 patiens
2457 916 2560 971 pro
2586 901 2820 956 caelestis
2851 902 3044 973 gloria:
3067 903 3238 962 dono.

2496 993 2716 1048 CAPUT
2755 995 2840 1049 XV
2841 996 2904 1050 ll.

2223 1082 2467 1148 Qualiter
2488 1088 2604 1140 vita
2626 1088 2882 1155 fugiatur
2906 1091 3156 1158 privata.

1955 1173 2108 1246 Fuge
2132 1191 2326 1246 quaeso
2346 1177 2621 1248 privatam
2646 1179 2821 1235 vitam
2844 1199 2858 1248 ;
2891 1198 2995 1236 nec
3023 1183 3156 1238 velis
3181 1183 3392 1240 imitari
3413 1201 3506 1242 eas

1881 1265 2129 1338 virgines
2153 1284 2280 1340 quae
2317 1268 2374 1324 in
2409 1270 2646 1326 urbibus
2679 1289 2782 1342 per
2819 1275 3042 1330 cellulas
3083 1277 3494 1334 demorantur:

1880 1376 2018 1431 quas
2066 1361 2408 1417 multimoda
2450 1381 2585 1418 cura
2632 1367 3012 1439 constringit;
3051 1370 3206 1440 prius
3248 1371 3509 1442 placendi

1879 1453 2104 1522 saeculo,
2136 1470 2208 1510 ne
2237 1455 2384 1510 foedo
2409 1457 2686 1528 prodeant
2711 1459 2924 1515 amictu
2946 1479 2963 1530 ;
2989 1466 3046 1516 et
3083 1463 3385 1519 domestica
3413 1481 3510 1538 op-

1878 1562 2085 1616 pressa:
2106 1547 2496 1616 sollicitudine,
2519 1550 2657 1605 dum
2675 1569 2780 1622 pro
2801 1552 2927 1608 vitae
2955 1554 3201 1610 subsidio
3217 1561 3502 1628 satagunt,

1877 1637 2066 1692 minus
2091 1655 2218 1710 quae
2257 1641 2328 1696 ad
2355 1642 2534 1696 Deum
2581 1644 2870 1714 pertinent
2909 1653 3193 1718 quaerunt.
3225 1649 3504 1705 Privatam

1877 1731 2032 1786 enim
2076 1732 2247 1787 vitam
2275 1733 2344 1788 de
2380 1750 2490 1788 usu
2533 1735 2828 1806 gentilium
2868 1739 3038 1794 traxit
3074 1741 3333 1810 Ecclesia,
3365 1759 3508 1814 quos

1877 1823 2014 1878 dum
2043 1841 2160 1879 non
2192 1825 2495 1897 quiverunt
2539 1829 2777 1899 apostoli
2805 1831 2877 1885 ad
2917 1848 3176 1888 normam
3227 1851 3344 1889 suae
3373 1835 3503 1892 vitae

133 1961 250 2014 pus
276 1904 429 1996 vix‘a
452 1943 580 2013 lege
599 1904 834 2013 peccati,
863 1959 992 2014 quae
1020 1943 1237 1998 habitat
1260 1943 1320 1999 in
1353 1945 1624 2000 membris
1644 1963 1772 2001 nos-
1795 1904 1852 1976 B
1875 1917 2186 2014 traduce?!
2227 1919 2486 2014 Εθίῗιθδίω
2523 1921 2768 1977 venienti
2821 1939 2891 1978 ex
2931 1925 3193 1995 gentibus
3229 1928 3500 1998 Permise'

127 2037 264 2103 tris,
302 2035 670 2107 prohibemus
694 2053 707 2102 ;
736 2035 870 2107 quid
900 2035 1064 2090 faciet
1089 2053 1216 2108 quae
1247 2037 1322 2091 sic
1350 2037 1539 2092 obruit
1560 2043 1772 2093 terram

127 2129 328 2184 carnis
357 2145 495 2196 suae,
521 2133 582 2182 ut
598 2132 653 2182 et
668 2128 844 2199 possit
857 2128 1047 2199 spinas
1069 2134 1124 2183 et
1141 2129 1378 2184 tribulos
1405 2130 1722 2201 germinare
1747 2132 1775 2186 Τ

129 2223 416 2276 Fomenta
451 2221 742 2287 vitiorum,
775 2237 901 2274 esus
946 2220 1200 2275 carnium
1233 2239 1245 2276 :
1275 2238 1378 2276 nec
1413 2223 1598 2277 solum
1648 2241 1771 2278 car-

131 2315 332 2382 nium,
355 2314 455 2368 sed
493 2317 550 2368 et
584 2312 763 2368 nimia
798 2313 1018 2368 satietas
1052 2313 1295 2370 aliorum
1321 2314 1598 2370 ciborum.
1620 2317 1770 2380 Quo-

128 2409 301 2462 niam
321 2423 435 2462 non
465 2406 725 2478 culpatur
745 2421 884 2460 escae
904 2406 1162 2477 qualitas,
1185 2403 1280 2462 sed
1305 2408 1590 2479 quantitas
1610 2425 1773 2479 repu-

129 2505 296 2556 tatur
311 2501 372 2556 in
387 2499 544 2555 vitio.
563 2499 847 2570 Quidquid
867 2499 1020 2554 enim
1047 2499 1321 2570 accipitur
1344 2500 1534 2568 nimis,
1551 2502 1657 2556 hoc
1677 2519 1771 2574 ag-

130 2597 340 2665 gravet
351 2592 630 2659 animam,
649 2595 705 2647 et
717 2592 1114 2647 abundantiori
1139 2592 1262 2648 cibo
1291 2597 1554 2649 extensus
1571 2598 1771 2650 stoma-

129 2690 281 2744 chus
307 2686 571 2742 obtundit
589 2685 794 2740 animae
825 2701 1039 2740 sensus.
1071 2685 1238 2757 Virgo
1264 2691 1490 2742 tantum
1517 2705 1651 2742 sana
1681 2689 1772 2744 de-

129 2783 234 2835 bet
261 2796 404 2848 esse,
427 2796 542 2834 non
568 2779 786 2850 rigida;
819 2777 1025 2848 pallida
1042 2783 1261 2848 gestare
1287 2797 1405 2847 ora,
1427 2796 1544 2835 non
1569 2781 1772 2836 ruben-

125 2875 214 2928 tia
230 2891 249 2942 ;
283 2889 416 2944 quae
441 2871 681 2942 suspiria
698 2871 879 2926 cordis
895 2870 1118 2926 emittat
1133 2856 1212 2926 ad.
1230 2873 1426 2940 Deum,
1455 2890 1570 2928 non
1587 2879 1771 2930 ructet

128 2965 448 3022 cruditates
474 2964 751 3020 ciborum.
781 2963 993 3028 Quibus
1017 2980 1154 3035 ergo
1181 2964 1326 3021 vires
1351 2967 1603 3038 corporis
1628 2985 1770 3039 opus

126 3063 294 3129 sunt,
325 3059 573 3113 habeant
599 3057 783 3113 carnis
809 3072 971 3111 usum
1001 3072 1014 3109 :
1043 3057 1270 3128 scilicet,
1300 3059 1399 3130 qui
1425 3060 1652 3115 metalla
1684 3061 1768 3116 ef-

125 3153 397 3219 fodiunt;
447 3151 546 3222 qui
589 3150 650 3205 in
696 3168 877 3223 agone
924 3157 1152 3208 terreno
1201 3155 1454 3219 certant;
1487 3153 1586 3224 qui
1633 3171 1769 3209 con-

127 3249 371 3301 struunt
385 3244 664 3299 celsorum
683 3245 935 3299 culmina
955 3245 1345 3312 aedificiorum,
1358 3245 1445 3300 vel
1465 3245 1524 3300 in
1540 3246 1770 3301 diversis
1791 3261 1846 3333 Ο

127 3338 381 3412 opiﬁciis
399 3338 594 3393 labore
612 3338 891 3394 desudant
907 3338 1156 3410 corporis
1174 3357 1190 3408 ;
1213 3338 1300 3393 his
1322 3339 1770 3411 reparandarum

125 3433 349 3488 virium
375 3435 540 3503 aptus
561 3435 646 3486 est
669 3448 805 3486 usus
831 3432 1032 3486 carnis.
1060 3432 1228 3504 Virgo
1247 3448 1376 3504 quae
1391 3433 1573 3504 magis
1593 3433 1770 3488 defec-

123 3532 225 3581 tus
241 3523 486 3579 sustinet
501 3523 768 3596 corporis,
786 3524 934 3578 bona
943 3523 1103 3594 virgo
1125 3529 1227 3579 est.
1250 3524 1334 3578 Ad
1351 3541 1491 3596 quos
1505 3541 1638 3580 usus
1655 3541 1771 3580 car-

122 3636 234 3674 nes
261 3619 471 3686 sumet,
489 3616 600 3672 nisi
619 3620 686 3670 ut
709 3616 982 3671 miserum
1008 3633 1212 3688 corpus
1235 3617 1373 3672 faece
1395 3617 1664 3674 vitiorum
1689 3617 1772 3674 in-

127 3712 314 3782 undet
333 3711 360 3764 ?
384 3698 606 3764 Verum
621 3709 667 3764 si
695 3709 845 3780 cogit
875 3709 1188 3778 infirmitas,
1219 3709 1630 3765 medicinaliter
1671 3728 1767 3765 su-

121 3805 361 3861 mendae
383 3807 514 3858 sunt
533 3818 748 3857 carnes.
774 3802 1173 3880 Medicinaliter
1192 3802 1345 3857 enim
1359 3808 1460 3870 est,
1480 3804 1634 3874 quod
1653 3821 1768 3860 non

125 3901 354 3971 gravat,
372 3896 469 3951 sed
497 3895 706 3950 relevat
733 3912 746 3950 :
768 3895 1035 3966 quoniam
1061 3900 1118 3950 et
1137 3895 1319 3966 ipsam
1342 3896 1680 3951 medicinam
1692 3897 1770 3952 ita

122 3993 268 4048 artis
294 3989 474 4062 ipsius
499 3988 673 4060 periti
692 3987 1050 4060 impendunt,
1071 3992 1137 4044 ut
1155 3987 1364 4044 sensim
1384 3988 1634 4044 adhibita
1652 4006 1768 4044 non

123 4087 379 4141 onerent
397 4081 714 4150 inﬁrmum,
743 4082 840 4136 sed
865 4081 1125 4136 allevent.
1155 4081 1312 4136 Unde
1341 4086 1398 4136 et
1421 4081 1517 4136 illa
1542 4098 1672 4138 vera
1685 4087 1770 4138 est

124 4176 416 4235 sententia
439 4175 921 4248 philosophorum
951 4191 964 4229 :
995 4176 1075 4232 Ne
1101 4175 1235 4244 quid
1259 4177 1442 4229 nimis.

781 4295 996 4352 CAPUT
1036 4295 1168 4350 XVI.

286 4409 355 4462 Ut
377 4409 437 4460 in
463 4406 788 4462 Monasterio
815 4419 920 4474 quo
945 4406 1103 4473 coepit
1123 4405 1274 4473 virgo
1288 4409 1624 4473 permaneat.

204 4521 278 4576 Ut
309 4517 465 4573 enim
483 4517 546 4572 in
573 4515 920 4572 monasterio
948 4531 1284 4588 permaneas
1315 4515 1549 4572 sollicite
1579 4516 1769 4572 admo-

127 4629 265 4682 neo,
294 4611 607 4666 multarum
633 4609 788 4664 enim
833 4609 1098 4664 societate
1135 4608 1420 4680 proficies;
1451 4612 1510 4664 et
1536 4609 1770 4665 virtutes
1787 4623 1847 4696 ι)

129 4708 383 4762 aliarum
407 4703 652 4758 videndo
677 4703 787 4757 eris
809 4702 972 4774 virgo
997 4702 1290 4758 virtutum.
1323 4703 1392 4757 Et
1415 4701 1460 4757 si
1482 4702 1770 4758 interdum

128 4816 240 4872 pro
264 4797 537 4852 varietate
557 4796 914 4851 voluntatum
943 4795 1162 4851 oriatur
1177 4795 1436 4866 quaedam
1463 4811 1771 4867 congrega-

126 4892 279 4948 tioni
293 4891 571 4959 simultas,
587 4893 644 4944 et
658 4904 1065 4960 nonnunquam
1087 4887 1636 4944 murmurationibus
1654 4903 1772 4944 car-

131 4985 358 5041 nalium
407 4982 704 5038 tristentur
744 4981 1080 5054 spirituales,
1123 4998 1244 5037 non
1289 4987 1483 5037 tamen
1531 4981 1772 5036 deerunt

127 5095 278 5152 quas
302 5077 364 5132 in
387 5075 552 5132 bonis
577 5075 792 5131 actibus
819 5074 1080 5130 imiteris.
1107 5076 1174 5130 Et
1198 5079 1346 5130 certe
1374 5075 1616 5130 tolerare
1645 5091 1766 5130 car-

129 5173 317 5239 nales,
345 5169 597 5242 probataa
631 5167 852 5224 virtutis
877 5169 998 5237 est;
1027 5167 1238 5222 imitari
1263 5184 1396 5222 vero
1423 5167 1765 5238 spirituales,

129 5264 257 5338 spei
276 5267 363 5318 est
384 5261 674 5318 maxima.
703 5260 985 5316 Erudiunt
999 5259 1251 5315 carnales
1270 5260 1645 5331 spiritualium
1672 5277 1770 5332 pa—

129 5357 423 5422 tientiam,
453 5359 511 5410 et
537 5355 676 5410 dant
704 5370 832 5426 quae
867 5357 1071 5409 sanctae
1113 5355 1246 5407 sunt
1280 5353 1560 5407 bonarum
1589 5352 1765 5407 docu-

131 5454 334 5504 menta
380 5448 654 5504 virtutum
683 5463 696 5501 :
728 5463 792 5502 ac
812 5447 890 5502 sic
924 5447 1129 5502 animae
1154 5445 1466 5516 proficienti
1509 5450 1768 5518 utraeque

131 5546 272 5597 sunt
295 5541 482 5608 utiles,
510 5545 568 5596 et
585 5556 728 5612 quas
739 5539 1019 5612 patienter
1041 5539 1258 5602 tolerat,
1282 5542 1340 5593 et
1356 5554 1496 5608 quas
1514 5537 1768 5593 imitatur

135 5635 406 5690 suaviter.
447 5633 716 5696 Libenter,
753 5631 939 5704 inquit
979 5631 1300 5704 Apostolus,
1327 5632 1599 5686 sustinetis
1625 5631 1764 5684 insi-

127 5731 367 5798 pientes,
392 5741 512 5781 cum
539 5727 660 5781 sitis
703 5727 968 5796 sapientes
993 5725 1068 5793 (II
1091 5725 1210 5780 Cor.
1241 5723 1339 5794 x1).
1371 5724 1440 5777 Et
1467 5722 1585 5793 ipse
1615 5721 1766 5776 idem

135 5821 275 5876 dicit
302 5836 315 5874 :
343 5819 558 5876 Debetis
584 5823 764 5874 autem
781 5833 872 5873 vos
895 5820 992 5888 qui
1013 5819 1272 5888 ﬁrmiores
1295 5819 1419 5872 estis
1435 5815 1766 5870 imbecillita-

138 5920 214 5968 tes
245 5915 582 5984 infirmorum
624 5913 904 5972 sustinere,
933 5916 982 5966 et
1011 5927 1116 5967 non
1143 5906 1292 5966 nobis
1322 5911 1554 5982 placere.
1591 5911 1760 5964 Unus-

1875 2012 2009 2063 runt
2029 2010 2244 2080 private
2275 2012 2478 2078 vivere,
2506 2015 2866 2086 propriisque
2893 2018 3062 2072 rebus
3087 2018 3192 2074 uti.
3216 2021 3500 2077 Caeterum

1873 2101 1969 2172 qui
1997 2103 2100 2156 sub
2126 2105 2390 2174 apostolis
2419 2105 2784 2162 crediderunt
2813 2125 2883 2164 ex
2916 2110 3186 2180 Hebraeis,
3234 2113 3494 2168 eamdem

1873 2211 2152 2264 normam,
2189 2213 2362 2268 quam
2414 2214 2566 2252 nunc
2605 2201 2800 2254 tenent
2845 2203 3205 2273 monasteria,
3249 2221 3501 2261 servave-

1873 2291 2024 2342 runt.
2053 2289 2253 2352 Quaere
2277 2291 2427 2362 quod
2449 2291 2660 2362 legitur
2677 2293 2737 2347 in
2766 2295 2992 2348 Actibus
3017 2298 3424 2368 apostolorum,
3440 2303 3499 2354 et

1870 2395 2070 2435 verum
2095 2397 2214 2436 esse
2241 2383 2387 2453 quod
2410 2383 2533 2438 dico
2553 2385 2848 2456 probabis:
2878 2389 3269 2453 Multitudinis,
3293 2391 3496 2464 inquit,

1873 2473 2200 2528 credentium
2212 2479 2331 2528 erat
2349 2491 2439 2529 cor
2456 2492 2644 2543 unum,
2668 2482 2720 2532 et
2733 2481 2920 2533 anima
2940 2497 3068 2535 una.
3097 2484 3204 2539 Nec
3217 2487 3503 2554 quisquam

1871 2581 2050 2620 eorum
2081 2582 2202 2635 quae
2223 2568 2552 2638 possidebat,
2583 2585 2739 2624 suum
2765 2573 2980 2642 aliquid
3013 2589 3121 2629 esse
3149 2575 3380 2640 diccbat,
3409 2578 3504 2632 sed

1871 2663 2125 2728 quotquot
2147 2675 2472 2730 possessores
2487 2678 2741 2730 agrorum
2767 2670 2940 2728 erant,
2968 2668 3289 2732 vendebant,
3318 2674 3368 2724 et
3377 2686 3500 2740 pre-

1871 2753 1949 2804 tia
1973 2767 2153 2806 eorum
2189 2754 2465 2822 ponebant
2492 2761 2618 2810 ante
2637 2757 2803 2826 pedes
2833 2748 3216 2828 apostolorum,
3233 2767 3284 2816 et
3311 2763 3496 2817 distri-

1873 2844 2134 2900 buebatur
2162 2851 2330 2916 prout
2372 2849 2664 2918 unicuique
2701 2865 2834 2921 Opus
2881 2857 3000 2906 erat
3025 2852 3164 2922 (Act.
3206 2853 3303 2925 ιν).
3340 2855 3497 2924 Vide,

1870 2938 2021 3008 quod
2047 2937 2296 2994 viventes
2319 2938 2378 2992 in
2401 2943 2742 2997 monasterio
2761 2944 3102 3015 regulariter
3119 2948 3500 3017 apostolorum

1870 3035 2098 3086 teneant
2121 3031 2323 3100 vitam;
2354 3048 2459 3088 nec
2487 3033 2752 3090 dubitent
2789 3053 2987 3092 eorum
3026 3039 3248 3110 assequi
3277 3041 3498 3108 merita,

1869 3139 2122 3193 quorum
2149 3124 2446 3180 imitantur
2465 3128 2744 3198 exempla.

2454 3220 2674 3276 CAPUT
2701 3222 2875 3276 XVIII.

1939 3309 2019 3363 Ne
2039 3310 2320 3377 peculiare
2342 3313 2493 3380 virgo
2521 3315 2581 3366 in
2609 3317 2932 3370 monasterio
2961 3319 3097 3386 quid
3129 3321 3425 3388 possideat.

1939 3401 2242 3471 Peculiare,
2291 3405 2446 3474 quod
2479 3404 2540 3459 in
2575 3406 2843 3461 coenobiis
2879 3425 2982 3479 pro
3020 3425 3231 3481 magno
3255 3411 3499 3469 habetur

1869 3491 2127 3563 crimine,
2155 3499 2218 3550 tu
2238 3512 2342 3566 pro
2377 3498 2576 3567 grandi
2602 3499 2730 3553 vitae
2755 3501 3110 3571 contagione.
3141 3503 3498 3561 Adulterium

1869 3589 2018 3641 certe
2045 3591 2146 3654 est,
2163 3589 2292 3660 quia
2308 3589 2666 3646 conscientiae
2693 3592 3078 3664 integritatem
3098 3601 3384 3668 usurpata!
3415 3599 3498 3654 rei

1868 3679 2136 3750 pravitate
2161 3681 2429 3736 maculat.
2459 3683 2614 3738 Furti
2642 3685 2854 3740 crimen
2888 3691 3010 3755 est;
3044 3689 3314 3758 quoniam
3361 3691 3500 3747 dum

1867 3771 2059 3826 omnia
2109 3789 2234 3844 quas
2260 3773 2546 3830 habentur
2575 3777 2636 3830 in
2677 3780 3039 3849 monasterio,
3067 3781 3330 3837 omnibus
3363 3787 3497 3838 sunt

1868 3865 2208 3933 communia,
2259 3867 2466 3922 habere
2513 3885 2623 3924 una
2663 3869 2905 3926 latenter
2939 3873 3248 3943 praesumit,
3279 3877 3429 3947 quod
3459 3893 3494 3931 a

1867 3956 2084 4013 caeteris
2107 3958 2422 4030 ignoratur,
2454 3965 2509 4016 et
2534 3961 2686 4018 aliud
2707 3963 2930 4034 publice
2957 3981 3088 4020 cum
3104 3968 3367 4024 omnibus
3382 3969 3493 4026 uti-

1865 4055 1981 4119 tur,
2019 4050 2173 4107 aliud
2219 4052 2424 4108 furtive
2462 4054 2773 4112 abscondit.
2828 4057 3000 4112 Fraus
3045 4064 3128 4116 est
3169 4062 3490 4134 manifesta,

1867 4143 2000 4214 quia
2049 4160 2163 4198 non
2207 4145 2437 4216 reponit
2465 4145 2526 4200 in
2557 4163 2862 4204 commune
2907 4153 3061 4223 quod
3097 4154 3369 4226 possidet,
3398 4157 3496 4212 sed

1867 4235 2135 4308 exiguam
2159 4238 2493 4309 parvitatem
2521 4241 2787 4312 privatim
2813 4245 3058 4301 occultat
3080 4246 3296 4303 fraude.
3311 4249 3500 4305 Unum

1867 4328 2102 4399 crimen,
2132 4330 2228 4385 sed
2253 4331 2419 4403 plura
2445 4335 2721 4406 contagia.
2753 4337 2945 4392 Tantae
2973 4339 3244 4410 nequitiae
3277 4341 3496 4398 malum

1869 4421 2021 4476 velut
2047 4422 2324 4493 gehennae
2355 4425 2498 4480 evita
2526 4427 2925 4499 prmcipitium,
2959 4435 3014 4486 et
3039 4433 3198 4503 quasi
3225 4433 3335 4488 iter
3364 4451 3496 4490 cave

1867 4513 2078 4568 ducens
2099 4515 2170 4569 ad
2195 4516 2504 4571 infernum.
2529 4518 2664 4574 Inde
2690 4537 2867 4591 usque
2884 4523 2955 4576 ad
2981 4524 3199 4578 malum
3224 4526 3496 4596 proditio-

1868 4605 1955 4660 nis
1975 4611 2032 4661 et
2064 4607 2290 4662 Domini
2319 4609 2680 4666 traditionem
2716 4613 2883 4667 ludas
2910 4615 3118 4686 erupit,
3167 4617 3316 4688 quod
3355 4618 3494 4674 furti

1868 4699 2082 4754 crimen
2099 4705 2308 4754 tractus
2333 4701 2638 4771 cupiditate
2663 4705 2966 4761 commisit.
2986 4707 3236 4780 Denique
3253 4726 3383 4765 cum
3398 4711 3495 4766 ha-

1868 4792 2027 4847 beret
2039 4808 2168 4847 cum
2183 4792 2448 4864 apostolis
2465 4794 2743 4866 quidquid
2761 4797 2870 4851 illis
2885 4803 3029 4854 esset
3041 4816 3364 4873 commune,
3377 4820 3494 4860 non

1868 4879 1976 4935 fuit
2000 4885 2296 4935 contentus
2321 4883 2738 4939 communionis
2759 4885 3110 4944 sufficientia.
3128 4889 3236 4946 Sed
3253 4891 3389 4963 quid
3415 4892 3496 4948 di-

1869 4973 1943 5026 cit
1968 4972 2037 5028 de
2065 4989 2131 5028 eo
2156 4974 2524 5045 Evangelium
2541 4975 2570 5031 ?
2595 4979 2706 5032 Fur
2728 4983 2866 5043 erat,
2890 4985 2942 5035 et
2969 4981 3162 5060 loculos
3185 4985 3407 5049 habens,
3431 5001 3497 5042 ea

1867 5081 1986 5135 quae
2011 5067 2366 5122 mittebantur
2383 5069 2644 5137 portabat
2678 5071 2854 5139 (Joan.
2895 5074 3006 5142 xu).
3039 5076 3149 5130 Nec
3179 5092 3294 5132 non
3341 5081 3490 5134 Ana-

1867 5158 1977 5213 niae
2005 5163 2062 5213 et
2079 5159 2329 5231 Saphirae
2355 5161 2618 5233 exempla
2643 5164 2860 5234 recole;
2884 5167 2982 5238 qui
3008 5166 3305 5225 oﬂ‘erentes
3323 5171 3496 5244 Apos-

1866 5251 1981 5306 tolo
2028 5255 2248 5322 partem
2281 5252 2468 5324 pretii,
2511 5259 2731 5325 partem
2759 5273 2894 5313 vero
2941 5260 3205 5332 celantes,
3231 5265 3499 5335 praesenti

1866 5349 1996 5399 sunt
2037 5344 2253 5415 judicio
2295 5345 2548 5402 damnati
2595 5347 2736 5418 (Act.
2777 5351 2864 5420 v);
2894 5357 2951 5407 et
2988 5370 3090 5425 pro
3139 5359 3355 5412 terrore
3399 5375 3490 5414 se-

1867 5437 2167 5508 quentium
2191 5454 2312 5494 non
2340 5443 2424 5494 est
2447 5439 2618 5495 dilata
2641 5441 2906 5499 facinoris
2925 5446 3088 5502 ultio.
3102 5449 3238 5512 Quae
3255 5454 3494 5508 autema

1866 5529 2262 5586 communione
2286 5533 2610 5588 monasterii
2640 5534 2857 5606 privata
2891 5533 3240 5612 secernitur,
3270 5559 3497 5602 necesse

1866 5625 1949 5676 est
1984 5627 2103 5676 uta
2129 5623 2365 5678 cmlestis
2395 5624 2520 5679 vita:
2546 5629 2826 5684 consortio
2855 5637 3168 5704 separetur.
3208 5635 3491 5706 Quidquid

1865 5729 2067 5768 manus
2104 5718 2203 5769 tua
2245 5717 2514 5786 attigerit,
2547 5721 2752 5776 seniori
2799 5726 3058 5792 ostende;
3089 5726 3147 5780 in
3191 5742 3494 5783 commune

1864 5823 2091 5878 repone.
2130 5807 2250 5861 Noli
2291 5808 2603 5881 quidquam
2641 5818 3019 5886 transportare
3055 5833 3323 5883 seorsum,
3353 5819 3490 5888 quia

1864 5898 2106 5955 nimium
2135 5899 2291 5954 ludia
2317 5901 2618 5972 proditoris
2647 5907 2904 5978 exempla
2937 5908 3178 5962 cavenda
3206 5911 3356 5963 sunt.
