4022 6428
1189 522 1404 576 CAPUT
1454 521 1576 576 XIX.

1041 622 1120 677 Ne
1140 621 1294 689 virgo
1307 618 1503 688 jurare
1532 619 1738 674 debeat.

652 730 951 800 Nunquam
968 729 1186 800 jurare,
1215 729 1313 784 sed
1357 744 1582 800 semper
1614 743 1812 784 verum
1840 727 2046 793 dicere,
2073 727 2198 797 pari

582 822 812 876 observa
860 821 1065 877 studio.
1112 823 1249 876 Nam
1293 821 1437 876 sicut
1482 820 1794 875 carnalibus
1834 837 1937 890 pro
1980 823 2197 874 terrore

579 914 791 968 fraudis
811 915 1008 985 jurare
1030 915 1366 985 permissum
1385 920 1486 981 est,
1517 914 1593 968 sic
1621 912 1909 984 prohibita
1935 916 2066 966 sunt
2084 912 2192 982 spi-

581 1005 894 1074 ritualibus,
925 1006 1093 1060 etiam
1122 1007 1259 1061 dum
1291 1006 1394 1061 sibi
1426 1007 1569 1061 bene
1590 1005 1799 1060 conscii
1827 1008 1978 1070 sunt,
2011 1020 2194 1058 sacra-

580 1103 789 1153 menta.
817 1099 919 1162 Sit,
951 1097 1154 1170 inquit,
1182 1115 1352 1153 sermo
1379 1105 1570 1160 vester,
1599 1102 1713 1159 Est,
1748 1101 1852 1162 est;
1888 1100 2027 1162 Non,
2053 1113 2194 1162 non;

583 1191 727 1260 quod
755 1196 933 1245 autem
955 1193 1082 1260 plus
1107 1197 1203 1254 est,
1232 1209 1266 1246 a
1293 1193 1434 1247 malo
1469 1198 1544 1246 est
1569 1191 1702 1261 (Jac.
1732 1191 1805 1260 v).
1838 1190 1980 1243 Cave
2011 1188 2197 1260 itaque

576 1283 770 1351 jurare
807 1283 866 1337 in
889 1283 1056 1348 bono,
1084 1283 1219 1354 quia
1240 1283 1310 1339 de
1329 1284 1477 1338 malo
1506 1287 1612 1338 est.
1641 1284 1706 1337 Et
1731 1285 2028 1354 propterea
2053 1280 2194 1336 dici-

582 1379 677 1429 tur
703 1391 821 1429 esse
851 1392 885 1429 a
913 1376 1078 1444 malo,
1108 1392 1175 1431 eo
1211 1375 1362 1446 quod
1383 1375 1617 1446 jurandi
1644 1374 1939 1430 necessitas
1967 1389 2037 1428 ex
2065 1373 2193 1427 intl-

585 1467 695 1521 deli
721 1467 794 1522 sit
815 1468 1175 1523 conscientia.
1205 1468 1338 1538 Ejus
1366 1472 1558 1524 autem
1587 1466 1832 1522 hominis
1849 1465 2080 1537 jurandi
2106 1481 2198 1520 ex-

585 1565 879 1630 torquetur
905 1560 1221 1629 necessitas,
1253 1560 1411 1630 cujus
1434 1559 1573 1615 ﬁdes
1601 1565 1794 1614 manet
1815 1559 1875 1612 in
1901 1558 2094 1612 dubio.
2115 1559 2197 1612 Tn

585 1668 736 1720 vero,
763 1668 891 1722 quae
933 1652 1347 1722 simplicitatem
1383 1652 1565 1708 cordis
1589 1651 1760 1706 debes
1787 1650 2084 1706 ostendere
2112 1650 2193 1704 la-

583 1743 708 1812 biis,
736 1761 838 1798 cur
859 1747 914 1798 te
938 1748 1246 1814 spontaneo
1289 1745 1486 1816 alliges
1522 1747 1872 1799 sacramento
1889 1743 1916 1797 τ
1933 1743 2086 1797 Tolle
2105 1742 2197 1813 ju-

587 1836 744 1891 mndi
771 1853 939 1890 usum
965 1836 1025 1890 in
1050 1837 1217 1905 bono,
1246 1840 1302 1892 et
1319 1853 1437 1892 non
1463 1837 1778 1910 perjurabis
1804 1837 1864 1890 in
1891 1835 2058 1890 malo.
2091 1835 2195 1889 Lo-

1521 416 1752 471 SANCTI
1793 415 2117 482 μιλλυηι,
2163 413 2588 468 lllSPALENSlS
2630 413 2952 474 l‘ll’lSCOPl,
3840 411 3917 463 892

2218 523 2412 614 Atare
2437 519 2720 614 voluisset,
2748 534 2863 573 non
2893 517 3027 572 inde
3054 517 3305 614 ejiceret.
3338 516 3454 614 Sed
3485 516 3648 614 quia-
3659 515 3792 614 utile
3819 533 3917 587 pro-

2295 612 2477 682 posito
2521 616 2617 667 tuo
2657 611 2778 667 fore
2829 609 3152 682 prospexit,
3196 610 3348 665 bene
3389 608 3548 663 sicut
3582 607 3858 664 Abraham
3892 626 3915 662 a

2294 704 2570 770 Chaldeis,
2605 708 2662 759 et
2695 707 2969 775 tanquam
2994 703 3136 757 Loth
3177 707 3235 758 te
3259 700 3556 756 abstraxit
3593 717 3630 754 a
3671 700 3912 757 Sodomis.

2295 796 2548 868 Denique
2579 812 2829 851 errorem
2855 811 3050 850 meum
3079 795 3202 866 ipse
3227 795 3438 863 fateor,
3468 809 3548 848 ne
3579 810 3916 848 communem

2296 895 2538 944 matrem
2567 906 2714 960 sepe
2742 888 3077 955 allocutum,
3114 903 3280 942 nosse
3306 887 3558 958 cupiens
3585 887 3635 942 si
3663 887 3818 942 vellet
3844 905 3913 941 re-

2293 983 2434 1037 verti
2463 978 2820 1053 ad'patriam
2851 999 2865 1048 ;
2898 981 2992 1036 illa
3029 986 3244 1050 autem,
3285 997 3420 1052 quae
3466 997 3529 1035 se
3567 985 3798 1034 noverat
3842 981 3914 1034 Dei

2295 1075 2576 1134 voluntate
2614 1090 2780 1128 causa
2809 1073 2940 1128 inde
2985 1073 3182 1127 salutis
3228 1073 3460 1141 exiisse,
3493 1072 3604 1127 sub
3632 1072 3811 1127 divina
3833 1073 3912 1127 ob-

2295 1167 2593 1221 testatione
2624 1167 2862 1234 dicebat,
2891 1183 2995 1221 nec
3021 1167 3167 1220 velle
3203 1182 3262 1220 se
3298 1165 3522 1234 videre,
3558 1181 3666 1218 nec
3699 1182 3911 1236 unquam

2294 1259 2542 1314 visuram
2566 1258 2722 1314 illam
2747 1259 2991 1331 patriam
3017 1274 3159 1328 esse,
3188 1262 3247 1313 et
3285 1274 3424 1313 cum
3475 1258 3707 1330 magnis
3731 1257 3914 1313 dicebat

2295 1352 2517 1407 ﬂetibus
2549 1367 2563 1406 :
2586 1351 2972 1423 Peregrinatio
3000 1367 3094 1406 me
3121 1352 3302 1406 Deum
3331 1351 3473 1406 fecit
3499 1367 3820 1422 agnoscere,
3847 1368 3913 1420 pe-

2295 1444 2524 1516 regrina
2549 1443 2799 1512 moriar;
2831 1447 2889 1498 et
2913 1444 2992 1499 ibi
3030 1445 3364 1515 sepulcrum
3409 1443 3686 1512 habeam,
3714 1443 3803 1497 ubi
3839 1444 3912 1498 Dei

2295 1537 2676 1608 cognitionem
2695 1537 2906 1608 accepi.
2923 1537 3082 1592 Teste
3101 1539 3234 1592 Jesu
3259 1537 3370 1592 hoc
3394 1537 3460 1592 in
3488 1537 3542 1606 ej
3553 1553 3619 1590 us
3645 1537 3912 1607 experiisse

2295 1629 2582 1684 desideriis
2613 1644 2831 1683 memor
2865 1645 3014 1695 sum,
3045 1633 3112 1683 ut
3153 1627 3381 1684 etiamsi
3431 1628 3538 1682 diu
3589 1628 3812 1694 viveret,
3839 1645 3909 1698 pa-

2293 1721 2464 1776 triam
2502 1721 2659 1776 illam
2689 1737 2805 1776 non
2837 1720 3124 1776 reviseret.
3171 1723 3275 1790 Tu,
3316 1737 3546 1793 quaeso,
3593 1738 3743 1786 cave,
3782 1738 3909 1775 soror

2296 1814 2636 1881 Florentina,
2664 1813 2818 1885 quod
2849 1817 3034 1870 mater
3067 1814 3284 1883 timuit,
3313 1819 3374 1870 et
3411 1815 3637 1869 malum
3663 1813 3805 1886 quod
3839 1814 3910 1868 illa

583 1944 752 1998 quere
784 1929 1076 1984 veritatem
1109 1945 1178 1984 ex
1203 1895 1392 1999 corde,
1425 1895 1484 1985 et
1509 1895 1691 1984 aberit
1719 1927 1935 1998 juranti
1963 1926 2200 1982 necessi-
2218 1895 2274 1966 B
2297 1913 2526 1978 experta
2549 1906 2679 1976 fait»
2711 1912 2773 1960 1“
2799 1907 3109 1977 prudenter
3137 1907 3306 1962 Θνίῒᾶ·
3335 1907 3617 1963 Miserum
3657 1923 3746 1962 me
3763 1907 3908 1970 ἀοὶεον

587 2025 686 2075 tus.
717 2021 979 2092 Legimus
999 2021 1152 2077 enim
1184 2040 1198 2077 :
1231 2026 1310 2078 Ne
1333 2038 1610 2078 assuescas
1624 2022 1916 2092 jurationi,
1945 2022 2199 2090 quoniam

585 2114 746 2169 multi
770 2129 925 2169 casus
952 2117 1011 2170 in
1033 2115 1134 2170 illa
1163 2115 1321 2186 (Eccl.
1349 2116 1496 2186 xxv).

1211 2234 1427 2289 CAPUT
1481 2234 1582 2289 XX.

910 2336 989 2390 Ne
1015 2333 1126 2388 sola
1151 2334 1306 2402 virgo
1331 2348 1449 2387 cum
1473 2332 1589 2386 sola
1615 2332 1888 2402 loquatur.
1972 2341 1983 2349 ‘

656 2443 776 2500 Noli
788 2459 1072 2499 assumere
1087 2459 1258 2498 unam
1270 2441 1536 2514 loquendi
1554 2441 1990 2496 familiaritatem
1999 2481 2014 2508 ,
2037 2445 2095 2496 et
2108 2441 2200 2497 de-

587 2535 795 2592 clinare
820 2535 978 2592 alias.
1009 2536 1117 2592 Sed
1159 2552 1271 2608 quo
1298 2535 1438 2591 scire
1465 2535 1566 2590 uni
1603 2535 1735 2589 utile
1761 2538 1864 2604 est,
1895 2533 2104 2588 sciatur
2130 2533 2200 2588 ab

586 2629 869 2686 omnibus.
895 2629 1040 2684 Audi
1065 2627 1371 2684 Dominum
1397 2627 1535 2700 quid
1563 2626 1709 2682 dicat
1738 2645 1753 2681 :
1788 2627 1940 2694 Quod
1962 2627 2081 2681 dico
2107 2641 2196 2682 υο-

587 2723 664 2779 bis
692 2725 751 2777 in
782 2723 1032 2786 tenebris,
1059 2722 1290 2777 dicitein
1311 2722 1545 2786 lumine;
1572 2720 1715 2790 quod
1739 2721 1798 2774 in
1823 2735 1953 2775 aure
1972 2719 2198 2781 auditis,

580 2816 876 2886 praedicata
899 2830 1061 2885 super
1089 2817 1227 2868 tecta
1259 2814 1475 2882 (Matth.
1506 2810 1658 2883 xvn).
1691 2813 1801 2866 Hoc
1841 2814 1944 2880 est,
1987 2810 2033 2864 si
2065 2810 2200 2882 quid

586 2907 740 2962 vobis
765 2907 826 2962 in
862 2910 1076 2962 secreto
1116 2906 1320 2961 mentis
1346 2905 1519 2960 fuerit
1551 2904 1878 2971 revelatum,
1909 2903 2097 2974 palam
2121 2904 2204 2958 di-

585 3000 723 3055 cite:
743 3003 802 3054 et
813 2998 966 3070 quod
985 2998 1151 3053 corde
1167 2997 1520 3068 concepistis,
1539 2996 1798 3051 omnibus
1817 2995 2196 3052 manifestate.

586 3092 643 3148 Si
671 3091 884 3146 bonum
912 3095 996 3146 est
1019 3091 1169 3162 quod
1195 3090 1458 3161 loqueris,
1491 3105 1592 3144 cur
1617 3105 1733 3143 una
1762 3091 1978 3143 tantum
2003 3091 2059 3142 et
2086 3103 2201 3142 non

588 3199 782 3238 omnes
804 3183 992 3255 potius
1039 3181 1416 3237 informentur
1437 3183 1464 3236 Ἰ
1489 3182 1546 3237 Si
1571 3186 1736 3252 turpe
1763 3185 1865 3247 est,
1909 3196 2015 3234 nec
2044 3179 2198 3251 cogi-

585 3281 727 3343 tare,
758 3248 861 3330 nec
889 3275 1042 3346 loqui
1089 3275 1276 3341 debes,
1327 3274 1477 3346 quod
1519 3248 1685 3328 alias—
1705 3271 1986 3328 erubescis
2035 3248 2198 3327 scire.
2219 3248 2275 3322 Ο

585 3368 844 3440 Nonjam
871 3367 940 3423 de
965 3367 1115 3423 bono
1141 3371 1242 3435 est,
1273 3367 1426 3439 quod
1451 3366 1814 3438 singulariter
1835 3365 1994 3436 virgo
2023 3364 2206 3436 loqui-

583 3466 696 3518 tur.
721 3462 901 3518 Omnis
929 3463 1068 3516 enim
1093 3463 1188 3530 qui
1215 3462 1354 3516 male
1373 3462 1508 3530 agit,
1539 3459 1618 3513 ait
1643 3458 1939 3528 Dominus,
1971 3459 2086 3513 odit
2117 3458 2201 3512 lu-

587 3571 696 3609 cem
723 3555 895 3624 (Joan.
926 3555 1027 3624 111).
1055 3554 1211 3610 Unde
1240 3558 1296 3608 et
1321 3553 1414 3608 ille
1451 3552 1919 3624 phi1050phorum
1947 3550 2202 3622 pruden-

589 3646 839 3701 tissimus
863 3646 1040 3702 dixit:
1063 3665 1090 3698 α
1110 3645 1314 3701 Omnia
1339 3649 1489 3700 recte
1517 3645 1665 3700 facta
1687 3645 1748 3698 in
1772 3644 1900 3698 luce
1927 3659 1984 3698 se
2012 3646 2207 3698 amant

589 3739 870 3795 collocari.
899 3759 928 3792 »
966 3741 1009 3795 Ο
1033 3739 1194 3811 virgo
1221 3739 1348 3794 ideo
1377 3738 1594 3792 occulte
1634 3736 1902 3808 loqueris,
1929 3737 2064 3809 quia
2089 3753 2204 3791 non

590 3836 675 3888 est
722 3833 870 3888 unde
904 3832 1126 3903 publice
1165 3831 1439 3904 glorieris.
1489 3829 1598 3885 Sed
1640 3829 1686 3883 si
1724 3845 1892 3884 aures
1927 3833 1985 3884 et
2017 3829 2206 3884 oculos

587 3926 871 3980 humanos
891 3924 1060 3993 fallis,
1077 3923 1338 3994 nunquid
1364 3921 1459 3977 Dei
1478 3921 1864 3992 cognitionem
1889 3921 2082 3976 fallere
2107 3937 2206 3992 po-

591 4016 726 4073 teris
747 4019 775 4072 ‘l
805 4017 1044 4072 Pulchre
1083 4020 1140 4070 et
1163 4015 1306 4069 alius
1339 4014 1421 4068 ait
1449 4032 1463 4069 :
1505 4034 1534 4066 α
1563 4014 1720 4079 Quod
1758 4013 1842 4068 vis
1867 4014 2048 4068 Deum
2076 4030 2204 4068 nes-

593 4109 728 4178 cire,
760 4124 866 4164 nec
892 4125 1045 4179 agas,
1072 4123 1175 4163 nec
1197 4107 1428 4178 cogites.
1460 4128 1488 4156 »
1516 4106 1596 4161 Sit
1623 4122 1760 4178 ergo
1783 4105 1888 4160 tibi
1913 4107 2202 4160 conscien-

594 4201 676 4256 tia
702 4201 969 4270 innocua,
997 4216 1181 4256 sermo
1208 4200 1400 4254 libera
1426 4199 1610 4270 culpa.
1638 4198 1972 4269 Respuenda
1997 4215 2100 4254 nec
2113 4215 2208 4254 au-

593 4293 716 4346 dire
741 4297 816 4359 te,
855 4309 961 4348 nec
987 4293 1235 4364 cogitare
1273 4291 1552 4358 delectet;
1592 4291 1768 4346 multo
1806 4289 1996 4345 minus
2024 4291 2203 4363 loqui,

595 4386 678 4441 vel
705 4401 894 4459 agere.

1209 4477 1427 4532 CAPUT
1454 4476 1577 4532 XXI.

899 4579 979 4635 Ne
995 4576 1124 4630 velit
1147 4577 1298 4643 virgo
1321 4577 1519 4628 reverti
1539 4574 1614 4629 ad
1636 4575 1906 4630 sacculum.

659 4689 780 4744 lam
823 4686 892 4740 ad
941 4690 1168 4756 portum
1211 4699 1410 4740 navem
1464 4684 1734 4739 orationis
1781 4683 2100 4754 dirigimus,
2149 4689 2206 4738 et

592 4796 820 4836 emenso
848 4778 1130 4834 dictorum
1146 4779 1347 4848 pelago
1373 4777 1433 4831 in
1457 4777 1644 4832 littore
1661 4775 1983 4847 quiescendi
2001 4776 2204 4830 ancho-

589 4887 713 4927 ram
741 4871 1025 4943 ponimus,
1063 4870 1199 4924 ﬂatu
1231 4872 1423 4924 tamen
1447 4869 1734 4924 charitatis
1764 4873 1878 4924 tuas
1906 4868 2114 4922 iterum
2143 4869 2204 4922 in

590 4965 850 5020 ﬂuctibus
889 4965 1189 5019 verborum
1234 4963 1491 5018 revehor.
1531 4963 1604 5016 Te
1651 4977 1863 5032 quaeso,
1895 4975 2052 5014 soror
2082 4961 2200 5014 Flo-

589 5058 830 5126 rentina,
860 5074 960 5128 per
987 5057 1211 5112 beatam
1235 5070 1461 5127 quoque
1485 5053 1811 5109 Trinitatem
1839 5053 2024 5108 unica:
2062 5053 2201 5107 divi-

589 5150 778 5204 nitatis
792 5150 1057 5228 obtestor,
1075 5153 1138 5203 ut
1159 5164 1285 5219 qua:
1312 5148 1380 5202 de
1407 5150 1555 5202 terra
1577 5149 1676 5202 tua
1695 5151 1750 5201 et
1775 5146 1844 5201 de
1870 5146 2206 5216 cognatione

589 5247 687 5295 tua
709 5258 837 5296 cum
864 5241 1142 5296 Abraham
1172 5257 1395 5312 egressa
1429 5255 1511 5306 es,
1540 5255 1670 5304 eum
1717 5254 1890 5293 uxore
1924 5238 2066 5292 Loth
2090 5255 2206 5293 non

591 5333 854 5402 respicias
881 5339 1028 5387 retro
1050 5335 1196 5392 (Gen.
1228 5337 1359 5402 nx);
1386 5349 1460 5388 ne
1485 5332 1746 5388 efficiaris
1772 5331 2030 5403 exemplo
2061 5331 2206 5386 malo

591 5425 996 5479 documentum
1024 5425 1263 5480 aliarum
1287 5426 1357 5481 ad
1381 5426 1616 5494 bonum,
1641 5430 1698 5480 et
1725 5440 1794 5479 ne
1820 5424 1881 5479 in
1906 5428 1960 5479 te
1986 5423 2110 5479 alios
2129 5423 2207 5478 vi-

593 5518 762 5571 deant
783 5517 932 5586 quod
957 5517 1014 5571 in
1037 5533 1094 5572 se
1123 5522 1370 5573 caveant.
1399 5519 1495 5572 llla
1509 5533 1638 5572 vero
1656 5516 1780 5572 aliis
1806 5517 1948 5571 facta
1971 5521 2054 5572 est
2068 5533 2204 5571 con-

589 5610 909 5663 dimentum
933 5609 1239 5680 sapientiae,
1257 5609 1362 5664 sibi
1381 5626 1513 5663 vero
1542 5609 1906 5665 simulacrum
1933 5608 2204 5672 stultitiae,

592 5701 696 5756 sibi
743 5701 894 5756 enim
945 5703 1136 5756 nocuit
1179 5701 1561 5769 malefactum,
1612 5701 1732 5755 aliis
1769 5700 1984 5771 profuit
2011 5717 2204 5756 exem-

591 5794 752 5864 plum
788 5793 1158 5848 contrarium.
1194 5793 1271 5845 Ne
1309 5795 1365 5844 te
1409 5807 1656 5861 unquam
1694 5793 1896 5846 reverti
1931 5792 2003 5846 ad
2047 5792 2205 5863 geni-

595 5886 703 5938 tale
728 5887 909 5940 soluin
963 5884 1218 5938 sollicitet
1263 5882 1525 5953 cogitatio
1554 5900 1571 5953 ς
1603 5884 1698 5939 ubi
1727 5884 1773 5938 si
1805 5887 1855 5938 te
1885 5885 2031 5939 Deus
2057 5884 2210 5940 habi-

2297 1999 2394 2070 qui
2424 1999 2633 2054 ibidem
2678 2015 3047 2054 communem
3092 2000 3333 2055 fratrem
3376 2000 3678 2056 transmisi
3703 2001 3908 2072 Fulgen-

2295 2093 2460 2159 tium,
2489 2092 2648 2163 cujus
2677 2091 2927 2162 pericula
2948 2092 3080 2163 jugi
3107 2093 3424 2148 formidine
3452 2093 3810 2164 pertimesco.
3833 2095 3908 2146 Tu-

2297 2185 2406 2239 tior
2425 2189 2616 2239 tamen
2641 2183 2767 2252 erit,
2797 2184 2845 2239 si
2875 2187 2938 2238 tu
2965 2185 3216 2240 securior
3241 2191 3300 2241 et
3323 2186 3542 2241 absens
3569 2202 3674 2258 pro
3698 2186 3790 2242 illo
3813 2201 3904 2240 ora-

2297 2276 2461 2340 veris,
2504 2278 2581 2332 Ea
2603 2276 2737 2332 inde
2775 2281 2942 2332 aztate
2993 2277 3280 2333 abstracta
3318 2295 3403 2348 es,
3451 2283 3516 2334 ut
3550 2279 3639 2334 vel
3663 2281 3711 2334 si
3737 2279 3906 2334 ibidem

2296 2373 2429 2424 nata
2451 2369 2646 2439 fueris,
2663 2385 2778 2425 non
2802 2370 3155 2426 memineris.
3177 2371 3345 2426 Nulla
3367 2375 3461 2428 est
3477 2372 3786 2428 recordatio
3809 2388 3904 2444 qua

2297 2467 2519 2518 moveat
2543 2461 2834 2518 desideriis
2857 2463 3148 2532 animam;
3171 2469 3229 2518 et
3253 2464 3427 2520 beata
3454 2482 3536 2534 es,
3568 2482 3696 2537 quae
3722 2466 3905 2536 ignoras

2298 2555 2448 2628 quod
2479 2555 2686 2610 doleas.
2715 2557 2832 2626 Ego
2859 2560 3051 2610 tamen
3079 2561 3352 2628 expertus
3382 2557 3622 2630 loquor,
3653 2559 3728 2612 sic
3751 2557 3902 2629 perdi-

2299 2648 2441 2703 disse
2465 2651 2676 2702 statum
2702 2652 2759 2702 et
2787 2648 3034 2718 speciem
3075 2648 3236 2703 illam
3266 2649 3555 2720 patriam,
3584 2657 3647 2706 ut
3673 2667 3768 2706 nec
3795 2650 3904 2704 liber

2297 2740 2596 2812 quisquam
2639 2740 2700 2794 in
2738 2756 2805 2795 ea
2845 2740 3109 2811 supersit,
3153 2757 3259 2796 nec
3300 2747 3465 2797 terra
3500 2744 3625 2814 ipsa
3673 2743 3824 2798 solita
3856 2742 3902 2794 sit

2299 2831 2552 2888 ubertate
2574 2831 2832 2900 fecunda,
2852 2836 2908 2887 et
2922 2848 3036 2887 non
3053 2832 3176 2887 sine
3197 2833 3300 2887 Dei
3321 2834 3573 2904 judicio.
3601 2837 3764 2890 Terra
3787 2835 3902 2888 enim

2298 2925 2389 2980 cui
2430 2925 2574 2979 cives
2602 2924 2783 2996 erepti
2830 2929 2981 2993 sunt,
3011 2930 3068 2980 et
3096 2925 3351 2980 concessi
3383 2933 3681 2998 extraneo,
3717 2943 3833 2982 mox
3855 2930 3896 2978 ut

2298 3017 2634 3088 dignitatem
2661 3017 2924 3088 perdidit,
2938 3017 3119 3072 caruit
3138 3023 3196 3073 et
3215 3019 3598 3076 fecunditate.
3613 3021 3763 3090 Vide,
3784 3035 3902 3074 soror

2297 3109 2635 3179 Florentina,
2667 3109 2819 3181 quod
2845 3112 2899 3163 te
2935 3126 3149 3180 pavens
3191 3127 3569 3185 mcerensque
3599 3113 3899 3177 conveniam,

2297 3218 2370 3257 ne
2394 3205 2446 3255 te
2475 3217 2703 3273 serpens
2733 3201 3020 3272 praeripiat
3042 3219 3076 3256 a
3103 3204 3391 3275 paradiso,
3422 3211 3480 3260 et
3511 3207 3575 3261 in
3612 3223 3732 3262 eam
3766 3208 3902 3277 ponat

2302 3300 2510 3350 terram
2530 3311 2658 3366 qua:
2683 3295 2872 3366 spinas
2898 3299 2955 3349 et
2971 3295 3214 3350 tribulos
3241 3299 3561 3369 germinat,
3591 3300 3660 3354 de
3686 3315 3786 3370 qua
3812 3311 3901 3351 rur-

2302 3404 2427 3442 sum
2451 3387 2497 3440 si
2519 3386 2654 3441 velis
2680 3403 2914 3442 manum
2941 3388 3270 3458 extendere,
3295 3395 3355 3446 et
3370 3391 3604 3463 lignum
3629 3393 3753 3447 vitae
3775 3391 3899 3445 eden-

2303 3479 2440 3534 dum
2491 3495 2796 3548 assumere,
2843 3496 2958 3534 non
2998 3481 3348 3552 permittatis
3397 3485 3703 3556 attingere.
3744 3485 3896 3538 Testor

2303 3572 2457 3628 enim
2491 3577 2546 3627 te
2581 3587 2713 3626 cum
2747 3573 3045 3643 Propheta,
3089 3578 3148 3628 et
3175 3577 3407 3631 conscio
3434 3578 3567 3632 Jesu
3597 3577 3801 3632 Christo
3824 3573 3894 3626 ad-

2258 3733 2264 3738 .
2302 3681 2527 3734 moneo,
2558 3664 2782 3720 dicens:
2812 3665 2983 3727 Audi,
3009 3667 3148 3734 ﬁlia,
3172 3672 3224 3722 et
3249 3670 3379 3724 vide
3401 3687 3420 3724 :
3450 3676 3504 3724 et
3531 3671 3730 3725 inclina
3755 3681 3896 3722 aurem

2303 3761 2474 3820 tuam,
2489 3762 2538 3812 et
2551 3758 2854 3812 obliviscere
2871 3759 3136 3828 populum
3152 3763 3328 3823 tuum,
3347 3767 3402 3816 et
3418 3763 3640 3818 domum
3653 3764 3810 3832 patris
3825 3759 3895 3812 tui.

2305 3852 2434 3920 quia
2458 3851 2755 3920 concupivit
2777 3853 2892 3905 Rea:
2915 3849 3142 3919 spiro-tem
3165 3857 3345 3915 tuam,
3385 3859 3438 3909 et
3464 3857 3580 3925 ipse
3603 3860 3675 3908 est
3699 3856 3897 3909 Dominus

2304 3944 2441 3998 Deus
2467 3946 2588 3996 tuus
2616 3941 2836 4011 (Psalm.
2864 3941 3030 4012 xuv).
3059 3945 3227 4001 Nemo
3257 3947 3490 4003 mittens
3533 3963 3747 4002 manum
3780 3959 3894 4000 suam

2303 4036 2363 4088 in
2396 4038 2663 4096 aratrum,
2699 4037 2750 4087 et
2796 4036 3083 4104 respiciens
3111 4041 3283 4098 retro,
3331 4043 3506 4108 aptus
3545 4045 3622 4094 est
3660 4053 3803 4106 regno
3831 4035 3898 4089 Da

2305 4125 2448 4196 (Luc.
2481 4127 2574 4195 Ix).
2602 4125 2727 4181 Noli
2751 4125 2822 4180 ab
2847 4142 2916 4182 eo
2951 4126 3182 4182 avolare
3207 4129 3375 4199 nido,
3411 4132 3568 4204 quod
3595 4130 3794 4186 invenit
3815 4135 3894 4181 tur-

2304 4222 2416 4287 tur,
2445 4217 2545 4272 ubi
2566 4222 2807 4290 reponat
2829 4219 3016 4290 pullos
3042 4236 3173 4274 suos
3197 4223 3427 4290 (Psalm.
3464 4227 3699 4292 Lxxxui).
3725 4219 3895 4290 Simpli-

2303 4309 2482 4365 citatis
2500 4309 2615 4364 ﬁlia
2644 4327 2724 4380 es,
2753 4327 2882 4382 quae
2904 4314 3128 4366 turture
3157 4319 3350 4371 matre
3384 4323 3524 4372 nata
3549 4334 3626 4374 es.
3661 4319 3718 4371 In
3737 4314 3891 4369 eadem

2305 4419 2422 4458 una
2445 4419 2688 4474 persona
2700 4403 3084 4475 complurium
3102 4407 3595 4465 necessitudinem
3634 4409 3790 4464 uteris
3810 4405 3892 4458 oili

2303 4496 2724 4551 cio.Turturem
2750 4512 2855 4568 pro
2880 4502 3061 4552 matre
3092 4499 3340 4570 respice.
3367 4503 3674 4558 Turturem
3703 4517 3791 4573 pro
3811 4513 3890 4551 ma-

2221 4604 2281 4676 D
2305 4589 2480 4660 sistra
2505 4589 2752 4656 attende,
2781 4594 2839 4644 et
2868 4606 2994 4661 quae
3023 4595 3080 4646 te
3105 4592 3339 4648 Christo
3371 4595 3629 4667 quotidie
3650 4591 3886 4650 affectibus

2305 4684 2561 4752 generat,
2592 4681 2904 4736 chariorem
2941 4698 3054 4754 qua
3075 4689 3212 4739 nata
3241 4701 3304 4740 es
3334 4693 3547 4763 reputa
3565 4693 3819 4744 matrem:
3838 4680 3885 4734 ali

2305 4774 2462 4828 omni
2477 4774 2744 4845 procella,
2760 4774 2829 4830 ab
2850 4775 3006 4830 omni
3023 4777 3324 4835 mundano
3345 4781 3577 4836 turbine
3592 4781 3651 4836 in
3664 4781 3772 4850 ejus
3791 4781 3832 4829 te
3843 4774 3887 4824 si-

2303 4867 2468 4922 nibus
2480 4865 2766 4922 conde.Sit
2779 4867 2884 4922 tibi
2899 4885 3069 4924 suave
3090 4870 3215 4941 ejus
3232 4871 3405 4928 lateri
3417 4874 3727 4929 adhaerere.
3739 4870 3805 4926 Sit
3818 4864 3884 4919 tibi

2303 4959 2462 5014 dulce
2481 4959 2604 5029 ejus
2632 4959 2917 5029 gremium
2934 4961 3056 5031 jam
3086 4969 3398 5034 provectae,
3421 4967 3579 5038 quod
3607 4969 3724 5021 erat
3737 4955 3882 5017 infanti

2305 5050 2704 5123 gratissimum.
2749 5053 3040 5108 Postremo
3083 5055 3494 5114 charissimam
3531 5065 3584 5114 te
3615 5065 3880 5129 germanam

2303 5159 2514 5216 quasso,
2530 5146 2594 5198 ut
2609 5143 2720 5198 mei
2745 5145 2958 5200 orando
2983 5147 3345 5219 memineris,
3373 5168 3482 5207 nec
3502 5150 3732 5222 junioris
3747 5141 3882 5202 fratris

2306 5235 2498 5290 lsidori
2532 5235 2872 5292 obliviscaris
2904 5254 3117 5310 :quem
3146 5241 3287 5312 quia
3328 5245 3439 5299 sub
3484 5245 3583 5300 Dei
3610 5237 3879 5300 tuitione,el

2304 5328 2482 5384 tribus
2513 5330 2797 5400 germanis
2833 5332 3230 5402 superstitibus
3273 5341 3547 5406 parentes
3592 5330 3877 5404 reliquerunt

2305 5436 2648 5490 communes,
2665 5421 2800 5489 laeti,
2819 5425 2876 5477 et
2890 5423 2960 5478 de
2977 5424 3101 5495 ejus
3121 5425 3269 5482 nihil
3279 5428 3659 5485 formidantes
3673 5420 3872 5481 infantia.

2304 5514 2375 5568 ad
2423 5515 2726 5569 Dominum
2758 5521 3176 5572 commearunt.
3213 5521 3403 5583 Quem
3441 5538 3572 5577 cum
3599 5537 3699 5591 ego
3722 5522 3877 5569 ut“???

2305 5605 2484 5661 tilium
2513 5607 2770 5676 habeam,
2799 5624 2902 5663 nec
2927 5611 3247 5680 temporale
3277 5613 3501 5686 aliquid
3530 5615 3647 5684 ejus
3682 5598 3872 5666 ebant-ili

2303 5713 2656 5770 prteponam,
2670 5704 2838 5771 atque
2853 5700 2910 5754 in
2928 5701 3052 5770 ejus
3067 5717 3285 5772 pronus
3297 5705 3608 5762 dilectione
3620 5697 3873 5759 recumbam

2305 5793 2464 5846 tanto
2490 5807 2622 5846 eum
2651 5791 2876 5846 charius
2901 5791 3096 5864 dilige,
3127 5797 3411 5870 tantoque
3427 5800 3618 5856 Iesum
3643 5808 3790 5853 exora
3808 5798 3873 5858 Pr“

2308 5883 2422 5953 illo,
2435 5888 2646 5957 quanto
2665 5884 2812 5941 nosti
2827 5901 2960 5942 eum
2970 5903 3006 5942 a
3016 5890 3360 5959 parentibus
3375 5892 3618 5950 terrenis
3627 5887 3774 5948 fuisse
3787 5878 3873 5935 αὖθ’
