4022 6418
141 402 233 452 893

1246 397 1522 451 HUMILIA
1560 396 1626 449 IN
1671 397 1932 450 LAUDEM
1978 395 2334 459 ECCLESHS,

3376 399 3477 452 894

62 547 68 578 .
143 511 305 559 ctum.
331 502 524 556 Certus
545 517 672 555 sum
699 501 853 572 quod
879 503 1066 557 ﬂectat
1091 518 1195 573 pro
1225 502 1384 556 nobis
1407 507 1574 557 au‘res
1604 503 1749 558 divi-
1774 523 1833 598 Α
1851 519 2082 572 corona,
2109 507 2166 557 et
2190 503 2512 559 exhortanti
2543 503 2796 558 Leandre
2822 501 3185 574 priestabitur
3208 503 3398 571 venia;
3425 509 3482 561 et

141 613 232 652 nas
273 599 367 650 tua
405 593 696 666 virginalis
740 593 942 650 oratio.
987 595 1054 650 Et
1095 594 1142 648 si
1186 599 1414 666 pactum
1443 595 1594 667 quod
1623 612 1753 651 cum
1776 593 1830 598 ’ἡ
1852 595 1900 650 si
1930 595 2377 668 perseveraveris
2412 611 2593 668 usque
2619 595 2680 651 in
2712 593 2906 665 finem,
2931 595 3082 651 salva
3105 594 3234 651 eris.
3273 598 3478 654 Amen.

61 731 67 760 ε
142 689 348 743 Christo
371 686 631 759 pepigisti
660 687 988 754 servaveris,
1017 687 1162 744 bene
1183 688 1374 760 agenti
1398 689 1502 744 tibi
1521 689 1758 746 debetur

138 805 3464 866 ω

62 915 64 926 Ι
573 941 1008 1008 BEATORUM
1049 943 1414 1020 LEANDRI,
1463 945 1754 1013 ISIDOBI
1799 937 2463 1010 ET'FLORENTINJE
2504 944 3022 1010 EPITAPHIUM.

61 1127 65 1232 ἒ
138 1152 270 1204 (trux
297 1150 415 1204 haec
443 1149 595 1202 alma
624 1149 770 1220 gerit
795 1153 1122 1206 sanctorum
1150 1168 1384 1223 corpora
1417 1153 1680 1222 fratrum,

62 1243 65 1308 β
138 1242 358 1296 Leandri
388 1241 692 1313 lsidorique
721 1243 949 1314 piorum
981 1259 1050 1298 ex
1081 1243 1276 1300 ordine
1306 1249 1516 1300 vatum.

62 1317 65 1326 ’
137 1334 306 1388 Tertia
331 1335 647 1390 Florentina
675 1351 834 1390 soror
868 1336 1069 1391 devota
1097 1337 1380 1408 perennis.

62 1411 64 1416 ’
138 1427 195 1480 Et
217 1427 392 1496 posita
420 1427 716 1482 amborum
749 1445 980 1483 consors
1006 1429 1084 1483 sic
1111 1430 1285 1500 digna
1311 1430 1568 1502 quiescit.

61 1569 66 1605 ἶ
137 1518 358 1572 Isidorus
383 1520 571 1574 medio
599 1520 875 1591 disjungit
899 1521 1158 1575 membra
1185 1522 1448 1576 duorum.

137 1611 195 1664 lli
225 1611 412 1681 quales
437 1611 653 1666 fuerint
679 1613 838 1666 libris
869 1613 1158 1684 inquirite,
1181 1615 1376 1680 lector,

62 1691 66 1791 ὲ
135 1706 191 1759 Et
227 1720 490 1774 cognosce
517 1705 643 1760 illos
668 1706 811 1760 bene
837 1711 1040 1762 cuncta
1065 1707 1234 1762 fuisse
1263 1709 1496 1776 locutos,

1849 1155 2120 1224 Dogmate
2149 1155 2471 1206 sanctorum
2499 1166 2736 1206 cernens
2760 1152 2996 1206 crevisse
3031 1151 3224 1206 ﬁdeles

1849 1247 2080 1300 ,Εἰθωο
2101 1243 2368 1310 Domino,
2396 1259 2536 1315 quos
2559 1243 2734 1314 impia
2753 1243 2887 1314 jura
2915 1244 3197 1299 tenebant.

1851 1339 2030 1410 thue
2057 1337 2205 1392 viros
2238 1337 2432 1391 credas
2461 1335 2731 1391 sublimes
2757 1335 2944 1391 vivere
2973 1353 3198 1408 semper

1849 1430 2140 1502 Aspiciens
2168 1445 2394 1484 sursum
2422 1429 2599 1500 pictos
2627 1429 2902 1484 contende
2930 1429 3136 1485 videre.

1851 1523 1998 1600 Qbiit
2021 1524 2196 1592 felicis
2222 1525 2488 1578 memoriae
2523 1523 2765 1578 Leander
2807 1525 3078 1594 episcopus
3121 1522 3208 1578 die
3257 1523 3340 1578 ΙΠ
3377 1523 3485 1576 Κα-

2243 1615 2385 1670 lcnd.
2409 1616 2660 1676 Martias,
2689 1629 2800 1670 aera
2826 1613 3050 1671 DCXLI.

136 1887 3461 1896 .Www

649 1997 1031 2074 SANCTI
1081 1999 1550 2074 LEANDRI
1571 2051 1598 2095 ,
1649 2000 2350 2076 HISPALENSIS
2400 2001 2926 2092 EPISCOPI,

303 2157 1076 2287 HOMILIA
1172 2161 1356 2288 IN
1475 2159 2207 2290 LAUDEM
2313 2160 3280 2318 ECCLESI/E,

462 2347 563 2410 Ob
590 2349 1071 2411 conversionem
1100 2350 1331 2429 gentis,
1355 2357 1507 2431 post
1535 2349 1884 2412 concilium
1925 2357 1990 2412 et
2013 2350 2568 2427 conﬁrmationem
2597 2367 2922 2413 canonum
2953 2348 3150 2412 edita.

1427 2457 1622 2528 (Mansi
1644 2458 1854 2532 Concil.
1883 2458 2130 2532 Collect.)

1931 2581 2376 2594 W

193 2647 561 2705 Festivitatem
602 2651 746 2706 hanc
785 2653 1041 2708 omnium
1084 2670 1202 2709 esse
1243 2653 1643 2708 solomniorem
1671 2654 1824 2738 fe-B
1848 2654 1945 2708 Dei
1987 2654 2270 2725 paradiso,
2310 2653 2416 2708 hoc
2459 2658 2562 2721 est,
2593 2657 2748 2710 extra
2791 2653 3127 2709 catholicam
3175 2653 3476 2709 Ecclesiam

61 2787 68 2823 ί
125 2740 442 2812 slivitatem,
501 2744 720 2799 novitas
767 2745 890 2816 ipsa
943 2746 1240 2817 signiﬁcat.
1287 2747 1562 2812 Quoniam
1606 2747 1751 2802 sicut

63 2891 65 2912 ξ
125 2848 258 2886 nova
297 2840 378 2890 est
417 2837 712 2892 conversio
737 2842 1026 2894 tantarum
1070 2839 1321 2910 plebium
1348 2856 1534 2910 causa,
1563 2843 1620 2895 et
1643 2857 1746 2895 no-

61 2972 68 3010 ;
123 2925 308 2981 biliora
352 2935 484 2984 sunt
531 2930 698 2985 solito
743 2932 1002 2986 Ecclesim
1051 2933 1257 3003 gaudia
1299 2949 1312 2987 :
1357 2949 1493 2988 nam
1539 2934 1750 2989 multas

62 3081 67 3089 .
123 3019 489 3078 solemnitates
514 3040 623 3094 per
659 3024 793 3078 anni
831 3025 1150 3080 discursum
1196 3025 1443 3081 celebrat
1481 3026 1746 3096 Ecclesia,

61 3160 67 3198 ε
122 3111 176 3166 in
203 3113 403 3184 quibus
433 3116 662 3172 tametsi
685 3116 859 3172 habet
903 3118 1104 3190 gaudia
1131 3123 1417 3189 consueta,
1447 3135 1591 3174 nova
1618 3136 1750 3175 vero

62 3257 64 3264 _
122 3203 254 3260 sicut
280 3206 338 3261 in
361 3207 468 3263 hac
489 3225 609 3263 non
637 3209 825 3264 habet.
852 3211 1030 3265 Aliter
1055 3211 1206 3264 enim
1246 3211 1454 3282 gaudet
1487 3211 1556 3266 de
1581 3211 1748 3267 rebus

62 3369 64 3382 ι
121 3313 333 3371 semper
357 3302 645 3373 possessis,
671 3303 834 3357 aliter
859 3303 928 3359 de
957 3303 1130 3358 lucris
1172 3304 1394 3375 magnis
1434 3303 1524 3358 his
1561 3321 1750 3376 nuper

119 3390 366 3448 inventis.
392 3397 500 3449 Pro
525 3411 640 3467 qua
665 3412 726 3450 re
755 3399 812 3450 et
840 3412 942 3451 nos
967 3396 1277 3468 majoribus
1315 3397 1534 3469 gaudiis
1560 3397 1743 3452 eleva-

117 3499 258 3552 mur,
287 3487 419 3558 quia
444 3493 682 3560 repente
703 3505 880 3544 novos
906 3489 1206 3544 Ecclesiam
1233 3490 1541 3560 parturisse
1567 3507 1748 3563 p0pu—

62 3639 63 3662 1
119 3576 194 3630 los
218 3578 544 3651 intuemur;
582 3585 639 3636 et
664 3598 909 3653 quorum
943 3583 1300 3654 asperitatem
1340 3583 1630 3654 quondam
1655 3600 1748 3654 ge-

62 3723 64 3744 ,
117 3671 424 3744 mebamus,
453 3675 525 3731 de
575 3691 776 3730 eorum
819 3691 969 3730 nunc
1025 3676 1340 3747 gaudemus
1394 3676 1742 3733 credulitate.

62 3749 64 3758 ’
115 3764 254 3834 Ergo
294 3769 532 3824 materia
563 3768 754 3839 gaudii
797 3769 974 3822 nostri
1029 3767 1402 3824 tribulationis
1445 3770 1749 3840 praeteritas

62 3927 63 3932 γ
114 3859 318 3914 occasio
366 3861 498 3916 fuit.
544 3861 928 3916 Gemebamus
981 3861 1120 3916 dum
1170 3877 1557 3932 gravaremur,
1609 3861 1746 3918 dum

113 3952 583 4022 cxprobaremur;
631 3953 729 4009 sed
767 3953 1012 4025 gemitus
1041 3953 1122 4009 illi
1168 3954 1225 4008 id
1269 3959 1531 4026 egerunt,
1561 3959 1628 4010 ut
1657 3955 1737 4026 hi,

1846 2747 2214 2817 nutriuntur;
2245 2751 2302 2802 et
2338 2747 2445 2802 hoc
2475 2764 2592 2802 non
2629 2747 2847 2803 lectura
2890 2745 3251 2820 [conjectura]
3281 2762 3480 2802 sensus

1849 2840 2045 2910 nostri,
2075 2842 2174 2896 sed
2217 2841 2521 2912 Scriptura“:
2560 2841 2764 2897 divinae
2810 2840 3140 2896 auctoritate
3182 2839 3476 2911 probatur,

1847 2934 2064 2990 dicente
2113 2934 2410 2990 Salomone
2461 2955 2474 2990 :
2528 2937 2680 2993 Sicut
2744 2935 2920 2990 lilium
2969 2937 3110 2989 inter
3157 2935 3365 3004 spinas,
3403 2935 3481 2990 sic

1846 3029 2018 3082 amica
2056 3044 2176 3083 mea
2220 3031 2362 3084 inter
2395 3029 2538 3098 ﬁlias
2580 3028 2758 3100 (Cant.
2796 3029 2892 3099 χι).
2923 3029 3072 3098 Ergo
3098 3043 3170 3082 ne
3195 3042 3475 3098 magnum

1847 3117 2003 3171 vobis
2025 3116 2312 3172 videretur
2339 3117 2492 3188 quod
2519 3117 2764 3172 haereses
2789 3115 2997 3172 direxit
3019 3115 3181 3183 filias,
3213 3115 3480 3173 continuo

1847 3225 1938 3264 eas
1953 3214 2216 3264 numerat
2235 3209 2531 3280 [nominat]
2553 3227 2672 3265 esse
2693 3209 2912 3282 spinas;
2940 3210 3204 3277 haereses,
3219 3208 3476 3282 inquam,

1845 3307 1944 3357 aut
1968 3303 2025 3356 in
2045 3303 2293 3373 aliquem
2319 3303 2594 3374 angulum
2614 3303 2836 3372 mundi,
2855 3307 2956 3357 aut
2972 3303 3031 3356 in
3051 3319 3227 3358 unam
3246 3307 3478 3375 gentem

1845 3395 2212 3450 inveniuntur
2247 3395 2478 3450 versari.
2529 3395 2775 3451 Ecclesia
2820 3411 2952 3451 vero
2999 3395 3290 3465 catholica,
3337 3395 3482 3451 sicut

1845 3505 1948 3560 per
1971 3491 2153 3544 totum
2177 3488 2456 3544 mundum
2481 3488 2735 3545 tenditur
2753 3488 2851 3556 ita,
2865 3492 2922 3543 et
2939 3488 3198 3543 omnium
3219 3488 3478 3560 gentium

1844 3581 2110 3636 societate
2137 3581 2514 3638 constituitur.
2546 3583 2714 3637 Recte
2739 3597 2876 3652 ergo
2905 3581 3148 3637 haereses
3185 3581 3245 3636 in
3286 3597 3478 3637 caver-

1844 3674 1964 3742 nis,
2005 3674 2208 3746 quibus
2254 3675 2468 3742 latent,
2508 3679 2858 3746 congregant
2901 3691 2969 3731 ex
3013 3679 3172 3746 parte
3213 3673 3474 3729 divitias:

1843 3767 2086 3823 Ecclesia
2125 3773 2316 3823 autem
2359 3768 2637 3822 catholica
2664 3768 2726 3822 in
2751 3767 2980 3840 speculo
3009 3767 3275 3839 [specula]
3301 3767 3476 3822 totius

1843 3860 2042 3915 mundi
2100 3860 2377 3932 locuplete
2435 3861 2862 3932 supergreditur
2923 3860 3210 3934 universi”
3249 3859 3477 3916 Exsulta

1845 3969 2000 4024 ergo,
2041 3957 2099 4008 et
2147 3954 2358 4017 laetare,
2401 3954 2644 4010 Ecclesia
2685 3953 2802 4023 Dei,
2855 3953 3055 4025 gaude,
3101 3958 3157 4009 et
3196 3969 3476 4024 consurge

110 4045 205 4113 qui
247 4061 351 4117 per
397 4023 795 4102 infidelitatem
842 4047 1008 4102 nobis
1057 4051 1222 4102 erant
1263 4023 1498 4118 sarcina,
1540 4023 1816 4104 fierentC
1838 4023 2021 4102 unum
2051 4063 2252 4120 corpus
2278 4047 2504 4114 Christi,
2531 4048 2770 4103 induere
2803 4023 3153 4117 fortitudine,
3197 4051 3254 4102 et
3293 4023 3478 4118 jubila

112 4141 292 4193 nostra
307 4155 412 4211 per
435 4155 602 4195 suam
621 4140 1046 4195 conversionem
1073 4156 1298 4196 corona.
1319 4141 1430 4194 Hoc
1448 4141 1602 4196 enim
1619 4159 1741 4214 gra-

111 4231 330 4288 lulative
379 4233 602 4304 profert
643 4235 704 4288 in
741 4227 989 4289 Psalmis
1004 4233 1248 4288 Ecclesia
1273 4233 1466 4290 dicens
1494 4250 1508 4289 :
1537 4237 1604 4290 In
1636 4237 1737 4290 tri-

111 4323 372 4381 bulatione
399 4327 657 4382 dilatasti
682 4343 765 4382 me
793 4328 963 4397 (Psal.
995 4326 1066 4394 1v)
1086 4343 1103 4396 ;
1127 4331 1183 4382 et
1212 4327 1342 4382 Sara
1373 4327 1510 4382 dum
1535 4345 1683 4400 saepe
1706 4346 1738 4383 a

107 4419 328 4487 regibus
346 4419 786 4491 concupiscitur,
805 4436 908 4475 nec
935 4420 1214 4475 maculam
1243 4419 1528 4492 pudicitiae
1546 4421 1735 4492 sentit,

105 4513 157 4562 et
181 4511 468 4567 Abraham
497 4529 668 4566 causa
704 4513 1144 4584 pulchritudinis
1178 4529 1295 4567 suae
1334 4513 1566 4569 divitem
1605 4513 1738 4570 facit

107 4601 302 4660 (Cenes.
335 4607 457 4676 xx);
489 4606 562 4660 ab
591 4605 724 4677 ipsis
753 4605 906 4660 enim
933 4605 1160 4678 regibus
1188 4605 1472 4662 Abraham
1504 4607 1732 4676 ditatur,

103 4713 133 4748 a
161 4697 366 4767 quibus
391 4699 530 4754 Sara
553 4699 987 4770 concupiscitur.
1017 4697 1306 4770 Condigne
1330 4715 1468 4772 ergo
1497 4699 1737 4754 Ecclesia

99 4789 369 4846 catholica
395 4796 618 4862 gentes,
651 4807 790 4863 quas
819 4790 991 4846 simul
1017 4791 1255 4845 senserit
1299 4790 1430 4846 ﬁdei
1475 4808 1592 4846 sua:
1634 4792 1732 4846 de-

97 4897 242 4951 core,
275 4884 346 4939 ad
376 4885 467 4939 sui
501 4900 596 4938 eas
625 4883 838 4956 sponsi,
870 4883 976 4939 hoc
1001 4887 1103 4952 est,
1133 4883 1342 4940 Christi
1366 4884 1524 4939 lucra
1549 4889 1733 4939 trans-

93 4975 262 5044 ducit,
291 4980 350 5031 et
377 4992 486 5049 per
511 4992 579 5032 ea
609 4992 788 5048 regna
823 4993 991 5032 suum
1029 4977 1216 5030 virum
1258 4977 1488 5032 divitem
1528 4977 1732 5046 reddit,

93 5083 193 5137 per
215 5085 346 5140 quae
373 5085 434 5124 se
466 5051 774 5140 inquietari
807 5068 1180 5140 persenserit;
1211 5068 1289 5123 sic
1319 5069 1474 5124 enim
1504 5069 1638 5124 dum
1667 5087 1736 5126 ex

94 5159 250 5216 initio
275 5161 600 5232 lacessitur,
630 5161 716 5217 vel
738 5161 1109 5218 invidentium
1135 5161 1397 5216 dentibus
1418 5162 1732 5217 mordetur.

94 5252 228 5309 dum
259 5255 566 5326 premitur,
594 5255 879 5324 eruditur;
907 5259 964 5310 et
1001 5255 1140 5310 dum
1181 5253 1504 5324 insectatur,
1535 5255 1732 5310 dilata-

93 5350 203 5402 tur.
220 5347 507 5412 Quoniam
525 5347 797 5418 patientia
817 5364 916 5402 sua
935 5348 1290 5402 aemulatores
1309 5363 1442 5401 suos
1461 5352 1558 5402 aut
1575 5363 1738 5418 supe-

1835 4141 2238 4209 exsultatione;
2271 4142 2542 4212 quoniam
2560 4141 2645 4196 tui
2661 4157 2930 4197 maerores
2951 4141 3011 4196 in
3040 4138 3312 4213 gaudium
3339 4145 3474 4196 sunt

1835 4233 2057 4301 mutati,
2089 4233 2332 4289 tristitia:
2357 4234 2618 4290 habitum
2644 4234 2704 4290 in
2730 4235 3003 4290 amictum
3021 4233 3233 4290 laetitiae
3247 4250 3474 4290 versum

1837 4330 1939 4382 est.
1969 4327 2105 4382 Ecce
2131 4332 2362 4399 repente
2380 4328 2554 4384 oblita
2570 4328 2874 4384 sterilitatis
2893 4333 2950 4384 et
2969 4327 3314 4399 paupertatis
3335 4332 3470 4396 tuae,

1835 4435 1951 4474 uno
1977 4424 2140 4490 partu
2165 4422 2407 4492 populos
2439 4421 2770 4476 innumeros
2802 4421 3046 4492 genuisti
3089 4420 3312 4476 Christo
3351 4424 3471 4474 tuo.

1836 4512 1975 4566 Nam
2003 4513 2308 4584 dispendiis
2334 4513 2446 4568 tuis
2477 4513 2720 4584 proﬁcis,
2751 4518 2963 4584 tuoque
3002 4513 3211 4568 damno
3253 4512 3480 4568 subcre-

1835 4605 1940 4659 scis
1970 4622 1984 4659 :
2017 4609 2205 4660 tantus
2233 4606 2476 4678 denique
2501 4610 2586 4660 est
2609 4623 2850 4677 sponsus
2875 4609 3025 4675 tuus,
3047 4605 3209 4676 cujus
3234 4604 3474 4676 imperio

1834 4697 2066 4768 regeris,
2097 4703 2162 4753 ut
2189 4698 2325 4752 dum
2348 4703 2405 4754 te
2435 4699 2688 4770 patiatur
2725 4697 3040 4770 depraedari
3065 4698 3137 4752 ad
3162 4697 3470 4767 modicum,

1833 4807 2060 4847 rursum
2102 4791 2356 4862 praedam
2380 4795 2535 4847 tuam
2571 4791 2640 4846 ad
2668 4795 2722 4847 te
2749 4791 3000 4859 reducat,
3032 4795 3089 4846 et
3121 4790 3312 4847 hostes
3341 4794 3470 4845 tuos

1833 4883 1938 4939 tibi
1963 4884 2280 4956 conquirat.
2308 4883 2397 4939 Sic
2423 4887 2618 4940 autem
2642 4884 2908 4957 agricola,
2937 4884 3015 4939 sic
3043 4883 3306 4956 piscator,
3335 4882 3474 4939 dum

1833 4977 1990 5032 lucra
2034 4977 2274 5044 attendit
2312 4978 2524 5046 futura,
2554 4994 2683 5050 quae
2709 4977 2972 5046 seminat,
2999 4980 3057 5032 et
3092 4993 3220 5048 qua:
3261 4976 3470 5031 amodo

1834 5069 2142 5138 incesserit,
2182 5087 2298 5126 non
2328 5070 2573 5143 imputat
2599 5070 2825 5126 damna.
2864 5071 2945 5124 Tu
2979 5069 3216 5141 proinde
3249 5069 3372 5140 jam
3401 5070 3475 5126 ne

1834 5162 1984 5233 ﬂeas,
2013 5180 2086 5218 ne
2109 5164 2323 5234 lugeas,
2353 5163 2739 5236 temporalitcr
2779 5163 3056 5234 quosdam
3097 5161 3392 5218 recessisse
3439 5180 3474 5218 θ.

1834 5260 1909 5324 te,
1938 5271 2081 5326 quos
2123 5256 2306 5310 cernis
2348 5273 2479 5311 cum
2523 5255 2746 5327 magnis
2788 5255 2961 5310 lucris
3002 5255 3235 5310 rediisse
3282 5255 3352 5310 ad
3397 5260 3474 5312 te.

1845 5345 2072 5399 Exsulta
2113 5360 2250 5415 ergo
2280 5345 2410 5400 ﬁdei
2437 5343 2798 5412 conﬁdentia,
2830 5347 2887 5398 et
2910 5343 2994 5398 tui
3021 5343 3220 5416 capitis
3257 5344 3479 5415 merito,

98 5390 203 5402 -....
223 5390 507 5412 πωπω...
527 5390 797 5418 ,.....V......
817 5390 916 5402 νυ...
935 5390 1290 5402 mamma.--
1309 5390 1440 5401 ww
1461 5390 1715 5418 .....-..,...
1845 5390 2072 5399 -.η--.-
2116 5390 2248 5415 uo-
2280 5390 2410 5400 η---
2440 5390 2798 5412 --..----..--_,
2833 5390 2886 5398 --
2916 5390 2994 5398 -..-
3025 5390 3220 5416 ηιμ---
3257 5390 3478 5415 _.-----,

92 5446 175 5492 rat
203 5446 301 5495 aut
330 5442 611 5494 lucratur.
642 5439 785 5495 Dicit
820 5440 970 5495 enim
1008 5440 1081 5495 ad
1107 5455 1232 5494 eam
1259 5438 1479 5494 divinus
1507 5455 1693 5494 sermo
1725 5390 1822 5496 :D
1843 5435 1952 5491 ﬁde
1981 5439 2100 5492 esto
2124 5437 2384 5506 robusta;
2414 5437 2552 5492 dum
2578 5452 2707 5509 quia
2735 5436 2936 5492 recolis
2958 5436 3092 5492 olim
3117 5437 3478 5508 repromissa,

90 5534 275 5588 Multa:
310 5535 445 5603 ﬁlia:
487 5539 947 5602 congregaverant
973 5534 1218 5593 divitias,
1245 5535 1305 5586 tu
1331 5535 1512 5586 autem
1551 5545 1740 5600 super-

88 5641 272 5691 gressa
307 5641 362 5681 es
406 5627 694 5680 universas
719 5627 890 5692 (Prov.
922 5628 1066 5695 χχχι)
1098 5624 1170 5680 .Si
1197 5641 1315 5678 non
1341 5623 1558 5678 mirum
1585 5625 1741 5694 quod

88 5718 334 5774 haereses
368 5717 508 5773 ﬁliae
540 5717 827 5785 dicuntur,
863 5719 962 5773 sed
989 5717 1395 5774 attendendum
1429 5715 1580 5786 quod
1620 5715 1741 5772 loco

87 5812 390 5882 spinarum
433 5812 731 5880 ponuntur
758 5826 770 5863 :
803 5811 931 5866 tiliae
960 5815 1112 5877 sunt,
1140 5827 1205 5866 eo
1236 5809 1388 5882 quod
1417 5824 1488 5864 ex
1523 5808 1741 5864 semine

90 5905 412 5960 Christiano
445 5914 832 5972 generantur;
863 5903 1040 5973 spina:
1069 5909 1218 5971 sunt,
1251 5920 1318 5958 eo
1359 5901 1507 5972 quod
1544 5899 1680 5955 foris
1707 5918 1741 5956 a

1840 5545 1992 5584 nunc
2019 5528 2200 5584 cernis
2233 5529 2405 5584 fuisse
2429 5529 2727 5601 completa.
2755 5528 2849 5585 Ait
2883 5529 3038 5584 enim
3080 5529 3138 5583 in
3181 5529 3482 5602 Evangelia

1837 5621 1960 5693 ipsa
1988 5621 2203 5675 Veritas
2235 5637 2248 5676 :
2284 5623 2574 5692 Oportebat
2620 5623 2888 5680 Christum
2930 5625 3070 5678 mori
3092 5637 3194 5692 pro
3226 5627 3400 5690 gente.
3431 5625 3482 5675 et

1839 5729 1948 5769 non
1978 5718 2187 5768 tantum
2209 5730 2312 5782 pro
2341 5719 2516 5783 gente,
2551 5715 2646 5770 sed
2669 5719 2730 5768 ut
2767 5717 2910 5783 ﬁlios
2935 5717 3047 5775 Dei,
3090 5717 3186 5782 qui
3209 5717 3366 5768 erant
3388 5712 3476 5766 di-

1835 5809 2024 5878 spersi,
2053 5811 2396 5876 congregaret
2424 5809 2482 5862 in
2507 5823 2676 5862 unum
2707 5809 2883 5876 (Joan.
2912 5808 3005 5876 x1).
3034 5807 3112 5859 Tu
3143 5804 3388 5874 profecto
3414 5803 3469 5856 in

1838 5898 2072 5954 Psalmis
2114 5901 2450 5970 proclamas,
2479 5899 2799 5954 odicntihus
2836 5913 3026 5969 pacem
3053 5896 3242 5951 dicens
3275 5911 3288 5947 :
3324 5897 3473 5963 Mag-
