4022 6472
531 406 633 458 895
1199 405 1509 469 LEANDRI,
1559 405 1809 459 HlSl’AL.
1854 403 2165 465 El’lSCUPl,
2210 401 2480 455 HOMILIA
2523 402 2586 454 IN
2629 400 2894 454 [AUDEM
2936 397 3294 458 ECCLESIA‘I,
3839 392 3938 443 896

531 515 741 580 niﬁcate
763 516 1042 568 Dominum
1073 529 1293 578 mecum,
1322 520 1372 568 et
1405 516 1696 570 exaltemus
1730 529 1917 569 nomen
1943 513 2055 580 ejus
2089 515 2147 568 in
2167 521 2226 596 Α
2243 492 2545 566 novissimis
2571 511 2758 566 diebus
2778 514 3128 580 praeparatus
3157 521 3308 562 mons
3351 505 3558 560 domus
3609 501 3866 556 Domini
3889 502 3944 554 in

529 619 693 658 unum
719 605 879 672 (Psal.
896 606 1100 675 xxxui);
1117 609 1175 662 et
1189 623 1446 661 rursum:
1471 610 1537 662 In
1553 607 1906 662 con-veniendo
1918 607 2148 676 populos
2167 592 2226 596 ἡ
2244 607 2436 658 vertice
2460 606 2742 666 montium,
2767 608 2816 657 et
2842 603 3138 656 elevabitur
3161 614 3324 669 super
3347 597 3546 659 colles,
3574 600 3635 650 et
3670 596 3858 662 [luent
3877 592 3948 648 ad

527 699 584 748 in
611 712 796 759 unum,
819 701 869 751 et
891 713 1076 767 regna,
1107 705 1170 753 ut
1193 703 1435 754 serviant
1463 703 1686 754 Domino
1710 701 1924 768 (Psalm.
1957 703 2048 768 c1).
2247 713 2364 750 eum
2388 712 2566 750 omnes
2587 701 2786 763 gentes,
2817 700 2867 748 et
2892 695 3046 748 ibunt
3056 693 3252 764 populi
3269 692 3460 752 multi,
3478 693 3536 743 et
3561 689 3778 742 dicent
3798 705 3816 740 :
3847 689 3944 742 Ve-

599 789 777 852 Quam
803 789 980 844 dulcis
1009 791 1082 846 sit
1107 791 1366 858 charitas,
1391 809 1562 863 quam
1601 791 1937 846 delectabilis
1961 791 2148 846 unitas
2246 791 2356 842 nite
2388 789 2741 842 ascendamus
2777 788 2852 841 ad
2891 791 3121 840 montem
3169 785 3409 845 Domini,
3458 787 3517 837 et
3573 781 3665 835 ad
3723 781 3950 834 domum

528 897 643 934 non
666 881 920 936 nesciens
942 899 1042 953 per
1057 885 1380 956 praphetica
1407 884 1684 951 vaticinia,
1704 900 1805 954 per
1833 884 2148 956 evangelica
2247 883 2342 936 Dei
2384 882 2544 936 Jacob
2589 881 2791 948 (Ibid).
2834 881 2987 933 Mons
3013 877 3168 932 enim
3193 877 3458 932 Christus
3487 880 3610 941 est,
3645 877 3713 927 et
3743 873 3951 927 domus

532 975 772 1042 oracula,
811 991 914 1046 per
955 978 1249 1046 apostolica
1281 978 1640 1045 documenta,
1668 993 1785 1032 non
1811 977 1918 1030 nisi
1947 992 2150 1031 conne-
2247 972 2344 1026 Dei
2369 973 2555 1038 Jacob,
2596 987 2710 1026 una
2754 971 2995 1026 Ecclesia
3037 976 3122 1025 est
3160 969 3304 1040 ejus,
3335 969 3412 1022 ad
3439 983 3672 1038 quam,
3707 971 3774 1020 et
3808 982 3948 1036 gen-

528 1066 753 1121 xionem
785 1069 1038 1138 gentium
1064 1070 1354 1140 prmdicas,
1385 1087 1497 1123 non
1525 1071 1632 1123 nisi
1661 1069 1934 1123 unitatem
1964 1086 2146 1140 popu-
2248 1065 2392 1119 tium
2419 1080 2774 1130 concursum,
2797 1067 2853 1118 et
2873 1063 3218 1134 populorum
3246 1059 3610 1131 pronuntiat
3640 1059 3951 1112 conﬂuere

530 1159 711 1212 lorum
739 1160 1001 1231 suspiras,
1032 1177 1146 1216 non
1170 1162 1278 1216 nisi
1298 1163 1469 1234 pacis,
1499 1167 1553 1216 et
1573 1161 1858 1216 charitatis
1883 1161 2026 1214 bona
2045 1161 2151 1215 dis-
2249 1167 2619 1229 conventum;
2648 1161 2717 1214 de
2744 1176 2856 1230 qua
2884 1175 3114 1212 rursum
3163 1159 3223 1212 in
3266 1157 3380 1211 alio
3420 1157 3556 1212 loco
3615 1155 3779 1210 dicit
3821 1171 3950 1226 pro-

533 1251 796 1306 seminas.
842 1254 1054 1308 Laetare
1097 1270 1233 1326 ergo
1275 1255 1333 1308 in
1374 1254 1626 1323 Domino,
1659 1270 1726 1309 eo
1753 1254 1906 1324 quod
1930 1269 2047 1308 non
2077 1253 2150 1308 sis
2248 1254 2418 1324 pheta
2447 1269 2462 1306 :
2493 1254 2679 1320 Surge,
2708 1253 3017 1307 illuminare
3045 1251 3370 1313 Jerusalem,
3399 1253 3544 1319 quia
3576 1251 3754 1304 venit
3777 1250 3955 1302 lumen

531 1344 781 1398 fraudata
813 1345 1085 1400 desiderio
1122 1351 1261 1414 tuo;
1307 1363 1443 1401 nam
1487 1363 1627 1418 quos
1672 1351 1825 1401 tanto
1871 1351 2146 1416 tempore,
2251 1351 2421 1408 tuum,
2451 1350 2501 1400 et
2532 1347 2706 1413 gloria
2747 1347 2965 1399 Domini
3007 1359 3172 1414 super
3197 1349 3247 1398 te
3281 1349 3406 1398 orta
3436 1347 3555 1408 est;
3589 1347 3652 1396 et
3691 1341 3952 1395 ambula-

534 1437 748 1506 gemitu
775 1441 932 1506 teste,
966 1445 1021 1493 et
1048 1440 1304 1494 oratione
1341 1440 1606 1494 continua
1638 1439 1959 1509 concepisti,
2000 1455 2152 1492 nunc
2253 1444 2384 1496 bunt
2409 1441 2524 1513 (ait)
2544 1447 2723 1510 gentes
2751 1444 2807 1495 in
2836 1443 3036 1495 lumine
3067 1445 3179 1503 tuo,
3225 1445 3278 1494 et
3322 1455 3480 1507 reges
3533 1442 3605 1492 in
3650 1440 3956 1508 splendore

436 1576 445 1583 .
532 1533 661 1598 post
697 1531 951 1600 glaciem,
981 1537 1103 1602 post
1144 1531 1412 1601 hiemem,
1441 1536 1568 1602 post
1599 1531 1865 1586 duritiam
1903 1530 2148 1601 frigoris,
2251 1544 2398 1592 ortus
2429 1541 2530 1592 tui.
2557 1541 2698 1592 Leva
2724 1541 2782 1592 in
2808 1541 3095 1592 circuitum
3121 1538 3304 1592 oculos
3333 1542 3481 1598 tuos,
3517 1542 3574 1591 et
3616 1538 3764 1590 vide
3796 1555 3814 1588 :
3844 1552 3954 1589 om-

531 1625 656 1690 post
675 1623 1063 1677 austeritatem
1079 1623 1242 1690 nivis,
1259 1625 1410 1679 velut
1421 1623 1837 1694 jucunditatem
1856 1639 2119 1694 agrorum

2373 1639 2464 1690 isti
2481 1639 2790 1704 congregati
2805 1640 2952 1704 sunt,
2975 1641 3027 1690 et
3045 1641 3310 1690 venerunt
3337 1637 3480 1696 tibi:
3501 1640 3560 1689 et
3581 1635 3961 1704 aediﬁcabant

533 1714 778 1784 frugem,
797 1720 852 1768 et
874 1715 1030 1770 laetos
1045 1716 1202 1770 verni
1227 1715 1392 1770 ﬂores
1417 1717 1610 1785 [Forte,
1624 1715 1786 1783 veris,
1807 1719 1906 1770 aut
1928 1720 2150 1786 tempo-

535 1805 608 1858 ris
637 1805 834 1876 verni],
857 1807 943 1860 vel
980 1807 1294 1862 arridentes
1315 1807 1602 1863 vinearum
1637 1807 1920 1878 stipitibus
1944 1807 2153 1878 palmi-

533 1902 635 1964 tes,
678 1875 910 1969 repente
939 1899 1000 1952 in
1031 1900 1234 1970 gaudio
1263 1900 1553 1970 peperisti,
1597 1875 1762 1969 Ergo,
1791 1875 2010 1966 fratres,
2039 1903 2154 1953 tota
2174 1875 2229 1948 B

534 1995 804 2050 charitate
830 1995 1004 2050 animi
1033 1997 1375 2050 exsultemus
1411 1996 1471 2050 in
1499 1997 1752 2062 Domino,
1773 2001 1829 2050 et
1845 1995 2156 2065 jubilemus

537 2088 648 2142 Deo
673 2088 908 2144 salutari
933 2093 1142 2144 nostro.
1177 2091 1289 2144 Hoc
1315 2089 1384 2142 de
1415 2092 1616 2143 caetero
1656 2104 1759 2158 per
1795 2104 1861 2142 ea
1887 2103 2014 2158 qua:
2035 2087 2159 2157 jam

534 2180 752 2234 sublata
777 2184 926 2246 sunt,
954 2197 1020 2236 ea
1061 2197 1192 2254 quae
1232 2181 1416 2236 adhuc
1443 2183 1840 2251 exspectantur
1867 2179 2158 2250 implenda

535 2288 669 2326 vera
693 2289 811 2328 esse
831 2273 1144 2328 credamus.
1163 2275 1298 2337 Quae
1318 2273 1470 2328 enim
1489 2274 1727 2343 praefata
1746 2275 1898 2341 sunt,
1920 2272 2158 2326 Domino

537 2365 753 2420 dicente
785 2382 798 2419 :
826 2367 982 2421 Alias
1009 2381 1124 2420 oves
1149 2367 1334 2433 habeo,
1365 2381 1486 2436 quae
1515 2381 1623 2420 non
1645 2370 1774 2419 sunt
1798 2381 1864 2420 ea:
1889 2367 1982 2419 hoc
2007 2366 2155 2426 ovili,

531 2463 581 2510 et
608 2459 735 2511 illas
761 2463 965 2528 oportet
991 2475 1072 2512 me
1105 2456 1197 2529 [ad
1215 2458 1312 2530 me]
1347 2459 1632 2524 adducere,
1654 2463 1716 2512 ut
1737 2460 1808 2512 sit
1831 2472 1970 2512 unus
2003 2473 2154 2525 greco,

531 2555 582 2606 et
592 2566 728 2604 unus
735 2556 927 2620 pastor
945 2552 1117 2620 (Joan.
1140 2549 1213 2621 Χ),
1237 2567 1362 2606 ecce
1383 2555 1715 2605 contuemur
1728 2550 1900 2604 fuisse
1917 2550 2160 2620 comple-

529 2646 604 2696 ta.
634 2644 740 2697 Pro
759 2659 870 2713 qua
897 2660 959 2697 re
983 2659 1097 2698 non
1125 2643 1444 2698 dubitemus
1469 2647 1650 2698 totum
1679 2643 1961 2697 mundum
1992 2658 2159 2712 posse

530 2735 590 2789 in
616 2735 836 2790 Christo
860 2736 1110 2804 credere,
1140 2740 1310 2806 atque
1336 2736 1406 2790 ad
1431 2751 1606 2789 unam
1633 2735 1922 2790 ecclesiam
1949 2751 2155 2788 conve-

505 2827 674 2882 'nire.
705 2828 982 2892 Quoniam
1017 2845 1210 2882 rursus
1239 2827 1359 2898 ipso
1401 2827 1730 2882 testiﬁcante
1767 2827 2065 2881 didicimus
2096 2825 2156 2880 in

534 2919 874 2989 Evangelio:
907 2923 976 2975 Et
997 2921 1391 2989 p-rzdicabitur
1416 2919 1642 2990 (inquit)
1671 2921 1764 2972 hoc
1802 2921 2160 2985 Evangelium

535 3013 690 3080 regni
720 3014 778 3065 in
801 3014 1048 3066 universo
1073 3013 1214 3073 orbe,
1249 3013 1307 3065 in
1345 3013 1699 3065 testimonium
1743 3011 1984 3064 omnibus
2033 3026 2160 3079 gen-

539 3104 714 3169 tibus;
766 3107 816 3158 et
861 3108 984 3157 tunc
1025 3103 1247 3173 (inquit)
1286 3105 1458 3157 veniet
1510 3105 1888 3157 consummatio
1945 3104 2157 3171 (Matth.

2254 1733 2474 1804 (inquit)
2498 1735 2604 1802 ﬁlii
2623 1736 3033 1803 peregrinorum
3060 1749 3243 1788 muros
3274 1737 3419 1795 tuos,
3458 1739 3518 1786 et
3549 1748 3733 1800 reges
3779 1748 3960 1786 eorum

2251 1831 2637 1885 ministrabunt
2661 1831 2762 1884 tibi
2791 1832 2936 1889 (1εαὶ.
2979 1831 3086 1899 Lx).
3123 1829 3252 1895 Qui,
3299 1835 3368 1883 ut
3415 1833 3794 1884 notesceret
3841 1847 3962 1900 quae

2253 1931 2486 1980 ventura
2516 1933 2699 1981 essent
2727 1928 2908 1998 genti,
2943 1927 3032 1982 vel
3069 1927 3302 1997 populo,
3335 1943 3474 1997 quae
3509 1927 3593 1980 ab
3641 1928 3837 1980 unius
3866 1928 3960 1980 Ec-

2254 2025 2435 2078 clesia:
2455 2024 2852 2078 communione
2873 2023 3208 2078 recidissent
3231 2025 3369 2094 (sic),
3387 2029 3654 2078 secutus
3689 2031 3822 2080 est:
3847 2043 3963 2095 gens

2255 2123 2414 2184 enim,
2447 2127 2499 2176 et
2522 2137 2764 2189 regnum,
2795 2122 2940 2190 quod
2968 2137 3076 2175 non
3100 2123 3356 2175 servierit
3383 2122 3518 2184 tibi,
3549 2123 3795 2192 peribit
3823 2127 3962 2192 (Isai.

2257 2220 2362 2288 Lv).
2394 2218 2514 2272 Alio
2541 2218 2786 2288 denique
2820 2217 2947 2272 loco
2985 2218 3245 2272 similiter
3286 2218 3369 2272 ait
3430 2235 3445 2272 :
3509 2220 3673 2273 Ecce
3725 2226 3960 2289 gentem,

2257 2332 2421 2386 quam
2443 2316 2724 2370 nesciebas
2750 2315 3000 2380 vocabis;
3029 2319 3080 2369 et
3105 2319 3312 2382 gentes,
3354 2331 3486 2384 qua
3531 2331 3663 2370 non
3709 2333 3964 2384 cognove-

2257 2417 2387 2468 runt
2413 2417 2479 2475 te,
2509 2413 2584 2466 ad
2603 2415 2652 2465 te
2677 2418 2912 2466 cur-rent.
2941 2413 3096 2466 Unus
3119 2411 3276 2466 enim
3302 2417 3392 2466 est
3419 2413 3726 2469 Christus
3775 2415 3965 2469 Domi-

2257 2527 2384 2576 nus,
2407 2509 2568 2580 cujus
2581 2511 2790 2563 estuna
2809 2525 2912 2579 per
2925 2513 3108 2563 totum
3129 2510 3425 2564 mundum
3443 2512 3762 2577 Ecclesia,
3783 2519 3970 2566 sancta

2259 2606 2568 2680 possessio;
2599 2604 2694 2659 ille
2719 2605 2897 2676 igitur
2923 2611 3111 2676 caput,
3143 2611 3200 2661 et
3226 2607 3336 2660 ista
3366 2623 3632 2678 corpus,
3663 2610 3746 2664 de
3769 2611 3970 2681 quibus

2259 2706 2318 2760 in
2347 2704 2622 2776 principio
2648 2702 2880 2757 Genesis
2905 2703 3111 2757 dicitur
3140 2719 3152 2756 :
3184 2705 3367 2758 Erunt
3396 2705 3522 2760 duo
3561 2709 3634 2760 in
3663 2723 3849 2763 carne
3874 2724 3970 2762 una

2263 2799 2466 2865 (Genes.
2495 2799 2551 2868 ιι)
2577 2815 2594 2865 ;
2627 2796 2778 2867 quod
2803 2795 3092 2866 apostolus
3119 2795 3177 2849 in
3209 2796 3443 2850 Christo
3477 2797 3804 2872 intelligit
3841 2807 3898 2855 et
3923 2802 3968 2854 in

2261 2890 2518 2944 Ecclesia.
2552 2890 2696 2942 Dum
2723 2904 2862 2959 ergo
2891 2905 2958 2942 ex
2987 2889 3257 2942 omnibus
3289 2889 3591 2960 gentibus
3639 2909 3843 2948 unam
3867 2894 3972 2946 vult

2259 2983 2509 3037 Christus
2535 2981 2740 3036 habere
2775 2980 3098 3050 Ecclesiam,
3137 2981 3484 3052 quicunque
3523 2990 3878 3040 extraneus
3902 2991 3972 3040 est

2259 3075 2328 3128 ab
2357 3091 2439 3144 ea,
2472 3074 2600 3128 licet
2627 3074 2832 3128 Christi
2869 3073 3106 3127 nomine
3154 3080 3574 3146 nuncupatur,
3629 3079 3865 3134 Christi
3901 3086 3971 3133 ta-

539 3191 792 3260 xxw).'Si
817 3207 954 3262 ergo
978 3191 1246 3246 remansit
1273 3207 1400 3262 pars
1427 3191 1614 3261 aliqua
1653 3192 1870 3260 mundi,
1897 3191 1982 3245 vel
2025 3206 2161 3261 gens
2183 3235 2233 3262 η
2262 3183 2396 3262 ξηθη
2444 3169 2690 3262 (δοίῬίθτίε
2745 3183 3025 3236 compage
3049 3167 3607 3262 _n°n_c99tmetur
3666 3175 3880 3243 (Ephes
3910 3175 3975 3241 τῖ·

541 3283 795 3350 barbara,
823 3301 996 3354 quam
1023 3284 1161 3339 ﬁdes
1184 3299 1297 3338 non
1317 3284 1638 3338 iradiaverit
1661 3283 1886 3352 Christi,
1915 3284 2161 3354 profecto

542 3376 902 3442 credituram,
929 3382 1098 3446 atque
1125 3377 1185 3430 in
1211 3391 1381 3430 unam
1405 3376 1704 3430 Ecclesiam
1728 3391 1844 3430 esse
1869 3380 2162 3430 venturam

542 3468 697 3522 nullo
717 3469 886 3523 modo
911 3469 1254 3536 dubitemus,
1286 3468 1331 3521 si
1356 3483 1421 3523 ea
1439 3485 1567 3540 quas
1588 3468 1858 3523 Dominus
1877 3467 2018 3523 dixit
2035 3483 2166 3523 vera

541 3576 656 3614 esse
685 3564 970 3630 putamus.
999 3562 1164 3632 Ergo,
1194 3561 1414 3629 fratres,
1445 3561 1693 3631 reposita
1718 3563 1802 3615 est
1841 3560 1961 3614 loco
2003 3561 2161 3615 mali-

541 3653 769 3724 gnitatis
793 3653 1030 3723 bonitas,
1053 3657 1108 3708 et
1145 3653 1322 3707 errori
1361 3653 1602 3708 occurrit
1642 3653 1844 3708 veritas
1873 3669 1888 3707 :
1927 3658 1991 3708 ut
2033 3653 2166 3724 quia

539 3750 800 3821 superbia
822 3749 1144 3821 linguarum
1169 3750 1484 3805 diversitate
1514 3749 1583 3804 ab
1606 3750 1818 3804 unione
1849 3755 2042 3818 gentes
2074 3765 2162 3805 se-

542 3845 850 3912 paraverat,
880 3858 972 3896 eas
1017 3858 1210 3896 rursus
1253 3841 1468 3912 gremio
1507 3842 1834 3912 germinatis
1878 3841 2166 3912 colligeret

543 3939 783 3994 Charitas
803 3955 816 4005 ;
835 3942 894 3992 et
909 3938 1389 4009 quemadmodum
1406 3953 1554 3991 unus
1578 3953 1860 4008 possessor
1885 3943 1968 3992 est
1996 3939 2165 3993 totius

542 4031 743 4086 mundi
791 4031 1080 4096 Dominus,
1129 4030 1206 4084 ita
1251 4034 1313 4084 ut
1359 4024 1472 4100 (ita,
1518 4029 1590 4102 et]
1641 4030 2002 4101 possessionis
2045 4030 2164 4100 ejus

545 4127 689 4178 esset
713 4138 894 4176 unum
923 4139 1039 4189 cor,
1063 4128 1120 4178 et
1160 4123 1384 4176 animus
1411 4139 1557 4176 unus
1590 4139 1603 4176 :
1640 4125 1762 4177 Pete
1795 4139 1830 4176 a
1867 4138 1948 4177 me
1981 4123 2090 4192 (ait)
2119 4128 2169 4178 et

545 4215 683 4270 dabo
723 4216 824 4269 tibi
862 4220 1038 4282 gentes
1082 4217 1449 4270 hereditatem
1492 4221 1660 4281 tuam,
1704 4219 1755 4268 et
1789 4219 2168 4285 possessionem

544 4313 693 4362 tuam
717 4311 962 4364 terminos
990 4313 1143 4364 terra
1177 4309 1396 4378 (Psalm.
1421 4308 1515 4377 11);
1541 4311 1838 4378 propterea
1865 4311 1919 4360 et
1950 4323 2014 4362 ex
2051 4323 2168 4362 uno

545 4400 775 4456 homine
805 4406 1176 4472 propagatum
1215 4405 1299 4455 est
1334 4399 1838 4464 omnehominum
1879 4415 2075 4470 genus,
2102 4402 2168 4453 ut

544 4498 641 4569 qui
663 4513 732 4551 ex
752 4513 866 4552 uno
885 4497 981 4552 illo
997 4498 1367 4569 procederent
1387 4512 1569 4550 unum
1585 4500 1868 4566 saperent,
1889 4496 2166 4550 unitatem

2181 3235 2235 3308 (ἶ
2261 3260 2496 3313 Han-esis
2516 3259 2688 3328 enim,
2714 3275 2841 3330 quae
2873 3259 3089 3330 respuit
3115 3259 3421 3313 catholicas
3447 3262 3766 3319 Ecclesiae
3793 3267 3974 3320 unita-

2261 3360 2396 3421 tem,
2439 3373 2504 3410 eo
2547 3355 2697 3426 quod
2741 3356 3058 3411 adulterino
3103 3373 3302 3412 amore
3347 3358 3585 3432 diligat
3643 3365 3975 3429 Christum,

2261 3469 2376 3508 non
2404 3453 2612 3522 uxoris,
2641 3453 2739 3508 sed
2765 3453 3096 3507 concubinae
3134 3453 3358 3510 obtinet
3402 3456 3661 3516 locum.
3695 3462 3974 3526 Quoniam

2262 3567 2460 3604 revera
2482 3550 2621 3604 duos
2646 3549 2779 3604 dicit
2803 3549 3093 3620 Scriptura
3121 3566 3246 3606 esse
3289 3551 3351 3606 in
3389 3569 3595 3612 carne
3630 3575 3770 3613 una
3795 3578 3814 3628 ;
3843 3560 3976 3614 vide-

2262 3648 2394 3702 licet
2431 3647 2716 3702 Christum
2755 3649 2812 3702 et
2855 3647 3182 3717 ecclesiam,
3230 3665 3352 3720 quo
3407 3651 3644 3710 locum
3703 3657 3976 3712 meretrix

2263 3745 2484 3798 nullum
2522 3744 2737 3799 invenit
2765 3739 3020 3799 tertium.
3058 3747 3178 3799 Una
3217 3751 3300 3800 est
3343 3750 3504 3803 enim
3543 3751 3667 3822 (ait
3693 3755 3977 3820 Christus)

2263 3843 2438 3896 amica
2483 3857 2622 3903 mea,
2663 3857 2772 3896 una
2813 3846 2890 3896 est
2930 3857 3132 3911 sponsa
3175 3859 3320 3906 mea,
3365 3861 3498 3901 una
3548 3857 3648 3906 est
3697 3856 3976 3921 genitricis

2262 3953 2372 3992 sua
2397 3939 2514 4007 ﬁlia
2540 3937 2716 4006 (Cant.
2748 3939 2844 4009 γι).
2874 3939 2954 3993 De
2979 3955 3094 4010 quo
3120 3939 3262 3995 item
3284 3941 3512 3999 eadem
3545 3947 3836 4006 Ecclesia
3861 3968 3973 4020 pro-

2265 4035 2488 4089 nuntiat
2511 4034 2740 4090 dicens?
2761 4037 2876 4104 Ego
2902 4037 3095 4092 dilecto
3123 4054 3269 4105 meo;
3298 4043 3352 4094 et
3372 4041 3648 4102 dilectus
3669 4065 3834 4105 meus
3856 4051 3976 4103 mihi

2267 4133 2442 4201 (Cant.
2459 4131 2577 4202 vn).
2599 4132 2868 4196 Quaerant
2893 4149 3045 4188 nunc
3068 4135 3339 4205 haereses,
3364 4154 3400 4192 a
3421 4157 3561 4210 quo
3582 4151 3974 4219 constupren-

2266 4233 2360 4282 tur
2369 4229 2451 4282 vel
2463 4228 2622 4298 cujus
2633 4229 2747 4282 sint
2759 4231 3144 4300 prostibulum
3157 4233 3687 4306 factaezquoniam
3703 4243 3785 4298 ab
3799 4244 3980 4300 imma-

2267 4325 2448 4378 culato
2460 4329 2586 4379 toro
2600 4331 2955 4380 recesserunt
2965 4327 3176 4382 Christi
3185 4347 3199 4396 ;
3208 4345 3243 4383 a
3256 4347 3376 4400 quo
3391 4342 3656 4404 quanto
3668 4341 3978 4411 pretiosam

2268 4437 2385 4475 esse
2397 4421 2654 4475 novimus
2665 4421 2926 4492 copulam
2941 4424 3256 4496 charitatis,
3277 4432 3447 4482 tanto
3473 4433 3694 4490 Deum
3720 4438 3840 4493 hac
3859 4440 3980 4494 cele—

2268 4519 2470 4574 britate
2498 4519 2797 4575 laudemus
2827 4536 2840 4574 :
2871 4522 3027 4592 quod
3060 4527 3284 4593 gentes,
3311 4543 3425 4596 pro
3467 4533 3724 4601 quibus
3759 4538 3980 4608 sanguis

542 4597 858 4692 (Ῑιξξθτξπθῖξῖ
882 4595 938 4644 et
962 4591 1280 4692 ἀίίίξθΓθῖξί·
1309 4590 1456 4692 9rd?
1506 4589 1944 4692 eligoonfltumhs
1987 4606 2162 4692 e_xP°'
2185 4596 2244 4667 Β
2265 4618 2418 4672 fusus
2446 4617 2731 4688 Unigeniti
2755 4619 2863 4685 sui,
2892 4636 3007 4672 non
3035 4637 3236 4692 passus
3265 4627 3356 4677 est
3386 4589 3580 4684 extra
3615 4649 3822 4690 unum
3851 4589 3979 4690 ovvile

543 4683 645 4738 scit
659 4687 721 4737 ut
734 4683 832 4754 qui
855 4700 925 4737 ex
946 4701 1058 4738 uno
1080 4683 1309 4736 homine
1330 4683 1565 4738 trahunt
1583 4681 1884 4752 originem,
1908 4687 2166 4737 mutuam

542 4779 770 4830 teneant
804 4776 1164 4830 charitatem:
1196 4791 1298 4829 nec
1324 4775 1654 4830 dissentiant
1693 4789 1726 4827 a
1753 4773 1886 4828 ﬁdei
1912 4775 2164 4844 veritate,

541 4867 638 4938 qui
679 4885 792 4922 non
819 4869 1222 4938 disjunguntur
1261 4866 1503 4922 naturali
1549 4866 1877 4936 propagine.
1924 4867 2168 4921 Hmreses

544 4975 696 5028 vero,
727 4966 784 5014 et
811 4960 1106 5015 divisiones
1143 4976 1174 5014 e
1214 4959 1367 5014 fonte
1406 4963 1635 5014 manant
1672 4957 1970 5026 vitiorum;
2011 4959 2166 5012 unde

543 5052 794 5122 quisquis
814 5053 883 5106 ad
906 5053 1196 5108 lenitatem
1235 5051 1402 5121 venit,
1431 5068 1499 5106 ex
1528 5051 1660 5105 vitio
1685 5051 1754 5104 ad
1783 5053 2046 5104 naturam
2071 5067 2166 5104 re-

547 5143 630 5196 dit
656 5160 669 5196 :
698 5145 828 5214 quia
853 5145 994 5198 sicut
1018 5150 1234 5198 natura:
1263 5151 1346 5198 est
1369 5143 1489 5198 ﬁeri
1522 5159 1592 5198 ex
1621 5143 1875 5214 pluribus
1893 5141 2169 5196 unitatem

547 5234 740 5302 (Forte,
781 5236 848 5290 ad
888 5237 1202 5306 unitatem],
1245 5236 1322 5290 sic
1368 5241 1452 5290 est
1493 5235 1630 5304 vitii,
1674 5234 2039 5289 fraternitatis
2067 5235 2167 5290 de-

549 5326 753 5380 clinare
804 5328 1179 5384 dulcedinem.
1225 5328 1526 5398 Erigamur
1553 5343 1689 5397 ergo
1715 5331 1830 5380 tota
1872 5331 2082 5392 mente,
2109 5326 2166 5379 in

549 5419 782 5487 gaudio;
813 5425 878 5473 ut
904 5420 1036 5490 quia
1063 5425 1254 5489 gentes
1289 5419 1474 5474 studio
1509 5418 1830 5474 decertandi
1863 5418 2169 5488 perierant,

549 5509 772 5564 sibimet
797 5511 858 5564 in
883 5509 1187 5563 amicitiam
1224 5511 1474 5566 Christus
1502 5527 1676 5565 unam
1702 5510 2003 5564 Ecclesiam
2035 5526 2170 5582 pro-

547 5605 790 5668 curaret,
821 5601 880 5654 in
907 5615 1021 5670 qua
1047 5615 1138 5654 eas
1164 5617 1354 5656 rursus
1396 5602 1688 5658 reduceret
1715 5602 2010 5656 concordia
2033 5602 2170 5656 cha-

546 5693 745 5748 ritatis.
765 5694 840 5746 De
863 5693 966 5745 hac
986 5692 1236 5762 profecto
1257 5694 1495 5748 Ecclesia
1517 5694 1854 5748 vaticinatur
1873 5694 2169 5766 prepheta,

549 5785 771 5839 dicens:
803 5787 994 5838 Domus
1042 5799 1159 5837 mea
1204 5785 1392 5838 domus
1433 5788 1690 5840 orationis
1738 5787 2012 5840 vocabitur
2057 5803 2170 5841 om-

549 5877 706 5930 nibus
753 5876 998 5942 gentibus
1041 5876 1165 5945 (Isa.
1198 5881 1254 5947 11)
1273 5892 1291 5946 ς
1329 5879 1383 5930 et
1423 5876 1630 5933 iterum
1661 5893 1674 5932 :
1704 5880 1825 5934 Erit
1865 5879 2084 5950 (inquit)
2115 5881 2173 5934 in

2265 4715 2470 4770 diaboli
2498 4715 2761 4770 dentibus
2804 4715 3081 4770 devorari.
3111 4717 3334 4787 Lugeat
3379 4721 3600 4793 igitur
3651 4737 3980 4788 veternosus

2269 4813 2456 4886 prazdo
2483 4828 2641 4866 suam
2672 4812 2922 4882 praedam
2953 4813 3229 4883 amisisse,
3263 4816 3411 4886 quia
3443 4819 3811 4896 impletum
3844 4831 3979 4884 vide-

2269 4925 2396 4962 mus
2452 4909 2602 4979 quod
2655 4909 2930 4978 propheta
2974 4911 3324 4968 vaticinante
3397 4919 3784 4980 audivimus
3848 4929 3974 4996 (Ism'.

2270 5006 2407 5076 nix)
2450 5023 2466 5059 :
2507 5006 2772 5074 Equidem
2806 5005 3031 5077 (inquit)
3060 5009 3171 5062 haec
3219 5015 3551 5080 captivitas
3618 5039 3662 5075 a
3707 5026 3859 5090 forti
3897 5025 3976 5078 ml.

2270 5105 2401 5156 litur
2430 5101 2709 5174 [tolletur],
2741 5107 2794 5158 et
2821 5105 2965 5172 quod
2991 5105 3240 5160 ablatum
3266 5110 3478 5174 fuerat
3517 5133 3565 5170 α
3595 5122 3860 5185 robusto,
3889 5123 3977 5176 εαι-

2269 5205 2433 5255 vatur
2468 5198 2806 5271 [salvabitur]
2835 5217 2848 5265 ;
2877 5201 3154 5271 parietem
3204 5205 3372 5260 enim
3417 5208 3800 5290 discordiae,
3833 5236 3980 5292 quem

2269 5297 2636 5352 fabricaverat
2659 5297 2938 5364 diabolus,
2969 5314 3078 5368 pax
3105 5299 3322 5355 Christi
3368 5305 3708 5370 destruxit
3765 5335 3780 5371 :
3815 5325 3872 5372 et
3899 5318 3978 5368 do-

2269 5412 2415 5464 mus,
2435 5411 2562 5466 qua:
2591 5395 2861 5450 divisione
2880 5395 2940 5450 in
2961 5399 3228 5452 mutuam
3258 5405 3555 5462 certabat
3599 5416 3864 5483 caedem,
3891 5432 3977 5469 uno

2263 5493 2384 5563 jam
2427 5493 2650 5548 Christo
2687 5493 2873 5564 lapide
2915 5493 3180 5564 angulari
3234 5501 3698 5576 conjungitur.
3737 5515 3975 5569 meum

2271 5602 2408 5657 ergo
2435 5601 2628 5640 omnes
2659 5601 2672 5640 :
2705 5585 2892 5641 Gloria
2924 5588 2986 5640 in
3022 5589 3246 5644 excelsis
3272 5593 3416 5656 Deo,
3451 5603 3512 5650 et
3567 5604 3645 5658 in
3702 5611 3858 5663 terra
3888 5621 3978 5678 per

2271 5684 2571 5738 hominibus
2627 5683 2770 5737 bonae
2825 5682 3126 5738 voluntatis
3177 5685 3338 5754 (Luc.
3371 5690 3464 5758 ιι).
3523 5697 3800 5759 Nullum
3851 5705 3974 5760 enim

2272 5781 2574 5850 praemium
2599 5778 2860 5835 charitati
2887 5786 3321 5850 compensatur.
3357 5789 3520 5846 Inde
3560 5804 3756 5857 omni
3799 5803 3974 5874 gaudii;

2270 5877 2646 5950 praeponitur,
2679 5875 2811 5950 quia
2835 5880 2894 5933 et
2919 5876 3168 5934 charitas
3208 5879 3374 5941 facta
3399 5893 3523 5963 est,
3549 5909 3710 5968 quae
3747 5901 3974 5957 omnium
