4022 6404
169 345 268 399 897
1230 344 1546 402 ANTONINI
1582 345 1978 403 PLACENTINI
2017 347 2474 406 ITINERARIUM.
3418 361 3522 416 898

165 447 434 504 virtutem
479 448 706 504 obtinet
739 449 1145 524 principatum.
1193 451 1468 525 Superest
1505 457 1700 509 autem
1738 459 1800 509 ut
1821 468 1876 541 Α
1897 455 2015 523 stis,
2047 457 2226 512 Deum
2255 457 2519 529 precibus
2547 457 2852 528 adeamus;
2879 463 2944 516 ut
2972 478 3238 534 regnum,
3269 468 3327 520 et
3353 482 3516 538 gens,

167 542 528 597 unanimiter
561 560 743 598 unum
779 561 980 600 omnes
1014 562 1263 617 regnum
1304 547 1511 615 effecti,
1544 550 1662 602 tam
1692 565 1798 619 pro
1899 566 2028 620 quas
2053 550 2338 606 Christum
2377 552 2714 622 gloriﬁcavit
2757 553 2817 609 in
2855 556 3042 626 terris,
3073 557 3423 628 gloriﬁcetur
3450 561 3521 615 ab

167 635 476 690 stabilitate
509 637 674 707 regni
704 639 941 706 terreni,
963 655 1135 711 quam
1159 639 1426 696 felicitate
1450 641 1617 712 regni
1642 643 1799 698 coale-
1895 641 1992 698 illo
2023 659 2140 698 non
2173 645 2356 699 solum
2385 645 2444 699 in
2475 646 2661 714 terris,
2695 647 2795 702 sed
2828 648 3003 704 etiam
3031 650 3091 704 in
3121 652 3291 707 caelis.
3319 655 3519 710 Amen.

177 802 3512 850 ὼ

600 910 1565 1111 auct-anns
1685 993 2188 1114 mam

1496 994 1565 1110 Β
1685 993 2435 1114 ιΝαΕιιτι
2559 987 3084 1121 ANNI.

717 1389 1672 1613 ANTONINUS
1764 1381 2999 1618 PLACEN’I‘INUS’.

1462 1887 1779 1943 ANTONINI
1816 1887 2217 1946 PLACENTINI

1272 2018 2424 2133 ITINERARIUM.

1510 2191 1762 2252 (Bolland.
1792 2191 1911 2242 Maii
1934 2195 2062 2243 tom.
2093 2193 2175 2255 II.)

173 1734 3514 1766 ..Ψ-*Μ*

1546 2446 2138 2522 PROLOGUS.

229 2704 591 2760 Tornacense
617 2721 727 2760 ms.
757 2706 986 2761 titulum
1017 2706 1168 2761 hunc
1199 2707 1434 2778 prefert
1463 2724 1475 2763 :
1505 2713 1580 2764 De
1601 2709 1726 2764 locis
1746 2713 1950 2766 sanctis
1970 2711 2503 2782 quw'perambulavit
2523 2713 2704 2768 beatus
2731 2715 3038 2770 Antoninus
3061 2720 3292 2784 martyr.
3313 2716 3516 2772 Biblio-

163 2793 336 2849 theca),
367 2797 570 2850 autem
587 2795 874 2850 Vaticana
897 2796 1085 2852 Codex
1124 2796 1226 2851 sub
1254 2813 1496 2852 numero
1532 2801 1654 2867 636,
1679 2799 1768 2854 cui
1795 2799 1989 2854 titulus
2008 2800 2172 2855 Bedae
2199 2803 2258 2854 et
2281 2800 2546 2867 aliorum,
2567 2803 2902 2873 opusculum
2925 2803 3084 2858 idem
3107 2805 3185 2858 sic
3215 2805 3469 2860 inscribit
3497 2825 3510 2862 :

161 2883 362 2939 Relatio
385 2887 547 2940 Beati
567 2885 834 2940 Antonini
856 2888 1138 2955 martyris.
1167 2890 1240 2942 De
1263 2888 1379 2950 hoc,
1413 2887 1602 2958 inquit
1627 2890 1797 2942 Pater
1827 2889 2025 2944 Daniel
2059 2906 2092 2942 a
2117 2890 2347 2960 Virgine
2391 2891 2565 2945 Maria
2593 2891 2652 2944 in
2689 2894 2860 2948 Vinea
2887 2894 3121 2951 Carmeli
3152 2911 3312 2948 num.
3355 2897 3510 2962 1331,

159 2971 406 3027 Molanus
425 2973 486 3027 in
506 2973 911 3046 Martyrologio
934 2975 1008 3030 ad
1029 2975 1184 3030 diem
1208 2978 1271 3031 13
1291 2977 1644 3047 Novembris,
1665 2979 1954 3033 Placentiae
1978 2980 2249 3035 Revelatio
2276 2983 2453 3035 sancti
2475 2981 2742 3036 Antonini
2762 2985 3042 3052 martyris.
3073 2983 3184 3038 Sed
3215 2983 3518 3038 addiderat

160 3061 433 3128 notulam,
461 3063 529 3115 ut
561 3061 911 3132 signiﬁcaret
939 3063 1150 3118 festum
1180 3064 1289 3119 hoc
1320 3081 1443 3118 esse
1463 3067 1656 3120 minus
1675 3066 1991 3137 principale
2021 3067 2183 3121 istius
2213 3069 2415 3136 sancti,
2451 3086 2555 3122 nec
2575 3069 2634 3123 in
2660 3071 2918 3126 Usuardo
2945 3074 3264 3142 repertum,
3293 3072 3394 3126 sed
3420 3073 3516 3127 ali-

159 3150 308 3205 unde
350 3154 676 3222 acceptum.
708 3152 1024 3224 Principale
1053 3156 1244 3208 autem
1275 3155 1487 3208 festum
1516 3158 1636 3210 tam
1663 3155 1817 3226 apud
1844 3155 2132 3227 antiquos,
2163 3175 2336 3229 quam
2384 3158 2442 3212 in
2470 3159 2731 3215 Romano
2765 3160 3044 3216 hodierno
3071 3164 3306 3215 notatur
3334 3161 3424 3216 die
3451 3163 3516 3228 3O

161 3241 545 3312 Septembris;
569 3243 668 3298 ubi
687 3242 964 3298 Baronius
989 3244 1266 3298 lectorem
1292 3243 1534 3298 remittit
1558 3243 1632 3298 ad
1656 3245 1890 3298 Petrum
1924 3244 1994 3300 de
2011 3246 2302 3301 Natalibus
2321 3246 2418 3301 lib.
2445 3264 2560 3316 νηί,
2581 3265 2708 3319 cap.
2741 3252 2858 3304 133.
2881 3250 2995 3305 Cur
3022 3249 3132 3304 huc
3160 3267 3278 3304 non
3298 3249 3516 3304 remisit

159 3351 259 3389 nos
281 3337 452 3390 Pater
477 3332 724 3390 Daniel?
770 3332 1126 3403 Legissemus
1157 3332 1236 3386 ibi
1278 3332 1433 3404 quod
1467 3353 1495 3381 «
1524 3333 1763 3388 Sanctus
1793 3333 2118 3388 Antoninus
2158 3338 2442 3406 martyr...
2485 3336 2556 3390 de
2594 3337 2942 3392 Placentinis
2979 3338 3190 3392 finibus
3231 3354 3512 3408 egressus,

158 3441 258 3496 per
281 3424 596 3480 orientales
626 3421 948 3494 provincias
977 3421 1367 3492 pertransivit,
1397 3425 1453 3478 et
1471 3423 1653 3478 multa
1683 3421 1963 3477 miracula
1993 3423 2148 3491 fecit,
2173 3423 2408 3478 demum
2435 3425 2506 3479 ab
2537 3425 2860 3480 infidelibus
2881 3429 3092 3492 tentus,
3117 3431 3174 3480 et
3192 3426 3376 3497 capite
3405 3443 3515 3482 cae.-

159 3530 248 3568 sus
273 3515 526 3586 glorioso
557 3511 834 3582 martyrio
857 3514 1162 3565 coronatus
1182 3513 1303 3567 est?
1333 3533 1359 3560 «
1383 3511 1496 3566 Sed
1522 3512 1632 3567 ista
1654 3513 1930 3583 legentes,
1966 3511 2141 3566 etiam
2171 3513 2524 3583 legissemus,
2553 3515 2709 3584 quod
2731 3515 2835 3568 iste
2877 3537 2904 3564 «
2944 3518 3174 3569 sanctus
3197 3515 3518 3570 Antoninus

157 3603 261 3658 fuit
287 3621 356 3658 ex
390 3619 556 3659 sacra
587 3601 817 3672 legione
855 3600 1252 3670 Thebanorum,
1285 3605 1346 3656 et
1373 3601 1560 3656 socius
1595 3602 1752 3656 beati
1792 3601 2037 3656 Mauritii
2077 3603 2367 3673 martyris.
2401 3626 2428 3653 »
2473 3605 2587 3659 Hoc
2627 3607 2822 3659 autem
2863 3604 3115 3658 indicare
3144 3604 3360 3672 lectori,
3391 3611 3515 3660 erat

157 3699 410 3748 evertere
440 3695 628 3747 totam
659 3689 1062 3744 auctoritatem
1089 3690 1212 3760 ejus
1232 3691 1446 3761 scripti,
1475 3691 1566 3745 cui
1593 3707 1820 3745 summa
1841 3690 1984 3744 fides
2009 3692 2425 3762 postulabatur.
2459 3693 2606 3747 Fieri
2636 3693 2793 3747 enim
2836 3710 2952 3748 non
2982 3696 3226 3764 poterat,
3261 3697 3324 3746 ut
3357 3693 3512 3747 idem

159 3781 256 3834 sub
287 3781 646 3837 Diocletiano
677 3795 744 3833 ac
773 3778 1116 3834 Maximiano
1145 3778 1590 3849 imperatoribus
1613 3779 1930 3847 militasset,
1963 3779 2104 3834 duce
2133 3783 2330 3835 sancto
2366 3781 2647 3847 Mauritio,
2675 3782 2836 3852 cujus
2861 3781 3204 3853 martyrium
3230 3798 3381 3836 anno
3411 3784 3514 3836 297

158 3870 384 3925 ascribit
409 3869 692 3925 Baronius
717 3885 730 3934 ;
755 3871 813 3922 et
839 3884 906 3922 ea
938 3868 1133 3922 omnia
1161 3869 1470 3938 reperisset
1489 3870 1546 3924 in
1573 3871 1749 3924 Terra
1775 3871 2000 3937 Sancta,
2029 3886 2156 3941 qua:
2186 3869 2278 3924 hic
2311 3874 2642 3938 narrantur,
2677 3887 2918 3942 quaeque
2950 3888 3069 3926 non
3095 3871 3202 3925 nisi
3225 3871 3330 3925 sub
3364 3873 3512 3926 Con-

155 3960 401 4016 stantino
420 3960 630 4031 Magno
653 3961 950 4029 coeperunt
967 3957 1354 4023 innotescere;
1387 3961 1450 4012 ut
1475 3958 1546 4012 de
1569 3958 1889 4014 Iustiniano
1910 3958 2054 4012 nihil
2075 3957 2287 4026 dicam,
2310 3959 2472 4030 cujus
2486 3960 2578 4014 hic
2599 3960 2820 4016 mentio
2843 3961 2907 4014 fit
2927 3959 3250 4030 aliquoties,
3280 3963 3338 4013 et
3351 3959 3513 4028 cujus

153 4047 462 4121 imperium
489 4048 661 4119 coepit
684 4063 838 4101 anno
871 4050 992 4102 527.
1022 4047 1140 4118 Ego
1161 4050 1222 4101 ut
1247 4047 1543 4102 neminem
1574 4047 1665 4102 hic
1694 4064 1920 4115 accuso,
1949 4048 2028 4102 sic
2053 4065 2160 4103 nec
2189 4051 2328 4120 puto
2361 4049 2502 4103 mihi
2527 4049 2890 4120 sequendum
2921 4049 3245 4120 exemplum
3275 4049 3424 4114 tale;
3457 4052 3514 4101 et

154 4137 354 4194 Leonis
381 4137 578 4193 Allatii
599 4136 883 4207 judicium
908 4135 1098 4203 laudo,
1130 4137 1226 4207 qui
1245 4136 1530 4191 Vaticanze
1554 4137 1920 4191 Bibliotheca:
1940 4143 2322 4192 monumenta
2341 4139 2540 4194 omnia
2561 4139 2862 4194 notissima
2883 4139 3123 4205 habens,
3147 4137 3257 4192 alia
3279 4138 3512 4208 quidem

155 4226 285 4282 inde
311 4226 596 4298 excerpsit
633 4226 957 4297 Symmictis
985 4226 1101 4279 suis
1130 4226 1530 4296 adjungenda;
1565 4227 1665 4281 sed
1693 4227 2056 4282 ltincrarium
2082 4227 2138 4282 S.
2167 4228 2445 4283 Antonini
2477 4229 2749 4300 martyris
2780 4245 2993 4284 nomen
3027 4229 3359 4300 praeferens,
3391 4227 3515 4282 luce

154 4317 378 4389 publica
397 4317 709 4386 indignum
737 4316 976 4370 censuit.
1003 4316 1094 4371 Sic
1119 4322 1315 4371 autem
1337 4317 1576 4384 censuit,
1604 4334 1722 4372 non
1742 4320 1967 4371 tantum
1991 4317 2126 4388 quia
2149 4319 2396 4390 tempori
2423 4336 2537 4374 non
2567 4337 2668 4374 suo
2691 4320 3024 4390 ascriptum,
3049 4319 3150 4372 sed
3173 4318 3308 4390 quia
3328 4318 3513 4388 ipsum

155 4404 505 4474 inveniebat,
539 4421 658 4476 pra:
683 4405 807 4459 aliis
838 4405 1040 4460 similis
1067 4406 1394 4477 argumenti
1434 4405 1644 4460 Latinis
1685 4406 1926 4478 scriptis,
1961 4407 2239 4462 refertum
2267 4408 2486 4462 fabellis
2512 4409 2682 4479 plane
2714 4408 2980 4474 anilibus,
3009 4423 3151 4478 quas
3182 4407 3348 4461 nobis
3379 4407 3514 4461 satis

158 4495 263 4550 erit
281 4495 556 4550 asterisco
573 4498 595 4517 "
608 4498 830 4562 notare,
847 4498 910 4550 ut
921 4495 1183 4550 animum
1197 4495 1666 4552 advertatlector.
1687 4497 1758 4550 Iis
1771 4511 1964 4568 porro,
1986 4496 2085 4567 qui
2099 4497 2270 4567 paulo
2285 4497 2573 4552 notiorem
2593 4497 3071 4552 habentlocorum
3087 4495 3277 4562 situm,
3299 4495 3511 4566 quique

159 4584 296 4640 alias
310 4587 582 4656 legerunt
607 4583 899 4639 itineraria
918 4602 1080 4640 sacra
1100 4589 1271 4657 atque
1293 4587 1555 4658 profana,
1577 4584 2060 4641 considerandum
2101 4585 2386 4656 relinquo,
2411 4589 2603 4641 utrum
2624 4587 2681 4640 in
2700 4585 2808 4640 hac
2829 4585 3104 4640 relatione
3122 4583 3364 4638 inveniri
3389 4601 3515 4654 pos-

159 4673 230 4728 sit
252 4673 737 4729 verisimilisratio
762 4673 982 4730 itineris
1007 4675 1272 4746 alicujus;
1289 4675 1387 4730 ubi
1411 4676 1550 4730 nihil
1565 4675 1893 4732 ordinatum
1910 4674 2336 4746 digestumque,
2355 4691 2420 4728 ex
2434 4692 2593 4730 more
2612 4691 2814 4729 eorum
2835 4675 2933 4744 qui
2952 4673 3270 4745 prudenter
3282 4676 3340 4726 et
3355 4677 3511 4726 certo

159 4762 328 4819 ductu
350 4764 834 4836 peregrinantur;
865 4763 1452 4834 sedjconfusa’omnia,
1481 4765 1637 4818 velut
1664 4765 1707 4819 si
1737 4781 1843 4836 per
1871 4762 2162 4818 somnium
2195 4779 2286 4816 res
2312 4766 2516 4835 agatur
2537 4763 2594 4816 in
2623 4765 2838 4828 mente,
2869 4778 2986 4816 non
3009 4763 3204 4815 autem
3231 4775 3510 4831 corporeo

156 4858 315 4910 motu
345 4871 520 4926 super
538 4859 776 4909 terram.
804 4855 1072 4908 Antonini
1091 4855 1392 4910 Placentini
1405 4856 1756 4909 Itinerarium
1776 4851 2108 4924 simpliciter
2127 4852 2344 4920 vocavi,
2365 4857 2426 4907 ut
2440 4869 2628 4924 neque
2652 4868 2910 4908 errorem
2935 4848 3259 4906 evidentem
3285 4852 3512 4903 secutus

157 4943 370 5012 videar,
399 4945 444 4998 si
465 4943 742 5014 scripsero
766 4946 1062 5012 Martyrem
1081 4962 1099 5011 ;
1121 4961 1313 5015 neque
1342 4960 1573 5015 prorsus
1595 4961 1628 4998 a
1641 4944 1767 5015 jam
1789 4947 1928 4998 nota
1954 4943 2338 5014 appellatione
2361 4943 2648 5010 recedam,
2678 4941 2724 4996 si
2751 4941 2964 4997 omisso
2988 4939 3224 4996 nomine
3247 4941 3516 4995 Antonini

156 5047 432 5089 vocavere
461 5034 742 5102 Anonymi
760 5035 1128 5099 Itinerarium;
1159 5037 1420 5104 respectu
1452 5033 1700 5089 auctoris
1722 5049 1938 5088 nomen
1969 5048 2136 5086 suum
2172 5049 2290 5087 non
2323 5031 2714 5103 exprimentis.
2739 5032 2897 5086 Nunc
2923 5031 3112 5102 ipsum
3143 5030 3292 5100 lege,
3316 5032 3376 5084 et
3415 5028 3510 5083 ad-

158 5123 488 5179 notationes
531 5123 634 5177 sub
677 5126 832 5177 textu
880 5122 1188 5194 appositas.
1237 5125 1307 5178 Ut
1330 5139 1465 5178 vero
1493 5123 1669 5178 etiam
1702 5123 2029 5177 discernere
2055 5123 2243 5176 valeas
2287 5139 2356 5176 ea
2382 5123 2528 5187 loca,
2562 5138 2690 5192 quae
2719 5121 2850 5176 hinc
2881 5123 3148 5192 excerpta
3181 5117 3344 5173 nobis
3375 5117 3514 5188 obji-

158 5211 405 5283 ciuntur,
432 5217 711 5286 tanquam
736 5212 1025 5268 luculenta
1044 5216 1346 5284 praetensas
1367 5211 1727 5284 antiquitatis
1749 5212 2117 5278 documenta,
2147 5210 2360 5281 placuit
2380 5210 2476 5265 illa
2500 5209 2690 5264 Italico
2710 5210 3041 5264 charactere
3073 5211 3508 5280 repraesentare.

228 5403 248 5425 ”
274 5403 488 5472 Martyr
510 5400 716 5456 saeculo
742 5416 824 5466 vx;
859 5397 1420 5472 subZCujus‘nomine
1451 5398 1668 5472 incerta
1697 5399 1808 5453 ﬁde
1838 5399 2417 5472 ferturLItinei-arium
2446 5399 2511 5452 de
2541 5399 2671 5472 locis
2695 5400 2873 5472 Terre;
2911 5397 3264 5472 sanctaque:
3291 5410 3509 5472 peram-

160 5469 388 5544 bulavit,
414 5465 780 5544 praemissum
796 5465 839 5544 Aa
865 5465 1257 5544 Papebrochio
1285 5468 1824 5544 Ac_tis_Sanct_orum,
1844 5473 2015 5544 torno
2048 5471 2090 5544 11
2117 5469 2267 5544 Maii,
2297 5469 2628 5540 Antuerpiaa
2658 5471 2812 5536 1680,
2846 5469 3063 5532 in-fol.,
3087 5465 3260 5538 atque
3289 5465 3506 5521 editum

155 5538 474 5615 primum'a
499 5542 734 5599 Claudio
762 5538 1054 5598 Menardo.
1083 5538 1378 5609 Andegavi
1409 5539 1524 5592 sive
1551 5540 1743 5594 Julion

657 5542 734 5597 lio
762 5538 1054 5598 Menardo.
1083 5538 1378 5609 Andegavi
1409 5539 1524 5592 sive
1551 5539 1860 5610 Juliomagi
1887 5541 2041 5606 1640,
2075 5539 2245 5594 ἰη-4ο.
