4022 6432
1160 355 1480 414 ΑΝΤΟΝΙΝΙ
1521 357 1741 414 ΡΙιΑΟΕξ

1851 357 1920 413 Nl
1960 354 2422 416 lTlNERARIUM.
3357 359 3460 414 902

117 367 209 419 901

125 469 274 525 debat
296 463 596 521 infantibus
628 480 642 519 :
676 480 805 536 quin
832 464 984 520 trabs
1005 465 1026 490 ‘
1052 481 1086 520 a
1109 465 1442 522 Christianis
1484 465 1732 538 agitatur
1751 476 1811 550 Α
1829 469 2138 538 vespertina
2155 467 2494 522 mandantur
2517 468 2756 523 thermae.
2770 468 2915 524 Ante
2944 465 3276 540 ipsumvero
3290 465 3466 522 cliba-

123 567 172 616 et
195 559 528 626 sublevatur;
559 557 737 612 Judaei
785 575 917 613 vero
961 575 1085 614 eam
1121 559 1281 614 nullo
1307 559 1478 614 modo
1514 559 1728 630 agitare
1830 575 1972 614 num
2006 560 2224 632 grande
2248 563 2332 614 est
2357 559 2583 631 solium,
2612 561 2765 632 quod
2789 560 2928 616 dum
2962 560 3265 632 impletum
3300 559 3474 616 fuerit

124 657 368 725 possunt:
397 651 489 706 sed
510 667 610 705 nec
637 652 920 723 permittit
939 668 997 706 se
1023 653 1172 707 foras
1198 652 1339 707 tolli.
1372 653 1582 708 Domus
1611 669 1733 706 san-
1830 653 2018 708 omnia
2039 653 2182 708 ostia
2207 653 2582 710 clauduntur:
2615 660 2672 711 et
2689 671 2794 726 per
2821 654 3029 711 ostium
3055 653 3364 709 mittuntur
3389 653 3470 708 in—

126 751 222 814 cta,
249 745 466 799 basilica
493 749 604 811 est;
631 748 688 798 et
711 745 890 800 multa
931 748 1066 800 sunt
1088 745 1168 800 ibi
1206 743 1479 800 beneﬁcia
1513 745 1582 800 de
1637 761 1730 800 ve-
1830 749 1922 800 tus
1949 745 2254 801 luminaria
2279 751 2336 802 et
2374 747 2707 818 incensum;
2746 753 2805 803 et
2847 747 3047 802 sedent
3081 747 3140 801 in
3185 746 3292 802 isto
3331 745 3470 801 solio

125 837 378 892 stimentis
407 837 546 908 ejus.
569 838 632 892 In
657 837 877 892 civitate
913 854 1045 893 vero
1073 841 1227 892 tanta
1264 841 1348 892 est
1385 837 1564 910 gratia
1601 855 1728 893 mu-
1830 843 1947 894 tota
1968 842 2132 894 nocte
2163 856 2176 894 :
2207 845 2263 895 et
2300 841 2440 894 dum
2478 842 2722 912 soporati
2761 839 3002 910 fuerint,
3045 837 3194 894 videt
3238 839 3332 894 ille
3369 839 3467 910 qui

124 931 309 986 lierum
327 930 724 997 Haabraiarum,
750 935 814 985 ut
831 930 982 986 intra
995 931 1152 986 illam
1165 931 1313 986 inter
1332 931 1590 986 Hebraaas
1616 933 1736 1002 pul-
1833 932 2138 987 mundatus
2163 937 2248 988 est
2260 933 2551 1005 aliquamd
2581 934 2858 990 visionem
2886 951 2900 988 :
2928 940 2986 989 et
3013 933 3151 988 dum
3175 932 3357 1005 ipsam
3375 949 3465 987 re-

127 1023 352 1078 chriores
396 1039 508 1077 non
541 1023 946 1078 inveniantur:
985 1029 1040 1079 et
1073 1024 1217 1078 hoc“
1255 1041 1289 1079 a
1331 1028 1530 1080 sancta
1565 1025 1736 1080 Maria
1833 1024 2105 1095 citaverit,
2137 1026 2486 1082 mundantur
2525 1028 2768 1083 thermae
2809 1043 2914 1099 per
2951 1031 3171 1098 septem
3210 1025 3348 1080 dies.
3390 1025 3468 1080 lbi

127 1115 222 1170 sibi
244 1132 561 1170 concessum
573 1115 769 1172 dicunt
786 1118 939 1183 (nam
963 1121 1020 1172 et
1044 1119 1336 1188 parentem
1358 1135 1519 1173 suam
1541 1119 1738 1174 dicunt
1833 1134 1967 1174 vero
1987 1118 2286 1174 defunctus
2311 1124 2394 1174 est
2421 1120 2638 1192 collega
2666 1125 2858 1176 noster
2880 1121 3119 1176 Joannes
3143 1119 3212 1174 de
3238 1118 3466 1173 Placen-

127 1209 277 1279 eam),
305 1212 360 1264 et
381 1209 514 1264 dum
542 1209 696 1263 nulla
737 1209 812 1264 sit
845 1210 1086 1266 charitas
1117 1211 1365 1272 Hebraeis
1400 1227 1539 1284 erga
1574 1212 1732 1267 Chri-
1833 1211 1933 1266 tia.
1964 1212 2086 1284 Ipse
2109 1211 2314 1267 ﬂuvius
2331 1212 2566 1280 calidus,
2595 1213 2695 1284 qui
2720 1214 2977 1269 Gaddera
3000 1212 3224 1280 dicitur,
3247 1211 3473 1266 descen-

127 1302 332 1369 stianos,
361 1301 470 1356 illae
510 1305 644 1357 sunt
685 1302 840 1357 omni
885 1303 1160 1360 charitate
1197 1305 1397 1376 plenae.
1445 1304 1738 1360 Provincia
1836 1304 1918 1359 dit
1950 1307 2173 1360 torrens
2209 1308 2266 1360 et
2295 1304 2474 1360 intrat
2495 1306 2814 1376 Jordanem,
2840 1310 2896 1360 et
2924 1321 2993 1360 ex
3020 1305 3141 1376 ipso
3168 1303 3474 1376 ampliatur

125 1393 361 1464 paradiso
385 1394 584 1449 similis
612 1395 672 1450 in
693 1395 900 1466 tritico,
933 1395 994 1450 in
1019 1396 1281 1468 frugibus
1318 1396 1521 1452 similis
1563 1399 1730 1468 Egy-
1835 1397 2095 1452 Jordanis
2123 1401 2183 1452 et
2205 1399 2387 1469 major
2409 1399 2491 1452 ﬁt.
2847 1441 2872 1451 -
3205 1447 3218 1458 .
3254 1462 3262 1469 _

124 1490 239 1556 pte;
269 1487 358 1542 sed
385 1487 654 1558 praecellit
681 1487 742 1543 in
769 1488 903 1543 vino
929 1493 984 1543 et
1012 1489 1134 1544 oleo
1158 1491 1215 1543 et
1238 1489 1424 1560 pomis
1447 1506 1512 1544 ac
1544 1490 1734 1545 melle.
1907 1492 1960 1546 8.
1990 1492 2056 1546 Et
2081 1495 2216 1546 tunc
2257 1491 2650 1547 descendimus
2684 1507 2790 1562 per
2829 1490 3116 1546 Galilaaam
3142 1491 3308 1562 juxta
3345 1492 3468 1546 Jor-

127 1578 220 1634 Sed
247 1585 298 1634 et
327 1579 545 1635 milium
591 1584 750 1636 extra
791 1585 1057 1637 naturam
1097 1583 1278 1637 altum
1325 1583 1518 1650 nimis,
1570 1599 1740 1654 supra
1837 1582 2064 1652 danem,
2104 1586 2460 1639 transeuntes
2499 1583 2708 1638 multas
2738 1583 2987 1638 civitates
3011 1600 3141 1655 quae
3163 1585 3467 1654 leguntur;

127 1675 368 1727 naturam
399 1673 642 1729 hominis
665 1675 810 1729 talea
827 1691 1018 1746 grossa
1045 1673 1090 1730 ⁸.
1353 1683 1362 1691 '
1839 1679 1896 1730 et
1929 1675 2191 1731 venimus
2223 1675 2284 1730 in
2325 1675 2612 1731 civitatem
2640 1676 3002 1747 metropolim
3047 1677 3294 1732 Galilaeae
3339 1693 3467 1748 quin

187 1769 234 1820 6.
266 1767 336 1820 De
358 1765 633 1822 Nazareth
659 1767 919 1824 venimus
957 1769 1016 1823 in
1055 1773 1310 1824 montem
1349 1769 1604 1824 Thabor:
1637 1769 1736 1842 qui
1758 1841 1795 1842 7
1836 1773 2073 1824 vocatur
2109 1767 2462 1840 Scythopolis
2501 1779 2544 1836 θ,
2587 1769 2646 1823 in
2683 1773 2879 1824 monte
2927 1770 3128 1840 posita,
3175 1769 3276 1824 ubi
3334 1786 3465 1824 san-

124 1873 272 1913 mons
286 1859 398 1914 exit
427 1860 484 1915 in
509 1859 699 1916 medio
721 1862 1042 1933 campestri,
1065 1867 1215 1917 terra
1238 1861 1387 1932 viva,
1405 1867 1605 1918 tenens
1624 1863 1733 1918 cir-
1755 1841 1812 1912 Β
1835 1865 2024 1917 ctus...
2057 1862 2263 1917 multas
2302 1866 2564 1932 operatus
2599 1867 2682 1917 est
2715 1862 2968 1918 virtutes.
3010 1863 3214 1918 Deinde
3251 1863 3464 1919 descen‘

122 1950 317 2006 cuitum
367 1953 548 2008 millia
579 1971 656 2022 v1,
695 1971 986 2010 ascensum
1025 1955 1206 2010 millia
1250 1972 1331 2026 In,
1369 1972 1594 2011 sursum
1620 1956 1734 2010 adi
1833 1955 2013 2010 dimus
2035 1971 2137 2026 per
2157 1956 2274 2010 alia
2305 1955 2421 2010 loca
2465 1955 2729 2012 Samaria.v
2771 1959 2821 2010 et
2860 1955 3062 2010 Iudaee
3097 1957 3156 2009 in
3197 1957 3469 2010 civitatem

123 2043 429 2100 milliarium
473 2047 730 2118 planum,
771 2047 831 2102 in
872 2064 988 2120 quo
1031 2052 1163 2104 sunt
1195 2050 1308 2104 tres
1343 2048 1610 2118 ecclesiae,
1656 2049 1738 2104 di-

123 2141 260 2192 ctum
283 2144 364 2194 est
387 2155 420 2193 a
443 2139 734 2212 discipulis
757 2157 771 2194 :
797 2142 1084 2196 Faciamus
1113 2143 1199 2197 hic
1227 2145 1336 2198 tria
1357 2138 1733 2198 tabernacula.

124 2230 177 2284 lu
218 2231 440 2287 circuitu
473 2234 710 2288 diversas
759 2233 1014 2289 civitates
1061 2251 1189 2307 quae.
1228 2235 1288 2290 in
1323 2235 1468 2290 libro
1512 2237 1733 2306 Regum

121 2321 388 2394 leguntur.
413 2327 490 2382 De
535 2327 760 2383 Thabor
799 2327 1058 2382 venimus
1101 2329 1172 2384 ad
1208 2344 1365 2383 mare
1407 2328 1732 2398 Tiberiadis,

123 2413 176 2470 in
195 2417 462 2475 civitatem
491 2437 623 2492 quae
651 2421 762 2476 alio
782 2423 1035 2492 tempore
1061 2424 1146 2476 est
1169 2421 1447 2494 appellata
1463 2421 1732 2478 Samaria.

121 2524 259 2566 nunc
293 2527 419 2568 vero
461 2513 671 2570 dicitur
715 2514 972 2586 Neapolis
999 2515 1046 2584 ι’,
1088 2515 1146 2569 in
1181 2531 1294 2586 qua
1327 2519 1531 2586 puteus
1557 2521 1640 2570 est
1665 2532 1734 2570 ex

123 2617 224 2673 quo
250 2604 511 2662 Dominus
551 2623 757 2680 aquam
796 2624 836 2678 Va
874 2609 1114 2663 muliere
1147 2607 1499 2664 Samaritana
1531 2608 1732 2680 petiit;

123 2699 173 2750 et
193 2696 266 2751 ibi
289 2698 513 2756 basilica
551 2706 638 2756 est
675 2701 850 2756 sancti
895 2701 1125 2756 Joannis
1169 2702 1428 2773 Baptistae
1443 2719 1461 2771 ;
1510 2706 1566 2756 et
1616 2701 1736 2773 ipse

121 2793 305 2859 puteus
344 2799 426 2848 est
460 2798 596 2850 ante
637 2795 914 2850 cancellos
945 2794 1169 2864 altaris;
1215 2800 1271 2850 et
1307 2794 1475 2850 situla
1519 2795 1590 2850 de
1626 2811 1737 2866 qua

121 2881 308 2940 dicitur
334 2887 606 2943 Dominus
631 2888 856 2958 bibisse,
889 2891 946 2944 et
983 2887 1151 2943 multi
1199 2888 1338 2960 tegri
1380 2887 1458 2943 ibi
1502 2888 1738 2944 veniunt

124 2979 176 3029 et
199 2984 478 3036 sanantur.

185 3073 233 3124 7.
275 3073 480 3130 Deinde
528 3074 788 3130 venimus
829 3075 888 3130 in
938 3073 1222 3130 civitatem
1273 3073 1626 3130 Tiberiadem
1676 3075 1736 3130 in

1834 2049 2163 2104 Sebastzam
2202 2047 2238 2112 τ,
2277 2050 2336 2103 in
2361 2064 2470 2118 qua
2493 2050 2780 2118 requiescit
2803 2049 3028 2104 Elisaeus
3048 2049 3331 2118 propheta.
3362 2049 3464 2104 De-

1833 2142 2161 2198 scendentes
2187 2158 2291 2213 per
2330 2141 2684 2212 campestria,
2728 2141 2874 2212 [per]
2907 2141 3156 2196 civitates
3195 2141 3281 2196 vel
3321 2141 3470 2196 vicos

1834 2235 2321 2291 Samaritanorum
2343 2238 2400 2290 et
2416 2235 2626 2306 plateas
2640 2235 2793 2289 unde
2807 2233 3164 2289 transivimus
3185 2233 3464 2306 {vidimus}

1833 2329 2122 2384 venientes
2145 2329 2366 2384 Judaeos
2401 2333 2528 2400 post
2557 2345 2658 2383 nos
2683 2343 2816 2383 cum
2842 2327 3038 2400 paleis,
3089 2327 3325 2399 vestigia
3364 2343 3468 2383 no.

1834 2426 1952 2478 stra
1977 2423 2000 2448 "
2037 2423 2424 2491 incendentes,
2463 2426 2620 2478 tanta
2663 2427 2748 2476 est
2796 2421 3024 2475 illorum
3081 2421 3390 2476 exsecratio
3419 2434 3465 2476 8.

1834 2516 2035 2588 Utique
2076 2515 2407 2572 Christianis
2444 2515 2679 2588 quidem
2723 2530 3058 2586 responsum
3100 2513 3356 2569 faciunt:
3411 2517 3470 2568 at

1833 2613 2049 2680 cavent,
2095 2609 2248 2681 quod
2291 2609 2362 2664 ab
2402 2608 2510 2663 illis
2565 2623 2754 2664 emere
2781 2607 2882 2678 vis,
2915 2623 3031 2662 non
3061 2612 3262 2678 tangas
3287 2606 3468 2678 prius.

1833 2719 2004 2774 quam
2029 2702 2277 2774 pretium
2304 2702 2400 2757 des
2433 2719 2448 2756 :
2480 2701 2631 2774 quod
2655 2701 2700 2755 si
2729 2701 3002 2772 tetigeris,
3031 2706 3086 2756 et
3111 2717 3224 2755 non
3250 2717 3470 2772 compa—

1832 2795 2042 2852 raveris
2070 2795 2097 2836 ιι
2131 2812 2269 2850 mox
2305 2795 2853 2850 scandalizabuntur.
2893 2795 3034 2848 Nam
3075 2793 3210 2848 foris
3250 2794 3308 2848 in
3347 2793 3468 2850 vico

1833 2889 2045 2945 habent
2080 2906 2209 2945 cum
2248 2889 2418 2944 domo
2443 2905 2558 2944 una
2581 2888 2807 2960 positai
2841 2887 2992 2959 quod
3028 2887 3217 2959 ipsum
3255 2887 3466 2942 faciunt

1832 2999 2188 3056 responsum.
2222 2984 2494 3039 Nummos
2533 2982 2602 3038 de
2646 2998 2823 3036 manu
2861 2987 2956 3036 tua
2979 2997 3097 3036 non
3123 2981 3422 3052 accipient,
3449 2982 3468 3004 ‘

1833 3077 1931 3132 sed
1977 3082 2040 3133 tu
2083 3077 2142 3132 in
2187 3093 2394 3150 aquam
2433 3076 2692 3148 projicies
2735 3092 2864 3144 eos;
2908 3080 2964 3130 et
3004 3074 3344 3130 denuntiant
3369 3074 3472 3129 tibi

123 3176 222 3232 qua
241 3169 367 3220 sunt
394 3167 636 3223 thermas
661 3168 842 3224 salsa‘.
877 3167 976 3223 Hic
1001 3183 1149 3241 aqua
1176 3167 1348 3224 maris
1372 3167 1524 3222 illius
1559 3167 1738 3223 dulcis
1757 3207 1812 3281 Ο
1837 3171 1988 3242 quod
2020 3169 2174 3244 [non]
2220 3171 2578 3242 ingrediaris.
2619 3170 2702 3224 Tu
2743 3185 2878 3225 vero
2919 3167 3034 3224 noli
3071 3184 3383 3240 exspuere;
3427 3168 3473 3222 si
3514 3202 3519 3210 -

124 3259 194 3281 Λιιι
243 3259 380 3281 μ..-]
405 3277 556 3281 μλλ--
597 3261 783 3281 ,3-..μ9ι
809 3261 979 3281 _.-2I‘2_
1012 3277 1110 3281 _.___
1155 3260 1360 3281 n-!_._l_
1393 3259 1647 3281 _-_.2______
1677 3261 1730 3281 3—
1847 3280 1856 3281 κ
1917 3267 1957 3281 ι,
2009 3280 2016 3281 ,
2314 3264 2346 3281 ',
2421 3280 2426 3281 ,
2453 3279 2460 3281 Α
2483 3279 2533 3281 γ--
2555 3262 2934 3281 ,ἲ-ἱξ--ιμ-μικ-..
2984 3263 3109 3281 (1----
3151 3267 3330 3281 ___L-__A
3364 3277 3435 3281 μ--

123 3259 213 3324 est,
239 3259 383 3330 quod
404 3277 564 3317 mare
588 3261 786 3316 circuit
809 3261 987 3316 millia
1011 3277 1130 3318 vm.
1155 3260 1364 3316 Deinde
1393 3259 1650 3316 venimus
1676 3261 1738 3316 in
1760 3259 1812 3281 “'
1837 3267 2029 3318 autem
2067 3264 2377 3335 exspueris,
2414 3262 2954 3318 scandalizabuntur.
2984 3263 3118 3317 Sero
3146 3267 3338 3316 autem
3363 3277 3471 3333 pu-

121 3348 499 3420 Caphamaum
527 3355 591 3410 in
617 3355 853 3410 domum
876 3354 1027 3410 beati
1051 3354 1220 3421 Petri,
1253 3371 1382 3427 quae
1415 3359 1500 3410 est
1532 3355 1593 3410 in
1635 3355 1734 3410 ba-

119 3441 277 3500 silica.
306 3447 438 3503 Inde
463 3448 760 3504 venientes
785 3464 888 3520 per
913 3451 1110 3516 castra,
1141 3449 1231 3502 vel
1255 3448 1422 3519 vicos,
1470 3448 1561 3504 vel
1601 3447 1736 3503 civi-

118 3539 262 3606 tates,
295 3541 362 3596 ad
389 3541 531 3598 duos
555 3542 739 3596 fontes
764 3541 1044 3610 venimus,
1073 3541 1283 3598 scilicet
1303 3543 1400 3598 Jor
1432 3554 1456 3584 ο
1501 3546 1558 3598 et
1592 3542 1736 3611 Dan,

118 3631 206 3700 qui
239 3631 296 3688 in
321 3650 502 3691 unum
532 3635 794 3706 efﬂuunt,
822 3639 878 3691 et
921 3635 1197 3691 vocitatur
1220 3635 1495 3691 Jordanis.
1533 3637 1742 3690 Parvus

118 3722 424 3797 ingreditur
451 3746 636 3800 mare,
665 3732 722 3784 et
755 3729 1065 3800 pertransit
1094 3731 1276 3783 totum
1304 3728 1477 3783 maris
1506 3730 1742 3801 pelagus

117 3831 284 3890 usque
294 3821 364 3876 ad
377 3821 536 3878 littus
547 3823 742 3878 maris.
761 3823 1126 3879 Revertentes
1136 3825 1268 3894 post
1283 3838 1386 3877 nos
1395 3822 1652 3878 venimus
1671 3823 1741 3878 ad

117 3907 292 3968 locum
333 3915 432 3970 ubi
481 3915 738 3972 Iordanis
775 3915 1068 3987 egreditur
1098 3931 1276 3970 mare.
1305 3917 1378 3970 Et
1407 3918 1464 3970 in
1489 3917 1605 3986 ipso
1633 3916 1742 3971 loco

117 4007 455 4066 transivimus
473 4010 789 4073 Iordanem,
807 4015 858 4064 et
885 4011 1128 4064 venimus
1150 4011 1208 4063 in
1227 4011 1497 4064 civitatem
1523 4025 1642 4080 quae
1658 4025 1745 4065 vo-

118 4103 263 4154 catur
281 4101 538 4159 Gaddera
565 4103 592 4144 ἀ
623 4119 742 4174 quae
763 4107 816 4158 et
841 4102 1062 4158 Gabaon
1084 4103 1302 4158 dicitur.
1337 4105 1400 4158 In
1442 4105 1551 4158 ista
1584 4107 1744 4174 parte

117 4193 362 4258 civitatis,
391 4198 659 4252 milliario
686 4213 743 4252 Ill
777 4196 846 4252 ab
875 4197 1026 4259 urbe,
1059 4201 1184 4250 sunt
1213 4212 1368 4266 aqua:
1395 4197 1604 4260 calidae,
1627 4212 1746 4266 quae

115 4289 458 4356 appellantur
479 4291 700 4346 thermw
723 4291 879 4353 Eliae,
907 4287 1002 4344 ubi
1036 4290 1232 4360 leprosi
1265 4289 1616 4344 mandantur.
1662 4290 1750 4344 Ibi

115 4384 187 4433 est
205 4383 617 4454 wenodochium,
653 4384 876 4439 delicias
901 4383 967 4438 de
991 4383 1210 4453 publica
1253 4383 1472 4445 habens,
1521 4387 1573 4438 et
1613 4384 1747 4438 hora

1836 3355 2058 3412 riﬁcant
2087 3373 2145 3411 se
2173 3357 2234 3410 in
2253 3373 2398 3428 aqua
2431 3372 2445 3410 :
2479 3358 2540 3409 et
2560 3355 2637 3410 sic
2663 3355 3067 3426 ingrediuntur
3093 3354 3152 3409 in
3177 3356 3364 3410 vicum
3376 3361 3474 3410 aut

1837 3449 1898 3504 in
1927 3449 2237 3504 civitatem.

1911 3545 1964 3598 9.
1993 3541 2204 3597 Deinde
2223 3540 2482 3597 venimus
2505 3541 2566 3595 in
2583 3539 2772 3595 locum
2799 3539 2900 3595 ubi
2924 3539 3192 3594 Dominus
3219 3539 3286 3594 de
3313 3539 3474 3610 quin-

1839 3651 1954 3706 que
1975 3633 2218 3706 panibus
2242 3636 2300 3689 et
2340 3633 2558 3689 duobus
2600 3633 2850 3705 piscibus
2884 3632 3136 3705 quinque
3171 3631 3472 3687 hominum

1841 3727 2022 3783 millia
2059 3727 2298 3798 satiavit,
2330 3730 2488 3782 extra
2519 3725 2786 3782 mulieres
2813 3731 2869 3782 et
2897 3727 3162 3798 parvulos
3193 3742 3208 3780 :
3250 3730 3475 3781 extenta

1841 3820 2157 3894 campania,
2188 3820 2390 3876 oliveta
2413 3823 2470 3875 et
2496 3820 2765 3892 palmeta.
2796 3821 2928 3876 Inde
2952 3823 3194 3876 venimus
3214 3820 3288 3874 ad
3303 3821 3474 3876 locum

1841 3915 1935 3970 ubi
1983 3915 2294 3986 baptizatus
2333 3920 2414 3969 est
2455 3915 2728 3969 Dominus.
2774 3916 2840 3968 In
2878 3915 2974 3968 illo
3024 3915 3132 3970 loco
3156 3915 3261 3984 ﬁlii
3305 3915 3478 3969 Israel

1843 4009 2050 4064 transiv
2057 4013 2215 4063 erunt
2228 4007 2540 4071 Iordanem,
2561 4013 2612 4062 et
2619 4007 2725 4077 filii
2727 4009 3116 4078 prophetarum
3123 4008 3478 4078 perdiderunt

1843 4104 2092 4169 securim;
2115 4105 2166 4156 et
2185 4118 2252 4158 em
2276 4103 2390 4173 ipso
2425 4102 2535 4157 loco
2565 4102 2718 4156 Elius
2739 4105 3049 4172 assumptus
3071 4106 3149 4156 est
3181 4104 3238 4156 in
3265 4101 3472 4156 coelum.

1846 4195 2038 4266 Ibique
2067 4211 2232 4250 mons
2265 4190 2541 4250 Hermoni
2572 4193 2849 4264 modicus,
2878 4195 2976 4266 qui
3004 4195 3215 4267 legitur
3242 4195 3298 4248 in
3328 4196 3475 4249 Psal-

1845 4289 2045 4344 mo.Ad
2079 4288 2253 4360 pedes
2281 4289 2489 4343 montis
2521 4288 2696 4359 ipsius
2719 4288 2971 4343 ascendit
2999 4288 3250 4343 deﬂuvio
3275 4289 3474 4358 nubes,

1847 4385 1904 4435 et
1923 4382 2062 4436 hora
2094 4381 2278 4453 prima
2296 4381 2513 4436 oriente
2543 4383 2658 4436 sole
2687 4381 3129 4453 Hierosolymam
3157 4383 3352 4436 venit’
3377 4399 3474 4437 su-

181 4565 207 4595 ⁸
231 4567 290 4623 Id
319 4572 406 4625 est
434 4569 663 4626 hominis
683 4570 938 4640 proceri;
975 4567 1119 4623 talea
1149 4570 1343 4642 autem
1363 4583 1469 4639 pro
1491 4566 1741 4642 longitu-
1762 4569 1822 4642 Ι)
1915 4566 1936 4607 τ
1975 4569 2044 4622 Ut
2081 4566 2450 4642 Sebastaaam;
2491 4565 2546 4642 id
2582 4570 2666 4621 est
2709 4565 3022 4642 Samariam
3063 4567 3342 4642 veniatur,
3371 4583 3477 4622 nec

115 4635 261 4712 dine,
287 4655 396 4695 vox
419 4643 507 4696 est
526 4635 756 4712 accepta
795 4655 866 4694 ex
905 4639 1206 4694 vernacula
1247 4635 1517 4694 ltaldrum
1550 4635 1746 4710 lingua
1763 4635 1810 4642 —
1845 4654 1993 4694 unus
2019 4637 2250 4712 quidem
2278 4637 2488 4712 Judaete
2515 4637 2672 4691 locus
2695 4637 3059 4712 attingendus
3087 4643 3206 4712 est:
3233 4639 3304 4693 ad
3329 4639 3478 4696 hanc

117 4710 307 4778 taglia,
335 4711 568 4766 Francis
598 4710 771 4766 taille.

183 4788 211 4828 ι)
239 4790 494 4846 Samaria
520 4790 653 4845 urbs
676 4789 1107 4854 mediterranea,
1136 4789 1304 4844 distat
1329 4805 1363 4843 a
1397 4788 1544 4844 mari
1583 4789 1745 4844 Tibe-

114 4857 284 4933 riadis
301 4862 480 4933 duplo
505 4862 728 4933 longius
745 4876 917 4933 quam
941 4859 1063 4933 ipse
1090 4877 1254 4915 mons
1281 4859 1530 4933 Thabor:
1562 4875 1748 4933 neque

114 4927 256 5002 haec,
286 4927 816 4988 sed-vicina'civitas
853 4927 1049 5002 Sicliar
1080 4934 1274 5002 postea
1307 4930 1456 4986 dicta
1489 4935 1574 4986 est
1607 4927 1746 4986 Nea-

117 5001 280 5070 polis.
325 5005 473 5059 Cum
511 5019 648 5074 ergo
677 5001 908 5074 Joannis
935 5018 991 5057 1v
1010 5001 1218 5074 dicitur
1249 5019 1262 5056 :
1301 5004 1462 5074 Venit
1485 5004 1636 5074 Iesus
1658 5003 1752 5074 ad

119 5073 390 5129 civitatem
413 5071 680 5132 Samaria.v
713 5089 836 5144 qua:
861 5072 1062 5128 dicitur
1090 5073 1304 5136 Sichar,
1345 5071 1618 5144 accipitur
1647 5073 1746 5129 Sa-

118 5144 326 5226 maria,
342 5162 463 5200 non
482 5143 742 5226 pro‘ipsa
761 5143 1000 5226 civitate,
1033 5143 1130 5199 sed
1155 5160 1259 5216 pro
1287 5149 1404 5199 toto
1431 5143 1497 5198 eo
1522 5145 1748 5200 territo-

117 5215 221 5282 rio,
239 5217 403 5286 cujus
434 5215 605 5289 caput
629 5215 752 5270 erat
777 5215 1044 5270 Samaria.
1158 5215 1173 5216 ί

122 5363 142 5376 Α
187 5306 210 5334 ο
242 5295 314 5376 [lt
335 5295 408 5376 ad
435 5295 542 5352 hos
565 5296 752 5376 fontes
773 5295 1080 5364 veniretur,
1097 5293 1454 5376 ‘remetienda
1477 5297 1597 5348 erat
1622 5299 1754 5376 .tota

116 5363 489 5494 {erezGoalilwa
521 5367 800 5440 superior,
844 5382 952 5438 per
990 5363 1239 5436 spatium
1271 5365 1545 5420 horarum
1586 5366 1748 5420 circi-

141 5450 204 5490 er
306 5478 320 5492 .

141 5450 204 5490 er
227 5450 320 5492 20.

185 5523 211 5590 tl
237 5517 516 5572 Gadaram
539 5533 720 5590 prope
742 5517 929 5572 lacum
956 5515 1297 5590 Genezareth
1321 5511 1498 5590 _1_10vi_:
1527 5514 1754 5590 Gabaon

199 5589 355 5642 icum
382 5585 561 5643 saerté
585 5585 808 5645 Litterae
836 5587 1134 5642 nominant
1169 5585 1226 5638 in
1262 5585 1416 5640 tribu
1462 5585 1754 5656 Benjamin

117 5656 302 5730 prope
331 5660 664 5728 Jerusalem,
695 5659 863 5730 longe
889 5675 922 5712 a
947 5657 1098 5713 dicto
1123 5656 1267 5710 lacu.

78 5755 79 5766 ‘
187 5752 213 5780 ο
241 5739 508 5804 Quinque
533 5745 597 5794 ut
624 5754 913 5794 summum
951 5739 1220 5792 horarum
1267 5737 1378 5791 iter
1422 5740 1507 5790 est
1545 5735 1758 5790 Gadara

78 5807 80 5840 ῖ
119 5805 541 5882 Scythopolim,
567 5809 809 5882 proinde
831 5809 892 5882 in
908 5813 1025 5864 tam
1049 5807 1208 5862 brevi
1225 5807 1405 5879 spatio
1433 5823 1546 5862 non
1570 5805 1759 5878 potuit

118 5879 248 5954 quis
269 5879 480 5937 multas
502 5879 671 5937 urbes
695 5879 980 5936 transisse.

1845 4708 2044 4783 autern
2063 4708 2314 4783 primum
2339 4709 2584 4776 venitur,
2613 4711 2740 4779 post
2765 4723 3058 4763 emensam
3084 4711 3260 4765 totam
3286 4712 3473 4783 regio-

1847 4797 1981 4834 nem
2012 4779 2497 4834 Samaritanorum
2512 4819 2526 4833 .
3040 4795 3047 4801 ·

1919 4871 1945 4912 s
1973 4859 2206 4934 Videtur
2229 4873 2552 4934 supponere
2577 4861 2773 4934 auctor
2796 4857 2948 4934 quod
2966 4862 3144 4934 totam
3180 4863 3476 4934 regionem

1919 4875 1945 4912 ε
1980 4875 2206 4914 vnaetur
2236 4875 2552 4984 supponere
2577 4875 2773 4912 auctor
2796 4875 2948 4930 quoa
2966 4875 3144 4914 tutam
3180 4877 3474 4934 regionem

1841 4931 1961 5058 jam
1987 4930 2197 4984 dictam
2221 4931 2286 4983 Ju
2321 4929 2400 5010 aii.
2417 4934 2697 4996 tenerent,
2724 4932 2781 4984 et
2809 4929 3042 5011 quidem
3079 4933 3222 5004 tam]
3235 4949 3474 5008 scrupu-

1869 5019 1951 5056 031
1976 5006 2176 5056 contra
2203 5001 2562 5058 Christianos.
2594 5005 2658 5055 ut
2684 5006 2960 5058 sequitur.

1869 5002 1951 5056 osi
1976 5006 2176 5056 contra
2203 5001 2562 5066 Christianos,
2594 5005 2658 5055 ut
2684 5001 2960 5072 sequitur.

1919 5081 1947 5121 h
1977 5085 2318 5160 Comparare,
2347 5079 2492 5134 italis
2510 5080 2741 5152 proprio
2765 5080 3069 5160 idiotismo,
3089 5099 3276 5150 cinere,
3306 5087 3477 5160 vulgo

1849 5168 2149 5223 comprare,
2177 5151 2330 5206 unde
2355 5167 2595 5220 compra,
2626 5151 2859 5224 emptio.

1921 5236 1936 5274 ἰ
1964 5219 2169 5303 Ἁςάἰρο
2199 5236 2332 5314 eget
2359 5219 2660 5314 hicilocus.
2714 5219 2975 5314 Suspicor
3001 5219 3250 5314 indicari
3275 5240 3482 5314 torum

1851 5321 2046 5360 rerum
2073 5303 2380 5376 venalium,
2409 5304 2736 5376 extravicos
2753 5303 3002 5374 positum
3027 5321 3131 5376 pro
3155 5309 3484 5368 Christianis

1851 5391 2042 5432 emere
2070 5374 2410 5456 volentibus,
2441 5374 2537 5456 ubi
2563 5374 2672 5429 illis
2691 5374 3260 5461 responsum—faciant
3279 5383 3482 5454 Judaei,

1852 5464 1925 5502 ne
1953 5462 2148 5500 eorum
2170 5445 2428 5516 ingressu
2449 5445 2758 5501 immunda:
2779 5445 2917 5500 ﬁant
2945 5447 3320 5508 habitationes
3344 5445 3480 5512 sum:

1853 5517 1960 5573 Sed
1987 5517 2112 5588 quis
2139 5517 2276 5571 talia
2301 5533 2556 5587 unquam
2585 5517 2792 5572 Judseis
2821 5517 3043 5574 afﬁnxit
3067 5519 3096 5574 ‘t

1921 5595 2101 5670 i_No_n
2126 5595 2196 5670 ad
2219 5594 2519 5670 Jgordanem
2551 5600 2642 5670 est
2671 5612 2833 5651 mons
2875 5598 3152 5670 Hermon;
3199 5605 3298 5658 sed
3340 5605 3480 5660 alius

1855 5667 2038 5742 major
2061 5667 2122 5742 in
2146 5665 2464 5742 (loelesyria,
2481 5667 2854 5742 _continuatus
2878 5685 3009 5742 cum
3049 5665 3288 5742 Libano;
3336 5675 3480 5730 alius

1855 5737 2048 5816 minor
2070 5737 2128 5790 in
2153 5737 2399 5816 Galilaea,
2429 5737 2500 5816 ad
2523 5739 3098 5816 mrrenteerisson,
3118 5737 3283 5798 haud
3311 5745 3478 5816 longe

1855 5823 1887 5860 a
1909 5807 2215 5863 Thaboraeo
2241 5813 2431 5862 monte
2459 5813 2616 5862 trans
2641 5815 2955 5865 torrentem
2982 5811 3181 5882 posito.
