4022 6432
485 382 586 434 903

1779 349 2094 411 ANTONINI
2135 341 2528 401 PLACENTINI

3725 315 3756 338 κ
3811 305 3928 360 904

487 411 586 434 συυ

483 502 588 559 per
613 483 898 539 basilicam
927 481 1132 533 sanctae
1161 473 1344 531 Mariae
1380 471 1447 527 ad
1489 473 1735 525 sanctam
1777 461 2042 533 Sophiam
2061 455 2109 523 ⁸,
2133 466 2192 538 Α
2210 452 2532 525 perﬁcitur;
2560 443 2792 500 inferior
2821 454 2950 494 vero
2976 433 3126 505 fugit
3150 433 3213 486 in
3240 443 3428 495 mare:
3459 423 3716 478 dicente
3749 411 3930 470 P531"

1765 558 1770 559 ,
1942 553 1968 559 ._
2279 547 2289 557 .
2329 551 2338 559 .
2460 544 2514 559 ιιι
2640 537 2776 559 _._-.m
2810 538 2856 559 λι
2900 531 3044 559 θυι-,ει
3098 524 3351 559 tamin-nia
3377 527 3693 559 rmnmrsus
3725 511 3820 559 est
3849 523 3930 559 Τι’-

486 553 614 652 qum
640 578 747 631 fuit
774 571 1102 646 praetorium
1127 569 1226 624 ubi
1252 565 1476 622 auditus
1505 566 1590 618 est
1618 558 1904 614 Dominus.
1937 553 2116 622 Super

487 648 576 727 his
600 669 738 723 locis
759 663 1077 722 descendit“
1093 679 1184 717 ros
1205 661 1348 714 sicut
1367 657 1575 730 pluvia,
1605 657 1661 708 et
1685 648 1960 718 colligunt
1985 659 2118 698 eum

489 761 694 818 medici
716 779 732 830 ;
765 763 822 814 et
844 759 903 812 in
921 759 1044 828 ipso
1068 756 1389 826 coquuntur
1414 763 1610 804 omnes
1626 741 1998 798 confectiones
2017 751 2120 806 per

490 852 868 911 xenodochia:
897 866 1027 905 nam
1053 846 1216 903 multi
1245 846 1544 915 languores
1575 839 1844 893 sanantur
1880 830 1979 890 ibi.
2025 827 2120 881 ubi

492 947 639 1003 cadit
662 947 782 1018 ipse
809 961 918 998 ros.
941 944 1058 1012 Ipse
1075 945 1160 994 est
1183 955 1274 992 ros
1299 937 1366 991 de
1397 950 1508 1005 quo
1535 931 1782 986 canitur:
1815 947 1840 976 ‹‹
1869 925 2122 979 Sicutros

493 1017 728 1099 HermOn
758 1039 852 1106 qui
885 1034 1153 1090 descendit
1183 1034 1241 1086 in
1273 1032 1420 1087 Sion.
1455 1046 1482 1077 »
1509 1027 1575 1080 In
1600 1027 1720 1094 ipsa
1749 1023 1873 1088 ripa
1899 1021 1976 1071 est
2003 1017 2125 1082 fons

495 1134 590 1189 ubi
619 1132 913 1201 baptizavit
933 1131 1148 1182 sanctus
1173 1127 1424 1179 Joannes.
1453 1119 1584 1172 Inde
1629 1129 1796 1183 usque
1830 1110 1904 1165 ad
1939 1107 2126 1163 Iorda-

498 1243 619 1282 nem
638 1198 811 1278 millia
829 1223 954 1277 duo.
971 1223 1032 1276 In
1050 1221 1170 1288 ipsa
1194 1217 1337 1270 ualle
1351 1215 1596 1268 inuentus
1621 1211 1699 1262 est
1717 1206 1888 1264 Elius,
1913 1198 2129 1270 quando

501 1333 686 1374 corvus
736 1316 763 1356 δ
793 1319 842 1370 ei
858 1313 1131 1380 deferebat
1150 1324 1349 1379 panem
1381 1309 1432 1360 et
1454 1317 1684 1358 carnem.
1717 1301 1782 1352 In
1810 1295 2019 1350 circuiti
2037 1306 2131 1344 au-

504 1418 607 1468 tem
624 1412 784 1465 vallis
810 1410 980 1478 ips-ius
1006 1402 1296 1458 multitudo
1324 1399 1683 1454 eremitarum.

583 1507 666 1558 10.
701 1504 766 1557 Et
795 1474 874 1554 ibi
899 1513 1072 1570 prope
1105 1500 1190 1549 est
1214 1493 1403 1546 civitas
1442 1503 1566 1559 qua:
1603 1485 1832 1539 vocatur
1863 1474 2128 1533 Salamia-

510 1597 582 1652 da
613 1609 654 1664 ο,
683 1595 780 1649 ubi
815 1590 1210 1646 remanserunt
1249 1585 1374 1639 duae
1419 1585 1476 1636 et
1523 1576 1690 1632 semis
1729 1573 1907 1627 tribus
1951 1565 2130 1630 Israel,

507 1689 843 1763 priusquam
870 1682 1176 1738 transirent
1203 1677 1504 1732 Iordanem
1532 1689 1544 1724 :
1573 1670 1635 1723 in
1683 1682 1797 1738 quo
1848 1665 1968 1717 loco
2006 1661 2136 1712 sunt

511 1783 748 1837 thermae
790 1794 856 1831 ex
898 1792 954 1829 se
1002 1775 1266 1838 lavantes,
1319 1769 1341 1790 ⁸
1393 1781 1517 1837 quae
1571 1762 1840 1815 vocantur
1879 1754 2136 1809 Thermas

511 1873 712 1944 Moysis
741 1887 754 1924 :
787 1869 884 1923 ubi
914 1867 1081 1921 etiam
1101 1819 1308 1934 leprdsi
1333 1819 1698 1921 mundantur,
1728 1853 1784 1905 et
1806 1847 1882 1903 ibi
1912 1847 1995 1900 est
2020 1842 2140 1898 dul-
2159 1819 2214 1890 Β

513 1965 768 2021 cissimus
815 1976 976 2032 aquae
1021 1959 1166 2026 fons,
1225 1954 1315 2010 cui
1349 1951 1564 2006 bibitur
1608 1963 1710 2018 pro
1755 1939 2036 2003 catarrho,
2085 1939 2142 1990 et

514 2059 724 2114 multos
743 2058 900 2109 sanat
917 2053 1238 2122 languores.
1259 2048 1380 2100 Non
1401 2043 1568 2112 longe
1587 2057 1620 2094 a
1640 2035 1784 2091 mari
1803 2033 2138 2095 Salinarum,

515 2151 587 2205 ad
613 2149 764 2221 quod
789 2121 1044 2201 Iordanis
1069 2139 1407 2212 ingreditur.
1469 2133 1678 2188 Subtus
1721 2132 1804 2182 est
1837 2121 2142 2179 Gomorrha

521 2247 578 2297 et
600 2213 856 2307 deoma,
887 2237 957 2291 ad
985 2235 1145 2305 cujus
1170 2232 1328 2286 littus
1353 2228 1609 2283 bitumen
1641 2225 1697 2276 et
1724 2219 1961 2290 sulphur
1987 2213 2140 2268 colli-

523 2335 712 2406 gitur;
743 2333 802 2386 in
822 2346 934 2401 quo
961 2325 1126 2393 mari,
1155 2339 1350 2378 mense
1373 2319 1516 2375 Iulio
1542 2321 1598 2371 et
1623 2316 1870 2384 Augusto
1895 2313 1951 2363 et
1971 2321 2146 2378 usque

522 2401 593 2482 ad
621 2424 872 2481 medium
905 2417 1268 2492 Septembris,
1295 2419 1414 2469 tota
1439 2411 1528 2466 die
1562 2409 1754 2480 jacent
1795 2401 1997 2474 leprosi
2027 2401 2047 2422 “
2093 2402 2148 2452 et

523 2521 592 2574 ad
614 2531 912 2588 vesperum
935 2515 1196 2567 lavantur
1233 2509 1292 2563 in
1345 2505 1476 2577 ipsis
1514 2499 1791 2556 thermis:
1837 2499 1893 2550 et
1931 2493 2144 2564 aliquo-

524 2613 648 2668 ties.
678 2609 964 2675 Dominus,
992 2619 1164 2677 quem
1189 2602 1326 2668 vult,
1356 2595 1594 2653 mundat
1621 2612 1634 2647 :
1667 2606 1800 2646 nam
1828 2589 1887 2643 in
1915 2601 2146 2658 genera-

523 2705 678 2760 litate
706 2707 788 2756 est
812 2700 994 2770 aliqua
1018 2695 1288 2768 primitia.
1318 2693 1376 2746 In
1403 2705 1515 2762 quo
1559 2685 1706 2740 mari
1734 2681 1878 2738 nihil
1918 2677 2151 2734 viviﬁca-

527 2801 642 2865 tur,
670 2812 773 2850 nec
801 2793 959 2863 ligna
993 2789 1070 2844 ibi
1105 2789 1318 2853 natant,
1359 2799 1460 2838 nec
1497 2779 1692 2851 paleze,
1731 2789 1916 2846 neque
1948 2773 2147 2836 homo;

529 2863 636 2946 sed
653 2885 929 2960 quidquid
955 2883 1029 2938 ibi
1050 2881 1360 2953 projectum
1391 2873 1578 2942 fuerit,
1609 2871 1668 2925 in
1692 2865 2034 2940 profundum
2053 2863 2150 2917 de-

530 2959 829 3053 mergitur.
864 2979 942 3030 De
967 2975 1203 3030 Iordane
1223 2985 1403 3040 usque
1422 2967 1490 3020 ad
1517 2966 1702 3018 locum
1731 2962 1791 3014 in
1819 2975 1930 3029 quo
1947 2959 2156 3026 Moyses

533 3077 604 3131 de
635 3087 864 3144 corpore
894 3068 1084 3136 exivit,
1117 3068 1249 3120 sunt
1277 3060 1453 3116 millia
1497 3073 1613 3112 vui.
1653 3053 1866 3110 Exinde
1903 3067 1935 3104 a
1973 3053 2153 3116 Segor,

531 3173 593 3226 in
625 3141 818 3238 quibus
869 3164 992 3217 locis
1028 3156 1352 3214 sunt'multi
1399 3153 1645 3208 eremitae.
1691 3145 1940 3201 Vidimus
1985 3141 2060 3196 ibi
2102 3145 2158 3195 et
2176 3175 2231 3248 Ο

533 3259 970 3318 monumentum
993 3251 1228 3306 Absalon
1257 3249 1282 3288 ἀ
1311 3247 1409 3300 ﬁlii
1437 3243 1626 3298 David.

611 3357 695 3406 11.
723 3349 988 3404 Venimus
1019 3345 1130 3415 (sic)
1160 3337 1518 3410 Theophania
1543 3335 1705 3405 juxta
1733 3330 2029 3386 Iordanem
2059 3342 2072 3378 :
2107 3328 2161 3377 et

535 3441 614 3498 ibi
641 3442 784 3494 ﬁunt
821 3413 1114 3500 mirabilia,
1157 3431 1254 3486 ubi
1293 3427 1600 3499 baptizatus
1641 3427 1724 3478 est
1770 3418 2056 3485 Dominus,
2101 3413 2160 3466 in

535 3532 660 3602 ipsa
683 3531 846 3583 nocte
870 3543 884 3580 :
911 3528 966 3579 et
994 3523 1070 3577 ibi
1099 3519 1354 3575 tumulus
1373 3513 1628 3571 cancellis
1654 3508 2032 3566 circumdatur
2061 3519 2074 3557 :
2107 3508 2164 3557 et

537 3625 598 3679 in
623 3623 742 3677 loco
772 3619 866 3674 ubi
904 3615 1180 3672 redundat
1215 3628 1361 3682 aqua
1403 3609 1463 3662 in
1499 3607 1716 3661 alveum
1757 3617 1943 3670 suum,
1988 3597 2165 3670 posita

539 3720 620 3772 est
634 3731 772 3770 crux
790 3713 995 3782 lignea.
1022 3711 1138 3762 ltur
1163 3707 1223 3760 in
1241 3719 1447 3774 aquam
1473 3717 1542 3755 ex
1561 3702 1800 3768 utraque
1826 3695 1982 3765 parte
2009 3707 2161 3744 mar-

539 3809 736 3866 moris.
766 3809 828 3860 ln
855 3803 1046 3874 vigilia
1069 3795 1450 3868 Theophanize
1483 3791 1720 3864 grandes
1744 3789 1889 3842 fiunt
1913 3783 2120 3856 vigiliae
2149 3799 2161 3836 :

541 3901 780 3976 populus
799 3897 1052 3952 inﬁnitus
1067 3911 1083 3962 ;
1097 3897 1153 3947 et
1171 3891 1370 3963 quarta
1391 3889 1487 3940 aut
1515 3885 1711 3956 quinta
1729 3882 1846 3935 vice
1874 3879 2016 3950 gallo
2042 3893 2168 3930 cau-

543 3970 701 4050 tante
737 3993 883 4046 ﬁunt
908 3986 1134 4058 vigilite.
1163 3980 1465 4051 Completis
1494 3975 1782 4032 matutinis
1809 3972 1992 4044 primo
2019 3970 2166 4024 dilu-

547 4088 674 4144 culo
703 4085 1017 4153 surgentes,
1049 4075 1360 4150 procedunt
1397 4069 1637 4127 ministri
1672 4068 1775 4123 sub
1804 4065 1930 4120 divo
1955 4069 2011 4118 et
2047 4062 2165 4116 dia-

549 4178 698 4248 coni,
741 4178 994 4232 tenentes
1034 4169 1398 4225 sacerdotem.
1446 4167 1550 4219 Ter
1589 4159 1874 4218 descendit
1915 4155 2171 4212 sacerdos

550 4274 612 4330 in
639 4271 912 4337 fluvium;
941 4270 998 4320 et
1021 4265 1158 4318 hora
1181 4277 1291 4333 qua
1320 4255 1548 4330 coeperit
1581 4255 1908 4310 benedicere
1944 4265 2169 4320 aquam,

551 4381 686 4424 mox
709 4359 960 4419 Iordanis
981 4359 998 4378 ‘
1025 4373 1154 4411 cum
1179 4369 1388 4424 magno
1413 4349 1607 4420 rugitu
1626 4345 1921 4401 revertitur
1945 4346 2074 4414 post
2092 4357 2168 4408 se,

555 4465 610 4516 et
655 4461 762 4512 stat
797 4470 940 4526 aqua
983 4448 1235 4521 superior
1263 4447 1320 4500 in
1366 4461 1422 4498 se
1465 4457 1646 4512 usque
1681 4439 1819 4494 dum
1866 4435 2174 4506 baptismus

625 4585 650 4614 ⁸
671 4583 750 4637 De
793 4582 983 4634 sancta
1013 4573 1219 4644 Sophia
1255 4563 1865 4644 Constantinopplitana
1901 4561 2044 4644 forte
2083 4557 2171 4610 in-
2191 4535 2250 4607 Ῑ)

555 4631 1362 4775 ῗυᾶῧῖὲιίᾇξίέἱίᾳυὶᾶέοιιίρῐοιυ,
1391 4637 1544 4710 quod
1571 4631 1700 4689 inde
1739 4631 2175 4700 Hierosolymam

583 4741 712 4775 rans
737 4739 774 4775 u
801 4739 818 4774 ι
851 4761 864 4775 .
1473 4762 1477 4767 .

557 4722 864 4780 transtulit.
1473 4762 1477 4767 .

629 4771 1024 4862 i’"l'Iite—g'riidie_i
1061 4785 1259 4862 itinere
1288 4782 1452 4860 locus.
1489 4774 1770 4862 baptismi.
1793 4771 1961 4862 distat
1993 4787 2036 4862 ‘a
2069 4773 2179 4823 tor-

559 4841 958 4926 rente-Daarith.
989 4859 1082 4911 Est
1114 4861 1305 4926 tamen
1340 4841 1852 4926 verisimile‘satis,‘
1875 4841 1945 4926 ad
1993 4843 2179 4926 locu‘m

559 4911 835 4995 memoria
861 4911 1174 4984 absconditi
1199 4921 1484 4995 quondam
1508 4918 1587 4995 ibi
1613 4916 1746 4995 Elite
1774 4911 2178 4995 celebrem‘ali-

563 5001 1122 5080 quando_habitasse
1161 4981 1438 5080 eremitas.
1625 4987 1795 5080 etiam
1832 4983 1983 5054 quod
2018 4981 2179 5080 Illlias,

562 5055 898 5150 iisque_ad_eo
917 5076 1050 5150 tunc
1075 5067 1344 5146 abductus
1360 5080 1392 5116 a
1416 5055 1960 5150 notitialiomiplum,
1985 5057 2056 5150 .ut
2082 5068 2181 5106 ne-

567 5124 718 5204 cesse
746 5142 1005 5200 habuerit
1027 5157 1061 5194 a
1084 5137 1259 5192 corvis
1283 5131 1452 5206 pasci,
1493 5147 1587 5206 eos
1621 5127 1707 5206 ibi
1737 5124 2045 5195 collegerit,
2087 5139 2182 5176 vo-

566 5221 690 5275 lens
706 5219 842 5288 post
865 5229 922 5288 se
950 5211 1266 5288 relinquere
1278 5197 1625 5288 :monasticae
1659 5197 1788 5288 vitae
1822 5209 2184 5288 sucges‘sor‘es,

571 5265 948 5345 {uitiari};
984 5265 1132 5335 librd
1168 5279 1236 5332 de
1278 5275 1455 5330 lnstit.
1499 5267 1951 5345 monachorum?
1989 5265 2189 5343 Credat

568 5361 679 5416 hoc
725 5355 1028 5427 quiqpotest
1051 5349 1277 5427 credere
1305 5347 1726 5427 Griecumesse
1741 5341 2046 5418 auctorem,
2091 5333 2189 5404 qui

569 5431 634 5486 in
661 5408 791 5480 vode
819 5408 1004 5478 Cbrith
1039 5419 1329 5490 mysticam
1364 5417 1508 5490 hanc
1545 5408 2006 5490 significationem
2035 5419 2190 5474 repe-

571 5480 667 5566 rit,
697 5496 844 5568 quod
871 5480 1178 5568 Eliassedit
1201 5491 1265 5568 in
1297 5489 1524 5568 torrente
1553 5480 1758 5568 Clarith,
1775 5480 1882 5568 qui
1907 5482 1982 5568 est
2006 5481 2192 5568 contra

569 5549 901 5629 ἇδῖἀᾶηρτὴε
947 5564 1080 5634 quia
1108 5563 1166 5612 in
1185 5555 1620 5634 _Cariti_t,_id‘est,
1671 5554 1727 5605 in
1767 5551 1866 5634 Dei
1909 5549 2190 5634 charitate,

575 5657 697 5699 eum
721 5618 988 5694 dividente
1013 5648 1048 5686 a
1071 5630 1325 5690 Iordane,
1349 5627 1409 5680 id
1433 5630 1508 5680 est
1544 5639 1580 5678 a
1608 5625 1952 5694 peccatorum
1989 5618 2195 5672 descen-

573 5717 740 5774 sione,
763 5725 828 5763 ea:
855 5712 980 5762 tunc
1005 5714 1207 5774 semper
1229 5699 1452 5752 exstitit.

646 5797 668 5826 c
720 5761 917 5837 'l‘otam
964 5761 1289 5841 regionem_
1310 5765 1616 5820 secundum
1658 5761 1976 5841 Iordanem,
2024 5774 2195 5826 quam

577 5831 751 5924 longe
771 5831 906 5904 iluit
929 5859 965 5898 a
987 5831 1102 5896 suis
1135 5836 1380 5894 fontibus
1411 5851 1586 5908 usque
1613 5835 1682 5890 ad
1725 5847 1879 5887 mare
1918 5831 2198 5886 Mortuum

2214 547 2416 600 mista:
2455 544 2604 597 Mare
2638 537 2776 591 cidit
2804 538 2856 588 et
2895 531 3064 598 fugit,
3087 524 3351 581 Iordanis
3377 527 3693 572 cmwersus
3725 511 3820 564 est
3849 523 3936 560 rv-

2218 645 2468 694 trorsum.
2495 635 2647 687 Tunc
2677 642 2874 683 omnes
2902 615 3282 677 Alexandrini
3305 611 3538 668 habent
3565 605 3660 660 ibi
3679 605 3706 626 “
3739 616 3938 656 navos

2217 744 2240 772 θ
2288 746 2418 784 suas
2465 741 2594 780 cum
2649 718 2999 783 hominibus,
3046 712 3330 766 habentes
3377 701 3654 758 calathos
3706 695 3936 766 plenos

2219 819 2561 878 aromatibus
2586 819 2643 870 et
2681 813 2961 868 balsamo:
3021 811 3078 860 et
3121 805 3265 857 hora
3299 815 3420 870 qua
3457 789 3939 848 benedixerunt

2221 917 2433 970 fontem
2469 915 2774 978 antequam
2801 900 3076 971 incipiant
3104 893 3422 965 baptizare,
3463 885 3752 940 fundunt
3801 879 3940 932 illos

2224 1007 2467 1063 calathos
2493 1003 2555 1056 in
2583 975 2820 1053 ﬂuvium
2847 999 2902 1048 et
2929 991 3141 1046 tollunt
3167 1000 3386 1057 aquam
3411 977 3846 1038 benedictum,
3881 975 3942 1023 et

2227 1099 2428 1156 exinde
2453 1094 2666 1150 faciunt
2711 1103 2918 1160 aquam
2959 1078 3303 1152 aspcrsionis
3343 1075 3408 1129 in
3459 1072 3588 1126 suis
3635 1065 3940 1125 navibus,

2226 1197 2529 1261 antequam
2539 1188 2739 1240 exeant
2748 1158 2818 1235 ad
2831 1174 3236 1247 navigandum.
3263 1167 3570 1238 Baptismo
3581 1158 3918 1230 completo
3929 1198 3942 1221 ,

2229 1299 2424 1341 omnes
2465 1281 2524 1334 in
2549 1277 2782 1332 ﬂuvium
2820 1287 2924 1342 pro
2952 1263 3352 1322 benedictione
3397 1255 3822 1316 descendunt,
3855 1251 3946 1302 in-

2231 1375 2351 1433 duti
2382 1373 2674 1437 sindones;
2711 1372 2768 1421 et
2816 1364 2954 1418 alias
3004 1359 3213 1414 multas
3258 1351 3542 1408 sindones
3577 1345 3944 1418 [intingunt

2231 1469 2436 1542 aquae],
2489 1480 2628 1536 quas
2659 1459 2763 1515 sibi
2806 1456 2878 1511 ad
2923 1452 3247 1524 sepulturas
3281 1446 3545 1499 servant.
3598 1440 3756 1494 Post
3811 1437 3943 1489 haec

2233 1563 2422 1618 omnia
2449 1557 2713 1630 perfecta,
2742 1548 2933 1605 statim
2952 1560 3102 1616 aqua
3129 1542 3192 1596 in
3211 1537 3455 1611 proprio
3485 1530 3840 1588 revertitur
3868 1527 3948 1579 al-

2234 1673 2335 1711 veo
2367 1673 2381 1708 :
2410 1667 2544 1708 nam
2580 1645 2732 1702 unde
2777 1639 2964 1711 surgit
2999 1633 3258 1691 Iordanis
3301 1649 3337 1684 a
3379 1643 3549 1683 mare
3593 1620 3949 1679 Tiberiadis

2235 1761 2413 1820 usque
2443 1744 2512 1798 ad
2541 1754 2696 1795 mare
2724 1734 3062 1790 Sabinarum
3090 1729 3228 1782 sunt
3255 1722 3446 1780 millia
3480 1735 3636 1774 cxxx
3681 1715 3728 1771 ἲ.

2311 1809 2396 1896 12.
2433 1839 2490 1891 In
2505 1835 2625 1906 ipsa
2650 1845 2780 1884 vero
2808 1826 2934 1896 ripa
2958 1819 3218 1878 Iordanis
3244 1821 3332 1873 est
3362 1813 3691 1887 spelunca,
3723 1809 3794 1864 in
3828 1823 3952 1877 qua

2239 1937 2368 1988 sunt
2412 1900 2628 1999 septem
2672 1921 2890 1977 cellulae
2927 1932 3061 1972 cum
3099 1917 3324 1984 septem
3351 1907 3596 1982 puellis,
3628 1907 3654 1924 ‘
3684 1917 3836 1974 quae
3873 1900 3953 1952 ibi

2239 1998 2530 2082 infantulae.
2557 2016 2895 2073 mittuntur:
2920 2015 2978 2065 et
3006 2024 3139 2062 cum
3182 2004 3382 2075 aliqua
3427 2017 3505 2056 ex
3555 1999 3648 2052 eis
3697 1998 3953 2050 mortua

2241 2116 2410 2172 fuerit
2435 2114 2495 2168 in
2533 2111 2649 2182 ipsa
2683 2105 2881 2160 cellula
2915 2099 3221 2172 sepelitur;
3265 2101 3324 2150 et
3359 2094 3485 2148 alia
3524 2090 3762 2146 cellula
3801 2087 3953 2140 inci-

2243 2211 2414 2277 ditur,
2447 2210 2502 2260 et
2535 2203 2644 2257 alia
2671 2199 2752 2254 ibi
2777 2195 3025 2252 mittitur
3049 2190 3245 2264 puella
3267 2193 3338 2244 ut
3362 2201 3671 2243 numerus
3706 2185 3869 2247 stet;
3902 2187 3955 2232 et

2243 2274 2458 2358 habent
2482 2297 2616 2352 foris
2655 2293 2754 2364 qui
2798 2290 2878 2345 eis
2915 2286 3126 2342 cibaria
3165 2285 3481 2355 praeparet.
3529 2280 3598 2332 In
3650 2293 3782 2348 quo
3831 2274 3959 2328 loco

2244 2412 2376 2451 cum
2398 2406 2606 2462 magno
2642 2387 2846 2441 timore
2890 2377 3135 2451 ingressi
3181 2391 3388 2431 sumus
3428 2373 3508 2428 ad
3543 2371 3908 2426 orationem
3943 2385 3956 2429 ;

2246 2483 2454 2540 nullius
2485 2478 2562 2534 ibi
2590 2475 2790 2531 faciem
2820 2469 3084 2525 vidimus.
3113 2467 3176 2520 In
3203 2465 3329 2536 ipso
3365 2463 3502 2517 loco
3548 2459 3787 2515 dicitur
3835 2473 3960 2510 esse

2248 2579 2537 2636 sudarium
2563 2572 2714 2645 quod
2739 2569 2849 2624 fuit
2889 2580 3061 2637 super
3102 2565 3274 2634 caput
3307 2561 3472 2615 Iesu.
3523 2561 3660 2614 Non
3710 2555 3957 2610 multum

2251 2677 2400 2743 longe
2424 2689 2458 2726 a
2480 2669 2732 2729 Iordane,
2762 2665 2858 2718 ubi
2887 2663 3194 2731 baptizatus
3211 2661 3290 2712 est
3317 2656 3627 2715 Dominus,
3661 2657 3750 2706 est
3769 2665 3962 2704 mona—

2251 2769 2474 2822 sterium
2496 2763 2671 2818 sancti
2687 2757 2913 2813 Joannis
2937 2753 3101 2808 valde
3128 2765 3424 2820 magnum,
3460 2749 3526 2800 in
3559 2761 3678 2814 quo
3694 2749 3838 2799 sunt
3862 2758 3956 2795 sre-

2250 2859 2510 2916 nodochia
2534 2856 2659 2909 duo.
2689 2853 2751 2905 1n
2779 2849 2884 2902 ista
2907 2863 3114 2901 vero...
3145 2843 3246 2899 illa
3281 2841 3416 2912 ripa
3449 2839 3746 2894 Iordanis
3793 2836 3955 2890 inve-

2252 2953 2443 3008 nimus
2469 2949 2756 3017 serpentes
2776 2942 2844 2996 de
2872 2940 3078 3012 quibus
3113 2935 3374 2991 theriaca
3417 2931 3776 2986 conﬁcitur.
3819 2928 3952 2982 Inde

2255 3044 2510 3099 venimus
2530 3039 2600 3094 ad
2628 3035 2948 3092 Iordanem.

2329 3140 2414 3192 13.
2442 3136 2517 3188 De
2540 3130 2780 3188 Iordane
2814 3141 3000 3196 usque
3029 3124 3100 3178 ad
3140 3120 3374 3176 Iericho
3421 3111 3626 3173 millia
3675 3135 3758 3171 vi.
3808 3113 3954 3170 Ieri~

2256 3231 2363 3286 cho
2390 3231 2579 3282 autem
2601 3223 2659 3278 in
2685 3220 2858 3276 oculis
2887 3216 3194 3273 hominum
3223 3215 3304 3268 ita
3329 3212 3578 3266 videtur
3599 3227 3739 3266 esse
3760 3214 3830 3263 ut
3854 3226 3961 3280 pa-

2257 3323 2494 3388 radisus,
2521 3336 2555 3372 a
2580 3315 2912 3370 terreamotu
2938 3309 3092 3364 muri
3121 3307 3334 3375 diruti;
3389 3306 3618 3359 domus
3675 3302 3842 3359 Raab
3884 3318 3965 3355 re-

2259 3419 2386 3484 stat,
2411 3417 2468 3468 et
2491 3415 2574 3464 est
2598 3405 3036 3470 xenodochium,
3070 3400 3168 3455 sed
3197 3405 3254 3454 et
3296 3397 3688 3466 cubiculum,
3735 3396 3812 3450 de
3853 3411 3964 3466 quo

2261 3508 2633 3579 exploratores
2660 3497 2936 3569 deposuit,
2968 3493 3286 3550 oratorium
3338 3496 3428 3546 est
3471 3493 3712 3545 sancta
3751 3488 3960 3544 Mariae.

2261 3600 2494 3672 Lapides
2520 3611 2650 3650 vero
2677 3593 2758 3647 illi
2784 3606 2924 3662 quos
2949 3589 3286 3644 levaverunt
3321 3584 3430 3638 filii
3467 3584 3661 3638 Israel
3720 3584 3796 3638 de
3842 3583 3960 3637 Ior-

2264 3695 2427 3758 dane,
2456 3706 2570 3744 non
2592 3689 2759 3756 longe
2786 3701 2819 3738 a
2845 3682 3069 3737 civitate
3093 3679 3322 3734 Iericho
3351 3677 3532 3748 positi
3579 3683 3736 3732 sunt
3766 3677 3831 3730 in
3880 3676 3964 3728 ba—

2265 3787 2418 3842 silica
2439 3785 2569 3855 post
2595 3781 2801 3846 altare;
2831 3782 2888 3832 et
2909 3779 3041 3829 ante
3073 3772 3374 3826 basilicam
3418 3775 3510 3825 est
3556 3787 3824 3842 campus
3871 3768 3964 3840 qui

2265 3879 2468 3935 dicitur
2500 3880 2649 3946 Ager
2671 3870 2895 3928 Domini
2923 3887 2936 3922 :
2968 3869 2985 3888 '
3016 3867 3076 3920 in
3103 3881 3220 3936 quo
3254 3864 3556 3918 Dominus
3589 3881 3791 3918 manu
3833 3879 3962 3934 pro-

2265 3971 2389 4045 pria
2411 3967 2725 4034 seminavit,
2752 3965 2940 4018 ferens
2976 3963 3168 4013 satum
3189 3957 3377 4012 tritici
3401 3957 3521 4011 tria
3551 3957 3772 4012 modia
3801 3956 3963 4027 quiet

2268 4063 2569 4136 colligitur,
2609 4063 2666 4115 et
2691 4070 2989 4128 nunquam
3024 4052 3257 4118 seritur,
3291 4050 3397 4105 sed
3423 4065 3500 4104 ex
3534 4067 3603 4105 se
3632 4051 3871 4122 profert
3896 4065 3969 4100 se-

2269 4174 2421 4214 men.
2449 4151 2747 4223 Colligitur
2769 4165 2803 4202 a
2840 4161 3036 4202 mense
3065 4143 3407 4209 Februario,
3440 4146 3502 4196 et
3532 4143 3690 4198 inde
3721 4157 3968 4198 commu-

2272 4251 2490 4304 nicatur
2515 4246 2572 4299 in
2603 4241 2832 4298 Pascha.
2859 4241 3000 4295 Cum
3030 4237 3336 4292 collectum
3375 4235 3595 4306 fuerit,
3641 4241 3876 4299 aratur,
3921 4239 3966 4285 et

2271 4344 2480 4398 iterum
2505 4353 2632 4393 cum
2663 4333 2897 4406 reliquis
2927 4329 3208 4386 messibus
3227 4329 3566 4398 colligitur.

2348 4435 2430 4488 14.
2483 4434 2556 4487 At
2599 4444 2722 4484 vero
2769 4428 2892 4494 fons
2934 4439 3092 4494 aqua:
3137 4437 3299 4492 quem
3345 4421 3697 4478 indulcavit
3750 4423 3970 4478 Elisseae

2273 4559 2684 4629 occupaverunt
2701 4551 2880 4606 tribus
2905 4548 3108 4629 Ruben
3137 4547 3340 4629 et-Gad
3365 4547 3809 4628 cumdimidia
3827 4546 3969 4600 tribu

2275 4616 2550 4708 Manassae,
2572 4625 2669 4679 sed
2697 4636 2994 4708 nusquam‘
3011 4619 3290 4699 leguntur
3320 4616 3640 4672 invenisse
3685 4619 3968 4673 civitatem

2277 4688 2592 4758 Salamiada
2620 4712 2634 4749 :
2663 4688 2863 4748 verum
2889 4688 3166 4744 Antonini
3185 4688 3575 4757 imperatoris
3597 4690 3967 4744 ltinerarium

2276 4767 2710 4830 Salaminiadam
2752 4763 2926 4817 habet
2957 4759 3160 4830 procul
3209 4758 3372 4829 inde,
3427 4759 3601 4815 inter
3643 4762 3899 4816 Ocoram
3923 4764 3966 4811 et

2279 4841 2550 4897 Emissam
2579 4833 2894 4904 (lmlesyriae
2922 4831 3110 4904 urbes.

2348 4913 2375 4952 ἀ
2404 4913 2642 4965 Econtra
2675 4902 2886 4960 ex‘lib.
2932 4903 2980 4956 ll
3020 4902 3100 4955 Re

2484 4914 2642 4990 pntra
2675 4923 2743 4960 ex
2785 4903 2902 4990 lib.
2922 4903 3270 4990 ilLAlleg‘utILl,
3298 4914 3424 4990 Δ(ξιξ)
3443 4971 3458 4990 ὶ
3479 4904 3580 4971 18,
3623 4903 3851 4958 scimus
3875 4917 3964 4972 puo

2284 4997 2455 5053 gnam
2481 4981 2629 5053 inter
2659 4975 2940 5053 agercitus
2963 4973 3096 5053 Davi

2431 4997 2455 5062 ῃ
2481 4981 2629 5034 inter
2659 4975 2940 5030 exercitus
2963 4969 3573 5062 David'etJAbsalon‘
3604 4969 3964 5030 commissam

2577 5049 2612 5062 ι.
2689 5047 2728 5062 n
2772 5043 2952 5062 ‘,,,:.__
2987 5042 3040 5062 .‘__
3125 5056 3236 5062 _--
3286 5039 3428 5062 111.]-
3505 5042 3681 5062 1----1
3733 5047 3749 5062 ιι
3946 5057 3954 5062 .

2284 5039 2402 5108 ἔδεε
2428 5051 2486 5105 in
2517 5049 2661 5103 saltu
2689 5043 2960 5116 Ephraim
2987 5042 3048 5096 in
3074 5039 3456 5116 Galaaditide,
3504 5042 3684 5116 haud
3733 5047 3902 5116 longe
3935 5057 3966 5116 _a

2283 5122 2428 5179 mari
2461 5111 2791 5184 Tiberiadi’s,
2817 5114 3009 5184 ibique
3043 5111 3320 5179 occisum,
3350 5115 3414 5166 et
3443 5113 3564 5168 sub
3599 5131 3824 5172 acervo
3848 5111 3964 5182 ὶδρί-

2286 5195 2423 5250 dum
2451 5189 2734 5261 sepultum
2762 5185 3103 5261 Absalonem
3129 5197 3274 5236 esse.

2356 5276 2380 5304 θ
2413 5254 2636 5317 Diceres
2659 5272 2815 5312 mare
2841 5254 3342 5324 Mediterraneum,
3372 5268 3492 5324 per
3529 5257 3712 5324 quod
3741 5257 3966 5312 Alexan-

2288 5333 2435 5390 drini
2463 5332 2788 5408 navigantes
2813 5325 3116 5408 stationem
3140 5322 3396 5408 capiunt
3415 5322 3481 5378 in
3508 5322 3732 5408 aliqua
3757 5325 3967 5383 palmi.

2287 5422 2378 5460 me
2412 5393 2628 5485 portu,“
2644 5402 2785 5472 puta
2808 5399 3030 5485 ‘Ioppe,
3045 5393 3358 5485 “contundi
3413 5411 3449 5447 a
3503 5393 3812 5470 scriptore
3861 5410 3965 5451 cum

2289 5465 2434 5547 mari
2461 5465 2696 5547 Mortuo,
2728 5465 2951 5547 nullam
2973 5481 3104 5519 cum
3129 5465 3321 5547 altero
3339 5465 3963 5544 communicationem

2291 5545 2564 5612 habente;
2609 5533 2748 5596 adeo
2800 5541 2877 5612 ut_
2907 5534 3279 5612 impossibile
3307 5533 3401 5612 sit.
3438 5538 3966 5612 alexandrinorum

2291 5632 2460 5672 naves
2489 5605 2788 5668 ascendere
2813 5608 2885 5663 ad
2907 5605 3098 5661 locum
3120 5605 3406 5678 baptismi
3437 5607 3781 5668 dominici,

2365 5686 2386 5727 ῖ
2417 5684 2678 5742 Abundat
2701 5682 2793 5736 hic
2817 5693 3093 5734 numerus
3121 5677 3533 5746 centenarius,
3568 5697 3730 5740 nam
3767 5699 3865 5742 ω
3884 5677 3965 5736 suf-

2295 5757 2462 5817 ﬁcere
2486 5755 2672 5827 reipsa
2697 5754 2872 5826 patet.
