4022 6418
164 348 276 399 905

1635 353 2092 408 ITINERABIUM.

3433 364 3534 418 906

155 453 461 523 propheta,
489 456 692 524 irrigat
724 470 928 510 omnem
965 458 1195 521 Iericho,
1222 459 1316 513 ubi
1342 461 1583 513 nascitur
1619 461 1804 515 vinum
1826 472 1886 544 Α
1905 464 2046 515 tum.
2083 462 2253 518 Color
2270 479 2406 518 vero
2433 467 2630 534 petra,
2656 480 2784 536 qua
2811 463 2997 518 excisa
3026 469 3114 519 est
3150 465 3222 520 de
3253 465 3535 539 Golgotha

150 552 360 616 potens
389 548 537 618 quod
561 550 998 617 febricitantibus
1023 552 1206 606 datur.
1237 551 1319 606 lbi
1342 551 1596 613 nascitur
1615 553 1804 625 dacty-

160 638 295 693 lum
326 638 351 667 ⁸
381 639 451 694 de
490 641 636 696 libra
669 658 681 696 :
713 659 777 697 ex
809 643 1016 714 quibus
1053 661 1276 699 mecum
1321 645 1532 699 adduxi
1575 645 1634 700 in
1674 663 1804 717 pro-

159 731 445 801 vinciam,
476 737 534 788 et
565 733 696 789 dedi
725 753 904 790 unum
933 737 1170 792 domino
1200 739 1425 796 Paterio
1445 738 1699 794 Tributio
1717 757 1808 811 pa-

161 829 358 885 tricio.
379 831 460 885 Ibi
487 833 738 888 nascitur
766 835 970 889 cedrus
999 835 1070 889 de
1100 835 1306 917 cubitis
1327 835 1728 907 quadraginta,
1754 842 1810 892 et

159 922 339 995 virga
371 925 556 980 fasioli
588 925 732 982 duos
766 929 948 998 pedes
973 930 1165 1000 longa.
1203 929 1280 983 lbi
1309 933 1394 982 est
1419 929 1542 984 vitis
1568 930 1718 984 unde
1750 930 1808 988 in

158 1018 523 1072 Ascensioue
555 1020 783 1074 Domini
813 1023 998 1092 plena
1043 1022 1197 1076 cista
1235 1023 1478 1077 racemis
1511 1023 1570 1077 in
1610 1027 1806 1078 monte

161 1109 377 1165 Oliveti
409 1113 657 1178 venales,
691 1117 747 1168 et
779 1114 838 1168 in
867 1115 958 1169 die
992 1118 1324 1172 Pentecoste
1351 1115 1572 1170 mixtim
1605 1117 1808 1171 exinde

161 1204 349 1274 plena
371 1207 598 1260 calatha
623 1213 1046 1278 proponuntur.

247 1301 336 1352 15.
367 1299 650 1354 Exeuntes
674 1300 744 1354 de
771 1301 993 1357 Jericho
1024 1303 1284 1357 venimus
1313 1307 1513 1358 contra
1541 1303 1805 1358 Hieroso-

157 1393 413 1462 lymam.
447 1393 569 1446 Non
601 1394 775 1465 longe
805 1413 838 1449 a
866 1395 1089 1450 Iericho
1122 1400 1208 1450 est
1231 1397 1329 1452 illa
1355 1397 1526 1450 arbor
1555 1396 1650 1450 ubi
1681 1398 1810 1450 Zac-

159 1485 369 1540 chaus
389 1485 648 1541 ascendit
674 1493 736 1542 ut
763 1487 981 1544 videret
1012 1490 1318 1544 Dominum
1344 1507 1357 1544 :
1381 1507 1508 1560 qua
1535 1491 1708 1544 arbor
1727 1489 1808 1544 in-

156 1578 260 1633 fra
306 1579 620 1634 oratorium
663 1580 878 1635 inclusa
917 1587 1020 1651 est,
1067 1587 1124 1636 et
1167 1599 1270 1654 per
1315 1585 1530 1637 tectum
1562 1583 1809 1654 desuper

160 1669 322 1726 sicca
361 1671 602 1726 videtur.
642 1673 823 1744 Igitur
861 1679 1130 1729 exeuntes
1171 1676 1241 1730 de
1269 1677 1516 1744 Jericho,
1551 1677 1808 1730 venimus

160 1769 380 1819 contra
419 1765 833 1820 occidentalem
855 1769 882 1808 ι)
907 1767 966 1822 in
1010 1768 1238 1822 sinistra
1277 1785 1455 1823 manu
1489 1787 1502 1823 :
1537 1773 1594 1822 et
1628 1770 1804 1823 intra-

158 1857 363 1913 vimus
389 1857 547 1913 villas
575 1859 840 1914 Sodoma
883 1865 941 1914 et
981 1862 1313 1916 Gomorrha
1365 1879 1378 1916 :
1422 1879 1594 1933 super
1630 1878 1806 1933 quam
1829 1841 1884 1911 B

157 1951 534 2024 provinciam
563 1969 792 2026 semper
832 1954 1089 2009 ascendit
1115 1955 1296 2010 nubes
1323 1972 1456 2012 cum
1489 1956 1664 2010 odore
1696 1957 1807 2009 sul-

157 2045 414 2117 phureo.
461 2045 626 2110 Quod
674 2046 872 2102 dicunt
913 2047 1178 2102 homines
1217 2049 1287 2103 de
1328 2067 1500 2104 uxore
1545 2049 1708 2115 Loth,
1756 2052 1813 2102 et

161 2138 335 2210 quod
351 2139 630 2209 lingendo
652 2140 723 2194 ab
745 2141 1091 2196 animalibus
1111 2142 1423 2208 minuatur,
1442 2141 1806 2197 mendacium

161 2237 261 2286 est
291 2250 304 2287 :
341 2231 439 2287 sed
464 2236 582 2287 stat
607 2233 667 2287 in
699 2237 850 2289 statu
881 2252 982 2290 suo
1010 2236 1068 2288 in
1100 2252 1213 2306 quo
1244 2236 1369 2290 fuit.

247 2329 336 2381 16.
380 2327 772 2382 Ascendentes
828 2329 898 2382 de
949 2329 1239 2384 montanis
1288 2329 1810 2400 Hierosolymorum

160 2419 518 2474 Barrideum
545 2433 568 2461 ο
595 2462 609 2486 ,
644 2419 895 2492 indeque
936 2425 1290 2476 revertentes
1319 2422 1388 2476 ad
1419 2423 1706 2476 sinistram
1737 2421 1812 2476 ad

160 2512 392 2584 oppida
408 2513 618 2568 montis
639 2513 863 2583 Oliveti,
882 2514 1142 2570 venimus
1164 2515 1221 2569 in
1240 2515 1579 2569 Bethaniam
1600 2515 1672 2569 ad
1695 2531 1812 2569 mo—

161 2609 526 2662 numentum
574 2607 790 2676 Lazari,
818 2607 1187 2680 respicientes
1222 2585 1395 2663 valles
1442 2609 1562 2662 illas
1591 2611 1648 2663 et
1679 2625 1808 2679 per-

161 2699 542 2756 ambulantes
561 2701 910 2757 monasteria
937 2703 1120 2757 multa
1141 2705 1200 2756 et
1223 2701 1642 2756 mirabiliorum
1665 2702 1808 2768 loca,

157 2793 423 2848 vidimus
453 2795 708 2848 clausam
730 2795 1160 2850 multitudinem
1185 2795 1244 2850 in
1267 2799 1467 2850 monte
1484 2795 1736 2850 virorum
1758 2799 1815 2848 et

155 2887 504 2944 mulierum.
531 2889 602 2942 Et
628 2905 854 2944 rursum
879 2892 937 2943 in
963 2895 1138 2947 monte
1164 2891 1306 2945 unde
1335 2891 1594 2944 Dominus
1621 2905 1812 2944 ascen-

159 2981 258 3036 dit
283 2981 362 3036 ad
385 2983 618 3048 Patrem,
649 2983 744 3036 ubi
779 2987 830 3038 et
857 2983 1108 3052 judicare
1134 2987 1332 3047 ven-iet,
1361 2984 1595 3038 vidimus
1625 2999 1810 3038 mona-

159 3077 346 3131 steria
372 3078 586 3146 copiosa
622 3081 674 3130 et
708 3077 959 3132 cellulam
984 3078 1080 3132 ubi
1109 3079 1319 3132 inclusa
1351 3079 1462 3145 fuit
1487 3077 1572 3131 vel
1581 3077 1731 3144 jacet
1758 3079 1816 3130 in

158 3183 396 3240 corpore
421 3173 609 3224 sancta
635 3170 880 3238 Pelagia,
911 3173 968 3224 et
995 3171 1055 3224 in
1089 3170 1212 3240 ipso
1248 3173 1448 3225 monte
1471 3169 1627 3240 jacet
1650 3171 1810 3224 Jaco-
1836 3211 1891 3285 Ο

158 3263 278 3285 ι---
309 3261 566 3285 η-ι.,.ι..;
627 3266 674 3285 ,ι
705 3261 982 3285 ιη---ι.--
1031 3265 1078 3285 ,ι
1118 3263 1290 3285 ...ηἱιΑ
1327 3266 1645 3285 _-_-1-__-__.
1693 3279 1788 3285 ---

156 3263 280 3320 bus
306 3261 592 3330 Zebedai,
621 3266 680 3316 et
704 3261 984 3334 Cleophas
1024 3265 1083 3316 et
1118 3263 1297 3318 multa
1323 3266 1649 3317 sanctorum
1689 3279 1811 3316 cor-

159 3373 339 3432 pora.
812 3343 822 3348 ’

249 3454 336 3506 17.
366 3449 789 3505 Descendentes
838 3450 909 3506 de
952 3453 1148 3504 monte
1203 3449 1406 3505 Oliveti
1447 3448 1707 3504 venimus
1755 3450 1813 3504 in

156 3544 371 3600 villam
419 3544 812 3611 Gethzemani,
843 3543 900 3598 in
933 3545 1057 3600 loco
1099 3543 1196 3598 ubi
1227 3544 1464 3598 traditus
1501 3547 1588 3597 est
1621 3543 1811 3598 Domi-

157 3655 284 3696 nus
320 3655 333 3692 :
365 3637 423 3692 in
457 3654 572 3709 quo
597 3643 732 3694 sunt
757 3639 866 3692 tria
895 3637 1174 3705 aceubita,
1206 3637 1266 3692 in
1300 3637 1505 3708 quibus
1532 3637 1622 3691 ille
1649 3653 1811 3692 accu-

156 3731 322 3800 buit,
351 3735 409 3785 et
430 3748 535 3786 nos
559 3747 664 3803 pro
683 3731 1086 3786 benedictione
1109 3730 1476 3786 aceubuimus
1501 3747 1513 3785 :
1538 3733 1596 3784 et
1614 3730 1672 3784 in
1694 3730 1816 3801 ipsa

159 3829 264 3882 est
293 3822 501 3880 domus
533 3829 740 3880 sancta
765 3825 975 3893 Maria,
999 3823 1070 3878 de
1092 3841 1208 3896 qua
1228 3841 1358 3879 eam
1389 3823 1590 3880 dicunt
1609 3824 1684 3878 ad
1703 3840 1811 3879 ca-

157 3922 262 3977 los
307 3918 481 3972 fuisse
523 3918 829 3974 sublatam.
875 3919 945 3973 Et
990 3918 1046 3972 in
1096 3918 1221 3990 ipsa
1261 3918 1405 3972 valle
1447 3917 1812 3972 Gethzemani

157 4012 399 4071 ibidem
425 4017 663 4067 vocatur
683 4012 842 4066 vallis
867 4011 1162 4084 losaphat.
1191 4013 1250 4065 ln
1274 4011 1508 4065 dextera
1525 4014 1708 4082 porta
1731 4014 1818 4065 est

159 4106 450 4163 olivetum
483 4110 542 4160 et
571 4105 819 4160 ﬁculnea
847 4106 902 4160 in
938 4123 1052 4178 qua
1078 4122 1136 4159 se
1156 4104 1330 4160 Judas
1356 4107 1564 4176 laqueo
1585 4121 1817 4176 suspen-

159 4201 282 4270 dit,
316 4199 426 4255 hoc
453 4203 539 4254 est
568 4199 642 4254 ad
672 4202 898 4271 portam
943 4199 1280 4268 Jerusalem,
1311 4199 1470 4271 cujus
1509 4199 1662 4254 talea
1705 4201 1818 4253 stat

158 4294 406 4354 munita
423 4293 672 4366 perticis.
697 4295 922 4348 Portam
939 4293 1176 4348 civitatis
1195 4292 1343 4364 (qua
1363 4294 1615 4348 coharet
1633 4296 1814 4365 porta

159 4383 485 4456 Speciosa,
511 4399 640 4454 qua
659 4382 769 4437 fuit
798 4382 1018 4454 templi,
1042 4381 1202 4453 cujus
1230 4381 1494 4437 liminare
1515 4385 1573 4437 et
1591 4382 1810 4437 tabula-

157 4473 256 4530 tio
292 4474 419 4543 stat)
448 4471 794 4527 inclinanter
823 4471 1078 4552 proniin
1105 4473 1319 4526 terram
1348 4471 1593 4544 ingressi
1619 4488 1815 4526 sumus

155 4565 235 4622 in
287 4565 543 4617 sanctam
580 4562 886 4629 civitatem,
921 4560 978 4615 in
1025 4577 1138 4632 qua
1181 4560 1544 4617 adoravimus
1587 4561 1892 4658 DominiD

162 4653 650 4710 monumentum.

255 4748 344 4800 l8.
369 4747 566 4816 Ipsum
607 4747 1072 4813 monumentum,
1106 4745 1167 4799 in
1201 4761 1314 4817 quo
1346 4761 1550 4817 corpus
1585 4743 1812 4800 Domini

159 4835 434 4912 positum
462 4835 590 4904 fuit,
614 4835 674 4890 in
702 4835 1024 4890 naturalem
1051 4834 1298 4890 excisum
1325 4838 1412 4888 est
1436 4837 1680 4907 petram.
1703 4834 1810 4890 Lu-

161 4941 372 4986 cerna
403 4925 606 4996 hydria
633 4942 760 4997 qua
788 4924 884 4980 illo
907 4928 1168 4996 tempore
1189 4926 1262 4982 ad
1287 4928 1458 4997 caput
1483 4925 1606 4996 ejus
1631 4924 1816 4996 posita

157 5017 391 5081 fuerat,
423 5011 640 5069 ibidem
667 5012 833 5068 ardet
857 5012 955 5069 diu
987 5017 1275 5086 noctuque
1309 5033 1322 5070 :
1357 5033 1423 5070 ex
1450 5031 1563 5086 qua
1587 5013 1816 5070 benedi-

157 5106 432 5164 ctionem
481 5104 734 5170 tulimus,
767 5105 826 5158 et
857 5103 1350 5176 recomposuimus
1393 5121 1541 5160 eam.
1589 5107 1653 5159 In
1701 5120 1814 5176 quo

157 5195 568 5254 monumento
600 5193 671 5248 de
705 5190 840 5247 foris
869 5191 1114 5248 mittitur
1143 5197 1318 5262 terra,
1340 5198 1396 5248 et
1426 5193 1816 5265 ingredientes

155 5280 648 5344 benedictionem
690 5283 918 5337 tollunt.
978 5282 1145 5353 Lapis
1189 5299 1321 5338 vero
1366 5282 1518 5337 unde
1559 5283 1814 5338 clausum

157 5373 288 5434 fuit
313 5374 761 5428 monumentum
792 5370 1001 5442 ipsum,
1035 5375 1122 5425 est
1151 5375 1284 5426 ante
1310 5371 1451 5426 illud
1479 5389 1819 5427 monumen-

249 5521 278 5552 ⁸
305 5521 365 5576 Si
396 5537 594 5574 sensus
632 5522 718 5574 est
755 5518 1608 5591 dactylosquigibinascuntur
1652 5520 1818 5575 unius

157 5595 344 5655 libra
373 5591 628 5662 singulos
667 5607 812 5658 esse,
842 5588 1077 5644 cateris
1092 5589 1313 5645 fabellis
1345 5607 1442 5644 eos
1471 5607 1819 5646 annumeres

157 5669 433 5790 118ιίῗΐίιῐιο
463 5732 538 5788 ad
567 5731 1010 5804 meridionalem
1047 5731 1280 5804 plagam
1304 5736 1566 5804 respectu
1591 5733 1818 5789 Jericho

163 5812 304 5872 sita
333 5807 570 5862 fuerunt
599 5803 853 5860 Sodoma
879 5808 938 5858 et
963 5803 1302 5860 Gomorrha.

248 5894 272 5924 ε
330 5875 692 5940 Barrideum,
743 5891 958 5930 nomen
1008 5876 1284 5932 hactenus
1323 5877 1581 5948 ignotum
1632 5877 1818 5931 Terra

512 5967 784 6042 PATROL.
832 5972 1065 6037 LXXII.

1911 571 2026 610 non
2057 554 2412 628 dignoscitur
2439 574 2452 612 :
2481 573 2615 612 nam
2636 561 2801 629 petra
2828 557 2950 628 ipsa
2975 561 3180 613 ornata
3207 563 3292 614 est
3311 576 3451 616 auro
3480 565 3539 616 et

1909 649 2181 720 gemmis;
2213 653 2271 706 et
2301 651 2668 722 postmodum
2697 651 2767 706 de
2797 651 2920 723 ipsa
2944 655 3105 722 petra
3125 653 3338 708 factum
3359 657 3446 708 est
3463 654 3537 710 al-

1909 743 2052 809 tare,
2081 741 2138 796 in
2162 743 2286 798 loco
2317 743 2414 798 ubi
2445 745 2746 799 cruciﬁxus
2779 748 2863 799 est
2889 745 3184 800 Dominus.
3209 747 3376 802 Petra
3400 763 3536 803 vero

1909 837 2274 890 monumenti
2305 839 2460 891 velut
2502 838 2738 893 molaris
2780 841 2882 906 est,
2923 842 2980 892 et
3014 839 3237 893 inﬁnite
3282 843 3487 895 ornata
3521 858 3534 894 :

1907 927 2082 998 virgis
2113 929 2312 984 ferreis
2333 931 2591 1001 pendent
2617 931 2949 998 brachialia,
2985 931 3400 1000 dextrocheria,
3419 950 3540 988 mu-

1909 1037 2083 1084 rena,
2115 1023 2375 1093 monilia,
2409 1025 2608 1078 annuli
2651 1023 3013 1096 capitulares,
3047 1025 3312 1095 cingella,
3341 1026 3540 1092 baltei,

1908 1130 2154 1183 corona,
2173 1115 2481 1187 imperium
2501 1134 2568 1171 ex
2581 1135 2720 1173 auro
2733 1119 2819 1172 vel
2839 1117 3105 1188 gemmis,
3122 1121 3179 1172 et
3195 1123 3538 1174 ornamenta

1908 1209 2175 1280 plurima.
2197 1210 2264 1264 Et
2279 1208 2467 1280 ipsum
2489 1215 2933 1266 monumentum
2955 1211 3013 1265 in
3035 1211 3271 1266 modum
3289 1212 3540 1267 ecclesia

1909 1306 2249 1374 coopertum
2273 1320 2340 1358 ex
2361 1308 2602 1374 argento
2627 1321 2640 1358 :
2666 1311 2724 1359 et
2747 1309 2878 1359 ante
2902 1310 3340 1360 monumentum
3362 1306 3540 1360 altare

1908 1395 2183 1466 positum.

1983 1491 2066 1542 19.
2097 1492 2141 1543 Α
2173 1495 2554 1545 monumento
2603 1508 2780 1562 usque
2823 1492 3106 1563 Golgotba
3147 1495 3278 1547 sunt
3317 1509 3543 1564 gressus

1909 1581 2219 1652 octoginta.
2239 1583 2324 1636 Ab
2347 1600 2460 1637 una
2481 1587 2641 1654 parte
2666 1584 2995 1639 ascenditur
3013 1601 3116 1656 per
3139 1585 3368 1656 gradus,
3390 1587 3542 1640 unde

1907 1673 2180 1729 Dominus
2219 1675 2478 1730 ascendit
2514 1677 2588 1730 ad
2627 1677 3104 1748 cruciﬁgendum.
3138 1679 3282 1732 Nam
3319 1678 3378 1732 in
3419 1680 3543 1734 loco

1909 1767 2006 1822 ubi
2057 1768 2164 1822 fuit
2201 1769 2518 1837 cruciﬁxus,
2547 1774 2788 1842 apparet
2826 1787 2995 1824 cruor
3031 1771 3346 1842 sanguinis.
3379 1773 3449 1826 Et
3483 1772 3544 1826 in

1911 1862 2033 1932 ipso
2063 1863 2238 1916 latere
2265 1866 2444 1933 petra
2473 1867 2560 1917 est
2584 1865 2763 1918 altare
2795 1863 3135 1934 patriarcha
3153 1863 3458 1934 Abraham,
3483 1863 3542 1918 in

1911 1971 2022 2025 quo
2053 1955 2168 2009 ibat
2197 1955 2403 2010 oﬁ‘erre
2434 1959 2609 2024 Isaac,
2645 1957 2877 2028 quando
2905 1957 3148 2012 tentavit
3179 1973 3312 2012 eum
3344 1957 3540 2012 Domi-

1912 2065 2036 2103 nus.
2061 2047 2140 2102 lbi
2163 2054 2220 2103 et
2237 2048 2650 2104 Melchisedech
2673 2050 2879 2104 obtulit
2903 2049 3245 2105 sacriﬁcium
3264 2050 3539 2118 Abrahae;

1912 2142 2144 2213 quando
2192 2143 2588 2198 revertebatur
2627 2161 2757 2198 cum
2797 2143 3032 2198 victoria
3071 2160 3106 2198 a
3143 2143 3301 2198 cade
3326 2143 3352 2184 ἀ
3379 2148 3542 2200 Ame-

1911 2235 2056 2290 lech.
2089 2235 2243 2290 Tunc
2273 2235 2490 2290 ibidem
2530 2237 2690 2292 dedit
2721 2237 2771 2290 ei
2797 2237 3092 2291 Abraham
3122 2253 3360 2292 omnem
3391 2236 3542 2292 deci-

1911 2327 2230 2382 mationem
2259 2329 2316 2382 in
2349 2329 2584 2383 hostias.
2605 2331 2770 2384 Juxta
2797 2329 2986 2400 ipsum
3015 2331 3196 2384 altare
3217 2334 3304 2384 est
3324 2333 3542 2401 crypta,

1913 2419 2008 2474 ubi
2036 2421 2202 2492 ponis
2231 2437 2453 2488 aurem,
2485 2425 2544 2474 et
2571 2422 2732 2477 audis
2761 2421 3002 2476 ﬂumina
3032 2438 3348 2493 aquarum;
3381 2427 3438 2476 et
3457 2423 3544 2492 ja-

1913 2518 2030 2568 ctas
2052 2517 2071 2536 '
2100 2531 2334 2585 pomum
2371 2517 2470 2568 aut
2501 2515 2656 2568 aliud
2685 2515 2836 2585 quod
2868 2519 3064 2568 natare
3087 2520 3287 2586 potest,
3311 2518 3369 2569 et
3390 2515 3548 2569 vadis

1911 2607 1986 2661 ad
2031 2607 2186 2662 Siloa
2217 2609 2460 2672 fontem,
2501 2607 2596 2661 ubi
2631 2607 2772 2662 illud
2815 2607 3075 2678 recipies.
3109 2610 3265 2663 Intra
3307 2607 3462 2663 Siloa
3491 2612 3549 2662 et
3585 2631 3592 2638 ·

1913 2701 2196 2773 Golgotha
2225 2700 2398 2755 credo
2441 2704 2528 2754 est
2560 2700 2890 2755 milliarium
2924 2718 2936 2756 :
2974 2717 3108 2755 nam
3148 2700 3545 2772 Hierosolyma

1911 2811 2124 2867 aquam
2153 2793 2341 2848 vivam
2367 2811 2480 2848 non
2509 2793 2702 2860 habet,
2732 2797 2945 2866 prater
2971 2794 3030 2848 in
3061 2793 3214 2848 Siloa
3245 2794 3424 2849 fonte.

1983 2891 2072 2942 20.
2105 2889 2182 2942 De
2213 2888 2500 2958 Golgotha
2526 2904 2705 2958 usque
2734 2887 2833 2942 ubi
2863 2887 3095 2942 inventa
3131 2891 3219 2941 est
3249 2903 3384 2942 crux
3416 2891 3548 2942 sunt

1914 2997 2138 3052 gressus
2180 2998 2230 3036 L.
2279 2983 2342 3036 In
2386 2979 2620 3034 basilica
2649 2979 3010 3036 Constantini
3039 2981 3368 3035 coharente
3395 2980 3546 3034 circa

1913 3077 2358 3130 monumentum
2379 3075 2468 3128 vel
2501 3074 2801 3146 Golgotha,
2826 3073 2886 3128 in
2913 3073 3060 3128 atrio
3081 3073 3258 3146 ipsius
3276 3073 3546 3142 basilica,

1917 3171 2002 3223 est
2046 3168 2371 3222 cubiculum
2413 3167 2508 3222 ubi
2551 3169 2774 3239 lignum
2814 3167 2998 3223 crucis
3037 3167 3400 3222 reconditum
3431 3170 3546 3234 est;

1917 3277 2089 3333 quam
2123 3260 2486 3316 adoravimus
2517 3263 2574 3314 et
2599 3261 2997 3315 osculavimus.
3032 3261 3177 3315 Nam
3209 3263 3268 3314 et
3295 3260 3548 3329 titulum,

1916 3354 2015 3426 qui
2035 3370 2206 3426 super
2229 3357 2402 3424 caput
2428 3354 2550 3424 ejus
2575 3353 2792 3425 positus
2823 3355 3031 3421 fuerat,
3053 3353 3112 3407 in
3135 3369 3250 3424 quo
3272 3353 3547 3426 scriptum

1917 3451 2002 3502 est
2041 3451 2190 3502 Iesus
2229 3450 2540 3505 Nazarenus
2585 3451 2700 3503 Rea:
2721 3447 3058 3511 Iudaeorum,
3089 3446 3250 3500 tenui
3281 3446 3338 3501 in
3371 3463 3550 3502 manu

1917 3544 1974 3596 et
1997 3542 2280 3596 osculatus
2311 3557 2456 3595 sum.
2487 3541 2732 3612 Lignum
2761 3539 2943 3594 crucis
2975 3539 3046 3593 de
3079 3555 3224 3594 nuce
3257 3543 3345 3594 est
3376 3557 3388 3595 :
3422 3557 3558 3612 pro-

1917 3635 2158 3690 cedente
2181 3651 2316 3690 vero
2349 3640 2546 3690 sancta
2577 3650 2740 3688 cruce
2765 3633 2834 3688 de
2857 3631 3116 3688 cubiculo
3141 3649 3242 3688 suo
3265 3638 3507 3705 apparet
3525 3637 3547 3658 '

1918 3729 2082 3784 stella
2106 3728 2164 3782 in
2191 3729 2353 3796 calo,
2375 3732 2432 3782 et
2452 3727 2608 3783 venit
2633 3744 2804 3799 super
2834 3728 3022 3782 locum
3043 3726 3138 3782 ubi
3159 3744 3294 3782 crux
3313 3727 3548 3795 residet,

1917 3826 1976 3878 et
1996 3823 2132 3876 dum
2156 3822 2432 3878 aduratur
2451 3839 2608 3889 crux,
2627 3824 2740 3876 stat
2760 3837 2932 3892 super
2951 3837 3080 3875 eam
3102 3821 3282 3875 stella.
3303 3821 3372 3876 Et
3389 3821 3552 3876 aﬂ‘er-

1914 3922 2009 3972 tur
2020 3916 2212 3971 oleum
2225 3917 2298 3971 ad
2313 3915 2774 3970 benedicendum
2793 3913 3062 3986 ampullis
3075 3913 3552 3986 onychinis.ﬂora

1916 4027 2050 4066 vero
2093 4027 2208 4082 qua
2246 4010 2507 4081 tetigerit
2539 4009 2762 4081 lignum
2805 4008 2986 4064 crucis
3025 4008 3310 4080 ampullas
3339 4011 3382 4079 ',
3417 4025 3549 4064 mox

1917 4104 2117 4160 ebullit
2147 4104 2320 4159 foras.
2356 4104 2701 4158 Revertente
2734 4119 2898 4158 cruce
2938 4102 2998 4156 in
3039 4103 3227 4158 locum
3273 4119 3461 4171 suum,
3495 4107 3554 4157 et

1917 4198 2079 4252 stella
2120 4197 2334 4269 pariter
2369 4198 2694 4267 revertitur,
2742 4201 2799 4252 et
2837 4201 2963 4268 post
2997 4197 3278 4252 reclusam
3323 4213 3547 4253 crucem

1916 4309 2032 4348 non
2056 4296 2296 4364 apparet
2317 4291 2500 4346 stella.
2515 4291 2700 4346 Etiam
2727 4291 2805 4345 ibi
2829 4293 2916 4345 est
2933 4306 3119 4346 canna
3140 4293 3196 4344 et
3215 4291 3460 4362 spongia
3479 4291 3549 4346 de

1917 4381 2124 4452 quibus
2142 4380 2426 4450 legiturin
2445 4380 2770 4451 Evangelio,
2791 4395 2924 4433 cum
2945 4395 3059 4450 qua
3074 4379 3315 4450 spongia
3335 4395 3548 4451 aquam

1915 4469 2164 4524 bibimus
2199 4485 2211 4524 :
2240 4473 2298 4524 et
2325 4469 2470 4523 calix
2495 4468 2814 4538 onychinus
2841 4483 3012 4538 quem
3040 4466 3335 4523 benedixit
3359 4467 3550 4523 Domi-

1913 4576 2022 4613 nus
2051 4559 2110 4613 in
2139 4574 2318 4624 coena,
2349 4560 2405 4613 et
2449 4558 2574 4612 alia
2599 4558 2795 4612 multa
2817 4556 3074 4612 virtutes.
3111 4557 3335 4627 Species
3364 4557 3548 4612 beata

1913 4648 2099 4704 Maria
2127 4647 2184 4702 in
2213 4647 2492 4718 superiori
2521 4648 2666 4712 loco,
2689 4647 2746 4700 et
2773 4661 2916 4700 zona
2947 4645 3143 4717 ipsius,
3179 4649 3236 4699 et
3259 4645 3546 4716 ligamen-

1913 4743 2038 4794 tum
2083 4754 2198 4809 quo
2242 4737 2302 4791 in
2345 4736 2526 4808 capite
2572 4735 2888 4789 utebatur:
2921 4737 2978 4787 et
3021 4733 3098 4788 ibi
3147 4736 3282 4788 sunt
3325 4737 3546 4819 septem

1915 4827 2202 4883 cathedra
2223 4841 2533 4882 marmora
2560 4823 2874 4879 seniorum.

1986 4927 2074 4978 21.
2105 4921 2245 4978 lnde
2271 4919 2634 4976 ascendimus
2662 4917 2718 4972 in
2753 4917 2956 4971 turrim
2984 4915 3183 4983 David,
3218 4917 3314 4972 ubi
3345 4917 3551 4973 decan-

1915 5012 2056 5068 tavit
2096 5009 2455 5066 Psalterium.
2488 5009 2692 5079 Magna
2721 5010 2807 5061 est
2835 5006 2998 5061 valde
3028 5023 3042 5061 :
3077 5005 3137 5060 in
3169 5005 3406 5078 singulis
3436 5023 3546 5063 ca-

1919 5099 2153 5167 naculis,
2187 5115 2315 5171 qua
2347 5097 2764 5171 quadrangula,
2797 5097 2969 5151 turris
2995 5098 3108 5164 est;
3143 5098 3201 5150 et
3232 5113 3376 5168 opus
3403 5099 3547 5152 scul-

1918 5194 2101 5262 ptum,
2125 5207 2243 5244 non
2274 5188 2492 5243 habens
2521 5189 2754 5253 tectum,
2784 5185 2842 5239 in
2865 5202 2978 5257 qua
3001 5184 3306 5240 Christiani
3328 5201 3433 5258 pro
3457 5185 3552 5243 de-

1917 5281 2144 5335 votione
2171 5277 2492 5334 ascendunt
2517 5277 2591 5331 ad
2615 5275 3014 5342 mansionem;
3047 5278 3106 5328 et
3125 5274 3276 5330 circa
3295 5276 3550 5332 medium

1921 5370 2102 5424 noctis
2139 5369 2385 5442 spatium
2421 5368 2741 5437 surgentes,
2771 5362 3015 5418 audiunt
3044 5379 3211 5420 voces
3237 5366 3257 5389 ¹
3287 5381 3546 5422 murmu-

1919 5522 2144 5578 Sancta
2170 5519 2554 5592 scriptoribus.

1989 5595 2016 5635 ἀ
2043 5586 2334 5648 Abraham
2375 5608 2492 5646 non
2527 5587 2806 5662 percussit
2838 5586 3221 5662 _Amalec,‘sed
3252 5590 3381 5644 Saul
3417 5587 3544 5662 :‘vi-

1919 5665 2097 5719 ctoria
2137 5668 2332 5718 autem
2376 5680 2410 5718 a
2450 5658 2575 5734 qua
2613 5659 3007 5734 revertebatur
3045 5658 3336 5734 Abraham
3366 5658 3547 5713 relata

1918 5735 2026 5790 fuit
2052 5734 2123 5806 de
2151 5735 2403 5806 quinque
2433 5729 2671 5806 regibus
2693 5731 2790 5806 qui
2821 5730 2967 5806 victo
2997 5745 3133 5800 rege
3147 5729 3543 5806 _Sod9morum

1919 5810 1977 5862 et
2001 5798 2332 5877 sociisfejus.
2350 5798 2622 5876 nepotem
2651 5798 2791 5858 Ldth
2819 5798 3105 5871 captivum
3130 5798 3433 5855 ducebant.

3162 5972 3239 6032 29
