4022 6474
476 365 576 425 9οῒ

1771 355 2083 421 ΑΝΤΟΝΙΝΙ
2122 367 2513 422 PLACENTINI

3778 362 3897 414 908

475 477 725 532 rantium
775 477 1036 529 deorsum
1087 475 1143 528 in
1181 474 1324 528 valle
1357 474 1643 544 Josaphat,
1684 475 1754 528 ad
1798 475 1918 528 loca
1963 488 2088 544 qua
2110 479 2270 556 Aest
2313 473 2390 528 ibi
2433 473 2663 528 basilica
2696 470 2976 538 volubilis,
3009 471 3078 526 de
3127 469 3232 524 sub
3277 486 3398 541 qua
3445 467 3652 540 surgit
3689 466 3896 533 Siloa,

473 569 783 641 respiciunt
809 571 1008 622 contra
1031 567 1338 622 Sodomam
1371 571 1426 620 et
1451 567 1850 621 Gomorrham.

543 665 628 716 22.
662 659 877 714 Deinde
908 659 1164 713 venimus
1202 659 1261 713 in
1293 659 1586 714 basilicam
1629 659 1785 725 Sion,
1823 657 1918 712 ubi
1959 663 2090 712 sunt

475 752 756 808 mirabilia
786 753 964 806 multa
994 769 1006 806 :
1041 752 1188 806 inter
1219 768 1343 822 qum
1373 756 1456 806 est
1486 751 1634 822 quod
1669 751 1879 822 legitur
1908 751 1976 805 de
2003 753 2084 806 la-

473 845 607 917 pide
632 845 912 916 angulari,
955 845 1048 916 qui
1078 845 1409 916 reprobatus
1436 849 1520 898 est
1551 845 1620 898 ab
1654 845 2082 898 mdiﬁcantibus.

471 938 712 994 Domino
745 938 898 992 enim
931 937 1286 1008 ingrediente
1317 937 1374 992 in
1402 937 1587 1007 ipsam
1615 937 1930 1004 ecclesiam,
1961 955 2086 1008 qum

470 1031 579 1086 fuit
607 1031 810 1086 domus
846 1030 1022 1086 sancti
1067 1029 1278 1098 Jacobi,
1310 1029 1526 1084 invenit
1565 1030 1815 1100 lapidem
1849 1033 1868 1052 ¹
1897 1030 2082 1084 defor-

467 1142 642 1192 mem,
671 1124 728 1192 in
757 1123 946 1176 medio
965 1123 1284 1194 jacentem;
1320 1123 1616 1193 tenuitque
1643 1141 1794 1192 eum,
1820 1127 1876 1176 et
1901 1125 2089 1193 posuit

469 1218 528 1272 in
551 1217 778 1287 angulo.
798 1216 979 1280 Quem
1000 1219 1206 1269 tenens
1231 1217 1382 1269 levas
1403 1219 1460 1269 et
1485 1216 1648 1286 ponis
1669 1232 1864 1270 aurem
1889 1217 1945 1270 in
1965 1217 2085 1286 ipso

470 1311 737 1381 angulo',
762 1313 818 1361 et
842 1311 1008 1361 sonat
1039 1309 1094 1361 in
1131 1309 1362 1362 auribus
1385 1309 1498 1362 tuis
1519 1309 1680 1379 quasi
1704 1309 2086 1362 murmuratio

469 1403 774 1458 multorum
805 1401 1222 1455 hominum.~ln
1254 1401 1376 1472 ipsa
1407 1402 1651 1454 Ecclesia
1683 1405 1765 1454 est
1795 1403 2082 1467 columna,

468 1495 528 1550 in
546 1512 656 1566 qua
677 1495 784 1548 tale
803 1499 883 1548 est
905 1493 1154 1564 signum,
1171 1497 1232 1546 ut
1249 1495 1385 1546 dum
1403 1511 1528 1546 eam
1543 1493 1779 1563 quidam
1796 1495 2086 1564 amplexus

466 1589 682 1654 fuisset,
711 1587 769 1640 in
806 1587 927 1657 ipsa
961 1587 1010 1640 ei
1050 1589 1247 1656 pectus
1276 1585 1516 1640 adhaesit
1541 1590 1599 1639 et
1623 1591 1903 1657 apparent
1933 1587 1989 1640 in
2018 1603 2086 1640 ea

465 1682 673 1753 palmae
705 1684 762 1734 et
790 1679 986 1750 digiti;
1018 1679 1092 1734 ita
1128 1682 1187 1732 ut
1213 1679 1345 1732 inde
1379 1696 1481 1749 per
1509 1679 1760 1749 singulos
1784 1680 2086 1750 languores

467 1775 715 1840 tollatur,
749 1775 804 1826 et
845 1773 939 1843 qui
985 1773 1132 1826 circa
1177 1773 1384 1825 collum
1430 1772 1660 1839 habent,
1696 1777 1984 1826 sanantur.
2024 1775 2084 1826 1n

2187 567 2440 622 clausura
2459 567 2867 634 cancellorum;
2913 565 2973 619 in
3001 563 3209 636 quibus
3229 579 3338 635 pro
3360 560 3812 617 benedictione
3832 559 3896 614 in

2186 677 2300 714 uno
2329 662 2585 716 lavantur
2611 660 2733 727 viri,
2757 660 2818 713 in
2847 659 3024 713 altero
3046 674 3179 712 vero
3203 657 3483 711 mulieres
3514 672 3530 710 :
3556 656 3624 708 in
3651 654 3896 725 quibus

2188 753 2346 824 aquis
2376 755 2553 808 multa
2575 753 2972 819 ostenduntur,
2996 751 3114 804 imo
3139 755 3196 805 et
3219 749 3437 820 leprosi
3461 748 3892 803 inundantur.

2189 847 2253 900 Et
2279 851 2407 901 ante
2435 847 2639 901 atrium
2667 851 2750 900 est
2774 845 2988 917 piscina
3017 843 3272 915 grandis,
3306 859 3498 897 manu
3535 840 3894 896 hominum

2186 939 2424 1008 munita,
2451 940 2509 994 in
2537 956 2648 1010 qua
2673 939 2897 992 lavatur
2933 937 3178 1009 populus
3215 936 3448 990 assidue
3497 935 3648 988 solis
3699 935 3896 987 certis

2187 1033 2341 1086 horis
2368 1048 2382 1086 :
2416 1049 2547 1086 nam
2585 1031 2675 1086 ille
2703 1031 2827 1085 fons
2861 1030 3066 1102 irrigat
3099 1047 3276 1100 aquas
3307 1029 3554 1097 multas,
3585 1044 3742 1100 quae
3779 1029 3892 1080 de-

2186 1126 2460 1180 scendunt
2484 1142 2586 1196 per
2607 1124 2812 1178 vallem
2847 1123 3136 1194 Iosophat,
3169 1139 3299 1193 qua:
3340 1127 3398 1176 et
3442 1121 3894 1190 Gethzemani,

2187 1223 2242 1272 et
2269 1218 2667 1287 ingrediuntur
2692 1217 2751 1271 iu
2779 1217 3020 1272 Jordane
3048 1215 3240 1284 ﬂuvio,
3265 1215 3368 1269 ubi
3394 1215 3686 1270 Iordanis
3731 1213 3893 1268 deﬁ-

2185 1311 2260 1364 cit
2289 1311 2348 1364 in
2378 1327 2534 1364 mare
2565 1310 2902 1378 Saliuarum,
2937 1309 3138 1364 subtus
3165 1309 3487 1364 Sodomam
3519 1312 3584 1362 et
3614 1308 3894 1362 Gomor-

2186 1404 2345 1456 rham
2360 1445 2371 1458 .

2255 1497 2344 1547 25.
2372 1495 2488 1562 Ipse
2531 1493 2658 1548 fons
2705 1492 2851 1546 Siloa
2900 1492 3048 1546 infra
3102 1490 3398 1546 civitatem
3450 1489 3744 1545 inclusus
3776 1493 3894 1557 est,

2185 1585 2317 1657 quia
2351 1586 2603 1640 Eudoxia
2641 1585 2667 1624 ι)
2711 1603 2857 1640 uxor
2883 1584 3608 1656 .lustinianibimperatoris
3640 1584 3896 1638 addidit

2185 1696 2376 1732 muros
2405 1678 2461 1732 in
2488 1679 2712 1734 civitate
2737 1679 3070 1740 Jerusalem,
3103 1683 3159 1733 et
3198 1679 3326 1749 ipsa
3365 1677 3639 1732 munivit
3671 1679 3892 1748 sepul-

2183 1789 2342 1826 crum
2371 1777 2425 1826 et
2450 1772 2730 1826 basilicam
2772 1771 2919 1826 beati
2949 1771 3244 1842 Stephani,
3276 1777 3334 1826 et
3363 1772 3491 1843 ipsa
3521 1787 3724 1826 suum
3775 1771 3893 1825 ha-

467 1867 589 1938 ipsa
617 1869 880 1921 columna
909 1870 992 1919 est
1021 1881 1198 1919 cornu
1220 1865 1358 1918 illud
1385 1865 1454 1918 de
1482 1881 1594 1936 quo
1616 1881 1781 1936 reges
1802 1865 2087 1932 ungeban-
2105 1847 2162 1917 B
2185 1866 2280 1919 bet
2322 1865 2641 1936 sepulcrum
2671 1865 2833 1935 juxta
2863 1864 3194 1936 sepulcrum
3239 1865 3393 1919 beati
3439 1865 3796 1936 Stephani:
3835 1869 3894 1919 et

467 1963 577 2027 tur,
611 1959 762 2014 unde
798 1963 853 2012 et
883 1959 1052 2013 David
1085 1958 1138 2011 in
1175 1975 1357 2028 regno
1389 1964 1590 2012 unctus
1631 1961 1733 2012 est.
1766 1959 1843 2012 lbi
1874 1963 1956 2012 est
1989 1975 2082 2013 co-

468 2069 611 2108 rona
632 2052 826 2123 spinea
847 2051 916 2104 de
938 2067 1050 2122 qua
1073 2051 1344 2105 Dominus
1363 2056 1668 2106 coronatus
1689 2053 1792 2117 est,
1813 2055 1870 2105 et
1889 2051 2086 2106 lancea

469 2146 538 2200 de
563 2162 676 2217 qua
696 2145 754 2198 in
775 2146 949 2199 latere
978 2160 1275 2215 percussus
1301 2147 1404 2210 est,
1432 2148 1486 2198 et
1505 2144 1722 2214 lapides
1749 2143 1932 2210 multi,
1955 2161 2084 2198 cum

469 2238 673 2310 quibus
703 2237 803 2291 fuit
830 2237 1111 2308 lapidatus
1132 2237 1472 2306 Stephanus.
1495 2236 1575 2290 lbi
1600 2237 1862 2290 columna
1885 2236 1944 2290 in
1975 2254 2086 2308 qua

465 2332 649 2404 posita
693 2331 794 2384 fuit
837 2347 969 2384 crux
1016 2329 1168 2383 beati
1201 2329 1374 2395 Petri,
1406 2329 1504 2383 ubi
1540 2329 1833 2383 cruciﬁxus
1861 2334 1946 2384 est
1976 2331 2080 2384 Ro-

465 2441 609 2491 mae;
645 2424 722 2478 ibi
747 2427 804 2477 et
829 2423 969 2477 calix
995 2423 1052 2476 in
1081 2438 1194 2492 quo
1217 2425 1346 2492 post
1369 2422 1840 2477 resurrectionem
1863 2422 2084 2476 Domini

464 2517 664 2572 missas
689 2517 1050 2571 celebrarunt
1071 2514 1342 2585 apostoli;
1372 2519 1430 2568 et
1459 2516 1637 2569 multa
1667 2515 1776 2569 alia
1803 2515 2086 2569 mirabilia

467 2627 592 2681 qua).
633 2628 746 2664 non
787 2611 997 2664 recolo.
1031 2609 1114 2662 Ibi
1138 2614 1212 2664 est
1240 2611 1621 2663 monasterium
1641 2610 1951 2678 puella-rum
1981 2629 1996 2662 :
2029 2611 2086 2662 et

464 2699 542 2754 ibi
571 2699 683 2754 vidi
723 2701 928 2752 testam
963 2696 1216 2751 hominis
1253 2697 1528 2750 inclusam
1573 2697 1627 2751 in
1677 2699 1865 2752 loculo
1909 2714 2082 2752 aureo

465 2795 664 2846 ornato
703 2790 948 2861 gemmis
981 2806 993 2843 :
1024 2805 1198 2859 quam
1232 2789 1428 2844 dicunt
1463 2806 1584 2843 esse
1622 2795 1790 2860 caput
1817 2790 2084 2861 martyris

463 2884 763 2940 Theodotus
797 2893 822 2921 ι
850 2883 906 2936 in
939 2899 1052 2954 qua
1092 2883 1253 2936 multi
1295 2899 1504 2952 aquam
1537 2899 1641 2954 pro
1683 2883 2080 2937 benedictione

463 2976 686 3043 bibunt,
716 2981 773 3030 et
795 2991 904 3045 ego
931 2975 1067 3029 bibi.

535 3071 622 3122 23.
650 3071 723 3122 De
755 3070 885 3124 Sion
916 3083 1081 3136 usque
1119 3068 1391 3122 basilicam
1429 3073 1626 3122 sancta:
1657 3070 1866 3130 Mariae,
1894 3069 1971 3121 ibi
2007 3073 2082 3122 est

463 3163 802 3230 congregatio
835 3175 1037 3227 magna
1077 3161 1452 3215 monachorum
1493 3176 1554 3214 ac
1579 3163 1863 3214 mulierum
1892 3177 2083 3215 mensae

459 3253 894 3314 innumerabiles,
915 3253 1048 3306 lecta
1073 3253 1438 3322 languentium
1462 3255 1587 3322 plus
1607 3256 1840 3322 quinque
1858 3255 2079 3316 millia',

461 3349 538 3402 ad
565 3350 744 3402 minus
775 3349 902 3400 tria.
936 3346 1004 3399 Et
1029 3345 1314 3399 oravimus
1348 3345 1404 3398 in
1437 3346 1699 3416 praetorio
1733 3347 1828 3400 ubi
1853 3347 2082 3400 auditus

463 3444 548 3495 est
577 3440 886 3505 Dominus;
918 3443 974 3492 et
999 3439 1056 3492 in
1079 3454 1146 3492 eo
1171 3438 1404 3494 basilica
1431 3445 1638 3494 sancta:
1667 3439 1914 3510 Sophim.
1934 3443 2078 3496 Ante

459 3533 653 3589 ruinas
677 3532 874 3604 templi
907 3531 1229 3586 Salomonis
1249 3533 1352 3586 sub
1382 3533 1571 3604 platea
1601 3550 1752 3604 aqua
1772 3533 2022 3588 decurrit
2047 3551 2080 3588 a

460 3628 618 3682 fonte
649 3627 820 3682 Siloe.
853 3628 1025 3682 Secus
1049 3625 1333 3696 porticum
1362 3625 1687 3681 Salomonis
1710 3627 1766 3680 in
1796 3627 1917 3698 ipsa
1938 3629 2080 3682 basi-

460 3721 566 3774 lica
607 3725 689 3775 est
727 3720 881 3774 sedes
912 3719 966 3772 in
1013 3735 1125 3789 qua
1170 3719 1315 3773 sedit
1344 3719 1570 3788 Pilatus,
1602 3721 1827 3790 quando
1867 3721 2081 3777 audivit

460 3814 783 3868 Dominum.
806 3814 970 3866 Petra
995 3817 1078 3865 est
1101 3813 1347 3882 quadran
1357 3813 1488 3882 gula
1508 3813 1565 3865 in
1586 3829 1696 3884 qua
1716 3830 1844 3868 reus
1864 3815 2079 3870 levaba-

457 3912 572 3976 tur,
601 3911 668 3962 ut
691 3907 762 3960 ab
788 3905 1050 3960 omnibus
1076 3904 1368 3959 audiretur
1393 3910 1451 3959 et
1477 3905 1779 3962 videretur.
1819 3909 1874 3962 ln
1905 3925 1968 3962 ea
1993 3909 2075 3963 le-

456 4005 618 4054 vatus
643 4003 726 4053 est
754 3997 1044 4062 Dominus,
1073 3997 1300 4066 quando
1326 3997 1548 4052 auditus
1575 4005 1658 4053 est
1681 4016 1714 4052 a
1742 4000 1935 4066 Pilato,
1968 4001 2074 4056 ibi-

459 4108 572 4164 que
595 4091 746 4145 illius
771 4090 1042 4144 remansit
1067 4090 1283 4161 imago,
1306 4091 1508 4161 pedem
1534 4091 1744 4146 habens
1773 4093 2074 4164 modicum,

456 4183 782 4256 pulchrum,
809 4182 1090 4236 subtilem.
1125 4183 1331 4238 Natura
1367 4185 1700 4254 communis,
1731 4187 1964 4258 pulchra
1993 4189 2076 4243 fa-

459 4277 590 4346 cies,
646 4277 841 4347 capillo
893 4276 1296 4346 subannulato,
1353 4293 1552 4332 manus
1603 4279 1862 4350 formosa,
1918 4281 2074 4353 digiti

457 4371 633 4442 longi,
665 4373 938 4441 quantum
967 4370 1153 4442 imago
1191 4370 1466 4441 designat,
1491 4388 1616 4442 quae
1656 4373 1750 4428 illo
1777 4375 1994 4430 vivente
2023 4381 2080 4431 et

455 4465 694 4537 pedibus
719 4463 1042 4518 ambulante
1069 4464 1090 4485 "
1117 4463 1264 4534 picta
1291 4468 1392 4534 est,
1424 4469 1480 4520 et
1503 4466 1681 4536 posita
1707 4467 1766 4521 in
1793 4468 1914 4538 ipso
1940 4485 2078 4539 prae-

455 4557 622 4613 torio.
653 4557 832 4612 Etiam
861 4557 929 4611 de
954 4557 1073 4628 ipsa
1099 4562 1254 4628 petra
1277 4559 1471 4612 multae
1497 4559 1642 4614 ﬁunt
1669 4561 1902 4617 virtutes
1929 4579 1942 4616 :
1979 4563 2077 4616 tol-
2094 4576 2154 4648 D

455 4651 636 4706 lentes
665 4666 992 4704 mensuram
1017 4650 1085 4704 de
1113 4649 1232 4721 ipso
1263 4651 1514 4724 vestigio,
1549 4653 1726 4724 ligant
1747 4672 1849 4726 per
1878 4655 2074 4727 singu-

455 4744 540 4799 los
582 4745 882 4816 languores
906 4746 963 4798 et
991 4749 1280 4800 sanantur.
1310 4746 1374 4800 Et
1401 4745 1521 4816 ipsa
1559 4751 1724 4816 porta
1760 4754 1954 4804 ornata
1997 4757 2080 4805 est

459 4854 524 4893 ex
549 4855 687 4893 auro
717 4842 772 4892 et
799 4841 1054 4907 argento.

527 4933 616 4986 24.
661 4931 794 4986 Inde
842 4929 1099 4984 venimus
1141 4930 1210 4984 ad
1258 4947 1414 4985 aram
1465 4932 1561 4986 ubi
1607 4932 1712 4988 fuit
1767 4935 2079 5007 antiquitus

457 5030 622 5102 porta
646 5024 881 5078 civitatis
909 5041 922 5080 :
950 5025 1009 5078 in
1053 5024 1172 5095 ipso
1213 5025 1333 5078 loco
1373 5031 1505 5080 sunt
1530 5043 1692 5097 aquae
1730 5028 1990 5098 putridae,
2019 5031 2078 5086 in

459 5135 596 5189 quas
615 5117 818 5172 missus
842 5123 925 5173 est
943 5118 1210 5173 Jeremias
1239 5119 1533 5190 propheta.
1557 5119 1638 5174 Ab
1668 5137 1800 5175 arcu
1835 5121 1926 5177 illo
1959 5124 2078 5179 des-

461 5211 826 5266 cendentibus
844 5211 1000 5266 nobis
1016 5211 1085 5264 ad
1099 5211 1316 5266 fontem
1337 5211 1482 5267 Siloa
1501 5230 1602 5284 per
1623 5215 1828 5284 gradus
1849 5219 2074 5290 multos,

2102 3207 2156 3281 C

535 5375 558 5440 ξ
588 5363 761 5440 Varia
785 5365 948 5440 variis
981 5366 1176 5440 diebus
1200 5367 1497 5440 Tlleodotie
1523 5374 1796 5440 martyres
1820 5372 2078 5428 coluntur

461 5451 492 5488 a
513 5434 738 5502 (ἰαθεὶς,
769 5451 870 5488 nec
896 5437 1056 5492 facile
1085 5444 1167 5492 est
1195 5438 1442 5492 divinare
1485 5434 1686 5493 utrum
1726 5441 1929 5496 harum
1971 5445 2074 5498 ali-

461 5522 629 5579 quam
661 5505 744 5579 vel
771 5505 932 5579 aliam
961 5508 1237 5562 diversam
1270 5509 1546 5579 intelligat
1575 5517 1788 5566 auctor.

530 5576 558 5616 ι)
585 5575 802 5656 Ιξειηειᾳι
834 5577 939 5632 hoc
967 5575 1688 5656 nomipeprorem—habuit
1712 5585 2072 5656 Justinianus,

458 5647 900 5726 necfl‘heodora,
931 5664 1100 5726 quam
1137 5648 1788 5726 habuit,Hi~erosolymas
1823 5647 2076 5726 unquam

457 5718 639 5786 venit;
685 5720 781 5772 sed
824 5717 1193 5787 intelligenda
1235 5725 1378 5774 esset
1419 5717 1678 5786 Eudocia,
1710 5741 1854 5778 uxor
1895 5717 2073 5782 Theo-

460 5787 894 5868 dosii‘jpnioris,
927 5787 994 5866 de
1013 5787 1261 5868 cujusin
1287 5789 1456 5868 Terra
1481 5793 1679 5848 Sancta
1708 5795 1874 5868 rebus
1898 5799 2076 5868 gestis

461 5863 518 5915 et
543 5857 792 5912 aediﬁciis
819 5857 984 5910 sacris
1013 5857 1199 5913 licebit
1217 5860 1393 5913 multa
1413 5861 1601 5931 legere
1625 5865 1770 5935 apud
1793 5857 2071 5940 antiquos;

2188 1959 2336 2012 infra
2378 1958 2700 2028 sepulcrum
2747 1963 2879 2012 sunt
2925 1975 3152 2028 gressus
3191 1974 3344 2024 xxvx,
3378 1962 3437 2012 et
3476 1958 3708 2012 beatus
3754 1959 3886 2013 Ste~

2185 2051 2408 2122 plianus
2425 2050 2722 2122 requiescit
2745 2051 2878 2104 foris
2898 2055 3124 2122 portam
3149 2051 3376 2121 sagittae
3398 2051 3601 2121 jactu,
3631 2068 3896 2123 unaque

2185 2144 2352 2198 modo
2378 2149 2536 2214 porta
2585 2160 2647 2196 ex
2691 2143 2926 2198 nomine
2971 2143 3150 2215 ipsius
3198 2145 3478 2215 martyris
3508 2150 3805 2212 vocatur,
3838 2153 3894 2200 et

2187 2241 2270 2290 est
2296 2237 2364 2290 ad
2393 2237 2540 2290 viam
2567 2254 2694 2307 quae
2723 2237 2950 2307 respicit
2990 2237 3061 2291 ad
3106 2237 3510 2306 Occidentem,
3543 2256 3698 2311 quae
3753 2241 3894 2295 des-

2185 2330 2372 2384 cendit
2395 2330 2464 2384 ad
2497 2331 2729 2400 .loppem
2758 2336 2812 2384 et
2837 2330 3156 2385 Ciesaream
3209 2332 3544 2386 Palaestinae
3575 2333 3679 2387 vel
3713 2335 3893 2388 Dios-

2185 2423 2326 2494 polis
2352 2422 2653 2488 civitatem,
2685 2439 2812 2494 quae
2853 2423 3169 2495 antiquitus
3213 2425 3525 2480 dicebatur
3571 2431 3813 2482 Azotus
3847 2441 3894 2488 ι’,

2186 2517 2244 2571 in
2284 2533 2396 2588 qua
2439 2515 2739 2586 requiescit
2768 2521 2994 2571 sanctus
3023 2518 3303 2589 Georgius
3345 2525 3612 2592 martyr.
3645 2524 3723 2576 In
3761 2523 3897 2594 ipsa

2185 2609 2294 2677 via,
2326 2626 2440 2663 non
2485 2609 2656 2679 longe
2703 2613 2849 2663 astat
2897 2610 3164 2664 columna
3213 2627 3584 2681 marmorea,
3643 2615 3716 2669 in
3769 2633 3897 2687 qua

2187 2701 2452 2756 Dominus
2495 2701 2650 2772 prius
2685 2701 2996 2756 ducebatur
3032 2703 3102 2757 ad
3149 2703 3587 2774 ﬂagellandum
3635 2726 3651 2762 :
3695 2725 3844 2780 quae
3875 2711 3896 2728 ⁸

2183 2795 2405 2865 fugiens
2438 2795 2620 2848 levata
2651 2800 2735 2848 est
2769 2795 2838 2849 ad
2878 2795 3078 2862 nubes,
3109 2799 3168 2850 et
3192 2797 3464 2868 deposita
3503 2807 3601 2856 est
3647 2803 3717 2857 in
3764 2804 3895 2874 ipso

2183 2890 2336 2957 loco;
2389 2893 2444 2944 et
2485 2889 2543 2942 in
2589 2892 2808 2942 tantum
2856 2905 3054 2944 verum
3103 2891 3486 2960 cognoscitur
3542 2911 3708 2964 esse,
3747 2900 3896 2970 quia

2183 2999 2295 3036 non
2344 2982 2514 3036 habet
2555 2981 2734 3036 basim
2781 2981 2878 3036 ubi
2903 2983 3097 3048 debet
3140 3000 3264 3038 esse
3309 2985 3593 3060 fundata,
3646 2991 3758 3046 sed
3811 2993 3893 3048 sic

2181 3080 2288 3130 stat
2333 3091 2502 3146 super
2543 3080 2755 3130 terram
2795 3080 2850 3130 et
2895 3075 3166 3146 agitatur.
3200 3079 3263 3132 In
3295 3079 3470 3149 cujus
3519 3085 3895 3141 summitate

2183 3171 2326 3224 Crux
2372 3169 2555 3224 ferrea
2583 3169 2762 3239 posita
2789 3174 2892 3224 est.
2920 3170 2989 3224 Et
3016 3186 3218 3224 rursus
3252 3189 3360 3242 per
3387 3175 3626 3230 scalam
3664 3195 3891 3234 ascen-

2183 3263 2353 3330 ditur,
2383 3265 2439 3316 et
2466 3261 2611 3316 ﬁunt
2639 3261 2718 3316 ibi
2742 3263 3050 3317 luminaria
3085 3269 3142 3319 et
3168 3265 3513 3338 incensum,
3551 3273 3616 3325 et
3647 3273 3892 3328 daemo-

2180 3355 2321 3410 niaci
2350 3357 2733 3410 mundantur:
2763 3372 2896 3410 nam
2928 3361 2986 3411 et
3011 3357 3080 3426 in
3108 3357 3230 3428 ipsa
3263 3362 3584 3430 provincia
3617 3372 3718 3422 est
3743 3369 3894 3423 bea-

2181 3453 2268 3503 tus
2294 3453 2508 3519 martyr
2532 3447 2826 3520 Georgius.

2247 3545 2335 3596 26.
2383 3545 2574 3613 Itaque
2623 3546 2894 3596 exeuntes
2946 3560 3010 3598 ex
3056 3544 3207 3600 Siloa
3257 3546 3446 3618 fonte,
3479 3552 3790 3610 venimus
3832 3557 3894 3612 in

2179 3653 2378 3707 agrum
2406 3635 2503 3706 qui
2533 3641 2892 3706 comparatus
2923 3642 3006 3691 est
3040 3638 3228 3708 pretio
3255 3643 3580 3713 sanguinis
3610 3649 3891 3718 Domini,

2177 3730 2275 3800 qui
2321 3731 2550 3783 vocatur
2589 3730 2943 3792 Haceldama,
2991 3731 3048 3784 id
3097 3737 3182 3786 est
3227 3735 3381 3800 Ager
3426 3745 3783 3806 sanguinis,
3833 3746 3890 3799 in

2179 3839 2290 3894 quo
2329 3821 2678 3892 sepeliuntur
2703 3837 2902 3877 omnes
2943 3825 3262 3896 peregrini.
3304 3828 3376 3882 Et
3413 3829 3587 3887 intra
3617 3835 3762 3907 ipsa
3795 3854 3890 3892 se-

2176 3915 2370 3986 pulcra
2396 3917 2530 3968 sunt
2567 3913 2780 3968 cellula:
2809 3931 3102 3970 servorum
3147 3918 3271 3985 Dei,
3303 3920 3404 3976 ubi
3452 3923 3627 3981 ﬁunt
3675 3931 3892 3986 multa:

2176 4008 2408 4063 virtutes
2437 4025 2450 4062 :
2480 4012 2536 4062 et
2563 4023 2666 4078 per
2700 4007 2819 4062 loca
2855 4009 3004 4064 infra
3043 4011 3166 4082 ipsa
3197 4015 3471 4085 sepulcra
3505 4027 3665 4077 sunt
3693 4024 3891 4080 vinem

2177 4106 2233 4157 et
2255 4118 2440 4173 poma.

2246 4199 2334 4250 27.
2355 4197 2714 4252 Revertentes
2740 4198 2798 4252 in
2825 4197 3134 4268 civitatem,
3155 4201 3436 4258 venimus
3462 4207 3544 4262 ad
3575 4211 3893 4281 piscinam

2175 4289 2534 4358 natatoriam,
2565 4307 2692 4362 quae
2721 4291 2975 4363 quinque
3011 4294 3272 4364 porticus
3315 4296 3528 4370 habet,
3563 4309 3632 4358 et
3667 4307 3740 4362 in
3773 4326 3895 4364 una

2178 4399 2373 4436 earum
2411 4386 2495 4437 est
2534 4383 2756 4438 basilica
2800 4391 3005 4440 sanctae
3050 4387 3266 4458 Μαι-ᾗτε,
3303 4390 3408 4446 ubi
3453 4397 3688 4455 multa
3737 4401 3897 4457 fiunt

2177 4475 2428 4530 virtutes.
2462 4477 2584 4548 lpsa
2617 4494 2746 4532 vero
2779 4478 2996 4550 piscina
3031 4481 3208 4536 modo
3227 4482 3454 4553 jactala
3485 4495 3585 4545 est
3623 4493 3696 4548 in
3735 4502 3892 4552 ster-

2177 4585 2322 4637 core,
2347 4575 2402 4624 et
2429 4568 2506 4622 ibi
2529 4569 2794 4626 lavantur
2822 4572 3022 4627 omnia
3047 4580 3178 4645 qum
3207 4582 3559 4638 necessaria
3593 4593 3776 4644 sunt.
3796 4591 3895 4645 Vi-

2179 4661 2365 4756 dimus
2385 4668 2440 4716 et
2463 4662 2522 4717 in
2549 4680 2665 4719 uno
2691 4665 2902 4736 angulo
2928 4669 3188 4723 catenam
3218 4669 3488 4728 ferream
3518 4676 3569 4744 ‘,
3595 4696 3753 4738 cum
3780 4701 3898 4756 qua

2177 4771 2235 4810 se
2262 4755 2585 4850 illaqueavit
2610 4757 2802 4812 infelix
2831 4759 3022 4814 Judas.
3053 4761 3274 4817 Iterum
3307 4774 3617 4827 exeuntes
3644 4777 3728 4831 ad
3754 4755 3895 4850 por-

2175 4852 2296 4902 tam
2328 4848 2623 4918 majorem,
2655 4851 2916 4906 venimus
2951 4851 3024 4907 ad
3059 4854 3257 4911 locum
3283 4857 3350 4912 in
3391 4877 3522 4932 quo
3558 4848 3898 4940 requiéscjt

2175 4940 2374 5036 beatus
2410 4941 2614 4997 Ysitius
2637 4943 2663 4983 ἀ
2697 4961 2710 4997 :
2744 4944 2936 5016 ibique
2979 4954 3303 5020 erogantur
3344 4971 3543 5024 panes
3595 4967 3893 5036 pauperi-

2177 5033 2301 5101 bus,
2329 5051 2470 5106 quos
2493 5036 2778 5108 deputavit
2806 5039 2971 5094 beata
2999 5041 3234 5098 Helena.

2247 5130 2336 5182 28.
2370 5128 2472 5184 Via
2499 5145 2625 5201 qum
2655 5131 2811 5186 ducit
2839 5133 2908 5186 ad
2935 5134 3236 5192 Bethleem
3265 5139 3562 5202 milliaria
3603 5154 3795 5208 tertio
3824 5154 3893 5208 ab

2176 5221 2502 5292 Jerusalem,
2523 5223 2677 5294 jacet
2716 5225 2941 5295 Rachel,
2980 5244 3129 5284 uxor
3166 5231 3368 5304 Jacob,
3405 5245 3624 5298 mater
3669 5247 3895 5302 scilicet

2179 5373 2268 5457 uti‘
2281 5379 2337 5457 et
2362 5374 2484 5457 hoc,
2510 5377 2664 5457 quod
2695 5383 2922 5457 mortuo
2947 5383 3200 5457 copjuge
3231 5388 3455 5445 eodem
3485 5410 3769 5457 reversa.
3803 5419 3889 5457 se-

2175 5445 2330 5524 Pulta
2356 5446 2426 5524 sit
2448 5444 2770 5524 ecclesia
2807 5453 2986 5524 sancti
3015 5444 3319 5524 Stephani.
3449 5444 3454 5445 ί
3487 5444 3506 5447 “
3529 5444 3559 5450 ⁷
3579 5444 3590 5448 ⁷
3609 5444 3769 5470 “““’“⁵’

2249 5517 2847 5610 ῑὲεὲβξᾰῖξῖξῖεξξξξξιῑιξθ.
2869 5528 3133 5610 silete
3173 5534 3316 5583 sunt
3341 5531 3691 5610 .Diospons
3732 5545 3891 5610 (alias

2175 5587 2344 5671 Liado
2373 5603 2435 5671 ac
2455 5590 2713 5671 .I‘iamala)
2740 5594 3053 5671 et‘Azotus;
3087 5595 3212 5650 haec
3255 5601 3426 5656 enim

2176 5663 2350 5756 $33.33:
2370 5659 2580 5756 {aliis
2602 5661 3172 5756 2s_':.stleees1}sea
3199 5669 3304 5723 ιιιει
3327 5689 3480 5730 vero
3506 5679 3579 5736 in
3615 5687 3888 5756 ejusdem

2175 5728 2353 5782 tribus
2378 5729 2582 5784 linibus
2610 5731 2934 5787 Borealibus
2960 5728 3422 5800 mediterranea.

2245 5800 2269 5839 ἀ
2301 5799 2498 5880 Neque,
2520 5801 2774 5884 δξδίίίυιηε
2803 5819 2990 5884 Peflue
3032 5799 3417 5884 Hesy‘if‘hiaumr
3451 5832 3753 5884 Sanctum
3789 5832 3884 5884 ali-

2174 5884 2344 5942 quem
2373 5871 2501 5924 novi
2529 5871 2596 5926 de
2625 5888 2738 5944 quo
2760 5873 2852 5928 hic
2876 5871 3033 5932 locus
3056 5871 3246 5950 possit
3271 5871 3578 5966 intelligi:
