4022 6418
138 389 243 440 909

1617 393 2060 449 ITINERAHIUM
2071 435 2082 446 .

3413 399 3515 452 9l0

129 493 346 565 Ioseph
373 498 431 549 et
457 495 772 566 Benjamin,
787 511 916 568 quae
937 497 1240 568 requiescit
1265 497 1323 551 in
1351 498 1558 553 tinibus
1577 501 1772 556 Rama.
1797 513 1856 585 Α
1875 501 2068 573 pluvia
2097 502 2404 572 descendit,
2433 507 2737 575 postquam
2768 503 2939 557 David
2969 518 3064 558 eos
3099 501 3434 570 maledixit;
3463 508 3520 560 et

134 589 201 641 In
254 587 446 641 medio
494 587 619 644 loco
673 588 732 643 in
775 589 962 644 media
1003 590 1089 643 via
1135 605 1278 661 aqua
1311 592 1524 662 surgit,
1572 593 1788 651 habens
1886 595 2178 650 nocturnis
2205 595 2358 650 horis
2389 602 2600 651 secreto
2630 596 2890 652 videntur
2933 595 3009 650 ibi
3052 595 3196 650 volvi
3238 592 3524 652 immundi

133 681 304 752 quasi
332 681 607 736 sextarios
650 687 888 754 septem,
934 683 1080 737 unde
1119 699 1315 738 omnes
1369 687 1658 758 complent
1705 706 1788 744 sa-

134 773 398 828 tietatem
443 775 696 844 bibendi,
729 781 786 831 et
827 792 932 831 nec
969 782 1211 847 augetur
1251 794 1355 834 nec
1404 779 1700 850 minuitur,
1733 789 1790 838 et

131 873 222 922 est
251 868 439 922 suavis
488 869 560 922 ad
608 869 957 937 bibendum;
1009 873 1067 924 et
1114 871 1312 926 dicunt
1357 873 1510 942 quod
1556 875 1788 945 fugiens

132 960 307 1015 beata
355 961 525 1016 Maria
576 961 634 1016 in
679 963 965 1033 Egytum,
996 963 1202 1019 sederit
1228 964 1304 1018 ibi
1339 981 1468 1020 cum
1505 984 1702 1037 puero,
1732 973 1789 1023 et

134 1053 339 1108 sitiens
387 1054 584 1121 oravit,
632 1060 688 1109 et
729 1055 998 1110 continuo
1045 1073 1194 1126 aqua
1239 1059 1552 1126 emanavit;
1583 1065 1638 1115 et
1667 1061 1788 1132 ipso

133 1146 264 1202 loco
295 1147 466 1202 modo
493 1148 728 1202 ecclesia
752 1155 1065 1204 constructa
1088 1153 1194 1205 est.

209 1243 304 1295 29.
338 1241 469 1296 [nde
498 1257 678 1312 usque
701 1242 987 1297 Bethleem
1009 1244 1270 1299 milliaria
1301 1261 1382 1300 ιιι.
1409 1247 1472 1299 Et
1501 1247 1787 1301 Bethleem

134 1339 224 1388 est
253 1334 412 1389 locus
440 1334 950 1405 splendidissimus,
982 1337 1129 1392 servi
1184 1338 1284 1391 Dei
1333 1339 1517 1392 multi.
1575 1340 1654 1393 lbi
1707 1345 1788 1394 est

135 1427 414 1498 spelunca
459 1428 555 1482 ubi
601 1434 770 1483 natus
820 1435 905 1484 est
947 1431 1238 1499 Dominus,
1265 1437 1323 1486 et
1348 1432 1692 1503 przesepium
1719 1449 1786 1487 ex

132 1537 286 1576 auro
325 1527 383 1576 et
420 1527 658 1593 argento
701 1529 991 1590 ornatum,
1039 1531 1093 1579 et
1130 1525 1350 1595 jugiter
1397 1525 1471 1579 ibi
1521 1526 1665 1580 tiuut
1709 1528 1788 1582 lu-

136 1614 411 1681 minaria,
440 1633 500 1668 os
549 1631 681 1670 vero
727 1618 1010 1686 speluncas
1055 1621 1382 1689 angustum.
1418 1619 1790 1690 Hieronymus

133 1707 466 1779 presbyter,
504 1708 566 1762 in
607 1710 892 1778 loquendo
941 1711 1174 1780 peritus,
1218 1711 1276 1764 in
1321 1711 1787 1782 interpretatione

133 1801 351 1866 clarus,
380 1801 530 1855 inter
549 1807 782 1856 cunctos
808 1803 1017 1858 relator
1037 1804 1387 1874 conspicuus,
1410 1805 1470 1859 in
1492 1805 1669 1876 ipsius
1691 1823 1786 1860 ore

1887 689 2134 759 spiritus,
2163 693 2437 760 tanquam
2464 690 2667 746 vellera
2700 691 2845 744 lanae
2871 691 2957 744 vel
2987 689 3153 744 undte
3181 689 3372 745 maris.

1957 786 2046 839 32.
2071 783 2284 838 Deinde
2309 784 2525 838 viantes
2551 785 2622 839 ad
2647 785 2812 852 latus,
2839 784 3096 838 venimus
3135 783 3192 837 in
3240 783 3520 838 civitatem

1886 892 2014 947 quae
2054 876 2261 930 dicitur
2301 877 2606 948 Heliopolis
2637 878 2682 943 τι,
2712 877 2769 931 in
2814 877 2936 931 loco
2968 875 3064 930 ubi
3095 876 3366 948 Sampson
3402 876 3517 930 for-

1885 969 2136 1023 tissimus
2177 985 2304 1024 cum
2351 970 2577 1024 maxilla
2617 969 2760 1024 asini
2803 969 2958 1024 mille
3003 968 3206 1024 occidit
3249 969 3420 1035 viros,
3455 985 3520 1022 ea

1887 1075 2000 1130 qua
2027 1059 2256 1113 maxilla
2281 1060 2403 1130 ipso
2429 1063 2626 1113 orante
2653 1074 2805 1129 aqua
2830 1057 3114 1129 proﬂuxit,
3146 1057 3242 1128 qui
3269 1056 3394 1110 fons
3421 1073 3517 1110 us-

1889 1168 2000 1222 que
2019 1153 2080 1206 in
2101 1153 2439 1207 hodiernum
2466 1152 2615 1206 diem
2643 1152 2765 1205 loca
2785 1151 2878 1204 illa
2897 1151 3100 1221 irrigat
3123 1166 3136 1204 :
3166 1165 3300 1204 nam
3321 1149 3380 1204 in
3399 1148 3522 1204 loco

1888 1245 1986 1298 ubi
2013 1245 2216 1315 surgit,
2245 1245 2478 1300 fuimus.
2513 1245 2720 1299 Deinde
2745 1243 3005 1298 venimus
3047 1243 3198 1297 inter
3243 1241 3525 1313 templum

1891 1343 1946 1392 et
1975 1339 2150 1396 altare
2189 1338 2286 1392 ubi
2326 1338 2538 1392 occisus
2569 1343 2652 1392 est
2679 1337 2993 1403 Zacharias,
3035 1339 3093 1390 et
3131 1335 3230 1390 ubi
3274 1335 3524 1406 requies-

1888 1431 1984 1486 cit.
2014 1432 2147 1486 Inde
2173 1431 2434 1486 venimus
2472 1431 2543 1486 ad
2567 1432 2755 1485 locum
2793 1429 2889 1484 ubi
2927 1428 3096 1484 Isaias
3138 1429 3414 1500 propheta
3459 1427 3527 1482 de

1886 1525 2076 1594 lignea
2100 1541 2252 1579 serra
2277 1530 2494 1580 secatus
2523 1529 2627 1579 est.
2657 1525 2724 1578 Et
2749 1524 2866 1595 ipse
2885 1523 3037 1594 jacet
3061 1521 3143 1576 ibi
3181 1521 3285 1577 sub
3313 1537 3528 1594 quercu

1887 1618 2064 1688 Rogel
2082 1617 2249 1690 juxta
2279 1633 2556 1688 aquarum
2584 1617 2926 1684 decursum;
2961 1621 3016 1670 et
3059 1615 3181 1686 ipsa
3228 1631 3382 1670 serra
3423 1631 3526 1686 pro

1886 1711 2214 1766 testimonio
2243 1711 2426 1782 posita
2447 1716 2531 1766 est
2553 1711 2622 1765 ad
2645 1707 2904 1764 sanctuin
2927 1708 3278 1762 Zachariam.
3305 1709 3372 1762 Et
3395 1707 3527 1763 inde

1891 1805 2146 1859 venimus
2175 1805 2246 1860 ad
2275 1805 2458 1858 locum
2487 1803 2589 1858 ubi
2627 1803 2846 1857 Abacuc
2895 1801 3173 1873 propheta
3217 1800 3524 1872 prandium

133 1893 431 1965 speluncae
451 1898 674 1965 petram
693 1897 941 1966 sculpsit,
971 1902 1027 1951 et
1053 1897 1124 1951 ob
1154 1898 1507 1952 devotionem
1539 1899 1788 1954 Salvato-
1811 1883 1868 1954 Β
1891 1898 2106 1952 ferebat
2133 1897 2494 1962 messoribus,
2521 1896 2747 1969 quando
2776 1911 2905 1950 cum
2931 1895 3168 1966 angelus
3208 1909 3312 1966 per
3354 1894 3526 1950 verti-

134 1987 222 2042 ris
248 1987 466 2042 ibidem
495 1988 602 2042 sibi
622 1996 1058 2046 monumentum
1079 1991 1229 2046 fecit.
1258 1992 1514 2046 Milliario
1535 1993 1702 2047 semis
1723 1993 1792 2048 de

136 2080 442 2136 Bethleem
480 2080 538 2136 in
568 2081 670 2136 sub
689 2083 824 2137 urbe
856 2083 1048 2149 David,
1073 2085 1226 2154 jacet
1254 2085 1430 2139 David
1455 2101 1467 2139 :
1499 2086 1594 2139 sed
1624 2093 1678 2139 et
1707 2086 1788 2140 iu-

133 2174 331 2230 fantes
359 2192 502 2246 quos
533 2176 734 2230 occidit
779 2178 1038 2246 Herodes,
1070 2177 1188 2248 ipso
1217 2178 1272 2232 in
1302 2179 1422 2232 loco
1466 2179 1676 2234 habent
1703 2196 1789 2234 se-

134 2269 368 2341 pulcra,
393 2274 450 2324 et
466 2269 728 2324 videntur
755 2287 953 2324 eorum
980 2278 1172 2326 sancta
1204 2289 1346 2326 ossa.
1371 2274 1514 2327 Ante
1529 2274 1792 2328 Bethleem

135 2369 221 2419 est
269 2366 654 2418 monasterium
709 2380 858 2418 muro
885 2367 1138 2428 cinctum,
1171 2369 1227 2419 in
1268 2382 1370 2436 quo
1416 2367 1666 2422 mltitudo
1717 2373 1793 2421 est

134 2458 531 2511 monachorum
541 2498 553 2511 .

216 2553 310 2605 30.
344 2551 420 2602 De
453 2550 746 2604 Bethleem
783 2567 964 2622 usque
1014 2552 1084 2606 ad
1142 2552 1327 2607 ilicem
1371 2554 1613 2607 Mambre
1659 2557 1792 2608 sunt

133 2643 327 2698 millia
353 2643 578 2712 xxm‘;
627 2643 688 2697 in
737 2661 850 2715 quo
896 2645 1020 2699 loco
1066 2645 1429 2716 requiescunt
1479 2647 1786 2715 Abraham,

134 2740 320 2808 Isaac,
363 2741 422 2791 et
462 2737 655 2807 Iacob,
688 2743 744 2792 et
785 2738 938 2808 Sara,
968 2743 1024 2793 et
1073 2739 1243 2794 simul
1297 2756 1421 2793 ossa
1463 2741 1704 2811 Ioseph;
1735 2747 1791 2794 et

133 2831 376 2886 basilica
402 2831 677 2885 aediﬁcata
703 2835 807 2886 est.
838 2833 898 2885 ln
922 2832 1349 2904 quadriporticu
1374 2833 1579 2888 atrium
1602 2835 1660 2888 in
1679 2851 1792 2888 me-

136 2925 242 2980 dio
274 2925 737 2995 discoopertum;
771 2929 829 2980 et
853 2941 955 2996 per
993 2926 1246 2980 medium
1290 2927 1673 2982 cancellorum
1721 2945 1788 2982 ex

139 3035 264 3073 uno
299 3019 474 3072 latere
521 3018 734 3073 intrant
761 3018 1086 3086 Christiani,
1119 3036 1189 3074 ex
1218 3019 1327 3074 alio
1351 3021 1552 3089 Iudaei,
1579 3022 1786 3076 facien-

138 3119 231 3167 tes
259 3112 489 3167 incensa
526 3111 740 3182 multa;
777 3128 912 3166 nam
953 3112 1227 3183 depositio
1269 3114 1436 3168 David
1475 3119 1531 3168 et
1563 3115 1734 3170 Iacob
1764 3116 1790 3156 δ

135 3207 204 3261 in
248 3210 403 3261 terra
448 3205 562 3275 illa,
591 3205 681 3260 die
708 3205 894 3276 primo
921 3209 1046 3277 post
1071 3206 1265 3262 Natale
1294 3207 1515 3262 Domini
1545 3207 1786 3264 devotis-

135 3305 293 3360 sime
338 3304 409 3358 ab
455 3304 720 3359 omnibus
765 3303 1108 3374 celebratur,
1139 3305 1218 3359 ita
1245 3310 1310 3360 ut
1337 3321 1406 3359 ex
1436 3305 1592 3360 omni
1619 3310 1789 3375 terra,

134 3399 480 3455 Iudaeorum
527 3398 826 3454 conveniat
876 3397 1306 3453 innumerabilis
1349 3398 1674 3468 multitudo,
1703 3399 1790 3453 in-

137 3509 321 3548 censa
366 3493 616 3548 ferentes
661 3492 746 3547 vel
797 3492 1115 3562 luminaria,
1150 3497 1207 3547 et
1235 3493 1434 3548 dantes
1468 3509 1704 3548 munera
1731 3510 1794 3547 ac

136 3586 456 3643 servientes
488 3586 720 3640 ibidem.
753 3587 959 3640 lterum
988 3590 1334 3642 revertentes
1377 3586 1434 3640 in
1465 3587 1792 3652 Jerusalem,

137 3681 552 3738 descendimus
594 3697 698 3751 per
740 3680 887 3734 viam
937 3697 1064 3751 qua)
1105 3680 1254 3735 vadit
1285 3680 1354 3735 ad
1381 3680 1585 3735 Gazam
1617 3685 1670 3734 et
1697 3685 1792 3734 As-

141 3775 321 3830 calon
352 3773 536 3828 millia
566 3789 659 3828 xx.

218 3871 315 3923 3t.
372 3868 448 3923 De
497 3867 812 3922 Jerusalem
862 3867 1120 3922 venimus
1169 3867 1229 3922 in
1273 3871 1524 3922 montem
1572 3867 1795 3937 Gelboe,

137 3963 252 4019 ubi
283 3961 492 4017 occidit
517 3961 690 4016 David
722 3960 1010 4032 gigantem
1039 3961 1233 4029 Goliat,
1265 3974 1309 4030 ο,
1338 3967 1393 4016 et
1421 3961 1516 4014 ubi
1542 3966 1800 4016 mortuus

141 4062 238 4114 est
279 4055 410 4111 Saul
455 4059 512 4110 et
553 4054 702 4109 filius
745 4055 866 4124 ejus
907 4055 1190 4109 Ionathas.
1219 4055 1369 4108 Iacet
1412 4053 1492 4108 ibi
1533 4053 1711 4109 Goliat
1740 4055 1799 4108 in

80 4169 88 4176 '
141 4149 348 4207 media
388 4149 494 4215 via,
542 4148 796 4218 ligneum
847 4149 1061 4203 habens
1106 4149 1176 4202 ad
1219 4153 1386 4219 caput
1426 4164 1708 4215 acervum,
1744 4153 1802 4202 et

139 4259 330 4316 super
358 4259 490 4297 eum
529 4242 824 4313 congeries
868 4258 1080 4313 magna
1124 4246 1438 4313 petrarum,
1471 4242 1545 4296 ita
1576 4246 1638 4296 ut
1665 4259 1699 4296 a
1727 4259 1794 4296 xx

141 4337 412 4394 millibus
439 4353 553 4390 non
584 4335 761 4408 possis
799 4336 1050 4391 invenire
1087 4334 1334 4407 lapidem
1373 4351 1543 4407 quem
1572 4353 1799 4391 movere

140 4431 358 4507 possis,
392 4430 525 4502 quia
551 4447 682 4485 usus
709 4435 794 4486 est
819 4429 966 4486 talis.
1010 4429 1238 4494 Quoties
1284 4429 1410 4501 quis
1456 4430 1532 4484 ibi
1579 4429 1796 4498 transit,

141 4531 353 4582 ternos
387 4524 603 4596 lapides
647 4540 840 4580 secum
869 4523 1068 4591 defert,
1101 4526 1158 4578 et
1183 4540 1278 4578 eos
1311 4523 1388 4578 ibi
1413 4523 1638 4595 projicit
1656 4541 1673 4593 ;
1705 4523 1798 4578 sed

1892 2008 2015 2046 cem
2042 1996 2258 2059 tenens,
2286 1990 2447 2045 duxit
2475 1991 2534 2044 in
2561 1990 2751 2044 locum
2777 1989 2876 2043 ubi
2914 1987 3105 2042 Daniel
3143 1987 3294 2042 inter
3333 1987 3526 2042 leones

1891 2084 2107 2138 orabat.
2141 2087 2207 2138 Et
2235 2083 2311 2137 ibi
2350 2082 2533 2153 surgit
2575 2083 2702 2137 fons
2751 2081 2845 2135 ubi
2890 2081 3182 2152 Philippus
3224 2079 3530 2151 baptizavit

1893 2178 2250 2232 Eunuchum.
2283 2179 2342 2231 lu
2369 2177 2503 2248 ipsis
2532 2179 2667 2230 sunt
2691 2174 2846 2246 putei
2879 2190 3023 2245 quos
3051 2173 3319 2229 foderunt
3349 2174 3523 2228 Abra—

1892 2271 2026 2325 ham
2054 2277 2111 2326 et
2143 2271 2310 2336 Isaac,
2341 2276 2396 2324 et
2421 2269 2782 2340 appellarunt
2807 2267 3182 2323 Calumniam.

1963 2367 2050 2420 33.
2077 2364 2210 2418 lnde
2242 2363 2481 2433 ingressi
2507 2379 2702 2416 sumus
2729 2362 2984 2415 Ascalon.
3037 2360 3255 2415 Ibidem
3299 2366 3382 2414 est
3419 2376 3524 2431 pu~

1889 2464 2012 2513 teus
2039 2457 2216 2522 Pacis,
2248 2457 2306 2510 in
2334 2457 2564 2511 modum
2595 2455 2802 2511 theatri
2845 2455 3044 2520 factus,
3092 2453 3150 2506 in
3192 2469 3305 2522 quo
3347 2469 3525 2522 usque

1888 2552 1958 2605 ad
1990 2567 2199 2621 aquam
2230 2549 2590 2604 descenditur
2618 2566 2720 2620 per
2758 2547 3001 2619 gradus;
3032 2546 3132 2600 ubi
3161 2545 3527 2616 requiescunt

1889 2649 2002 2698 tres
2031 2645 2230 2698 fratres
2259 2647 2534 2712 martyres
2561 2654 2603 2694 ο.
2654 2641 2880 2711 Propria
2907 2639 3138 2711 quidem
3168 2639 3377 2693 habent
3415 2655 3520 2693 no-

1891 2737 2068 2806 mina,
2125 2737 2222 2790 sed
2275 2735 2586 2806 vulgariter
2638 2734 2881 2806 Egyptii
2933 2737 3223 2787 vocantur.
3278 2731 3526 2786 Milliario

1888 2848 1921 2886 a
1949 2831 2189 2898 civitate,
2239 2829 2473 2899 Herapia
2521 2833 2623 2896 est,
2670 2826 2864 2881 civitas
2908 2827 3126 2882 Maxoni
3170 2824 3522 2880 Ascalonitae.

1888 2925 2020 2980 Inde
2043 2923 2302 2978 venimus
2320 2923 2378 2976 in
2399 2921 2680 2976 civitatem
2709 2926 3030 2988 Axomates,
3056 2921 3117 2974 in
3141 2935 3252 2992 qua
3276 2918 3524 2990 requies-

1889 3018 1965 3072 cit
2022 3020 2248 3072 sanctus
2298 3015 2486 3070 Victor
2533 3019 2749 3086 martyr
2777 3013 2824 3068 ί.
2885 3015 2964 3068 De
3009 3014 3235 3068 Mazona
3269 3011 3530 3067 venimus

1888 3128 2068 3183 usque
2099 3095 2303 3166 Gazam
2337 3109 2665 3164 milliarium
2689 3125 2702 3163 :
2726 3110 2866 3164 Gaza
2893 3109 3086 3162 autem
3113 3105 3308 3161 civitas
3335 3105 3522 3176 splen-

1893 3205 2046 3274 dida,
2101 3204 2381 3273 deliciosa,
2423 3203 2684 3257 homines
2732 3200 3128 3269 honestissimi,
3178 3199 3336 3254 omni
3389 3197 3523 3252 libe-

1893 3299 2108 3352 ralitate
2137 3297 2348 3365 decori,
2377 3300 2666 3350 amatores
2692 3294 3144 3366 peregrinorum.
3168 3292 3302 3348 Inde
3329 3291 3530 3346 millia-

1894 3391 1978 3446 rio
2003 3389 2247 3444 secundo
2278 3389 2574 3460 requiescit
2600 3393 2826 3443 sanctus
2853 3386 3096 3442 Hilarion
3127 3398 3172 3441 8.

1967 3485 2054 3540 34.
2097 3483 2232 3538 lnde
2259 3483 2514 3537 venimus
2543 3481 2600 3535 in
2646 3481 2925 3536 civitatem
2953 3479 3166 3534 Dunaal
3193 3477 3241 3549 δ,
3274 3477 3333 3532 in
3361 3479 3530 3548 caput

1896 3577 2071 3633 eremi
2095 3593 2223 3648 quae
2247 3576 2398 3630 vadit
2415 3576 2486 3630 ad
2513 3575 2643 3630 Sina
2675 3579 2926 3629 montem
2957 3591 2972 3628 :
3007 3572 3066 3627 in
3105 3589 3218 3644 qua
3261 3587 3330 3627 ex
3376 3571 3524 3624 rela-

1895 3671 2051 3726 tione
2077 3669 2321 3741 episcopi
2345 3669 2521 3740 ipsius
2548 3667 2805 3736 civitatis,
2835 3682 3017 3722 unum
3054 3664 3373 3720 audivimus
3414 3663 3524 3718 mi-

1897 3765 2172 3832 raculum,
2203 3763 2355 3835 quod
2383 3762 2545 3816 silere
2585 3778 2698 3816 non
2741 3765 2984 3832 oportet.
3025 3759 3220 3814 Puella
3261 3756 3528 3829 quaedam

1899 3857 2246 3912 nobilissima
2272 3855 2503 3912 nomine
2547 3855 2740 3920 Maria,
2770 3870 2900 3909 cum
2945 3857 3124 3924 nupta
3165 3852 3381 3920 fuisset,
3409 3850 3530 3922 ipsa

1897 3955 2060 4007 nocte
2088 3953 2298 4021 nuptus
2323 3949 2410 4004 sui
2439 3952 2698 4003 mortuus
2725 3951 2810 4002 est
2835 3963 3076 4018 sponsus
3105 3945 3259 4016 ejus;
3297 3945 3530 4016 ipsaque

1899 4047 2045 4100 hanc
2094 4060 2214 4098 rem
2256 4044 2533 4115 patienter
2578 4041 2838 4113 portavit,
2879 4045 2934 4095 et
2969 4039 3114 4094 infra
3153 4038 3528 4110 septimanam

1899 4137 2088 4194 omnia
2113 4155 2215 4193 sua
2240 4137 2523 4193 distribuit
2548 4135 2909 4208 pauperibus.
2943 4133 3234 4189 Celebrate
3276 4131 3366 4187 die
3403 4147 3530 4203 sep-

1899 4233 2065 4300 timo,
2089 4225 2256 4287 nocte
2298 4231 2423 4302 ipsa
2461 4235 2611 4286 veste
2655 4229 2844 4301 sponsi
2889 4227 3124 4297 sublata,
3156 4226 3382 4282 inventa
3416 4242 3533 4281 non

1899 4333 1982 4382 est
2012 4346 2028 4382 :
2059 4326 2130 4381 de
2161 4342 2274 4397 qua
2297 4325 2508 4380 dictum
2539 4327 2624 4379 est
2655 4322 2819 4378 nobis
2859 4321 2992 4394 quia
3039 4326 3186 4376 esset
3232 4320 3295 4374 in
3340 4336 3531 4375 eremo

1899 4427 2053 4476 trans
2104 4420 2428 4487 Iordanem,
2485 4418 2635 4472 inter
2681 4417 2954 4472 calameta
2993 4415 3079 4469 vel
3116 4415 3364 4485 palmeta
3399 4417 3530 4468 ante

1899 4531 2000 4570 nos
2030 4515 2088 4568 in
2119 4513 2326 4569 ﬁnibus
2355 4513 2551 4583 Segor,
2577 4511 2634 4564 in
2671 4509 2815 4564 mari
2839 4507 3156 4564 Salinarum
3183 4525 3198 4562 :
3238 4506 3299 4560 in
3325 4505 3532 4577 quibus

139 4627 206 4677 et
235 4635 343 4675 nos
367 4618 623 4674 similiter
646 4618 906 4674 fecimus.
934 4619 992 4673 In
1025 4616 1172 4690 ipsos
1199 4623 1422 4673 montes
1447 4634 1550 4672 nec
1581 4634 1668 4671 ros
1695 4633 1796 4672 nec
1816 4617 1876 4688 D
1897 4609 2036 4664 locis
2081 4606 2404 4662 invenimus
2443 4603 2783 4658 monasteria
2810 4618 2878 4656 xv
2907 4602 2990 4655 vel
3028 4617 3160 4656 xvm
3187 4599 3526 4671 puellarum,

222 4788 251 4818 ⁸
288 4788 595 4859 Expunctis
623 4803 713 4858 xx,
745 4785 986 4859 sufﬁciet
1008 4785 1296 4858 reliquisse
1322 4802 1406 4841 ιιι.

224 4860 256 4900 b
289 4857 391 4914 De‘
412 4859 584 4913 David
627 4857 705 4914 ex
739 4858 967 4912 Menaeis
1015 4857 1250 4912 constat.
1297 4857 1464 4911 Iacob
1508 4873 1623 4911 una
1669 4872 1799 4910 cum

143 4929 382 4993 czeteris
412 4929 868 5002 progenitoribus
911 4929 1128 5002 Christi
1145 4929 1352 5002 festum
1398 4929 1568 5002 habet
1607 4927 1796 5002 Domi-

141 5009 287 5065 nica
338 4999 468 5056 ante
509 4999 757 5056 Natalem
809 5001 1054 5070 Domini,
1087 4999 1233 5054 sicut
1282 5000 1352 5055 ad
1400 4999 1800 5072 Ephemerides

142 5082 574 5136 Graecomoscas
599 5071 784 5127 docui.

228 5161 255 5188 ο
286 5145 447 5200 Lib.l
479 5145 721 5214 Regum,
753 5159 874 5214 cap.
911 5159 1038 5212 xvu,
1068 5140 1323 5214 Goliathi
1351 5141 1565 5196 czedem
1599 5142 1802 5197 descri-

145 5221 267 5288 bit,
305 5216 511 5288 factam
552 5212 610 5268 in
657 5212 1187 5288 vallejTerebinthi,
1235 5212 1328 5266 ubi
1375 5217 1803 5288 castrametatus

149 5285 285 5346 erat
313 5286 452 5342 Saul
477 5289 673 5340 contra
698 5285 1026 5354 Philistaaos,
1050 5285 1320 5338 habentes
1339 5289 1516 5338 castra
1537 5301 1637 5339 sua
1655 5285 1804 5338 inter

149 5361 375 5420 Sochot
428 5358 582 5413 Iuda:
631 5362 688 5412 et
737 5361 912 5412 AZeca
957 5356 1017 5410 in
1063 5355 1292 5410 Finibus
1343 5355 1646 5425 Dommim,
1675 5372 1801 5426 quae

148 5431 361 5492 omnia
388 5429 511 5484 loca
539 5432 672 5483 sunt
690 5427 878 5483 media
896 5427 988 5481 via
1014 5425 1165 5498 inter
1185 5426 1496 5498 Ierusalem
1525 5431 1581 5480 et
1606 5425 1800 5498 Ioppe,

148 5524 190 5563 ει
217 5501 514 5559 montibus
541 5500 764 5564 Gelboe,
787 5499 984 5569 procul
999 5497 1130 5552 inde
1156 5497 1228 5550 ad
1249 5497 1631 5552 Euroboream
1661 5497 1800 5564 sitis,

147 5578 294 5652 plus
312 5588 492 5652 quam
520 5570 812 5652 xx_leuci_s.

233 5646 265 5689 ὰ
295 5637 356 5700 A-
379 5643 524 5698 valle
581 5638 907 5696 Terebintbi
961 5654 1140 5709 usque
1191 5638 1263 5693 ad
1318 5637 1596 5694 civitatem
1651 5638 1802 5706 solis,

151 5718 258 5777 cui
305 5714 670 5789 propinquus
695 5717 780 5766 est
802 5711 926 5766 fons
952 5709 1296 5789 Sampsonis,
1321 5725 1354 5789 _x
1380 5709 1604 5789 circiter
1631 5711 1804 5789 leuca;

152 5780 559 5850 extenduntur
603 5798 798 5838 versus
837 5780 1158 5848 meridiem,
1191 5785 1247 5836 et
1275 5781 1408 5836 hinc
1435 5785 1636 5836 czetera
1676 5781 1808 5835 satis

152 5859 472 5921 commode
498 5858 834 5926 sequuntur,
851 5851 960 5907 nisi
987 5853 1367 5926 quodiiterum
1393 5858 1588 5926 auctor
1613 5867 1802 5908 recur-

158 5939 254 5993 rat
285 5924 755 6000 Hierosolymam,
783 5928 1013 5995 propter
1040 5925 1368 5982 Zachariam
1398 5929 1454 5982 et
1481 5924 1699 5981 Isaiam.

1966 4789 1989 4817 θ
2019 4779 2229 4833 Menasa
2254 4775 2325 4830 ad
2350 4778 2382 4829 6
2407 4773 2613 4846 Aprilis
2657 4771 3040 4846 meminerunt
3085 4771 3327 4824 duorum
3375 4783 3525 4846 mar-

1897 4858 2088 4916 tyrum
2116 4847 2387 4902 Ascalone
2412 4841 2724 4916 passorum,
2764 4847 2896 4916 post
2936 4843 3138 4916 factam
3192 4841 3531 4916 memoriam

1899 4910 2104 4978 sanctae
2126 4910 2454 4983 Platonidis,
2485 4933 2656 4988 quam
2701 4910 2972 4988 Ba'ronius
3015 4912 3394 4988 in_lio_dierno
3422 4913 3532 4968 Ro-

1899 5011 2068 5052 mano
2095 5009 2196 5065 pro
2222 4991 2344 5065 viro
2371 4983 2671 5060 accipiens,
2701 4987 2920 5042 duobus
2948 4983 3274 5040 Ascalonitis
3313 4989 3530 5056 marty-

1899 5067 2055 5122 ribus
2071 5062 2282 5134 junxit.

1967 5138 1989 5178 τ
2026 5127 2217 5210 NEque
2271 5133 2546 5210 Victorem
2605 5134 2932 5210 martyrem,
2973 5127 3070 5210 qui
3118 5128 3229 5210 huc
3279 5134 3531 5210 spectare

1900 5209 2093 5282 possit,
2121 5201 2324 5282 'ullum
2354 5203 2523 5282 novi;
2564 5217 2750 5282 neque
2789 5201 3134 5282 Herapiam,
3173 5202 3532 5282 axgmatem,

1902 5271 2184 5336 Mazonam
2225 5275 2508 5342 civitates;
2550 5273 2656 5326 nisi
2695 5272 2836 5326 forte
2873 5271 3076 5325 ultima
3133 5275 3217 5325 est
3263 5272 3530 5343 Majuma,

1901 5369 2034 5424 qua:
2053 5352 2219 5424 Gazae
2239 5345 2560 5424 emporium
2585 5344 2914 5399 nominatur
2931 5359 2963 5396 a
2979 5348 3172 5397 sancto
3197 5343 3537 5416 Hieronymo

1902 5417 1964 5478 iii
1993 5424 2114 5478 Vita
2141 5417 2459 5475 Hilarionis.

1973 5507 2001 5548 ε
2028 5493 2232 5567 Sancti
2265 5485 2564 5567 Hilarionis
2587 5484 3020 5567 ‘m‘onasterimn
3071 5485 3316 5567 septimo
3353 5487 3534 5567 alta-

1897 5566 2062 5637 juma
2097 5560 2386 5628 milliario,
2523 5559 2608 5637 est
2644 5557 2872 5637 duabus.
2897 5575 2960 5612 ac
2974 5557 3346 5637 ns‘emileucis,
3386 5558 3536 5637 idem

1904 5627 2277 5706 Hieronymus
2303 5627 2611 5706 constituit,
2630 5627 2718 5706 cui
2737 5628 2944 5706 certior
2971 5627 3108 5706 lides
3127 5627 3463 5706 adhibenda.

1975 5707 2004 5747 ιι
2034 5699 2246 5761 Duhaal
2293 5703 2430 5757 urbs
2451 5743 2466 5770 ,
2507 5703 2564 5754 et
2617 5699 2846 5770 quidem
2901 5699 3250 5770 episcopalis,
3306 5699 3366 5751 in
3421 5701 3536 5770 tota

1905 5794 2060 5833 sacra
2087 5793 2150 5848 ac
2175 5775 2413 5848 profana
2437 5769 2786 5848 geographia
2825 5769 2983 5848 nulla
3011 5769 3131 5848 est;
3165 5769 3251 5823 uti
3280 5784 3385 5822 nec
3421 5769 3532 5848 Eu-

1907 5849 2044 5904 latia
2069 5837 2276 5918 aliqua,
2305 5846 2376 5900 ad
2401 5837 2697 5898 introitum
2735 5841 2930 5911 eremi,
2971 5839 3151 5912 capite
3189 5855 3311 5911 seq.
3349 5837 3534 5894 nomi-

1907 5925 2058 5978 nata.
