4022 6422
485 417 578 468 9H

1770 391 2080 448 ΑΝΤΟΝΙΝΙ
2123 385 2520 444 PLACENTINI

3821 363 3930 414 9t?

487 533 616 590 quae
645 510 943 572 Christiani
969 508 1348 580 populabant;
1381 521 1508 576 quae
1551 502 1832 557 habebant
1870 498 2100 553 asellum
2122 509 2181 582 Α
2199 499 2442 564 fecimus,
2473 497 2523 548 et
2565 487 3004 558 lacrymarimus.
3041 483 3190 537 Tunc
3224 475 3700 532 introduxerunt
3734 482 3852 522 nos
3878 469 3932 519 in

2587 587 2632 590 __
2727 583 2742 590 -
2829 584 2839 590 .
2884 578 2940 590 η.
3119 575 3134 590 ς
3183 589 3211 590 ρ
3249 573 3332 590 μη,
3370 586 3418 590 ..Α
3436 569 3589 590 ---ιὶη
3621 563 3823 590 ,ιηληο
3861 565 3932 590 τις-4

487 611 585 682 qui
616 608 694 662 eis
717 603 920 660 cibaria
945 601 1250 668 deferebat,
1278 603 1333 654 et
1360 597 1683 652 nutriebant
1723 595 1946 648 leonem
1986 596 2100 646 ter-

485 701 710 756 ribilem
746 697 817 752 ad
858 695 1181 750 videndum.
1210 693 1464 762 Cumque
1501 687 2104 760 appropinquassemus

485 792 719 858 cellulae,
748 787 934 844 omnia
957 786 1216 842 animalia
1245 801 1370 856 quas
1407 789 1564 838 erant
1586 781 1880 836 nobiscum
1899 779 1922 801 “
1946 794 1978 831 a
2007 794 2103 831 ru-

487 887 608 958 gitu
637 883 786 939 illius
812 881 1159 949 minxerunt,
1190 882 1246 933 et
1286 877 1346 932 in
1393 881 1603 931 terram
1648 875 2019 938 corruerunt;
2053 874 2108 923 et

484 978 776 1034 dicebatur
799 973 962 1029 nobis
991 973 1138 1043 quod
1167 971 1352 1042 ipsum
1380 969 1612 1024 asellum
1641 969 1726 1021 leo
1752 965 1868 1036 ipse
1897 964 2104 1036 guber-

484 1076 649 1127 naret
671 1070 728 1124 in
756 1068 975 1141 pascuis
1004 1083 1018 1121 :
1042 1081 1212 1137 quem
1237 1063 1546 1118 offerebant
1571 1060 1732 1115 nobis
1759 1075 1860 1130 pro
1881 1062 2108 1112 centum

487 1163 696 1220 solidis.
737 1162 842 1218 Sed
880 1163 1042 1216 Pater
1079 1157 1396 1213 Antoninus
1441 1154 1722 1225 suscipere
1772 1151 1972 1220 noluit,
2013 1149 2108 1203 sed

488 1257 647 1311 misit
689 1255 746 1310 in
795 1254 1105 1310 Jerusalem
1158 1251 1290 1318 cito,
1330 1255 1386 1304 et
1422 1247 1654 1303 adduxit
1690 1246 1770 1300 eis
1807 1251 1991 1299 ternas
2029 1245 2110 1294 tu-

486 1349 643 1405 nicas
671 1354 728 1402 et
754 1349 942 1402 oleum
971 1347 1040 1399 ad
1076 1343 1392 1410 luminaria,
1421 1347 1476 1396 et
1502 1339 1794 1410 legumina
1823 1337 2020 1391 multa.
2047 1337 2113 1388 Et

486 1443 626 1515 ipsa:
653 1441 818 1496 nobis
841 1440 1104 1495 dixerunt
1145 1437 1212 1490 de
1251 1435 1549 1490 virtutibus
1578 1431 1780 1494 Mariae,
1821 1429 1980 1499 cujus
2017 1445 2110 1480 su-

489 1535 684 1608 perius
711 1532 1059 1588 mentionem
1085 1529 1338 1592 fecimus,
1359 1543 1485 1598 qua:
1507 1524 1892 1579 ambulaverat
1909 1521 1968 1578 in
1995 1520 2114 1574 Hie-

490 1627 797 1699 rosolyma,
828 1625 944 1680 sola
979 1627 1204 1694 portans
1241 1619 1554 1691 legumina,
1593 1616 1886 1688 sportellas
1921 1615 2116 1685 plenas

494 1726 551 1776 et
574 1720 826 1784 tunicas;
855 1733 996 1790 quas
1047 1716 1097 1770 ei
1142 1713 1442 1785 cupiebant
1483 1711 1740 1776 auferre;
1787 1707 1884 1762 sed
1930 1706 2116 1760 nullus

493 1829 619 1869 eam
673 1810 928 1866 invenire
981 1805 1216 1880 potuit"
1271 1809 1519 1860 attamen
1557 1805 1624 1858 de
1662 1802 1729 1856 iis
1766 1817 1892 1872 qua:
1931 1815 2118 1854 secum

2199 563 2394 646 uallem
2416 591 2558 642 inter
2581 583 2754 639 Horeb
2791 584 2841 634 et
2879 578 3016 632 Sina
3059 575 3134 629 ad
3172 573 3334 640 cujus
3369 569 3589 624 montis
3615 563 3823 635 pedes
3858 565 3934 614 est

2200 687 2320 751 fons
2345 683 2438 735 ubi
2473 683 2678 746 Moyses
2703 671 3022 742 adaquabat
3058 684 3198 729 ores,
3231 663 3463 734 quando
3511 659 3682 713 vidit
3713 655 3934 710 rubum

2202 777 2494 830 ardentem.
2529 773 2631 838 Qui
2653 772 2775 836 fons
2803 770 2880 820 est
2907 763 3150 817 inclusus
3180 761 3340 825 infra
3364 752 3844 812 monasterium,
3879 750 3932 799 in

2203 886 2306 940 quo
2341 871 2465 922 sunt
2489 871 2590 919 tres
2617 862 2832 916 abbates
2853 859 3074 912 scientes
3105 855 3350 919 linguas,
3381 849 3446 902 id
3490 850 3583 900 est
3630 845 3936 904 Graecam,

2205 934 2478 1021 latinam,
2529 959 2753 1024 Syram,
2811 951 3192 1020 Egyptiacam
3245 957 3267 984 ο
3327 947 3381 996 et
3448 943 3728 996 Bessum.
3795 934 3940 989 Inde

2205 1063 2446 1115 venimus
2473 1057 2547 1110 ad
2569 1053 2875 1123 Speluncam
2902 1047 2997 1101 ubi
3021 1043 3378 1099 absconditus
3409 1041 3538 1106 fuit
3569 1036 3760 1090 Elius
3785 1047 3934 1101 pro-

2201 1155 2387 1224 pheta,
2417 1148 2633 1219 quando
2669 1146 2814 1214 fugit
2838 1140 3056 1196 Iezabel
3084 1137 3370 1191 mulierem
3400 1129 3747 1202 perﬁdam.
3789 1127 3942 1180 Ante

2208 1249 2382 1316 ipsam
2406 1242 2712 1312 speluncam
2737 1237 2913 1303 surgit
2931 1237 3055 1302 fons
3073 1233 3170 1301 qui
3184 1230 3392 1294 irrigat
3415 1227 3618 1296 ipsum
3643 1225 3938 1276 montem.

2213 1339 2343 1393 inde
2377 1334 2730 1390 ascendimus
2763 1343 3050 1382 summum
3092 1337 3370 1378 cacumen
3413 1317 3680 1384 montis,
3705 1315 3779 1368 in
3823 1328 3943 1383 quo

2212 1437 2294 1488 est
2317 1427 2626 1484 oratorium
2644 1424 2952 1489 modicum,
2971 1419 3190 1473 habens
3208 1411 3668 1484 longitudinem
3700 1424 3821 1462 sex
3849 1423 3943 1476 pe-

2215 1527 2374 1590 dum,
2403 1520 2660 1576 similiter
2685 1520 2741 1570 et
2767 1513 3152 1576 latitudinem,
3185 1507 3244 1562 in
3273 1523 3394 1578 quo
3423 1518 3695 1560 manere
3727 1499 3942 1555 nullus

2213 1615 2538 1690 praesumit;
2569 1611 2661 1665 sed
2698 1615 2822 1662 orto
2861 1608 2981 1677 jam
3026 1604 3118 1658 die
3155 1600 3488 1656 ascendunt
3519 1593 3842 1650 monachi
3873 1594 3942 1646 de

2215 1707 2532 1781 supradicto
2564 1701 2936 1768 monasterio,
2970 1701 3028 1752 et
3057 1695 3353 1751 celebrant
3383 1691 3468 1746 ibi
3503 1689 3849 1744 officium:
3887 1686 3940 1738 in

2220 1819 2332 1874 quo
2363 1802 2489 1856 loco
2521 1815 2624 1870 pro
2655 1794 2953 1850 devotione
2982 1789 3149 1845 multi
3176 1787 3426 1842 tondent
3465 1782 3750 1854 capillos
3803 1796 3943 1832 suos

497 1905 657 1960 duxit
681 1905 750 1959 de
781 1919 970 1959 eremo
982 1870 1140 1956 .nihil
1167 1899 1471 1970 reportavit
1497 1870 1802 1950 revertens:
1841 1893 2012 1964 Cujus
2039 1891 2117 1945 af-
2139 1870 2197 1940 Β
2221 1870 2274 1952 (ξι
2303 1895 2566 1953 barbam;
2598 1906 2728 1944 nam
2753 1892 2810 1942 et
2829 1902 2936 1956 ego
2965 1881 3184 1938 totondi
3213 1881 3296 1934 ibi
3322 1877 3583 1934 barbam
3617 1891 3868 1929 meam.

493 1999 803 2054 ﬂictionem
827 1996 916 2050 vel
944 1995 1228 2066 ploratum
1274 1992 1426 2046 nulla
1457 1990 1676 2044 ratione
1715 1986 1990 2042 consolari
2031 2001 2124 2056 po-

492 2091 742 2160 tuimus;
771 2089 867 2144 sed
892 2093 1120 2143 tantum
1158 2085 1362 2156 saepius
1389 2083 1608 2138 dicebat
1637 2081 1778 2135 ﬂens
1809 2097 1823 2134 :
1857 2081 1948 2133 Vae
1983 2077 2123 2132 mihi

495 2184 720 2239 misera:
749 2182 763 2236 ι
804 2183 964 2252 cujus
992 2196 1159 2235 causa
1188 2195 1279 2232 me
1309 2177 1434 2232 dico
1465 2173 1886 2230 Christianam?

569 2280 658 2332 35.
698 2274 1112 2330 Proficiscentes
1139 2273 1207 2326 de
1245 2270 1458 2325 Eulatia
1487 2268 1842 2322 introivimus
1870 2280 2125 2320 eremum

498 2367 762 2425 milliario
788 2384 876 2436 xx,
903 2367 957 2420 in
987 2382 1099 2437 quo
1126 2369 1208 2419 est
1229 2367 1474 2418 castrum
1495 2361 1590 2415 ubi
1612 2365 1692 2415 est
1715 2357 2125 2414 xenodochium

497 2461 674 2518 sancti
701 2460 974 2532 Gregorii,
1000 2459 1060 2512 in
1085 2474 1197 2529 quo
1225 2456 1437 2510 habent
1480 2458 1833 2509 transeuntes
1869 2451 1955 2504 vel
2000 2465 2122 2504 ere-

497 2555 648 2610 mitaa
676 2553 962 2624 refugium
990 2551 1077 2606 vel
1108 2550 1408 2620 stipendia.
1438 2547 1568 2602 Inde
1597 2547 1867 2600 intrantes
1893 2543 2123 2598 interio-

497 2664 619 2704 rem
646 2662 922 2713 eremum,
949 2645 1206 2699 venimus
1233 2643 1305 2697 ad
1333 2643 1520 2696 locum
1563 2641 1632 2694 de
1671 2655 1782 2710 quo
1825 2637 2028 2692 dicitur
2069 2635 2126 2688 in

493 2745 730 2818 psalmo,
750 2748 914 2800 Terra
937 2745 1224 2810 fructifera
1241 2743 1298 2794 in
1317 2741 1586 2808 salsugine
1614 2737 1689 2805 (id
1717 2741 1818 2802 est,
1835 2735 1894 2788 in
1913 2733 2124 2788 amari-

496 2838 732 2908 tudine),
763 2837 1027 2890 animalia
1069 2835 1434 2889 habitantium
1468 2834 1526 2885 in
1563 2846 1645 2884 ea.
1690 2831 1759 2882 Et
1787 2828 1862 2881 ibi
1891 2827 2129 2881 vidimus

500 2931 760 2985 homines
805 2944 978 2995 rasos,
1007 2927 1290 2998 fugientes
1333 2940 1465 2978 cum
1509 2921 1752 2976 camelis.
1794 2921 1937 2974 Nam
1975 2924 2032 2972 et
2070 2919 2128 2972 in

499 3022 884 3092 Hierosolyma
909 3020 1154 3074 vidimus
1183 3017 1440 3072 homines
1460 3032 1530 3069 ex
1552 3013 1832 3084 Ethiopia
1857 3013 2129 3066 habentes

502 3114 658 3170 ﬁssas
685 3129 848 3168 nares
872 3112 893 3136 ⁸
919 3117 975 3166 et
1003 3127 1186 3180 aures,
1216 3109 1486 3180 caligulas
1519 3105 1762 3174 calceati,
1785 3110 1840 3160 et
1865 3121 1968 3176 per
1992 3104 2130 3174 digi-

501 3213 590 3262 tos
631 3207 690 3260 in
733 3205 903 3276 pedes
929 3205 1164 3258 annulos
1201 3203 1418 3257 missos.
1459 3199 1926 3270 lnterrogavimus
1953 3213 2129 3268 quare

503 3301 602 3368 sic,
659 3303 714 3353 et
767 3298 1034 3352 dixerunt
1074 3314 1088 3351 :
1130 3297 1263 3368 quia
1309 3295 1580 3366 Trajanus
1612 3293 1638 3332 ι)
1690 3293 2000 3362 imperator
2051 3291 2128 3344 si-

509 3409 686 3463 gnum
725 3392 834 3445 hoc
864 3391 1024 3444 nobis
1054 3389 1302 3460 reliquit.

577 3489 664 3541 36.
705 3484 1065 3539 Ambulantes
1093 3499 1195 3554 per
1224 3497 1480 3536 eremum
1506 3480 1623 3534 dies
1651 3495 1725 3547 γι,
1755 3478 1984 3532 camelis
2025 3493 2129 3531 no-

505 3579 592 3634 bis
613 3595 821 3650 aquam
842 3577 1212 3649 portantibus,
1232 3573 1539 3630 sextarium
1567 3589 1733 3627 mane
1757 3578 1812 3627 et
1830 3571 2134 3626 sextarium

503 3689 732 3743 vespere
785 3671 1026 3726 dabatur
1077 3685 1181 3741 per
1233 3667 1527 3723 hominem
1563 3666 1810 3738 quotidie
1854 3681 1867 3716 :
1908 3681 2130 3718 amare-

506 3770 696 3820 scente
723 3781 868 3836 aqua
895 3763 955 3818 in
985 3763 1205 3818 utribus
1225 3777 1328 3832 per
1353 3761 1586 3814 modum
1611 3759 1775 3824 fellis,
1807 3758 2136 3812 mittebatur

505 3859 565 3912 in
591 3873 716 3912 eam
732 3859 754 3881 "
773 3872 1028 3920 arenam,
1053 3859 1110 3909 et
1135 3854 1547 3908 dulcorabatur.
1569 3853 1814 3906 Familiae
1836 3855 2026 3906 autem
2047 3851 2136 3906 Sa-

505 3967 840 4006 racenorum
867 3954 922 4003 81⁵.
947 3964 1150 4002 uxores
1179 3963 1374 4001 eorum
1399 3945 1683 4000 venientes
1721 3947 1789 4000 de
1832 3961 2134 4000 eremo.....

508 4044 568 4098 in
600 4043 690 4096 via
725 4043 979 4097 sedentes
1018 4039 1269 4110 deposita
1306 4039 1544 4108 sarcina,
1585 4039 1850 4110 petebant
1894 4055 2070 4110 panes
2106 4055 2139 4092 a

509 4135 964 4201 transeuntibus;
999 4136 1054 4186 et
1081 4131 1386 4186 veniebant
1414 4131 1518 4184 viri
1547 4147 1740 4186 earum
1776 4131 1844 4186 de
1882 4131 2136 4211 interiori

511 4232 674 4300 parte
704 4225 900 4294 eremi,
919 4225 1382 4294 adducebantque
1409 4227 1560 4279 utres
1587 4241 1714 4279 cum
1741 4242 1886 4296 aqua
1913 4225 2136 4296 frigida,

514 4323 572 4374 et
598 4319 944 4390 accipiebant
983 4318 1082 4372 sibi
1130 4334 1322 4388 panes,
1353 4321 1410 4371 et
1433 4318 1783 4374 adducebant
1809 4323 1982 4373 restes
2012 4333 2141 4373 cum

513 4412 814 4482 radicibus,
844 4428 1086 4484 quarum
1111 4411 1249 4465 odor
1272 4411 1631 4466 suavissimus
1666 4429 1834 4482 super
1871 4416 2138 4480 aromata,

517 4511 576 4561 et
600 4505 716 4560 dies
745 4507 912 4560 festos
949 4521 1078 4560 suos
1116 4504 1489 4560 celebrabant.
1529 4506 1774 4577 Papulas
1818 4510 2008 4560 autem
2045 4506 2142 4576 qui

2293 1992 2380 2043 38.
2421 1988 2575 2041 Mons
2602 1998 2738 2036 vero
2769 1980 2902 2035 Sina
2936 1980 3199 2048 petrosus
3244 1977 3354 2039 est,
3386 1987 3526 2026 raro
3577 1969 3788 2022 habet
3824 1972 3940 2020 ter-

2223 2098 2366 2149 ram,
2395 2083 2452 2134 et
2481 2079 2536 2132 in
2560 2075 2804 2130 circuitu
2829 2073 2950 2142 ejus
2978 2069 3203 2124 cellulae
3233 2065 3441 2120 multa:
3473 2078 3827 2118 servorum
3849 2061 3944 2114 Dei

2223 2173 2484 2229 similiter
2511 2176 2568 2225 et
2585 2170 2643 2224 in
2672 2167 2874 2234 Horcb,
2904 2169 2960 2218 et
2986 2163 3044 2216 in
3066 2165 3231 2233 parte
3253 2159 3412 2214 illius
3433 2157 3675 2212 montis
3709 2155 3946 2210 habent

2225 2265 2482 2322 Saraceni
2511 2262 2730 2318 idolum
2759 2261 2780 2282 ⁸
2807 2274 2975 2312 suum
3003 2269 3409 2310 marmoreum
3448 2251 3769 2322 positum,
3807 2265 3942 2302 can-

2224 2361 2422 2416 didum
2449 2361 2720 2428 tanquam
2746 2353 2956 2406 nivem.
2984 2349 3061 2403 lbi
3089 2353 3146 2402 et
3164 2350 3485 2418 permanet
3512 2343 3819 2398 sacerdos
3849 2359 3944 2396 eo-

2223 2470 2354 2510 rum
2403 2453 2657 2522 ipsorum
2714 2445 2947 2500 indutus
3003 2440 3308 2496 dalmatica
3366 2444 3427 2492 et
3488 2437 3693 2510 pallio
3762 2436 3946 2490 lineo.

2224 2545 2455 2612 Quando
2479 2541 2632 2598 venit
2658 2546 2882 2610 tempus
2904 2535 3222 2591 festivitatis
3256 2548 3496 2597 eorum,
3531 2535 3946 2602 percurrente

2225 2640 2359 2694 luna
2395 2643 2694 2706 antequam
2733 2630 3060 2702 egrediatur
3096 2645 3130 2680 a
3168 2627 3314 2680 festo
3359 2625 3680 2696 ipsorum,
3729 2623 3948 2693 incipit

2227 2747 2480 2786 marmor
2504 2727 2645 2782 illud
2677 2731 2899 2780 mutare
2927 2722 3212 2788 colorem;
3245 2723 3304 2774 et
3332 2718 3590 2789 quando
3621 2723 3948 2789 caeperunt

2229 2825 2462 2879 adorare
2497 2821 2731 2887 idolum,
2761 2819 2824 2872 ﬁt
2857 2831 3112 2870 marmor
3139 2812 3286 2866 illud
3327 2811 3592 2882 nigrum
3646 2817 3946 2882 tanquam

2227 2917 2360 2990 pix;
2390 2915 2672 2985 completo
2699 2920 2960 2981 tempore
2985 2905 3308 2963 festivitatis
3335 2921 3588 2973 eorum,
3613 2905 3950 2960 revertitur

2228 3011 2436 3065 iterum
2474 3008 2533 3062 in
2571 3005 2873 3078 pristinum
2909 3002 3194 3070 colorem,
3235 2999 3402 3054 unde
3443 2999 3634 3054 valde
3689 2998 3950 3053 miratus

2229 3119 2355 3158 sum
2364 3146 2377 3158 .

2299 3201 2386 3253 39.
2428 3198 2577 3250 Inter
2614 3193 2751 3248 Sina
2788 3197 2845 3246 et
2881 3189 3065 3245 Horeb
3122 3192 3209 3242 est
3247 3187 3417 3241 vallis
3470 3187 3542 3240 in
3596 3204 3732 3259 qua
3776 3187 3953 3240 certis

2233 3289 2579 3360 temporibus
2612 3303 2704 3340 ros
2729 3285 2797 3340 de
2828 3283 2970 3338 caelo
3005 3280 3216 3354 [cadit],
3246 3296 3434 3352 quem
3465 3297 3708 3335 manna
3737 3279 3952 3352 appel-

2230 3385 2370 3438 lant.
2404 3384 2470 3436 Et
2498 3377 2852 3450 coagulatur,
2875 3382 2932 3431 et
2950 3378 3016 3431 tit
3034 3381 3316 3445 tanquam
3342 3389 3623 3445 granum
3647 3375 3952 3428 masticis:

2232 3481 2289 3532 et
2307 3476 2517 3531 habent
2544 3473 2674 3528 inde
2701 3471 2876 3544 plena-
2898 3469 3068 3540 dolia,
3099 3473 3156 3522 et
3181 3469 3324 3522 dant
3351 3467 3488 3521 aliis
3531 3485 3652 3538 pro
3695 3469 3950 3523 benedi-

2232 3571 2434 3637 ctione,
2457 3573 2513 3622 et
2539 3567 2704 3621 nobis
2732 3564 3014 3620 dederunt
3041 3561 3320 3616 sextarios
3349 3562 3638 3634 quinque
3673 3581 3691 3618 :
3729 3581 3812 3618 ex
3841 3579 3952 3634 quo

2234 3670 2290 3720 et
2317 3661 2532 3734 perdite
2557 3659 2778 3727 bibunt,
2811 3662 2869 3712 et
2893 3656 3060 3711 nobis
3095 3655 3392 3710 dederunt
3417 3654 3671 3710 bibere.
3711 3657 3872 3711 Nam
3901 3662 3951 3709 et

2234 3757 2294 3810 in
2323 3755 2456 3827 ipsis
2482 3753 2774 3808 montibus
2797 3751 2886 3806 leo
2911 3755 2968 3805 et
2997 3749 3210 3820 pardus
3236 3749 3282 3816 ’,
3313 3765 3556 3819 capreae
3605 3753 3673 3804 et
3721 3750 3950 3806 burdo~

2236 3868 2336 3906 nes
2377 3847 2546 3903 simul
2574 3849 2850 3918 pascunt:
2885 3849 2942 3898 et
2966 3861 3036 3898 ex
3062 3843 3144 3899 eis
3170 3842 3370 3897 nullus
3399 3842 3659 3898 lmditur
3690 3861 3731 3898 a
3760 3845 3950 3904 leone.

2235 3947 2472 4017 propter
2488 3941 2665 3996 eremi
2684 3938 3020 3994 vastitatem.
3043 3939 3110 3992 Et
3131 3936 3271 4007 quia
3291 3937 3428 4007 jam
3457 3953 3525 3991 se
3555 3938 3952 4010 complebant

2239 4038 2357 4092 dies
2385 4035 2508 4090 festi
2533 4033 2972 4100 Ismaelitarum,
3009 4047 3196 4102 praeco
3227 4029 3376 4085 exiit
3405 4035 3477 4084 ut
3509 4032 3740 4087 nullus
3769 4031 3951 4087 subsi-

2240 4135 2410 4184 steret
2436 4145 2538 4200 per
2567 4143 2844 4194 eremum,
2874 4141 2977 4197 per
3005 4141 3181 4196 quam
3207 4123 3463 4195 ingressi
3491 4142 3728 4180 sumus
3755 4145 3773 4197 ;
3815 4124 3950 4198 [sed_,

2239 4223 2336 4278 alii
2357 4239 2460 4294 per
2491 4223 2815 4292 Egyptum,
2837 4220 2936 4274 alii
2957 4235 3062 4290 per
3090 4217 3373 4272 Arabiam
3399 4223 3885 4276 reverterentur
3903 4219 3954 4272 in

2240 4313 2522 4369 civitatem
2561 4313 2836 4366 sanctam.

2312 4408 2398 4461 40.
2427 4407 2504 4460 De
2528 4408 2719 4460 monte
2745 4403 2878 4458 Sina
2898 4417 3076 4472 usque
3107 4400 3168 4455 in
3195 4401 3432 4456 Arabiae
3461 4400 3800 4460 civitatem
3832 4421 3956 4477 quae

2242 4503 2470 4556 vocatur
2510 4498 2680 4552 Abela
2707 4497 2755 4566 ά,
2801 4501 2934 4550 sunt
2973 4494 3305 4549 mansiones
3329 4511 3453 4563 vn;
3489 4495 3560 4550 in
3594 4498 3808 4554 Abela
3856 4515 3955 4552 au-

513 4615 619 4672 per
633 4599 907 4669 majorem
927 4615 1181 4653 eremum
1199 4599 1627 4670 ingrediebatur
1641 4599 1711 4653 ad
1731 4599 2140 4670 explorandum
2159 4599 2220 4671 Ῑ)
2241 4601 2358 4650 tem
2393 4592 2796 4648 descendentes
2819 4606 2987 4644 naves
3013 4589 3084 4643 de
3115 4588 3276 4642 India
3313 4605 3458 4643 cum
3509 4590 3790 4647 diversis
3832 4611 3956 4647 aro-

515 4709 758 4748 numero
790 4693 907 4746 xu“
935 4691 1111 4745 millia
1145 4709 1226 4745 nc.

587 4789 678 4840 37.
706 4785 1144 4841 Perambulantes
1185 4800 1416 4840 eremum
1461 4789 1645 4839 octavo
1675 4785 1762 4838 die
1789 4788 2026 4840 venimus
2071 4786 2144 4840 ad

516 4885 745 4934 montem
774 4880 990 4934 Domini
1009 4878 1214 4944 Horeb;
1247 4883 1297 4932 et
1325 4878 1449 4932 inde
1475 4883 1736 4932 merentes
1755 4884 1812 4932 ut
1830 4879 2140 4934 ascendere-

516 4987 635 5026 mus
680 4978 911 5026 montem
949 4973 1106 5033 Sina,
1136 4987 1247 5026 ecce
1273 4971 1562 5024 multitudo
1610 4973 1987 5026 monachorum
2029 4988 2142 5027 ere-

515 5067 774 5119 mitarum
803 5081 921 5118 cum
951 5064 1192 5118 crucibus
1215 5064 1503 5133 psallentes
1531 5064 1878 5122 obviaverunt
1902 5065 2071 5127 nobis,
2097 5071 2144 5120 et

511 5161 780 5226 prostrati
819 5160 876 5212 in
902 5162 1100 5213 terram
1128 5157 1492 5212 adoraverunt
1519 5175 1534 5210 :
1560 5158 1730 5212 simili
1765 5159 1920 5213 modo
1963 5163 2014 5213 et
2053 5174 2147 5212 nos

594 5323 884 5404 s'llﬁullum
919 5325 1292 5404 commodum
1348 5341 1588 5404 sensum
1615 5341 1684 5379 ex
1723 5325 1940 5404 ultima
1977 5326 2147 5398 hujus

521 5395 718 5472 capitis
739 5401 899 5472 parte
919 5396 1192 5472 hactenus
1205 5395 1593 5472 elicerepotui
1615 5397 1981 5466 conjectando
1999 5417 2016 5467 ;
2047 5395 2148 5452 nec

521 5466 715 5534 magni
741 5466 928 5534 refert,
959 5466 1094 5537 quia
1123 5466 1247 5520 talis
1293 5467 1463 5521 Maria
1506 5484 1789 5538 nusquam
1832 5466 2144 5524 intersan-

523 5540 636 5614 etas
651 5538 793 5614 nota
821 5541 919 5614 est.

593 5605 795 5684 {Nihil
842 5605 989 5684 juris
1043 5605 1280 5683 Trajano
1314 5607 1406 5684 in
1446 5608 1731 5684 Ethiopes
1777 5610 1922 5678 fuit,
1962 5628 2149 5684 neque

518 5677 887 5750 bellumicum
913 5677 980 5728 iis
1023 5690 1036 5726 :
1079 5677 1270 5750 scissa;
1311 5677 1503 5750 igitur!
1527 5677 1649 5749 ejus
1684 5681 1845 5750 jussu
1891 5677 2077 5750 aures',
2095 5689 2151 5737 et

519 5764 684 5803 nares
711 5747 1039 5816 Ethiopum
1065 5759 1167 5813 pro
1199 5743 1388 5800 fabula
1417 5743 1610 5804 haberi
1638 5743 1861 5806 debent.
2069 5743 2077 5750 ’

589 5832 614 5860 ο
648 5817 900 5900 Quidnsi“
924 5830 1069 5900 pro“
1081 5816 1240 5894 Bassa
1295 5817 1480 5896 lingua
1500 5861 1516 5886 ,
1538 5821 1723 5900 __legas
1775 5823 1993 5878 Persam
2050 5839 2152 5878 seu

523 5889 828 5945 Persicam?
857 5884 994 5940 Nam
1030 5884 1198 5952 Bessi,
1227 5884 1464 5958 exiguus
1500 5884 1734 5944 alim'in
1771 5893 2006 5948 Thracia
2042 5911 2147 5966 po-

2241 4687 2508 4756 matibus,
2539 4686 2721 4740 visum
2763 4689 2848 4738 est
2888 4683 3052 4738 nobis
3094 4699 3201 4754 per
3233 4684 3575 4754 [Egyptum
3611 4688 3871 4743 reverti.
3902 4690 3960 4742 Et.

2241 4782 2501 4837 venimus
2529 4780 2588 4833 in
2614 4779 2900 4833 civitatem
2936 4777 2998 4831 in
3037 4793 3152 4849 qua
3190 4777 3495 4848 pugnavit
3537 4780 3796 4852 Moyses
3837 4799 3958 4837 cum

2243 4875 2524 4944 Amalech,
2546 4873 2646 4928 ubi
2667 4876 2752 4926 est
2781 4871 3119 4940 oratorium,
3149 4871 3316 4942 cujus
3343 4871 3540 4927 altare
3570 4877 3863 4946 positum
3886 4879 3954 4930 est

2245 4985 2414 5040 super
2435 4967 2648 5039 lapides
2677 4967 2802 5020 illos
2827 4981 2967 5037 quos
2993 4969 3318 5036 posuerunt
3357 4966 3567 5037 Moyse
3628 4977 3874 5026 orante.
3909 4972 3954 5022 In

2244 5063 2365 5117 loco
2392 5063 2516 5132 ipso
2550 5064 2636 5114 est
2663 5060 2856 5114 civitas
2883 5059 3108 5114 munita
3133 5059 3204 5112 de
3232 5058 3555 5130 lateribus,
3589 5063 3777 5120 locus
3802 5064 3956 5119 steri-

2245 5157 2313 5210 lis
2343 5154 2506 5210 valde
2531 5159 2764 5226 propter
2785 5170 2980 5225 aquas.
3001 5151 3085 5206 Ibi
3104 5159 3504 5210 occurrerunt
3529 5158 3726 5214 nobis
3757 5159 3956 5215 mulie-

2247 5326 2434 5399 pulus,
2467 5331 2524 5380 et
2561 5342 2627 5379 eo
2669 5342 2785 5396 quo
2805 5325 2942 5399 haec
2981 5323 3300 5393 composita
3338 5330 3490 5399 sunt
3533 5345 3678 5386 aevo
3723 5334 3835 5387 sub
3873 5333 3956 5385 tali

2247 5396 2479 5474 nomine
2516 5414 2630 5451 non
2667 5396 2927 5474 amplius
2951 5400 3150 5474 notus,
3187 5411 3308 5474 non
3347 5396 3663 5457 videntur
3706 5405 3829 5459 huc
3869 5421 3952 5474 po-

2247 5469 2419 5523 tuisse
2447 5467 2694 5538 irrepere
2732 5465 2834 5538 per
2857 5466 3110 5538 aliquem
3138 5465 3324 5538 ipsius
3351 5472 3644 5528 auctoris
3676 5465 3954 5530 errorem.

2320 5537 2613 5624 d‘Deber‘et
2668 5537 2790 5624 hinc
2847 5537 3042 5624 civitas
3100 5537 3606 5624 Abela‘concipi
3679 5549 3758 5601 ad
3820 5565 3954 5602 mare

2250 5611 2526 5675 Rubrum,
2558 5611 2708 5663 haud
2733 5610 2902 5679 longe
2928 5624 2960 5660 a
2990 5609 3178 5679 Maca;
3222 5609 3327 5664 sed
3368 5627 3488 5666 nec
3535 5609 3634 5670 ibi
3684 5636 3800 5674 nec
3847 5619 3956 5672 alibi

2249 5682 2308 5736 in
2333 5687 2450 5736 tota
2477 5681 2681 5734 Arabia
2705 5677 2915 5757 nomen
2933 5677 3092 5757 istud
3122 5681 3282 5757 apud
3315 5689 3733 5757 geographos
3761 5699 3958 5746 veteres

2247 5768 2554 5822 novosque;
2576 5751 2856 5822 reperitur
2870 5749 3076 5822 A:_jben_e
3117 5749 3342 5822 autem'
3365 5749 3880 5818 in'Madianitide
3916 5772 3956 5813 ei

2249 5819 2929 5906 adlacuuitiene‘zareth,
2967 5819 3056 5873 vel
3093 5820 3260 5874 Abila
3293 5823 3366 5906 in
3419 5827 3797 5906 Coelesyria,
3829 5833 3956 5888 unde

2250 5877 2468 5951 Abilina
2491 5891 2812 5948 Tetrarchia
2835 5877 3054 5946 noinen
3080 5877 3366 5964 sumpsit:
3431 5877 3663 5906 Huw"
3683 5877 3797 5906 ﬂ."
