4022 6416
154 365 266 419 913

155 489 252 528 res
282 489 418 528 cum
445 473 780 547 infantibus,
809 475 1022 548 palmas
1041 478 1100 536 in
1121 480 1383 536 manibus
1413 481 1723 553 portantes,
1745 488 1802 538 et

155 564 452 634 ampullas
480 581 613 620 cum
642 566 841 622 rafano
864 568 1012 636 oleo,
1049 566 1218 641 [quae]
1244 575 1542 642 prostratae
1562 571 1800 644 pedibus

154 661 378 716 nostris
425 664 713 732 ungebant
753 665 972 736 plantas
996 672 1218 722 nostras
1248 673 1304 723 et
1351 668 1538 740 capita
1585 676 1798 739 nostra,

153 754 367 827 lingua
391 757 720 829 Egyptiaca
746 760 1050 830 psallentes
1075 761 1449 834 antiphonam
1476 779 1489 817 :
1517 784 1546 813 «
1568 763 1803 819 Benedi-

152 849 236 904 cti
263 865 364 904 vos
405 867 440 904 a
487 851 756 921 Domino,
788 857 846 909 et
889 855 1220 910 benedictus
1267 856 1547 912 adventus
1595 861 1796 928 vester,

151 945 430 999 Hosanna
459 944 521 999 in
545 946 800 1002 excelsis.
833 969 862 996 »
895 949 1016 1020 Ipsa
1044 952 1129 1004 est
1151 954 1304 1004 terra
1328 951 1571 1020 Madian,
1607 954 1663 1006 et
1689 951 1799 1022 ipsi

149 1037 488 1093 habitantes
515 1038 576 1095 in
595 1055 662 1095 ea
681 1039 924 1096 civitate.
948 1042 1160 1097 Dicitur
1181 1047 1373 1102 autem
1393 1036 1526 1115 quia
1539 1061 1608 1099 ex
1635 1044 1802 1100 fami-

147 1129 232 1184 lia
259 1131 479 1201 Jethro,
521 1133 697 1188 soceri
740 1135 959 1205 Moysis,
990 1135 1340 1192 descendunt
1369 1153 1504 1192 Lvm
1531 1147 1557 1176 ι
1583 1139 1794 1194 condo-

146 1239 295 1292 ωδε,
327 1224 634 1282 militantes
660 1227 718 1282 in
743 1227 970 1299 publico
997 1245 1128 1284 cum
1149 1229 1422 1284 uxoribus
1454 1230 1589 1299 suis,
1622 1248 1800 1288 anno-

147 1333 298 1372 nam
328 1323 385 1374 et
410 1322 596 1376 vestes
620 1320 960 1394 accipientes
989 1338 1058 1378 ex
1083 1325 1340 1395 Egypto.

230 1411 324 1466 41.
359 1413 436 1468 De
462 1413 671 1486 quibus
711 1415 848 1470 locis
873 1415 1130 1470 venimus
1172 1417 1425 1490 Magdalo
1452 1438 1480 1479 ι,
1513 1422 1570 1473 et
1594 1418 1799 1474 Sochot

1616 375 2072 434 l'l‘lNEBARlUM.

3431 391 3534 450 914

1822 495 1880 570 Α
1900 503 2000 557 per
2025 487 2250 559 Clysma
2275 491 2580 563 antequam
2599 492 3030 551 commisceatur
3055 511 3184 552 cum
3204 492 3362 554 oleo:
3391 515 3531 556 nam

1903 581 1948 635 si
1976 598 2093 637 non
2109 583 2544 656 adulteraretur,
2563 587 2732 642 credo
2753 588 2888 658 quia
2906 589 3088 661 ipsam
3108 591 3378 648 virtutem
3389 608 3534 650 sem-

1900 691 2004 746 per
2025 675 2240 732 faceret
2271 695 2285 732 :
2317 694 2452 733 nam
2491 679 2675 750 liquor
2699 681 2875 752 ipsius
2901 688 3057 738 tenet
3085 683 3364 758 [odorem]
3395 703 3527 744 con-

1900 768 2059 824 tinuo
2087 787 2192 841 per
2216 772 2328 826 duo
2357 773 2554 828 millia.
2588 774 2738 832 Infra
2767 775 3052 831 civitatem
3083 777 3265 850 ipsam
3290 795 3420 852 qua)
3450 781 3531 836 di-

1901 861 2046 916 citur
2069 863 2311 934 Clysma,
2338 865 2491 920 intus
2515 867 2578 920 in
2595 867 2825 922 basilica
2853 869 3094 924 vidimus
3113 871 3323 927 loculos
3350 873 3529 945 ligne-

1900 971 1961 1008 os
1978 959 2302 1011 sanctorum
2333 959 2697 1015 eremitarum
2724 963 2955 1017 Patrum
2984 980 3100 1018 xxv.

1971 1049 2061 1104 43.
2093 1051 2159 1104 Et
2187 1049 2321 1106 inde
2349 1052 2608 1108 venimus
2657 1071 2761 1126 per
2796 1072 3053 1112 eremum
3086 1058 3158 1112 ad
3197 1059 3528 1130 speluncam

1898 1141 2050 1196 beati
2078 1143 2234 1197 Pauli
2253 1145 2510 1200 eremitaa
2534 1159 2578 1216 ο,
2604 1165 2732 1219 quae
2751 1154 2984 1204 vocatur
3008 1150 3364 1232 Siracumba,
3389 1153 3527 1224 quia

1898 1235 2022 1290 fons
2048 1236 2239 1307 ipsum
2279 1238 2464 1292 locum
2506 1239 2722 1312 irrigat.
2768 1243 2979 1298 Exinde
3015 1250 3323 1316 pergentes
3369 1245 3524 1302 veni-

1900 1345 2024 1383 mus
2051 1329 2123 1384 ad
2151 1335 2456 1386 cataractas
2478 1333 2606 1402 Nili,
2629 1334 2726 1388 ubi
2753 1336 3006 1390 ascendit
3031 1353 3178 1408 aqua
3201 1337 3275 1392 ad
3297 1338 3526 1410 signum

1895 1439 2096 1478 manus
2125 1424 2372 1478 hominis
2400 1425 2568 1496 facta,
2614 1431 2671 1481 et
2702 1428 2875 1483 habet
2901 1429 3110 1500 gradus
3147 1447 3244 1486 xu.
3275 1433 3350 1486 Ex
3378 1437 3526 1488 utra-

149 1509 216 1560 et
249 1505 329 1560 ad
355 1521 462 1561 Lxx
509 1508 732 1578 palmas
759 1513 816 1564 et
857 1510 927 1564 ad
966 1526 1042 1565 xu
1065 1510 1250 1566 fontes
1326 1515 1384 1566 et
1419 1511 1797 1584 applicuimus

144 1597 232 1653 ibi
282 1615 392 1670 per
433 1600 576 1656 duos
605 1602 744 1672 dies,
789 1603 1014 1676 fatigati
1043 1621 1148 1676 per
1188 1608 1411 1660 tantum
1455 1605 1712 1661 laborem
1740 1608 1797 1662 et
1897 1609 2202 1665 aadiﬁcasse
2229 1609 2426 1666 dicunt
2452 1611 2595 1666 ﬁlias
2626 1614 2646 1636 “
2669 1614 2830 1684 Loth,
2855 1617 2914 1669 et
2943 1632 3060 1670 una
3086 1633 3285 1671 earum
3317 1617 3525 1674 dicitur

145 1693 340 1748 eremi
358 1694 698 1750 vastitatem.
725 1697 785 1751 In
807 1713 922 1768 quo
949 1697 1070 1752 loco
1085 1702 1169 1752 est
1187 1699 1484 1754 castellum
1505 1699 1796 1755 modicum
1896 1703 2218 1774 Babylonia.
2265 1703 2402 1760 lude
2428 1705 2693 1760 venimus
2717 1723 2820 1778 per
2861 1724 3098 1780 campos
3139 1711 3356 1764 Taneos
3383 1714 3440 1766 et
3463 1711 3526 1766 in

142 1791 315 1863 quod
343 1796 576 1848 vocatur
602 1805 624 1834 ο
649 1792 984 1862 Surandela,
1015 1799 1071 1850 et
1099 1798 1182 1850 est
1206 1795 1358 1850 infra
1386 1796 1574 1868 ipsum
1601 1798 1796 1853 castel-
1814 1865 1863 1874 “
1893 1797 2167 1868 Memphis
2195 1797 2503 1862 civitatem,
2547 1804 2606 1854 et
2637 1799 2969 1870 Antinoum,
2997 1801 3058 1855 in
3103 1819 3218 1874 qua
3242 1802 3526 1860 residebat

141 1885 280 1940 lum
328 1885 567 1940 ecclesia
589 1903 722 1942 cum
760 1887 1118 1944 xenodochio
1147 1894 1382 1960 propter
1409 1865 1789 1946 transeuntes.
1814 1865 1870 1936 B
1893 1865 2107 1945 Pharao
2137 1907 2208 1946 ex
2245 1908 2362 1962 qua
2401 1896 2422 1936 f
2455 1891 2558 1946 filii
2589 1893 2756 1948 Israel
2785 1865 3068 1950 exierunt.
3117 1865 3177 1949 in
3221 1895 3358 1967 ipsis
3385 1896 3520 1952 locis

140 1977 289 2034 Inde
313 1981 557 2036 venimus
579 1980 656 2034 ad
677 1981 845 2034 locum
862 1981 958 2035 ubi
979 1983 1084 2049 ﬁlii
1097 1983 1266 2038 Israel
1285 1988 1621 2038 transeuntes
1647 2000 1796 2039 mare
1894 1988 2027 2038 sunt
2052 1985 2256 2040 horrea
2273 1986 2483 2067 Joseph
2503 2003 2580 2040 xu
2609 1987 2632 2008 ⁸
2657 1986 2846 2058 plena.

141 2073 403 2129 Rubrum
443 2076 834 2137 castrametati,
880 2078 931 2128 et
976 2075 1056 2129 ibi
1092 2075 1346 2130 similiter
1373 2077 1654 2132 castellum
1677 2092 1795 2131 cum
1964 2078 2050 2133 44.
2081 2079 2143 2132 In
2177 2079 2451 2150 Memphis
2476 2079 2586 2134 fuit
2609 2080 2890 2151 templum
2913 2081 3066 2152 quod
3093 2086 3179 2136 est
3207 2083 3382 2138 modo
3419 2100 3514 2138 ec-

137 2166 510 2230 .teenodochio,
538 2171 589 2222 et
615 2169 674 2221 in
703 2167 813 2222 loco
836 2183 939 2238 quo
965 2169 1212 2223 exierunt
1235 2169 1302 2223 de
1337 2172 1482 2224 mari
1523 2175 1600 2226 est
1621 2175 1795 2225 orato-
1893 2171 2080 2238 clesia,
2127 2172 2287 2244 cujus
2333 2188 2447 2226 una
2473 2177 2637 2245 porta
2679 2190 2736 2228 se
2779 2173 2976 2228 clausit
3003 2173 3024 2197 "
3051 2179 3182 2229 ante
3213 2176 3516 2232 Dominum

139 2263 303 2314 rium
328 2260 484 2316 Elite.
511 2261 580 2315 Et
608 2263 966 2316 transeuntes
991 2261 1251 2316 venimus
1277 2261 1339 2317 in
1368 2263 1561 2318 locum
1585 2263 1685 2318 ubi
1711 2264 1796 2318 in-
1892 2269 2174 2332 nostrum,
2197 2266 2424 2338 quando
2451 2267 2621 2322 beata
2639 2267 2806 2322 Maria
2822 2283 2950 2322 cum
2974 2267 3096 2339 ipso
3109 2267 3261 2341 fugit
3285 2269 3344 2324 in
3360 2272 3522 2343 Egy-

141 2357 456 2408 traverunt
506 2353 567 2408 in
611 2369 786 2423 mare,
817 2354 923 2409 ubi
958 2359 1043 2410 est
1087 2355 1398 2410 oratorium
1439 2356 1663 2427 Moysis.
1711 2356 1793 2412 lbi
1891 2362 2054 2430 ptum
2081 2376 2098 2427 ;
2133 2363 2191 2412 et
2222 2359 2409 2414 adhuc
2438 2377 2552 2414 non
2574 2365 2762 2432 potest
2781 2361 3012 2432 aperiri.
3049 2361 3127 2416 lbi
3145 2361 3388 2417 vidimus
3405 2365 3521 2435 pal-

137 2452 238 2502 est
265 2447 462 2501 civitas
486 2463 661 2518 parva
685 2463 813 2519 qua:
841 2449 1160 2520 appellatur
1180 2449 1406 2520 Clysma
1430 2464 1477 2517 d,
1498 2449 1593 2504 ubi
1613 2450 1684 2504 de
1709 2451 1792 2504 ln-
1891 2451 2031 2504 lium
2057 2452 2272 2529 lineum
2295 2452 2356 2506 in
2373 2469 2486 2524 quo
2513 2453 2704 2508 dicunt
2727 2453 2886 2507 illum
2910 2457 3167 2526 tempore
3187 2456 3209 2478 ‘
3230 2455 3327 2510 illo
3343 2459 3522 2510 trans-

137 2540 246 2596 dia
291 2557 464 2594 naves
493 2540 748 2596 veniunt.
779 2542 842 2594 In
880 2541 1004 2596 loco
1034 2541 1127 2595 ubi
1168 2542 1518 2596 transierunt
1546 2543 1566 2565 ⁴
1596 2542 1792 2614 fulgur

136 2633 270 2689 exit
295 2633 366 2688 de
394 2634 598 2706 pelago
627 2634 831 2704 majori
867 2637 923 2689 et
949 2634 1274 2690 extenditur
1299 2635 1358 2689 in
1393 2635 1588 2690 multis
1613 2635 1786 2690 milli-

135 2729 280 2795 bus,
315 2725 449 2798 quia
492 2743 750 2781 accessus
780 2731 836 2782 et
862 2743 1113 2782 recessus
1136 2744 1300 2799 aqua)
1332 2727 1592 2783 habetur.
1620 2729 1791 2784 Rece-

133 2822 326 2877 dente
354 2819 498 2874 mari
525 2825 764 2892 apparet
791 2820 974 2875 omnis
1025 2821 1339 2876 submersio
1366 2821 1697 2892 Pharaonis,
1731 2827 1788 2876 et

133 2913 349 2969 omnia
367 2930 528 2968 arma
557 2914 618 2968 in
650 2931 940 2969 marmora
978 2919 1194 2970 mutata
1218 2915 1508 2970 videntur.
1549 2915 1628 2970 lbi
1652 2915 1790 2970 acci-

133 3008 346 3080 pimus
391 3023 562 3062 nuces
587 3007 814 3077 virides,
847 3024 978 3079 quae
1019 3009 1088 3062 de
1121 3007 1276 3062 lndia
1304 3012 1600 3077 venerunt,
1651 3024 1789 3080 quas

134 3102 222 3156 de
249 3101 514 3173 paradiso
543 3101 783 3156 credunt
807 3101 1070 3156 homines
1089 3117 1206 3156 esse
1228 3118 1245 3170 ;
1278 3104 1336 3156 et
1363 3101 1463 3172 qui
1483 3117 1552 3156 ex
1581 3101 1671 3156 his
1691 3118 1788 3174 gu-

132 3195 388 3250 staverit
412 3193 433 3216 “
459 3199 712 3250 sanatur.

215 3289 311 3343 42.
335 3289 488 3342 Intus
513 3293 708 3342 autem
738 3287 798 3342 in
827 3288 950 3359 ipso
976 3289 1182 3360 pelago
1213 3287 1436 3342 modica
1461 3292 1545 3343 est
1581 3288 1782 3360 insula,

130 3384 202 3438 in
235 3398 354 3454 qua
379 3384 464 3436 est
489 3385 650 3453 petra
673 3381 820 3450 viva,
851 3381 946 3436 ubi
986 3382 1238 3453 pendent
1264 3383 1288 3405 ‘
1324 3381 1542 3451 molles,
1573 3387 1634 3436 ut
1665 3397 1783 3436 car-

129 3475 261 3544 uei,
288 3475 350 3529 in
377 3474 617 3530 modum
637 3475 1014 3546 dactylorum,
1035 3475 1136 3546 qui
1155 3475 1402 3530 fundunt
1427 3477 1787 3548 unguentum

127 3569 306 3643 quod
331 3569 526 3623 oleum
550 3568 840 3640 petrinum
860 3572 1085 3638 vocant,
1115 3569 1270 3640 quod
1288 3585 1394 3640 pro
1422 3569 1673 3624 maxima
1693 3569 1788 3624 be-

127 3661 477 3720 nedictione
503 3662 738 3717 tollitur.
758 3663 864 3716 Vas
889 3662 948 3716 in
965 3679 1078 3734 quo
1105 3664 1383 3734 portatur,
1413 3663 1460 3716 si
1481 3663 1785 3734 impletum

125 3756 342 3826 fuerit,
371 3759 428 3809 et
453 3755 698 3811 volueris
728 3756 1036 3811 rediterare
1053 3756 1123 3810 ad
1149 3755 1488 3826 tollendum,
1515 3756 1640 3828 jam
1668 3773 1784 3811 non

127 3866 282 3908 eum
309 3849 478 3920 capit.
510 3851 572 3904 In
601 3865 713 3920 quo
743 3850 863 3904 loco
884 3849 1328 3920 quanticumque
1348 3849 1550 3921 aegroti
1571 3850 1786 3922 pertin-

131 3961 286 4020 gere
308 3947 566 4015 possunt,
597 3943 620 3966 ⁵
644 3947 934 3998 sanantur.
963 3943 1142 4008 Quem
1177 3941 1496 4014 [liquorem]
1527 3943 1785 3998 tollentes

125 4055 255 4114 pro
266 4037 692 4105 benedictione,
705 4053 823 4093 non
837 4054 970 4092 eum
981 4036 1321 4109 permittunt
1331 4037 1539 4092 iterum
1552 4036 1783 4093 introire

1896 1533 2006 1588 que
2053 1520 2211 1588 parte
2251 1521 2662 1574 cataractarum
2701 1525 2834 1575 sunt
2884 1522 3013 1576 duae
3063 1523 3336 1590 civitates,
3385 1541 3524 1596 quas

1891 2545 2019 2611 isse,
2067 2550 2124 2600 et
2172 2545 2378 2600 idcirco
2416 2545 2494 2600 ibi
2539 2546 2660 2616 ejus
2707 2547 3052 2601 remansisse
3095 2547 3333 2620 vestigia
3388 2565 3518 2621 quas

1887 2638 2079 2709 imago
2110 2638 2189 2693 ibi
2229 2639 2468 2711 singulis
2493 2639 2841 2710 temporibus
2859 2640 3146 2710 adoratur,
3172 2645 3232 2696 et
3258 2657 3360 2696 nos
3382 2642 3515 2697 ado-

1888 2731 2136 2786 ravimus
2156 2733 2197 2800 ‘,
2227 2737 2283 2788 et
2309 2738 2547 2804 propter
2570 2733 2932 2804 splendorem
2978 2749 3094 2788 non
3125 2735 3419 2806 potuimus
3450 2736 3512 2790 in

1889 2841 2014 2880 eam
2039 2826 2353 2896 intendere,
2383 2827 2517 2898 quia
2532 2831 2814 2899 quantum
2836 2826 2896 2882 in
2913 2825 3096 2900 ipsam
3115 2827 3384 2899 intendis,
3413 2828 3519 2886 im-

1888 2923 2142 2974 mutatur
2170 2921 2226 2974 in
2254 2920 2426 2974 oculis
2454 2920 2585 2975 tuis.

1961 3014 2047 3068 45.
2079 3013 2499 3068 Descendentes
2524 3029 2626 3084 per
2645 3016 2972 3085 Egyptum,
3001 3014 3264 3070 venimus
3300 3016 3362 3070 in
3391 3015 3518 3071 civi-

1891 3109 2063 3160 tatem
2103 3107 2262 3177 Alepi
2293 3127 2348 3176 g,
2382 3107 2449 3161 ad
2487 3111 2744 3162 sanctum
2771 3109 3096 3164 Mennatum
3117 3109 3144 3150 ιι
3177 3108 3276 3180 qui
3307 3109 3515 3165 multas

1887 3199 2120 3254 virtutes
2147 3199 2226 3254 ibi
2245 3203 2533 3271 operatur.
2563 3201 2698 3255 Inde
2724 3217 2826 3272 per
2851 3207 3124 3272 stagnum
3157 3202 3512 3273 navigantes,

1879 3293 2282 3348 Alexandriam
2334 3293 2611 3348 venimus.
2645 3295 2703 3348 In
2733 3295 2855 3365 ipso
2893 3299 3096 3366 stagno
3122 3295 3234 3351 vidi
3265 3296 3518 3352 multitu-

1886 3385 2078 3440 dinem
2109 3386 2540 3440 crocodilorum.
2570 3387 2910 3442 Alexandria
2925 3387 3116 3443 civitas
3144 3392 3229 3442 est
3252 3390 3512 3458 pulchra,

1886 3480 2128 3550 populus
2155 3479 2314 3548 levis,
2339 3479 2436 3533 sed
2471 3482 2752 3534 amatores
2785 3480 3246 3551 peregrinorum,
3269 3481 3513 3538 haereses

1885 3572 2102 3627 multas.
2133 3572 2214 3626 lbi
2257 3575 2314 3626 et
2342 3571 2644 3643 requiescit
2673 3573 3030 3640 Athanasius,
3059 3573 3236 3642 ipsius
3275 3574 3513 3630 civitatis

1887 3665 2200 3737 episcopus,
2231 3665 2330 3736 qui
2378 3668 2578 3720 contra
2623 3665 2820 3720 Arium
2857 3666 3036 3738 ipsius
3075 3667 3316 3722 civitatis
3359 3684 3512 3738 pres-

1885 3759 2145 3830 byterum
2166 3759 2495 3813 haereticum
2526 3775 2630 3830 pro
2658 3759 2766 3814 ﬁde
2787 3759 2991 3814 Christi
3011 3759 3296 3827 certando,
3328 3761 3509 3815 multa

1883 3851 2132 3922 pericula
2179 3853 2381 3906 mortis
2437 3853 2734 3921 sustinuit,
2799 3853 3148 3924 temporibus
3199 3853 3510 3908 Constantii

1885 3945 2028 4015 [lilii]
2079 3945 2436 4016 imperatoris
2497 3945 2881 4014 Constantini,
2933 3947 3159 4000 Helena:
3213 3946 3337 4000 ﬁlii.
3393 3946 3509 4002 Ibi-

1885 4037 2018 4094 dem
2060 4039 2366 4111 requiescit
2395 4041 2622 4094 sanctus
2653 4039 2890 4094 Faustus
2921 4044 2978 4094 et
3007 4045 3234 4096 sanctus
3279 4039 3506 4112 Epima-

1883 4235 2161 4289 ferehant.
2208 4235 2334 4290 Mox
2380 4234 2536 4290 enim
2577 4251 2682 4306 per
2709 4251 2936 4306 campos
2961 4236 3178 4291 Taneos
3206 4236 3425 4292 venisse
3453 4252 3510 4292 se

1883 4307 2017 4361 dicit
2044 4307 2349 4378 Memphim
2378 4312 2434 4378 et
2457 4306 2795 4378 Antinoum:
2825 4307 2981 4377 atqui
3001 4307 3126 4378 jam
3148 4307 3204 4362 in
3229 4309 3512 4378 Ethiopia

1884 4381 1982 4432 aut
2003 4377 2200 4430 saltem
2243 4377 2516 4448 superiori
2547 4379 2785 4448 [Egypto
2814 4377 3060 4445 eramus,
3089 4378 3242 4432 unde
3279 4377 3506 4433 descen-

220 4247 245 4274 ιι
277 4233 577 4289 Condoma
603 4233 826 4288 videtur
852 4233 942 4288 hic
969 4232 1134 4287 scribi
1151 4249 1265 4303 pro
1297 4231 1553 4287 Familia.

217 4316 248 4356 ιι
278 4315 378 4369 llic
397 4315 604 4369 iterum
630 4315 755 4369 loca
781 4313 1224 4386 disparatissima
1246 4313 1598 4386 conjungere
1619 4313 1781 4367 vide-

133 4395 244 4443 tur
269 4389 507 4440 auctor:
541 4385 782 4459 necdum
803 4384 966 4459 enim
996 4390 1330 4459 pervenerat
1355 4384 1430 4437 ad
1461 4385 1622 4451 Elim,
1649 4401 1780 4459 sex-
1884 4384 1982 4459 aut
2000 4384 2200 4459 ﬁaltem
2243 4384 2785 4459 superiori/Egyth
2814 4394 3060 4459 eramus,
3089 4384 3242 4459 unde
3279 4384 3474 4459 descen

127 4469 269 4515 tam
313 4459 616 4512 stationem
651 4449 1050 4536 Israelitarum,
1079 4456 1178 4536 ubi
1209 4459 1374 4510 erant
1421 4471 1525 4536 1_.xx
1571 4449 1782 4536 palme
1883 4449 2038 4528 denti
2067 4449 2401 4536 οίξοιλιῪίεεςξ
2427 4449 2886 4536 Αίηξὶξιρηυξδκῒιιηο
2925 4449 3219 4519 Memphis.
3253 4465 3317 4502 ac
3347 4449 3506 4503 deni-

131 4535 205 4586 et
254 4545 332 4582 xu
363 4529 566 4592 fontes,
597 4533 662 4582 ut
699 4527 905 4582 dicitur
947 4519 1124 4582 Exodi
1151 4543 1240 4594 xv,
1273 4543 1403 4598 cum
1429 4519 1684 4598 loquitur
1711 4526 1782 4581 de
1882 4536 1993 4590 que
2021 4519 2077 4572 in
2115 4519 2308 4572 inﬁma
2337 4521 2573 4589 (Egypt)
2602 4519 2781 4571 Tanis.

127 4599 408 4688 ._\Iagd‘alo
455 4602 514 4654 et
551 4599 774 4688 socoth,
794 4598 1040 4688 Aurbi‘bus
1064 4597 1406 4688 :EgAyptitad
1435 4596 1778 4688 qlias__iid'em

1894 4680 1896 4688 Ι
1995 4606 2311 4688 Pharaones
2347 4605 2570 4688 [Egyphti
2619 4622 2780 4688 reges
2806 4606 3052 4676 Memphi
3090 4607 3508 4688 autnBabylone

129 4669 416 4748 lsraelitze
442 4669 817 4725 constiterunt
842 4669 1154 4742 antequam
1167 4669 1470 4725 transirent
1491 4683 1645 4722 mare
1676 4669 1782 4723 Ru—
1801 4669 1842 4672 ⁷
1883 4677 2228 4745 habitabant,
2259 4669 2970 4748 longeviﬁfra_Aﬁtinoum:
2992 4693 3164 4747 quam
3195 4669 3510 4733 Hadrianus

127 4746 340 4800 brum.
1416 4819 1423 4820 ί
1596 4819 1599 4820 ν
1881 4750 2188 4820 imperator
2213 4745 2526 4820 aediﬁcavit.
2561 4745 2685 4800 Filii
2721 4752 2918 4820 autem
2950 4745 3112 4802 Israel
3140 4749 3511 4820 egressisunt

217 4835 242 4862 ο
276 4823 545 4878 Novimus
569 4821 648 4876 ibi
675 4821 963 4900 desertum
987 4822 1114 4889 Sur,
1141 4821 1238 4876 sed
1257 4819 1553 4900 castellum
1580 4819 1785 4874 Suran-
1882 4817 2042 4900 d_e'ea
2069 4836 2207 4900 qua:
2256 4819 2362 4900 sibi
2404 4834 2667 4900 concessa
2711 4817 2896 4872 fuerat
2923 4823 3076 4872 terra
3104 4817 3329 4876 GeSsen.
3361 4819 3510 4875 inter

129 4896 280 4953 dela
312 4893 504 4948 nescio
534 4893 688 4948 unde
716 4893 806 4948 hic
831 4893 1072 4964 scriptor
1102 4891 1400 4964 acceperit.
1883 4893 2186 4962 .Egyptum
2217 4893 2274 4944 et
2299 4891 2539 4961 Syriam.

220 4975 506 5051 dAClysma
541 4973 885 5051 prasidiuin
933 4973 1158 5051 ASgypti
1209 4973 1282 5027 ad
1326 4987 1482 5026 mare
1527 4971 1784 5051 Rubrum
1885 4983 1982 5051 ωε
2013 4970 2369 5051 Quoiterum
2419 4969 2724 5051 rapimur?
2760 4967 3022 5051 Alepiim,
3069 4968 3314 5051 antiquis
3361 4970 3508 5051 dicta

129 5039 458 5106 Ptolomaeo
474 5039 682 5100 est-hoc
707 5045 930 5098 circiter
949 5039 1112 5099 loco":
1146 5059 1320 5115 quare
1340 5043 1556 5098 correxi
1573 5059 1785 5115 nomen
1885 5041 2212 5112 Hierapolis,
2255 5041 2388 5115 urbs
2433 5041 2605 5115 δέη-ίῳ
2647 5045 2702 5115 et
2739 5039 2966 5115 quidem
2995 5040 3169 5115 _regia
3198 5043 3282 5115 est
3313 5057 3326 5115 ς
3378 5041 3509 5096 hinc

128 5124 204 5176 in
227 5135 340 5174 Ins.
367 5119 601 5171 Tornac.
633 5131 966 5187 expressum
997 5115 1090 5169 hic
1129 5107 1188 5168 et
1215 5115 1362 5169 infra
1391 5116 1594 5185 Disma,
1629 5114 1786 5185 quod
1885 5131 2015 5191 vero
2031 5107 2638 5191 Alexandriamﬁjjrign
2653 5111 2700 5180 ej
2712 5107 2906 5164 usdcni
2924 5107 3125 5191 urbem
3138 5111 3507 5191 maritimam,

1885 5185 2011 5251 iter,
2041 5183 2138 5239 sed
2168 5187 2432 5238 terrestre
2457 5189 2558 5250 est,
2590 5183 2880 5236 leucarum
2921 5183 3142 5236 circiter
3173 5199 3324 5237 xvui.
3356 5185 3509 5238 Hanc

1885 5272 2016 5310 vero
2044 5260 2233 5310 uoster
2248 5255 2419 5308 homo
2439 5253 2732 5326 confundit
2753 5269 2882 5326 cum
2905 5253 3508 5326 AlexandriaAEgypti,

1884 5331 2106 5382 tantum
2133 5326 2323 5380 dissita
2341 5329 2554 5396 quanta
2573 5330 2658 5378 est
2681 5323 2917 5378 latitudo
2944 5323 3114 5378 totius
3141 5325 3314 5396 Syriae
3342 5323 3511 5398 atque

1886 5398 2129 5468 Egypti.

1958 5477 1984 5516 ¹³
2013 5477 2244 5534 Sanctus
2290 5478 2474 5531 Menas
2504 5481 2736 5546 martyr,
2767 5475 2864 5546 qui
2910 5475 3112 5530 colitur
3156 5480 3210 5530 Η
3271 5478 3508 5531 Novem-

1884 5548 2020 5614 bris,
2051 5549 2346 5620 ngyptius
2396 5547 2627 5620 quidem
2667 5548 2849 5620 patria
2882 5547 3017 5620 fuit,
3045 5547 3140 5601 sed
3167 5548 3422 5620 Cothyasi
3450 5548 3508 5600 in

1884 5618 2140 5700 Phrygia;
2161 5618 2382 5700 passus.
2415 5618 2590 5700 Alius.
2614 5634 2745 5700 vero
2797 5619 2965 5700 li‘ujus
2994 5619 3246 5672 nomtnis
3273 5623 3507 5700 martyr,

1883 5688 2238 5744 Alexandrim
2287 5691 2346 5742 in
2395 5692 2634 5760 Egyp‘to
2671 5690 2992 5754 decollatus,
3033 5705 3164 5760 cum
3191 5688 3353 5760 sociis
3383 5689 3510 5760 lier-

1883 5777 2124 5829 mogene
2154 5766 2211 5814 et
2237 5756 2562 5831 Eugraph'o',
2589 5761 2918 5830 corporibus
2949 5759 3094 5831 mari
3118 5759 3334 5831 mersis,
3380 5757 3510 5831 alla-

1883 5827 2458 5904 tus—estWByzantium}
2487 5832 2678 5904 ibique
2691 5827 3134 5887 celeberrimum
3161 5828 3377 5882 cultum
3404 5827 3505 5881 ha-

1882 5901 1978 5959 bet
2001 5905 2066 5959 10
2083 5901 2422 5958 Decembris.
2584 5901 2604 5904 ⁷
2785 5925 2798 5934 ·

128 5205 440 5261 nusquam
469 5192 572 5242 est.

220 5281 245 5308 α
273 5269 618 5341 Speluncam
664 5267 845 5341 sancti
870 5267 1028 5322 Pauli
1057 5266 1131 5341 ad
1160 5267 1228 5321 28
1261 5265 1502 5341 gradum
1533 5265 1782 5341 altitudi-

129 5343 237 5400 nis
270 5336 505 5394 collocat
564 5339 884 5393 Rosweidus
922 5353 952 5391 e
990 5337 1226 5408 regione
1255 5336 1518 5408 Antinoi:
1569 5336 1643 5408 ab
1680 5337 1784 5392 hac

129 5428 335 5484 usque
362 5411 435 5466 ad
477 5409 581 5464 Nili
624 5414 952 5484 cataractas,
981 5409 1041 5462 in
1068 5407 1480 5484 Ethiopiasub
1513 5407 1692 5478 gradu
1715 5411 1784 5465 22

134 5478 310 5550 sitas,
341 5498 484 5552 opus
513 5485 598 5536 est
621 5480 826 5552 itinere
870 5481 1157 5552 leucarum
1205 5483 1270 5531 ut
1298 5478 1736 5552 minimuurcxx
1764 5497 1781 5548 ;

135 5557 242 5614 hic
271 5549 409 5608 vero
439 5552 677 5623 scriptor
702 5551 775 5606 ad
806 5550 1154 5623 Babylonem
1197 5564 1290 5602 eas
1332 5549 1585 5623 collocat,
1613 5549 1784 5619 longe

136 5627 304 5686 infra
357 5618 674 5677 Antinoum
723 5621 896 5678 leucis
926 5618 1165 5674 circiter
1191 5634 1302 5686 XL;
1343 5618 1546 5673 deinde
1583 5618 1786 5674 caetera

136 5696 346 5756 omnia
372 5695 493 5748 loca
514 5693 739 5764 Egypti
761 5709 897 5764 quae
915 5691 1183 5764 nominat
1193 5689 1271 5744 sic
1284 5689 1606 5764 permiscet,
1629 5691 1786 5745 nullo

137 5771 372 5828 servato
395 5764 538 5820 situs
560 5760 762 5818 eorum
775 5760 1001 5830 ordine,
1016 5767 1079 5816 ut
1091 5763 1288 5888 palam
1301 5760 1471 5815 faciat
1479 5762 1786 5840 Egyptum

141 5851 454 5888 mmauam
475 5853 510 5888 a
529 5851 586 5888 se
612 5839 1004 5888 conspectam:
1027 5850 1088 5888 se
1148 5831 1442 5887 civitatum
1469 5847 1703 5886 nomina
1725 5832 1785 5887 in

139 5851 454 5910 nunquam
475 5853 510 5889 a
529 5851 586 5912 se
612 5839 973 5912 conspectam
987 5834 1130 5912 _;_sed
1148 5834 1442 5912 civitatum
1469 5834 1703 5912 nomina
1725 5834 1785 5912 ip

141 5903 415 5969 chartam
442 5905 718 5976 coniecta,
751 5903 922 5977 prout
951 5904 1086 5960 alibi
1115 5903 1261 5960 lecta
1289 5920 1348 5958 se
1380 5903 1671 5960 memoria:
1697 5903 1783 5958 of-
