4022 6404
164 378 271 431 917

1110 375 1419 431 FLORIANI
1462 376 1775 432 EPISTULA
1815 379 1900 432 Al)
1938 379 2242 434 S.\.NCTUM
2280 378 2615 433 NlCli'l'lt'fil.

3445 378 3544 432 918

172 483 350 552 vicos,
383 482 562 553 villas,
592 483 677 537 vel
704 482 970 537 civitates.
1007 482 1243 553 Fatigati
1275 499 1343 537 ex
1370 488 1485 537 tam
1523 484 1692 554 longe
1721 484 1810 538 iti-
1837 497 1893 569 Α
1915 484 2063 551 fecit,
2093 486 2177 539 vel
2206 503 2331 556 qua:
2377 490 2507 540 ante
2546 494 2770 558 tempus
2798 484 3200 540 incarnationis
3246 503 3359 540 suae
3406 486 3542 542 olim

165 593 311 632 nere
342 576 619 648 coepimus
649 576 758 631 iter
784 592 1013 647 carpere
1041 580 1395 630 transeuntes
1432 592 1605 645 mare,
1635 583 1691 632 et
1718 593 1809 632 ve—

166 671 366 725 nimus
394 671 456 725 in
501 672 741 739 Italiam,
771 671 1071 741 adjuvante
1117 670 1356 724 Domino
1395 671 1525 723 Jesu
1569 670 1809 741 Christo,

162 782 281 838 pro
313 765 477 837 cujus
503 781 700 819 amore
726 764 794 819 ab
808 765 913 819 hoc
930 765 1053 819 loco
1069 764 1274 836 egressi
1302 763 1814 835 pervidereivimus

164 864 336 914 tanta
354 860 480 930 ejus
496 858 780 914 mirabilia
803 875 931 931 quae
956 859 1078 930 ipse
1104 858 1255 913 inter
1270 858 1531 913 homines
1555 859 1814 913 habitans

1912 595 2015 649 per
2042 580 2393 650 patriarchas
2419 587 2474 634 et
2507 581 2809 651 prophetas
2837 598 2965 634 suos
2993 581 3200 634 fecerat
3226 598 3241 649 ;
3273 581 3541 651 viventes,

1912 679 2163 740 ovantes,
2193 673 2453 727 venimus
2477 675 2817 728 Placentiam
2844 674 3122 728 civitatem
3147 678 3415 741 nostram,
3448 692 3544 746 po-

1912 766 2075 820 sitam
2103 784 2273 837 super
2298 767 2532 823 tluvium
2555 768 2651 839 qui
2674 768 2878 823 dicitur
2910 767 3127 839 [Padus]
3157 768 3301 822 infra
3320 769 3438 838 jam
3463 767 3541 823 di-

1912 863 2059 914 ctam
2092 861 2321 915 Italiam.

1150 1202 2609 1435 FLORIANUS,
2783 1084 2788 1090 ’

719 1496 1213 1623 ABBAS
1313 1494 1919 1621 ROMANI
2015 1495 3016 1624 MONASTERII.

596 1887 1181 1991 FLORIANI,
1282 1887 1719 1972 ROMANI
1818 1887 2510 1972 MONASTERII
2611 1889 3157 2003 ABBATIS,‘

1082 2055 1480 2188 EPISTOLA
1562 2059 1670 2187 All
1752 2058 2132 2187 SANCTUM
2216 2018 2639 2188 Nltll'llllll.

248 2404 495 2460 Domino
530 2421 633 2460 suo
662 2406 871 2462 Nicetio
899 2424 1079 2478 papae,
1114 2406 1403 2463 Florianus
1432 2424 1501 2463 ex
1528 2410 1813 2463 monaste-
1836 2444 1893 2517 Β
1917 2424 2020 2478 pro
2044 2409 2182 2463 ﬁlio.
2211 2408 2317 2462 Sed
2348 2413 2403 2462 et
2428 2424 2649 2462 coronas
2666 2412 2864 2462 vestrm
2884 2406 3099 2462 socium
3125 2406 3302 2461 beatae
3326 2422 3545 2461 memo-

290 2497 796 2517 ns,,,s,r....
1008 2501 1023 2517 τ
1951 2502 2207 2517 ...
2404 2502 2439 2517 η
2593 2502 2604 2513 .

168 2498 260 2551 rio
290 2499 553 2554 Romano
589 2497 723 2572 [Al.,
757 2501 1050 2574 Remano].

249 2592 618 2648 Benedicitur
661 2611 775 2647 una
816 2595 1074 2661 Trinitas,
1126 2595 1270 2647 Deus
1317 2601 1530 2660 noster,
1574 2596 1672 2666 qui
1721 2612 1816 2649 vos

166 2684 603 2757 pontificalibus
626 2687 842 2741 meritis
872 2688 1183 2757 pontilicali
1211 2688 1411 2742 locavit
1432 2689 1491 2742 in
1512 2688 1735 2757 vertice,
1757 2693 1819 2743 ut

168 2795 295 2831 non
337 2779 666 2834 beatitatem
708 2781 972 2851 dignitas,
1006 2782 1103 2835 sed
1148 2782 1432 2836 beatitudo
1474 2782 1819 2852 praecederet

167 2872 540 2943 dignitatem.
572 2874 680 2927 Nec
706 2874 994 2928 immerito
1024 2891 1035 2928 :
1069 2890 1198 2928 cum
1231 2875 1299 2928 ab
1320 2874 1551 2929 ineunte
1578 2875 1818 2946 pueritia

167 2965 483 3020 dominicis
533 2967 860 3021 militaveris
903 2968 963 3022 in
1014 2969 1226 3032 castris,
1261 2974 1323 3023 ut
1366 2969 1501 3023 illuc
1540 2968 1717 3023 tutius
1763 2972 1818 3021 et

166 3059 423 3113 validius
475 3060 752 3127 discretis,
804 3061 1009 3131 quibus
1048 3061 1250 3131 jaculis
1301 3061 1672 3132 intelligibilis
1722 3061 1813 3115 ille

167 3154 566 3225 prosternitur
606 3155 891 3223 Amalech,
925 3155 1133 3209 scilicet
1156 3156 1383 3227 quando
1410 3160 1465 3209 et
1491 3155 1609 3225 ipse
1639 3155 1821 3208 vietor

168 3265 237 3301 es
292 3247 549 3302 nomine.
582 3249 670 3302 Sic
711 3248 862 3301 enim
908 3249 1039 3302 estis
1080 3250 1188 3303 Deo
1218 3249 1458 3319 przrsule
1505 3248 1559 3301 in
1597 3248 1818 3302 statutis

167 3340 585 3396 ccenobialibus
605 3341 830 3407 eruditi,
859 3346 918 3395 ut
941 3358 1044 3412 per
1062 3359 1215 3396 mare
1238 3341 1427 3395 szceuli
1453 3340 1569 3395 sine
1592 3340 1820 3394 sascula-

169 3436 344 3489 ribus
386 3434 649 3488 fluctibus
692 3434 963 3489 inoffenso
999 3435 1234 3506 vestigio
1268 3433 1604 3500 transiretis,
1634 3439 1690 3488 et
1716 3433 1815 3487 tri-

166 3528 522 3599 umphalem
571 3528 848 3598 hymnum
890 3545 1020 3582 cum
1062 3530 1243 3599 Moyse
1280 3529 1482 3581 merito
1514 3527 1815 3580 concinen-

168 3630 299 3677 tes:
334 3624 617 3679 Cantemus
648 3623 1130 3691 Domz'no,gloriose
1151 3624 1287 3676 enim
1317 3624 1689 3690 honon'ﬁcatus
1707 3625 1816 3682 est;

168 3732 382 3786 equum
406 3720 458 3769 et
481 3731 810 3770 ascensorem
848 3715 1071 3785 projecit
1100 3719 1155 3769 in
1185 3732 1349 3769 mare.
1381 3716 1469 3768 Sic
1498 3714 1820 3768 individuus

1918 2503 2015 2556 rise
2056 2502 2356 2556 dominum
2401 2502 2711 2556 Caesarium
2765 2502 3145 2555 Arelatensem
3194 2500 3544 2571 episc0pum,

1916 2595 2015 2667 qui
2053 2595 2191 2649 vixit
2229 2595 2379 2649 inter
2418 2596 2685 2650 barbaros
2726 2595 2875 2666 pius,
2919 2594 3069 2650 inter
3105 2594 3254 2648 bella
3293 2597 3543 2665 pacatus,

1916 2694 2075 2760 pater
2099 2690 2505 2760 orphanorum,
2552 2692 2743 2759 pastor
2767 2688 3077 2759 egentium,
3117 2687 3215 2758 qui
3245 2686 3386 2740 tanti
3411 2702 3544 2740 cen-

1918 2799 2011 2836 sus
2036 2783 2303 2837 effusione
2325 2783 2405 2836 nil
2429 2782 2694 2853 perdidit,
2715 2781 2987 2836 catholice
3014 2780 3270 2851 regulam
3295 2778 3543 2850 discipli-

1922 2893 2009 2929 nze
2054 2876 2215 2931 dictis
2256 2877 2527 2947 factisque
2567 2876 2979 2929 demonstrans.
3030 2875 3147 2944 Ipse
3200 2873 3376 2945 igitur
3403 2871 3546 2926 mihi

1919 2970 2127 3024 Latinis
2157 2970 2449 3024 elementis
2475 2969 2741 3039 imposuit
2767 2968 3153 3039 alphabetum,
3186 2967 3282 3021 sed
3312 2971 3367 3020 et
3394 2966 3547 3019 hunc

1920 3081 2022 3135 pro
2041 3064 2257 3117 famqu
2276 3062 2665 3132 discipuloque
2692 3073 2792 3115 suo
2808 3062 3115 3132 impetrare
3131 3058 3369 3114 conﬁdo.
3389 3058 3547 3119 Addo

1920 3158 2173 3225 tertium,
2192 3156 2467 3226 imparem
2490 3156 2721 3227 quidem
2737 3155 3033 3226 dignitate,
3054 3154 3151 3207 sed
3178 3153 3395 3208 meritis
3411 3169 3550 3207 coae-

1919 3250 2143 3321 qualem
2166 3255 2369 3302 sancta:
2385 3248 3034 3302 memoriae'l‘heodatum
3052 3247 3310 3302 abbatem
3332 3263 3546 3312 meum,

1919 3347 1973 3398 et
2002 3342 2520 3403 archimandritam,
2553 3341 2743 3395 seaculi
2774 3342 2943 3411 hujus
2972 3340 3286 3408 inimicum,
3315 3341 3404 3394 cui
3428 3356 3551 3394 cru-

1919 3436 2110 3490 ciﬁxus
2141 3440 2221 3489 est
2250 3434 2516 3496 mundus,
2559 3434 2835 3503 templum
2862 3450 2989 3488 vere
3017 3433 3414 3504 dignissimum
3435 3434 3552 3487 Tri-

1920 3529 2126 3595 nitatis,
2156 3529 2390 3598 plenum
2410 3526 2739 3581 reverentim
2767 3525 3217 3593 Christianitatis,
3241 3543 3308 3579 ex
3330 3525 3550 3596 placida

1917 3622 2164 3676 bonitate
2196 3621 2578 3687 mitissimum,
2620 3620 2853 3690 jejuniis
2880 3619 3234 3689 castigatum,
3276 3619 3545 3673 orationi-

1919 3716 2024 3769 bus
2052 3715 2344 3779 refectum,
2375 3713 2618 3784 puritate
2654 3712 3111 3779 mundissimum,
3144 3713 3244 3782 qui
3283 3712 3425 3765 mihi
3456 3728 3547 3766 sa-

169 3826 376 3865 comes
432 3808 585 3878 Elim,
632 3814 695 3862 ut
729 3825 1091 3879 nequaquam
1140 3809 1403 3862 deserens
1447 3808 1664 3872 altiora,
1708 3805 1895 3879 quoC
1921 3825 2042 3861 cras
2069 3807 2327 3877 exposuit
2353 3806 2687 3876 Scripturas,
2716 3807 2773 3857 et
2809 3804 2975 3859 ﬂores
3016 3809 3226 3858 teneras
3260 3805 3548 3875 lanuginis

171 3902 510 3959 humilitate
536 3903 960 3967 conscenderas,
985 3902 1132 3956 unde
1153 3918 1280 3955 cum
1304 3902 1565 3971 apostolis
1581 3901 1640 3954 in
1666 3916 1824 3953 mon-

168 4007 302 4055 tem
352 3996 732 4066 gloriﬁcatum
775 3996 1055 4067 aspiceres
1095 3994 1399 4049 Dominum
1454 3994 1816 4049 Salvatorem.

173 4091 335 4155 Quia
362 4090 539 4158 igitur
566 4094 737 4143 tantm
768 4089 1153 4143 sanctimoniae
1190 4091 1390 4142 vestrae
1433 4087 1822 4158 praerogativae

170 4185 463 4251 suffultat,
500 4200 691 4254 qureso
724 4189 784 4237 ut
820 4199 922 4253 pro
959 4198 1070 4249 me,
1118 4182 1214 4252 qui
1258 4180 1601 4251 impetrastis
1629 4180 1818 4235 oretis.

170 4277 471 4344 Quoniam
530 4277 676 4330 Deus
748 4276 1014 4347 prasscius
1098 4276 1464 4340 futurorum,
1522 4274 1622 4343 qui
1691 4273 1822 4328 fecit

172 4387 321 4444 rpim
378 4375 618 4424 ventura
666 4375 826 4436 sunt,
889 4370 1069 4423 sciens
1118 4384 1209 4421 me
1254 4373 1577 4423 sanctorum
1628 4366 1821 4420 solatio

170 4465 449 4535 indigere
500 4464 776 4533 vivorum,
825 4469 886 4517 ut
934 4464 1114 4517 bonus
1166 4461 1436 4516 Dominus
1485 4460 1824 4532 praeparavit

168 4558 424 4614 auxilia.

255 4652 400 4706 Vide
419 4667 555 4721 ergo
578 4650 807 4721 quantis
831 4650 1182 4720 adjutoribus
1209 4649 1403 4717 uteris,
1435 4664 1564 4703 cum
1597 4664 1700 4718 pro
1729 4663 1823 4702 me

170 4746 426 4817 coeperis
441 4746 734 4799 obsecrare
754 4751 962 4799 sanctas
988 4744 1277 4797 memoriae
1306 4742 1601 4796 dominum
1629 4743 1819 4795 Enno-

172 4843 352 4914 dium
406 4839 729 4909 pontificem
774 4837 1082 4892 Ticinensis
1119 4836 1395 4901 Ecclesiae,
1424 4836 1521 4907 qui
1561 4834 1823 4905 generosi

173 4932 490 5003 sanguinis
534 4931 887 4986 nobilitatem
929 4931 1247 4985 humilitate
1293 4929 1564 5000 praevexit
1591 4928 1662 4981 ad
1702 4929 1822 4998 glo-

171 5030 359 5087 riam.
381 5029 445 5078 ut
473 5026 528 5079 in
560 5024 795 5078 caelestis
833 5023 1030 5095 patria?
1060 5029 1257 5077 senatu
1285 5024 1445 5077 fieret
1468 5027 1523 5076 et
1553 5021 1629 5075 ibi
1658 5037 1822 5075 sena-

175 5130 300 5187 tor,
332 5120 492 5189 cujus
522 5117 1021 5188 incomparabilem
1047 5116 1316 5170 doctrinae
1356 5115 1677 5170 facundiam
1708 5130 1825 5168 non

1921 3902 2040 3972 ipse
2070 3900 2313 3971 suscepit
2339 3918 2354 3967 ;
2389 3900 2487 3970 qui
2514 3916 2617 3969 pro
2648 3898 2761 3951 ﬁlio
2789 3903 2845 3952 et
2881 3898 3171 3968 discipulo,
3209 3914 3549 3952 successore-

1922 4011 2032 4065 que
2060 4012 2180 4063 suo,
2208 3993 2338 4048 licet
2360 3993 2616 4063 indigno,
2638 4009 2752 4046 non
2769 3992 2996 4062 ambigo
3024 3992 3173 4062 quod
3200 3992 3319 4045 laus
3351 3992 3551 4061 [Forte,

1922 4087 2102 4159 lectus]
2136 4092 2347 4141 exoret.
2384 4086 2623 4140 Vincunt
2650 4102 2806 4155 ergo,
2838 4085 3073 4138 Domine
3104 4085 3202 4153 mi,
3235 4085 3377 4140 tanti
3414 4085 3551 4156 justi

1922 4180 2237 4236 orationem
2258 4184 2639 4251 peccatorum.
2678 4180 2856 4250 Igitur
2883 4178 3016 4249 quia
3041 4180 3389 4233 conversatio
3426 4196 3549 4234 ves-

1924 4278 2009 4328 tra
2034 4274 2093 4327 in
2122 4273 2275 4327 cmlis
2303 4278 2405 4337 est,
2450 4273 2593 4327 sicut
2617 4272 2751 4326 dicit
2779 4272 3074 4342 Apostolus
3105 4291 3119 4326 :
3158 4275 3349 4329 Vestra
3374 4279 3551 4329 autem

1922 4370 2253 4422 conversatio
2279 4370 2337 4420 in
2363 4368 2504 4421 caelis
2525 4371 2620 4428 est,
2640 4356 2797 4419 orate
2818 4382 2948 4419 cum
2968 4366 3075 4432 his,
3105 4371 3161 4419 et
3183 4372 3373 4436 rogate
3393 4367 3553 4421 illum
3590 4394 3605 4415 .

1922 4477 2117 4515 meum
2143 4460 2579 4514 sacratissimum
2606 4459 2977 4512 confessorem
3007 4458 3390 4526 Ambrosium,
3418 4477 3553 4529 qua-

1922 4560 2087 4609 tenus
2115 4570 2207 4607 me
2259 4558 2319 4607 ut
2353 4552 2696 4623 peculiarem
2733 4552 3015 4605 famulum
3044 4555 3292 4620 tueatur,
3324 4557 3389 4606 ut
3412 4570 3548 4624 pro-

1923 4648 2111 4719 prium
2142 4646 2319 4701 civem
2357 4646 2557 4710 foveat,
2589 4650 2651 4699 ut
2676 4644 3009 4698 familiarem
3030 4645 3324 4699 alumnum
3354 4653 3548 4701 eruat:

1924 4740 2021 4812 qui
2051 4741 2200 4812 apud
2235 4739 2533 4793 Dominum
2560 4740 2749 4793 Jesum
2793 4738 2943 4809 quod
2983 4738 3226 4792 oraverit
3277 4740 3548 4794 exorabit.

1923 4835 2195 4899 Quocirca
2220 4833 2569 4887 salutationis
2592 4831 2926 4902 obsequium
2956 4831 3298 4885 famulanter
3332 4832 3550 4887 insinu-

1924 4946 2044 4997 ans,
2076 4944 2278 4999 precor
2302 4932 2365 4981 ut
2392 4944 2495 4998 pro
2518 4927 2838 4981 beatissimo
2867 4925 3006 4991 viro,
3041 4925 3268 4979 domino
3290 4942 3416 4979 meo
3444 4929 3549 4981 Da-

1924 5022 2004 5076 tio
2036 5021 2300 5093 episcopo
2327 5012 2498 5074 fratre
2526 5024 2727 5088 vestro,
2747 5036 2970 5090 semper
2995 5019 3184 5074 oretis.
3208 5020 3448 5090 Equum
3470 5024 3556 5075 est

1927 5116 2078 5169 enim
2125 5118 2191 5169 ut
2218 5132 2321 5185 pro
2350 5132 2435 5184 eo,
2470 5130 2640 5185 quem
2692 5113 3020 5167 monasterii
3066 5117 3221 5183 septa
3260 5120 3557 5169 sacrarunt

174 5216 378 5271 solum
408 5217 644 5266 testatur
668 5211 955 5277 Occidens,
985 5211 1080 5264 sed
1109 5214 1165 5264 et
1204 5210 1403 5264 Oriens
1428 5210 1702 5263 instructa
1723 5175 1905 5261 mi-D
1928 5224 2326 5276 successorem,
2357 5207 2527 5262 etiam
2563 5207 2947 5262 confessorum
2974 5223 3263 5261 successor
3293 5208 3557 5279 egregius

174 5313 373 5366 ratur.
402 5305 640 5359 Nestorii
691 5304 926 5372 fulmen,
960 5302 1224 5372 Eutychis
1261 5302 1588 5370 exstinctor,
1621 5300 1826 5372 glorio-

176 5418 314 5457 sam
353 5399 644 5453 dominam
671 5413 856 5451 meam
882 5396 1378 5465 inviolabilemque
1405 5395 1630 5450 Mariam
1660 5393 1825 5449 Chri-

176 5500 449 5553 stotocon
478 5497 533 5546 et
560 5491 899 5556 Theotocon,
924 5489 1231 5560 apostolica
1257 5488 1591 5542 auctoritate
1618 5488 1825 5558 perdo-

179 5590 331 5646 cuit.
376 5589 500 5657 Ipse
538 5602 676 5657 ergo
726 5600 887 5639 meus
932 5589 1012 5637 est
1062 5586 1222 5652 pater
1264 5598 1333 5635 ex
1374 5582 1617 5649 lavacro,
1658 5596 1830 5651 quem

178 5684 364 5739 credo
392 5680 547 5752 apud
572 5684 850 5733 aeternum
893 5678 1111 5731 Patrem
1136 5692 1238 5747 per
1258 5675 1462 5729 Filium
1489 5674 1828 5728 intervenire

1926 5302 2243 5368 beatorum,
2259 5318 2491 5355 exorare
2512 5318 2624 5355 non
2642 5302 2880 5355 desinas.
2911 5302 2976 5355 Et
3002 5302 3106 5355 hoc
3132 5302 3177 5354 si
3198 5300 3435 5372 dignum
3459 5302 3560 5355 du-

1929 5396 2050 5450 citis
2070 5395 2451 5467 supplicamus
2468 5400 2532 5449 ut
2551 5394 2919 5449 Beatitudinis
2936 5399 3134 5449 vestrae
3156 5395 3406 5466 sospitati
3428 5411 3557 5466 par-

1928 5489 2159 5544 vitatem
2188 5493 2437 5543 nostram
2464 5487 2696 5553 faciatis,
2724 5488 2867 5541 sient
2887 5489 3154 5559 petimus,
3179 5504 3554 5542 successorem

1930 5584 2123 5653 [Βονιά
2154 5580 2494 5653 certiorem].
