4022 6436
789 483 3001 504 _________________________,,

1439 651 2820 856 ANONYMUS.

1868 1122 2376 1214 ANONYMI

1233 1291 1339 1417 All
1423 1287 1940 1416 EUSEBMNUM
2010 1285 2473 1413 GHBONICllN
2566 1281 3005 1416 APPENDIX.

727 1485 913 1564 {Haec
940 1483 1270 1566 appendix
1297 1483 1464 1546 inter
1491 1499 1688 1564 opera
1721 1480 1992 1544 Eusebii
2017 1477 2356 1560 Pamphili
2381 1477 2911 1560 opportuniorem
2943 1474 3161 1539 locum
3191 1473 3588 1546 obtinebit.)

468 961 3416 993 Μ

1277 1815 1682 1891 διΕΟΗΒΙ
1745 1813 2060 1888 SEXTI
2122 1809 3016 1886 SUPPLEMENTUM.

1697 2013 2592 2215 SYNTAGMA

483 2291 1179 2406 Decretorum,
1296 2287 2096 2420 prwceptionum
2195 2317 2314 2384 ac
2439 2285 2938 2384 editorum
3054 2282 3907 2412 praecipuo-rum

617 2432 981 2566 quibus
1059 2431 1264 2532 sive
1349 2433 2066 2562 imperatores,
2165 2427 2372 2527 sive
2451 2456 2744 2554 reges
2827 2455 3045 2526 sese
3129 2423 3460 2524 rebus
3545 2425 3902 2524 ecete-

617 2573 1048 2676 siasticis
1097 2573 1766 2703 ingesserunt.

1065 2966 2222 3386 JUS'I‘INIANUSL
2259 3159 3269 3381 IMPERATOR

1617 3643 2076 3730 NOTITIA
2141 3641 2284 3724 EX
2352 3637 2666 3724 CAVE.

555 3963 637 4018 Fl.
663 3961 1029 4026 Justinianus,
1061 3961 1227 4030 gente
1267 3956 1536 4026 lllyricus,
1573 3953 1815 4009 Sabbatii
1843 3955 1898 4007 et
1924 3951 2100 4022 Bigli-
2124 3964 2181 4036 Α
2201 3957 2408 4024 quente
2431 3968 2580 4006 anno
2601 3954 2846 4024 synodus
2871 3953 3542 4028 Constantinopolitana
3573 3958 3796 4016 itidem
3823 3962 3907 4016 fe-

488 4057 626 4111 nizae
651 4054 819 4122 ﬁlius,
846 4051 1116 4121 Tauresii,
1156 4049 1322 4104 hodie
1347 4048 1708 4103 Achriduntis
1733 4047 1792 4100 in
1823 4045 2106 4100 Dardania
2206 4046 2300 4100 cit.
2333 4049 2492 4100 Anno
2523 4049 2645 4114 553,
2675 4045 2981 4101 concilium
3013 4049 3460 4105 mcumenicuin
3473 4052 3906 4110 Constantino-

489 4155 652 4206 natus
679 4153 757 4203 est
783 4163 930 4200 anno
957 4146 1080 4200 483.
1111 4143 1460 4198 Avunculum
1480 4141 1677 4196 habuit
1695 4139 1977 4194 Justinum
1999 4139 2109 4192 Au-
2209 4138 2322 4210 poli
2354 4138 2680 4194 habendum
2718 4139 2957 4194 indixit:
3001 4139 3062 4194 in
3093 4158 3210 4212 quo
3258 4159 3294 4196 a
3335 4144 3649 4214 Patribus,
3703 4151 3775 4202 ut.
3803 4149 3905 4202 tria

492 4247 741 4317 gustum,
772 4257 806 4295 a
833 4256 944 4310 quo
970 4239 1028 4293 in
1067 4238 1303 4295 Castello
1354 4234 1660 4290 Bederiano
1705 4248 1926 4287 summa
1975 4247 2108 4286 cura
2205 4231 2461 4302 Capitula
2485 4232 2894 4288 damnarentur
2927 4234 3241 4305 postulavit
3271 4240 3334 4291 et
3359 4237 3639 4294 obtinuit
3675 4243 3904 4311 (Evagr.

491 4335 757 4392 educatus
787 4338 887 4401 est,
917 4337 972 4386 et
996 4333 1053 4386 in
1079 4331 1263 4385 filium
1288 4329 1601 4400 adoptatus.
1633 4327 1891 4380 Nondum
1918 4324 2104 4396 impe-
2208 4325 2247 4380 l.
2288 4341 2362 4394 IV,
2393 4341 2440 4380 c.
2472 4324 2582 4397 39).
2631 4329 2795 4381 Anno
2839 4329 2963 4392 563,
2994 4326 3402 4384 fatiscentibus
3450 4349 3599 4387 cum
3656 4352 3908 4408 corpore

491 4432 644 4485 rator
675 4426 1022 4482 Theodoram
1055 4429 1179 4480 ortu
1199 4421 1459 4495 Cypriam
1490 4436 1721 4474 uxorem
1747 4418 1926 4483 duxit,
1947 4417 2109 4472 femi-
2209 4418 2384 4472 animi
2409 4417 2642 4488 viribus,
2661 4419 2731 4474 ab
2761 4419 3045 4474 haereticis
3074 4421 3434 4492 quibusdam
3459 4425 3757 4499 delusus,
3789 4431 3907 4485 edi-

490 4539 619 4578 nam
647 4519 984 4575 insolentem
1013 4521 1068 4573 et
1093 4515 1451 4588 Eutychiansc
1479 4511 1680 4568 haeresi
1706 4511 1921 4582 perdite
1947 4509 2107 4565 addi-
2208 4515 2362 4567 ctum
2382 4511 2650 4582 condidit,
2680 4529 2793 4583 quo
2823 4512 3029 4568 Christi
3058 4530 3270 4586 corpus
3290 4517 3424 4588 pari
3451 4521 3650 4576 modo
3687 4529 3829 4579 ante
3849 4541 3909 4578 ac

491 4621 656 4671 ctam.
679 4617 840 4668 Anno
869 4615 990 4678 519,
1012 4628 1045 4666 a
1071 4609 1285 4665 Iustino
1320 4609 1664 4678 imperatore
1703 4603 1976 4676 magister
1995 4602 2104 4657 mi-
2208 4610 2333 4676 post
2365 4605 2839 4660 resurrectionem
2873 4607 3262 4677 corruptionis
3282 4615 3342 4664 et
3368 4615 3770 4674 naturalium
3787 4620 3913 4674 atie-

492 4709 656 4765 litum
681 4707 858 4761 factus
872 4708 972 4773 est,
995 4708 1050 4758 et
1076 4703 1134 4757 in
1151 4702 1440 4757 Orientem
1461 4715 1591 4754 cum
1612 4697 1860 4753 exercitu
1881 4697 2106 4766 missus,
2209 4698 2462 4752 ctionum
2487 4713 2686 4768 expers
2712 4697 2886 4752 fuisse
2931 4699 3123 4754 docuit
3149 4718 3166 4770 ;
3197 4707 3385 4774 utque
3414 4711 3768 4768 sententiae
3801 4731 3910 4768 suae

495 4783 618 4858 rem‘
653 4803 850 4855 contra
891 4801 1084 4853 persas
1107 4797 1251 4850 bene
1286 4795 1476 4865 gessit.
1508 4797 1668 4848 Anno
1699 4794 1822 4858 5‘21,
1850 4789 2106 4844 consula-
2210 4807 2404 4846 omnes
2432 4790 2682 4862 episc0pi
2717 4791 3161 4861 subscriberent,
3203 4797 3545 4856 mandavit.
3581 4804 3912 4880 EpisCOpos

491 4902 615 4951 tum
647 4893 822 4961 obiit;
855 4907 986 4946 mox
1016 4888 1301 4961 patricius,
1343 4887 1546 4941 deinde
1597 4883 1974 4938 nobilissimus
2003 4899 2019 4951 ;
2046 4899 2109 4936 ac
2209 4883 2514 4938 Orientales
2539 4883 2609 4937 ad
2639 4884 2915 4939 Anastasii
2957 4885 3310 4944 Antiocheni
3345 4897 3750 4956 sententiam
3781 4919 3910 4973 pro-

490 4989 717 5044 tandem
743 5002 890 5041 anno
921 4987 1043 5051 527,
1073 4981 1332 5036 Kalendis
1358 4979 1660 5051 Aprilibus,
1703 4980 1988 5048 Augustus
2016 4992 2106 5030 re-
2209 4981 2469 5031 vocantes
2497 4976 2824 5048 gravissime
2843 4977 3048 5032 afﬂixit
3073 4996 3090 5048 ;
3121 4979 3319 5050 ipsum
3337 4999 3483 5040 vero
3515 4989 3910 5049 Anastasium

491 5081 800 5148 nuntiatus,
819 5095 950 5133 cum
974 5075 1248 5130 avunculo
1275 5089 1512 5146 regnare
1539 5071 1742 5142 coepit;
1773 5086 1884 5141 quo
1915 5070 2111 5125 defun-
2210 5075 2264 5124 et
2315 5069 2655 5140 Eutychium
2709 5071 3101 5141 patriarcham
3151 5073 3908 5154 Constantinopolitauum

491 5180 577 5229 cto
604 5173 863 5228 Kalendis
891 5170 1128 5241 Augusti
1157 5168 1410 5239 ejusdem
1439 5165 1594 5233 anni,
1624 5164 1929 5235 imperium
1957 5163 2112 5218 dein-
2209 5167 2527 5217 constanter
2555 5163 2894 5218 reluctantes
2919 5165 3149 5220 sedibus
3177 5168 3301 5222 suis
3338 5175 3738 5251 exturbavit,
3771 5187 3826 5237 et
3853 5184 3902 5236 in

491 5282 620 5337 ceps
647 5266 800 5319 solus
825 5263 1026 5318 tenuit.
1060 5264 1222 5316 Anno
1250 5262 1372 5324 5'28,
1416 5258 1663 5314 edictum
1700 5255 2105 5328 promulgavit,
2131 5333 2172 5337 Ἀ
2211 5255 2468 5311 exsilium
2497 5255 2779 5326 deportari
2807 5256 2994 5328 jussit.
3037 5260 3387 5330 Hujusmodi
3419 5265 3675 5326 deliriis
3723 5275 3904 5330 inten-

494 5373 608 5429 quo
633 5355 986 5411 Ncstorianos
1013 5360 1068 5410 et
1097 5353 1494 5425 Eutychianos,
1526 5356 1794 5420 tanquam
1821 5349 2110 5404 haereticos
2131 5333 2185 5404 Β
2209 5354 2318 5416 tus,
2349 5349 2514 5404 rebus
2543 5349 2809 5405 humanis
2849 5355 3150 5422 exemptus
3198 5360 3289 5410 est
3321 5373 3490 5415 anno
3527 5366 3680 5435 56:5,
3721 5370 3814 5425 die
3853 5371 3907 5423 1",

497 5450 674 5522 poenis
701 5448 956 5502 civilibus
974 5447 1291 5503 multandos
1308 5443 1783 5514 decrevit,codem
1809 5448 1931 5513 post
1951 5443 2110 5513 quin-
2211 5442 2554 5510 Novembris,
2586 5443 2829 5513 dierum,
2864 5445 3086 5515 gloriae,
3131 5451 3188 5502 et
3215 5448 3706 5524 triumphorum
3738 5470 3903 5518 satur,

493 5542 806 5616 qucnnium
833 5547 1114 5596 renovato.
1141 5542 1302 5594 Anno
1317 5537 1760 5609 541,0rigenem
1785 5536 1904 5606 ipse.
1925 5536 2108 5590 edicto
2209 5537 2329 5590 Non
2368 5536 2599 5592 deerant
2631 5537 2786 5603 olim,
2819 5553 2924 5593 nec
2968 5537 3179 5594 desunt
3217 5541 3426 5614 hodie,
3462 5551 3577 5620 qui
3611 5553 3683 5610 in
3729 5574 3904 5612 εδει-α-

495 5635 801 5702 damnavit,
845 5640 901 5690 ct
929 5634 1120 5690 habita
1163 5649 1296 5688 mox
1330 5632 1432 5687 sub
1483 5632 1680 5687 Manna
1729 5629 1940 5700 synodo
1972 5629 2109 5684 Con-
2209 5629 2486 5684 tissimum
2534 5629 2868 5702 principem,
2923 5647 3040 5686 non
3080 5633 3274 5690 minus
3319 5637 3638 5717 doctrina,
3676 5652 3901 5722 pietate,

495 5729 872 5801 stantinopoli,
891 5729 1048 5783 illum
1071 5742 1201 5780 cum
1227 5725 1588 5780 sectatoribus
1613 5723 1968 5778 anathemate
1987 5738 2110 5794 per—
2208 5739 2380 5794 quam
2404 5724 2654 5794 potentia
2672 5729 2728 5779 et
2749 5741 2941 5779 rerum
2963 5730 3261 5796 gestarum
3297 5732 3504 5802 gloria
3539 5742 3812 5814 clarum,
3838 5752 3904 5800 to.

493 5824 820 5879 cutiendum
874 5818 1110 5876 curavit.
1161 5819 1320 5872 Anno
1371 5819 1502 5885 545,
1557 5816 1706 5873 edita
1755 5815 2105 5870 constitutio-
2207 5821 2266 5871 ta
2295 5816 2710 5872 calumniarum
2738 5822 2795 5873 et
2813 5819 3203 5875 conviciorum
3237 5826 3518 5896 plaustra
3550 5844 3901 5897 exonerant.

495 5932 585 5979 ne,
630 5915 737 5969 tria
777 5912 1032 5983 Capitula
1081 5909 1384 5977 damnavit,
1441 5909 1586 5979 quod
1637 5913 1686 5961 et
1736 5912 1974 5962 exeunte
2019 5925 2105 5963 se-
2211 5909 3899 5990 Nemoverounquaminiquioricensura,etinverecundia

767 6377 907 6382 —‘
1169 6377 1310 6384 ———
1741 6382 1915 6386 —7

3539 6109 3974 6436 Δ
