4022 6396
151 375 249 428 9-21

1045 371 1408 429 JUSTINIANI
1446 373 1773 430 ΝονΕιιΑε
1811 375 2145 432 ΒΕΙΑΕΕΤᾹΞ.
2189 378 2497 434 NOVELLA
2535 379 2623 434 Ill.

3413 386 3515 442 922

149 483 326 555 longe
353 481 506 538 infra
520 482 730 538 summi
746 483 1020 556 principis
1039 488 1266 555 sortem,
1288 484 1347 540 in
1366 486 1790 557 angustissimos
1811 496 1869 568 Α
1891 486 2169 542 memoria
2187 487 2551 544 veneratione
2577 488 2752 560 digna
2770 493 3052 560 censetur,
3084 491 3244 564 cujus
3273 491 3404 550 fidei
3431 509 3517 550 re-

146 581 457 639 Justiniani
500 597 698 638 manes
736 583 1106 638 debacchatus
1153 589 1255 653 est,
1289 601 1462 658 quam
1495 585 1788 642 cardinalis

151 675 432 732 Baronius
459 678 502 743 ‘,
539 693 740 732 omnes
766 677 824 732 in
852 679 962 733 hoc
999 678 1334 751 eloquentiae
1369 697 1570 736 nervos
1597 681 1784 736 inten-

146 770 316 838 dens,
339 775 405 825 ut
431 787 502 825 ex
521 770 868 843 imperatore
893 789 1008 828 non
1034 773 1346 842 hominem,
1377 775 1473 830 sed
1499 774 1786 830 diabolum

145 863 316 918 nobis
339 865 656 921 exhiberet.
685 868 754 921 Ut
779 866 949 921 ﬁdem
974 867 1194 935 faciam,
1218 867 1479 938 quaedam
1500 869 1694 923 lectori
1714 869 1787 925 ob

147 957 352 1013 oculos
381 975 617 1031 ponam.
654 983 681 1010 (ι
708 960 856 1027 Fuit,
878 961 1083 1032 inquit,
1113 961 1286 1016 homo
1302 961 1530 1032 penitus
1555 961 1784 1017 illitera-

147 1053 243 1103 tus
267 1065 286 1119 ;
323 1049 467 1104 adeo
503 1055 570 1104 ut
601 1066 704 1105 nec
733 1049 1102 1122 alphabetum
1145 1049 1451 1122 aliquando
1481 1050 1784 1107 didicisset.

146 1143 474 1214 Sacrilegus
501 1143 830 1214 imperator,
863 1143 960 1215 qui
987 1161 1102 1198 non
1122 1145 1306 1198 levem
1331 1144 1787 1216 persecutionem

143 1236 438 1306 excitavit,
474 1235 665 1292 furore
693 1237 958 1308 percitus,
979 1243 1166 1293 mente
1185 1238 1452 1307 dimotus,
1485 1243 1786 1310 corruptus

143 1330 406 1400 maligno
449 1329 674 1402 spiritu,
713 1331 956 1402 agitatus
979 1349 1012 1385 a
1039 1333 1262 1401 Satana,
1293 1331 1504 1404 quique
1551 1348 1783 1387 omnem

143 1425 206 1478 in
235 1425 483 1479 Ecclesia
503 1424 754 1479 dissolvit
773 1424 1051 1491 ordinem,
1073 1426 1314 1496 fecitque
1339 1441 1404 1480 ex
1428 1442 1604 1497 regno
1624 1425 1786 1481 coelo-

145 1535 280 1573 rum
309 1518 666 1589 ergastulum
693 1518 1004 1574 inferorum
1028 1518 1248 1588 (Annal.
1271 1520 1346 1573 ad
1369 1535 1462 1573 an.
1485 1523 1608 1588 551,
1632 1536 1780 1574 num.

141 1615 200 1680 3,
227 1613 294 1678 4;
319 1615 444 1680 528,
465 1627 615 1666 num.
645 1616 752 1681 20;
774 1615 898 1679 553,
927 1628 1076 1666 num.
1104 1613 1213 1683 21).
1241 1631 1267 1663 ››
1294 1612 1554 1668 lnﬁnitus
1579 1629 1780 1683 essem,

141 1701 190 1757 si
229 1701 428 1757 omnia
451 1717 867 1772 percurrerem.
901 1701 1022 1756 Non
1050 1700 1192 1756 mihi
1222 1701 1282 1755 in
1310 1701 1500 1756 animo
1526 1707 1627 1768 est,
1660 1707 1786 1774 post

140 1794 478 1862 Guinetum,
521 1793 883 1866 Giphanium,
920 1793 1254 1860 'l‘rivorium,
1287 1795 1518 1850 Rivium
1559 1799 1779 1850 nostra-

1886 579 2098 636 ctitudo
2125 598 2231 652 per
2251 581 2650 655 augustissima
2667 583 2788 656 ejus
2815 584 2995 640 edicta
3020 584 3080 640 in
3105 589 3226 642 toto
3254 588 3390 642 orbe
3409 588 3515 644 dif~

1886 674 2010 730 fusa
2034 675 2314 732 laudatur.
2346 699 2373 725 ››

1955 771 2170 824 Praeter
2197 770 2399 842 Corpus
2435 771 2580 841 juris
2621 775 2805 830 Civilis
2831 773 2963 844 (Viz.
3003 776 3403 830 Institutionum
3439 776 3510 830 li-

1888 863 2006 918 bros
2034 879 2106 926 ιν,
2134 865 2547 928 Pandectarum,
2568 869 2678 922 sive
2697 870 3028 937 Digestorum
3053 868 3228 924 libros
3256 886 3305 935 L,
3337 872 3394 924 et
3419 869 3514 925 Co-

1887 957 2042 1021 dicis,
2071 957 2162 1012 cui
2185 958 2429 1028 plurima
2457 960 2526 1014 de
2553 960 2830 1032 religione
2861 961 3112 1017 admixta
3141 968 3292 1030 sunt,
3338 963 3510 1018 libros

1886 1052 2001 1122 xu),
2033 1051 2184 1122 quod
2225 1052 2561 1108 Triboniano
2603 1059 2774 1126 atque
2814 1055 2937 1110 aliis
2967 1056 3317 1127 adiutoribus
3357 1073 3508 1127 usus,

1885 1161 2036 1200 anno
2065 1148 2189 1212 528,
2207 1146 2448 1200 condere
2481 1147 2728 1218 incmpit,
2751 1165 2902 1202 anno
2917 1153 3039 1218 535,
3065 1150 3135 1205 ad
3159 1150 3373 1205 exitum
3387 1167 3512 1223 perv

1887 1239 2049 1293 duxit
2077 1281 2091 1308 ,
2125 1242 2184 1293 et
2223 1241 2474 1298 Novellus
2511 1245 2638 1312 post
2666 1257 2882 1296 annum
2909 1246 3012 1297 535
3041 1243 3238 1313 editas,
3267 1261 3509 1315 quarum

1883 1332 2146 1403 plurimae
2172 1332 2280 1387 fori
2309 1337 2441 1389 sunt
2482 1333 2862 1405 ecclesiastici,
2894 1336 3132 1390 seorsim
3161 1337 3304 1408 typis
3335 1355 3509 1392 excu-

1883 1442 1969 1479 sas
2009 1426 2196 1480 Graece
2252 1443 2358 1498 per
2408 1428 2788 1483 Haloandrum
2835 1429 3012 1484 Paris.
3074 1433 3232 1500 1553,
3274 1433 3379 1500 8°;
3411 1447 3513 1502 per

1885 1519 2291 1590 Schringerum
2324 1519 2463 1576 ibid.
2517 1524 2651 1576 1558
2680 1539 2696 1590 ;
2727 1523 2820 1576 Gr.
2853 1523 2970 1578 Lat.
3013 1526 3289 1595 Antuerp.
3325 1527 3462 1580 1575
3487 1541 3506 1594 ;

1882 1611 2104 1683 scripsit
2130 1612 2478 1667 Justinianus
2505 1613 2753 1686 plurima
2797 1616 2867 1670 ad
2913 1632 3038 1670 rem
3076 1616 3512 1672 ecclesiasticam

1882 1706 2208 1776 spectantia,
2239 1723 2309 1761 ex
2329 1707 2534 1778 quibus
2561 1707 2731 1763 hodie
2757 1711 3018 1764 exstant:
3051 1713 3367 1768 Constitutio
3393 1727 3512 1766 con-

1883 1805 1970 1854 tra
1997 1801 2618 1869 Anthimum,Severum,
2635 1805 2872 1869 Petrum,
2891 1808 2941 1858 et
2965 1805 3217 1867 Zoarum,
3243 1821 3392 1858 anno
3406 1807 3508 1860 536

143 1892 288 1957 tem,
319 1889 594 1960 aliosque,
633 1887 848 1959 egregii
888 1887 1159 1959 principis
1183 1887 1456 1943 vindicias
1481 1905 1671 1959 agere.
1707 1890 1780 1944 De
1803 1867 1858 1939 Β
1881 1893 2024 1950 facta
2049 1911 2066 1963 ;
2097 1911 2225 1965 quae
2255 1867 2512 1965 quidem,
2547 1912 2617 1950 ex
2641 1867 2882 1950 Novellis
2920 1897 3238 1968 desumpta,
3269 1897 3512 1952 habetur

141 1981 377 2036 eximiis
403 1980 702 2036 Justiniani
723 1981 1026 2036 virtutibus
1041 1981 1276 2036 unicum
1302 1985 1402 2036 aut
1429 1982 1668 2037 alterum
1695 1999 1784 2037 ve-

139 2079 340 2130 terum
360 2074 745 2130 testimonium
767 2074 1074 2145 proferam.
1099 2075 1174 2128 De
1197 2075 1451 2130 doctrina
1464 2075 1588 2146 ejus
1601 2081 1655 2130 et
1669 2075 1784 2147 pie-

139 2172 266 2224 tate
292 2169 418 2224 haac
437 2168 759 2240 Procopius,
783 2167 841 2222 in
867 2167 1248 2223 Justinianum
1277 2169 1462 2224 adhuc
1481 2169 1783 2241 aequus(De

137 2263 284 2319 Bell.
313 2263 465 2318 Goth.
498 2262 540 2316 l.
566 2277 663 2331 in;
686 2261 753 2316 de
766 2261 919 2328 aedif.
946 2264 1084 2316 Just.
1115 2263 1151 2315 l.
1171 2261 1228 2332 ι).
1247 2261 1483 2316 Solitum
1503 2278 1635 2317 eum
1657 2267 1781 2317 tum

137 2357 324 2411 libros
351 2355 420 2410 de
447 2355 616 2410 rebus
645 2354 848 2409 divinis
887 2359 1119 2426 agentes
1149 2339 1529 2426 pervolutare,
1560 2359 1682 2410 tum
1711 2357 1781 2411 de

134 2450 350 2504 iisdem
369 2448 642 2521 colloquia
663 2465 793 2503 cum
813 2447 1088 2520 episcopis
1107 2452 1162 2503 et
1185 2449 1526 2520 presbyteris
1551 2449 1608 2503 in
1635 2450 1779 2504 mul-

134 2548 265 2598 tam
291 2546 521 2598 noctem
548 2543 880 2615 pertrahere
915 2557 927 2596 :
960 2541 1021 2596 in
1065 2557 1220 2596 more
1268 2542 1320 2596 ei
1349 2557 1574 2613 semper
1608 2542 1780 2598 fuisse

134 2637 346 2692 multis
373 2639 506 2691 ante
533 2636 746 2691 Pascha
765 2635 986 2690 dierum
1013 2635 1456 2690 hebdomadibus
1481 2652 1687 2707 corpus
1705 2636 1782 2690 vi-

137 2731 302 2804 giliis
333 2733 391 2785 et
413 2729 614 2784 inediis
641 2729 939 2800 plusquam
982 2729 1234 2784 asceticis
1272 2745 1577 2797 macerare,
1607 2731 1781 2785 semel

133 2827 205 2880 in
246 2823 424 2878 biduo
451 2823 641 2878 cibum
684 2838 906 2894 capere,
944 2821 1093 2892 vino,
1121 2838 1268 2894 pane
1293 2821 1526 2894 aliisque
1554 2821 1780 2877 cibariis

133 2917 379 2991 penitus
404 2916 760 2983 abstinuisse,
790 2915 978 2970 herbis
1004 2919 1228 2970 tantum
1254 2915 1368 2971 sale
1393 2920 1450 2975 et
1471 2919 1628 2972 aceto
1655 2932 1782 2971 con-

133 3011 300 3079 ditis,
331 3015 502 3082 atque
517 3026 664 3082 aqua
689 3011 1040 3064 contentum.
1065 3010 1144 3064 De
1166 3009 1400 3080 egregio
1420 3013 1611 3065 autem
1633 3009 1782 3065 illius

133 3122 285 3177 erga
311 3105 482 3160 ﬁdem
513 3103 845 3158 catholicam
873 3102 1058 3157 studio
1095 3102 1390 3160 audiamus
1420 3104 1780 3174 Agathonem

135 3216 356 3272 papam
377 3215 444 3254 ex
473 3198 864 3269 episcoporum
888 3211 1025 3251 cxxv
1041 3197 1254 3266 synodo
1274 3197 1667 3251 testimonium
1695 3198 1776 3252 fe-

135 3299 374 3350 rentem
403 3309 416 3348 :
450 3315 476 3342 ‹‹
507 3293 575 3348 Et
595 3309 715 3364 prae
743 3290 1026 3351 omnibus,
1061 3290 1262 3360 inquit,
1308 3291 1604 3345 aemulator
1635 3308 1781 3346 veras

134 3387 470 3462 apostolicae
493 3385 626 3441 ﬁdei
657 3385 768 3457 piae
788 3383 1078 3440 memorias
1100 3383 1446 3439 Justinianus
1472 3387 1780 3456 Augustus,

131 3482 310 3554 cujus
327 3479 458 3536 ﬁdei
473 3479 772 3548 rectitudo,
791 3482 1068 3550 quantum
1087 3493 1186 3550 pro
1203 3477 1416 3532 sincera
1435 3477 1784 3534 confessione

135 3583 265 3636 Deo
285 3578 518 3651 placuit,
535 3581 760 3632 tantum
787 3575 1200 3647 rempublicam
1230 3575 1612 3632 Christianam
1637 3577 1784 3632 exal-

132 3674 322 3740 tavit;
355 3675 429 3728 et‘
451 3687 631 3743 usque
659 3671 730 3726 ab
759 3669 1025 3726 omnibus
1062 3669 1324 3740 gentibus
1355 3669 1478 3740 ejus
1516 3669 1784 3741 religiosa

1882 1988 1972 2042 Gr.
2002 1988 2120 2042 Lat.
2149 1987 2366 2042 Concil.
2395 1993 2534 2043 tom.
2565 1990 2624 2058 V,
2655 2006 2712 2060 p.
2750 1991 2876 2044 264.
2917 1991 3162 2060 Epistola
3205 1991 3281 2046 ad
3321 1994 3510 2046 Patres

1883 2083 2098 2136 concilii
2119 2097 2150 2136 v
2175 2083 2464 2150 generalis,
2513 2099 2664 2136 anno
2716 2085 2816 2137 553
2867 2083 3116 2154 scripta:
3154 2089 3338 2138 exstat
3391 2085 3508 2140 Lat.

1883 2175 2093 2230 Concil.
2113 2179 2250 2230 tom.
2285 2177 2345 2244 V,
2375 2193 2504 2246 pag.
2538 2176 2662 2230 419.
2694 2179 2977 2232 Tractatus
3001 2179 3112 2232 sive
3147 2179 3380 2232 edictum
3405 2179 3509 2232 ad—

1886 2284 2062 2324 versus
2084 2270 2384 2339 Origenem,
2417 2273 2467 2324 et
2495 2285 2700 2324 errores
2731 2271 2864 2340 ejus,
2893 2271 2961 2325 ad
2983 2272 3244 2326 Mennam
3269 2272 3508 2342 patriar-

1881 2362 2046 2416 cham
2061 2361 2746 2433 Constantinopolitanum
2785 2379 2938 2417 anno
2967 2365 3091 2431 541,
3127 2364 3370 2419 missus:
3401 2381 3503 2420 ex-

1882 2454 1990 2504 stat
2025 2449 2237 2505 Concil.
2273 2452 2428 2504 Tom.
2461 2451 2522 2521 V,
2559 2467 2616 2522 p.
2659 2454 2782 2506 635.
2827 2453 3072 2522 Epistolu
3115 2453 3190 2507 ad
3233 2453 3510 2521 Synodum

1882 2544 2548 2614 Constantinopolitanam,
2571 2561 2722 2598 anno
2749 2546 2844 2600 541
2873 2562 2906 2599 a
2921 2525 3122 2600 Menna
3144 2545 3396 2600 habitam
3417 2547 3511 2602 ad-

1883 2654 2073 2690 versus
2099 2637 2408 2708 Origenem
2434 2641 2489 2692 et
2513 2641 2812 2693 sectatores
2839 2639 2989 2710 ejus:
3021 2639 3264 2694 habetur
3275 2640 3367 2696 Gr.
3389 2640 3507 2696 Lat.

1880 2731 2091 2788 Concil.
2120 2735 2258 2785 tom.
2285 2731 2348 2798 V,
2390 2748 2522 2803 pag.
2565 2734 2689 2787 679.
2722 2735 2994 2801 Confessio
3022 2737 3179 2788 rectae
3227 2734 3354 2802 ﬁdei
3387 2732 3512 2800 (sive

1880 2826 2128 2880 Edictum
2153 2829 2341 2880 contra.
2373 2827 2485 2880 tria
2513 2825 2790 2898 Capitula)
2823 2843 2974 2882 anno
3007 2828 3108 2881 545
3132 2827 3337 2898 scripta
3364 2843 3378 2882 :
3408 2843 3508 2882 ex-

1881 2923 1991 2973 stat
2019 2919 2113 2974 Gr.
2135 2920 2254 2974 Lat.
2286 2919 2495 2974 Concil.
2526 2923 2664 2974 tom.
2690 2921 2752 2986 V,
2779 2937 2837 2992 p.
2871 2921 2995 2976 684.
3024 2921 3269 2991 Epistula
3305 2921 3382 2974 ad
3399 2925 3508 2976 Pa-

1882 3017 1985 3068 tres
2008 3013 2205 3082 synodi
2225 3013 2851 3084 Coustantinopolitance,
2883 3031 3032 3068 anno
3059 3016 3161 3069 546
3183 3015 3382 3070 habita:
3405 3015 3509 3070 ad-

1880 3122 2060 3162 rersus
2088 3109 2196 3162 tria
2223 3109 2477 3177 Capitula
2503 3125 2520 3161 :
2551 3111 2732 3162 exstat
2756 3109 2848 3163 Gr.
2883 3109 3000 3163 Lat.
3031 3107 3243 3165 Concil.
3273 3111 3411 3163 tom.
3445 3110 3508 3179 ν,

1831 3236 1852 3260 η
1884 3219 1940 3272 p.
1963 3203 2086 3256 724.
2123 3201 2182 3254 In
2213 3200 2431 3272 scriptis
2453 3201 2607 3255 hisce
2629 3201 3030 3257 concinnandis
3057 3202 3102 3257 si
3128 3203 3299 3258 modo
3327 3203 3508 3258 Theo-

1883 3294 2145 3366 logorum
2188 3311 2422 3348 suorum
2463 3293 2695 3349 consilio
2739 3300 2910 3366 atque
2954 3295 3231 3350 industria
3265 3312 3395 3350 usus
3428 3299 3511 3352 est

1881 3387 2249 3453 Justinianus,
2280 3403 2385 3442 nec
2423 3404 2634 3442 novum
2661 3388 2738 3456 id,
2766 3405 2872 3442 nec
2899 3388 3107 3443 mirum
3134 3389 3399 3460 cuiquam
3422 3388 3506 3444 vi-

1884 3481 2004 3536 deri
2035 3481 2258 3548 debeat,
2292 3497 2394 3536 nec
2441 3481 2634 3535 minus
2670 3481 2874 3536 idcirco
2907 3481 3027 3536 haec
3067 3481 3300 3554 proprio
3335 3483 3509 3555 Marte

1883 3575 2168 3646 scripsisse
2191 3573 2461 3630 dicendus
2483 3575 2612 3629 erit.

204 3783 228 3802 ‘
244 3779 410 3843 Hujus
433 3778 640 3830 critices
665 3777 950 3830 acrimonia
961 3775 1229 3827 hominem
1247 3775 1590 3840 Anglicanum
1606 3777 1795 3842 prodit.
1828 3778 2080 3828 Caeterum
2101 3779 2354 3840 quatenus
2387 3776 2556 3825 Caveo
2589 3775 2977 3825 assentiendum
3000 3775 3084 3836 sit,
3105 3773 3307 3839 judicet
3341 3775 3507 3826 lector

646 3965 1664 4170 JUSTINIANI
1784 4035 2997 4166 IMPERATORIS

425 4229 1050 4392 NOVELL/E
1143 4229 1314 4390 AD
1417 4230 2198 4449 RELIQIQMEM
2298 4226 3218 4390 PERTINEN'I‘ES.

132 3842 404 3893 eruditus.
440 3843 586 3892 Enn'.

753 4513 1055 4569 NOVELLA
1099 4514 1184 4568 Ill.

136 4632 214 4686 Ut
243 4625 638 4681 determinatus
681 4624 753 4677 sit
785 4636 1038 4676 numerus
1083 4622 1394 4676 clericorum
1430 4624 1782 4677 sanctissimae

211 4697 444 4766 majoris
467 4695 713 4756 ecclesia,
740 4709 908 4766 neque
932 4708 1039 4746 non
1069 4697 1383 4766 ceterarum
1409 4695 1776 4766 sanctissima-

211 4765 344 4824 γυνὴ
370 4767 714 4822 ecclesiarum
739 4765 902 4834 hujus
926 4765 1322 4831 augustissima:
1343 4765 1512 4820 urbis.

216 4894 541 4964 Imperator
565 4889 913 4946 Justinianus
940 4890 1226 4960 Augustus
1258 4888 1576 4960 Epiphanio
1603 4889 1780 4960 regiae

123 4989 320 5060 hujus
351 4983 506 5040 urbis
543 4972 984 5056 archiepiscopo,
1033 4986 1089 5036 et
1131 4981 1374 5039 universi
1419 4983 1540 5054 ejus
1571 4986 1780 5038 tractus

123 5079 512 5160 patriarchm.

209 5171 522 5232 Communi
541 5171 774 5244 quidem
788 5186 851 5225 ac
865 5169 1118 5241 generali
1138 5169 1268 5240 lege
1276 5170 1400 5242 jam
1422 5169 1646 5241 pridem
1663 5173 1780 5225 tam

119 5266 581 5336 beatitudinem,
627 5281 660 5320 ο
713 5263 1049 5336 patriarcha,
1093 5267 1272 5330 tuam,
1313 5280 1485 5335 quam
1530 5264 1780 5336 reliquos

121 5360 528 5423 sanctissimos
551 5358 901 5430 patriarchas
925 5357 994 5411 de
1021 5355 1378 5411 ordinatione
1406 5357 1780 5412 sanctissimo-

121 5479 198 5519 ru
209 5475 271 5514 m
290 5454 708 5527 episcoporum,
723 5455 781 5505 et
797 5447 1400 5505 reverendissimorum
1417 5449 1776 5520 clericorum,

123 5566 337 5624 neque
360 5563 476 5602 non
500 5545 824 5614 mulierum,
850 5547 907 5597 et
943 5541 1331 5611 diaconorum,
1361 5545 1418 5596 et
1447 5559 1518 5596 ne
1545 5542 1777 5598 ordina-

117 5658 336 5707 torum
359 5655 634 5696 numerus
657 5642 910 5692 veterem
933 5635 1166 5691 modum
1190 5635 1511 5703 excederet,
1539 5636 1779 5691 conscri-

119 5753 236 5822 pta
263 5737 652 5813 disposuimus
682 5750 1032 5808 quaecunque
1053 5733 1216 5789 nobis
1243 5734 1501 5800 honesta,
1532 5738 1589 5788 et
1609 5734 1775 5789 deco-

121 5859 219 5910 ra,
239 5833 536 5904 sacrisque
558 5830 774 5900 regulis
797 5829 1105 5884 conformis
1123 5845 1245 5884 esse
1262 5827 1618 5883 videbantur.
1631 5829 1779 5882 Prae-

123 5943 297 5991 terea
327 5944 464 5986 vero
508 5924 702 5995 legem
737 5922 1054 5993 specialiter
1076 5923 1144 5978 ad
1181 5921 1591 5978 beatitudinem
1619 5926 1777 5978 tuam

1799 4527 1859 4598 D
1883 4512 2200 4582 scribimus,
2237 4493 2564 4582 digerentes
2613 4511 2746 4566 item
2789 4511 2850 4566 in
2893 4509 3152 4565 ordinem
3188 4525 3255 4565 ea
3283 4525 3409 4581 quae
3435 4511 3507 4566 ad

1881 4622 2186 4662 numerum
2215 4603 2817 4661 reverendissimorum
2845 4603 3178 4658 clericorum
3195 4602 3258 4658 in
3284 4603 3390 4658 hac
3407 4620 3502 4658 ur-

1880 4701 1948 4755 be
1974 4699 2282 4772 pertinent.

1947 4796 2024 4849 Ac
2048 4810 2177 4848 cum
2201 4793 2341 4848 nihil
2368 4807 2514 4864 pene
2543 4807 2746 4846 eorum
2765 4808 2892 4863 quas
2919 4791 3158 4846 honesta
3183 4794 3241 4845 et
3267 4789 3508 4862 pulchra

1880 4891 2031 4957 sunt,
2055 4887 2101 4942 si
2124 4887 2360 4943 modum
2385 4885 2776 4958 egrediantur,
2807 4885 3021 4952 deceat,
3053 4901 3126 4939 ne
3157 4883 3510 4940 reverendis-

1879 4981 2048 5036 simos
2074 4981 2304 5052 quidem
2333 4980 2564 5036 clericos
2591 4984 2690 5035 aut
2714 4978 3209 5035 reverendissimas
3237 4977 3508 5034 diaconis—

1879 5093 1966 5131 sas
1991 5081 2073 5132 tot
2096 5075 2347 5131 ordinari
2361 5073 2674 5141 conveniat,
2705 5077 2766 5128 ut
2791 5072 2900 5128 illis
2919 5071 3134 5126 alendis
3161 5075 3510 5128 sacrosancta

1881 5169 2320 5241 major'ecclesia
2347 5169 2406 5224 in
2431 5167 2645 5223 necessi
2655 5170 2826 5222 tatam
2853 5165 3050 5238 magni
3077 5165 3204 5220 ieris
3229 5166 3400 5221 alieni
3427 5165 3510 5221 in-

1879 5263 2045 5330 cidat,
2074 5267 2131 5318 et
2153 5263 2225 5318 ad
2255 5265 2567 5316 extremam
2603 5259 2877 5332 paulatim
2905 5259 3157 5330 inopiam
3202 5260 3506 5315 deferatur.

1880 5353 2171 5425 Siquidem
2208 5355 2561 5424 compertum
2590 5351 2866 5406 habemus
2897 5354 3311 5405 sacrosanctam
3340 5350 3508 5422 hujus

1879 5453 2054 5525 regiae
2084 5451 2238 5507 urbis
2273 5451 2548 5522 majorem
2578 5449 2874 5506 ecclesiam
2918 5449 3098 5504 nostri
3124 5449 3355 5522 imperii
3383 5465 3505 5504 ma-

1879 5552 2044 5616 trem,
2074 5562 2176 5617 per
2204 5545 2347 5624 hanc
2379 5544 2729 5600 occasionem
2766 5548 2882 5599 tam
2928 5560 3138 5615 magno
3175 5542 3363 5599 alieno
3393 5559 3506 5597 aere

1879 5639 2202 5713 inquietari,
2221 5645 2284 5694 ut
2305 5638 2634 5710 singulatim
2659 5639 3018 5710 erogationes
3031 5637 3089 5692 in
3109 5635 3508 5692 reverendissi-

1879 5750 2000 5788 mos
2019 5733 2249 5788 clericos
2271 5733 2438 5788 aliter
2461 5733 2646 5787 facere
2668 5739 2934 5804 nequeat,
2963 5731 3074 5785 nisi
3093 5729 3249 5801 prius
3267 5729 3505 5786 immen-

1879 5844 1998 5882 sam
2023 5827 2147 5881 auri
2177 5827 2286 5880 vim
2307 5826 2512 5898 partim
2533 5825 2636 5880 sub
2660 5825 3002 5904 obligatione
3029 5821 3497 5892 hypotecharum,

1879 5921 2084 5993 partim
2124 5919 2349 5977 datione
2393 5919 2699 5992 pignorum
2744 5919 2802 5973 in
2854 5911 3325 5990 praestantissimis
3379 5911 3500 5983 ejus
