4022 6480
547 388 646 446 923

1679 392 1929 446 S.ECEL1
1968 391 2154 446 SEXTI
2195 393 2742 448 ὃυΡΡΙλΕΜΕΝΤΕΜ.

3871 385 3973 440 9'25

551 502 780 576 praediis
804 505 862 558 et
891 498 1170 556 suburbiis
1198 505 1396 555 mutuo
1425 501 1704 556 dcsumat.
1734 503 1812 556 Ea
1837 505 2074 574 propter
2092 500 2167 556 vi-
2186 515 2242 588 Α
2265 507 2322 557 et
2341 503 2607 574 gloriosae
2627 503 2860 574 virginis
2877 502 3088 573 Deique
3105 501 3410 573 genitricis
3429 499 3644 556 Maria:
3662 499 3732 553 in
3751 497 3976 552 vicinia

551 614 674 652 sum
704 597 867 650 nobis
894 603 996 664 est,
1026 595 1179 666 ipsos
1196 611 1299 648 nos
1320 594 1391 649 ad
1420 612 1602 649 causa:
1623 594 2050 666 inquisitionem
2073 595 2167 649 de-

551 691 796 756 mittere,
821 707 884 743 ac
906 689 1246 759 perdiscere,
1268 705 1378 758 quo
1405 705 1463 740 se
1496 689 1669 743 modo
1695 688 1854 742 initio
1881 687 2161 750 habuerit,

547 781 749 852 quidve
771 786 970 853 postea
989 784 1316 852 temporum
1340 781 1512 834 series
1527 781 1900 835 adinvcnerit.
1919 782 1988 834 Ex
2006 781 2164 835 omni

547 875 720 944 igitur
732 880 892 946 parte
907 873 1948 946 ea‘pcrvestigantes,deprchendimus
1960 891 2058 928 eos
2070 875 2164 944 qui

547 972 966 1023 sacrosanctam
996 967 1244 1038 aliquam
1273 967 1565 1020 ecclesiam
1605 967 1662 1020 in
1699 967 1802 1022 hac
1839 969 1992 1021 alma
2028 969 2164 1022 urbe

549 1063 985 1128 exmdiﬁcarunt,
1015 1077 1130 1114 non
1153 1061 1332 1113 solum
1355 1076 1551 1113 curam
1575 1060 1796 1114 aediﬁcii
1828 1061 2030 1130 egisse,
2066 1061 2165 1114 sed

549 1175 572 1202 Γ
586 1156 724 1210 tiam
752 1158 814 1208 ut
834 1155 1005 1208 sacris
1035 1153 1268 1218 aedibus,
1302 1171 1437 1224 quas
1464 1153 1572 1224 ipsi
1597 1153 1992 1221 instituissent,
2018 1155 2166 1208 suffi-

547 1250 700 1302 ciens
727 1248 982 1313 erogatio
1008 1249 1356 1318 suppeteret,
1384 1250 1554 1317 utque
1578 1246 1882 1302 deﬁnirent
1903 1251 2038 1318 quot
2067 1264 2169 1318 per

549 1367 566 1394 τ
578 1342 629 1394 in
639 1342 796 1411 gulas
809 1341 1016 1394 versari
1031 1339 1292 1393 ecclesias
1304 1339 1665 1410 presbyteros
1675 1339 2169 1410 conveniret,quot

549 1436 820 1489 diaconos
852 1435 934 1488 vel
961 1449 1149 1488 mares
1169 1433 1255 1486 vel
1287 1431 1552 1499 feminas,
1584 1437 1724 1503 quot
1771 1432 2164 1499 subdiaconos,

549 1533 606 1581 et
645 1529 781 1581 item
815 1531 1074 1604 cantores
1110 1525 1275 1580 simul
1315 1530 1372 1579 et
1399 1525 1657 1592 lectores,
1691 1529 1747 1579 et
1775 1525 2062 1590 ostiarios;
2097 1526 2166 1580 ad

547 1623 666 1676 haec
686 1621 822 1674 sedis
843 1623 1134 1690 sumptum
1159 1620 1589 1685 determinasse,
1603 1619 1873 1690 adjecisse
1887 1623 2167 1690 praeterea

551 1713 857 1786 peculiares
871 1714 1106 1780 reditus,
1123 1714 1218 1784 qui
1240 1713 1498 1766 instituto
1519 1711 1649 1766 huic
1669 1729 1771 1766 suo
1792 1712 1926 1766 satis
1944 1715 2133 1766 essent
2146 1729 2162 1779 ;

549 1823 732 1876 neque
771 1805 1196 1861 multitudinem
1239 1805 1489 1876 aliquam
1514 1805 1813 1876 adjectum,
1843 1804 1933 1859 cui
1961 1803 2164 1857 exinde

2267 599 2638 652 sacrosanctae
2691 596 2926 666 majoris
2958 595 3215 650 ecclesiae
3255 594 3473 666 posita,
3527 594 3614 648 ab
3673 593 3826 664 ipsa
3861 591 3971 664 pia:

2269 691 2560 744 memoriae
2577 691 2782 744 Verina
2801 689 2970 760 cuipit
2991 688 3225 755 exstrui,
3247 688 3393 742 item
3418 687 3734 758 religiosa
3750 686 3976 740 domus

2266 783 2442 836 sancti
2479 783 2744 854 martyris
2779 782 3066 838 Theodori
3099 799 3132 835 a
3167 781 3459 852 Sphracio
3497 781 3810 851 gloriosae
3849 797 3973 834 me-

2265 877 2461 930 moriae
2474 881 2822 943 consecrata,
2842 880 2900 930 et
2919 875 3246 929 veneranda
3261 875 3480 930 domus
3495 877 3748 929 sanctae
3773 876 3873 929 Ire
3883 890 3978 928 nes

2267 973 2638 1023 sacrosanctze
2671 970 2876 1040 majori
2899 968 3156 1023 ecclesia:
3184 967 3460 1038 copulata
3483 968 3632 1035 fuit,
3685 967 3978 1037 redigere

2268 1063 2434 1132 plane
2455 1079 2760 1116 numerum
2783 1062 2853 1116 ad
2880 1065 3135 1115 veterem
3155 1061 3408 1114 formam
3432 1060 3848 1132 impossibile
3875 1063 3978 1115 est.

2267 1155 2459 1225 Neque
2487 1155 2641 1208 enim
2669 1155 2934 1222 totsimul
2965 1153 3224 1208 ecclesiis
3247 1155 3418 1224 pauci
3441 1153 3716 1226 quidem
3744 1155 3982 1211 sufﬁce-

2268 1263 2329 1300 re
2346 1247 2582 1317 possint,
2608 1247 3082 1318 quandoquidem
3102 1247 3261 1300 nulla
3283 1246 3506 1301 harum
3521 1246 3738 1300 trium
3755 1247 3980 1301 aedium

2267 1339 2584 1410 peculiares
2626 1339 2860 1394 clericos
2918 1339 3150 1406 habeat,
3197 1339 3303 1394 sed
3344 1356 3457 1411 pro
3511 1340 3980 1394 communibus

2268 1436 2460 1486 utatur
2495 1433 2562 1486 iis
2601 1433 2692 1504 qui
2734 1433 2806 1486 ad
2836 1436 3264 1486 sacrosanctam
3298 1433 3612 1503 majorem
3648 1435 3978 1488 ecclesiam

2267 1526 2576 1597 pertinent,
2606 1526 2702 1596 qui
2734 1542 2940 1580 omnes
2965 1541 3065 1580 eas
3092 1525 3301 1580 ordine
3331 1529 3394 1580 et
3423 1527 3626 1580 veluti
3655 1526 3732 1580 in
3767 1528 3978 1581 orbem

2268 1619 2563 1685 obeuntes,
2581 1618 2809 1672 sacrain
2829 1619 2912 1671 eis
2931 1619 3121 1672 ofﬁcia
3137 1619 3598 1686 concelebrant,
3621 1621 3984 1690 praesertim

2268 1727 2400 1766 vero
2442 1711 2662 1782 ingenti
2698 1711 3068 1765 multitudine
3100 1728 3166 1766 ex
3198 1711 3639 1766 haereticorum
3676 1715 3979 1768 concilia-

2266 1803 2413 1858 bulis
2443 1805 2517 1859 ad
2554 1808 2979 1858 sacrosanctam
3018 1804 3314 1875 majorem
3357 1805 3730 1874 ecclesiam,
3763 1809 3983 1877 partim

546 1902 874 1970 competens
903 1899 1104 1953 solutio
1132 1899 1254 1952 ﬁeri
1281 1915 1396 1953 non
1425 1902 1634 1968 posset.
1663 1899 1846 1968 Atque
1880 1898 1998 1950 haec
2031 1911 2165 1951 sane
2188 1879 2242 1950 B
2267 1897 2772 1968 gratiabeatissimi
2795 1899 2886 1950 Dei
2915 1897 3303 1952 elservatoris
3325 1897 3520 1952 nostri
3545 1901 3708 1953 Jesu
3735 1901 3981 1963 Christi,

546 1993 602 2047 in
639 2009 705 2047 ea
750 1991 1142 2046 observatione
1188 1993 1358 2060 longe
1387 1990 1660 2062 temporis
1690 1990 1870 2060 spatio
1896 2005 2160 2060 perman-

546 2085 702 2154 sisse,
729 2088 785 2138 et
807 2085 1063 2156 quandiu
1087 2087 1442 2150 manserunt,
1468 2083 1660 2138 tandiu
1683 2087 1739 2137 et
1755 2082 1862 2136 sibi
1883 2081 2165 2152 deputatis

545 2181 1034 2234 sacrosanctarum
1057 2177 1416 2232 ecclesiarum
1443 2194 1532 2231 res
1561 2176 1867 2232 suffecisse.
1894 2175 2075 2230 Simul
2102 2192 2166 2229 ac

545 2289 677 2326 vero
733 2271 836 2326 Dei
866 2271 1238 2326 amantissimi
1277 2270 1527 2342 episcopi
1564 2269 1804 2324 assiduis
1865 2269 2162 2323 nonnullo-

544 2383 670 2420 rum
718 2365 978 2436 precibus
1017 2364 1241 2432 intenti,
1289 2365 1362 2419 ad
1403 2365 1592 2435 plures
1623 2361 1974 2417 ordinandos
2004 2361 2166 2416 effusi

545 2462 693 2524 sunt,
725 2458 1031 2513 excrevisse
1058 2459 1291 2528 quidem
1312 2463 1570 2528 sumptus
1583 2456 1964 2528 quantitatem
1988 2455 2046 2508 in
2065 2454 2168 2509 im-

543 2569 825 2619 mensum,
854 2551 1106 2622 undique
1119 2568 1252 2606 vero
1281 2551 1595 2606 creditores
1619 2553 1676 2604 et
1699 2565 1915 2615 usuras,
1946 2565 2010 2602 ac
2034 2565 2164 2619 pos-

542 2647 726 2700 tremo
742 2645 814 2700 ob
832 2645 1190 2699 vacillantcm
1199 2645 1316 2715 jam
1334 2644 1508 2698 ﬁdem
1523 2661 1594 2697 ne
1609 2642 1919 2696 creditores
1933 2641 2165 2712 quidem

543 2739 614 2792 de
629 2739 960 2804 cmtero,sed
976 2738 1298 2808 (indignum
1315 2739 1486 2804 factu,
1506 2740 1562 2790 et
1579 2753 1764 2806 neque
1783 2735 1839 2788 in
1851 2735 2074 2806 privata
2091 2735 2169 2788 fa-

539 2831 701 2886 milia
724 2835 1010 2902 utcunque
1024 2831 1280 2885 instituta
1295 2831 1612 2897 ferendum)
1635 2829 1966 2882 necessitate
1980 2831 2163 2890 extor-

541 2928 626 2978 tas
651 2927 707 2976 et
731 2923 953 2992 legibus
975 2923 1289 2993 prohibitas
1308 2921 1676 2976 alienatioues
1706 2921 1971 2986 extitisse,
2010 2923 2070 2972 ut
2099 2937 2164 2972 ex

539 3015 868 3084 hujusmodi
881 3016 1228 3069 absurditate
1249 3031 1436 3084 neque
1457 3014 1670 3084 praedia
1685 3029 1866 3082 neque
1896 3012 2166 3066 suburbia

543 3109 614 3162 ad
628 3108 977 3178 hypothecas
995 3111 1051 3162 et
1065 3108 1305 3178 pignora
1322 3107 1668 3172 sufﬁcerent,
1688 3122 1928 3175 eamque
1943 3106 2015 3160 ob
2032 3120 2163 3159 cau-

542 3217 664 3254 sam
694 3217 880 3271 neque
911 3201 1259 3255 creditorum
1287 3201 1450 3271 copia
1478 3205 1644 3264 esset,
1674 3203 1730 3253 et
1763 3198 1834 3252 ad
1877 3216 2159 3253 summam

542 3295 661 3365 ipsa
677 3294 927 3364 inopiam
949 3294 1258 3360 deveniret,
1281 3311 1466 3363 neque
1485 3294 1618 3363 ipsis
1631 3293 1876 3364 amplius
1893 3292 2164 3347 ministris

542 3388 810 3442 alimenta
829 3388 1079 3458 praebere
1110 3391 1318 3457 posset,
1339 3387 1457 3442 imo
1482 3387 1656 3441 etiam
1680 3387 1753 3440 ad
1773 3387 2162 3440 conditionem

541 3480 799 3535 omnium
813 3481 1366 3534 calamitosissimam
1387 3481 1768 3550 delaberetur,
1795 3479 2159 3534 ut'creditori-

539 3575 644 3628 bus
669 3573 834 3627 bonis
857 3573 1131 3628 universis
1163 3573 1411 3637 cederet,
1443 3573 1499 3627 id
1527 3574 1681 3644 quod
1703 3573 1873 3627 etiam
1901 3589 2165 3628 veremur

538 3667 746 3734 dicere,
784 3670 841 3720 et
871 3683 942 3720 ne
974 3667 1032 3720 in
1070 3670 1361 3736 posterum
1387 3667 1505 3734 fiat,
1531 3667 1914 3736 providemus.
1944 3667 2086 3719 Nam
2119 3665 2163 3719 si

539 3776 712 3814 nemo
739 3759 902 3814 facile
943 3776 1095 3826 eum,
1126 3759 1220 3829 qui
1247 3759 1390 3813 ultra
1418 3759 1746 3813 substantia:
1773 3776 1888 3812 sum
1924 3759 2158 3814 modum

536 3857 794 3924 sumptus
813 3851 1169 3922 faciat,zequo
1188 3851 1381 3906 animo
1399 3853 1748 3922 ferat,quare
1771 3868 1886 3904 non
1904 3856 1959 3904 et
1977 3868 2078 3904 nos
2097 3868 2162 3906 ea

537 3946 612 4000 ad
633 3944 1074 3999 sollicitudinem
1092 3947 1344 3997 nostram
1374 3943 1766 3998 revocabimus
1780 3945 1807 3998 ?
1826 3947 2104 3998 Prii-terea
2118 3945 2162 3998 si

538 4055 656 4093 non
671 4039 898 4108 oportet
916 4035 1165 4106 undique
1179 4036 1252 4090 ad
1267 4040 1522 4107 sumptus
1535 4038 1916 4108 possessiones
1934 4011 2170 4108 conqui:

537 4147 667 4185 rere
688 4129 844 4200 (nam
866 4128 1246 4183 idinsatiabili
1269 4131 1493 4184 cuidam
1507 4131 1752 4184 avaritiae
1785 4130 1947 4184 simul
1978 4133 2034 4183 et
2064 4131 2164 4184 im-

535 4223 729 4294 pietati
759 4221 1084 4292 proximum
1115 4221 1247 4293 est),
1291 4223 1385 4276 sed
1424 4241 1490 4277 ex
1523 4223 1838 4276 moderatis
1875 4223 2161 4278 facultati-

539 4317 644 4370 bus
665 4318 958 4386 sumptum
984 4318 1322 4386 temperare,
1349 4333 1416 4370 ea
1439 4320 1674 4387 propter
1689 4315 2090 4371 convenienter
2111 4320 2164 4372 et

539 4425 665 4480 quae.
697 4409 800 4462 ista
837 4411 1210 4475 concernunt,
1244 4410 1368 4479 lege
1413 4409 1792 4472 includemus,
1839 4413 1895 4462 et
1924 4409 2164 4464 inﬁnita-

537 4507 655 4556 tem
698 4501 998 4555 manifeste
1037 4501 1088 4556 ei
1119 4501 1199 4554 rei
1230 4501 1516 4555 medicina
1555 4501 1810 4556 adhibita
1849 4501 2160 4572 ejiciemus.

2264 1990 2470 2060 partim
2506 1989 2794 2043 laboribus
2825 1989 3385 2060 depul’sionibusque
3420 1993 3663 2046 nostris
3686 1993 3983 2052 adducta.

2266 2086 2327 2135 ut
2358 2081 2530 2152 duplo
2561 2082 2741 2152 plura,
2772 2099 2944 2152 quam
2981 2083 3052 2134 ab
3079 2082 3266 2148 initio,
3305 2083 3668 2139 ministeria
3709 2085 3799 2140 ad
3833 2087 3982 2140 chri-

2265 2174 2463 2228 stianm
2491 2174 2720 2244 pietatis
2746 2175 3002 2229 ofﬁcium
3025 2177 3442 2246 peragendum
3470 2177 3788 2248 deputari
3821 2197 3985 2251 Opor-

2266 2269 2402 2321 teat.
2427 2268 2788 2338 Quapropter
2804 2269 3089 2322 sancimus
3112 2287 3184 2322 ne
3209 2270 3458 2340 quando
3483 2271 3548 2324 in
3578 2280 3984 2328 sacrosancta

2266 2361 2484 2430 majore
2533 2361 2768 2415 ecclesia
2801 2361 2949 2414 ultra
2977 2378 3062 2428 Lx,
3099 2362 3505 2434 presbyteros,
3543 2364 3871 2422 diaconos
3902 2386 3986 2422 ve-

2265 2471 2328 2508 ro
2350 2470 2536 2507 mares
2557 2459 2804 2520 centum,
2829 2453 3081 2508 feminas
3097 2472 3166 2508 χι,
3209 2458 3268 2509 et
3290 2456 3734 2514 subdiaconus
3769 2477 3870 2528 xc,
3906 2464 3982 2516 lc-

2266 2550 2451 2600 ctores
2475 2550 2668 2600 autem
2697 2547 2845 2600 ultra
2877 2562 2964 2612 cx,
3005 2551 3280 2602 cantores
3305 2549 3467 2604 ultra
3499 2567 3650 2619 xxv,
3695 2554 3983 2623 existant,

2266 2644 2328 2693 ut
2355 2639 2650 2693 universus
2670 2639 3289 2695 reverendissimorum
3311 2642 3703 2700 clericorum
3735 2649 3983 2718 majoris

2266 2748 2540 2786 numerus
2573 2732 2632 2786 in
2670 2748 2907 2788 ccccxxv
2941 2735 3226 2804 personis,
3269 2738 3328 2788 et
3364 2740 3633 2792 centum
3681 2745 3985 2810 praeterea

2265 2825 2504 2878 estiariis
2543 2824 2625 2894 (ut
2659 2825 2886 2897 vocant)
2920 2826 3219 2880 consistat.
3251 2829 3314 2880 In
3346 2831 3766 2888 sanctissima
3801 2835 3982 2905 igitur

2264 2917 2481 2986 majore
2509 2919 2673 2972 alma:
2707 2918 2876 2987 hujus
2905 2919 3060 2972 urbis
3099 2925 3318 2974 nostra:
3351 2924 3650 2993 ecclesia,
3688 2933 3758 2981 et
3797 2929 3984 2983 tribus

2263 3010 2371 3064 illis
2399 3010 2570 3064 sacris
2605 3010 2821 3064 aedibus
2859 3011 2910 3064 ei
2954 3011 3326 3080 coadunalis,
3370 3017 3558 3071 tanta
3611 3020 3985 3076 clericorum

2262 3103 2570 3157 multitudo
2598 3107 2740 3169 esto,
2776 3104 3008 3158 nemine
3065 3122 3299 3172 eorum,
3331 3109 3438 3178 qui
3475 3127 3661 3166 nunc
3687 3119 3865 3181 sunt,
3887 3117 3987 3186 eji-

2263 3195 2487 3262 ciendo,
2509 3196 2734 3250 tametsi
2756 3197 2938 3250 multo
2957 3197 3145 3267 major
3166 3215 3467 3254 numerus
3493 3205 3760 3276 existat,
3809 3226 3989 3279 quam

2265 3307 2299 3343 a
2324 3289 2488 3342 nobis
2511 3289 2780 3342 deﬁnitus
2804 3293 2922 3356 est;
2950 3291 3188 3344 nemine
3212 3291 3360 3347 item
3377 3294 3459 3350 de
3489 3303 3735 3354 cmtero
3759 3319 3877 3372 per
3909 3305 3989 3356 ul-

2263 3384 2380 3436 lum
2405 3381 2687 3448 ordinem,
2707 3383 2804 3452 qui
2827 3383 2935 3438 hoc
2953 3388 3218 3455 tempore
3237 3392 3346 3454 est,
3362 3389 3774 3463 adjicienda,
3799 3397 3988 3450 donec

2264 3475 2416 3529 intra
2429 3475 2579 3528 hunc
2597 3491 2902 3530 numerum
2917 3493 3196 3532 mensura
3208 3480 3532 3538 consistat.
3543 3485 3664 3542 Illo
3685 3489 3885 3545 etiam
3898 3491 3987 3544 ad-

2257 3566 2531 3640 jiciendo,
2555 3585 2628 3622 ne
2660 3569 2815 3638 quod
2841 3569 3122 3624 hactenus
3151 3571 3442 3630 indecore
3465 3577 3622 3634 fieri
3645 3587 3985 3650 consuevit,

2264 3661 2533 3732 deinceps
2544 3661 2605 3715 in
2622 3677 2722 3715 usu
2735 3662 3018 3717 habeatur
3030 3667 3097 3718 ut
3107 3667 3514 3724 reverendissi
3525 3689 3803 3732 morum
3822 3679 3983 3733 cleri-

2264 3770 2461 3808 corum
2489 3754 2751 3808 nonnulli
2775 3755 2833 3810 in
2861 3757 3244 3814 sanctiSsimis
3277 3763 3590 3834 ecclesiis,
3616 3768 3684 3822 in
3721 3787 3884 3842 quas
3907 3775 3982 3825 vel

2264 3847 2375 3914 hic,
2404 3848 2488 3900 vel
2521 3863 2626 3918 per
2649 3847 2974 3918 provincias
3005 3851 3265 3906 ordinati
3305 3859 3475 3924 sunt,
3512 3875 3796 3918 manere
3833 3865 3982 3920 dedi-

2263 3944 2534 4009 gnentur,
2554 3957 2619 3994 ac
2635 3958 2740 4012 per
2758 3941 3086 4013 patrocinia
3098 3945 3160 3998 in
3180 3954 3660 4010 sacrosanctam
3681 3959 3982 4030 majorem

2265 4034 2562 4088 ecclesiam
2615 4035 2853 4106 ejusque
2881 4037 3100 4092 clerum
3142 4039 3428 4110 subeant,
3473 4049 3665 4116 quod
3705 4055 3986 4108 omnibus

2263 4126 2449 4180 modis
2468 4127 2528 4180 in
2549 4131 2843 4198 posterum
2860 4129 2986 4182 ﬁeri
3009 4133 3425 4200 prohibemus.
3447 4139 3618 4196 Nam
3645 4145 3700 4198 si
3729 4146 3796 4201 in
3817 4149 3986 4201 sacris

2263 4219 2602 4274 monasteris
2613 4221 3094 4292 prohibemus,ne
3111 4226 3244 4297 quis
3259 4227 3336 4282 de
3350 4247 3479 4287 uno
3496 4235 3585 4288 ad
3599 4238 3790 4294 aliud
3809 4246 3988 4296 trans-

2264 4317 2377 4378 eat,
2408 4313 2592 4368 multo
2620 4314 2810 4368 minus
2829 4315 2890 4368 id
2910 4319 3427 4377 reverendissimis
3453 4327 3719 4386 clericis
3750 4338 3985 4404 permit-

2263 4411 2471 4472 temus,
2502 4405 2610 4460 rati
2645 4407 2980 4476 hujusmodi
3007 4410 3400 4480 cupiditatem
3445 4423 3748 4490 speciem
3782 4446 3909 4499 prm
3937 4447 3985 4483 se

2265 4498 2410 4552 ferre
2434 4503 2678 4568 quaestus
2705 4505 2762 4553 et
2790 4501 3256 4559 nundinationis.
3290 4509 3616 4568 Caeterum
3654 4519 3707 4572 si
3749 4498 3986 4592 quand.)

537 4594 836 4649 Sancimus
875 4594 1066 4663 igitur,
1100 4597 1156 4647 ut
1186 4593 1643 4648 reverendissimi
1670 4594 1876 4660 clerici,
1911 4597 1967 4648 et
1993 4595 2161 4649 mini-
2181 4600 2241 4672 D
2265 4594 2321 4644 et
2345 4592 2454 4645 hoe
2472 4591 2826 4646 transitionis
2846 4610 3030 4663 genus
3047 4596 3136 4649 vel
3159 4597 3538 4660 beatitudini
3573 4611 3736 4674 tum,
3774 4591 3869 4670 vel
3893 4633 3987 4687 pm

537 4690 782 4742 strantes
821 4688 1106 4753 mulieres,
1149 4689 1204 4740 et
1241 4687 1475 4755 ostiarii,
1527 4687 1625 4758 qui
1668 4687 1740 4740 ad
1787 4688 1938 4741 hunc
1985 4705 2160 4758 usque

537 4776 693 4830 diem
725 4777 784 4830 in
819 4776 1024 4830 eadem
1065 4780 1427 4830 sacrosancta
1461 4776 1678 4846 majore
1716 4776 1953 4830 ecclesia
1992 4779 2159 4830 caete-

535 4870 725 4940 risque
756 4869 930 4924 sacris
957 4869 1176 4923 aedibus
1196 4871 1534 4936 consistunt,
1556 4868 1612 4922 in
1635 4885 1703 4922 ea
1725 4869 1932 4936 forma,
1965 4869 2023 4922 in
2051 4885 2162 4940 qua

530 4963 648 5032 jam
677 4965 808 5016 sunt
839 4965 1239 5034 permaneant.
1275 4964 1466 5034 Neque
1499 4961 1656 5015 enim
1675 4963 1832 5032 quod
1856 4963 2029 5016 modo
2057 4965 2158 5028 est,

536 5055 868 5122 minuimus,
904 5056 1004 5109 sed
1021 5055 1210 5126 potius
1233 5055 1336 5110 ista
1357 5055 1483 5126 lege
1507 5054 1963 5126 complectimur,
1991 5058 2052 5108 ut
2083 5055 2165 5108 fu-

537 5154 664 5202 turo
693 5149 1118 5218 prospiciemus.
1155 5148 1389 5219 Reliquo
1409 5165 1540 5202 vero
1568 5150 1830 5218 tempore
1847 5147 2002 5202 nulla
2033 5164 2160 5202 om-

539 5240 678 5294 nino
707 5241 988 5295 ordinatio
1015 5243 1128 5309 ﬁet,
1163 5243 1346 5296 donec
1368 5242 1440 5295 ad
1467 5245 1719 5296 veterem
1753 5257 2059 5296 numerum
2093 5242 2162 5296 ab

539 5331 675 5403 ipsis
704 5337 912 5387 sanctre
935 5335 1182 5389 ecclesiae
1196 5335 1972 5390 aediﬁcatoribusinstitutum
2000 5350 2160 5388 reve-

545 5425 1014 5480 rcndissimorum
1045 5428 1378 5483 clericorum
1410 5428 1698 5499 quantitas
1718 5431 2055 5482 revertatur.

610 5519 678 5571 Et
707 5534 842 5572 sane
872 5521 1485 5576 reverendissimorum
1507 5521 1847 5576 clericorum
1869 5536 2165 5574 sacrosan-

539 5615 642 5666 ctae
667 5611 902 5682 majoris
918 5615 1166 5668 ecclesiae
1183 5614 1357 5684 regiae
1375 5615 1529 5669 urbis
1543 5617 1753 5668 nostrae
1768 5631 2036 5669 mensura
2051 5631 2167 5668 cer-

540 5706 611 5760 tis
624 5705 832 5759 ﬁnibus
847 5705 1148 5778 descripta,
1168 5707 1292 5760 etin
1309 5711 1526 5762 arctum
1548 5707 1860 5762 admodum
1875 5711 2164 5764 contracta

544 5800 682 5864 erat,
703 5813 815 5866 quo
835 5801 1090 5868 tempore
1110 5799 1228 5852 sola
1251 5798 1436 5852 adhuc
1455 5804 1574 5854 erat
1593 5804 1954 5855 sacrosancta
1981 5800 2168 5872 major

545 5889 800 5942 ecclesia.
831 5891 1138 5962 Postquam
1155 5907 1288 5946 vero
1315 5894 1370 5946 et
1395 5893 1722 5948 veneranda
1734 5893 1936 5948 domus
1956 5898 2164 5950 sanctae

757 6027 778 6042 δ

2263 4687 2524 4753 tempore
2546 4685 2835 4754 maiestati
2855 4686 3253 4755 imperatoriae
3272 4695 3698 4764 probabitur:
3727 4725 3812 4763 ne
3831 4685 3987 4764 aliter

2262 4775 2320 4830 id
2348 4777 2468 4844 fiat,
2503 4776 2610 4830 nisi
2637 4777 2794 4847 prius
2822 4796 2914 4833 res
2944 4781 3071 4851 ipsa
3097 4783 3172 4837 ad
3202 4803 3570 4862 numerum,
3611 4814 3825 4868 quem
3860 4822 3985 4874 pra?-

2262 4868 2532 4934 diximus,
2565 4870 2886 4940 redigatur,
2919 4877 2985 4927 ut
3006 4891 3074 4928 ea
3104 4879 3385 4936 transitio
3420 4883 3488 4938 in
3523 4868 3897 4951 deficientis
3924 4899 3983 4950 Ιο-

2263 4978 2394 5016 cum
2419 4962 2536 5030 fiat,
2566 4980 2755 5033 neque
2784 4971 3346 5036 supernumerarius
3370 4979 3653 5038 omnino
3676 4988 3911 5061 aliquis
3931 4992 3984 5043 ir-

2264 5059 2462 5124 repat;
2495 5055 2653 5109 nulla
2673 5056 2830 5110 enim
2850 5057 2910 5112 id
2925 5061 3375 5121 machinatione
3403 5086 3632 5144 neque
3660 5055 3982 5138 ullo—mode

2261 5147 2386 5202 ﬁeri
2413 5147 2824 5218 permittimus.
2848 5153 3034 5222 Atque
3047 5154 3173 5210 haec
3190 5158 3452 5228 quidem
3480 5165 3567 5221 de
3601 5182 3980 5231 sacrumncta

2262 5240 2482 5311 majore
2523 5241 2782 5298 ecclesia.
2814 5246 2879 5300 In
2921 5247 3200 5303 onmibus
3243 5259 3458 5310 autem
3503 5261 3661 5319 aliis
3707 5272 3979 5326 ecclesiis.

2265 5333 2472 5405 quibus
2492 5351 2772 5405 expensas
2793 5346 3162 5397 sacrosancta
3183 5346 3389 5416 major
3401 5353 3684 5414 ecclesia
3710 5329 3977 5436 ἐπιρροιξὲ

2263 5429 2367 5496 tat,
2403 5427 2706 5497 sancimus,
2737 5433 2798 5484 ut
2815 5431 2912 5503 qui
2937 5433 3048 5488 hoc
3070 5441 3348 5508 tempore
3378 5450 3557 5514 sunt,
3587 5427 3978 5514 consimiliter

2265 5523 2322 5574 et
2345 5521 2450 5592 ipsi
2466 5521 2569 5577 sub
2598 5522 2806 5578 eadem
2833 5525 3022 5580 forma
3045 5540 3369 5603 maneant;
3395 5537 3464 5593 in
3493 5549 3844 5612 posterum
3865 5571 3974 5606 rem

2265 5629 2436 5668 nemo
2453 5615 3124 5690 erdinetur,priusquam
3139 5625 3216 5680 ad
3240 5631 3560 5692 statutum
3580 5643 3894 5720 cujusque
3915 5665 3976 5701 ες.

2265 5707 2452 5762 clesiae
2481 5707 2562 5780 (ut
2581 5712 2801 5780 vocant)
2838 5713 2996 5782 quod
3036 5731 3144 5786 per
3185 5721 3617 5788 aediﬁcatores
3654 5707 3887 5796 barum
3922 5740 3975 5794 al-

2267 5799 2428 5856 initio
2441 5801 2893 5860 determinatam
2915 5808 3022 5876 est,
3045 5811 3566 5886 presbyterorum
3582 5829 3785 5892 simul
3809 5843 3869 5892 et
3885 5837 3976 5890 dia.

2267 5912 2567 5965 cocorum,
2588 5899 2703 5952 tam
2725 5898 2996 5971 marium,
3013 5918 3198 5974 quam
3223 5906 3646 5995 feminarum,
3682 5933 3748 5984 et
3771 5931 3974 5984 summ.
