4022 6400
142 353 250 401 (ΠΣί

1059 348 1419 405 ιῑδΤιΝιΑΝι
1462 350 1787 403 ΝΟνΕιωξ
1828 349 2158 403 SEI.F.CT.£.
2202 348 2509 403 NOVELLA
2550 348 2607 400 Υ.

3418 352 3518 400 926

139 479 449 533 conorum,
481 479 672 534 neque
711 478 825 518 non
853 463 1157 532 lectorum,
1185 467 1503 531 cantorum,
1530 465 1587 516 et
1612 464 1788 519 ostia-
1812 474 1869 546 Α
1891 461 1993 516 rici
2021 460 2499 531 circuinspiciant,
2534 476 2606 514 ne
2634 459 2839 531 reliqui
2872 463 3156 532 sumptus,
3195 459 3291 532 qui
3323 477 3387 517 ex
3433 478 3521 518 ec-

135 559 367 613 riorum
399 575 677 613 numerus
698 559 1013 629 redigatur,
1036 576 1221 631 neque
1245 559 1784 631 quisquaminterea

136 653 420 724 temporis
442 653 767 723 adjiciatur.
794 655 935 708 Nam
965 660 1022 708 et
1050 654 1155 724 ipsi
1187 671 1291 708 nos
1316 656 1779 725 precavehimus,

138 764 213 799 ne
232 747 377 819 quid
399 748 687 818 ejusmodi
712 749 983 802 faciamus
998 748 1393 804 ordinatumve
1414 750 1636 821 aliquos
1654 751 1783 805 mit-

132 846 356 907 tamus,
390 859 579 912 neque
604 842 1041 907 magistratuum
1075 845 1403 898 nostrorum
1434 845 1637 915 aliquis
1665 847 1781 900 tale

131 935 283 1005 quid
314 936 791 1002 faciet,reveritus
820 937 1006 1007 legem
1034 941 1311 1004 nostram,
1339 940 1397 992 et
1414 938 1780 993 beatissimus

130 1030 610 1101 archiepiscopus
632 1034 689 1084 et
713 1031 1036 1100 patriarcha
1055 1032 1222 1101 hujus
1238 1032 1411 1101 regiae
1437 1033 1597 1087 urbis
1627 1037 1781 1104 pote-

128 1128 351 1178 statem
379 1124 616 1179 habebit
637 1124 987 1179 ordinationi
1010 1126 1421 1193 contradicere,
1448 1126 1579 1181 licet
1597 1128 1666 1182 de
1682 1144 1782 1198 pa-

132 1217 278 1271 latio
296 1218 478 1288 jussio
493 1220 788 1288 procedat.
810 1220 953 1273 Nam
975 1223 1031 1273 et
1045 1220 1139 1290 qui
1168 1220 1443 1291 praecipit,
1464 1223 1520 1274 et
1532 1220 1618 1274 cui
1640 1238 1781 1292 prae-

128 1311 369 1381 cipitur,
395 1315 638 1382 uterque
661 1312 763 1366 sub
777 1329 1017 1367 censura
1039 1313 1147 1367 erit
1168 1314 1779 1385 ecclesiastica,siquid

128 1406 251 1459 tale
275 1406 591 1475 peregerit,
625 1406 737 1460 Sed
764 1424 953 1476 neque
997 1406 1053 1460 in
1081 1407 1203 1460 aliis
1235 1408 1645 1479 ecclesiis,qu:e
1675 1409 1775 1462 ali-

130 1503 334 1554 menta
352 1504 410 1554 et
430 1504 692 1570 sumptus
712 1517 777 1554 ex
800 1504 1160 1555 sacrosancta
1178 1502 1391 1571 majore
1411 1502 1647 1556 ecclesia
1661 1519 1775 1556 non

126 1595 380 1659 habent,
400 1594 749 1648 conveniens
761 1598 846 1648 est
864 1599 925 1648 ut
937 1595 1391 1650 ordinandorum
1407 1596 1467 1649 in
1487 1596 1778 1666 ipsis'mul-

124 1687 326 1741 titudo
343 1688 779 1751 intromittatur,
800 1693 896 1741 aut
910 1705 1175 1742 mensura
1190 1689 1354 1743 initio
1373 1689 1430 1742 in
1444 1689 1553 1743 illis
1567 1692 1777 1744 statuta

126 1782 203 1834 de
235 1784 449 1835 caetero
467 1781 919 1847 transcendatur,
946 1799 1016 1835 nc
1039 1782 1269 1852 quando
1293 1783 1386 1853 qui
1410 1800 1570 1837 sacra
1590 1784 1644 1837 in
1667 1783 1776 1836 illis

125 1876 283 1927 oheu
295 1877 377 1943 nt,
404 1874 475 1928 ad
496 1874 841 1929 immensam
863 1845 1289 1929 multitudinem
1310 1845 1572 1947 -delapsi,
1608 1876 1777 1930 inter-
1798 1845 1852 1915 Β

123 1984 247 2039 que
288 1984 348 2021 se
386 1967 599 2021 reditus
621 1985 684 2021 ex
714 1968 938 2037 piorum
972 1969 1269 2022 hominum
1296 1970 1597 2023 collatione
1630 1986 1778 2040 quae-

122 2062 276 2116 sitos
294 2060 595 2132 patientes,
614 2077 718 2114 nec
736 2062 861 2116 illos
874 2062 1075 2115 exinde
1090 2080 1203 2115 sum
1219 2079 1502 2116 mensura!
1515 2063 1773 2117 sufficere

117 2155 491 2219 videntes,in
515 2171 789 2221 magnam
805 2154 1318 2223 animiangustiam
1334 2156 1776 2211 incidant.Sivc-

116 2266 192 2303 ro
217 2250 373 2303 ultra
386 2264 718 2302 mensuram
734 2248 789 2302 in
813 2252 1175 2303 sacrosancta
1190 2250 1407 2319 majore
1428 2250 1776 2304 ccclesiaaut

119 2343 260 2397 aliis
284 2342 536 2396 ecclesiis
558 2346 832 2396 statutam
868 2342 1255 2396 sanctissimus
1291 2344 1771 2414 archiepiscopus,

118 2441 234 2507 qut
254 2438 634 2490 sacrosancta‘
657 2436 860 2505 majori
884 2436 1131 2490 ecclesias
1152 2439 1378 2507 praeest,
1400 2438 1770 2501 ordinaverit,

116 2531 351 2601 Deique
390 2530 774 2584 amantissimi
809 2530 1066 2599 ejusdem
1110 2534 1481 2585 sacrosanctzc
1522 2532 1772 2586 ecclesim

115 2624 425 2679 meonomi
443 2626 736 2694 sumptum
756 2625 826 2677 ad
850 2626 968 2677 haec
992 2625 1061 2677 de
1092 2620 1365 2677 reditibus
1383 2625 1773 2679 ecclesiasticis

118 2717 530 2789 expenderint,
560 2721 677 2771 tam
710 2717 816 2788 ipsi
852 2734 1022 2788 quam
1058 2719 1230 2772 etiam
1272 2718 1636 2774 beatissimus
1674 2736 1770 2790 pa-

114 2812 400 2877 triarcha,
431 2811 529 2882 qui
559 2812 681 2865 haec
705 2811 841 2881 ipsis
864 2812 1228 2882 suppeditare
1251 2813 1530 2883 permisit,
1556 2814 1625 2867 de
1650 2830 1767 2875 suo,

114 2907 153 2959 d
165 2922 325 2977 eque
348 2904 593 2976 propriis
608 2905 971 2959 facultatibus
986 2923 1233 2976 expensa
1250 2906 1569 2961 restituent.
1587 2908 1767 2961 Nove-

114 3001 247 3054 rint
276 2998 458 3063 enim,
482 2999 525 3051 si
550 2998 687 3068 quid
712 3000 821 3053 tale
845 2999 1319 3070 perpetraverint,
1345 3001 1497 3071 quod
1529 3018 1642 3055 non
1676 3019 1768 3055 so-

112 3096 249 3148 lum
275 3091 649 3147 sanctissimis
687 3093 1043 3162 patriarchis,
1078 3094 1173 3162 qui
1214 3094 1353 3148 talia
1373 3095 1624 3164 patranti
1644 3112 1768 3149 suc-

111 3187 361 3251 cedent,
391 3189 447 3240 et
486 3186 765 3240 secuturis
805 3188 1137 3252 crconomis,
1168 3188 1265 3240 sed
1298 3188 1471 3242 etiam
1503 3189 1769 3243 omnibus
1791 3214 1844 3287 Ο

110 3280 354 3335 czrteris
381 3280 879 3333 reverendissimis
904 3281 1120 3333 clericis
1157 3281 1355 3335 talium
1387 3282 1606 3336 curiose
1636 3300 1767 3353 pcr-

110 3374 423 3445 quirendi,
448 3376 653 3427 etcum
677 3374 841 3441 fiunt,
874 3374 1235 3444 prohibendi,
1267 3375 1679 3447 defcrendiquc
1697 3377 1766 3430 ad

106 3467 565 3538 imperatoriam
615 3467 981 3535 majestatem
1019 3471 1362 3537 potestatem
1398 3469 1619 3537 damus,
1655 3487 1768 3540 quo

108 3561 318 3631 magis
336 3561 443 3614 hoc
465 3577 821 3631 cognoscens
843 3561 985 3631 ipsa,
1019 3578 1081 3614 cx
1103 3562 1417 3617 substantia
1446 3580 1770 3618 neconomo-

108 3672 281 3719 rum,
309 3655 403 3725 qui
426 3655 533 3708 hoc
555 3654 817 3719 fecerint,
844 3654 1131 3708 autetiam
1154 3656 1539 3725 permittentis
1554 3658 1769 3711 archie-

107 3748 369 3822 piscopi,
406 3752 780 3802 sacrosancta?
804 3748 1007 3817 majori
1028 3750 1278 3803 ecclesiae
1302 3749 1407 3803 ista
1429 3751 1639 3804 servari
1664 3752 1761 3805 de-

108 3842 391 3911 mandct,
416 3859 485 3894 ne.
508 3858 702 3895 rursus
730 3842 1010 3910 ejusmodi
1035 3843 1295 3897 confusio
1328 3847 1381 3897 et
1412 3845 1766 3915 perturbatio

104 3940 177 3993 in
197 3953 270 3990 ea
286 3952 346 3989 re
368 3935 605 3989 incidat.
624 3934 929 3989 Enimvero
950 3936 1182 4007 negotio
1200 3936 1271 3990 ad
1288 3937 1587 4007 pristinam
1606 3955 1769 3992 men-

106 4046 319 4086 suram
348 4029 602 4093 redacto,
626 4032 759 4083 tunc
782 4029 1023 4083 liberum
1048 4030 1156 4083 erit
1175 4030 1464 4095 ordinare,
1495 4049 1673 4103 usque
1696 4051 1765 4087 eo

107 4131 346 4187 tamen,
366 4138 436 4176 ne
452 4122 662 4177 dictam
678 4140 1011 4177 mensuram
1024 4125 1552 4191 transcendant,aut
1572 4144 1768 4181 nume-

106 4234 254 4273 rum
269 4220 561 4288 superent,
576 4233 718 4271 neve
734 4217 899 4272 dolus
916 4218 1061 4271 circa
1077 4218 1185 4273 hoc
1202 4219 1384 4273 malus
1402 4219 1762 4276 interveniat.

104 4314 324 4382 Neque
351 4310 504 4363 enim
525 4312 639 4365 ullo
662 4315 828 4380 pacto
845 4312 1036 4365 locum
1066 4312 1280 4367 habere
1324 4312 1579 4383 patimur
1611 4315 1765 4386 quod

102 4404 418 4478 plerisque
443 4403 500 4457 in
531 4419 627 4457 ore
657 4406 759 4470 est,
811 4404 1132 4458 facultatem
1180 4405 1413 4476 quidem
1460 4406 1765 4463 ordinandi

101 4500 454 4569 suppetere,
481 4514 596 4551 non
620 4502 813 4552 autem
854 4498 1296 4569 prmliendorum
1330 4500 1761 4556 alimentorum.

1891 555 2214 612 clesiasticis
2236 554 2511 610 reditibus
2530 555 2691 623 fiunt,
2717 554 2884 609 aliter
2903 571 3077 626 quam
3100 555 3157 610 in
3186 555 3308 628 pias
3326 562 3383 613 et
3400 559 3516 614 Deo

1884 652 2119 723 placitas
2135 667 2335 706 causas
2354 650 2738 717 insumantur,
2759 654 2815 703 et
2831 650 2961 705 utin
2983 650 3110 705 illos
3126 653 3514 721 conferantur,

1885 747 1980 817 qui
2003 750 2061 800 et
2082 761 2277 800 revera
2305 747 2500 816 egent,
2518 760 2625 798 nec
2650 743 2878 798 aliunde
2901 744 3118 800 habent
3144 746 3297 800 unde
3325 747 3517 803 vivant

1885 840 2027 911 (11330
2052 839 2206 895 enim
2237 839 2549 894 Dominum
2576 840 2753 893 Deum
2776 838 3075 893 conciliare
3124 841 3347 910 solent),
3394 858 3515 898 non

1881 950 2015 989 vero
2033 951 2138 1005 per
2163 933 2479 1004 patrocinia
2496 935 2553 987 et
2580 932 2880 987 hominum
2911 932 3100 987 studia
3119 933 3180 988 in
3204 936 3515 1006 locupletes

1883 1028 2230 1083 distribuant
2260 1045 2325 1082 ea
2345 1043 2471 1099 qua:
2502 1027 2577 1082 ad
2593 1026 3005 1081 ecclesiasticos
3027 1032 3287 1100 sumptus
3314 1047 3515 1102 suppe-

1881 1126 2028 1188 tunt,
2049 1120 2323 1175 utexinde
2340 1124 2573 1191 egentes
2586 1121 2712 1174 vita:
2729 1121 3061 1175 necessariis
3079 1122 3511 1178 defraudentur.

1880 1216 2151 1270 Noverint
2180 1215 2336 1270 enim
2367 1214 2469 1269 Dei
2499 1214 2877 1269 amantissimi
2915 1216 3220 1283 oeconomi,
3255 1220 3373 1271 tam
3416 1217 3513 1288 qui

1883 1326 2054 1378 nunc,
2078 1326 2255 1380 quam
2279 1308 2372 1379 qui
2398 1308 2535 1362 olim
2564 1325 2668 1379 pro
2692 1311 2951 1379 tempore
2975 1309 3146 1363 futuri
3183 1314 3334 1377 sunt,
3357 1311 3513 1381 quod

1881 1404 1924 1457 si
1954 1403 2092 1473 quid
2118 1403 2176 1457 in
2195 1403 2284 1457 his
2310 1402 2679 1473 deliquerint,
2706 1419 2819 1456 non
2840 1405 3064 1456 tantum
3088 1403 3268 1473 pinnis
3284 1405 3516 1458 cmlesti—

1878 1498 1983 1551 bus
2006 1501 2175 1551 erunt
2196 1496 2445 1561 obnoxii,
2463 1496 2562 1550 sed
2585 1495 2755 1551 etiam
2779 1497 2847 1550 de
2872 1497 3187 1551 substantia
3202 1515 3302 1552 sua
3331 1515 3518 1553 sacro-

1878 1594 2087 1645 sancta}
2108 1590 2352 1644 scclesiaz
2368 1590 2809 1644 indemnitatem
2825 1591 3201 1660 prmstabunt.
3215 1592 3514 1647 Sancimus

1879 1684 2070 1753 igitur,
2094 1688 2155 1738 ut
2174 1683 2472 1738 beatitudo
2501 1686 2620 1749 tua,
2645 1700 2773 1754 quae
2802 1684 2963 1739 initio
2994 1687 3051 1738 et
3080 1703 3112 1739 a
3152 1688 3354 1739 tenera
3388 1703 3513 1756 pro-

1878 1778 2193 1848 pemodum
2227 1780 2394 1831 astate
2424 1795 2527 1848 per
2555 1794 2754 1832 omnes
2783 1779 3164 1833 sacerdotales
3203 1779 3415 1850 gradus
3454 1785 3512 1835 et

1880 1872 2190 1942 dignitates
2211 1875 2630 1926 sacrosanctam
2660 1873 2957 1927 exornavit
2973 1873 3298 1941 Ecclesium,
3317 1876 3509 1944 utpote

1878 1982 2000 2035 qua.)
2027 1983 2091 2018 ex
2119 1964 2509 2019 sacerdotibus
2528 1965 2701 2020 etiam
2725 1983 2907 2036 genus
2925 1969 2981 2020 et
3003 1966 3287 2038 originem
3316 1967 3505 2033 ducat,

1878 2060 1931 2113 in
1966 2062 2308 2129 perpetuum
2347 2059 2648 2127 custodiat,
2675 2064 2830 2114 certo
2860 2060 3120 2127 scientes,
3158 2077 3271 2114 non
3320 2060 3510 2114 minus

1880 2154 2043 2207 nobis
2078 2158 2570 2208 sacrosanctarum
2622 2154 2991 2207 ecclesiarum
3024 2154 3333 2209 commoda
3358 2170 3508 2208 curae

1877 2265 2019 2315 esse,
2049 2265 2225 2319 quam
2254 2247 2435 2318 ipsam
2457 2247 2651 2301 vitam.
2683 2248 2805 2302 Dat.
2840 2264 2947 2303 xvu
2979 2248 3219 2303 Kalend.
3246 2248 3420 2320 April.
3448 2248 3502 2301 d.

1878 2361 1933 2396 n.
1975 2342 2121 2395 Bilis.
2158 2358 2190 2393 v
2220 2358 2269 2395 c.
2304 2357 2460 2396 cons.

2486 2440 2802 2494 NOVELLA
2829 2442 2889 2493 V.

1933 2534 2006 2584 De
2031 2532 2365 2583 monasteriis
2390 2534 2439 2584 et
2460 2531 2753 2593 monachis,
2787 2534 2839 2583 et
2867 2545 3047 2584 eorum
3079 2532 3432 2585 antistitibus.

1944 2625 2262 2694 Imperator
2294 2623 2643 2677 Justinianus
2673 2625 2959 2693 Augustus
2992 2623 3334 2694 Epiphanio,
3369 2641 3500 2677 san-

1873 2717 2120 2772 ctissimo
2143 2720 2199 2770 et
2222 2717 2553 2771 beatissimo
2572 2717 2743 2787 hujus
2761 2717 2934 2787 regite
2960 2717 3113 2771 urbis
3134 2717 3504 2789 archiepisco-

1874 2828 1965 2881 po,
1997 2811 2229 2882 ejusque
2263 2810 2507 2865 universi
2542 2814 2753 2865 tractus
2783 2810 3144 2881 patriarchae.

1943 2905 2403 2959 Conversationis
2429 2904 2788 2959 monachalis
2808 2905 2923 2958 vita
2937 2904 3012 2959 sic
3035 2905 3277 2959 honesta
3305 2908 3407 2971 est,
3424 2906 3502 2958 sic

1871 2999 2267 3053 commendare
2295 2998 2449 3053 novit
2476 2999 2587 3053 Deo
2617 2999 2686 3052 ad
2709 2999 2817 3053 hoc
2839 2999 3153 3053 venientem
3188 2998 3500 3067 hominem,

1872 3098 1933 3145 ut
1959 3109 2186 3147 omnem
2219 3094 2527 3147 humanam
2558 3093 2680 3163 ejus
2709 3092 2985 3147 maculam
3015 3093 3287 3163 detergat,
3320 3095 3377 3147 et
3402 3109 3504 3164 pu-

1872 3203 2001 3240 rum
2032 3203 2097 3240 ac
2123 3186 2445 3241 rationabili
2479 3190 2685 3240 natura
2710 3186 3023 3255 decentem,
3056 3192 3112 3242 ct
3138 3186 3387 3258 plurima
3414 3203 3501 3241 se-

1870 3281 2118 3334 cundum
2147 3285 2395 3334 mentem
2416 3283 2764 3350 Operantem,
2789 3284 2845 3335 et
2874 3281 3136 3335 humanis
3157 3280 3503 3351 cogitationi-

1870 3374 1973 3426 bus
1999 3374 2291 3428 celsiorem
2320 3374 2534 3428 reddat.
2565 3373 2617 3428 Si
2648 3372 2775 3444 quis
2802 3373 2977 3444 igitur
3002 3374 3226 3428 futurus
3255 3378 3338 3428 est
3365 3391 3487 3428 mo-

1870 3468 2082 3523 nachus
2126 3468 2425 3539 perfectus,
2467 3468 2686 3538 indiget
2709 3472 2763 3522 et
2790 3467 3106 3522 divinorum
3139 3467 3500 3539 eloquiorum

1869 3561 2206 3630 eruditione,
2238 3566 2295 3615 et
2343 3560 2777 3615 conversationis
2827 3560 3172 3632 integritate,
3226 3566 3290 3616 ut
3344 3564 3501 3617 tanta

1870 3655 2079 3726 dignus
2106 3656 2283 3709 factus
2311 3655 2381 3709 sit
2410 3655 2740 3709 mutatione.

1937 3748 2228 3803 Credimus
2250 3749 2428 3820 igitur
2446 3754 2503 3803 et
2526 3766 2628 3802 nos
2650 3748 2950 3819 explanare
2970 3749 3105 3819 quid
3122 3749 3405 3820 agendum
3431 3750 3499 3803 ab

1868 3843 1946 3897 eis
1982 3843 2073 3909 sit,
2121 3848 2175 3897 et
2219 3844 2590 3897 decertatores
2629 3860 2722 3897 eos
2762 3860 2919 3897 veros
2960 3844 3026 3897 ad
3089 3860 3299 3897 sacram
3352 3843 3498 3898 viam

1867 3937 2227 3992 constituere.
2260 3940 2325 3993 Et
2351 3937 2429 3991 ita
2454 3937 2615 3991 nobis
2642 3937 2881 3993 intentio
2907 3937 3202 4009 prmsentis
3230 3942 3314 3992 est
3334 3937 3498 4009 legis,

1866 4038 1929 4085 ut
1952 4035 2077 4102 post
2094 4031 2206 4100 illa,
2229 4048 2354 4103 quae
2375 4032 2441 4087 de
2466 4031 2831 4087 sanctissimis
2857 4031 3135 4103 episcopis
3161 4031 3499 4087 sancivimus

1867 4131 2059 4196 etquae
2080 4126 2148 4180 de
2172 4126 2647 4181 reverendissimis
2663 4126 2878 4180 clericis
2900 4126 3300 4197 disposuimus,
3317 4143 3501 4198 neque

1865 4219 2013 4290 quod
2047 4221 2420 4275 monasticum
2460 4222 2562 4287 est,
2595 4224 2753 4275 extra
2796 4225 3212 4291 competentem
3258 4220 3500 4275 formam

1864 4312 2275 4384 relinquamus.
2309 4314 2452 4369 lllud
2476 4314 2655 4385 igitur
2679 4318 2810 4369 ante
2836 4314 2947 4369 alia
2973 4314 3276 4369 dicendum
3303 4318 3404 4381 est,
3439 4318 3503 4369 ut

1864 4423 2203 4479 quocunque
2228 4411 2479 4479 tempore
2502 4413 2556 4462 et
2571 4425 2908 4479 quocunque
2926 4408 3050 4462 loco
3072 4408 3198 4479 quis
3222 4408 3500 4463 aedificare

1863 4500 2179 4555 venerabile
2215 4501 2616 4555 monasterium
2654 4501 2916 4568 voluerit,
2948 4517 3062 4555 non
3092 4501 3248 4571 prius
3272 4501 3499 4556 licentia

105 4592 177 4649 Si
213 4590 453 4661 quidem
474 4592 583 4645 hoc
610 4592 819 4645 iterum
848 4591 1075 4646 illorum
1101 4598 1203 4660 est,
1234 4595 1329 4665 qui
1367 4595 1766 4650 confusionem
1785 4589 1844 4661 D
1867 4595 1937 4648 sit
1956 4596 2061 4649 hoc
2087 4596 2312 4661 agendi,
2345 4611 2517 4667 quam
2550 4596 2662 4649 Deo
2681 4595 2981 4649 amabilem
3009 4595 3261 4649 locorum
3277 4595 3496 4665 cpisco-

103 4685 382 4760 pariunt,
422 4687 521 4739 aut
543 4701 715 4755 super
746 4687 1076 4741 numeraria
1103 4687 1425 4757 adjectione
1453 4691 1633 4743 altera
1659 4707 1763 4761 pro

111 4801 150 4835 ιι
168 4779 262 4833 nis
284 4778 527 4849 collegia
554 4778 928 4848 constituunt,
954 4781 1272 4851 praisertim
1304 4799 1433 4837 cum
1464 4784 1674 4837 multas
1700 4802 1766 4838 ea

101 4892 215 4929 res
244 4871 802 4943 circumscriptiones
820 4875 1115 4945 producat,
1140 4878 1202 4929 ut
1232 4877 1335 4929 sub
1356 4880 1636 4947 praetextu
1661 4879 1760 4933 ali-

100 4966 428 5025 mentariae
456 4967 840 5037 priestationis
866 4969 1004 5023 alias
1032 4969 1135 5023 sibi
1159 4970 1275 5023 vias
1304 4972 1640 5026 insatiabilis
1666 4990 1761 5027 cu-

90 5061 353 5135 jusdam
393 5060 645 5115 avaritize
674 5060 984 5116 inveniant.
1019 5064 1132 5118 Hoc
1158 5063 1335 5133 igitur
1365 5066 1537 5120 etiam
1575 5067 1762 5137 ipsum

98 5154 245 5213 fieri
272 5153 646 5224 prohibemus
674 5157 732 5208 et
766 5155 868 5209 sub
900 5173 1198 5210 censuram
1223 5158 1307 5229 (ut
1336 5160 1645 5229 appellant)
1671 5178 1759 5216 ec-

99 5247 503 5306 clesiasticam
531 5247 888 5314 deducimus,
922 5266 1133 5320 magno
1163 5251 1284 5304 usui
1320 5252 1572 5307 futurum
1607 5254 1759 5308 arbi-

99 5344 361 5406 trantes,
390 5341 437 5395 si
464 5345 886 5396 sacrosanctam
922 5344 1201 5413 majorem
1241 5346 1541 5400 ecclesiam
1574 5364 1761 5418 neque

98 5434 502 5493 creditoribus
535 5434 865 5502 obnoxiam,
900 5452 1084 5507 neque
1113 5437 1283 5491 rebus
1309 5440 1565 5507 angustis
1612 5441 1758 5495 aflli-

94 5536 293 5594 ctam,
328 5544 517 5598 neque
544 5531 823 5599 perpetuo
842 5534 1133 5600 egentem,
1159 5531 1257 5585 sed
1278 5532 1539 5585 omnium
1563 5548 1758 5589 rerum

94 5622 287 5695 copia
318 5621 715 5675 abundantem
745 5638 1066 5677 cernamus.

184 5713 704 5781 Quemadmodum
733 5718 922 5769 autem
947 5717 1015 5770 ad
1043 5734 1168 5772 eam
1192 5717 1543 5789 pertinentes
1566 5736 1755 5791 sump-

96 5819 201 5868 tus
226 5810 389 5863 certa
409 5807 523 5861 fine
538 5807 960 5878 descripsimus,
987 5812 1062 5865 ita
1084 5812 1367 5879 convenit,
1402 5818 1459 5866 ut
1479 5813 1760 5867 sanctissi-

97 5921 247 5962 mus
276 5918 381 5973 pro
411 5906 672 5971 tempore
695 5902 1021 5970 patriarcha
1048 5908 1104 5959 et
1144 5906 1609 5961 reverendissimi
1647 5908 1755 5961 cle-

1864 4705 2002 4760 pum
2031 4689 2277 4742 advocet.
2306 4691 2376 4742 At
2406 4688 2500 4742 ille
2531 4688 2795 4743 extendat
2821 4705 3025 4743 manus
3052 4689 3122 4743 ad
3169 4689 3392 4756 ccelum,
3442 4692 3499 4744 et

1863 4799 1968 4854 per
1986 4782 2297 4837 orationem
2328 4782 2515 4837 locum
2545 4787 2834 4838 consecret
2860 4784 2991 4851 Deo,
3032 4781 3212 4854 ﬁgens
3241 4783 3299 4836 in
3325 4799 3390 4836 eo
3417 4800 3497 4838 sa-

1864 4876 1994 4930 lutis
2020 4881 2223 4931 nostrae
2271 4877 2495 4948 signum
2535 4876 2792 4946 (dicimus
2829 4879 3019 4930 autem
3054 4876 3395 4931 adorandam
3441 4881 3497 4931 et

1863 4986 1991 5023 vere
2012 4970 2402 5025 honorandam
2429 4972 2694 5039 crucem),
2724 4970 3145 5041 sicqueinchoet
3168 4970 3493 5037 aedilicium,

1863 5064 2076 5119 bonum
2104 5064 2299 5136 utique
2326 5065 2609 5135 quoddam
2639 5065 2696 5119 in
2724 5065 2828 5119 hoc
2856 5068 2910 5119 et
2938 5064 3141 5120 decens
3166 5064 3497 5119 fundamen-

1862 5163 1985 5213 tum
2013 5174 2228 5229 ponens
2255 5158 2398 5227 hoc;
2440 5159 2629 5229 itaque
2657 5158 3000 5230 principium
3040 5158 3147 5230 pia:
3199 5158 3493 5213 venerabi-

1863 5252 2005 5306 lium
2029 5252 2500 5306 monasteriorum
2527 5252 2754 5307 fabrica:
2784 5253 2899 5307 ﬁat.

1935 5346 2071 5400 Hinc
2098 5351 2289 5401 autem
2319 5346 2480 5400 nobis
2510 5346 2681 5401 etiam
2714 5346 2782 5400 de
2813 5346 3050 5418 singulis
3085 5347 3372 5402 monachis
3398 5364 3492 5402 co-

1865 5440 2155 5511 gitandum
2182 5443 2286 5509 est,
2314 5456 2428 5511 quo
2458 5439 2754 5495 conveniat
2773 5439 2896 5495 ﬁeri
2924 5441 3111 5507 modo,
3140 5446 3195 5495 et
3227 5444 3414 5496 utrum
3435 5441 3498 5496 li-

1861 5534 2025 5589 beros
2054 5534 2256 5603 solum,
2287 5539 2385 5588 aut
2412 5534 2585 5588 etiam
2612 5534 2756 5589 forte
2782 5550 2995 5603 servos,
3027 5552 3093 5590 eo
3120 5535 3266 5606 quod
3296 5549 3491 5589 omnes

1861 5627 2121 5682 similiter
2146 5628 2333 5682 divina
2351 5628 2595 5699 suscepit
2618 5628 2797 5699 gratia
2816 5629 3129 5699 praedicans
3150 5627 3491 5700 palam,quia

1862 5726 2139 5791 quantum
2169 5722 2240 5776 ad
2270 5722 2363 5775 Dei
2401 5722 2616 5775 cultum
2661 5738 2776 5775 non
2820 5728 2901 5776 est
2950 5722 3247 5786 masculus,
3303 5735 3489 5790 neque

1858 5813 2087 5881 femina,
2122 5830 2303 5885 neque
2337 5814 2496 5879 liber,
2531 5831 2714 5886 neque
2759 5832 2969 5883 servus,
3001 5829 3196 5868 omnes
3226 5812 3377 5866 enim
3430 5812 3486 5865 in

1860 5907 2079 5962 Christo
2119 5923 2292 5963 unam
2328 5908 2646 5963 mercedem
2698 5907 3003 5979 percipere.
3035 5905 3322 5961 Sancimus
3353 5920 3487 5977 ergo
