4022 6484
472 356 573 409 927

1603 359 1854 416 S/ECUIJ
1894 355 2081 413 SEXTI
2122 353 2670 412 SUI’I’LEMENTUM.

3753 356 3856 415 928

475 482 656 522 sacras
699 471 995 539 sequentes
1028 468 1272 536 regulas,
1317 483 1410 521 eos
1453 468 1552 539 qui
1577 469 1924 542 singularem
1950 485 2086 525 con-
2112 473 2170 547 Α
2187 461 2320 532 quia
2347 465 2653 520 monastica
2669 466 2873 538 dignus
2899 472 2984 522 est
3014 468 3329 538 honestate,
3361 471 3607 522 maneat
3635 466 3702 521 in
3728 483 3858 521 mo-

467 561 837 616 versationem
874 561 1234 632 proﬁtentur,
1278 577 1390 616 non
1416 567 1677 634 prompte
1709 581 1837 618 mox
1871 581 1904 618 a
1931 580 2088 619 reve—

470 654 814 710 rendissimis
839 654 1174 724 praesulibus
1199 655 1603 711 venerabilium
1625 657 2092 713 monasteriorum

470 747 724 802 habitum
770 749 1060 819 percipere
1086 747 1500 816 monachalem,
1530 752 1624 805 sed
1651 767 1752 822 per
1779 751 2089 806 triennium

468 843 650 895 totum
695 841 828 910 (sive
871 841 1035 896 liberi
1081 842 1225 896 forte
1277 843 1408 911 sint,
1461 844 1575 898 sive
1629 844 1786 912 servi)
1827 845 2088 912 tolerare,

475 935 720 989 nondum
748 937 1114 1009 monasticum
1145 937 1402 991 habitum
1428 943 1833 1008 promerentes,
1866 939 2092 993 sedton-

469 1045 598 1082 sura
630 1033 686 1083 et
709 1034 859 1083 veste
886 1046 1085 1084 eorum
1113 1030 1206 1100 qui
1233 1031 1357 1084 laici
1389 1036 1680 1097 vocantur,
1711 1031 1796 1085 uti
1823 1037 1879 1086 et
1905 1049 2092 1087 mane—

474 1139 550 1189 re,
579 1123 656 1176 sic
683 1123 872 1177 divina
911 1123 1255 1177 addiscentes
1297 1125 1536 1195 eloquia.
1583 1127 1648 1180 Et
1689 1126 2088 1180 reverendissi-

472 1232 594 1270 mos
628 1232 824 1270 eorum
872 1216 1100 1272 abbates
1146 1218 1434 1289 requirere
1469 1234 1582 1285 eos,
1614 1219 1728 1272 sive
1764 1218 1930 1273 liberi
1958 1219 2088 1285 sint,

469 1309 582 1363 sive
607 1309 773 1376 servi,
803 1313 859 1363 et
889 1310 1036 1364 unde
1063 1311 1144 1364 eis
1173 1310 1516 1365 desiderium
1532 1311 1659 1366 vitae
1687 1311 1989 1382 singularis
2005 1327 2092 1364 ac-

467 1401 714 1467 cesserit,
743 1405 800 1456 et
825 1403 1104 1457 discentes
1129 1404 1198 1457 ab
1225 1403 1307 1457 eis
1325 1404 1459 1474 quia
1478 1404 1635 1458 nulla
1650 1404 1898 1474 maligna
1929 1419 2088 1458 occa-

469 1495 549 1549 sio
578 1495 647 1550 ad
677 1496 781 1566 hoc
807 1512 900 1550 eos
919 1495 1160 1562 induxit,
1193 1501 1250 1551 et
1277 1497 1485 1551 habere
1512 1513 1606 1550 eos
1637 1497 1784 1551 inter
1819 1497 1962 1564 illos,
1991 1495 2092 1567 qui

464 1589 648 1644 adhuc
675 1590 965 1656 docentur,
1011 1593 1180 1660 atque
1223 1593 1545 1654 monentur,
1589 1594 1645 1644 et
1691 1590 2083 1660 experimento

467 1683 757 1752 percipere
805 1698 1002 1736 eorum
1039 1681 1410 1751 tolerantiam,
1443 1687 1500 1737 et
1535 1683 1928 1752 honestatem;
1977 1698 2092 1738 non

467 1775 617 1829 enim
643 1775 818 1828 facilis
845 1778 926 1829 est
943 1775 1071 1829 vitae
1088 1775 1387 1830 hominum
1411 1775 1667 1844 mutatio,
1691 1776 1786 1830 sed
1817 1791 1949 1830 cum
1975 1775 2094 1830 ani-

2191 556 2458 612 nasterio.
2489 557 2850 631 Nequaquam
2873 561 3026 616 enim
3044 561 3244 616 damus
3274 561 3580 616 licentiam
3611 560 3723 616 ulli
3751 577 3854 632 pe-

2189 648 2338 703 nitus
2362 653 2722 720 perscrutari,
2752 669 2879 724 quae
2903 655 3026 724 ejus
3051 659 3204 722 sunt,
3236 655 3336 709 sed
3381 654 3504 710 sive
3534 654 3711 724 liber,
3743 653 3864 709 sive

2190 757 2382 796 servus
2423 743 2512 812 sit,
2552 762 2780 800 manere
2827 763 2959 800 eum
2991 747 3051 802 in
3076 749 3515 802 conversatione
3562 747 3857 802 volumus.

2190 837 2325 888 Nam
2355 839 2421 910 et~
2435 837 2480 890 si
2507 838 2708 892 vitium
2737 839 2796 893 in
2821 840 2993 910 priori
3021 841 3091 894 ab
3119 857 3184 894 eo
3210 841 3358 896 forte
3387 847 3632 912 gestum
3663 846 3751 895 est
3777 841 3862 894 vi-

2189 933 2243 981 ta
2261 928 2528 997 (humana
2553 931 2704 986 enim
2733 937 2933 986 natura
2955 934 3380 1004 quodammodo
3402 935 3631 988 labitur
3659 935 3738 988 ad
3762 935 3864 988 de-

2191 1021 2359 1091 licta),
2393 1027 2640 1077 attamen
2670 1026 2876 1079 sufﬁcit
2921 1026 2991 1080 ad
3028 1028 3375 1082 mediocrem
3433 1028 3869 1099 purgationem

2191 1119 2566 1182 peccatorum,
2622 1123 2676 1170 et
2730 1118 2800 1171 ad
2847 1119 3072 1172 virtutis
3109 1124 3500 1191 augmentum
3553 1120 3872 1176 triennalis

2190 1207 2463 1278 temporis
2481 1209 2888 1266 testimonium.
2905 1213 2979 1266 Ea
2999 1229 3133 1267 vero
3159 1231 3290 1285 quas.
3318 1220 3492 1285 rapta
3522 1220 3688 1284 sunt,
3713 1215 3873 1286 apud

2191 1315 2556 1372 quoscunque
2569 1303 2799 1357 tandem
2819 1304 3203 1372 inveniantur,
3227 1307 3418 1361 modis
3435 1308 3726 1362 omnibus
3742 1308 3871 1363 red-

2191 1391 2395 1446 dantur
2435 1392 2618 1464 prisco
2653 1395 2900 1451 domino.
2942 1398 2998 1452 Si
3027 1415 3162 1453 vero
3189 1401 3406 1454 servitii
3449 1401 3873 1456 necessitatem

2191 1483 2485 1555 effugiens,
2517 1489 2814 1544 tentaverit
2843 1491 3256 1546 monasterium
3299 1493 3550 1563 quidem
3606 1494 3870 1548 derelin-

2191 1594 2383 1648 quere,
2415 1579 2584 1633 aliam
2612 1585 2803 1636 autem
2832 1583 2962 1637 vitae
2988 1585 3192 1638 sectari
3228 1585 3512 1656 ﬁguram,
3567 1587 3876 1642 licentiam

2191 1669 2388 1724 damus
2400 1671 2627 1726 domino
2669 1674 2955 1729 retrahere
2985 1691 3142 1745 eum,
3171 1681 3228 1732 et
3253 1679 3537 1749 probanti
3567 1680 3876 1734 fortunam

2190 1761 2338 1816 inter
2383 1779 2570 1818 servos
2623 1765 2866 1822 habere:
2920 1785 3037 1822 non
3073 1770 3231 1824 enim
3281 1771 3578 1842 injuriam
3613 1773 3879 1844 patietur

469 1884 576 1922 mae
603 1883 810 1938 magno
837 1868 901 1924 ﬁt
936 1867 1148 1922 labore.
1194 1869 1261 1922 Et
1307 1885 1436 1922 cum
1465 1868 1710 1923 triennio
1755 1872 1872 1924 toto
1920 1867 1980 1922 in
2027 1837 2168 1922 eaB
2191 1858 2413 1926 tantam,
2433 1857 2504 1911 ad
2523 1874 2719 1912 verum
2739 1859 3031 1916 servitium
3057 1866 3364 1932 retractus,
3396 1871 3712 1936 quantum
3741 1867 3869 1938 ipse

465 1960 578 2015 vita
602 1961 1040 2032 permanserint,
1071 1959 1312 2031 optimos
1333 1961 1660 2032 semetipsos
1689 1966 1745 2016 et
1775 1961 2092 2016 tolerabiles

465 2053 586 2108 aliis
613 2053 907 2108 monachis
933 2057 988 2108 et
1015 2054 1244 2124 praasuli
1269 2055 1737 2119 demonstrantes,
1763 2055 1866 2109 hos
1892 2071 2088 2109 mona-

465 2146 661 2200 sticam
689 2146 997 2217 promereri
1021 2151 1254 2214 vestem,
1283 2151 1451 2218 atque
1471 2151 1784 2214 tonsuram,
1819 2152 1876 2201 et
1893 2148 2004 2202 sive
2027 2147 2092 2202 li-

465 2233 586 2289 beri
612 2235 744 2303 sint,
774 2235 892 2290 sine
922 2235 1210 2290 calumnia
1238 2252 1590 2306 permanere,
1633 2236 1747 2290 sive
1787 2235 1951 2304 servi,
1988 2252 2088 2307 pe-

465 2327 616 2382 nitus
659 2344 771 2382 non
817 2329 1115 2399 inquietari
1147 2329 1456 2399 migrantes
1485 2330 1554 2384 ad
1581 2345 1941 2384 communem
1972 2345 2091 2384 om-

465 2420 645 2476 nium.
691 2419 939 2476 Dicimus
978 2426 1163 2476 aatem
1201 2421 1484 2476 caelestem
1528 2421 1856 2488 Dominum,
1893 2421 1988 2476 sed
2033 2421 2092 2476 in

467 2514 787 2568 libertatem
815 2515 977 2586 eripi.
1006 2514 1146 2569 Nam
1175 2515 1222 2568 si
1247 2515 1306 2570 in
1332 2515 1526 2570 multis
1550 2515 1766 2569 casibus
1811 2515 1983 2569 etiam
2020 2530 2088 2569 ex

464 2607 589 2677 lege
619 2607 725 2662 hoc
748 2607 832 2673 ﬁt,
855 2613 911 2662 et
935 2607 1058 2662 talis
1078 2609 1338 2679 quaedam
1357 2593 1586 2663 libertas
1602 2607 1788 2674 datur,
1809 2607 2090 2678 quomodo

463 2716 578 2755 non
621 2701 946 2772 praevalebit
987 2701 1177 2756 divina
1215 2701 1392 2772 gratia
1418 2701 1622 2756 talibus
1668 2717 1761 2756 eos
1804 2700 2090 2756 absolvere

462 2793 698 2848 vinculis
719 2795 746 2848 ?
773 2794 831 2849 Si
856 2810 987 2848 vero
1015 2795 1164 2850 intra
1186 2795 1496 2849 triennium
1524 2794 1742 2849 venerit
1787 2793 2086 2865 quispiam,

464 2890 521 2941 et
547 2886 795 2957 aliquem
814 2887 1042 2954 horum,
1055 2887 1154 2958 qui
1178 2887 1655 2942 conversationem
1675 2887 1910 2958 professi
1935 2890 2086 2954 sunt,

463 2979 784 3035 abstrahere
809 2984 1081 3052 tanquam
1101 2996 1326 3034 servum
1345 2980 1602 3046 voluerit,
1631 2981 1736 3034 hoc
1764 2979 1912 3050 quod
1929 2977 2089 3034 nobis

463 3088 648 3143 nuper
681 3089 751 3126 ex
776 3073 942 3142 Lycia
967 3072 1252 3127 nuntiavit
1275 3073 1526 3127 Zosimus
1554 3073 1666 3126 Deo
1694 3072 1969 3141 amabilis,
2003 3071 2088 3126 vir

463 3165 869 3220 famosissimas
908 3165 967 3219 in
1004 3166 1440 3234 conversatione,
1473 3170 1529 3219 et
1556 3182 1732 3236 prope
1761 3165 2086 3220 vicesimum

466 3263 522 3314 et
558 3259 928 3313 centesimum
961 3259 1140 3312 aetatis
1167 3275 1341 3328 agens
1366 3275 1600 3326 annum,
1640 3258 1858 3329 pollens
1895 3263 2087 3314 autem

465 3355 522 3406 et
545 3351 719 3405 animi
769 3351 1070 3406 virtutibus
1105 3355 1162 3406 et
1204 3351 1453 3424 corporis
1487 3351 1920 3422 operationibus,
1959 3351 2092 3422 quia

464 3449 618 3501 tanta
646 3446 908 3518 quaedam
937 3447 994 3500 in
1023 3463 1088 3501 eo
1118 3447 1298 3516 gratia
1328 3447 1422 3502 Dei
1459 3446 1641 3502 ﬂoret.
1673 3447 1730 3501 Si
1758 3447 1884 3518 quis
1913 3446 2091 3518 igitur

462 3526 625 3606 (sicut
660 3539 1044 3610 prwdiximus)
1086 3539 1236 3594 intra
1271 3539 1582 3595 triennium
1623 3539 1810 3596 veniat
1843 3540 2090 3612 aliquem

463 3649 658 3688 eorum
692 3633 792 3705 qui
817 3633 1012 3688 volunt
1037 3649 1156 3688 esse
1201 3638 1258 3688 et
1297 3649 1655 3704 perseverare
1703 3634 1987 3700 monachi,
2026 3635 2088 3690 in

463 3726 788 3782 servitutem
813 3729 1112 3794 tracturus,
1145 3729 1200 3780 et
1227 3725 1374 3780 dicat
1399 3727 1549 3798 quod
1570 3727 1881 3798 abripuerit
1918 3744 2084 3798 quas-

462 3820 591 3874 dam
623 3835 731 3888 res,
760 3823 816 3874 et
850 3823 1148 3890 propterea
1190 3820 1493 3874 recurrerit
1539 3820 1610 3874 ad
1656 3820 2082 3888 monasterium,

461 3912 740 3966 sancimus
753 3928 885 3967 eum
903 3928 1017 3966 non
1029 3915 1292 3982 prompte
1311 3928 1499 3981 agere,
1529 3913 1624 3967 sed
1649 3912 1835 3983 primo
1847 3913 2085 3983 probare

461 4021 564 4075 pro
588 4005 843 4074 veritate,
873 4005 1006 4075 quia
1039 4009 1094 4058 et
1119 4019 1312 4059 servus
1339 4007 1440 4072 est,
1471 4008 1528 4060 et
1554 4021 1657 4075 pro
1680 4005 1831 4059 furto
1876 4005 2081 4074 forsan,

462 4101 562 4152 aut
589 4113 694 4168 pro
718 4096 832 4151 vita
855 4097 1122 4167 maligna,
1155 4101 1252 4151 aut
1281 4113 1384 4168 pro
1407 4097 1556 4152 vitiis
1579 4097 1838 4168 pessimis
1871 4098 2086 4169 fugerit

461 4191 712 4261 quidem,
728 4194 960 4260 propter
989 4206 1155 4244 suum
1175 4192 1360 4244 autem
1378 4189 1575 4244 vitium
1591 4191 1662 4245 ad
1680 4191 2084 4246 monasterium

460 4283 696 4338 venerit.
728 4284 793 4337 Et
812 4283 855 4336 si
881 4283 1110 4353 quidem
1131 4299 1300 4336 verax
1317 4282 1648 4349 ostenditur,
1679 4288 1735 4337 et
1758 4284 2086 4355 apparuerit

459 4380 688 4446 propter
713 4375 1037 4446 hujusmodi
1067 4392 1292 4430 causam
1333 4377 1700 4430 monosticam
1728 4393 1862 4430 eum
1901 4377 2080 4431 simu-

457 4471 598 4524 lasse
626 4469 1127 4537 conversationem,
1156 4474 1254 4523 aut
1279 4473 1509 4540 propter
1521 4469 1928 4540 turpitudinem
1955 4471 2082 4524 vitae

2192 1950 2267 2019 inj
2279 1950 2488 2005 uriatus
2513 1958 2597 2007 est
2617 1953 2710 2007 Dei
2726 1955 3005 2012 culturam
3023 1957 3340 2028 refugiens.
3361 1961 3449 2014 Ex
3475 1960 3597 2015 hoc
3629 1961 3881 2032 quidem

2191 2042 2259 2096 de
2288 2043 2517 2098 fortuna
2551 2045 2752 2100 horum
2781 2048 2878 2118 qui
2903 2049 3053 2104 inter
3094 2053 3413 2106 monachos
3454 2054 3742 2125 profiteri
3791 2072 3884 2109 vo-

2190 2135 2313 2189 lunt
2340 2138 2638 2193 sancimus.
2665 2141 3040 2212 Cogitandum
3070 2160 3204 2198 vero
3231 2150 3336 2214 est,
3373 2149 3695 2218 quomodo
3727 2149 3883 2221 ipsos

2191 2229 2506 2284 habitantes
2551 2237 2606 2286 et
2647 2233 2722 2286 ibi
2765 2235 3038 2305 degentes
3077 2239 3418 2293 monasticae
3463 2241 3884 2316 philosophia:

2191 2326 2490 2378 certatores
2518 2325 2717 2396 dignos
2745 2343 2865 2382 esse
2891 2331 3276 2387 ostendamus.
3307 2334 3518 2405 Neque
3556 2337 3732 2391 enim
3779 2355 3882 2392 vo-

2191 2415 2378 2470 lumus
2420 2417 2477 2471 in
2517 2419 2628 2472 ullo
2654 2422 2994 2476 monasterio
3022 2425 3128 2478 sub
3157 2424 3376 2480 ditione
3407 2433 3628 2484 nostra
3660 2433 3884 2486 consti-

2192 2511 2330 2576 tuto,
2350 2510 2462 2564 sive
2487 2511 2866 2582 plurimorum
2891 2515 3196 2572 hominum
3223 2523 3329 2586 est,
3363 2520 3487 2576 sive
3513 2539 3885 2595 paucorum,

2189 2603 2490 2657 monachos
2532 2605 2629 2676 qui
2665 2605 2746 2660 ibi
2786 2613 2936 2677 sunt,
2991 2609 3198 2664 divisos
3233 2612 3306 2666 ab
3361 2613 3687 2670 alterutris
3740 2635 3887 2685 esse,

2191 2700 2246 2748 et
2268 2696 2509 2767 propriis
2533 2697 2980 2756 habitationibus
3009 2703 3112 2773 uti,
3145 2705 3246 2759 sed
3275 2709 3708 2766 communiter
3753 2714 3888 2784 qui-

2189 2788 2315 2842 dem
2343 2805 2436 2843 eos
2461 2791 2752 2847 comedere
2782 2795 3087 2862 sancimus,
3119 2797 3378 2854 dormire
3421 2802 3619 2858 etiam
3673 2822 3892 2861 omnes

2188 2879 2247 2934 in
2275 2883 2583 2951 communi,
2614 2901 2955 2959 unoquoque
2978 2889 3210 2960 quidem
3239 2891 3301 2946 in
3330 2894 3606 2964 quadam
3638 2900 3894 2972 propria

2187 2979 2396 3029 statura
2429 2977 2672 3047 jacente,
2700 2980 2760 3034 in
2787 2981 2956 3036 domo
2981 2999 3123 3038 uero
3151 3001 3272 3040 una
3301 2987 3658 3060 collocatos,
3697 3000 3810 3049 aut
3842 2995 3889 3048 si

2185 3067 2326 3122 forte
2349 3084 2463 3123 non
2491 3071 2696 3126 sufﬁcit
2718 3073 2790 3127 ad
2821 3075 3253 3133 multitudinem
3285 3083 3754 3140 monachorum
3787 3088 3894 3142 do-

2186 3176 2312 3214 mus
2354 3179 2484 3228 una,
2529 3163 2587 3218 in
2633 3165 2770 3220 duas
2814 3168 3025 3238 forsan,
3067 3176 3167 3226 aut
3209 3172 3436 3244 plures,
3491 3193 3628 3232 non
3685 3185 3900 3238 tamen

2189 3254 2444 3324 seorsim,
2483 3261 2537 3311 et
2561 3259 2709 3328 apud
2730 3262 3082 3332 semetipsos,
3102 3265 3202 3319 sed
3229 3265 3288 3320 in
3322 3273 3680 3343 communi,
3713 3280 3899 3332 testes

2187 3346 2439 3402 alterutri
2475 3349 2591 3404 sint
2623 3352 2931 3408 honestatis
2975 3359 3033 3410 et
3083 3359 3383 3416 castitatis.
3431 3363 3505 3418 Et
3547 3381 3774 3440 neque
3803 3388 3900 3425 so-

2187 3456 2386 3494 mnum
2415 3441 2750 3500 desidiosum
2793 3447 3058 3520 habeant,
3105 3451 3202 3506 sed
3233 3457 3291 3508 et
3332 3454 3394 3510 in
3426 3473 3662 3516 somno
3697 3464 3899 3519 medi-

2187 3535 2366 3588 tantes
2403 3533 2548 3592 bene
2591 3541 2900 3610 composito
2935 3559 3055 3597 esse
3091 3560 3334 3617 corpore
3375 3555 3650 3622 propter
3705 3557 3904 3614 incre-

2185 3625 2472 3695 pationem
2498 3631 2943 3702 respicientium.
2973 3636 3087 3691 Nisi
3116 3643 3318 3694 tamen
3359 3643 3629 3713 quidam
3681 3667 3902 3707 eorum

2186 3718 2244 3772 in
2272 3723 2742 3794 contemplatione
2767 3731 2824 3781 et
2867 3729 3217 3798 perfectione
3245 3733 3544 3805 degentes
3575 3741 3788 3800 vitam
3819 3763 3905 3802 re-

2183 3816 2396 3867 motam
2411 3814 2654 3870 habeant
2678 3817 2737 3873 in
2757 3837 3000 3891 secessu,
3029 3840 3174 3894 quos
3204 3841 3414 3882 vocare
3450 3834 3904 3906 anachoretas,

2185 3909 2242 3958 et
2267 3905 2621 3976 hesychastas
2649 3919 3065 3970 consueverunt
3083 3919 3366 3990 tanquam
3383 3939 3421 3975 a
3441 3905 3909 3989 communione

2183 3998 2253 4052 ad
2291 3998 2523 4055 meliora
2562 4009 2842 4076 exceptos.
2883 4007 3148 4080 Alioquin
3186 4012 3354 4084 alios,
3407 4017 3909 4098 quibuscunque

2182 4091 2330 4146 inter
2355 4094 2778 4154 multitudinem
2804 4103 3156 4158 conversatio
3183 4111 3292 4176 est,
3333 4108 3398 4164 in
3442 4110 3544 4166 his
3586 4132 3752 4187 quae
3805 4091 3909 4176 vo-

2183 4189 2381 4240 cantur
2405 4189 2676 4262 coenobia,
2709 4209 2827 4246 esse
2852 4195 3134 4252 volumus.
3168 4199 3258 4254 Sic
3286 4203 3456 4258 enim
3486 4207 3674 4264 zelus
3712 4215 3809 4268 eis
3839 4217 3908 4270 ad

2184 4276 2445 4333 virtutem
2470 4283 2686 4352 crescit,
2715 4289 2772 4340 et
2792 4287 3042 4343 maxime
3057 4289 3398 4364 juvenibus,
3433 4298 3486 4352 si
3519 4317 3676 4358 cum
3713 4311 3914 4364 senio.

2183 4369 2335 4423 ribus
2362 4375 2798 4434 constituantur.
2833 4381 2954 4436 Fiet
2979 4382 3137 4436 enim
3168 4385 3476 4444 seniorum
3503 4405 3911 4457 conversatio

2174 4462 2486 4532 juventutis
2512 4469 2768 4526 educatio
2796 4475 3062 4544 perfecta.
3096 4478 3162 4531 Et
3189 4479 3269 4532 sic
3303 4481 3426 4537 sint
3473 4485 3548 4540 in
3601 4497 3916 4552 ccenobiis

460 4564 600 4618 forte
627 4562 934 4632 diffugisse,
965 4565 1158 4616 etnon
1185 4579 1284 4632 pro
1310 4562 1541 4616 veritate
1567 4562 1949 4617 sanctimoniae
1975 4563 2077 4618 ha-
2100 4571 2158 4642 ι)
2181 4573 2280 4610 suo
2308 4560 2537 4630 proprio
2562 4563 2749 4618 abbati
2778 4567 3128 4636 obedientes,
3159 4576 3219 4626 et
3249 4575 3547 4634 traditam
3586 4585 3720 4641 sibi
3767 4607 3910 4646 con-

456 4656 641 4711 bitum
669 4655 1200 4726 concupiisse,hunc
1227 4655 1384 4710 reddi
1414 4655 1662 4723 domino,
1697 4673 1828 4710 cum
1857 4656 1922 4710 iis
1951 4673 2079 4728 quae

457 4750 639 4804 forsan
676 4749 940 4820 abripuit,
971 4749 1014 4802 si
1046 4753 1237 4803 tamen
1268 4749 1384 4803 haec
1435 4748 1603 4803 etiam
1640 4750 1698 4803 in
1743 4750 2081 4804 monasterio

456 4843 684 4897 fuerint.
715 4843 858 4896 Eum
886 4858 1036 4910 vero,
1067 4842 1166 4912 qui
1193 4842 1454 4896 dominus
1475 4842 1836 4912 approbatur,
1871 4843 2002 4897 dare
2029 4842 2082 4897 ei

449 4935 866 5006 jusjurandum,
896 4935 1029 5006 quia
1057 4935 1197 4989 nihil
1226 4934 1357 4988 mali
1385 4935 1436 4989 ei
1462 4935 1646 5002 faciet,
1677 4939 1733 4988 et
1759 4940 2079 5006 susceptum

457 5050 586 5086 eum
619 5033 849 5087 reducet.
878 5032 1134 5087 domum.
1166 5032 1223 5088 Si
1249 5048 1380 5086 vero
1406 5030 1452 5086 is
1481 5031 1706 5102 quidem
1736 5032 1832 5104 qui
1863 5031 1996 5086 dicit
2021 5049 2078 5088 se

459 5143 578 5180 esse
616 5126 932 5194 dominum,
978 5125 1119 5180 nihil
1150 5125 1260 5180 tale
1296 5124 1633 5196 probaverit,
1665 5129 1721 5180 et
1745 5129 2010 5196 appareat
2034 5126 2082 5180 is

455 5219 550 5288 qui
577 5218 634 5271 in
661 5219 868 5272 tatibus
896 5223 1202 5286 accusatur,
1232 5235 1300 5273 ex
1350 5218 1469 5289 ipsa
1512 5219 1930 5274 conversatione
1975 5219 2077 5272 ho-

457 5315 647 5364 nestus
675 5327 736 5364 ac
780 5311 951 5380 mitis,
999 5316 1054 5366 et
1101 5311 1243 5366 forte
1280 5311 1665 5366 testimonium
1707 5311 1909 5366 habeat
1943 5312 2078 5366 alio-

459 5418 607 5465 rum,
640 5401 770 5472 quia
795 5403 963 5457 etiam
987 5403 1135 5473 apud
1167 5403 1460 5458 dominum
1496 5403 1800 5458 consistens
1833 5404 2080 5459 discendi

461 5494 697 5564 cupidus
726 5494 914 5563 fuerit,
945 5501 1001 5550 et
1028 5496 1336 5550 honestatis
1363 5499 1600 5565 amator,
1633 5501 1689 5551 et
1733 5497 1777 5551 si
1824 5498 2082 5552 nondum

459 5589 600 5642 forte
629 5588 972 5659 completum
1001 5591 1086 5641 est
1115 5588 1340 5643 triennii
1367 5593 1610 5660 tempus,
1637 5593 1886 5645 attamen
1911 5590 2080 5645 etiam

459 5681 538 5735 sic
567 5684 791 5735 maneat
815 5680 875 5733 in
905 5679 1207 5733 venerabili
1235 5681 1595 5748 monasterio,
1627 5683 1950 5739 abstrahere
1989 5700 2082 5738 cu-

459 5772 737 5842 pientium
767 5771 1062 5842 asperitate
1092 5771 1378 5826 liberatus.

531 5863 772 5918 'l‘riennii
815 5881 944 5919 vero
985 5865 1158 5919 semel
1199 5866 1419 5935 expleto
1469 5869 1739 5937 tempore,
1775 5867 2078 5938 judicatus,

2179 4652 2556 4708 versationem
2580 4655 2998 4728 inculpabiliter
3026 4663 3427 4724 observantes.

2259 4745 2315 4850 Si
2344 4747 2470 4850 quis
2498 4753 2690 4850 autem
2730 4751 2875 4806 forte
2925 4757 3099 4810 semel
3147 4757 3482 4834 dedicatus,
3550 4767 3916 4850 habituque

2181 4843 2410 4915 potitus,
2439 4842 2640 4898 deinde
2684 4860 2717 4897 a
2746 4848 3094 4902 monasterio
3133 4850 3448 4911 discedere
3497 4842 3840 4942 voluerit,-
3864 4877 3917 4926 et

2179 4937 2453 5008 privatam
2479 4937 2728 4990 fortassis
2754 4938 2965 5010 eligere
3012 4942 3213 5010 vitam,
3253 4946 3383 5018 ipse
3438 4955 3728 5023 quidem
3774 4937 3918 5022 sciet

2179 5046 2348 5102 quam
2376 5045 2480 5100 pro
2522 5029 2626 5083 hoc
2657 5029 2810 5086 dabit
2837 5033 2952 5086 Deo
2989 5035 3487 5115 satisfactionem;
3532 5066 3644 5106 res
3705 5067 3921 5115 autem

2181 5138 2544 5194 quascunque
2571 5123 2854 5194 habuerit,
2879 5127 3017 5182 dum
3034 5129 3096 5183 in
3123 5139 3587 5198 monasterium
3606 5145 3917 5222 intrabat,

2180 5232 2261 5270 eae
2293 5214 2528 5269 dominii
2554 5215 2668 5269 sint
2692 5221 3045 5288 monasterii,
3068 5226 3124 5276 et
3151 5224 3305 5280 nihil
3337 5227 3488 5287 inde
3519 5241 3802 5308 penitus
3832 5214 3925 5302 eli'.

2180 5309 2306 5363 ciat.
2337 5307 2480 5363 lllud
2511 5325 2736 5381 quoque
2764 5311 3126 5369 decernimus
3155 5334 3294 5374 eum
3324 5324 3438 5393 qui
3469 5307 3545 5384 in
3596 5347 3922 5395 monaste-

2179 5401 2330 5456 rium
2346 5401 2578 5456 introire
2593 5403 2851 5472 voluerit,
2875 5410 3187 5480 antequam
3211 5422 3694 5484 monasterium
3727 5433 3928 5506 ingre~

2181 5495 2386 5564 diatur,
2415 5494 2698 5550 licentiam
2727 5497 2940 5553 habere
2970 5502 3086 5555 suis
3113 5504 3196 5558 uti
3227 5524 3350 5576 quo
3375 5514 3676 5577 voluerit
3707 5494 3919 5584 modo:

2180 5589 2593 5660 ingredientem
2626 5607 2870 5662 namque
2901 5593 3078 5650 simul
3103 5607 3457 5670 sequuntur
3491 5618 3784 5676 omnino
3819 5641 3929 5682 res,

2179 5681 2309 5736 licet
2335 5698 2448 5737 non
2479 5685 2808 5753 expressim,
2838 5703 2970 5741 cum
2997 5688 3411 5752 introduceret
3446 5719 3589 5779 eas,
3655 5713 3926 5778 dixerit;

2179 5779 2236 5829 et
2264 5792 2379 5830 non
2407 5775 2514 5831 erit
2538 5777 2800 5832 dominus
2846 5796 3042 5836 earum
3094 5784 3344 5844 ulterius
3393 5796 3535 5853 ullo
3572 5775 3830 5868 ‘modo,
3879 5775 3928 5868 si

2182 5883 2310 5923 vero
2338 5867 2479 5923 ﬁlios
2519 5870 2799 5938 habuerit,
2832 5872 2874 5926 si
2922 5875 3160 5948 quidem
3203 5886 3558 5959 contigerit
3601 5899 3748 5971 jam
3797 5867 3926 5961 cum
