4022 6400
155 367 266 422 929

1052 365 1416 425 JUSTINIANI
1457 369 1781 424 NOVELL:E
1819 369 2152 427 SELECTA‘J.
2196 368 2501 427 NOVELLA
2542 371 2626 427 Vl.

3427 381 3529 437 930

153 491 254 531 res
271 475 493 547 aliquas
517 476 752 532 donasse
779 475 880 544 eis,
906 480 1006 531 aut
1029 494 1133 548 per
1158 477 1604 550 antenuptialem
1631 478 1800 533 dona-
1821 491 1878 564 Α
1899 479 2082 535 sulatu
2113 495 2332 549 eorum,
2360 480 2512 536 hunc
2533 481 2761 553 eligere,
2791 498 2858 537 eo
2879 483 3032 555 quod
3049 484 3300 540 humana
3325 492 3528 542 natura

154 569 406 640 tionem,
436 577 535 627 aut
563 587 666 643 per
705 570 854 626 dotis
897 573 1246 632 occasionem
1279 573 1600 643 contulisse,
1630 579 1686 629 et
1711 574 1794 628 fa-

155 663 320 719 ciant
344 665 466 720 heec
496 672 757 738 quartam
786 671 856 726 ab
883 673 1146 726 intestato
1175 669 1296 739 ejus
1321 667 1648 721 substantia:
1674 685 1798 740 par-

154 761 306 826 tem,
350 759 575 815 nullum
616 762 676 817 in
706 765 940 836 reliquis
963 764 1132 818 rebus
1170 762 1414 816 habeant
1439 760 1798 832 participium

154 851 286 907 ﬁlii.
313 853 412 908 Sin
437 859 630 910 autem
655 857 800 912 nihil
819 859 897 913 eis
918 855 1230 922 donaverit,
1252 859 1350 909 aut
1367 853 1558 908 minus
1576 860 1795 924 quarta,

155 949 221 1000 et
268 951 578 1017 postquam
618 950 1024 1006 abrenuntians
1063 951 1421 1005 conversatus
1458 947 1629 1002 fuerit
1653 947 1800 1002 inter

153 1040 500 1110 monachos,
530 1042 901 1100 nihilominus
925 1048 1128 1116 quarta
1153 1043 1388 1098 debetur
1423 1041 1571 1110 ﬁliis,
1617 1046 1680 1096 ut
1703 1047 1800 1095 aut

152 1132 223 1187 in
249 1137 440 1189 totum
487 1137 565 1190 eis
591 1137 755 1192 detur
779 1143 896 1206 aut,
925 1139 970 1192 si
1006 1137 1297 1208 contingat
1321 1152 1417 1190 eos
1436 1135 1557 1205 jam
1585 1134 1798 1206 aliquid

153 1228 467 1299 accepisse,
514 1231 867 1302 suppleatur.
923 1231 980 1288 Si
1027 1235 1220 1286 autem
1270 1245 1509 1284 uxorem
1560 1227 1794 1298 habens,

153 1318 374 1377 deinde
404 1339 530 1378 eam
575 1325 923 1397 relinquens,
953 1325 1013 1380 in
1051 1323 1458 1379 monasterium
1506 1322 1792 1392 ingredia-

150 1417 275 1481 tur,
325 1420 382 1470 et
433 1417 535 1472 dos
582 1419 806 1474 mulieri
833 1423 1106 1487 servetur,
1149 1423 1205 1472 et
1233 1433 1300 1470 ex
1333 1420 1516 1471 morte
1546 1420 1793 1486 pactum,

149 1509 321 1580 quod
345 1509 406 1564 in
433 1511 542 1566 alia
571 1517 762 1568 nostra
792 1512 1127 1567 sancivimus
1156 1510 1574 1564 constitutione.
1607 1509 1798 1564 Omni-

146 1601 286 1670 bus,
320 1620 449 1675 que:
477 1621 649 1676 super
673 1606 962 1660 monachis
993 1606 1141 1661 dicta
1169 1609 1318 1672 sunt,
1351 1607 1409 1658 et
1449 1603 1509 1656 in
1536 1602 1794 1657 mulieri-

146 1695 268 1751 bus
319 1699 728 1754 monasterium
767 1698 1236 1771 ingredientibus,
1265 1696 1536 1752 valituris.
1572 1696 1631 1751 Si
1664 1713 1796 1751 vero

145 1785 496 1858 relinquens
537 1789 946 1844 monasterium
986 1787 1058 1843 ad
1093 1787 1402 1859 quamdam
1430 1785 1620 1840 veniat
1644 1786 1791 1840 mili-

1897 572 2024 627 talis
2058 577 2160 641 est,
2195 579 2256 628 ut
2295 591 2479 646 neque
2519 592 2714 631 omnes
2745 593 2847 648 per
2875 577 3136 633 ordinem
3178 578 3328 634 inter
3367 597 3526 636 sum-

1897 683 2018 720 mos
2043 666 2194 736 boni,
2228 684 2415 739 neque
2438 686 2632 724 rursus
2662 686 2860 725 omnes
2882 671 3034 727 inter
3060 672 3396 730 novissimos
3415 691 3530 730 ma-

1896 759 1936 813 li
1960 761 2246 816 constituti
2273 761 2403 827 sint,
2421 763 2516 817 sed
2539 764 2802 834 procedat
2823 764 3053 835 quidem
3075 767 3382 822 secundum
3403 785 3525 840 gra-

1899 851 2036 906 dum
2063 853 2327 909 antistitis
2353 855 2644 926 inspectio.
2685 856 2794 920 Qui
2833 874 2966 912 vero
2993 859 3170 930 prior,
3198 876 3333 914 mox
3375 862 3525 917 inter

1901 952 2227 1002 numeratos
2255 949 2502 1020 optimus
2540 951 2886 1021 apparuerit,
2924 951 2972 1006 is
3015 953 3188 1006 abbas
3231 954 3325 1026 sit,
3356 961 3411 1010 et
3441 972 3527 1010 or-

1900 1038 2092 1094 dinem
2120 1040 2289 1094 simul
2306 1045 2362 1095 et
2379 1041 2643 1098 virtutem
2663 1043 3075 1116 suffragantem
3092 1047 3329 1102 habens.
3353 1051 3522 1120 Opor-

1897 1135 1982 1186 tet
2009 1133 2164 1187 enim
2196 1150 2290 1188 eos
2319 1135 2418 1206 qui
2457 1135 2782 1192 discernunt
2817 1139 2969 1209 quod
3009 1140 3211 1194 melius
3242 1147 3326 1196 est
3360 1159 3393 1196 a
3429 1160 3528 1214 pe-

1891 1225 2037 1296 jore,
2065 1226 2220 1282 aliud
2276 1228 2506 1298 quidem
2543 1230 2614 1284 ad
2666 1233 2983 1301 regendum
3021 1233 3328 1301 dimittere,
3371 1236 3525 1292 aliud

1899 1335 2032 1374 vero
2071 1319 2332 1375 inclinari
2356 1321 2582 1392 jubere,
2615 1328 2670 1378 et
2709 1325 2983 1395 paulatim
3011 1343 3114 1397 per
3139 1328 3523 1384 eruditionem

1897 1412 2005 1466 hoc
2029 1413 2201 1467 etiam
2227 1414 2300 1468 ad
2326 1415 2532 1470 melius
2562 1416 2868 1472 adducere.
2892 1419 3257 1490 Quincunque
3289 1426 3478 1476 tamen
3495 1441 3528 1476 a

1894 1505 2056 1560 nobis
2095 1506 2153 1560 in
2181 1508 2464 1573 omnibus,
2497 1526 2626 1580 quae
2666 1511 2845 1582 prius,
2875 1517 2930 1566 ct
2959 1529 3088 1583 quas
3114 1530 3266 1568 nunc
3292 1516 3525 1585 prolatae

1897 1604 2046 1667 sunt,
2075 1601 2248 1655 sacris
2278 1602 2486 1656 nostris
2515 1603 3016 1660 constitutionibus
3052 1612 3183 1662 sunt
3208 1609 3424 1664 sancita
3454 1609 3524 1664 de

1895 1691 2130 1760 clericis,
2169 1696 2269 1748 aut
2295 1695 2610 1764 monachis,
2658 1700 2759 1751 aut
2787 1699 3166 1766 monasteriis,
3220 1701 3342 1755 haec
3374 1719 3526 1757 com-

1897 1786 2097 1841 munia
2123 1787 2390 1858 ponimus
2415 1793 2471 1844 et
2495 1789 2550 1843 in
2580 1791 2842 1844 masculis
2861 1796 2918 1846 et
2940 1791 3190 1860 feminis,
3217 1798 3276 1848 ct
3297 1811 3529 1850 monas-

149 1879 326 1950 tiam,
378 1885 478 1936 aut
517 1881 588 1936 ad
632 1881 800 1936 aliam
843 1882 972 1937 vitae
1015 1881 1280 1953 ﬁguram,
1323 1879 1635 1935 substantia
1675 1872 1872 1949 ejusB
1897 1879 2068 1947 teriis,
2103 1885 2158 1936 et
2189 1881 2496 1949 asceteriis,
2542 1900 2656 1938 non
2702 1883 3090 1940 discernentes
3120 1886 3418 1958 (quantum
3454 1891 3525 1944 ad

147 1974 338 2029 etiam
383 1975 463 2029 sic
507 1975 566 2030 in
616 1976 976 2045 monasterio,
1024 1975 1338 2030 secundum
1367 1973 1522 2045 quod
1567 1991 1600 2028 a
1635 1973 1796 2028 nobis

146 2068 323 2139 prius
349 2067 565 2124 dictum
588 2074 690 2139 est,
722 2075 1072 2136 remanente,
1093 2069 1212 2140 ipse
1239 2068 1388 2123 inter
1404 2067 1668 2122 ofﬁciales
1686 2067 1796 2121 cla-

147 2161 374 2216 rissimi
399 2162 701 2233 provincias
731 2163 941 2234 judicis
970 2166 1271 2231 statuetur,
1301 2163 1358 2216 et
1382 2161 1535 2216 hunc
1565 2160 1796 2215 habebit

149 2255 494 2310 mutationis
515 2257 785 2324 fructum,
815 2257 964 2329 quod
993 2273 1097 2328 pro
1140 2271 1294 2310 sacro
1322 2253 1640 2310 ministerio
1671 2255 1790 2309 des-

141 2353 343 2422 pecto,
377 2349 674 2405 tribunalis
702 2351 914 2406 terreni
945 2351 1202 2406 observet
1227 2348 1536 2404 servitium.
1577 2347 1636 2404 Si
1662 2365 1792 2404 vero

145 2442 493 2515 relinquens
519 2445 945 2512 monasterium,
968 2444 1027 2498 in
1055 2460 1168 2516 quo
1189 2441 1670 2499 conversationem
1697 2443 1794 2497 ha-

145 2537 369 2606 buerit,
391 2538 463 2593 ad
488 2538 642 2594 aliud
660 2543 904 2594 transeat
918 2538 1323 2594 monasterium
1347 2556 1360 2592 :
1387 2536 1562 2592 etiam
1580 2535 1656 2590 sic
1673 2536 1794 2608 qui-

146 2631 293 2687 dem
318 2631 442 2702 ejus
485 2632 796 2687 substantia
837 2637 1084 2702 maneat,
1130 2636 1188 2687 et
1211 2631 1528 2687 vindicetur
1554 2647 1588 2684 a
1611 2631 1788 2701 priori

144 2726 529 2794 monasterio,
557 2725 657 2780 ubi
675 2727 1079 2782 abrenuntians
1106 2726 1251 2780 hanc
1283 2724 1529 2796 reliquit.
1553 2723 1789 2795 Compe-

145 2824 285 2874 tens
315 2823 509 2874 autem
545 2823 630 2874 est
673 2819 1168 2876 reverendissimos
1194 2819 1424 2874 abbates
1463 2834 1578 2872 non
1615 2817 1789 2872 susci-

144 2929 295 2984 pere
324 2929 458 2968 eum
470 2912 570 2985 qui
583 2913 694 2968 hoc
719 2913 856 2985 egit.
879 2915 1125 2968 Erronea
1137 2929 1386 2984 namque
1405 2915 1490 2968 est
1515 2911 1640 2967 talis
1655 2911 1788 2980 vita,

145 3010 214 3062 et
242 3005 572 3063 nullatenus
607 3008 934 3062 monasticae
961 3006 1274 3063 tolerantiae
1293 3005 1572 3078 proxima,
1605 3021 1791 3077 neque

145 3100 468 3156 constantis
497 3105 553 3155 et
566 3101 916 3172 persistentis
940 3101 1140 3170 animi,
1159 3100 1256 3155 sed
1267 3099 1548 3170 judicium
1577 3097 1793 3154 habens

142 3193 529 3263 circulatoris,
553 3199 610 3248 et
646 3195 800 3256 aliud
835 3195 902 3250 de
923 3194 1032 3248 alio
1058 3193 1416 3266 requirentis.
1459 3193 1534 3246 Ea
1561 3197 1794 3264 propter

143 3289 331 3344 etiam
361 3288 468 3343 hoc
497 3243 834 3360 prohibeant
851 3290 962 3343 Deo
981 3243 1250 3342 amaliiles
1271 3287 1518 3358 episcopi
1533 3243 1592 3340 et
1615 3243 1794 3340 arrchi-
1814 3243 1868 3318 Ο

140 3381 457 3438 mandritee
477 3382 808 3454 nuncupati,
831 3381 1203 3438 monasticam
1219 3382 1575 3436 honestatem
1597 3396 1794 3434 secun-

141 3475 299 3531 dum
319 3477 543 3547 regulas
569 3492 752 3530 sacras
777 3479 1194 3530 conservantes.
1224 3475 1279 3530 Si
1305 3475 1434 3546 quis
1455 3477 1647 3529 autem
1667 3489 1790 3528 mo-

141 3569 438 3626 nasticam
457 3569 849 3642 proﬁtentium
870 3568 1356 3625 conversationem
1385 3567 1665 3622 meruerit
1682 3568 1792 3622 cle-

141 3663 263 3720 rici
301 3662 738 3731 ordinationem,
769 3669 995 3719 maneat
1025 3663 1199 3718 etiam
1231 3663 1311 3718 sic
1337 3678 1538 3734 puram
1568 3677 1796 3717 servans

142 3756 667 3812 conversationem.
700 3757 859 3822 Quod
891 3758 935 3811 si
970 3757 1104 3812 facti
1132 3755 1318 3812 clerici
1350 3755 1618 3810 abutatur
1644 3753 1791 3810 ﬁdu-
1858 3820 1867 3830 .

145 3851 264 3919 cia,
307 3853 365 3904 et
391 3849 462 3905 ad
488 3849 716 3920 nuptias
748 3850 942 3905 venire
969 3849 1201 3922 (quippe
1243 3849 1341 3904 tali
1381 3847 1558 3920 gradu
1595 3847 1796 3902 consti-

141 3948 320 4000 tutus
338 3943 488 3999 inter
507 3943 758 4014 clericos,
784 3943 883 4016 qui
909 3943 960 3998 ei
985 3959 1222 3998 uxorem
1251 3943 1455 3998 ducere
1479 3941 1790 4013 permittat,

143 4037 404 4094 dicimus
445 4040 638 4092 autem
687 4042 984 4092 cantorum
1021 4041 1120 4092 aut
1156 4037 1454 4103 lectorum,
1490 4035 1616 4090 aliis
1641 4035 1795 4090 enim

143 4129 427 4186 omnibus
469 4131 700 4202 nuptias
743 4131 1052 4186 secundum
1099 4147 1283 4186 sacras
1318 4129 1541 4202 regulas
1571 4129 1794 4200 penitus

139 4223 594 4296 interdicimus),
642 4230 742 4280 aut
769 4225 1106 4280 concubinas
1137 4224 1366 4292 habere,
1416 4227 1515 4278 aut
1555 4221 1795 4277 luxuriis

139 4318 384 4376 tradere
409 4317 582 4373 vitam
611 4324 936 4390 prassumat,
968 4317 1301 4374 excludatur
1336 4316 1500 4372 nobis
1530 4315 1794 4371 omnibus

137 4431 180 4469 a
211 4411 390 4478 clero,
418 4415 689 4484 tanquam
715 4413 964 4484 priorem
989 4411 1469 4490 conversationem
1501 4415 1558 4464 et
1603 4409 1791 4464 solita-

1897 1972 2047 2042 istos)
2078 1975 2391 2030 masculum
2432 1979 2532 2030 aut
2561 1976 2854 2048 feminam,
2899 1995 2966 2033 eo
3011 1980 3164 2050 quod
3183 1981 3347 2050 (sicut
3380 1999 3524 2053 prae-

1898 2067 2160 2137 diximus)
2193 2085 2368 2124 unum
2397 2070 2593 2124 omnia
2619 2071 2678 2124 in
2707 2071 2931 2128 Christo
2966 2075 3304 2144 consistunt.

1967 2162 2091 2216 Haec
2117 2161 2296 2233 igitur
2343 2163 2539 2218 omnia
2577 2164 2917 2220 sanctissimi
2946 2167 3280 2237 patriarchae
3329 2169 3434 2224 sub
3463 2187 3522 2224 se

1894 2255 2211 2310 constitutis
2237 2257 2348 2310 Deo
2377 2257 2710 2312 amabilibus
2739 2261 3192 2330 metropolitanis
3222 2263 3520 2318 manifesta

1893 2346 2122 2404 faciant.
2150 2352 2219 2403 At
2247 2349 2327 2403 illi
2357 2350 2623 2421 subjectis
2657 2351 2762 2406 sibi
2792 2353 2906 2406 Deo
2935 2353 3270 2408 amabilibus
3295 2356 3515 2426 episco-

1893 2439 1980 2512 pis
2009 2441 2310 2512 declarent,
2343 2447 2400 2496 et
2425 2443 2505 2497 illi
2527 2445 2878 2499 monasteriis
2906 2446 3002 2501 Dei
3033 2447 3138 2501 sub
3163 2465 3263 2502 sua
3289 2449 3520 2504 ordina-

1893 2534 2046 2589 tione
2065 2536 2383 2590 constitutis
2395 2537 2621 2608 cognita
2646 2538 2876 2606 faciant,
2899 2545 3179 2611 quatenus
3196 2558 3299 2612 per
3325 2543 3519 2597 omnia

1894 2628 2119 2683 Domini
2148 2629 2367 2684 cultura
2405 2636 2638 2686 maneat
2665 2632 2916 2704 undique
2948 2633 3292 2706 incorrupta.
3331 2637 3516 2691 Immi-

1893 2721 2111 2776 nebunt
2139 2723 2293 2778 enim
2319 2725 2583 2779 maximae
2611 2742 2792 2796 poenae
2813 2725 2917 2781 ista
2936 2729 3480 2800 transgredientibus
3503 2747 3516 2784 :

1893 2815 2131 2870 dicimus
2161 2821 2352 2872 autem
2388 2818 2457 2872 de
2487 2819 2624 2873 ccelo
2653 2836 2791 2891 quas
2839 2837 3065 2876 necesse
3107 2827 3189 2877 est
3234 2828 3516 2878 rectorum

1894 2913 2224 2984 dogmatum
2275 2918 2761 2990 contemptoribus
2817 2919 3137 2975 imminere.
3195 2921 3264 2975 Et
3317 2925 3520 2976 nostra:

1892 3023 2118 3079 quoque
2152 3009 2474 3081 reipublicae
2511 3011 2753 3081 judices,
2797 3013 2842 3067 si
2871 3013 2995 3068 haec
3032 3013 3112 3068 eis
3164 3014 3520 3084 nuntientur,

1894 3100 2159 3156 omnibus
2186 3103 2450 3158 studeant
2477 3104 2660 3160 modis
2689 3122 2754 3160 ea
2787 3121 2918 3177 quae
2949 3106 3120 3161 sacris
3146 3107 3520 3178 regulis_con-

1894 3193 2166 3260 tinentur,
2196 3213 2334 3268 quas
2363 3202 2550 3252 nostra
2579 3199 2838 3270 loquitur
2864 3199 2972 3269 lex,
2997 3199 3069 3254 ad
3100 3200 3366 3256 effectum
3397 3219 3522 3274 per-

1893 3287 2021 3342 duci
2048 3305 2369 3360 procurare,
2401 3307 2534 3346 nam
2562 3308 2662 3346 nec
2691 3293 2818 3347 illos
2843 3293 3051 3348 deserit
3077 3311 3248 3365 poena
3280 3295 3401 3350 base
3429 3313 3526 3352 ne-

1896 3380 2194 3452 gligentes.
2224 3383 2576 3454 Quapropter
2600 3391 2927 3456 sequentem
2953 3385 3098 3440 hanc
3125 3392 3282 3441 tuam
3312 3391 3522 3446 sancti~

1892 3479 2064 3529 tatem
2091 3474 2251 3530 decet
2275 3475 2538 3530 omnibus
2563 3477 2666 3532 sub
2692 3495 2750 3533 se
2780 3477 2976 3549 positis
3001 3481 3372 3536 sanctissimis
3399 3498 3517 3536 me-

1893 3562 2252 3639 tropolitanis
2281 3569 2405 3624 haec
2446 3571 2632 3626 facere
2666 3571 2979 3628 manifesta.
3013 3575 3132 3628 Dat.
3167 3591 3258 3629 xxv
3287 3575 3522 3631 Kalend.

1895 3661 2070 3733 April.
2101 3663 2525 3736 Constantinop.
2559 3664 2811 3720 Bilisario
2835 3683 2890 3721 v.
2921 3683 2971 3722 c.
3003 3683 3139 3720 coss.

2511 3779 2820 3837 NOVELLA
2853 3783 2936 3836 Vl.

1896 3873 2165 3940 Quomodo
2207 3878 2450 3942 oporteat
2485 3877 2753 3945 episcopos
2779 3881 2829 3931 et
2856 3881 3068 3932 exteros
3107 3877 3320 3932 clericos
3345 3879 3420 3934 ad
3445 3895 3526 3935 or-

1991 3945 2321 3999 dinationem
2338 3946 2589 4014 perduci,
2618 3953 2670 4001 et
2695 3947 2762 4002 de
2787 3951 3036 4019 erpensis
3061 3951 3423 4006 ecclesiarum.

1969 4039 2278 4110 Imperator
2291 4039 2644 4095 Justinianus
2667 4043 2955 4114 Augustus
2980 4043 3293 4114 Epiphanio
3311 4044 3526 4101 archie-

1895 4131 2124 4204 piscopo
2155 4137 2212 4188 et
2234 4133 2568 4204 patriarchae
2599 4135 3248 4208 Constantinopolitano.

1965 4225 2206 4281 Maxima
2253 4227 2486 4298 quidem
2531 4228 2682 4284 inter
2717 4229 2978 4286 homines
3028 4231 3181 4286 dona
3214 4232 3310 4288 Dei
3339 4239 3471 4288 sunt
3497 4251 3527 4288 a

1895 4336 2140 4391 superna
2159 4321 2354 4375 collata
2375 4322 2692 4390 clementia,
2716 4325 3094 4380 sacerdotium
3113 4331 3168 4380 et
3191 4325 3521 4397 imperium.

1893 4413 2147 4478 Quorum
2167 4413 2307 4469 illud
2326 4415 2558 4485 quidem
2588 4416 2793 4471 divinis
2822 4418 3168 4488 ministrans,
3201 4419 3308 4472 hoc
3335 4426 3529 4476 autem

137 4506 304 4565 riam
328 4505 679 4561 confundans
701 4506 897 4575 vitam,
916 4509 973 4562 et
996 4505 1246 4578 privatus
1273 4505 1346 4560 sit
1363 4504 1432 4560 de
1458 4506 1682 4558 caetero.
1711 4502 1795 4556 Ad
1895 4506 2163 4562 humanis
2201 4507 2509 4578 praesidens
2534 4525 2597 4563 ac
2634 4510 2987 4581 diligentiam
3037 4512 3309 4566 exhibens
3336 4513 3523 4584 rebus,

137 4599 425 4659 militiam
458 4599 712 4672 quidem,
744 4604 844 4655 aut
881 4600 952 4654 ad
978 4599 1127 4654 aliud
1173 4599 1418 4654 ofﬁcium
1445 4597 1638 4653 venire
1681 4613 1873 4689 nonD
1896 4617 1964 4655 ex
2009 4617 2122 4655 uno
2161 4601 2474 4672 eodemque
2522 4602 2805 4674 principio
2851 4607 3090 4676 utraque
3131 4605 3516 4676 procedentia,

137 4709 536 4769 praesumens,
563 4693 673 4748 nisi
689 4711 724 4748 a
741 4693 906 4750 nobis
925 4693 1163 4750 voluerit
1187 4689 1796 4748 duduminterminatis
1895 4695 2206 4749 humanam
2232 4699 2513 4749 exornant
2529 4695 2718 4750 vitam.
2748 4697 2986 4768 Ideoque
3013 4698 3156 4753 nihil
3175 4698 3253 4754 sic
3275 4700 3388 4755 erit
3413 4706 3524 4755 stu-

139 4787 454 4859 subjacere
476 4787 681 4860 pmnis.
710 4789 830 4860 Ipse
849 4793 1038 4842 autem
1059 4788 1209 4859 apud
1227 4787 1598 4856 semetipsum
1625 4801 1794 4856 repu-
1897 4787 2118 4842 diosum
2163 4787 2618 4858 imperatoribus,
2667 4789 2812 4844 sicut
2859 4791 3215 4847 sacerdotum
3257 4792 3524 4848 honestas

137 4890 287 4940 tans
314 4886 371 4936 et
385 4897 713 4954 agnoscens,
734 4882 962 4954 qualem
982 4898 1086 4954 pro
1112 4882 1221 4936 hoc
1237 4880 1468 4936 daturus
1493 4879 1564 4932 sit
1587 4893 1798 4950 magno
1897 4899 2026 4936 cum
2057 4881 2251 4954 utique
2281 4885 2338 4936 et
2364 4898 2468 4952 pro
2497 4882 2604 4936 illis
2634 4882 2739 4954 ipsi
2768 4901 2992 4956 semper
3022 4887 3136 4940 Deo
3184 4887 3521 4958 supplicent.

138 4978 274 5034 Deo
295 4975 756 5031 satisfactionem.
1899 4977 2038 5030 Nam
2065 4976 2110 5030 si
2149 4976 2205 5030 id
2249 4975 2480 5048 quidem
2528 4976 2869 5048 inculpabile
2899 4978 2988 5048 sit,
3033 4980 3283 5052 undique
3308 4987 3364 5037 et
3389 4998 3526 5054 erga

229 5068 599 5124 Ordinatione
648 5085 780 5124 vero
826 5069 1094 5124 abbatum
1141 5069 1188 5123 si
1237 5069 1461 5141 quando
1499 5065 1800 5138 contigerit
1897 5070 2073 5124 Deum
2095 5069 2296 5124 ﬁducia
2315 5071 2568 5141 plenum,
2591 5069 2896 5142 imperium
2920 5077 3114 5128 autem
3137 5079 3286 5130 recte
3302 5081 3359 5130 et
3377 5093 3530 5132 com~

136 5178 329 5237 egere
356 5164 785 5233 monasterium,
803 5162 1073 5234 jubemus
1092 5163 1354 5218 abbatem
1385 5179 1500 5217 non
1529 5178 1630 5234 per
1654 5159 1800 5215 ordi-
1898 5168 2156 5234 patenter
2205 5169 2442 5218 exornet
2485 5164 2752 5219 traditam
2799 5166 2903 5220 sibi
2948 5168 3379 5239 rempublicam,
3418 5171 3528 5224 erit

137 5275 296 5318 nem
317 5257 924 5313 reverendissimorum
952 5257 1074 5312 ﬁeri
1105 5257 1534 5325 monachorum,
1557 5272 1664 5310 nec
1681 5272 1800 5310 om-
1897 5257 2330 5335 bellaquaedam
2359 5258 2752 5328 consonantia,
2778 5276 2946 5315 omne
2960 5261 3238 5335 quidquid
3259 5263 3394 5320 utile
3420 5270 3526 5332 est,

137 5353 302 5412 nino
319 5367 450 5406 eum
469 5351 568 5423 qui
584 5367 712 5406 mox
731 5355 855 5422 post
870 5351 1120 5422 primum
1139 5355 1239 5419 est,
1262 5366 1368 5404 nec
1383 5349 1481 5421 qui
1493 5352 1622 5421 post
1637 5349 1796 5403 illum
1899 5334 2151 5406 humano
2183 5351 2481 5406 conferens
2507 5352 2723 5423 generi.

135 5445 446 5506 secundus
484 5451 586 5515 est,
619 5461 806 5518 neque
824 5445 1078 5513 tertium,
1100 5449 1198 5498 aut
1225 5443 1492 5514 reliquos,
1519 5443 1624 5496 hoc
1649 5443 1799 5514 quod
1974 5447 2105 5500 Inde
2135 5446 2274 5500 adeo
2294 5445 2605 5500 maximam
2625 5447 2904 5501 habemus
2920 5448 3359 5508 sollicitudinem
3385 5453 3530 5509 circa

140 5541 337 5600 etiam
354 5539 460 5594 alia
474 5539 566 5595 lex
581 5543 775 5594 nostra
789 5538 944 5605 dicit,
970 5537 1066 5592 sed
1082 5539 1193 5592 Deo
1219 5537 1520 5591 amabilem
1549 5537 1798 5591 locorum
1901 5553 2032 5590 vera
2057 5536 2154 5590 Dei
2187 5535 2475 5606 dogmata,
2505 5540 2562 5590 et
2592 5537 2738 5590 circa
2765 5537 3119 5594 sacerdotum
3149 5539 3525 5610 honestatem,

141 5634 496 5708 episcopum
521 5649 851 5706 percurrere
871 5631 1104 5704 quidem
1132 5634 1542 5702 consequenter
1563 5647 1666 5701 per
1683 5646 1802 5684 om-
1899 5646 2072 5700 quam
2101 5629 2208 5683 illis
2234 5629 2622 5684 obtinentibus
2647 5631 2948 5699 credimus,
2968 5633 3103 5704 quia
3128 5649 3233 5704 per
3257 5651 3382 5690 eam
3402 5651 3528 5690 ma-

139 5745 261 5789 nes
289 5728 427 5799 (non
447 5727 603 5782 enim
622 5726 1087 5782 exhonorandum
1108 5729 1190 5780 est
1208 5723 1441 5778 omnino
1466 5729 1712 5795 tempus,
1745 5727 1802 5778 et
1900 5723 2055 5777 xima
2087 5722 2250 5777 nobis
2280 5722 2430 5777 dona
2479 5722 2764 5778 dabuntur
2790 5741 2822 5779 a
2850 5726 2984 5794 Deo,
3025 5731 3081 5780 et
3106 5742 3177 5780 ea
3209 5743 3337 5797 quae
3375 5733 3526 5795 sunt,

143 5841 230 5882 ex
257 5838 330 5878 eo
365 5821 524 5890 ordo)
566 5823 623 5876 et
672 5835 804 5874 eum
845 5819 946 5892 qui
973 5818 1302 5892 apparuerit
1344 5819 1503 5890 prius
1553 5817 1802 5888 optimus
1899 5817 2068 5872 ﬁrma
2083 5815 2916 5888 babebimus,etquasnondum
2939 5818 3212 5872 hactenus
3229 5827 3524 5891 venerunt,

141 5921 316 5982 inter
345 5914 658 5971 monachos
683 5913 928 5986 optimos
951 5913 1309 5986 constitutus,
1331 5917 1387 5969 et
1413 5912 1624 5985 dignus
1651 5927 1798 5986 prae-
1899 5909 2277 5984 nequiremus.
2305 5910 2454 5966 Bene
2480 5915 2671 5969 autem
2695 5911 2954 5968 universa
2981 5915 3257 5980 geruntur
3282 5916 3340 5967 et
3368 5929 3525 5970 com-
