4022 6502
538 382 631 436 931

1659 383 1910 438 SxECULl
1945 382 2136 437 SEXTI
2172 382 2721 440 SUPPLEMENTUM.

3841 380 3946 434 93'2

537 494 812 560 patenter,
833 489 876 543 si
898 489 977 543 rei
998 485 1342 560 principium
1361 487 1456 542 ﬁat
1469 488 1672 544 decens
1691 491 1999 545 etamabile
2019 491 2147 546 Deo.
2173 502 2230 574 Α
2251 491 2465 562 imponi
2490 508 2504 558 ;
2538 491 2585 544 si
2615 507 2744 545 vero
2763 491 2858 546 ille
2879 490 3191 561 susceperit
3218 493 3275 544 et
3301 488 3522 544 dixerit
3542 489 3718 560 quia,
3745 504 3944 558 quan-

540 583 651 636 Hoc
671 586 860 635 autem
883 582 1139 635 futurum
1157 597 1275 634 esse
1297 581 1599 651 credimus,
1619 581 1664 636 si
1689 599 1973 636 sacrarum
1987 600 2152 654 regu-

536 679 720 733 larum
763 678 1073 732 observatio
1119 678 1480 746 custodiatur,
1509 696 1681 750 quam
1717 680 1857 749 justi
1887 681 2150 736 laudandi

533 775 589 826 et
615 771 883 826 adorandi
929 771 1268 841 inspectores
1294 775 1350 825 et
1377 772 1619 826 ministri
1645 773 1746 826 Dei
1775 773 2146 842 tradiderunt,

533 864 769 934 apostoli
793 867 849 919 et
867 863 1042 918 sancti
1061 865 1248 918 Patres
1263 865 1653 919 custodierunt
1677 870 1731 920 et
1751 867 2144 937 explanarimt.

537 959 828 1016 Sancimus
856 958 1028 1028 igitur
1053 971 1236 1011 sacras
1254 973 1356 1028 per
1371 957 1561 1012 omnia
1580 965 1875 1029 sequentes
1900 961 2144 1030 regulas,

533 1069 661 1107 cum
687 1051 964 1123 quiSpiam
991 1050 1144 1104 omni
1171 1055 1297 1120 post
1321 1055 1558 1106 venturo
1576 1056 1828 1122 tempore
1849 1054 1918 1107 ad
1940 1055 2149 1126 episco-

530 1151 696 1215 patus
711 1144 1118 1198 ordinationem
1133 1143 1448 1212 adducitur,
1463 1145 1800 1199 considerari
1816 1146 1970 1216 prius
1987 1165 2148 1218 opor-

529 1243 646 1292 tere
667 1237 788 1307 ejus
817 1237 988 1292 vitam
1009 1237 1318 1291 secundum
1345 1244 1602 1292 sanctum
1630 1239 1966 1309 apostolum,
1987 1241 2032 1294 si
2050 1241 2146 1294 ho-

527 1335 704 1397 nesta,
737 1335 792 1384 et
836 1329 1208 1400 iuculpabilis,
1254 1335 1309 1384 et
1351 1330 1598 1401 undique
1643 1331 2145 1402 irreprehensibilis

523 1423 612 1490 sit,
631 1429 730 1476 eta
743 1423 902 1476 bonis
921 1423 1306 1476 testimonium
1325 1422 1530 1477 habeat
1546 1425 1893 1479 sacerdotem
1911 1425 2135 1480 decens.

526 1517 591 1569 Et
619 1531 800 1585 neque
827 1533 896 1568 ex
945 1515 1170 1568 ofﬁciali
1199 1520 1296 1569 aut
1324 1533 1392 1569 ex
1435 1515 1634 1569 curiali
1661 1517 1847 1570 veniat
1889 1518 2137 1583 fortuna,

527 1607 631 1662 nisi
657 1608 843 1662 forsan
873 1623 940 1662 ex
967 1608 1182 1662 novella
1212 1612 1375 1662 aetate
1397 1608 1726 1678 (secundum
1755 1611 1905 1680 quod
1918 1610 2038 1680 jam
2061 1611 2144 1665 di-

526 1701 796 1771 spositum
823 1703 922 1772 est)
952 1701 1010 1754 in
1049 1701 1388 1755 monasterio
1426 1702 1780 1772 constitutus,
1812 1703 2042 1758 fortuna
2070 1704 2138 1758 li-

524 1794 770 1859 beretur,
809 1798 1065 1864 quartam
1105 1800 1292 1848 tamen
1333 1795 1488 1865 prius
1527 1795 1854 1849 substantiae
1903 1797 2142 1852 reddens

523 1888 710 1942 curiae.
744 1889 932 1957 Neque
981 1887 1153 1940 etiam
1194 1903 1261 1940 ex
1306 1885 1480 1941 idiota
1522 1890 1576 1940 et
1608 1887 1694 1941 his
1735 1889 1830 1958 qui
1872 1861 2216 1946 vocanturB

523 1981 648 2034 laici
675 1980 934 2048 existens,
961 1985 1016 2034 et
1040 1980 1118 2033 ita
1142 1996 1271 2033 mox
1301 1980 1372 2034 ad
1401 1981 1787 2051 episcopatum
1814 1983 2137 2050 ascendens,

524 2073 682 2144 quasi
733 2073 1124 2143 imaginariam
1171 2071 1433 2142 suscipiat
1479 2073 1908 2142 ordinationem,
1938 2082 2002 2129 ut
2041 2076 2140 2146 qui

523 2167 693 2221 modo
720 2166 946 2236 quidem
969 2165 1138 2219 idiota
1159 2165 1251 2234 sit,
1281 2181 1411 2218 mox
1437 2169 1627 2219 autem
1655 2168 1908 2236 clericus,
1939 2169 2138 2224 deinde

521 2275 694 2331 parvo
712 2259 1019 2313 admodum
1048 2264 1300 2329 tempore
1331 2259 1612 2328 praeterito
1642 2261 1932 2332 episcopus
1961 2279 2134 2332 appa-

522 2357 661 2407 reat.
695 2354 760 2406 Et
789 2368 971 2422 neque
998 2351 1159 2405 uxori
1179 2351 1340 2404 alteri
1364 2352 1674 2421 copulatus,
1702 2354 1798 2408 sed
1825 2358 1921 2406 aut
1948 2355 2004 2408 in
2034 2355 2138 2408 vir-

522 2445 756 2516 ginitate
787 2446 996 2514 degens
1023 2461 1054 2497 a
1085 2444 1382 2516 principio,
1427 2449 1525 2498 aut
1555 2463 1788 2500 uxorem
1819 2447 2028 2501 habens
2068 2465 2136 2503 ex

519 2537 840 2608 virginitate
884 2537 954 2590 ad
980 2553 1108 2590 eum
1137 2537 1480 2604 venientem,
1520 2544 1576 2591 et
1614 2555 1725 2592 non
1758 2538 2004 2606 viduam,
2033 2558 2133 2596 ne-

517 2647 628 2702 que
657 2631 968 2702 sejunctam
995 2646 1028 2682 a
1056 2630 1194 2698 viro,
1225 2646 1408 2700 neque
1435 2631 1828 2700 concubinam,
1850 2649 2032 2704 neque
2064 2634 2131 2688 Ii—

517 2724 620 2778 lios
645 2729 744 2777 aut
769 2727 1002 2794 nepotes
1031 2723 1262 2792 habens,
1298 2739 1480 2794 neque
1511 2723 1762 2793 cognitos
1788 2725 1919 2796 legi,
1951 2743 2134 2798 neque

517 2817 599 2872 illi
626 2815 874 2872 odibiles.
907 2815 1166 2886 Alioquin
1193 2815 1288 2886 qui
1318 2820 1523 2886 praeter
1547 2816 1653 2870 hoc
1682 2817 1892 2888 aliquid
1919 2820 2056 2890 agit,
2079 2826 2136 2875 et

516 2909 636 2980 ipse
659 2909 1158 2970 cadetsacerdotio,
1175 2914 1231 2962 et
1250 2909 1347 2978 qui
1373 2925 1507 2962 eum
1533 2909 1773 2978 ordinat,
1803 2916 1963 2965 extra
1989 2929 2131 2984 epis-

517 3007 780 3072 copatum
823 3003 1008 3072 deget,
1042 3002 1190 3054 hanc
1234 3001 1419 3071 legem
1457 3001 1765 3056 offendens.
1801 3003 1903 3058 Sed
1949 3022 2131 3076 neque

515 3094 770 3166 pecuniis
789 3094 918 3148 ullis
939 3111 1127 3148 emere
1146 3093 1518 3148 sacerdotium
1542 3095 1594 3148 ei
1620 3096 2018 3165 permittimus.
2038 3100 2133 3154 So-

515 3188 637 3243 lum
667 3205 800 3242 vero
827 3203 960 3240 eum
993 3186 1268 3257 respicere
1298 3187 1516 3241 Domini
1553 3189 1652 3242 Dei
1671 3189 1948 3244 culturam
1971 3193 2126 3246 volu-

513 3298 660 3350 mus,
678 3287 860 3335 etnon
878 3281 1134 3351 plurimis
1145 3280 1408 3334 humanis
1421 3281 1850 3350 cogitationibus
1867 3284 2124 3340 distrahi.

512 3376 619 3430 Sed
645 3391 826 3445 neque
867 3373 1179 3428 ineruditus
1208 3373 1450 3428 existens
1478 3391 1764 3430 sacrorum
1795 3377 2122 3447 doginatum

509 3469 577 3522 ad
599 3467 980 3538 episcopatum
1003 3467 1365 3534 accedat,nisi
1380 3468 1538 3538 prius
1551 3473 1648 3523 aut
1663 3471 2029 3526 monasticam
2051 3475 2126 3528 vi-

507 3567 626 3616 tam
644 3561 944 3632 professus,
961 3565 1058 3614 aut
1069 3561 1126 3613 in
1139 3561 1284 3614 clero
1298 3561 1634 3616 constitutus
1645 3578 1758 3616 non
1770 3563 1959 3618 minus
1971 3582 2126 3620 men-

509 3653 660 3708 sibus
687 3671 802 3722 sex,
832 3653 994 3708 uxori
1019 3657 1210 3707 tamen
1237 3670 1350 3708 non
1377 3655 1684 3724 cohaerens,
1713 3663 1812 3710 aut
1837 3657 2000 3727 ﬁlios,
2028 3665 2126 3714 aut

506 3753 737 3818 nepotes
763 3744 992 3801 habens.
1018 3747 1130 3800 Hoc
1146 3747 1298 3800 enim
1321 3747 1648 3802 omnimodo
1673 3748 1729 3802 in
1750 3750 1862 3804 Deo
1874 3752 2148 3821 amabili:

505 3840 612 3895 bus
627 3840 902 3912 episcOpis
919 3839 1277 3910 requirimus,
1293 3840 1436 3894 sicut
1453 3841 1625 3894 etiam
1639 3841 1794 3912 prius
1805 3845 1972 3898 sacris
1989 3845 2124 3900 dua-

505 3933 612 3987 bus
650 3933 858 3987 nostris
901 3931 1392 3986 constitutionibus
1436 3933 1545 3988 lioc
1586 3935 1860 3990 sancitum
1889 3941 1989 4005 est,
2023 3955 2124 4008 per

505 4042 644 4096 quas
659 4025 877 4080 dudum
895 4024 1240 4078 cohaerentes
1261 4024 1532 4080 uxoribus
1545 4043 1656 4080 non
1675 4034 2118 4098 perscrutamur,

505 4134 674 4172 omne
689 4118 1038 4188 praeteritum
1057 4117 1462 4188 relinquentes,
1479 4119 1547 4174 de
1565 4126 1769 4174 caetero
1789 4125 1977 4176 autem
1989 4125 2119 4178 nul-

505 4211 546 4264 li
568 4211 958 4282 permittentes
985 4226 1019 4264 a
1044 4211 1325 4280 positione
1353 4211 1492 4280 legis
1527 4228 1766 4268 uxorem
1795 4214 2020 4270 habenti
2045 4223 2122 4271 ta-

493 4306 618 4361 Jem
647 4303 864 4374 imponi
895 4303 1328 4358 ordinationem.
1349 4304 1528 4368 Quam
1554 4305 1741 4375 legem
1767 4307 1942 4362 etiam
1968 4326 2118 4364 nunc

503 4414 860 4463 renovamus,
889 4412 959 4450 ne
976 4396 1120 4450 forte
1145 4396 1188 4450 si
1211 4401 1418 4466 praeter
1437 4397 1540 4451 hoc
1567 4398 1782 4469 aliquid
1804 4401 1901 4455 ﬁat
1926 4405 1982 4455 et
2003 4401 2120 4472 ipse

503 4493 664 4546 cadat
680 4490 1009 4556 sacerdotio,
1027 4495 1083 4544 et
1099 4490 1452 4544 ordinantem
1467 4491 1730 4546 similiter
1743 4494 1963 4548 excludi
1983 4513 2116 4566 pro-

501 4587 677 4641 curet.
700 4585 876 4655 Igitur
892 4583 1235 4638 ordinandus
1253 4583 1562 4655 episcopus,
1585 4590 1684 4640 aut
1711 4577 1778 4640 ex
1805 4588 2112 4657 monachis,
2135 4583 2194 4656 D

499 4683 600 4734 aut
620 4695 688 4734 ex
715 4676 928 4733 clericis
948 4675 1038 4732 sit.
1056 4676 1236 4732 Etiam
1254 4677 1314 4731 in
1333 4678 1429 4748 huj
1441 4679 1659 4732 usmodi
1677 4678 1784 4734 vita
1803 4681 2114 4737 testimonii

497 4773 652 4842 boni,
682 4772 796 4826 vita
821 4771 1023 4840 bonus,
1054 4776 1110 4825 et
1127 4771 1418 4837 honestus,
1447 4777 1502 4826 et
1531 4772 1706 4842 gloria
1725 4773 1918 4828 fruens
1943 4775 2109 4844 bona,

497 4870 553 4922 et
581 4867 684 4921 hoc
727 4864 1160 4920 fundamentum
1185 4863 1548 4934 pontiﬁcatus
1574 4866 1862 4936 deponens
1906 4867 2111 4922 animae

499 4977 636 5017 suae.
650 4960 754 5016 Sed
766 4957 934 5014 etiam
950 4956 1031 5012 sic
1044 4973 1175 5012 eum
1190 4957 1554 5011 constitutum
1571 4963 1627 5012 et
1644 4959 1714 5013 ad
1727 4959 2112 5032 episcopatum

496 5058 874 5126 praeparatum
917 5056 1238 5122 competens
1272 5055 1356 5104 est
1393 5051 1732 5105 venerabiles
1773 5056 1830 5107 et
1857 5054 2110 5125 undique

496 5147 756 5218 probatas
766 5147 952 5216 legere
973 5145 1197 5214 regulas
1212 5148 1341 5196 ante
1356 5143 1764 5198 ordinationem
1775 5187 1788 5212 ,
1807 5162 1946 5216 quas
1960 5149 2112 5202 recta

498 5246 553 5294 et
598 5237 863 5293 inviolata
909 5243 1098 5292 nostra
1135 5236 1378 5306 suscepit
1421 5235 1576 5305 fides,
1607 5243 1664 5292 et
1705 5239 1974 5293 catholica
2009 5241 2108 5295 Dei

497 5331 906 5402 apostolieaque
955 5329 1228 5399 disposuit
1251 5335 1308 5384 et
1333 5329 1568 5384 tradidit
1605 5331 1855 5385 ecclesia.
1887 5333 1954 5387 Et
1977 5351 2108 5388 cum

493 5421 777 5494 frequenti
804 5437 895 5476 eas
919 5421 1152 5476 lectione
1180 5422 1539 5492 percurrerit,
1565 5423 1662 5494 qui
1700 5423 1768 5478 ad
1795 5425 2102 5480 ordinatio-

493 5533 628 5572 nem
647 5513 960 5580 deducitur,
979 5518 1111 5568 tuuc
1131 5515 1177 5568 is
1193 5514 1290 5585 qui
1305 5513 1718 5570 ordinationem
1739 5516 2106 5586 impositurus

494 5615 578 5666 est
596 5611 908 5678 interroget
921 5623 1071 5674 eum,
1099 5607 1144 5661 si
1175 5607 1456 5661 sufficiens
1477 5607 1548 5662 sit
1572 5609 1849 5664 custodire
1867 5616 1921 5664 et
1939 5627 2106 5681 agere

493 5721 620 5778 qua:
664 5719 835 5757 sacras
860 5702 1072 5772 regulae
1120 5699 1463 5768 sancierunt,
1491 5705 1544 5754 et
1586 5701 1864 5771 siquidem
1894 5703 1986 5757 ille
2015 5705 2105 5758 de-

493 5797 787 5853 claraverit
811 5799 867 5848 et
903 5792 1107 5848 dixerit
1144 5794 1426 5862 praecepta
1468 5809 1752 5848 sacrarum
1777 5796 2102 5866 regularum

493 5906 607 5950 non
639 5905 696 5942 se
726 5887 910 5942 valere
953 5900 1190 5953 servare,
1220 5883 1378 5938 nullo
1408 5885 1577 5939 modo
1603 5886 1654 5940 ei
1695 5887 2103 5945 ordinationem

2251 589 2372 638 tum
2391 584 2607 638 homini
2629 589 2710 639 est
2730 584 3017 655 possibile,
3042 582 3357 654 complebit
3375 582 3506 636 haec
3523 598 3666 653 qua:
3692 581 3795 635 his
3813 598 3946 634 con-

2249 676 2522 743 tinentur,
2550 683 2682 732 tunc
2711 694 2944 731 monere
2975 693 3130 745 eum,
3158 681 3216 730 et
3239 676 3435 730 dicere
3463 675 3616 746 quia
3646 675 3770 728 nisi
3813 675 3942 730 ha-c

2247 768 2638 836 observaverit,
2673 775 2727 824 et
2754 787 2787 824 a
2815 771 2928 824 Deo
2957 769 3179 823 alienus
3199 769 3331 838 erit,
3353 773 3413 823 et
3439 768 3622 822 cadet
3648 769 3791 838 jam
3810 769 3942 822 dato

2247 862 2478 931 honore,
2511 866 2566 916 et
2590 879 2772 934 neque
2799 863 2987 917 civiles
3017 863 3172 932 leges
3199 863 3492 916 dilectum
3523 861 3812 916 inultum
3860 880 3944 917 re-

2246 953 2526 1024 linquent,
2577 971 2644 1008 eo
2669 955 2820 1026 quod
2850 972 2883 1008 a
2913 955 3377 1025 pra-cedentibus
3411 971 3523 1006 nos
3555 954 3944 1024 imperatori-

2245 1047 2368 1116 bus,
2399 1052 2453 1102 et
2472 1064 2504 1100 τι
2529 1047 2688 1101 nobis
2715 1047 2849 1118 ipsis
2877 1054 3024 1102 recte
3045 1047 3260 1102 dictum
3289 1050 3379 1101 est
3409 1051 3708 1118 oportere
3745 1065 3944 1102 sacras

2245 1140 2468 1209 regulas
2494 1157 2596 1210 pro
2620 1139 2839 1211 legibus
2867 1141 3072 1194 valere.
3105 1139 3220 1194 Etsi
3248 1141 3432 1194 etiam
3466 1141 3552 1194 sic
3579 1158 3944 1211 permanse-

2244 1233 2320 1285 rit
2334 1249 2560 1286 causam
2581 1234 2946 1304 amplectens,
2974 1238 3109 1287 tunc
3139 1249 3316 1304 super
3331 1234 3424 1287 his
3441 1234 3943 1304 professionibus

2245 1341 2706 1396 unumquemque
2731 1343 2944 1380 sacram
2963 1325 3250 1396 suscipere
3277 1326 3670 1397 episcopatus
3698 1329 3946 1382 ordina-

2243 1418 2477 1472 tionem.
2519 1421 2585 1473 Et
2616 1418 2758 1471 hanc
2784 1435 2902 1472 non
2935 1418 3192 1490 pecuniis
3225 1418 3552 1488 redimere,
3595 1437 3812 1492 neque
3842 1440 3947 1492 per

2242 1526 2434 1564 rerum
2457 1511 2694 1566 aliarum
2721 1511 3006 1566 dationem
3030 1511 3336 1582 suscipere,
3355 1511 3459 1566 sed
3483 1529 3725 1584 puram
3753 1516 3947 1584 perci-

2242 1619 2393 1674 pere,
2423 1608 2481 1657 et
2497 1604 2614 1658 sine
2641 1604 2898 1658 mercede
2915 1609 3190 1676 tanquam
3217 1621 3250 1658 a
3280 1605 3398 1659 Deo
3427 1605 3667 1662 datam.
3693 1610 3942 1663 Tamet-

2241 1697 2286 1750 si
2317 1697 2464 1750 enim
2491 1697 2597 1750 alia
2624 1697 2813 1753 omnia
2849 1698 3058 1752 habeat
3077 1698 3268 1766 utilia,
3299 1716 3434 1770 quas
3479 1701 3661 1770 prius
3695 1720 3737 1756 a
3767 1703 3943 1757 nobis

2241 1790 2388 1844 dicta
2413 1796 2561 1860 sunt,
2583 1790 2836 1862 pecuniis
2871 1796 3063 1846 autem
3097 1793 3184 1847 vel
3217 1792 3394 1847 rebus
3428 1794 3622 1849 etiam
3659 1797 3946 1852 videatur

2241 1883 2628 1955 episcopatum
2645 1884 2868 1950 emisse,
2893 1885 3029 1938 sciat
3043 1901 3102 1940 se
3119 1889 3175 1940 et
3197 1885 3269 1940 ab
3291 1885 3420 1956 ipso
3443 1887 3826 1960 episcopatu
3846 1909 3911 1945 ca
3925 1923 3942 1931 ο

2239 1993 2456 2043 surum,
2479 1981 2536 2030 et
2563 1977 2667 2030 hoc
2699 1995 2909 2032 munus
2943 1977 3372 2033 retributurum
3405 1981 3760 2052 ordinanti,
3795 1989 3944 2038 utet

2239 2069 2332 2125 ille
2359 2069 2746 2141 episcopatum
2771 2071 3014 2140 amittat,
3042 2075 3099 2125 et
3127 2072 3334 2127 aclero
3361 2074 3564 2141 cadat,
3595 2081 3661 2130 et
3691 2078 3942 2149 utrique

2237 2180 2401 2216 causa
2421 2163 2591 2217 talem
2616 2166 2846 2234 prtestet
2869 2164 3338 2236 retributionem,
3361 2173 3428 2221 ut
3452 2174 3516 2222 et
3539 2169 3649 2224 hic
3680 2172 3940 2242 quidem

2237 2273 2348 2310 non
2377 2255 2720 2327 adipiscatur
2745 2275 2872 2328 qua:
2908 2258 3194 2328 sperabat,
3215 2259 3314 2314 ille
3337 2263 3554 2316 autem
3578 2265 3788 2319 etiam
3808 2283 3940 2337 quae

2237 2349 2478 2402 habebat
2501 2350 2741 2404 amittat.
2760 2350 3143 2406 Nihilominus
3163 2353 3340 2407 etiam
3358 2355 3650 2424 pecuniis
3667 2375 3741 2413 ac
3763 2360 3943 2414 rebus

2237 2442 2381 2496 datis
2409 2443 2695 2498 occasione
2721 2444 3091 2500 ordinationis
3121 2446 3515 2504 sanctissimas
3539 2452 3941 2523 assignandis

2235 2535 2500 2604 ecclesias,
2529 2537 2646 2590 sive
2671 2537 2971 2609 episcopus
2997 2539 3073 2592 sit
3086 2539 3406 2611 accipiens,
3440 2549 3505 2598 et
3537 2553 3885 2618 propterea
3911 2565 3944 2602 a

2233 2629 2536 2683 sacerdotio
2580 2631 2757 2698 cadat,
2798 2631 2912 2686 sive
2955 2631 3130 2686 etiam
3161 2633 3417 2704 quilibet
3470 2637 3641 2692 alius
3674 2639 3744 2694 in
3789 2642 3944 2696 clem

2233 2723 2671 2777 constitutorum
2695 2739 2708 2777 :
2738 2739 2872 2778 nam
2900 2730 2955 2779 et
2983 2724 3066 2778 illi
3083 2727 3374 2797 aequalem
3405 2729 3812 2802 imponimus
3829 2753 3944 2807 poe-

2232 2831 2383 2882 nam,
2411 2821 2476 2870 ut
2501 2815 2698 2870 ordine
2725 2833 2896 2887 quem
2921 2817 3073 2873 inter
3119 2820 3461 2877 sacerdotes
3507 2824 3819 2883 habuerit
3849 2847 3941 2883 ca-

2231 2908 2347 2974 dat,
2378 2914 2434 2961 et
2464 2909 2660 2964 reddat
2701 2926 2928 2978 aurum,
2959 2916 3060 2966 aut
3086 2928 3178 2968 res
3207 2930 3345 2984 qua:
3374 2917 3810 2976 ordinationis
3845 2941 3940 2978 oc—

2230 3001 2448 3054 casione
2475 3001 2622 3055 datae
2648 3009 2800 3071 sunt,
2828 3003 3106 3074 injuriam
3132 3023 3320 3076 passae
3363 3010 3708 3080 (quantum
3739 3017 3820 3070 ad
3849 3019 3939 3088 ip-

2230 3093 2376 3163 sum)
2403 3093 2672 3149 ecclesias.
2701 3095 2756 3149 Si
2779 3095 2907 3166 quis
2923 3103 3116 3168 autem
3137 3103 3581 3158 extraneorum
3608 3107 3717 3176 sit,
3739 3115 3805 3164 et
3822 3127 3942 3164 non

2232 3185 2289 3239 in
2315 3187 2462 3240 clero
2482 3187 2834 3255 constitutus,
2859 3189 2958 3260 qui
2977 3207 3185 3246 aurum
3201 3199 3304 3248 aut
3333 3211 3470 3250 rem
3501 3199 3793 3270 aliquam
3811 3221 3947 3275 pro-

2230 3283 2356 3350 pter
2379 3279 2750 3350 patrocinium
2777 3281 3150 3338 ordinationis
3178 3288 3436 3358 accepit,
3466 3297 3531 3346 et
3575 3296 3859 3351 maxime
3899 3299 3946 3352 si

2227 3373 2770 3428 administrationem
2821 3375 3076 3448 aliquam
3119 3383 3307 3449 gerat,
3355 3381 3624 3441 habebit
3651 3388 3790 3460 ipse
3823 3409 3944 3446 non

2225 3470 2446 3520 tantum
2471 3481 2505 3520 a
2528 3468 2641 3522 Deo
2681 3485 2927 3538 poenam,
2955 3475 3013 3524 et
3057 3473 3375 3530 succedent
3401 3477 3462 3530 ei
3490 3479 3573 3534 de
3607 3485 3770 3538 omlo
3810 3503 3946 3558 sup.

2225 3559 2407 3630 plicia,
2436 3576 2632 3614 verum
2675 3562 2847 3616 etiam
2876 3562 3017 3618 illud
3045 3566 3202 3636 quod
3242 3567 3460 3624 datum
3509 3579 3629 3645 est,
3662 3578 3941 3634 ablatum

2223 3653 2294 3706 ab
2319 3669 2404 3716 eo,
2432 3654 2796 3709 sanctissimas
2824 3657 3072 3711 ecclesiae
3093 3659 3372 3716 omnibus
3395 3665 3715 3726 reddatur
3745 3675 3942 3728 modis

2225 3745 2283 3799 in
2309 3746 3020 3820 duplum.lnsuperetiam,
3047 3751 3090 3804 si
3110 3768 3293 3822 quam
3315 3756 3942 3822 administrationem

2224 3837 2412 3904 habet,
2445 3855 2512 3893 ea
2554 3841 2735 3908 cadat,
2769 3845 2826 3895 et
2865 3847 3142 3914 perpetuo
3185 3847 3398 3903 exsilio
3447 3855 3940 3916 condemnetur.

2221 3931 2361 3985 illud
2387 3949 2610 4003 quoque
2637 3934 2774 3988 sciat
2801 3941 2996 4006 aperte
3021 3938 3122 4008 qui
3151 3942 3426 4009 pecuniis
3446 3953 3566 4002 aut
3591 3952 3792 4009 rebus
3813 3957 3943 4010 aliis

2222 4024 2421 4082 emerit
2451 4027 2840 4096 przesulatum,
2863 4029 2996 4098 quia
3015 4031 3060 4084 si
3089 4031 3255 4101 prius
3285 4034 3593 4096 diaconus
3622 4053 3742 4101 aut
3769 4065 3940 4119 pres-

2220 4117 2382 4188 byter
2405 4118 2496 4188 sit,
2519 4118 2720 4175 deinde
2754 4137 2860 4192 per
2877 4122 3223 4194 suffragium
3248 4129 3325 4182 ad
3361 4117 3805 4196 sacerdotium
3845 4161 3941 4197 ve-

2220 4211 2360 4280 niat,
2389 4227 2503 4266 non
2518 4213 2704 4267 solum
2725 4215 2887 4269 cadet
2905 4216 3268 4289 episcopatu,
3295 4224 3398 4278 sed
3423 4242 3542 4282 nec
3567 4233 3765 4301 prior
3780 4237 3838 4292 ei
3865 4255 3944 4292 re-

2219 4304 2512 4376 linquetur
2544 4307 2682 4361 ordo
2721 4308 3059 4379 presbyterii
3088 4311 3356 4383 forsitan,
3392 4325 3505 4375 aut
3539 4323 3940 4386 diaconatus.

2219 4399 2452 4453 Amittet
2471 4399 2680 4454 etenim
2695 4401 2865 4456 etiam
2885 4401 3048 4473 illud,
3067 4410 3125 4459 et
3141 4409 3306 4462 omni
3330 4417 3720 4476 sacerdotali
3744 4427 3944 4481 exclu-

2218 4491 2385 4586 detur
2412 4491 2630 4561 ordine,
2657 4497 2853 4565 utpote
2889 4496 3156 4553 decentia
3174 4499 3426 4574 indigne
3449 4516 3940 4586 concupiscens.

2217 4584 2450 4686 Dportet
2466 4588 2741 4686 autem-in
2757 4587 2880 4660 ipso
2901 4590 3288 4650 ordinationis
3315 4602 3611 4674 tempore
3649 4584 3810 4668 eum
3838 4615 3942 4686 qui

2213 4677 2360 4733 hanc
2378 4678 2638 4750 imponit,
2659 4680 2770 4735 illic
2785 4698 2980 4738 coram
2995 4687 3158 4741 omni
3173 4688 3331 4745 ﬁdeli
3352 4699 3605 4768 populo
3624 4677 3942 4764 sanctissi-

2214 4788 2324 4826 mae
2340 4772 2586 4826 ecclesias
2601 4773 2720 4828 haec
2737 4775 2931 4830 omnia
2949 4779 3289 4852 praedicere,
3315 4791 3384 4841 ut
3397 4804 3777 4860 agnoscens
3800 4820 3938 4859 eum

2211 4866 2402 4920 omnia
2418 4882 2544 4936 quae
2566 4867 2722 4937 prius
2745 4885 2778 4922 a
2794 4869 2956 4924 nobis
2979 4871 3128 4928 dicta
3146 4883 3284 4932 sunt
3306 4878 3571 4954 habere,
3597 4893 3686 4946 ad
3704 4912 3939 4952 sacram

2211 4975 2343 5013 eum
2367 4959 2603 5014 deducat
2633 4961 3076 5033 ordinationem,
3107 4973 3170 5022 ut
3189 4970 3373 5026 etiam
3409 4973 3517 5032 ille
3550 4998 3788 5044 coram
3810 5009 3936 5046 om-

2209 5051 2378 5106 nibus
2404 5052 2524 5106 haac
2550 5053 2804 5120 audiens,
2835 5072 2950 5110 non
2984 5057 3175 5114 solum
3209 5063 3431 5122 habeat
3457 5070 3577 5128 Dei
3614 5079 3935 5143 timovem.

2209 5145 2306 5200 sed
2333 5145 2502 5200 etiam
2534 5163 2721 5201 coram
2748 5149 3016 5205 omnibus
3045 5145 3586 5223 denuntiationem
3620 5181 3690 5228 et
3714 5181 3938 5248 prora-

2209 5237 2426 5292 sionem
2472 5239 2784 5296 erubescat.
2833 5243 2890 5298 Si
2917 5244 3044 5314 quis
3079 5253 3282 5304 autem
3321 5255 3464 5311 talis
3497 5237 3788 5332 quidem
3819 5291 3936 5329 esse

2207 5335 2457 5401 putetur,
2496 5338 2552 5388 et
2596 5333 2666 5388 ad
2705 5334 3066 5408 episcopatus
3112 5343 3580 5410 ordinationem
3636 5366 3934 5422 transeat,

2206 5425 2550 5480 contradicat
2588 5431 2780 5482 autem
2817 5429 3046 5500 aliquis,
3090 5439 3269 5506 atque
3298 5439 3465 5498 dicat
3508 5459 3856 5516 conscium
3884 5480 3934 5514 se

2205 5533 2325 5571 esse
2355 5518 2590 5588 alicujus
2613 5521 2769 5592 quod
2809 5522 3002 5578 illicite
3039 5527 3371 5602 admiserit,
3411 5555 3551 5597 non
3591 5551 3784 5618 prius
3813 5572 3930 5610 me.-

2205 5615 2392 5664 reatur
2416 5612 2773 5684 episcopatus
2819 5616 3275 5694 ordinationem,
3311 5644 3510 5699 quam
3547 5612 3933 5708 examinatio

2203 5704 2687 5774 querimoniarum
2715 5707 2832 5777 ﬁat,
2865 5715 2921 5764 et
2955 5723 3238 5782 appareat
3283 5724 3585 5800 undique
3617 5704 3929 5798 inm—nius.

2201 5797 2356 5861 Quod
2393 5798 2437 5893 si
2469 5799 2638 5854 etiam
2667 5806 2790 5871 post
2817 5801 3153 5874 huiusmodi
3199 5797 3794 5892 contradictionem
3823 5855 3931 5893 non

2200 5905 2395 5962 passus
2422 5891 2468 5947 is
2493 5893 2591 5965 qui
2613 5893 3032 5954 ordinationem
3058 5900 3198 5958 facit
3229 5906 3597 5981 legitimam
3627 5891 3932 5988 διελώῶ
