4022 6404
141 345 254 398 933

1021 343 1386 402 JUSTINlANl
1425 347 1752 403 NOVELLE
1792 347 2125 404 SELECTr'E.
2168 347 2474 404 NOVELLA
2511 347 2596 403 VI.

3423 349 3524 407 934

135 449 362 506 tionem
396 451 616 523 imponi
645 469 846 522 causae,
877 459 1068 510 currat
1091 455 1162 510 ad
1189 455 1632 528 ordinationem;
1653 456 1787 512 sciat
1807 469 1866 541 Α
1884 457 2018 527 rios,
2051 460 2148 512 aut
2175 473 2490 513 (nconomos
2516 471 2743 512 movere
2768 455 2948 527 liceat,
2973 457 3031 511 et
3054 454 3421 528 petitionibus
3448 457 3521 512 ad

131 545 292 615 quod
313 545 384 598 ab
406 563 473 600 eo
500 546 564 600 Iit
591 563 696 618 pro
725 547 904 602 nihilo
925 565 1062 603 esse.
1091 548 1197 604 Sed
1227 552 1285 604 et
1307 550 1354 604 is
1375 550 1472 621 qui
1493 555 1689 606 contra
1710 551 1787 606 le-

134 653 274 707 gem
291 638 448 709 facit,
473 640 635 696 cadet
653 641 882 697 saccrdo
891 641 985 711 tio,
1009 648 1067 698 et
1084 643 1181 715 qui
1202 643 1321 698 sine
1338 645 1665 715 probatione
1683 645 1786 700 im-

131 733 305 802 ponit
331 733 770 802 ordinationem,
803 740 858 791 et
884 735 1002 807 ipse
1046 737 1280 808 quidem
1323 737 1584 794 similiter
1627 740 1786 795 cadet

131 826 272 880 sede
289 827 644 896 sacerdotali,
661 844 789 883 reus
801 834 993 884 autem
1004 829 1111 884 erit
1127 831 1236 884 Deo
1251 831 1351 901 qui
1369 832 1624 886 omnium
1643 849 1781 903 prai-

128 919 307 990 cipue
318 920 528 992 quaerit
543 938 775 976 suorum
792 922 1149 977 sacerdotum
1167 923 1561 994 puritatem.Si
1575 930 1780 982 tamem

128 1013 182 1067 is
205 1013 309 1084 qui
335 1013 678 1069 ordinationi
704 1015 1060 1084 contradicit,
1079 1021 1176 1070 aut
1203 1017 1620 1073 examinatione
1641 1019 1784 1074 facta

128 1107 416 1179 probetur
454 1108 846 1176 calumniator,
879 1113 980 1162 aut
1006 1108 1061 1164 in
1095 1108 1218 1180 ipso
1262 1111 1566 1182 principio,
1597 1129 1782 1185 neque

126 1201 195 1256 in
246 1201 670 1256 examinatione
700 1201 998 1272 persistere
1029 1201 1290 1270 conﬁdat,
1322 1209 1584 1277 segreget
1607 1205 1779 1260 istum

128 1295 192 1350 in
221 1300 569 1368 perpetuum
595 1312 629 1350 a
653 1312 811 1350 sacra
837 1297 1234 1352 communione
1272 1297 1320 1351 is
1345 1299 1442 1370 qui
1467 1299 1776 1355 ordinatio-

124 1403 270 1444 nem
281 1388 468 1444 facere
482 1389 693 1458 vult,ut
714 1405 828 1443 non
854 1390 972 1461 ipsa
996 1391 1201 1448 falsitas
1218 1391 1495 1462 impunita
1515 1391 1604 1446 sit.
1625 1393 1774 1448 Sicut

126 1482 294 1538 enim
316 1482 525 1537 bonam
557 1482 792 1554 gloriam
820 1483 876 1536 in
910 1499 996 1550 eo,
1019 1483 1116 1554 qui
1138 1483 1479 1538 ordinandus
1509 1491 1594 1539 est
1619 1503 1774 1558 quae-

127 1576 340 1644 rimus,
356 1576 436 1630 ita
455 1575 624 1631 etiam
651 1575 998 1630 calumniam
1031 1575 1090 1631 in
1109 1593 1176 1631 eo
1204 1577 1303 1648 qui
1322 1578 1529 1632 frustra
1547 1595 1773 1632 accusa-

124 1670 232 1739 vit,
259 1669 552 1740 punimus.
582 1669 636 1724 Si
667 1685 800 1724 vero
825 1686 994 1725 nemo
1025 1670 1368 1726 accusaverit
1400 1671 1652 1741 omnino,
1680 1678 1777 1728 aut

123 1765 189 1819 in
231 1768 352 1819 toto
390 1763 732 1818 denuntians
776 1764 1260 1819 examinationem
1297 1781 1414 1819 non
1453 1765 1638 1830 faciat,
1677 1770 1776 1822 aut

1883 550 2187 623 imperium
2225 551 2451 607 directis
2487 551 2790 623 impetrare
2829 549 3162 606 desiderata.
3215 551 3516 623 Propterea

1884 645 2182 714 sancimus,
2225 645 2270 700 si
2308 645 2536 717 quando
2590 650 2826 718 propter
2881 643 3314 700 ecclesiasticam
3361 661 3518 700 occa-

1883 737 2098 794 sionem
2127 739 2391 794 inciderit
2415 738 2734 809 necessitas,
2762 739 2906 794 hanc
2935 743 3034 793 aut
3057 754 3160 809 per
3183 755 3280 794 eos
3308 738 3406 810 qui
3431 757 3521 795 res

1880 837 2062 904 agunt
2115 850 2400 888 sacrarum
2461 833 2822 888 ecclesiarum
2845 875 2860 902 ,
2927 849 3069 903 quos
3125 832 3516 903 apocrisiarios

1881 929 2100 995 vocant,
2129 930 2228 981 aut
2254 943 2360 998 per
2383 927 2600 998 aliquos
2637 926 2872 982 clericos
2909 925 3020 980 huc
3059 925 3387 994 destinatos,
3419 931 3518 981 aut

1881 1035 2200 1075 osconomos
2239 1037 2368 1074 suos
2406 1024 2602 1075 notam
2637 1020 2879 1092 imperio
2915 1020 3099 1074 facere
3125 1061 3138 1084 ,
3179 1023 3278 1074 aut
3315 1019 3518 1074 nostris

1879 1113 2452 1180 administrator-ibus,
2470 1119 2536 1168 ut
2559 1113 2868 1184 impetrent
2891 1113 3041 1184 quod
3071 1118 3393 1185 competens
3411 1119 3514 1182 est,

1879 1223 2066 1279 neque
2088 1207 2193 1261 hoc
2222 1207 2333 1261 Deo
2353 1206 2686 1261 amabilibus
2715 1206 2989 1278 episcopis
3013 1206 3217 1260 erroris
3244 1211 3300 1261 et
3321 1207 3516 1262 absen-

1879 1299 1995 1370 tite,
2035 1304 2091 1356 et
2143 1299 2509 1356 sanctissimis
2566 1299 2815 1355 ecclesiis
2870 1299 3112 1354 laesionis
3168 1300 3517 1356 occasionem

1877 1393 2020 1461 fieri,
2043 1394 2232 1450 tamin
2258 1394 2550 1466 provincia
2574 1393 2957 1448 ecclesiasticis
2984 1393 3152 1448 rebus
3181 1409 3284 1464 per
3309 1393 3506 1449 absen-

1877 1487 2013 1541 tiam
2038 1503 2237 1543 eorum
2264 1487 2558 1557 neglectis,
2581 1503 2758 1558 quam
2783 1487 2954 1542 etiam
2975 1487 3067 1541 hic
3093 1487 3352 1558 expensis
3372 1489 3516 1543 mul-

1879 1580 1948 1635 tis
1985 1582 2056 1635 ab
2104 1581 2240 1652 ipsis
2289 1581 2450 1636 factis
2478 1623 2492 1648 ,
2553 1585 2823 1652 praeterea
2878 1597 3117 1652 peregre
3170 1581 3517 1638 habitatione

1875 1690 1994 1730 non
2021 1673 2195 1728 habili
2219 1675 2538 1741 constituta,
2562 1679 2618 1728 et
2635 1673 2887 1745 undique
2914 1691 3082 1728 causa
3105 1675 3323 1730 nullum
3345 1677 3513 1748 juva-

1881 1783 2036 1837 men,
2074 1767 2257 1838 magis
2294 1771 2486 1822 autem
2523 1767 2812 1822 laesionem
2862 1767 3224 1822 sanctissimis
3273 1771 3516 1824 ecclesiis

118 1857 275 1913 facta
315 1857 736 1913 examinatione
775 1857 1166 1913 demonstrare
1201 1857 1366 1927 (sicut
1393 1859 1776 1932 praediximus)
1803 1841 1857 1912 Β
1881 1860 2175 1916 inferente.
2207 1862 2329 1914 Non
2353 1865 2542 1916 autem
2570 1861 2734 1915 aliter
2759 1859 3008 1932 aliquem
3040 1861 3148 1916 Deo
3174 1861 3508 1918 amabilium

120 1964 248 2002 non
278 1947 521 2002 valuerit
544 1945 958 2002 accusationem
987 1963 1199 2016 veram,
1227 1951 1363 2002 tunc
1393 1953 1614 2018 oportet
1637 1965 1769 2004 eum

118 2041 229 2113 qui
255 2057 362 2112 per
390 2043 475 2095 tot
497 2041 616 2095 vias
643 2040 996 2111 inculpabilis
1031 2041 1380 2112 apparuerit,
1409 2042 1672 2096 accedere
1701 2045 1770 2097 ad

116 2135 386 2190 futuram
425 2133 866 2190 ordinationem.
905 2133 1011 2198 Qui
1049 2133 1202 2188 enim
1240 2134 1318 2188 ita
1355 2134 1668 2202 ordinatur,
1701 2153 1768 2191 ex

119 2227 238 2283 hoc
263 2228 447 2283 multa
475 2232 532 2282 et
556 2227 791 2282 meliora
819 2227 1106 2299 cognoscit
1133 2231 1432 2300 praecepta,
1461 2245 1646 2300 neque
1671 2230 1769 2301 qui

117 2322 325 2377 taliter
337 2321 550 2391 animo,
571 2321 759 2390 verbo,
783 2321 1036 2393 corporis
1056 2321 1456 2377 exercitatione
1477 2327 1533 2378 et
1553 2323 1768 2394 sapien-

117 2416 205 2470 tia
245 2415 505 2470 eruditus
542 2418 655 2482 est,
696 2415 946 2470 incurret
981 2414 1041 2469 in
1079 2414 1252 2469 vitam
1286 2415 1768 2473 animadversione

114 2509 388 2581 dignam.
418 2509 486 2564 Et
503 2507 645 2563 illud
671 2508 841 2563 etiam
863 2507 1186 2578 deﬁnimus,
1206 2511 1272 2562 ut
1290 2525 1461 2564 nemo
1484 2511 1599 2564 Deo
1619 2527 1768 2564 ama-

113 2602 330 2658 bilium
361 2601 757 2673 episcoporum
793 2600 927 2656 foris
964 2617 996 2654 a
1049 2617 1148 2655 sua
1185 2601 1432 2672 ecclesia,
1464 2603 1766 2674 plusquam

112 2711 227 2768 per
256 2698 444 2750 totum
471 2709 708 2763 annum,
737 2693 930 2749 abesse
956 2694 1178 2761 audeat,
1197 2693 1305 2748 nisi
1329 2694 1434 2749 hoc
1453 2712 1559 2766 per
1582 2696 1764 2767 impe-

112 2788 328 2844 rialem
343 2787 445 2843 ﬁat
459 2787 805 2859 jussionem;
839 2790 974 2842 tunc
1000 2787 1153 2842 enim
1172 2789 1358 2843 solum
1387 2788 1495 2844 erit
1514 2789 1762 2860 inculpa-

114 2881 258 2937 bile.
305 2883 372 2936 Et
411 2883 472 2935 ut
522 2880 884 2936 sacratissimi
934 2881 1268 2952 patriarchae
1322 2881 1765 2954 uniuscujusque

113 2976 430 3032 dioeceseos
484 2975 822 3046 compellant
859 2975 972 3030 Deo
1009 2973 1277 3030 amabiles
1313 2975 1602 3046 episcopos
1653 2977 1766 3036 suis

112 3070 410 3126 inhazrere
441 3068 806 3124 sanctissimis
837 3067 1101 3137 ecclesiis,
1131 3073 1186 3124 et
1211 3085 1328 3126 non
1353 3069 1525 3140 longo
1565 3071 1766 3129 itinere

111 3163 394 3236 separari,
422 3178 606 3234 neque
636 3161 695 3216 in
731 3161 1046 3234 peregrinis
1078 3161 1362 3217 demorari
1390 3163 1550 3234 velle,
1582 3181 1764 3237 neque

110 3257 505 3312 sanctissimas
533 3256 793 3310 ecclesias
834 3256 1146 3328 negligere,
1186 3272 1374 3326 neque
1414 3273 1629 3313 annum
1668 3276 1760 3314 ex-

109 3351 342 3418 cedere,
365 3365 538 3422 quem
583 3355 640 3404 et
676 3349 863 3421 ipsum
892 3355 1128 3421 propter
1153 3349 1602 3406 misericordiam
1627 3369 1761 3408 con-

105 3444 432 3501 stituimus.
475 3443 530 3498 Si
572 3459 705 3498 vero
742 3443 890 3498 ultra
925 3459 1140 3498 annum
1178 3445 1466 3516 erraverit,
1509 3451 1563 3500 et
1599 3446 1761 3503 dere-

103 3537 369 3610 liquerit,
395 3553 582 3609 neque
619 3538 688 3592 ad
732 3519 1028 3608 proprium
1055 3538 1444 3610 episcopatum
1474 3556 1758 3595 remeave-

103 3633 211 3700 rit,
245 3646 438 3702 neque
468 3629 776 3702 imperialis
803 3630 994 3701 aliqua
1019 3647 1147 3686 eum
1183 3630 1347 3703 (sicut
1375 3632 1759 3704 praediximus)

103 3723 375 3780 detineat
415 3723 616 3795 jussio,
656 3728 791 3778 tunc
838 3723 1117 3794 siquidem
1166 3725 1238 3780 sit
1273 3727 1757 3798 metropolitanus,

101 3822 322 3874 contra
375 3816 802 3872 ecclesiasticam
859 3816 1280 3888 dispositionem
1327 3819 1620 3874 absentem
1667 3838 1756 3874 re-

104 3911 310 3984 gionis
332 3910 484 3965 illius
504 3911 824 3982 patriarcha
843 3914 1065 3966 revocet
1083 3911 1315 3982 quidem
1340 3929 1472 3967 eum
1493 3913 1760 3984 legitimis

97 4004 680 4078 proclamationibus,
712 4021 942 4060 servans
977 4004 1187 4076 ubique
1216 4022 1501 4061 sacrarum
1529 4007 1756 4079 regula-

100 4115 248 4156 rum
283 4098 754 4154 observationem.
788 4098 844 4155 Si
869 4115 1002 4154 vero
1038 4103 1264 4154 maneat
1299 4116 1402 4170 per
1439 4102 1632 4155 omnia
1668 4101 1755 4156 in-

99 4191 407 4260 obediens,
442 4191 756 4263 expellatur
781 4210 810 4246 a
842 4209 1000 4248 sacro
1043 4193 1434 4264 episcoporum
1477 4195 1669 4264 choro,
1703 4199 1759 4250 et

97 4288 294 4342 alium
352 4285 676 4340 introducat
728 4287 1054 4357 hujusmodi
1091 4293 1147 4342 et
1186 4287 1526 4357 reverentia,
1567 4295 1623 4344 et
1662 4307 1754 4344 ve-

95 4379 412 4447 recundia,
442 4386 499 4434 et
526 4380 819 4434 honestate
849 4381 1108 4452 dignum.
1137 4381 1190 4436 Si
1231 4397 1360 4436 vero
1398 4398 1516 4436 non
1553 4386 1757 4438 metro-

95 4474 399 4549 politanus
420 4516 434 4540 ,
462 4474 561 4529 sed
589 4473 830 4528 aliorum
855 4474 1248 4546 episcoporum
1275 4475 1478 4547 aliquis
1501 4476 1608 4543 sit,
1659 4477 1756 4548 qui

1872 1953 2268 2026 episcoporum
2296 1969 2662 2025 praesumere,
2684 1953 2932 2024 dirigere
2961 1970 3017 2008 se
3039 1954 3107 2008 ad
3134 1954 3278 2008 hanc
3307 1955 3507 2010 felicis-

1871 2047 2072 2102 simam
2098 2047 2402 2116 civitatem,
2432 2047 2763 2118 priusquam
2787 2046 3064 2118 siquidem
3093 2049 3386 2119 episcopus
3415 2050 3507 2116 sit,

1869 2139 2085 2196 litteras
2102 2141 2380 2212 acceperit
2397 2141 2614 2212 preprii
2633 2141 3055 2212 metropolitani
3081 2141 3151 2196 ad
3177 2141 3505 2212 imperium,

1869 2251 1996 2306 quae
2009 2235 2319 2290 secundum
2339 2233 2556 2289 divinas
2576 2233 2802 2305 regulas
2819 2235 3292 2290 commendatitiaa
3307 2253 3510 2292 vocan-

1868 2333 1983 2399 tur,
2011 2327 2400 2383 tcstimonium
2445 2327 2807 2398 perhibentes
2841 2327 3186 2382 necessitatis
3212 2329 3332 2399 ejus
3359 2346 3508 2400 prie-

1867 2420 2080 2476 sentiae.
2105 2421 2158 2476 Si
2178 2437 2310 2475 vero
2336 2419 2808 2491 metropolitanus
2827 2420 2919 2489 sit,
2946 2420 3042 2492 qui
3067 2422 3338 2491 proﬁcisci
3365 2419 3526 2492 vult,~

1866 2514 2082 2570 litteras
2119 2518 2306 2569 sumat
2343 2513 2596 2584 ejusdem
2657 2513 2958 2568 dioeceseos
3014 2514 3342 2584 patriarchas
3385 2517 3507 2588 ejus

1868 2607 2230 2679 praesentiam
2268 2607 2638 2663 necessariam
2676 2623 2793 2662 esse
2831 2607 3100 2678 dicentes,
3141 2613 3198 2662 et
3234 2609 3311 2664 sic
3348 2627 3509 2682 Opor-

1866 2706 1984 2757 tere
2011 2701 2412 2774 imperatorem
2430 2701 2634 2772 jubere
2661 2701 2813 2755 hunc
2837 2701 3189 2771 przrsentari,
3207 2705 3262 2757 et
3292 2721 3406 2758 non
3432 2711 3509 2760 te-

1865 2812 2020 2850 mere
2031 2812 2096 2850 ac
2107 2795 2227 2851 sine
2239 2794 2580 2850 conscientia
2591 2793 3151 2865 metropolitanorum
3161 2802 3260 2850 aut
3273 2798 3510 2868 patriar—

1867 2889 2108 2945 charum
2146 2889 2594 2960 proiiciscantur,
2637 2893 2933 2959 propterea
2972 2889 3118 2958 quod
3161 2890 3266 2945 hoc
3306 2891 3509 2950 divinis

1867 2983 2230 3038 interdictum
2257 2985 2340 3038 est
2377 2982 2606 3054 regulis.
2650 2981 2805 3036 Unde
2843 2981 2955 3036 huc
2991 2982 3352 3041 advenientes
3393 3005 3506 3044 non

1865 3082 2220 3149 praesumant
2259 3093 2361 3148 per
2397 3076 2732 3147 semetipsos
2760 3091 2818 3130 se
2847 3075 3004 3147 prius
3041 3080 3408 3148 pronuntiare
3437 3083 3508 3138 ad

1786 3209 1840 3284 Ο
1866 3170 2192 3243 imperium,
2209 3170 2306 3225 sed
2327 3169 2592 3242 primitus
2611 3173 2710 3224 aut
2726 3169 2795 3224 ad
2819 3169 2929 3224 Deo
2951 3170 3255 3226 amabilem
3275 3175 3508 3244 patriar-

1874 3264 2023 3284 _L____
2070 3263 2495 3284 .____(!_3-____1___-
2567 3268 2659 3284 ---Δ
2700 3263 2762 3284 -.Ι
2804 3263 3243 3284 --..2μ-,--2--μ..ημ
3319 3267 3355 3284 1ο

1865 3264 2029 3319 cham
2069 3263 2524 3335 proficiscantur,
2563 3268 2662 3318 aut
2697 3263 2765 3317 ad
2804 3263 3251 3336 uniuscujusque
3303 3267 3502 3326 dioece-

1863 3374 2004 3426 seos,
2045 3374 2114 3412 ex
2153 3375 2261 3429 qua
2301 3361 2452 3425 sunt,
2491 3355 2900 3428 apocrisiarios,
2941 3362 2997 3412 et
3035 3375 3164 3414 cum
3202 3359 3338 3430 ipsis
3375 3381 3504 3418 con-

1861 3451 2045 3506 ferant
2068 3467 2281 3520 causas,
2309 3453 2542 3522 propter
2564 3466 2707 3522 quas
2730 3455 3027 3520 venerunt,
3052 3455 3109 3505 et
3147 3469 3277 3508 cum
3307 3455 3386 3510 eis
3412 3457 3500 3512 in-
3567 3475 3573 3482 ’

1864 3544 2196 3617 grediantur
2222 3544 2292 3599 ad
2321 3543 2645 3614 imperium,
2678 3547 2736 3598 et
2759 3542 3022 3614 deinceps
3061 3543 3342 3616 imperiali
3367 3566 3498 3620 per-

1859 3639 2122 3694 fruantur
2157 3641 2406 3708 aspectu.
2467 3637 2590 3691 Mox
2651 3653 2821 3707 quam
2861 3636 3160 3708 imperanti
3199 3640 3497 3711 astiterint,

1860 3731 2024 3787 liceat
2060 3731 2289 3802 quidem
2327 3731 2649 3802 petentibus
2686 3729 2959 3801 episcOpis
2993 3736 3091 3786 aut
3126 3749 3228 3803 per
3263 3750 3362 3789 eos
3399 3738 3504 3808 qui
3553 3755 3562 3764 ⁸

1859 3829 2131 3880 vocantur
2153 3823 2516 3879 referendarii
2550 3823 2917 3878 sanctissimae
2957 3825 3186 3896 majoris
3223 3829 3492 3901 ecclesias,

1859 3923 1957 3973 aut
1991 3935 2095 3990 per
2132 3917 2424 3989 religiosos
2459 3917 2844 3989 apocrisiarios
2882 3918 3156 3989 cujusque
3195 3921 3494 3978 diceeeseos

1859 4011 2337 4068 sanctissimorum
2355 4011 2807 4082 patriarcharum
2827 4027 3133 4083 suggerere
3159 4030 3216 4069 se
3235 4015 3494 4088 imperio,

1859 4109 1917 4160 et
1945 4105 2261 4178 promereri
2290 4121 2634 4178 responsum
2661 4105 2938 4173 celeriter,
2971 4105 3052 4160 ita
3080 4110 3144 4160 ut
3163 4108 3212 4162 si
3236 4113 3334 4164 aut
3349 4109 3503 4180 justa

1856 4199 1927 4254 ab
1953 4199 2196 4270 imperio
2223 4198 2508 4270 petierint,
2538 4200 2659 4254 haec
2678 4199 2976 4270 accipiant,
3009 4205 3108 4254 aut
3134 4201 3178 4255 si
3211 4219 3323 4258 non
3343 4203 3496 4274 justa

1855 4296 2140 4364 quaerunt,
2179 4293 2442 4348 velociter
2477 4297 2835 4348 revertantur
2877 4293 3030 4348 unde
3067 4295 3304 4365 profecti
3343 4304 3492 4354 sunt.

1858 4387 1982 4442 Haec
2005 4393 2192 4442 autem
2233 4387 2302 4442 de
2354 4387 2462 4441 Deo
2501 4386 2836 4440 amabilibus
2873 4387 3146 4458 episcOpis
3183 4391 3494 4447 secundum

1857 4479 2072 4535 divinas
2113 4481 2516 4536 constituentes
2562 4479 2804 4552 regulas,
2848 4484 2905 4535 et
2941 4480 3233 4552 religiosos
3269 4483 3503 4540 clericos

98 4566 412 4634 erraverit,
456 4567 580 4622 haec
616 4567 806 4622 omnia
843 4585 876 4622 a
915 4568 1352 4640 metropolitano
1390 4569 1546 4625 ﬁant.
1589 4571 1762 4626 Nemo
1783 4581 1842 4653 ί)
1863 4589 1993 4628 cum
2024 4573 2202 4628 multa
2221 4573 2348 4627 fieri
2373 4571 2734 4644 inquisitione
2761 4573 3074 4628 secundum
3099 4575 3316 4631 divinas
3335 4594 3500 4650 regno

99 4663 273 4720 enim
305 4677 506 4716 eorum
535 4661 706 4718 talem
735 4661 1001 4734 suscipiat
1039 4667 1399 4734 prietextum,
1432 4663 1477 4717 si
1514 4663 1763 4719 dixerint

96 4761 418 4832 propterea
455 4771 514 4811 se
552 4755 808 4826 proprias
846 4755 1236 4828 derelinquere
1275 4757 1566 4827 ecclesias,
1605 4757 1762 4829 quod

95 4851 307 4908 litium
337 4865 548 4916 causas,
567 4854 667 4904 aut
693 4849 936 4904 aliarum
953 4865 1147 4904 rerum
1170 4851 1546 4922 propriarum,
1576 4853 1674 4904 aut
1691 4851 1760 4904 ad

97 4960 310 5001 sacras
340 4943 600 4998 ecclesias
624 4942 1046 5014 respicientium
1077 4943 1556 5013 circumlustrant,
1585 4947 1643 4999 et
1671 4943 1762 4998 hic

97 5037 408 5096 constituti
455 5036 693 5106 herent,
734 5041 832 5092 aut
885 5035 945 5091 in
991 5037 1114 5092 aliis
1149 5037 1414 5093 aberrant
1450 5037 1607 5093 locis.
1651 5038 1761 5092 Hoc

98 5132 270 5190 enim
287 5146 407 5186 non
417 5129 591 5186 habet
605 5130 900 5186 decentem
919 5131 1198 5186 rationem
1210 5137 1293 5200 ,ut
1307 5148 1437 5186 cum
1451 5131 1766 5187 multitudi-

100 5244 182 5283 ne
206 5223 487 5280 famulicii
505 5224 656 5296 quod
677 5241 902 5280 necesse
924 5229 1007 5280 est
1023 5225 1348 5296 episcopum
1367 5225 1574 5281 habere
1596 5225 1764 5297 proﬁ-

97 5321 419 5388 ciscantur,
452 5323 508 5374 et
536 5335 774 5390 peregre
797 5323 1060 5390 sumptus
1081 5318 1307 5387 faciant,
1331 5335 1459 5374 cum
1481 5336 1667 5392 neque
1687 5322 1765 5376 ul-

96 5418 236 5472 lum
283 5411 650 5467 sanctissimis
690 5410 936 5467 ecclesiis
973 5411 1198 5466 lucrum
1233 5411 1367 5466 inde
1407 5417 1464 5467 et
1491 5413 1762 5484 juvamen

94 5505 364 5571 accedat,
401 5521 585 5578 neque
637 5505 969 5576 (secundum
1005 5505 1158 5576 quod
1195 5504 1355 5560 decet
1391 5507 1754 5576 sacerdotem}

97 5599 417 5676 proprium
429 5599 642 5656 habere
654 5599 872 5672 possint
882 5598 1224 5664 habitum,et
1238 5601 1304 5652 ut
1316 5599 1580 5653 maximae
1601 5617 1760 5672 quaa-

99 5699 244 5754 dam
307 5693 420 5748 sint
473 5693 600 5748 lites
637 5693 786 5763 forte
825 5691 1190 5748 sanctissimis
1226 5691 1494 5762 ecclesiis,
1533 5697 1766 5765 propter

99 5807 255 5864 quas
293 5788 438 5842 tales
475 5790 788 5859 prastextus
833 5785 1098 5855 afferunt,
1131 5785 1335 5841 rectius
1372 5802 1466 5842 eas
1502 5802 1604 5856 per
1640 5785 1764 5842 illos

100 5883 212 5962 qui
253 5881 362 5936 sub
395 5880 514 5954 ipso
541 5883 683 5937 sunt
717 5879 1006 5951 religiosos
1031 5880 1282 5951 clericos,
1321 5884 1422 5935 aut
1455 5879 1758 5952 apocrisia-

1861 4667 1962 4736 las,
1995 4672 2051 4722 et
2076 4667 2210 4721 boni
2239 4665 2546 4721 testimonii
2566 4666 2714 4720 viros
2743 4666 2989 4721 ordinari
3013 4669 3317 4739 sancimus,
3347 4672 3497 4728 litte-

1863 4778 1952 4816 ras
1980 4760 2213 4816 omnino
2243 4759 2500 4826 scientes,
2535 4763 2592 4816 et
2625 4759 2874 4815 eruditos
2897 4761 3233 4818 constitutos
3271 4763 3502 4824 (litteras

1863 4855 2011 4910 enim
2046 4855 2331 4926 igorantes
2356 4853 2592 4909 omnino
2617 4854 2904 4921 nolumus,
2930 4871 3114 4927 neque
3138 4873 3318 4913 unum
3345 4858 3498 4915 ordi-

1865 4965 1997 5004 nem
2034 4948 2316 5020 suscipere
2357 4948 2708 5019 clericorum,
2748 4948 3004 5004 videlicet
3040 4950 3499 5023 presbyterorum

1865 5047 1922 5098 et
1941 5043 2330 5112 diaconorum,
2349 5046 2466 5098 tam
2487 5059 2673 5097 sacras
2697 5043 2976 5098 orationes
2997 5043 3302 5103 dicentium
3327 5063 3500 5118 quam

1864 5137 2229 5192 ecclesiarum
2249 5141 2307 5192 et
2325 5153 2608 5192 canonum
2630 5137 2942 5208 legentium
2967 5137 3179 5209 libros),
3202 5145 3258 5195 et
3281 5141 3502 5198 ordina-

1863 5230 2076 5286 tionem
2106 5231 2227 5286 sine
2255 5230 2505 5302 querela,
2537 5235 2593 5286 et
2618 5229 3038 5302 inculpabilem,
3069 5237 3125 5287 et
3167 5233 3287 5289 sine
3313 5233 3503 5309 aliqua

1863 5324 2325 5391 contradictione,
2365 5328 2422 5380 et
2459 5323 2580 5380 sine
2621 5324 2848 5380 datione
2884 5326 3254 5396 pecuniarum
3285 5334 3382 5387 aut
3407 5345 3498 5388 re-

1865 5435 1994 5474 rum
2013 5419 2396 5490 suscipientes.
2417 5419 2605 5490 Neque
2627 5423 2815 5474 autem
2839 5435 2936 5474 eos
2963 5403 3220 5477 volumus
3245 5425 3498 5497 omnino,

1865 5511 1962 5582 qui
2001 5511 2268 5566 ofﬁciales
2304 5516 2403 5567 aut
2439 5511 2676 5567 curiales
2714 5513 2999 5568 constituti
3037 5521 3188 5587 sunt,
3222 5519 3502 5590 suscipere

1863 5604 2302 5674 ordinationem,
2331 5605 2445 5660 nisi
2480 5605 2794 5662 secundum
2829 5606 3002 5678 leges,
3033 5625 3174 5681 quas
3213 5627 3384 5682 super
3413 5612 3500 5666 his

1865 5698 2122 5769 superius
2151 5698 2448 5769 posuimus
2477 5699 2720 5770 pridem,
2753 5717 2892 5772 quas
2917 5705 2974 5757 et
2999 5703 3094 5758 hic
3116 5719 3268 5758 nunc
3293 5704 3494 5758 confir-

1864 5806 2104 5846 mamus.
2139 5792 2204 5846 Et
2233 5791 2482 5864 episcopi
2505 5794 2830 5849 auctoritrte
2859 5795 3142 5852 ordinatos
3166 5812 3319 5850 sacra
3349 5813 3497 5868 pra:-

1863 5888 2024 5957 cepta
2058 5883 2120 5940 in
2156 5887 2461 5957 conspectu
2501 5887 2672 5942 totius
2719 5887 2910 5958 populi
2951 5887 3231 5960 suscipere
3269 5893 3501 5962 propter
