4022 6476
529 345 629 396 935

1655 342 1907 400 S.ECUL[
1943 341 2133 399 SEXTI
2171 344 2718 402 SUPPLEMENTUM.

3876 336 3980 387 93¢.

529 449 752 504 easdem
789 465 1008 514 causas,
1048 453 1278 518 propter
1316 464 1455 519 quas
1491 449 1597 504 hoc
1634 450 1818 522 ipsum
1854 451 1949 522 agi
1985 452 2153 506 etiam
2172 468 2234 541 Α
2324 454 2391 507 Et
2426 453 2472 508 si
2509 453 2730 508 dicatur
2757 451 2866 506 tale
2891 450 3106 522 aliquid
3132 449 3204 504 de
3231 447 3434 518 aliqua
3463 459 3694 500 eorum
3727 459 3887 514 quae
3919 443 3978 495 in

530 559 698 614 supra
733 541 792 595 in
829 542 942 594 Deo
978 539 1314 595 amabilibus
1342 541 1613 613 episcopis
1645 544 1998 598 sancivimus.
2040 545 2148 600 Sed

527 655 710 710 neque
749 654 878 692 eum
925 637 1023 709 qui
1069 639 1336 694 secundas
1363 639 1532 694 habet
1559 645 1657 696 aut
1692 641 1890 696 habuit
1923 643 2148 714 nuptias

530 731 776 786 ordinari
808 732 868 785 in
905 731 1202 786 diaconum
1251 737 1348 787 aut
1395 733 1780 804 presbyterum
1810 777 1824 804 ,
1863 751 2050 806 neque
2103 736 2148 790 si

525 821 753 874 mulieri
771 819 1148 890 conjungatur
1165 821 1429 890 sejunctas
1455 826 1511 875 et
1533 822 1827 892 proprium
1847 823 2029 878 virum
2051 825 2144 879 de-

525 917 886 990 relinquenti,
906 933 1090 988 neque
1119 917 1164 970 si
1191 917 1563 972 concubinam
1589 919 1808 986 habeat,
1831 921 1927 975 sed
1953 921 2147 975 saltem

528 1011 804 1082 ejusmodi
827 1027 1062 1064 uxorem
1091 1026 1220 1081 quas
1243 1027 1371 1065 cum
1399 1012 1648 1066 castitate
1669 1018 1725 1066 et
1741 1029 1809 1066 ex
1829 1013 2148 1084 virginitate

529 1104 618 1159 sit.
640 1104 784 1158 Nihil
815 1103 966 1158 enim
991 1103 1144 1157 sicin
1170 1104 1338 1158 sacris
1361 1104 1810 1160 ordinationibus
1839 1105 2146 1177 diligimus,

527 1219 698 1274 quam
725 1217 854 1256 cum
883 1201 1131 1254 castitate
1159 1201 1428 1270 viventes,
1452 1206 1550 1256 aut
1577 1219 1706 1256 cum
1735 1203 2008 1257 uxoribus
2037 1220 2148 1257 non

527 1295 934 1362 cohabitantes,
951 1299 1048 1348 aut
1063 1294 1232 1348 unius
1263 1295 1450 1348 uxoris
1467 1294 1671 1363 virum,
1700 1295 1798 1366 qui
1824 1295 1936 1350 sive
1959 1296 2148 1366 fuerit,

528 1391 642 1445 sive
679 1389 864 1444 adhuc
900 1387 988 1456 sit,
1029 1391 1084 1441 et
1119 1386 1239 1458 ipse
1277 1387 1587 1442 castitatem
1621 1388 1812 1458 eligat,
1843 1389 2154 1444 secundum

527 1483 746 1538 divinas
770 1481 994 1551 regulas
1029 1471 1277 1550 primum
1314 1481 1656 1551 principium
1695 1485 1752 1534 et
1791 1481 2151 1536 manifestum

528 1577 960 1631 fundamentum
979 1573 1216 1627 residuas
1234 1573 1457 1626 virtutis
1481 1573 1859 1628 constitutam.
1882 1574 1940 1629 Si
1963 1579 2152 1628 autem

531 1675 588 1724 et
610 1668 810 1739 aliquis
834 1666 1147 1738 presbyter,
1191 1669 1289 1720 aut
1327 1665 1614 1734 diaconus,
1643 1670 1741 1721 aut
1777 1667 2154 1722 subdiaconus

530 1765 720 1833 postea
739 1760 904 1814 ducat
921 1774 1155 1812 uxorem
1179 1761 1278 1811 aut
1302 1759 1692 1828 concubinam,
1716 1763 1814 1814 aut
1830 1761 2034 1830 palam,
2057 1765 2156 1814 aut

2251 546 2696 601 diaconissarum
2726 543 3147 600 ordinationem
3172 539 3410 613 ingredi
3452 538 3612 602 vult,
3649 535 3834 609 quod
3870 535 3978 588 alis

2247 640 2338 693 cui
2365 639 2664 694 adhmserit
2687 638 2791 693 sub
2819 637 3075 708 imagine
3106 635 3344 708 quidem
3371 633 3560 688 bonae
3593 629 3974 702 appellatio-

2245 733 2352 798 nis,
2389 749 2518 786 cum
2547 733 2795 803 maligna
2818 748 2952 786 vero
2982 729 3326 800 suspicione,
3371 744 3498 781 non
3541 728 3817 796 oportet
3859 723 3974 776 hu-

2241 825 2494 896 jusmodi
2520 825 2816 880 mulierem
2841 823 3078 895 perduci
3119 821 3360 876 omnino
3389 821 3468 874 ad
3499 817 3978 874 ordinationem

2247 917 2538 973 diaconiaa.
2561 919 2700 972 Nam
2729 923 2784 972 et
2808 917 2854 970 si
2879 916 3196 983 ordinetur,
3223 918 3284 968 et
3313 913 3430 969 tale
3459 911 3716 984 aliquid
3753 909 3978 981 egerit,

2249 1017 2304 1067 et
2313 1011 2605 1066 cohaeserit
2615 1009 2779 1064 alicui
2791 1026 2856 1064 cu
2866 1027 2920 1064 m
2934 1009 3208 1081 praedicto
3219 1023 3360 1062 nom
3369 1007 3468 1061 ine
3477 1009 3616 1072 ,aut
3628 1005 3979 1070 schemate,

2249 1108 2409 1162 cadat
2444 1105 2670 1178 quidem
2699 1105 2820 1175 ipsa
2853 1120 2886 1158 a
2912 1101 3198 1167 diaconia,
3231 1105 3290 1155 et
3317 1105 3445 1154 tam
3475 1099 3615 1170 ipsa
3647 1114 3858 1169 quam
3888 1097 3981 1150 ille

2249 1199 2485 1270 subjecti
2513 1202 2680 1252 erunt
2703 1197 2835 1252 huic
2863 1195 2996 1267 legi,
3035 1199 3092 1248 et
3116 1193 3356 1265 reliquis
3387 1209 3532 1264 quas
3567 1195 3983 1262 corruptores

2249 1292 2514 1364 puniunt.
2544 1291 2773 1361 Oportet
2800 1289 2956 1343 enim
2987 1304 3189 1342 omnes
3219 1303 3353 1358 quae
3380 1285 3775 1340 ordinantur
3799 1299 3980 1338 vene-

2249 1385 2454 1440 rabiles
2492 1384 2828 1439 diaconissas
2867 1385 3129 1452 tempore
3169 1379 3575 1435 ordinationis
3607 1378 3815 1433 etiam
3851 1395 3982 1432 mo-

2250 1479 2394 1548 neri,
2423 1483 2478 1532 et
2503 1493 2690 1532 coram
2719 1475 2951 1546 reliquis
2976 1491 3104 1546 quae
3133 1474 3359 1529 dudum
3391 1466 3544 1528 sunt
3580 1471 3980 1528 venerabiles

2253 1571 2579 1626 diaconissas
2614 1585 2901 1624 sacrorum
2926 1567 3123 1622 audire
3150 1567 3588 1622 mandatorum
3634 1571 3980 1637 praecepta,

2251 1669 2317 1720 ut
2343 1669 2399 1718 et
2423 1665 2558 1736 ipsae.
2587 1664 2686 1718 Dei
2717 1663 2983 1716 timorem
3022 1661 3279 1715 habeant
3308 1663 3369 1714 et
3399 1659 3861 1714 adhaerentem
3896 1675 3980 1712 sa-

2256 1757 2365 1812 cris
2391 1755 2667 1812 mandatis
2691 1755 2979 1821 ﬁduciam,
3010 1755 3255 1808 timeant
3301 1757 3512 1808 autem
3546 1757 3617 1808 et
3651 1752 3979 1819 confundi,

529 1855 762 1920 occulte,
795 1869 947 1906 sacro
977 1850 1164 1905 statim
1192 1851 1352 1905 cadat
1379 1851 1596 1919 ordine,
1627 1857 1681 1906 et
1707 1852 1968 1923 deinceps
1989 1837 2230 1908 idiotaB
2254 1855 2310 1906 et
2350 1867 2505 1904 sacro
2549 1849 2744 1904 cadere
2789 1847 2986 1902 ordine
3020 1864 3034 1902 :
3069 1846 3299 1902 scituris
3339 1847 3512 1918 quod
3559 1847 3613 1900 si
3666 1864 3980 1918 praesum-

529 1947 621 2003 sit.
653 1946 809 2010 Quod
841 1945 886 1998 si
915 1948 972 1998 et
994 1943 1169 1998 lector
1199 1944 1504 1998 secundam
1531 1945 1702 1998 ducat
1729 1961 1959 1998 uxorem
1991 1945 2156 1999 certis

530 2041 599 2095 de
629 2039 808 2094 causis
833 2041 890 2091 et
917 2053 984 2091 ex
1019 2037 1364 2090 irrecusabili
1395 2037 1632 2106 quadam
1679 2037 2024 2104 necessitate,
2052 2053 2152 2091 ne-

530 2148 640 2204 que
667 2131 898 2186 omnino
923 2129 994 2183 ad
1015 2129 1266 2183 altiorem
1293 2129 1519 2184 accedat
1549 2130 2002 2201 gradum,neque
2023 2147 2152 2200 per-

529 2226 752 2281 fruatur
777 2223 956 2294 gradu
996 2222 1205 2292 majore
1245 2222 1304 2276 in
1343 2223 1672 2289 sacerdotio,
1713 2223 1810 2276 sed
1839 2229 2062 2278 maneat
2097 2223 2156 2277 in

530 2318 728 2373 eodem
749 2316 926 2386 gradu
955 2319 1246 2386 perpetuo.
1277 2315 1383 2369 Sed
1415 2331 1528 2368 non
1553 2319 1608 2368 et
1645 2315 1716 2368 ad
1745 2316 1936 2370 tertias
1974 2316 2157 2370 veniat

533 2411 772 2482 nuptias,
806 2409 935 2462 satis
962 2412 1044 2462 est
1070 2408 1222 2461 enim
1263 2409 1309 2460 si
1349 2408 1418 2461 ad
1457 2408 1680 2478 nuptias
1709 2408 1910 2463 veniat.
1941 2409 1998 2463 Si
2023 2425 2154 2463 vero

529 2503 737 2575 aliquid
764 2503 872 2557 tale
904 2500 1102 2571 egerit,
1143 2503 1200 2554 et
1236 2501 1306 2555 ad
1345 2501 1620 2554 secundas
1657 2501 1884 2556 veniens
1910 2502 2151 2572 nuptias,

527 2598 596 2652 ad
627 2596 895 2667 majorem
926 2594 1162 2665 gradum
1186 2593 1378 2647 venire
1405 2593 1766 2659 festinaverit,
1791 2594 1994 2648 exinde
2012 2595 2152 2648 idio-

527 2696 586 2744 ta
620 2689 744 2755 erit,
783 2692 840 2741 et
876 2685 1078 2755 laicus,
1115 2685 1345 2739 omnino
1385 2702 1540 2740 sacro
1579 2686 1890 2741 ministerio
1928 2687 2150 2740 cadens.

529 2781 734 2837 Pudice
761 2781 912 2834 enim
948 2796 1050 2833 nos
1087 2795 1192 2850 per
1227 2779 1418 2834 omnia
1457 2779 1616 2832 decet
1652 2779 1860 2835 vivere.
1909 2780 1964 2834 Si
2004 2779 2154 2834 enim

529 2876 673 2930 tales
690 2872 974 2928 constituti
994 2871 1053 2926 hi
1073 2872 1171 2942 qui
1187 2871 1244 2925 in
1261 2873 1410 2926 clero
1428 2873 1783 2928 adducuntur
1799 2873 2150 2942 ordinentur,

529 2967 704 3022 facilis
728 2965 808 3020 eis
833 2965 906 3018 ad
935 2964 1320 3034 episcopatum
1349 2980 1610 3018 ascensus
1640 2964 1764 3031 erit,
1787 2970 1842 3019 et
1873 2981 1941 3019 ex
1964 2965 2155 3019 multis

528 3059 691 3114 bonis
713 3059 848 3112 viris
876 3057 1090 3111 facilius
1122 3057 1483 3110 invenientur
1508 3057 1606 3128 qui
1625 3057 1782 3128 digni
1808 3058 2156 3112 adducantur

527 3152 600 3206 ad
630 3151 878 3223 primum
906 3149 1142 3220 gradum
1179 3149 1492 3206 sacerdotii.
1523 3151 1744 3214 Quanta
1780 3150 1956 3222 igitur
1984 3167 2152 3222 super

530 3202 600 3206 __
631 3202 877 3223 ,________
906 3202 939 3220 ο
1019 3202 1026 3203 ,
1249 3202 1257 3203 η
1345 3202 1354 3203 νγ
1385 3202 1424 3203 ,,
1457 3202 1490 3206 κ,
1993 3202 2143 3222 ΜΓ,-

530 3245 872 3301 venerabiles
921 3243 1152 3296 clericos
1188 3258 1220 3295 a
1258 3243 1418 3296 nobis
1449 3243 1593 3297 dicta
1632 3249 1780 3312 sunt,
1821 3244 1944 3297 haec
1981 3245 2150 3298 etiam
2172 3202 2226 3276 Ο

531 3333 701 3409 super
724 3339 839 3392 Deo
870 3335 1200 3390 amabilibus
1239 3335 1560 3389 diaconissis
1597 3336 1836 3406 intelligi
1869 3337 2148 3402 volumus,

527 3437 594 3488 ut
607 3446 789 3509 neque
806 3431 940 3500 ipsae
961 3429 1099 3483 citra
1117 3429 1559 3484 observationem
1579 3429 1733 3484 ﬁant.
1759 3430 1867 3484 Sed
1897 3431 2150 3500 primum

527 3525 757 3598 quidem
781 3523 862 3578 eis
887 3527 1128 3592 (etatem,
1155 3539 1338 3594 neque
1364 3523 1639 3576 novellam
1663 3538 1800 3590 esse,
1823 3539 2005 3594 neque
2038 3541 2152 3577 cre-

531 3622 800 3686 scentem,
825 3634 896 3672 ne
922 3617 1025 3670 hac
1051 3615 1340 3671 occasione
1361 3615 1807 3686 delinquendum
1837 3616 2148 3687 prosiliant,

527 3713 626 3768 sed
651 3727 820 3782 super
840 3710 1086 3765 mediam
1107 3709 1437 3764 constitutas
1467 3713 1710 3778 aetatem,
1735 3715 1791 3764 et
1815 3709 1960 3764 circa
1982 3709 2149 3780 quin-

527 3805 800 3878 quaginta
829 3819 1006 3858 annos
1041 3801 1350 3856 secundum
1389 3801 1601 3856 divinas
1639 3803 1864 3872 regulas
1901 3807 2148 3873 agentes.

529 3899 728 3970 Sicque
753 3912 966 3951 sacram
1001 3895 1316 3967 promereri
1344 3893 1755 3950 ordinationem
1784 3898 1882 3949 aut
1906 3895 2150 3967 virgines

530 3991 874 4056 constitutas,
912 3991 1011 4042 aut
1046 4004 1172 4058 qua:
1204 3987 1368 4042 unius
1393 3987 1497 4042 viri
1526 3987 1748 4042 fuerant
1783 4005 2004 4043 uxores.
2033 3990 2152 4043 Non

531 4085 684 4140 enim
719 4081 1099 4154 permittimus
1148 4095 1330 4150 neque
1378 4081 1650 4135 secundas
1699 4081 2153 4136 contrahentibus

530 4176 777 4248 nuptias,
814 4190 998 4244 neque
1034 4173 1208 4227 vitam
1243 4189 1356 4227 non
1395 4173 1732 4228 habentibus
1773 4176 1850 4239 (ut
1888 4175 2151 4247 diximus)

530 4267 1100 4340 irreprehensibilem,
1141 4265 1408 4336 omnique
1457 4266 1769 4337 suspicione
1806 4267 2044 4323 liberam
2080 4268 2151 4322 ad

527 4378 749 4419 sacrum
786 4360 972 4416 venire
1009 4359 1361 4430 mysterium,
1403 4361 1458 4412 et
1494 4359 1794 4415 adorandis
1831 4361 2152 4416 ministrare

527 4455 977 4528 baptismatibus,
1009 4457 1066 4508 et
1093 4452 1216 4507 aliis
1245 4453 1432 4508 adesse
1471 4453 1694 4508 secretis
1723 4471 1849 4525 quae
1887 4454 1944 4508 in
1981 4471 2149 4509 vene-

2253 1943 2486 2015 pserint,
2517 1948 2615 1997 aut
2636 1942 3032 1996 erubescentes
3063 1940 3523 2006 ordinationem,
3561 1945 3680 1995 aut
3708 1941 3980 1996 derelin-

2254 2041 2492 2108 quentes
2517 2051 2740 2089 sacrum
2767 2033 3170 2104 ministerium,
3204 2033 3279 2088 ad
3307 2033 3566 2106 nuptias
3594 2034 3851 2102 venire,
3883 2041 3979 2088 aut

2255 2129 2426 2184 aliam
2451 2129 2683 2183 omnino
2707 2128 2879 2182 vitam
2911 2127 3214 2198 elegerint,
3249 2127 3398 2198 ipsze
3425 2127 3706 2198 quidem
3737 2127 3977 2199 obliga-

2254 2226 2326 2276 ιω
2352 2221 2674 2277 efﬁciuntur
2702 2220 2895 2289 morti,
2927 2225 2984 2276 et
3011 2219 3330 2274 substantia
3359 2235 3586 2274 earum
3635 2221 3978 2294 applicabi-

2254 2321 2350 2370 tur
2396 2315 2760 2369 sanctissimis
2807 2313 3073 2382 ecclesiis,
3113 2319 3214 2367 aut
3254 2313 3664 2368 monasteriis
3729 2315 3800 2369 in
3852 2315 3978 2386 qui-

2253 2408 2358 2462 bus
2385 2413 2533 2462 sunt.
2565 2407 2672 2470 Qui
2700 2422 2832 2461 vero
2866 2423 2958 2459 eas
2996 2411 3095 2461 aut
3143 2406 3204 2460 in
3256 2422 3482 2460 uxores
3529 2407 3858 2478 accipere,
3888 2412 3981 2461 aut

2254 2516 2616 2570 corrumpere
2642 2499 3136 2571 praesumpserint,
3168 2499 3413 2553 obnoxii
3443 2501 3721 2572 quidem
3765 2507 3830 2555 et
3877 2501 3980 2572 ipsi

2257 2593 2440 2665 gladio
2467 2596 2652 2658 erunt,
2680 2592 2993 2647 substantia
3039 2597 3234 2646 autem
3282 2609 3506 2647 eorum
3569 2595 3983 2666 applicabitur

2254 2687 2406 2740 ﬁsco.
2440 2686 2498 2740 Si
2528 2686 2678 2739 enim
2708 2686 2766 2738 in
2791 2685 3039 2756 antiquis
3058 2685 3288 2756 legibus
3306 2685 3676 2756 virginibus
3697 2688 3830 2742 illis
3851 2705 3977 2759 quae

2252 2780 2314 2834 in
2359 2795 2553 2833 eorum
2601 2795 2854 2833 errorem
2893 2778 3242 2832 vocabantur
3293 2780 3520 2834 mortis
3574 2781 3976 2836 incumbebat

2253 2873 2590 2943 periculum,
2622 2872 2901 2942 corruptis
2920 2871 3213 2942 quomodo
3243 2889 3366 2926 non
3395 2874 3613 2944 magis
3645 2893 3767 2930 nos
3800 2877 3868 2930 in
3897 2877 3981 2928 his

2253 2983 2380 3037 quas
2399 2983 2428 3020 a
2451 2967 2562 3020 Deo
2589 2965 2977 3036 gloriﬁcantur
2997 2965 3154 3019 idem
3183 2965 3546 3037 deﬁnimus,
3585 2969 3977 3039 pudicitiam,

2254 3075 2381 3130 qua:
2411 3075 2580 3130 quam
2611 3057 2856 3112 maxime
2886 3057 3155 3112 mulieres
3183 3064 3465 3129 exornat,
3495 3064 3867 3117 conservari
3889 3079 3982 3116 vo-

2253 3151 2450 3220 lentes,
2491 3169 2620 3205 cum
2656 3151 2954 3206 conveniat
2992 3151 3429 3205 venerabilibus
3481 3154 3881 3227 diaconissis,
3932 3164 3982 3209 ut

2251 3250 2306 3299 et
2330 3243 2479 3314 quod
2510 3249 2771 3298 naturam
2799 3244 2960 3298 decet
2997 3244 3348 3311 custodiant,
3385 3250 3452 3300 et
3496 3249 3679 3318 quod
3723 3251 3985 3304 debetur

2249 3337 2558 3392 sacerdotio
2592 3342 2946 3392 conservent.
2962 3337 3292 3392 Secundum
3317 3338 3442 3394 hoc
3471 3347 3700 3397 autem
3723 3333 3984 3398 et'semel

2248 3431 2420 3485 factos
2454 3431 2719 3484 diaconos
2742 3434 2839 3484 aut
2865 3431 3231 3502 presbyteros
3263 3431 3439 3487 nullo
3483 3435 3687 3491 modo
3722 3437 3982 3492 derelin-

2249 3540 2422 3595 quere
2443 3523 2840 3578 sacerdotium.
2869 3523 3032 3586 Quod
3062 3539 3182 3577 non
3211 3523 3409 3578 solum
3434 3525 3506 3580 in
3531 3530 3913 3602 presbytero
3939 3539 3982 3584 et

2251 3617 2482 3672 diacono
2533 3616 2844 3685 sancimus,
2885 3616 2985 3670 sed
3035 3616 3212 3671 etiam
3252 3617 3304 3671 si
3360 3619 3843 3690 subdiaconus,
3897 3631 3982 3679 aut

2248 3711 2393 3764 forte
2418 3710 2590 3764 lector
2608 3709 2704 3764 ﬁat
2730 3709 2956 3780 aliquis,
2973 3725 3166 3780 neque
3189 3709 3352 3765 hunc
3381 3713 3768 3786 relinquere
3791 3720 3978 3790 pristi-

2249 3819 2389 3858 num
2413 3803 2659 3869 schema,
2690 3806 2748 3856 et
2778 3802 2847 3856 ad
2880 3801 3122 3856 alteram
3154 3803 3420 3874 migrare
3453 3807 3664 3864 vitam
3717 3830 3734 3865 :
3777 3812 3920 3884 quia
3945 3812 3980 3864 si

2249 3897 2358 3950 tale
2378 3895 2592 3966 aliquid
2621 3895 2822 3967 egerit,
2852 3895 3168 3983 secundum
3201 3898 3363 3968 quod
3393 3915 3430 3952 a
3455 3901 3656 3958 nobis
3687 3904 3832 3975 jam
3863 3923 3980 3960 san~

2251 3989 2427 4044 citum
2453 3993 2557 4057 est,
2586 3994 2684 4043 aut
2709 3988 2768 4042 in
2799 3988 3013 4042 curiam
3039 4005 3176 4044 cum
3210 3991 3586 4061 substantia,
3625 4003 3748 4053 aut
3771 3999 3886 4055 sub
3915 4001 3983 4052 in-

2251 4082 2378 4153 opia
2403 4083 2614 4154 degens
2637 4081 2709 4136 ad
2737 4081 3042 4137 ofﬁcialem
3078 4082 3416 4154 deponetur
3456 4086 3833 4148 fortunam.
3878 4093 3980 4148 Sed

2253 4192 2436 4247 neque
2461 4175 2666 4230 effusas
2693 4175 2964 4246 competit
3000 4175 3127 4230 ﬁeri
3159 4176 3233 4232 de
3260 4183 3487 4235 caetero
3539 4188 3982 4243 reverendissi-

2251 4285 2476 4323 morum
2499 4269 2836 4323 clericorum
2853 4269 3262 4324 ordinationes.
3287 4272 3466 4335 Quod
3484 4277 3676 4332 enim
3702 4280 3982 4338 hactenus

2254 4366 2476 4434 gestum
2507 4367 2611 4430 est,
2645 4363 2775 4416 licet
2803 4361 3016 4433 corrigi
3042 4368 3363 4434 oporteret,
3401 4371 3703 4426 attamen
3752 4382 3984 4446 propter

2252 4460 2478 4526 tempus
2519 4455 2776 4510 sinimus.
2819 4457 2896 4510 De
2929 4460 3141 4510 caetero
3177 4463 3382 4512 autem
3414 4477 3552 4517 non
3585 4475 3865 4540 propter
3893 4469 3985 4524 hoc

529 4549 800 4606 rabilibus
846 4546 1170 4602 ministeriis
1206 4563 1309 4618 per
1345 4563 1436 4600 eas
1472 4546 1577 4601 rite
1624 4547 1890 4616 ag‘untur.
1931 4547 1987 4602 Si
2024 4563 2231 4634 veroD
2253 4549 2396 4612 ﬁeri,
2417 4565 2602 4620 neque
2621 4549 2691 4603 ad
2711 4549 2987 4604 damnum
3017 4551 3539 4610 sanctissimarum
3583 4561 3980 4618 ecclesiarum

529 4643 788 4717 quaedam
844 4641 1142 4695 necessitas
1179 4640 1296 4709 ﬁat,
1337 4642 1394 4694 et
1429 4639 1707 4694 minorem
1743 4641 1812 4694 ab
1851 4641 1953 4695 hac
1991 4646 2154 4696 astate

531 4753 704 4810 quam
731 4736 975 4792 diximus
993 4735 1241 4788 ordinari
1262 4733 1628 4789 diaconissam
1657 4733 1979 4804 contigerit,
1995 4734 2158 4790 liceat

532 4845 655 4885 eam
689 4830 748 4884 in
775 4830 962 4900 aliquo
988 4827 1392 4882 venerabilium
1429 4827 1827 4882 asceteriorum
1866 4827 2154 4896 destinari,

529 4925 589 4979 in
619 4940 732 4994 quo
756 4922 1010 4977 habitare
1035 4921 1208 4992 possit
1233 4936 1592 4992 nequaquam
1622 4919 1859 4974 admista
1882 4920 2035 4990 viris,
2053 4937 2155 4975 ne-

533 5033 642 5089 que
671 5032 770 5070 suo
795 5015 1051 5070 habitans
1075 5014 1328 5084 arbitrio,
1354 5013 1449 5068 sed
1477 5013 1605 5068 vita:
1643 5020 1911 5084 separatae
1953 5020 2009 5068 et
2033 5031 2154 5068 mo-

534 5110 724 5164 destiae
743 5127 776 5163 a
793 5109 1146 5164 convenienti
1167 5107 1526 5163 multitudine
1543 5107 1755 5162 bonum
1775 5107 2158 5162 testimonium

533 5202 764 5256 habens.
796 5201 1062 5256 Volumus
1097 5206 1286 5256 autem
1311 5204 1366 5254 et
1389 5200 1536 5271 ipsas
1577 5216 1703 5271 quae
1740 5200 1812 5254 ad
1850 5200 2156 5255 ordinatio-
2193 5221 2214 5241 ο

534 5309 669 5349 nem
698 5295 1082 5365 perducuntur
1106 5294 1461 5362 diaconissas,
1489 5293 1602 5348 sive
1631 5310 1699 5347 ex
1726 5293 2012 5360 viduitate,
2045 5295 2157 5348 sive

537 5403 607 5440 ex
631 5386 969 5457 virginitate,
998 5403 1110 5441 non
1137 5404 1264 5442 cum
1293 5387 1483 5458 aliquo
1502 5388 1804 5456 cohaerere,
1827 5393 1925 5441 aut
1947 5404 2154 5458 cogna-

534 5486 746 5546 torum,
787 5485 885 5532 aut
921 5495 1112 5534 eorum
1150 5497 1292 5552 quos
1331 5480 1620 5551 appellant
1666 5480 1893 5534 dilectos
1935 5481 2157 5550 (talibus

535 5564 701 5630 enim'
728 5572 1050 5628 nominibus
1089 5577 1326 5640 utentes,
1368 5573 1624 5644 maligna
1659 5574 1972 5644 suspicione
1998 5590 2156 5628 suam

533 5667 756 5739 replent
774 5667 984 5736 vitam),
998 5667 1095 5720 sed
1114 5671 1211 5718 aut
1232 5666 1366 5719 solas
1386 5666 1661 5733 habitent,
1681 5672 1778 5721 aut
1799 5683 1929 5721 cum
1948 5684 2153 5738 paren—

535 5757 686 5812 tibus
711 5755 858 5818 solis,
881 5762 938 5809 et
965 5754 1114 5822 ﬁliis,
1135 5759 1232 5806 aut
1259 5769 1386 5807 vere
1405 5755 1689 5824 fratribus,
1708 5758 1807 5809 aut
1827 5773 1956 5810 cum
1975 5756 2062 5810 his
2087 5757 2157 5811 de

537 5851 741 5920 quibus
760 5849 805 5902 si
839 5847 965 5916 quis
1003 5845 1273 5916 suspicari
1308 5846 1521 5917 aliquid
1547 5851 1970 5920 praesumpserit
1993 5849 2153 5904 mali-

542 5956 739 6010 gnum,
753 5939 870 6010 ipse
889 5937 1158 6008 insipiens
1174 5937 1340 5992 simul
1355 5943 1412 5992 et
1425 5938 1632 6009 impius
1642 5941 1830 5996 forsan
1845 5943 2150 6013 putabitur.

2256 4642 2447 4697 venire
2473 4641 2780 4696 sancimus.
2805 4643 3176 4714 Quaecunque
3201 4644 3391 4715 igitur
3415 4653 3782 4719 oportebat
3805 4657 3879 4712 de
3902 4658 3980 4711 tali

2256 4735 2424 4790 modo
2453 4736 2514 4788 in
2552 4734 2908 4790 sanctissima
2948 4735 3167 4806 majore
3205 4738 3459 4794 ecclesia
3520 4744 3735 4818 hujus
3787 4756 3980 4806 nostra

2257 4829 2428 4899 regias
2455 4827 2714 4895 civitatis,
2741 4833 2798 4883 et
2824 4829 2929 4883 sub
2954 4845 3020 4883 ea
3046 4831 3385 4887 constitutis
3439 4842 3880 4901 sanctissimis
3905 4862 3976 4898 ec-

2257 4922 2458 4989 clesiis,
2489 4927 2544 4976 et
2569 4922 2710 4990 aliis,
2743 4939 2871 4993 qum
2897 4923 2989 4976 hic
3017 4929 3172 4993 sunt,
3202 4925 3360 4995 ﬁeri,
3387 4928 3534 4985 haec
3568 4939 3844 5006 specia‘j
3875 4941 3975 5004 leg..-

2261 5015 2543 5086 complexi
2570 5031 2786 5070 sumus.
2821 5018 2883 5070 In
2911 5017 3181 5071 omnibus
3210 5025 3417 5076 autem
3469 5041 3633 5096 qua;
3680 5033 3843 5088 foris
3872 5037 3976 5087 sum

2257 5109 2395 5163 locis
2423 5108 2725 5180 sancimus,
2759 5109 2801 5164 si
2831 5111 2960 5181 quis
3001 5127 3136 5164 cum
3169 5113 3486 5172 constituit
3520 5121 3610 5177 ah
3641 5125 3833 5184 initio
3860 5128 3975 5182 aedi-

2257 5203 2422 5256 ﬁcare
2450 5201 2762 5272 ecclesiam,
2795 5203 3052 5259 deﬁnivit
3073 5205 3567 5269 ordinandorum
3607 5234 3972 5278 mensuram.

2257 5298 2527 5367 tanquam
2554 5297 2867 5352 secundum
2894 5313 3020 5352 eam
3069 5311 3839 5386 expensas,constituens,
3881 5332 3973 5370 non

2255 5389 2414 5461 prius
2439 5389 2689 5444 ordinari
2717 5407 3064 5462 quamquam
3093 5392 3157 5446 in
3183 5395 3400 5452 eadem
3442 5405 3759 5477 ecclesia,
3792 5361 3900 5466 nisi
3923 5408 3970 5462 ad
4017 5357 4022 5484 i

2255 5483 2926 5556 numerumaprincipio
2973 5485 3283 5542 deﬁnitum
3332 5491 3474 5561 ejus
3527 5513 3848 5560 mensum
3903 5519 3967 5558 τε.

2256 5575 2501 5646 digatur.
2531 5575 2586 5632 Si
2615 5592 2747 5632 vero
2778 5577 2888 5631 hoc
2914 5593 3031 5632 non
3069 5579 3296 5648 fecerit,
3347 5583 3489 5654 ipsa
3535 5607 3706 5650 vero
3759 5598 3968 5654 civitatr'

2257 5669 2484 5722 ecclesia
2508 5669 2792 5724 ministrat
2819 5671 3238 5743 emolumenta,
3274 5678 3337 5729 et
3371 5679 3492 5735 sibi
3529 5690 3604 5741 et
3640 5691 3790 5746 aliis
3821 5693 3966 5746 ερριρ.

2255 5761 2370 5832 siis,
2398 5767 2534 5816 tunc
2563 5780 2676 5818 non
2704 5769 3039 5836 promptum
3065 5766 3141 5820 sit
3168 5785 3397 5841 augere
3429 5775 3532 5832 illi
3573 5782 3866 5848 σιω-ἱροί,
3893 5800 3966 5838 ne-

2253 5871 2365 5927 que
2389 5861 2624 5928 propter
2653 5858 2870 5930 aliquas
2893 5857 3038 5914 forte
3091 5865 3560 5935 compassiones
3613 5884 3738 5936 aut,
3783 5877 3963 5938 beneﬁ.

2255 5949 2340 6003 cia
2364 5965 2434 6005 ex
2472 5951 2576 6005 hoc
2619 5967 2744 6006 eam
2795 5953 3120 6025 sumptibus
3170 5973 3606 6032 praegravare.
3677 5975 3818 6032 Non
3865 5977 3961 6030 sunt

4015 5093 4022 5314 Ι
