4022 6418
112 359 222 410 937

1009 358 1372 412 JUSTlNlANl
1412 359 1737 412 NUVELLAi
1775 354 2108 410 SELECTE.
2152 353 2466 408 NOVELLA
2509 353 2615 406 νη.

3403 355 3504 406 638

46 504 48 508 τ
109 460 275 516 enim
305 462 433 517 haec
458 464 572 535 pia,
601 479 785 535 neque
810 464 1190 520 sacerdotibus
1233 466 1424 537 digna,
1453 467 1548 521 sed
1576 483 1643 521 ex
1671 465 1760 520 his
1782 465 1964 550 Ahoc
2019 463 2304 534 adjectum
2359 465 2462 516 est.
2511 462 2577 515 Et
2627 464 2728 514 tua
2783 473 3010 530 quoque
3065 457 3333 513 celsitudo
3391 459 3511 514 hee

112 571 250 626 quae
279 557 561 613 Dominus
586 558 730 612 Deus
757 557 994 627 dederit,
1021 575 1149 630 quae
1175 559 1458 631 possibilia
1499 565 1648 627 sunt,
1677 560 1772 615 ad~

111 644 474 716 ministrare,
503 651 602 702 aut
625 645 917 716 antiquam
945 663 1274 702 conservare
1301 648 1770 704 consuetudinem

55 742 78 758 "
111 737 266 792 nihil
294 739 526 821 penitus
553 739 942 794 innovantem.
970 741 1125 796 Unde
1153 741 1422 812 competit
1470 741 1580 795 Deo
1621 759 1771 797 ama-

111 830 261 886 biles
288 832 642 903 patriarchas
663 833 1198 905 etmetropolitanos
1216 835 1386 904 hujus
1412 835 1619 889 habere
1645 851 1772 906 pro-

113 923 457 994 videntiam,
487 929 544 979 et
571 943 664 980 eos
691 926 924 997 quidem
956 927 1062 998 qui
1102 927 1372 1004 hactenus
1416 931 1547 982 sunt
1587 929 1769 983 sinere

114 1017 178 1070 in
209 1018 503 1073 schemate
528 1019 585 1072 in
616 1035 731 1090 quo
761 1023 893 1073 sunt
921 1020 1168 1075 clericos.
1206 1020 1384 1074 Metiri
1415 1037 1545 1074 vero
1569 1021 1768 1076 unius-

112 1111 403 1182 cujusque
433 1112 679 1166 ecelesiaa
708 1112 1018 1182 facultates,
1042 1117 1098 1167 et
1123 1113 1202 1167 ita
1227 1113 1374 1184 ipsos
1393 1131 1616 1185 quoque
1649 1132 1771 1169 san-

111 1203 404 1258 ctissimos
423 1205 774 1276 patriarchas
804 1205 906 1259 sub
937 1223 994 1260 se
1023 1207 1354 1261 constitutas
1381 1207 1640 1261 ecclesias
1673 1224 1767 1262 or-

112 1296 341 1366 dinare,
365 1301 422 1352 et
453 1297 922 1368 metropolitanos
962 1299 1067 1353 hoc
1110 1299 1298 1370 ipsum
1341 1316 1374 1353 a
1409 1299 1770 1354 sanctissimis

110 1391 464 1462 patriarehis
489 1391 864 1445 commonitos
889 1392 1096 1461 facere,
1127 1393 1253 1446 illos
1278 1398 1469 1447 autem
1495 1393 1629 1447 alios
1653 1410 1772 1447 om-

113 1499 222 1537 nes
256 1483 364 1538 sub
393 1501 451 1538 se
479 1484 689 1556 positos
721 1484 1008 1556 episcopos
1036 1485 1105 1540 ad
1134 1501 1457 1540 mensuram
1496 1486 1640 1540 hanc
1658 1486 1767 1562 _de-

114 1575 354 1644 dueere,
387 1581 444 1631 et
469 1577 695 1632 studere
722 1593 836 1631 non
862 1578 1012 1632 ultra
1029 1595 1304 1648 expensas
1335 1579 1520 1633 facere
1547 1579 1771 1632 clerico-

114 1685 256 1724 rum
287 1669 688 1724 ordinationes.
720 1669 935 1725 Scimus
955 1671 1107 1725 enim
1129 1675 1266 1742 quot
1291 1671 1656 1726 sanctissima:
1677 1689 1768 1726 ec-

113 1762 313 1816 clesize
343 1765 577 1834 propter
601 1764 749 1818 hanc
777 1763 1187 1818 ordinationem
1226 1770 1282 1820 et
1315 1764 1451 1819 alias
1494 1781 1767 1836 expensa-

114 1871 259 1910 rum
287 1855 589 1910 effusiones
616 1856 809 1928 inopes
833 1857 994 1911 factae
1011 1860 1164 1911 sunt.

195 1949 269 2004 Et
293 1949 429 2020 quia
446 1949 666 2020 aliquas
695 1966 890 2004 earum
915 1949 1004 2004 vix
1032 1949 1282 2021 quidem,
1299 1954 1491 2006 tamen
1518 1951 1774 2006 liberavi-

113 2058 279 2110 mus,
310 2041 568 2112 quaadam
600 2059 730 2096 vero
756 2042 936 2096 adhuc
961 2049 1206 2097 onerata:
1225 2043 1416 2113 jacent
1441 2060 1510 2098 ex
1530 2045 1628 2098 tali
1657 2045 1772 2099 ele-

112 2135 245 2188 vari
273 2135 538 2206 angustia
566 2152 679 2189 non
713 2136 976 2203 valentes,
1017 2135 1255 2206 ideoque
1294 2137 1398 2190 hoc
1447 2137 1776 2207 provideant

113 2227 468 2282 sanctissimi
505 2228 856 2298 patriarchae,
889 2233 946 2282 et
991 2229 1438 2299 metropolitani,
1481 2235 1537 2284 et
1570 2230 1774 2301 reliqui

113 2321 240 2375 Deo
269 2320 542 2374 amabiles
573 2321 838 2392 episcopi,
867 2324 929 2374 ut
954 2326 1009 2376 et
1038 2338 1140 2375 nos
1167 2339 1292 2392 quae
1319 2322 1388 2375 ab
1418 2321 1497 2376 eis
1524 2327 1774 2392 aguntur

116 2414 430 2480 discentes,
474 2414 854 2484 approbemus
913 2430 1008 2468 eos
1049 2413 1147 2486 qui
1191 2420 1440 2469 nostram
1483 2415 1672 2486 legem
1713 2415 1774 2470 in

113 2507 332 2561 litteris
352 2507 592 2577 positam
609 2507 759 2578 apud
777 2507 1109 2577 semetipsos
1129 2507 1494 2562 ostenderunt
1509 2508 1773 2578 operibus

114 2599 449 2670 adimpleri.
475 2599 613 2664 Quae
639 2599 863 2670 igitura
885 2601 1046 2654 nobis
1062 2602 1271 2654 sancita
1299 2605 1451 2668 sunt,
1469 2606 1525 2655 et
1554 2617 1776 2656 sacrum

114 2693 392 2748 ordinem
406 2698 726 2764 statumque
738 2693 1380 2748 custodiuntsecundum
1395 2710 1680 2748 sacrarum
1695 2710 1776 2749 re-

117 2787 401 2858 gularum
418 2785 863 2840 observationem
878 2790 934 2840 et
953 2790 1226 2855 tenorem,
1245 2787 1312 2841 de
1325 2794 1529 2842 caetero
1552 2803 1772 2842 conser-

112 2884 264 2934 vent
293 2884 563 2950 perpetue
581 2879 802 2950 integra
819 2885 874 2934 et
900 2880 1230 2934 sanctissimi
1253 2881 1588 2951 patriarchae
1610 2881 1776 2935 unius

115 2973 407 3044 cujusque
429 2972 746 3040 dioeceseos,
778 2978 834 3027 et
849 2974 960 3027 Deo
975 2973 1241 3027 amabiles
1260 2974 1700 3044 metropolitani,
1722 2978 1778 3028 et

113 3066 339 3137 reliqui
367 3066 815 3120 reverendissimi
841 3066 1108 3137 episcopi,
1136 3072 1303 3138 atque
1331 3067 1538 3136 clerici,
1567 3067 1774 3138 ubique

111 3159 228 3216 Dei
257 3160 544 3214 culturam
571 3163 626 3214 et
656 3176 870 3214 sacram
903 3160 1254 3231 disciplinam
1283 3161 1662 3216 custodientes
1689 3162 1773 3214 in-

111 3253 416 3322 violatam,
455 3269 624 3324 pcena
660 3252 997 3307 imminente
1042 3254 1148 3307 ista
1201 3253 1612 3324 praevaricanti,
1660 3270 1772 3325 quo

110 3346 357 3421 penitus
385 3347 604 3401 alienus
629 3346 701 3401 sit
727 3363 761 3400 a
786 3347 920 3416 Deo,
949 3350 1004 3400 et
1029 3345 1293 3416 imposito
1333 3346 1433 3400 sibi
1479 3347 1771 3402 sacerdotii

112 3439 499 3496 ordine.Nam
525 3439 681 3495 velut
705 3439 973 3511 indignus
992 3439 1097 3493 hoc
1119 3439 1772 3495 excluditur.Licentiam

110 3550 261 3589 vero
274 3532 552 3588 universis
564 3533 1176 3604 damus,cujuscunque
1196 3536 1328 3586 sunt
1345 3533 1629 3601 oflicii,vel
1643 3550 1774 3588 con-

107 3625 480 3694 versationis,
497 3625 924 3696 respicientibus
943 3625 1159 3698 aliquid
1175 3626 1380 3680 horum
1395 3626 1770 3696 praevaricari,

104 3720 391 3778 nuntiare
415 3719 578 3772 nobis
605 3723 661 3773 et
687 3718 757 3774 ad
784 3719 1109 3790 imperium,
1132 3719 1283 3790 quod
1305 3735 1532 3790 semper
1555 3721 1657 3788 est,
1709 3723 1774 3774 ut

105 3830 250 3879 nos,
274 3811 374 3882 qui
401 3812 508 3866 hoc
530 3811 843 3866 secundum
871 3828 1158 3866 sacrarum
1199 3812 1527 3884 regularum
1577 3812 1770 3883 expla-

105 3907 420 3966 nationem
447 3905 926 3978 apostolicamqne
960 3904 1328 3960 traditionem
1355 3905 1769 3972 constituimus,

106 4002 422 4057 decentem
454 3998 624 4052 etiam
664 3998 1118 4070 indignationem
1142 3998 1666 4069 prmvarieatoribus
1691 3999 1774 4053 in-

103 4096 397 4160 feramus,
449 4091 539 4146 his
567 4091 824 4146 videlicet
859 4091 1030 4146 etiam
1059 4107 1186 4162 quae
1213 4091 1421 4146 sancita
1443 4095 1574 4146 sunt
1601 4110 1634 4146 a
1676 4108 1774 4146 no-

105 4189 212 4244 bis
263 4186 335 4240 de
378 4185 803 4240 haereditatibus
847 4186 960 4240 Deo
1001 4185 1333 4240 amabilium
1376 4186 1772 4256 episcoporum

106 4278 534 4338 custodiendis.
575 4277 920 4334 Sanctissimi
953 4295 1085 4333 sane
1123 4278 1454 4350 patriarchae
1499 4279 1769 4334 uniuscu-

91 4377 331 4450 jusque
359 4371 660 4426 dioeceseos
698 4371 821 4426 hmo
845 4375 1166 4444 proponant
1193 4372 1252 4426 in
1291 4372 1535 4427 ecclesiis
1573 4372 1676 4428 sub
1713 4388 1772 4427 se

102 4463 466 4534 constitutis,
494 4469 551 4520 et
577 4463 876 4520 manifesta
900 4465 1109 4519 faciant
1138 4465 1250 4520 Deo
1280 4465 1620 4520 amabilibus
1649 4481 1770 4520 me-

104 4559 507 4631 tropolitanis,
535 4575 664 4631 quae
688 4575 720 4612 a
749 4558 912 4612 nobis
936 4558 1233 4613 constituta
1257 4564 1408 4614 sunt.
1438 4558 1517 4613 llli
1543 4575 1770 4631 quoque
1789 4577 1848 4649 D

105 4669 330 4713 rursus
359 4651 530 4707 etiam
566 4651 672 4722 ipsi
711 4655 1039 4724 proponant
1084 4652 1144 4706 in
1180 4652 1610 4723 metropolitana
1649 4669 1772 4707 san-

105 4746 380 4806 ctissima
405 4745 652 4814 ecclesia,
687 4749 743 4800 et
771 4745 1085 4800 constitutis
1112 4745 1214 4800 sub
1239 4762 1296 4800 se
1334 4745 1607 4818 episcOpis
1647 4745 1772 4800 haec

104 4838 434 4900 manifesta
467 4837 696 4893 faciant.
748 4838 982 4893 Illorum
1024 4854 1156 4894 vero
1203 4839 1414 4910 singuli
1453 4838 1514 4893 in
1545 4839 1774 4910 propria

105 4932 369 4993 ecclesia
398 4932 520 4987 haec
548 4935 889 5003 proponant,
916 4936 982 4987 ut
999 4931 1191 4987 nullus
1217 4932 1278 4987 in
1301 4937 1494 4988 nostra
1519 4931 1770 5004 republi-

105 5047 185 5086 ca
214 5027 465 5099 ignoret,
493 5041 620 5096 quae
649 5041 681 5078 a
701 5024 862 5080 nobis
888 5025 955 5080 ad
984 5026 1261 5080 honorem
1305 5031 1362 5082 et
1403 5025 1772 5098 magniﬁcen-

105 5125 270 5182 tiam
290 5119 487 5191 magni
511 5119 609 5174 Dei
625 5123 682 5174 et
693 5118 993 5174 Salvatoris
1009 5119 1188 5174 nostri
1203 5120 1332 5174 Jesu
1343 5119 1549 5175 Christi
1581 5120 1773 5191 dispo-

109 5218 239 5275 sita
259 5218 414 5268 sunt.
429 5213 667 5284 Insuper
685 5227 926 5284 sequens
945 5211 1068 5266 haec
1088 5217 1187 5266 tua
1211 5213 1474 5268 sanctitas
1489 5213 1772 5283 omnibus,

110 5307 232 5385 qui
259 5305 368 5361 sub
394 5321 459 5360 ea
482 5310 634 5375 sunt,
663 5305 1027 5360 sanctissimis
1052 5306 1502 5377 metropolitanis
1532 5307 1653 5362 haec
1686 5306 1774 5361 fa-

111 5405 244 5461 ciat
272 5399 574 5454 manifesta
603 5398 861 5454 universo
894 5403 1148 5470 tempore
1184 5399 1450 5454 tenenda.
1495 5399 1776 5471 Scriptum

110 5492 431 5564 exemplar
463 5491 783 5563 Epiphanio
823 5491 1170 5547 sanctissimo
1205 5491 1624 5563 archiepiscopo
1654 5507 1775 5546 ma-

113 5605 264 5664 gnae
293 5585 469 5657 hujus
489 5590 544 5639 et
563 5584 732 5638 almae
754 5584 924 5640 urbis.
945 5584 1228 5656 Scriptum
1245 5586 1534 5656 exemplar
1551 5585 1780 5640 sanctis-

112 5686 281 5743 simo
327 5677 749 5749 archiepiscopo
787 5678 1320 5750 Hierosolymorum.
1363 5677 1647 5750 Scriptum
1689 5694 1782 5734 ex-

113 5775 363 5848 emplar
385 5769 590 5827 Joanni
621 5771 740 5825 viro
769 5771 1169 5842 gloriosissimo
1195 5771 1460 5843 praefecto
1493 5787 1780 5827 sacrorum

114 5865 543 5950 praetoriorum
569 5863 813 5918 secundo
831 5863 1128 5920 exconsule
1155 5868 1210 5919 et
1234 5864 1478 5937 patritio,
1499 5864 1590 5920 cui
1609 5865 1781 5920 etiam

479 5959 757 6026 Parnon.
803 5958 1039 6026 LXXII.

1793 1841 1850 1914 B

1867 557 2046 612 sciens
2071 573 2185 610 una
2213 571 2342 610 cum
2373 570 2600 625 semper
2628 551 2968 623 suscepturis
2990 551 3181 606 sedem
3201 554 3367 606 tuum
3381 551 3509 607 hinc

1868 666 2086 705 servare
2111 648 2358 703 festinet.
2383 649 2449 702 Et
2471 647 2517 700 si
2543 646 2936 700 denuntiatum
2955 643 3168 715 aliquid
3182 644 3372 714 fuerit,
3396 645 3509 700 tale

1867 743 2132 798 delictum
2161 741 2479 813 prohibeat,
2507 745 2562 794 et
2586 739 2836 793 maxime
2853 753 3205 809 quaecunque
3221 737 3505 792 inordina-

1866 840 2112 894 tionibus
2151 838 2447 893 curialium
2502 837 2590 890 vel
2641 835 2967 891 ofﬁcialium
3011 834 3308 890 interdicta
3348 839 3500 890 sunt.

1868 931 2096 1007 Nuntiet
2121 937 2311 986 autem
2338 931 2510 986 etiam
2539 929 2719 998 nobis,
2763 933 2826 982 ut
2851 928 3053 982 decens
3080 943 3252 999 super
3276 927 3357 983 eis
3386 928 3496 982 im-

1867 1030 2114 1096 ponatur
2133 1023 2426 1092 correctio,
2465 1028 2660 1078 utatur
2693 1037 2918 1093 quoque
2954 1021 3251 1092 praeceptis
3283 1020 3354 1075 ad
3389 1021 3502 1074 cla-

1869 1117 2118 1172 rissimos
2145 1115 2562 1188 provinciarum
2581 1115 2822 1186 judices,
2855 1118 2919 1168 ut
2945 1119 3002 1168 et
3041 1111 3168 1184 ipsi,
3207 1129 3336 1184 quae
3361 1112 3507 1170 fiunt

1868 1210 2228 1281 inspieientes
2254 1226 2369 1263 non
2404 1208 2737 1279 permittant
2759 1205 2970 1277 aliquid
3001 1210 3158 1260 extra
3183 1206 3309 1275 hoc,
3352 1205 3504 1277 quod

1867 1321 1901 1357 a
1929 1303 2088 1357 nobis
2116 1303 2485 1358 constitutum
2524 1303 2627 1369 est,
2664 1299 2787 1354 ﬁeri
2817 1316 2830 1353 :
2874 1298 3198 1352 imminebit
3237 1298 3391 1352 enim
3426 1299 3506 1354 eis

1869 1401 1925 1451 et
1962 1413 2129 1467 pmna
2171 1395 2423 1467 quinque
2470 1393 2746 1448 librarum
2785 1391 2929 1458 auri,
2979 1391 3254 1462 siquidem
3301 1397 3356 1446 et
3397 1390 3508 1462 ipsi

1867 1488 2222 1560 praevaricari
2263 1489 2516 1542 videntes
2558 1502 2673 1540 non
2720 1483 3195 1553 denuntiaverint,
3246 1489 3344 1538 aut
3386 1481 3506 1539 sedi

1869 1585 2002 1650 tuae,
2025 1585 2124 1637 aut
2150 1579 2412 1653 imperio,
2441 1583 2506 1634 ut
2533 1579 2783 1650 undique
2808 1578 3011 1633 decens
3031 1582 3262 1632 ornatus
3287 1576 3511 1632 ordina-

1868 1675 2035 1729 tionis
2066 1673 2265 1746 gradui
2307 1676 2690 1728 conservetur.
2747 1669 2967 1741 Scripta
3009 1685 3140 1724 cum
3190 1663 3502 1741 adjectione

1875 1767 2177 1823 dominica.

2461 1898 2772 1954 NOVELLA
2803 1898 2916 1952 VII.

1876 2018 1946 2070 De
1964 2029 2070 2067 non
2101 2013 2406 2068 alienandis
2435 2019 2532 2068 aut
2553 2013 2932 2082 permutandis
2956 2012 3112 2067 rebus
3141 2012 3510 2072 ecclesiasticis

1945 2085 2324 2146 immobilibus,
2375 2089 2472 2139 aut
2510 2087 2569 2138 in
2605 2086 2890 2153 specialem
2925 2085 3274 2152 hypothecam
3309 2086 3508 2140 dandis

1944 2157 2314 2219 creditoribus,
2333 2157 2426 2210 sed
2451 2159 2509 2209 ut
2535 2157 2816 2224 sufﬁciant
2839 2155 3113 2222 generales
3141 2155 3462 2224 hypothecae.

1947 2299 2260 2370 Imperator
2294 2298 2640 2352 Justinianus
2665 2301 2954 2368 Augustus
2983 2297 3296 2368 Epiphanio
3322 2298 3508 2354 archi-

1873 2391 2156 2462 episcopo,
2189 2395 2244 2444 et
2267 2391 2600 2462 patriarchae
2627 2389 3265 2460 Constantinopolitano.

1943 2485 2122 2538 Unam
2142 2483 2518 2538 intentionem
2533 2483 2679 2536 hanc
2694 2499 2920 2553 semper
2935 2483 3320 2552 proponimus,
3341 2498 3509 2539 omne

1873 2576 2148 2648 quidquid
2174 2577 2330 2646 prius
2347 2575 2748 2647 imperfectum
2763 2579 2862 2629 aut
2877 2574 3173 2628 confusum
3193 2575 3507 2647 videbatur,

1874 2669 1979 2723 hoc
2007 2673 2063 2723 et
2091 2685 2429 2739 expurgare,
2461 2674 2517 2722 et
2539 2667 2852 2738 perfectum
2865 2683 2935 2722 ex
2965 2667 3292 2738 imperfecto
3319 2669 3505 2723 decla-

1874 2778 2021 2831 rare,
2051 2761 2201 2832 quod
2231 2761 2401 2815 etiam
2429 2761 2482 2814 in
2514 2761 2664 2814 omni
2697 2760 3052 2830 legislatione
3081 2759 3364 2830 facientes,
3394 2779 3511 2818 cre-

1875 2855 2060 2909 dimus
2087 2859 2348 2925 Oportere
2377 2859 2433 2909 et
2459 2854 2518 2907 in
2542 2853 2994 2921 alienationibus,
3024 2869 3151 2924 quas
3171 2853 3316 2908 ﬁunt
3337 2871 3510 2926 super

1876 2948 2043 3002 sacris
2073 2948 2240 3002 rebus
2267 2964 2379 3001 una
2415 2945 2710 3017 complecti
2735 2946 2881 3016 lege,
2912 2962 3042 3016 quae
3068 2946 3284 3016 priores
3313 2963 3509 3003 omnes

1875 3048 1932 3095 et
1973 3045 2222 3109 renovet,
2255 3043 2312 3094 et
2363 3040 2646 3108 emendet,
2683 3043 2740 3093 et
2784 3039 2936 3108 quod
2975 3039 3131 3094 deest
3171 3041 3415 3110 adjiciat,
3454 3043 3513 3096 et

1875 3135 2026 3205 quod
2055 3133 2408 3205 superﬂuum
2440 3136 2543 3199 est,
2583 3131 2896 3186 abscindat.
2935 3135 2979 3186 Α
3018 3133 3202 3188 Leone
3231 3133 3510 3204 siquidem

1793 3202 1847 3276 C
1872 3227 2034 3280 bonae
2066 3227 2376 3294 memoriae,
2407 3226 2504 3297 qui
2533 3230 2659 3297 post
2681 3225 3114 3280 Constantinum
3141 3225 3248 3298 piae
3287 3243 3508 3282 memo-

1871 3321 1972 3374 riae
1993 3320 2310 3376 Christiana
2330 3319 2440 3374 ﬁde
2463 3319 2612 3372 inter
2639 3322 2870 3372 eazteros
2895 3317 3262 3388 imperatores
3304 3319 3510 3390 princi-

1871 3417 2067 3485 patum
2097 3413 2273 3479 auxit,
2305 3417 2360 3466 et
2387 3411 2676 3466 constituit
2699 3426 2985 3464 sacrarum
3012 3411 3375 3467 ecclesiarum
3410 3415 3509 3468 ho-

1871 3522 2067 3560 norem
2098 3511 2153 3560 et
2177 3505 2528 3575 disciplinam
2554 3503 2778 3574 scripta,
2818 3502 2909 3558 lex
2938 3507 3020 3557 est
3048 3503 3117 3558 de
3156 3505 3508 3562 alienationi-

1871 3599 1976 3653 bus
2001 3597 2383 3652 ecclesiasticis
2409 3596 2671 3651 conclusa
2707 3595 2768 3650 in
2799 3595 2916 3650 sola
2962 3595 3132 3666 hujus
3166 3597 3505 3654 felicissima

1871 3691 2105 3746 civitatis
2151 3690 2500 3745 sanctissima
2543 3689 2760 3759 majore
2795 3687 3043 3742 ecclesia.
3085 3689 3152 3744 Et
3206 3690 3502 3747 laudamus

1871 3785 2118 3857 plurima
2143 3784 2313 3854 hujus
2340 3782 2479 3854 legis
2506 3797 2639 3836 cum
2660 3781 2816 3836 omni
2834 3781 3188 3837 vehementia
3203 3787 3260 3838 et
3281 3784 3379 3838 Dei
3391 3785 3503 3840 cul-

1871 3880 1997 3931 tura
2025 3876 2226 3948 posita.
2257 3876 2363 3932 Sed
2389 3891 2454 3931 eo
2487 3875 2639 3946 quod
2668 3890 2784 3928 non
2827 3873 3169 3945 generaliter
3201 3876 3381 3946 posita
3405 3877 3496 3944 sit,

1871 3970 1932 4024 in
1958 3969 2242 4038 omnibus,
2269 3967 2526 4040 indigere
2545 3967 2715 4022 etiam
2736 3983 2863 4021 eam
2889 3967 3133 4038 quadam
3155 3969 3499 4026 correctione

1871 4061 2262 4117 credimus.Ab
2278 4059 2572 4115 Anastasio
2599 4075 2825 4131 quoque
2851 4060 2959 4132 piae
2981 4061 3274 4116 memoria;
3295 4063 3500 4134 scripta

1873 4155 2134 4227 quaedam
2158 4155 2227 4209 de
2264 4153 2468 4209 talibus
2494 4153 2582 4208 lex
2611 4158 2713 4222 est,
2755 4169 2939 4224 neque
2971 4152 3172 4208 similis
3206 4155 3404 4226 priori,
3444 4163 3502 4214 et

1871 4248 2104 4302 omnino
2140 4247 2328 4302 minus
2375 4245 2608 4313 habens,
2651 4244 2828 4300 effusa
2873 4261 3120 4317 namque
3157 4251 3213 4303 et
3240 4263 3344 4318 per
3379 4249 3500 4305 loca

1870 4341 2004 4396 foris
2030 4341 2232 4412 posita,
2262 4339 2633 4394 nihilominus
2657 4337 2864 4392 mansit
2887 4337 3234 4409 imperfecta,
3262 4356 3328 4395 eo
3348 4343 3499 4414 quod

1871 4435 1944 4488 ad
1967 4435 2150 4488 solum
2173 4432 2545 4488 sacerdotium
2573 4436 2631 4486 et
2671 4431 2935 4486 dioecesin
2971 4431 3252 4502 respiciat,
3299 4437 3499 4490 consti-

1872 4532 2054 4582 tutam
2077 4525 2181 4580 sub
2206 4524 2528 4580 beatissimo
2553 4523 2869 4594 patriarcha
2892 4522 3064 4594 hujus
3089 4525 3262 4596 regias
3289 4531 3346 4580 et
3379 4527 3498 4583 feli-

1869 4619 2107 4674 cissimae
2135 4617 2393 4686 civitatis,
2415 4615 2552 4670 alias
2575 4619 2763 4670 autem
2789 4631 2986 4670 omnes
3009 4632 3122 4670 non
3149 4625 3500 4688 perscrutata

1869 4713 2045 4783 sedes,
2075 4727 2206 4767 cum
2231 4711 2429 4782 utique
2451 4708 2686 4781 dignam
2711 4707 3060 4765 correctione
3089 4725 3208 4766 esse
3234 4727 3362 4768 eam
3401 4730 3496 4770 ar-

1869 4806 2127 4874 bitratus,
2154 4808 2389 4876 propter
2417 4818 2590 4875 quam
2617 4801 2964 4857 occasionem
2983 4802 3094 4857 alia
3104 4803 3339 4876 quidem
3368 4823 3498 4863 cor-

1871 4899 2109 4972 rigebat,
2147 4897 2254 4952 alia
2295 4912 2431 4952 vero
2487 4895 2856 4967 incomposita
2881 4895 3252 4968 relinquebat.
3287 4900 3499 4964 Quam-

1872 4994 2069 5049 obrem
2089 5007 2214 5048 eam
2237 5006 2464 5063 quoque
2492 5005 2687 5045 vacare
2713 4989 2783 5044 de
2811 4994 3018 5045 caetero
3055 4991 3364 5061 sancimus,
3405 4999 3500 5052 ut-

1873 5091 2003 5160 pote
2031 5085 2441 5158 imperfectam,
2474 5089 2531 5138 et
2553 5083 2675 5140 loco
2701 5082 3147 5153 circumclusam,
3178 5091 3234 5140 et
3261 5102 3379 5143 non
3401 5105 3500 5162 ge-

1874 5181 2126 5236 neralem
2154 5179 2302 5234 inter
2325 5178 2480 5249 leges
2516 5176 2869 5247 existentem,
2907 5192 3092 5250 neque
3134 5178 3349 5252 aliquid
3391 5187 3506 5240 stu.

1875 5274 2099 5330 diosum
2124 5271 2594 5327 introducentem.

1947 5394 2074 5449 Haec
2101 5409 2236 5466 ergo
2260 5409 2363 5447 nos
2388 5390 2578 5446 omnia
2603 5389 2988 5461 emendantes,
3018 5407 3196 5449 unam
3221 5395 3509 5456 existima-

1841 5517 1852 5525 ~
1878 5504 2006 5544 mus
2032 5487 2439 5560 legislationem
2465 5484 2728 5539 omnibus
2753 5485 3236 5544 sanctissimarum
3256 5493 3510 5549 ecclesia-

1877 5597 2030 5650 rum,
2085 5579 2583 5646 xenodocliiorum,
2631 5579 3107 5652 nosocomiorum,
3150 5587 3511 5642 monasterio-

1879 5691 2030 5745 rum,
2048 5673 2644 5746 brephotrophiorum,
2670 5674 3244 5744 gerontoeomiorum,
3266 5680 3323 5732 et
3342 5678 3510 5733 totius

1880 5772 2083 5828 sacrati
2125 5770 2353 5842 collegii
2378 5769 2546 5825 rebus
2581 5771 3004 5842 imponendam,
3044 5777 3101 5827 et
3137 5773 3282 5826 hanc
3322 5773 3511 5846 legem

1882 5861 2081 5918 Leonis
2109 5860 2220 5936 piae
2238 5860 2533 5916 memoriae
2557 5859 2940 5918 constitutioni
2962 5859 3336 5930 adjiciendam
3357 5876 3507 5922 esse:

3117 5963 3196 6026 30
