4022 6446
497 409 598 463 993

1621 397 1875 456 ΞᾸΞΟΠΙᾸ
1914 395 2104 451 SEXTI
2143 390 2692 450 SUPPLEMENTUM.

3825 373 3862 424 9
3881 371 3946 424 30

494 515 652 599 prius
703 511 931 585 quidem
982 503 1228 564 breviter
1277 507 1690 578 legislationem
1744 507 2112 576 exponentes,
2139 503 2322 589 Anit,
2354 507 2411 556 et
2435 500 2671 555 multam
2699 493 2959 566 imponit,
2992 497 3048 546 et
3065 505 3248 562 usque
3277 488 3352 543 ad
3381 501 3478 542 res
3507 480 3946 539 sanctissimae

495 607 684 678 sicque
709 619 875 658 omne
903 601 1055 673 quod
1084 601 1371 671 reliquum
1397 603 1481 654 est
1508 599 1842 654 intexentes.

563 698 696 752 Vult
720 701 906 752 autem
933 695 1028 748 illa
1053 709 1238 765 neque
1264 695 1376 748 Deo
1407 692 1705 746 amabilem
1741 688 2110 760 archiepisco-

492 805 633 862 pum
659 791 715 844 et
751 787 1120 859 patriarcham
1147 785 1315 856 hujus
1343 784 1676 840 felicissima
1720 781 1973 849 civitatis,
2016 796 2116 834 seu

494 879 856 936 sanctissimae
919 879 1144 949 majoris
1206 877 1469 946 ecclesiae,
1524 891 1707 946 neque
1764 889 2116 929 oeconomum

494 973 756 1042 vendere,
793 977 890 1026 aut
931 971 1158 1039 donare,
1185 975 1283 1024 aut
1307 970 1470 1024 aliter
1497 967 1740 1022 alienare
1765 984 1886 1022 rem
1915 966 2114 1020 immo-

493 1066 689 1134 bilem,
720 1065 953 1120 domum
977 1063 1186 1132 forsan,
1212 1067 1309 1117 aut
1335 1078 1558 1133 agrum,
1586 1065 1682 1115 aut
1709 1059 1993 1128 colonum,
2022 1063 2120 1112 aut

496 1156 774 1228 mancipia
799 1156 1025 1223 rustica,
1057 1160 1154 1210 aut
1177 1155 1362 1209 civiles
1403 1170 1664 1229 annonas
1709 1153 1858 1222 (nam
1904 1157 1958 1206 et
1996 1151 2118 1205 haec

494 1251 644 1305 inter
681 1247 994 1303 immobilia
1036 1231 1400 1302 numeranda.
1435 1249 1567 1300 sunt
1617 1262 1744 1316 quae
1795 1245 2121 1314 competunt

495 1341 1123 1412 Constantinopolitanae
1170 1338 1534 1393 sanctissima:
1589 1337 1794 1408 majori
1849 1335 2116 1403 ecclesia),

497 1435 598 1490 sed
622 1451 806 1504 neque
840 1451 942 1504 pro
970 1433 1082 1486 ulla
1112 1431 1584 1502 compensatione,
1613 1435 1711 1484 aut
1737 1428 1985 1500 qualibet
2015 1428 2122 1480 alia

499 1526 970 1584 circumventioue
1021 1524 1134 1580 tale
1189 1523 1401 1594 aliquid
1445 1524 1558 1594 agi.
1607 1516 1687 1576 Et'
1725 1521 2122 1576 inter-minatur

497 1618 739 1690 emptori
793 1618 1022 1689 quidem
1069 1617 1149 1671 rei
1195 1615 1630 1682 restitutionem,
1677 1618 1740 1669 ut
1779 1613 1974 1668 reddat
2019 1629 2122 1684 pro

495 1715 750 1783 tempore
776 1726 1064 1764 oeconomo
1094 1725 1283 1762 rerum
1310 1707 1673 1762 sanctissimae
1701 1705 1943 1762 ecclesiae
1977 1722 2119 1775 rem,

499 1819 669 1876 quam
711 1803 831 1874 ipse
877 1801 1211 1873 perceperit,
1255 1817 1383 1855 cum
1433 1800 1587 1854 omni
1623 1799 1796 1854 medii
1849 1798 2124 1868 temporis

2210 595 2442 667 majoris
2467 591 2711 648 ecclesiae
2734 592 2842 643 stat
2861 583 3242 652 solummodo,
3273 585 3333 636 et
3378 591 3769 652 quanquam
3817 589 3951 627 om-

2211 706 2348 745 nem
2377 685 2606 759 perimit
2639 679 3204 746 circumventionem,
3253 691 3440 746 quam
3479 668 3944 743 praediximus,

2212 800 2328 838 non
2350 785 2542 835 tamen
2561 778 2807 833 retinere
2828 772 3192 828 calliditatem
3214 773 3424 840 postea
3446 761 3944 834 insurgentium

2214 875 2404 930 valuit.
2431 871 2670 936 Quidam
2701 868 2856 923 enim
2883 865 3106 920 dudum
3129 863 3243 917 hoc
3269 859 3434 932 quod
3464 863 3743 913 vocatur
3772 853 3945 908 colo-

2216 967 2437 1023 narium
2449 965 2545 1036 jus
2565 964 2666 1033 (est
2684 964 2874 1015 autem
2893 955 3243 1012 colonarium
3256 954 3358 1024 jus
3378 949 3577 1006 veluti
3595 949 3647 1004 si
3667 948 3946 1002 domum

2168 1063 2180 1074 “
2215 1061 2492 1115 valentem
2519 1058 2746 1111 centum
2772 1051 2998 1119 solidos,
3031 1053 3089 1104 et
3123 1048 3512 1119 praestantem
3551 1041 3948 1114 pensionem

2217 1152 2420 1208 solidos
2447 1151 2644 1205 decem
2666 1145 2900 1216 accipiat
2925 1143 3052 1214 quis
3078 1141 3150 1196 ab
3179 1139 3448 1206 ecclesia,
3483 1141 3552 1191 et
3580 1136 3702 1190 det
3731 1150 3861 1206 pro
3883 1149 3953 1188 ea

2218 1245 2422 1300 solidos
2465 1243 2713 1308 centum,
2755 1255 2852 1293 seu
2899 1234 3168 1306 amplius,
3199 1236 3301 1287 aut
3349 1230 3544 1286 etiam
3589 1228 3855 1294 minus,
3896 1232 3954 1280 et

2219 1337 2378 1410 quasi
2390 1336 2511 1407 jam
2541 1334 2606 1388 de
2636 1331 2865 1404 proprio
2884 1331 3160 1400 aggravet
3180 1341 3240 1380 se
3272 1325 3412 1379 dare
3441 1322 3736 1394 singulis
3762 1319 3950 1374 annis

2219 1429 2375 1508 quasi
2414 1425 2695 1500 pensionis
2718 1423 2951 1478 nomine
2980 1419 3190 1474 solidos
3217 1420 3371 1486 tres;
3407 1417 3523 1470 iste
3559 1420 3800 1470 autem
3833 1430 3946 1484 ap-

2219 1523 2459 1595 pellatur
2485 1533 2756 1592 paroecus.
2787 1515 2895 1570 Sed
2924 1514 3107 1585 ipsam
3135 1512 3381 1566 domum
3416 1509 3536 1564 sub
3567 1512 3714 1562 tam
3755 1523 3953 1579 parva

2221 1614 2488 1687 pensione
2524 1612 2584 1666 in
2608 1613 2951 1682 perpetuum
2977 1608 3036 1660 et
3061 1605 3184 1676 ipse
3214 1608 3274 1658 et
3302 1603 3592 1657 haeredes
3617 1601 3774 1672 ejus
3803 1617 3948 1672 pos-

2221 1705 2498 1776 sidebant)
2524 1701 2940 1758 adinvenientes
2964 1713 3154 1770 neque
3174 1695 3390 1752 nostris
3418 1695 3714 1766 legibus,
3739 1709 3951 1764 neque

2221 1801 2553 1871 cujusquam
2588 1794 2846 1851 omnium
2880 1794 3103 1859 notum,
3158 1787 3776 1844 circumventionem
3828 1805 3951 1842 non

496 1875 707 1964 fructu,
746 1898 801 1950 et
828 1895 946 1948 aliis
975 1893 1162 1962 lucris,
1193 1909 1325 1947 casu
1355 1891 1687 1947 imminente
1724 1891 2036 1962 pretiorum
2073 1889 2124 1943 ei
2143 1875 2198 1946 Β
2221 1908 2454 1965 parvam
2481 1888 2732 1944 meditati
2762 1891 2896 1940 sunt
2921 1887 3118 1940 contra
3141 1883 3360 1954 legem,
3401 1887 3764 1954 perpetuas
3793 1897 3952 1952 pene

499 1989 600 2061 qui
624 1987 734 2042 tale
757 1986 968 2058 aliquid
989 1985 1242 2057 accipere
1255 1989 1353 2039 aut
1363 1999 1687 2056 comparare
1703 1982 2122 2055 przesumpserit

499 2096 632 2136 cum
655 2079 825 2135 etiam
847 2079 954 2134 hoc
977 2078 1228 2149 quidem,
1258 2077 1407 2148 quod
1426 2081 1619 2132 contra
1630 2077 1786 2148 leges
1813 2081 2002 2131 actum
2015 2080 2116 2142 est,

499 2172 579 2228 ita
603 2175 795 2244 ponat,
825 2187 889 2226 ac
913 2171 961 2226 si
990 2186 1175 2242 neque
1199 2186 1233 2224 a
1260 2169 1538 2241 principio
1566 2173 1788 2240 gestum
1826 2168 1916 2223 sit.
1946 2167 2119 2224 (Eco-

497 2281 739 2320 nomum
764 2279 898 2318 vero
927 2263 1048 2318 haec
1092 2250 1554 2334 praevarica‘ntem
1605 2261 1735 2316 dare
1780 2261 2008 2332 quidem
2054 2261 2123 2314 de

499 2373 600 2414 suo
640 2356 1004 2411 sanctissimae
1053 2355 1300 2410 ecclesia:
1331 2355 1498 2424 jubet
1527 2370 1717 2422 omne,
1748 2353 2022 2424 quidquid
2053 2369 2124 2406 ex

502 2467 566 2506 ea
620 2465 784 2504 causa
826 2449 1076 2504 lucratus
1133 2452 1236 2514 est,
1290 2451 1390 2501 aut
1439 2445 1802 2501 sanctissimae
1855 2432 2122 2515 ecclesiae,

503 2541 694 2598 damni
724 2541 930 2594 intulit.
961 2541 1142 2610 Super
1161 2541 1266 2593 hoc
1285 2543 1477 2594 autem
1494 2539 1662 2593 etiam
1685 2537 1930 2592 excludit
1943 2537 2125 2592 ofﬁcio

503 2650 878 2703 oeconomum,
916 2638 972 2687 et
1008 2633 1102 2687 dat
1139 2633 1419 2686 actionem
1460 2631 1828 2686 sanctissimae
1857 2629 2124 2700 ecclesiae,

501 2744 617 2783 11011
647 2727 829 2780 solum
893 2729 1087 2780 contra
1142 2726 1255 2779 Deo
1308 2725 1578 2778 amabiles
1627 2740 1964 2790 ceconomos,
2030 2721 2129 2776 sed

504 2821 673 2876 etiam
700 2823 897 2874 contra
934 2833 1280 2872 successores
1309 2833 1528 2885 eorum,
1575 2816 1687 2870 sive
1712 2816 1818 2888 ipsi
1847 2817 1967 2870 haec
1991 2815 2127 2870 alie-

502 2913 780 2979 naverint,
803 2913 919 2966 sive
943 2925 1045 2980 pro
1062 2915 1314 2981 tempore
1341 2912 1452 2966 Deo
1467 2908 1767 2963 amabilem
1781 2908 2126 2979 episcopum,

505 3010 604 3060 aut
638 3004 811 3058 alium
857 3001 1180 3074 quempiam
1231 3001 1564 3056 clericorum
1603 3000 1852 3055 videntes
1887 3000 2134 3054 alienan-

506 3101 624 3152 tem
654 3094 924 3166 degeneri
954 3098 1010 3147 et
1035 3092 1294 3147 illiberali
1317 3092 1696 3147 taciturnitate
1727 3093 1874 3162 passi
1900 3097 2048 3158 sunt,
2078 3095 2134 3146 et

508 3188 690 3244 multo
716 3186 920 3258 potius,
951 3183 996 3238 si
1027 3201 1154 3239 cum
1187 3184 1459 3251 viderent,
1488 3185 1920 3240 consentitentes
1945 3185 2052 3238 tale
2079 3201 2136 3238 a-

509 3280 692 3354 liquid
717 3277 1114 3350 permiserunt,
1139 3283 1194 3332 et
1211 3294 1323 3332 non
1347 3277 1778 3348 prohibuerunt.
1803 3278 1884 3332 Ad
1907 3278 2027 3332 haec
2042 3294 2138 3332 au-

510 3379 631 3428 tem
655 3372 825 3426 etiam
837 3371 1192 3425 tabellionem
1205 3412 1218 3439 ,
1233 3370 1330 3440 qui
1346 3369 1472 3423 talia
1487 3370 1726 3424 confecit
1741 3371 2134 3441 instrumenta,

513 3469 786 3538 perpetuo
831 3463 999 3517 tradit
1025 3463 1222 3517 exsilio
1247 3462 1460 3517 nullam
1489 3463 1538 3516 ei
1567 3463 1924 3518 clementiam
1952 3479 2136 3535 neque

512 3574 616 3629 per
640 3556 1016 3611 reversionem
1045 3555 1406 3626 participans.
1441 3557 1586 3626 lpsos
1613 3573 1836 3627 quoque
1865 3557 2138 3610 maximos

507 3649 746 3720 judices,
775 3648 873 3719 qui
897 3648 967 3702 ad
993 3649 1113 3701 haec
1149 3649 1440 3716 accedunt,
1482 3653 1538 3702 et
1578 3649 1780 3703 talibus
1819 3650 2142 3705 ministrant

515 3741 717 3809 causis,
750 3746 848 3795 aut
882 3740 1080 3794 conﬁci
1109 3740 1260 3810 apud
1287 3743 1616 3812 semetipsos
1643 3746 2013 3797 monumenta
2036 3759 2140 3814 pro

513 3833 938 3890 conﬁrmatione
956 3832 1152 3886 talium
1168 3833 1535 3887 donationum
1551 3839 1647 3888 aut
1659 3833 1898 3890 aliorum
1911 3841 2140 3890 actuum

514 3927 829 4000 patiuntur,
853 3925 1102 3995 cingulo,
1130 3929 1186 3978 et
1211 3924 1504 3995 dignitate,
1537 3931 1595 3981 et
1618 3927 1926 3982 substantia
1964 3928 2140 3984 inter-

518 4019 768 4074 minatur
787 4017 1105 4071 excludere.
1124 4017 1250 4070 Haac
1262 4015 1436 4087 igitur
1449 4018 1747 4090 increpans
1761 4021 2141 4089 vehementer,

474 4157 478 4161 .
516 4109 796 4182 permittit
813 4108 895 4162 rei
916 4107 1296 4162 ecclesiasticae
1318 4125 1497 4180 usum,
1515 4115 1614 4164 aut
1624 4112 1962 4182 quivocatur
1977 4130 2140 4169 usus-

520 4202 754 4268 fructus,
788 4199 892 4254 sub
914 4205 1066 4255 certo
1092 4201 1336 4272 quodam
1361 4206 1636 4274 tempore,
1661 4210 1756 4258 aut
1775 4205 1942 4260 etiam
1964 4223 2143 4278 usque

523 4294 594 4348 ad
631 4293 804 4347 vitam
853 4292 1215 4364 percipientis
1251 4295 1386 4349 dare
1425 4296 1828 4352 sanctissimam
1871 4299 2144 4370 majorem

523 4385 830 4453 ecclesiam,
881 4385 983 4440 sub
1011 4385 1113 4440 hac
1133 4391 1322 4441 tamen
1346 4387 1689 4458 deﬁnitione,
1720 4392 1785 4444 ut
1807 4389 1854 4444 is
1878 4392 1975 4462 qui
1999 4392 2145 4448 hanc

524 4474 738 4546 accepit
781 4473 1249 4544 munificentiam,
1332 4475 1587 4546 ejusdem
1643 4478 1967 4548 quantitatis
2022 4498 2144 4537 rem

2157 3229 2212 3303 C

2218 1984 2594 2056 excogitantes
2635 1979 3018 2034 alienationes.
3061 1975 3226 2040 Quod
3262 1991 3374 2029 nos
3405 1975 3482 2028 de
3553 1977 3808 2028 caetero
3852 1975 3951 2044 agi

2218 2077 2602 2151 prohibemus,
2630 2077 2685 2128 et
2709 2089 2812 2144 pro
2839 2088 2905 2125 eo
2923 2071 3046 2142 ipso
3067 2068 3535 2140 conscripsimus
3557 2067 3820 2140 legem.

2289 2170 2512 2224 Dudum
2536 2172 2725 2222 autem
2753 2169 2810 2220 et
2833 2164 2906 2218 ad
2933 2161 3348 2234 emphyteusin
3389 2166 3857 2232 respexerunt,
3894 2168 3951 2215 et

2221 2261 2633 2318 imminuerunt
2649 2257 2957 2330 plurimam
2972 2255 3374 2328 quantitatem
3401 2253 3539 2308 veri
3553 2255 3700 2309 redi
3709 2260 3818 2309 tus
3840 2255 3953 2308 illis

2221 2356 2323 2429 qui
2349 2351 2746 2426 emphyteusin
2771 2349 3076 2421 accipiunt,
3115 2351 3479 2419 praestantes
3516 2347 3590 2402 hi
3625 2349 3747 2419 qui
3770 2348 3951 2402 rebus

2223 2449 2452 2522 quidem
2478 2443 2842 2501 sanctissimae
2870 2441 3106 2513 majoris
3135 2441 3405 2496 ecclesiae
3433 2439 3902 2511 praesidebant.

2297 2541 2539 2612 Ideoque
2567 2555 2670 2593 nos
2687 2538 2749 2592 in
2773 2537 3024 2608 quadam
3045 2533 3554 2589 constitutionum
3583 2540 3954 2590 nostrarum

2225 2634 2524 2692 deﬁnimus
2553 2631 2784 2703 quidem
2811 2645 2991 2701 usque
3011 2629 3083 2682 ad
3107 2643 3392 2698 personas
3419 2631 3555 2682 tres
3583 2629 3958 2700 emphyteu-

2227 2728 2313 2783 sin
2351 2725 2496 2795 ﬁeri,
2543 2723 2884 2795 accipientis,
2932 2727 2989 2776 et
3029 2721 3281 2776 duorum
3319 2719 3600 2776 aliorum
3653 2739 3956 2777 successo-

2227 2836 2387 2876 rum:
2420 2819 2528 2873 hoc
2555 2818 2725 2873 etiam
2752 2831 2924 2888 super
2935 2814 3108 2869 rebus
3137 2813 3540 2868 sanctissimae
3572 2816 3851 2887 majoris
3872 2833 3956 2870 ec-

2229 2913 2414 2968 clesiae
2439 2910 2562 2966 fieri
2590 2909 3003 2980 permittentes,
3053 2922 3170 2960 non
3218 2909 3430 2960 autem
3485 2907 3668 2962 ultra
3724 2914 3955 2964 sextam

2228 3010 2448 3078 partem
2483 3007 2718 3076 propter
2753 3001 3017 3056 fortuitos
3069 3015 3237 3054 casus
3286 3000 3757 3072 emphyteusin
3807 3003 3956 3058 acci-

2230 3099 2450 3170 pientes
2490 3094 2723 3152 relevari
2753 3093 3089 3148 sancientes.
3125 3092 3271 3156 Quia
3301 3108 3454 3148 vero
3504 3094 3858 3152 didicimus
3883 3097 3959 3150 sic

2235 3190 2408 3246 effuse
2453 3193 2510 3244 et
2531 3187 2706 3259 impie
2725 3187 2795 3241 ab
2818 3185 3103 3258 aliquibus
3130 3184 3260 3240 ﬁeri
3299 3186 3720 3258 documenta,
3751 3194 3827 3245 ut
3859 3207 3958 3244 ne-

2237 3300 2346 3356 que
2373 3286 2530 3338 sexta
2559 3281 2912 3352 relinquatur
2931 3277 3316 3334 sanctissimae.
3337 3280 3633 3337 ecclesiae
3662 3301 3835 3355 pars,
3870 3302 3958 3339 re-

2234 3377 2404 3448 liquis
2431 3375 2696 3430 omnibus
2719 3372 3124 3444 emphyteusin
3167 3373 3632 3444 accipientibus
3678 3377 3921 3432 donatis
3948 3394 3960 3430 ;

2235 3485 2402 3542 porro
2440 3473 2633 3523 autem
2669 3466 2994 3521 Anastasius
3019 3465 3132 3536 piae
3181 3467 3510 3522 memoriae
3547 3475 3729 3541 gesta
3753 3487 3964 3526 monu-

2237 3567 2561 3618 mentorum
2589 3559 2934 3615 constituens
2963 3558 3090 3612 ﬁeri
3121 3575 3302 3629 super
3333 3559 3872 3632 alienationibus,
3891 3566 3962 3618 sic

2235 3660 2302 3712 ut
2329 3655 2498 3711 etiam
2523 3655 2692 3725 hujus
2721 3653 2802 3708 rei
2825 3657 3050 3723 tempus
3076 3651 3466 3724 adjiceretur,
3508 3651 3578 3712 et
3606 3659 3965 3730 emphyteu-

2239 3749 2326 3804 sin
2354 3751 2622 3814 statuens,
2657 3747 2777 3801 sine
2806 3746 2977 3817 gestis
3001 3746 3240 3817 quidem
3266 3763 3472 3819 usque
3522 3751 3612 3806 ad
3655 3753 3854 3807 solam
3883 3753 3961 3805 vi-

2238 3847 2356 3897 tam
2379 3839 2699 3912 accipientis
2727 3839 3152 3910 emphyteusin,
3187 3856 3330 3894 cum
3383 3843 3591 3913 gestis
3638 3851 3860 3901 autem
3911 3847 3963 3899 in

2240 3937 2581 4008 perpetuum
2607 3949 2736 3987 eam
2779 3932 3118 4000 extendens,
3149 3949 3350 4004 neque
3397 3937 3774 4006 perfectam
3814 3940 3962 4000 fecit,

2240 4043 2427 4098 neque
2447 4025 2641 4080 utilem
2668 4026 2876 4097 legem,
2911 4029 2967 4080 et
2987 4025 3247 4097 undique
3275 4026 3768 4102 imperfectam,
3786 4049 3966 4105 usque

2241 4121 2314 4175 ad
2338 4120 2514 4174 solam
2541 4118 2807 4174 dioecesin
2831 4116 3234 4190 patriarchicae
3262 4120 3428 4176 sedis
3461 4123 3674 4195 hujus
3705 4127 3966 4182 felicis-51-

2242 4229 2353 4268 mae
2397 4211 2633 4268 civitatis
2676 4211 2841 4276 (sicut
2871 4211 3266 4283 praediximus)
3315 4213 3810 4286 legislationem
3859 4225 3960 4275 sta-

2242 4311 2430 4362 tuens.

2312 4399 2422 4452 Nos
2463 4396 2642 4468 igitur
2687 4397 2820 4468 (jam
2861 4397 3016 4451 enim
3058 4397 3130 4453 ad
3159 4398 3362 4471 legem
3405 4404 3822 4465 veniendum
3871 4413 3962 4468 est)

2243 4490 2541 4558 sancimus,
2572 4506 2756 4561 neque
2789 4477 3209 4546 sanctissimam
3239 4493 3427 4566 hujus
3464 4497 3864 4558 felicissima:
3896 4503 3966 4556 ci-

521 4569 912 4638 recompenset
950 4567 1316 4622 sanctissimae
1356 4568 1555 4638 majori
1594 4571 1840 4625 ecclesiae
1859 4572 1990 4643 jure
2016 4591 2142 4644 pro-
2165 4585 2224 4658 D
2245 4584 2428 4638 vitatis
2455 4583 2733 4654 majorem
2758 4583 3076 4653 ecclesiam,
3105 4600 3301 4656 neque
3330 4587 3446 4642 sub
3491 4607 3574 4646 ea
3615 4597 3969 4652 constitutas

521 4659 794 4733 prietatis,
823 4675 892 4714 ex
919 4677 1031 4730 qua
1056 4660 1232 4732 possit
1267 4661 1533 4716 eumdem
1571 4663 1820 4719 reditum
1863 4667 2149 4724 sanctissi-

522 4769 620 4808 ma
644 4752 873 4808 ecclesia
889 4752 1115 4821 habere,
1137 4757 1416 4824 quantum
1433 4754 1525 4810 ille
1551 4771 1616 4810 ex
1642 4773 1748 4811 usu
1772 4761 2006 4830 accepit,
2026 4768 2152 4832 post

523 4845 882 4920 percipientis
911 4845 1107 4916 utique
1145 4849 1408 4918 mortem,
1450 4852 1548 4902 aut
1582 4849 1878 4906 definitum
1904 4856 2146 4926 tempus,

523 4953 629 4996 usu
659 4938 915 4994 videlicet
940 4942 997 4993 et
1031 4938 1327 4994 usufructu
1348 4940 1492 4994 data:
1535 4943 1918 5000 ecclesiasticae
1959 4948 2042 5002 rei
2077 4949 2150 5004 ad

525 5031 928 5088 sanctissimam
968 5031 1240 5102 majorem
1281 5033 1571 5088 ecclesiam
1601 5035 1898 5108 redeunte,
1931 5045 1988 5094 et
2011 5041 2150 5098 item

526 5140 632 5180 usu
663 5124 888 5179 donatae
934 5123 1016 5178 rei
1060 5140 1190 5178 cum
1217 5125 1561 5196 proprietate
1585 5129 1950 5187 sanctissimae
1979 5135 2149 5190 eccle-

528 5215 626 5272 siae
647 5215 1011 5285 vindicando;
1038 5217 1208 5271 talem
1237 5234 1484 5289 namque
1515 5225 1864 5278 contractum
1895 5225 2014 5281 sine
2055 5244 2149 5298 pe-

528 5308 708 5363 riculo
739 5323 857 5361 esse
895 5307 1054 5377 ponit
1091 5309 1202 5364 lex.
1247 5310 1302 5364 Si
1338 5325 1471 5366 vero
1509 5313 1743 5368 minoris
1780 5316 1951 5371 fuerit
1976 5336 2147 5390 quam

530 5398 682 5472 quod
708 5398 872 5452 datur
888 5415 922 5452 a
944 5401 1290 5457 sanctissima
1303 5403 1531 5458 ecclesia
1549 5405 1692 5462 illud
1711 5409 1862 5479 quod
1885 5427 2148 5484 compen-

529 5493 686 5546 satur
710 5489 761 5543 ei
785 5489 942 5558 cujus
969 5507 1102 5546 mox
1141 5493 1370 5564 quidem
1413 5497 1682 5568 percipiet
1725 5503 2144 5574 proprietatem,

528 5587 717 5656 sperat
733 5586 922 5637 autem
938 5589 992 5639 et
1015 5601 1177 5639 usum
1197 5587 1468 5657 accipere,
1483 5589 1774 5647 inﬁrmum
1797 5599 2145 5652 contractum

529 5681 587 5733 et
628 5691 733 5748 pro
758 5691 869 5730 non
895 5675 1038 5732 facto
1064 5677 1242 5745 ponit,
1271 5679 1474 5750 datque
1499 5683 1784 5739 licentiam
1815 5687 2144 5744 vindicatio-

525 5770 638 5836 nis,
682 5772 877 5838 utpote
925 5768 1396 5826 circumventione
1421 5779 1614 5830 contra
1647 5777 1743 5847 jus
1779 5781 2146 5838 sanctissimae

531 5857 780 5920 ecclesiae
817 5860 982 5914 facta.
1021 5859 1134 5914 Lex
1159 5859 1348 5934 itaque
1371 5863 1499 5918 talia
1524 5867 1627 5922 sub
1653 5869 1924 5927 brevitate
1949 5874 2142 5931 decer-

2249 4675 2526 4743 ecclesias,
2576 4691 2822 4746 quarum
2867 4675 2991 4746 ipsa
3038 4679 3458 4749 erogationem
3493 4690 3797 4760 suscepit
3820 4691 3966 4758 (sicut

2249 4785 2373 4824 eam
2398 4767 2716 4824 Anastasius
2741 4768 2850 4839 pits
2877 4769 3176 4825 memoriae
3201 4771 3672 4844 interpretatus
3707 4785 3848 4855 est),
3887 4799 3968 4835 ne-

2247 4879 2358 4934 que
2384 4862 2726 4918 aliasomnes
2747 4863 3008 4918 ecclesias
3033 4863 3095 4918 in
3116 4863 3226 4919 hac
3252 4865 3628 4929 felicissima
3649 4878 3966 4934 existentes

2247 4955 2486 5024 civitate,
2515 4959 2613 5009 aut
2637 4954 2788 5009 circa
2813 4955 2934 5026 ejus
2961 4955 3234 5026 conﬁnia,
3285 4975 3497 5032 neque
3556 4969 3687 5024 sub
3741 4973 3966 5044 patriar.

2247 5047 2403 5102 chica
2447 5047 2578 5102 sede
2631 5047 2805 5118 hujus
2853 5048 3200 5104 felicissime
3251 5049 3518 5112 civitatis
3597 5067 3963 5123 constitutas.

2246 5156 2492 5212 quarum
2531 5141 2998 5212 metropolitanos
3041 5142 3166 5214 ipse
3209 5145 3479 5219 ordinat,
3532 5168 3770 5229 neque
3809 5160 3962 5216 31mm

2246 5233 2428 5287 ullum
2452 5232 2798 5304 ubicunque,
2829 5234 2946 5289 sive
2973 5235 3394 5310 patriarcham,
3434 5241 3578 5300 sive
3614 5251 3960 5323 episcopum

2248 5324 2503 5395 (dicimus
2531 5330 2726 5380 autem
2757 5331 2816 5381 et
2841 5344 2938 5382 eos
2958 5327 3059 5399 qui
3086 5328 3145 5383 in
3174 5329 3443 5402 Osiente,
3465 5339 3535 5390 et
3557 5342 3682 5411 qui
3713 5344 3785 5400 in
3811 5343 3962 5415 Illyri

2246 5433 2331 5488 co,
2363 5419 2614 5511 insuper
2657 5423 2716 5475 et
2758 5420 2818 5474 in
2854 5421 3122 5492 Egypto,
3172 5427 3232 5477 et
3275 5424 3625 5502 Lycaonia,
3679 5443 3869 5511 atque
3917 5438 3957 5490 in

2246 5510 2428 5581 Lycia,
2473 5517 2529 5566 et
2577 5529 2672 5568 eos
2711 5514 2810 5584 qui
2847 5513 2908 5567 in
2946 5513 3210 5569 Africana
3248 5519 3608 5596 provincia,
3664 5510 3876 5605 atque.
3916 5533 3956 5582 ut

2245 5603 2483 5658 strictim
2523 5605 2796 5674 dicamus,
2845 5621 2950 5677 per
2973 5623 3174 5662 omnes
3201 5613 3431 5666 nostra:
3467 5593 3955 5680 ditionis‘terlrzis.

2243 5711 2482 5764 necnon,
2515 5698 2614 5768 qui
2637 5699 2699 5752 in
2727 5699 3029 5754 Occidente
3057 5706 3211 5768 sunt,
3243 5703 3367 5758 Deo
3394 5711 3730 5772 amabiles
3762 5681 3956 5791 episcu.

2241 5803 2344 5860 pos
2369 5789 2440 5844 ab
2468 5789 2590 5862 ipsa
2621 5791 2842 5846 seniore
2867 5791 3048 5847 Roma
3071 5809 3262 5866 usque
3289 5797 3373 5853 ad
3401 5801 3758 5867 Oceanum
3800 5789 3955 5868 cousi-

2243 5881 2511 5938 stentium
2533 5883 3016 5940 sanctissimarum
3031 5885 3530 5954 orthodoxarum
3548 5905 3950 5963 ecclesiamm'
