4022 6412
134 395 218 446 9H
987 388 1347 444 JL‘STlNlANI
1386 389 1712 444 NUVELLzh
1759 388 2090 442 SELECTAﬁ.
2132 389 2438 443 NUVELLA
2481 390 2586 444 νη.

3365 394 3465 446 942

133 512 304 567 neque
348 493 595 564 aliquem
633 494 1052 564 xenodochum,
1091 501 1190 550 aut
1231 496 1734 568 ptochotrophum,
1757 507 1926 580 Ares
1962 511 1995 548 a
2033 496 2432 550 communibus
2471 512 2535 550 ac
2568 496 2820 566 publicis,
2853 497 3313 568 quandoquidem
3341 515 3462 553 om-

126 595 214 644 aut
235 603 620 655 nosocomum,
647 592 745 642 aut
781 589 1335 660 orphanotrophum,
1363 592 1462 644 aut
1488 589 1734 660 brepho-

127 682 279 752 troph
287 697 400 747 um,
417 684 514 733 aut
536 685 1024 750 gerontocomum,
1040 687 1138 737 aut
1155 682 1628 737 monasteriorum
1645 681 1740 752 (vi-

129 791 310 829 rorum
351 773 434 827 vel
476 772 800 845 mulierum)
831 774 1095 830 abbatem
1123 792 1224 830 seu
1255 775 1616 843 abbatissam,
1641 780 1738 830 aut

126 865 417 938 quemlibet
443 865 680 920 omnino
705 867 1108 938 praesidentem
1133 868 1547 923 venerabilibus
1573 868 1736 923 colle-

129 959 244 1030 giis,
275 959 554 1013 licentiam
581 959 790 1014 habere
814 961 1059 1015 alienare
1088 977 1211 1016 rem
1236 961 1608 1028 immobilem,
1641 965 1738 1015 aut

60 1079 61 1086 ι
125 1052 178 1106 in
203 1051 468 1119 domibus,
499 1055 600 1106 aut
633 1052 694 1106 in
721 1053 894 1123 agris,
926 1054 1108 1108 autin
1139 1054 1342 1122 hortis,
1374 1060 1472 1109 aut
1497 1054 1734 1109 omnino

124 1145 177 1199 in
203 1143 517 1216 hujusmodi
537 1145 965 1217 consistentem,
996 1163 1184 1218 neque
1223 1147 1498 1202 rusticum
1516 1148 1733 1201 manci-

125 1237 288 1309 pium,
318 1253 498 1310 neque
516 1238 740 1294 civilem
757 1255 1061 1309 annonam,
1086 1257 1192 1294 nec
1214 1257 1316 1312 per
1339 1240 1594 1312 specialis
1615 1241 1735 1312 pig-

59 1357 62 1390 λ
125 1327 264 1380 noris
283 1327 635 1381 occasionem
657 1329 875 1382 tradere
911 1329 1301 1384 creditoribus.

187 1419 544 1475 Alienationis
572 1425 762 1476 autem
795 1437 1008 1476 nomen
1035 1422 1354 1493 generalius
1383 1422 1509 1477 ideo
1536 1421 1729 1493 posui-

122 1529 253 1580 mus,
279 1517 338 1567 ut
363 1513 764 1583 prohibeamus
791 1520 848 1570 et
872 1515 1255 1570 venditionem
1283 1521 1340 1570 et
1365 1515 1732 1570 donationem

123 1611 172 1660 et
192 1607 684 1677 computationem,
715 1613 772 1663 et
798 1608 858 1662 in
897 1613 1236 1678 perpetuum
1264 1614 1560 1662 extensam
1605 1624 1728 1662 em-

121 1699 423 1768 phyteusin,
452 1713 584 1771 quae
609 1717 723 1754 non
754 1702 951 1771 procul
977 1701 1046 1754 ab
1071 1701 1416 1756 alienatione
1453 1702 1726 1771 consistit,

123 1791 208 1845 sed
232 1807 420 1846 omnes
463 1793 679 1863 ubique
713 1794 1024 1848 sacerdotes
1059 1794 1129 1848 ab
1163 1795 1488 1864 hujusmodi
1515 1794 1726 1850 aliena-

1836 587 1995 642 nium
2013 605 2207 643 rerum
2221 589 2583 643 sanctissimis
2595 588 2842 643 ecclesiis
2853 588 3204 644 abundantia
3217 595 3274 645 et
3288 594 3465 647 status

1837 696 1906 736 ex
1936 681 2328 752 imperialibus
2356 681 2758 737 muniﬁcentiis
2801 687 3077 753 perpetuo
3111 685 3459 755 praebeatur.

1835 775 2136 828 Alterutris
2161 775 2354 846 itaque
2380 780 2826 846 compensantes,
2856 791 2984 846 quae
3005 775 3223 844 decent,
3255 793 3370 832 non
3390 778 3462 832 ab

1836 866 2116 937 aliquibus
2134 867 2268 938 jure
2291 867 2694 939 culpabuntnr.
2714 867 2895 922 Aliam
2920 885 3051 923 vero
3067 885 3316 939 omnem,
3344 871 3460 926 sive

1835 958 1905 1013 ad
1931 959 2120 1030 ipsum
2147 961 2472 1031 imperium,
2501 961 2614 1016 sive
2631 961 2702 1016 ad
2731 961 2900 1016 aliam
2921 977 3318 1034 quamcunque
3335 980 3460 1034 per-

1836 1067 2038 1107 sonam
2066 1053 2290 1122 factam,
2325 1054 2439 1108 sive
2475 1054 2857 1109 venditionem
2903 1055 3018 1110 sive
3061 1057 3462 1128 emphyteusin

1833 1149 2168 1216 perpetuam
2198 1146 2430 1200 omnino
2467 1147 2822 1218 perimimus.
2863 1148 2969 1204 Sed
3002 1164 3187 1220 neque
3213 1149 3460 1204 donatio—

1834 1252 1988 1307 nem,
2019 1237 2132 1292 sive
2159 1239 2656 1309 permutationem,
2685 1239 2800 1294 sive
2832 1239 3120 1296 dationem
3165 1241 3459 1312 cujusdam

1831 1330 2089 1402 pignoris
2112 1331 2172 1385 in
2196 1348 2258 1386 re
2281 1331 2563 1386 immobili
2579 1331 2788 1388 factam
2813 1333 3104 1388 occasione
3124 1339 3457 1390 mutuorum

1831 1423 1954 1478 ﬁeri
1977 1423 2232 1479 sinimus.
2263 1423 2331 1478 Et
2355 1424 2478 1480 haec
2503 1426 2688 1480 valere
2713 1425 2973 1481 volumus
3002 1426 3061 1481 in
3092 1427 3248 1482 omni
3279 1428 3454 1483 eccle-

1831 1516 1930 1585 sia,
1963 1517 2232 1588 omnique
2263 1519 2632 1586 monasterio,
2665 1524 2721 1574 et
2748 1519 3095 1590 nosocomio,
3125 1525 3181 1575 et
3205 1521 3456 1576 xenodo-

1830 1608 1977 1677 chio,
1994 1613 2051 1664 et
2068 1609 2517 1684 brephotrophio
2543 1615 2602 1666 et
2617 1613 2904 1680 asceterio,
2921 1617 2977 1667 et
3008 1613 3455 1685 gerontocomio,

1831 1704 1886 1756 et
1909 1702 2062 1756 omni
2087 1701 2340 1757 absolute
2373 1703 2631 1774 collegio,
2663 1704 2818 1774 quod
2842 1704 2988 1758 actio
3014 1705 3110 1776 pia
3137 1705 3448 1774 constituit,

1828 1795 1984 1849 nullo
2011 1794 2234 1874 penitus
2261 1795 2472 1850 horum
2495 1796 2745 1868 accipere
2765 1795 2980 1868 aliquid
3009 1796 3080 1850 ab
3107 1797 3187 1851 eis
3206 1797 3450 1856 valente.

121 1883 261 1938 tione
291 1885 672 1955 prohibemus,
701 1887 1021 1942 subdendos
1054 1887 1256 1958 poenis,
1293 1887 1498 1958 quibus
1531 1887 1731 1942 Leonis
1750 1881 1808 1953 B
1831 1887 1986 1942 Unde
2030 1905 2214 1960 neque
2255 1889 2652 1944 constitutione
2679 1889 2955 1944 Anastasii
2983 1887 3124 1944 divae
3155 1891 3451 1947 memoria:

121 1975 218 2046 piae
237 1979 522 2034 memoria:
546 1997 641 2034 usa
665 1983 749 2033 est
768 1980 1090 2035 constitutio
1121 1997 1134 2034 :
1164 1981 1322 2035 illam
1347 1997 1595 2052 namque
1626 1997 1732 2052 per

121 2070 291 2124 omnia
315 2073 498 2127 valere
529 2079 584 2127 et
615 2079 794 2128 ratam
819 2091 939 2128 esse
967 2074 1272 2129 sancimus.
1314 2076 1594 2129 Prmterea
1623 2091 1727 2128 au-

118 2163 222 2216 tem
260 2165 655 2236 proposuimus
697 2169 753 2221 et
791 2167 1149 2238 protulimus,
1193 2173 1249 2222 et
1292 2167 1728 2238 conscripsimus

117 2253 246 2320 hanc
267 2257 451 2328 legem
477 2276 596 2313 non
625 2265 866 2330 paterna
893 2277 1050 2329 voce,
1087 2260 1183 2314 sed
1215 2261 1320 2315 hac
1351 2261 1641 2315 communi
1671 2264 1728 2314 et

117 2346 306 2419 Graeca,
334 2354 397 2405 ut
419 2353 687 2407 omnibus
705 2352 778 2408 sit
805 2357 938 2408 nota
958 2356 1190 2424 propter
1208 2353 1429 2408 facilem
1450 2355 1730 2425 interpre-

114 2440 384 2497 tationem.

179 2533 328 2597 Quod
354 2536 680 2609 itaquejam
708 2538 1001 2609 praeteriit,
1019 2538 1418 2610 relinquimus.
1451 2541 1594 2594 Nam
1619 2539 1723 2594 do-

113 2634 352 2682 cumenta
391 2634 514 2686 tam
558 2629 728 2702 longo
775 2631 845 2685 ab
891 2631 1023 2686 hinc
1053 2635 1309 2703 tempore
1351 2633 1496 2687 facta
1539 2633 1725 2688 denuo

60 2773 62 2796 :
112 2734 474 2793 commovere,
496 2725 694 2778 multae
715 2725 823 2779 erit
835 2725 1330 2796 tergiversationis.
1349 2727 1723 2797 Quapropter,

114 2827 230 2882 quae
251 2831 420 2888 usque
448 2817 562 2872 huc
589 2817 860 2872 hactenus
887 2823 1128 2888 exstant,
1157 2819 1449 2891 preprium
1479 2819 1728 2874 habeant

60 2947 62 2984 ς
111 2904 370 2977 vigorem,
403 2910 471 2965 de
499 2914 706 2965 caetero
732 2916 923 2966 autem
952 2928 1180 2966 omnem
1207 2912 1614 2966 alienationem
1633 2911 1723 2966 in-

110 2999 439 3073 terdicimus,
467 3003 772 3075 praedictas
803 3004 882 3058 eis
908 3021 1100 3076 poenas
1130 3005 1511 3076 imponentes.

176 3093 237 3148 Ut
261 3101 450 3152 autem
476 3097 571 3152 lex
600 3097 670 3152 ad
698 3097 965 3152 humanae
995 3103 1214 3153 naturae
1243 3098 1572 3154 varietatem
1602 3114 1726 3169 per-

109 3193 339 3256 maneat,
380 3195 436 3245 et
465 3191 541 3245 ad
567 3190 625 3244 id
661 3191 810 3262 quod
854 3207 1076 3262 semper
1103 3191 1259 3245 venit
1284 3191 1719 3262 accommodata,

107 3293 202 3347 per
227 3281 417 3337 omnia
455 3284 694 3338 immota
734 3289 1077 3355 permaneat
1101 3284 1256 3356 (quid
1285 3283 1437 3338 enim
1467 3300 1586 3338 esse
1617 3301 1720 3356 po-

105 3373 204 3425 test
242 3375 438 3432 stabile
481 3377 638 3432 inter
678 3377 938 3432 homines
969 3382 1026 3432 et
1064 3377 1376 3446 immobile,
1417 3383 1478 3433 ut
1504 3377 1722 3433 nullam

103 3466 336 3534 patiatur
361 3471 759 3540 mutationem,
785 3488 914 3526 cum
955 3471 1137 3526 omnis
1175 3475 1370 3526 noster
1409 3477 1586 3527 status
1619 3471 1722 3526 sub

103 3567 366 3630 perpetuo
393 3570 557 3620 motu
585 3565 936 3636 consistat?)
967 3564 1352 3621 necessarium
1377 3565 1720 3620 existimavi-

104 3665 241 3723 mus,
263 3659 536 3726 quasdam
551 3659 914 3730 exceptiones
939 3659 1078 3713 dare
1104 3658 1240 3730 legi,
1269 3675 1400 3713 cum
1426 3659 1620 3714 multis
1646 3659 1723 3712 vi-

103 3743 244 3814 giliis
271 3753 326 3804 et
351 3751 666 3807 subtilitate
695 3751 1046 3822 adinventas,
1075 3756 1142 3806 ut
1165 3767 1258 3807 eas
1286 3751 1500 3808 habens
1529 3752 1588 3806 in
1617 3769 1716 3806 au-

60 3895 62 3904 ,
101 3837 228 3894 xilio
251 3841 361 3913 lex,
391 3862 762 3917 nequaquam
781 3852 1093 3902 moveatur.

166 3933 409 3994 Sinimus
435 3956 574 4010 ergo
609 3939 871 4012 imperio,
902 3940 948 3995 si
979 3957 1090 4012 qua
1115 3941 1432 3996 communis
1471 3957 1722 3996 commo-

59 4083 63 4102 ῐ
102 4025 234 4082 ditas
253 4036 352 4101 est,
369 4037 429 4088 et
441 4049 614 4088 causa
630 4034 700 4088 ad
717 4034 1018 4090 utilitatem
1042 4034 1366 4106 reipublicae
1386 4033 1717 4106 respiciens,

59 4107 64 4204 ξ
101 4125 151 4174 et
185 4123 356 4180 talem
401 4127 639 4199 exigens
682 4129 1093 4198 possessionem
1127 4127 1366 4199 alicujus
1416 4128 1720 4184 immobilis

60 4291 61 4298 γ
97 4213 192 4283 rei,
221 4219 450 4286 qualem
479 4221 905 4291 proposuimus,
928 4221 1075 4276 hanc
1106 4220 1158 4276 ei
1185 4237 1220 4274 a
1247 4220 1614 4276 sanctissimis
1635 4237 1720 4276 ec-

60 4301 62 4310 ’
97 4305 286 4379 clesiis,
317 4317 373 4367 et
387 4313 628 4385 reliquis
647 4314 1058 4370 venerabilibus
1079 4314 1346 4370 domibus
1367 4320 1424 4370 et
1444 4315 1715 4386 collegiis,

59 4463 62 4486 1
91 4401 374 4473 percipere
399 4405 590 4478 licere,
617 4406 868 4480 undique
897 4407 1066 4462 sacris
1087 4407 1350 4463 domibus
1375 4407 1718 4462 indemnita-
1757 4451 1768 4465 .

60 4493 64 4572 '_
89 4494 140 4546 te
165 4503 401 4569 servata,
435 4501 920 4572 recompensanda
943 4517 1006 4556 re
1027 4501 1108 4556 eis
1132 4501 1201 4556 ab
1223 4517 1291 4556 eo
1313 4501 1413 4574 qui
1439 4499 1712 4574 percepit,

1831 1979 2063 2036 ulterius
2091 1998 2232 2052 opus
2265 1982 2390 2051 erit,
2421 1999 2606 2053 neque
2658 1983 2966 2038 secundum
3001 1983 3156 2038 illam
3193 1984 3454 2040 facienda

1829 2073 2051 2128 decreta
2074 2079 2404 2130 memoratas
2429 2074 2853 2130 observationis.
2877 2077 3002 2146 Ipsa
3019 2075 3174 2130 enim
3199 2077 3283 2131 rei
3302 2077 3455 2148 prin-

1829 2165 1974 2238 cipia
1989 2167 2352 2239 perimentes,
2377 2172 2432 2223 et
2444 2168 2808 2240 prohibentes
2825 2169 2976 2240 quod
2989 2169 3071 2236 ﬁt,
3095 2185 3454 2242 nequaquam

1827 2261 2272 2330 perscrutatione
2299 2261 2564 2332 deinceps
2593 2260 2997 2333 indigebimus.
3225 2265 3230 2278 ‘

1897 2353 2308 2424 Emphyteusin
2345 2359 2560 2421 autem,
2593 2353 2706 2408 sive
2745 2354 2805 2408 in
2848 2353 3197 2408 sanctissima
3238 2356 3452 2426 majore

1827 2445 2072 2515 ecclesia,
2100 2445 2214 2502 sive
2234 2447 2294 2501 in
2309 2447 2574 2502 omnibus
2588 2447 2820 2518 reliquis
2839 2447 3142 2502 adorandis
3164 2448 3448 2518 domibus,

1825 2537 1947 2592 ﬁeri
1973 2538 2231 2608 sinimus,
2259 2543 2315 2594 et
2341 2539 2400 2594 in
2423 2556 2665 2610 persona
2689 2539 3034 2610 accipientis,
3055 2545 3110 2594 et
3137 2541 3198 2594 in
3227 2540 3450 2595 duobus

1825 2630 2078 2702 ejusdem
2118 2649 2376 2704 personae
2416 2631 2744 2687 haeredibus
2771 2631 3054 2702 deinceps,
3081 2633 3212 2686 ﬁliis
3237 2633 3446 2688 dunta-

1824 2729 1920 2778 xat
1947 2725 2078 2779 solis
2106 2725 2373 2780 masculis
2396 2729 2496 2779 aut
2515 2723 2760 2792 feminis,
2788 2729 2886 2779 aut
2907 2724 3206 2796 nepotibus
3234 2725 3447 2780 utrius-

1825 2833 1934 2888 que
1984 2833 2170 2885 sexus,
2209 2823 2308 2874 aut
2330 2834 2527 2888 uxore,
2567 2821 2664 2872 aut
2692 2817 2829 2888 viro,
2863 2817 2910 2871 si
2947 2817 3054 2872 hoc
3091 2818 3346 2874 videlicet
3376 2820 3446 2875 de

1826 2926 2002 2965 uxore
2027 2913 2126 2964 aut
2151 2910 2291 2982 viro,
2319 2910 2629 2982 expressim
2665 2909 3026 2979 nominetur;
3054 2910 3306 2982 alioquin
3332 2928 3450 2967 non

1823 3003 2062 3058 transire
2090 3003 2164 3058 ad
2187 3004 2434 3076 aliquem
2457 3003 2700 3058 alterum
2728 3003 3036 3071 haeredem,
3061 3003 3160 3060 sed
3186 3021 3361 3076 usque
3381 3005 3450 3060 ad

1824 3097 2002 3150 solam
2027 3097 2201 3151 vitam
2231 3096 2663 3169 percipientium
2708 3097 2995 3165 standum,
3024 3097 3133 3151 nisi
3175 3097 3317 3152 ﬁlios
3353 3105 3454 3154 aut

1823 3192 2055 3260 nepotes
2079 3173 2404 3244 habuerint.
2433 3189 2610 3244 Aliter
2633 3193 2827 3244 autem
2851 3189 3077 3260 penitus
3103 3191 3447 3262 emphyteu-

1822 3281 1909 3336 sin
1933 3281 2027 3354 agi
2046 3282 2433 3338 ecclesiastica:
2463 3283 2777 3352 cujusdam,
2809 3285 2908 3336 aut
2927 3281 3202 3353 ptochicaa
3222 3284 3305 3337 rei
3333 3283 3444 3338 im-

1821 3374 2062 3442 mobilis,
2101 3379 2198 3429 aut
2239 3375 2511 3446 mancipii
2560 3373 2776 3444 rustici,
2821 3379 2920 3429 aut
2961 3373 3136 3429 civilis
3185 3391 3444 3446 annonas,

1821 3469 1976 3524 nullo
1989 3469 2158 3523 modo
2186 3467 2585 3540 permittimus,
2613 3483 2797 3538 neque
2823 3467 2974 3539 quod
2992 3467 3076 3536 ﬁt,
3096 3468 3323 3540 aliquod
3347 3487 3445 3543 pe-

1819 3562 1974 3618 nitus
2002 3562 2176 3616 robur
2204 3561 2413 3616 habere
2440 3560 2699 3615 sinimus.

1889 3655 2033 3720 Quia
2060 3671 2192 3710 vero
2219 3653 2418 3710 Leonis
2437 3653 2668 3726 quidem
2693 3652 2800 3724 piae
2829 3653 3140 3722 memoriae,
3169 3654 3440 3712 constitu-

1819 3750 1899 3806 tio
1922 3750 2026 3804 sub
2050 3749 2205 3804 nulla
2227 3747 2456 3822 penitus
2474 3746 2861 3802 deminutione
2876 3747 2998 3802 dari
3025 3763 3146 3802 rem
3161 3749 3444 3804 ecclesias-

1818 3844 1991 3900 ticam
2019 3843 2271 3913 sancivit,
2302 3857 2408 3896 nos
2433 3845 2624 3896 autem
2649 3839 2707 3894 in
2721 3839 2830 3894 alia
2858 3840 3257 3898 constitutione
3283 3859 3318 3897 a
3345 3859 3444 3898 no-

1819 3937 1904 3992 bis
1931 3936 2160 4008 scripta,
2195 3941 2411 3990 sextam
2451 3934 2635 3988 solum
2662 3933 2842 4005 excipi
2886 3950 3056 4006 super
3077 3935 3439 4007 emphyteusi

1821 4030 2178 4100 sancivimus,
2217 4027 2545 4100 hujusmodi
2589 4027 2893 4099 quemdam
2924 4027 3331 4083 deminutionis
3354 4029 3441 4084 rei

1819 4125 2078 4180 ordinem
2113 4124 2332 4194 damus,
2365 4125 2431 4176 ut
2458 4125 2750 4192 quaeratur
2791 4137 2922 4176 cum
2945 4121 3100 4176 omni
3131 4121 3361 4178 veritate
3386 4130 3442 4180 et

1817 4217 2126 4274 subtilitate
2166 4215 2366 4288 pensio
2405 4231 2603 4270 eorum
2652 4230 2781 4286 quae
2823 4214 3048 4286 dantur,
3077 4231 3150 4270 an
3173 4219 3332 4270 tanta
3372 4216 3444 4272 sit

1816 4315 2030 4384 quanta
2053 4310 2123 4366 ab
2148 4309 2308 4365 initio
2335 4309 2524 4378 fuerit,
2551 4306 2782 4380 quando
2820 4307 2890 4362 ad
2915 4307 3327 4364 sanctissimam
3350 4327 3439 4366 ve-

1814 4405 1900 4460 nit
1922 4403 2232 4471 ecclesiam,
2267 4408 2324 4458 et
2341 4403 2506 4458 detur
2523 4399 2910 4473 emphyteusis
2933 4400 3140 4456 talibus
3156 4403 3434 4474 personis,

1813 4500 2006 4573 quales
2031 4498 2248 4554 dudum
2275 4495 2538 4550 diximus.
2565 4495 2720 4548 Tunc
2766 4493 2922 4547 enim
2961 4498 3179 4548 sextam
3216 4501 3436 4565 partem

89 4599 244 4658 tequa
269 4596 371 4646 aut
398 4593 575 4648 etiam
611 4595 844 4666 majore,
879 4611 1049 4666 quam
1078 4595 1206 4650 data
1231 4600 1334 4651 est.
1372 4593 1520 4660 Quid
1559 4593 1710 4649 enim
1730 4615 1790 4688 D
1811 4605 1942 4644 cum
1970 4585 2398 4659 scrupulositate
2426 4581 2822 4688 impiitandam
2849 4580 3232 4688 concedimus.
3262 4583 3319 4638 Si
3344 4599 3436 4638 ve-

60 4671 344 4739 'causetur
368 4685 702 4758 imperator,
731 4704 803 4743 ne
831 4688 1066 4744 meliora
1095 4689 1210 4757 det,
1239 4687 1326 4744 cui
1349 4688 1596 4761 plurima
1623 4688 1713 4743 de-

60 4771 164 4854 ;dit
187 4775 399 4835 habere
425 4783 594 4852 Deus,
627 4784 685 4836 et
711 4783 1026 4838 multorum
1051 4782 1350 4838 dominum
1382 4799 1526 4850 esse,
1559 4787 1616 4838 et
1646 4785 1712 4836 ut

59 4859 238 4970 "facile
277 4871 412 4930 dare
443 4879 650 4946 potest,
679 4879 736 4931 et
761 4875 1008 4932 maxime
1036 4875 1096 4930 in
1131 4875 1496 4932 sanctissimis
1541 4875 1712 4930 eccle-

59 4961 194 5055 :siis,
218 4962 276 5019 in
297 4967 510 5042 quibus
537 4969 720 5024 omnis
744 4969 1082 5026 donatarum
1102 4971 1182 5026 eis
1201 4986 1397 5026 rerum
1421 4969 1708 5025 immensi-

60 5057 162 5142 :tas
198 5059 417 5130 optima
446 5078 712 5118 mensura
739 5069 822 5118 est
857 5065 885 5118 ?
919 5064 1078 5120 Unde
1107 5061 1153 5118 si
1185 5062 1318 5135 quid
1368 5063 1479 5118 tale
1504 5062 1621 5131 ﬁat,
1653 5067 1710 5118 et

59 5149 432 5222 ‘pragmatica
478 5158 813 5227 processerit
854 5158 1055 5228 forma,
1095 5157 1426 5230 praecipiens
1465 5155 1706 5228 imperio

59 5230 209 5298 tdare
231 5247 458 5319 aliquid
485 5251 682 5305 talium
714 5267 927 5322 rerum,
957 5256 1014 5306 et
1038 5251 1549 5324 recompensaverit
1573 5267 1704 5306 mox

59 5333 196 5416 irem
213 5341 534 5414 meliorem,
557 5347 614 5400 et
635 5344 980 5416 uberiorem,
1003 5349 1060 5401 et
1080 5345 1384 5412 utiliorem,
1408 5344 1480 5400 sit
1501 5361 1563 5400 ea
1583 5361 1708 5416 per-

59 5414 314 5510 lmutatio
337 5433 532 5506 ﬁrma,
553 5443 608 5492 et
633 5437 694 5492 hi
711 5438 811 5510 qui
832 5414 1138 5510 praesident
1158 5437 1440 5504 domibus,
1464 5414 1706 5509 quarum

60 5506 156 5577 iest
177 5527 332 5596 quod
370 5528 671 5600 alienatur,
695 5506 752 5585 et
786 5506 886 5603 qui
911 5531 1112 5587 talibus
1135 5506 1534 5586 administrant
1561 5531 1707 5586 litte-

59 5603 167 5686 51'is,
190 5619 312 5676 sine
332 5624 568 5693 querela
589 5623 833 5696 undique
850 5624 982 5693 sint,
1005 5625 1220 5680 nullam
1255 5627 1574 5682 metuentes
1593 5639 1707 5694 pm-

59 5705 296 5787 Enarum,
327 5737 464 5792 quin
491 5737 525 5776 a
551 5722 736 5778 Leone
767 5723 876 5795 piae
908 5723 1196 5778 memorias
1231 5721 1700 5788 interminantur,

59 5801 176 5866 feta
195 5813 367 5868 nobis
392 5814 634 5870 ﬁrmata:
649 5821 798 5872 sunt.
822 5817 1022 5889 Utique
1058 5833 1190 5872 cum
1211 5834 1315 5872 nec
1336 5815 1581 5871 multum
1603 5814 1707 5870 dif-

59 5893 258 6028 :ferant
269 5907 344 5963 ab
360 5907 640 5963 alterutro
655 5911 1027 5966 sacerdotium
1044 5917 1100 5967 et
1117 5911 1441 5984 imperium,
1463 5913 1520 5965 et
1531 5924 1706 5964 sacra:

1811 4699 1876 4739 ro
1903 4681 2083 4737 minui
2113 4677 2416 4749 contigerit
2436 4691 2541 4747 per
2567 4673 2872 4746 quamdam
2901 4673 3274 4729 calamitatem
3298 4692 3434 4748 pen-

1811 4777 2048 4846 sionem,
2076 4772 2246 4828 autin
2267 4775 2450 4826 totum
2469 4773 2604 4824 tunc
2625 4769 2980 4822 constantem
2995 4767 3326 4838 pensionem
3345 4785 3432 4825 ac-

1809 4872 1998 4945 cipiat,
2011 4868 2112 4941 qui
2130 4862 2524 4936 emphyteusin
2541 4860 2730 4916 subire
2753 4859 2892 4929 vult,
2908 4864 3007 4914 aut
3024 4861 3252 4932 penitus
3264 4861 3434 4919 absti-

1809 4969 1960 5035 neat,
1981 4978 2113 5018 cum
2127 4960 2290 5015 liceat
2304 4959 2522 5014 elocare
2537 4954 2721 5028 potius
2741 4970 2914 5026 quam
2929 4953 3070 5008 tales
3086 4953 3430 5012 deminutio-

1810 5076 1910 5115 nes
1929 5059 1989 5113 in
2015 5051 2372 5126 emphyteusi
2391 5049 2692 5105 celebrare.
2717 5046 2772 5102 Si
2793 5063 2925 5101 vero
2944 5046 3180 5118 alicujus
3197 5049 3428 5106 ecclesi-

1806 5151 1961 5208 astici
1975 5147 2280 5206 suburbani
2290 5143 2492 5216 praedii
2507 5139 2889 5212 emphyteusis
2901 5139 3084 5207 detur,
3103 5141 3294 5213 qualia
3308 5143 3432 5215 plu-

1807 5247 1974 5315 rima,
2002 5241 2247 5298 maxime
2273 5239 2332 5293 in
2358 5238 2463 5292 hac
2490 5234 2754 5290 novimus
2775 5232 3094 5288 felicissima
3114 5235 3427 5294 consistere

1807 5340 2055 5401 civitate,
2071 5335 2251 5390 multo
2267 5331 2497 5404 quidem
2513 5328 2685 5400 digna
2705 5325 2907 5398 pretio,
2924 5341 3122 5397 parvas
3145 5343 3280 5384 vero
3301 5330 3428 5386 red-

1805 5434 1998 5490 dentia
2023 5429 2340 5504 pensiones,
2363 5428 2460 5478 aut
2487 5421 2630 5476 nihil
2668 5419 3010 5492 pensionum
3047 5421 3281 5478 omnino
3311 5441 3428 5480 non

1805 5548 1873 5588 ex
1899 5526 2172 5584 reditibus
2195 5517 2387 5576 metiri
2406 5513 2822 5588 emphyteusin,
2859 5512 2957 5568 sed
2982 5515 3264 5571 aestimare
3289 5518 3422 5574 sub-

1802 5624 2089 5681 urbanum
2130 5613 2428 5682 subtiliter,
2475 5615 2532 5664 et
2569 5607 2816 5680 reputari
2858 5622 2925 5662 ex
2957 5608 3144 5679 pretio
3193 5611 3425 5666 redacto

1805 5716 2020 5773 reditus
2063 5707 2357 5784 possibiles
2383 5705 2442 5760 in
2479 5701 2678 5774 viginti
2712 5700 2874 5754 annis
2914 5700 3249 5772 computari,
3284 5705 3341 5756 et
3365 5701 3426 5756 in

1803 5808 2078 5868 reditibus
2089 5800 2403 5860 secundum
2421 5799 2528 5852 hoc
2541 5793 2878 5866 computatis
2893 5793 2986 5864 agi
3001 5792 3421 5864 emphyteusin,

1803 5920 1921 5961 non
1947 5902 2240 5974 perpetuo,
2262 5893 2359 5950 sed
2383 5892 2444 5948 in
2475 5905 2606 5946 eum
2631 5887 2730 5960 qui
2753 5885 3010 5960 percipit,
3035 5887 3090 5939 et
3109 5885 3246 5940 duas
3267 5899 3338 5940 ex
3355 5900 3426 5942 eo
