4022 6480
511 445 612 502 943
1280 489 1305 510 ο

1629 436 1878 492 SECULI
1917 433 2106 489 SEXTI
2144 426 2694 488 SUPPLEMENTUM.

3855 415 3953 468 944

510 550 902 617 successiones,
933 552 991 602 et
1012 543 1131 601 viro
1158 551 1215 601 et
1237 544 1400 600 uxori
1427 544 1589 614 (sicut
1629 543 2008 614 praediximus)
2037 541 2120 594 fa-
2143 553 2203 626 Α
2220 540 2430 596 factum
2459 542 2542 593 est
2564 536 2696 604 tale,
2740 531 2959 588 nullam
2995 526 3418 584 necessitatem
3472 539 3620 579 esse
3653 538 3954 576 reveren-

513 643 786 698 ciendam.

582 734 734 790 Scire
753 737 943 788 autem
964 730 1356 803 emphyteutas
1375 728 1653 795 convenit,
1679 727 1812 798 quia
1828 727 1874 780 si
1894 727 1952 780 in
1972 725 2128 780 bien-

513 827 606 881 nio
631 825 898 880 continuo
926 841 1040 878 non
1070 822 1402 878 exsolverint
1443 821 1929 891 emphyteuticum
1957 834 2123 872 cano-

511 934 645 974 nem
672 917 797 984 (hoc
821 915 971 970 enim
1006 922 1227 985 tempus
1257 929 1359 984 pro
1386 913 1632 966 triennio
1659 912 1899 966 aliorum
1939 909 2123 964 homi-

511 1026 651 1065 num
661 1009 914 1064 sufﬁcere
929 1007 997 1062 ad
1014 1023 1208 1061 casum
1220 1005 1723 1060 ecclesiasticarum
1739 1009 1837 1058 aut
1849 1003 2128 1074 ptochica-

513 1119 642 1156 rum
663 1101 1104 1170 cmphyteuseon
1128 1114 1230 1169 pro
1258 1114 1372 1150 non
1388 1097 1567 1150 soluto
1592 1111 1805 1150 canone
1821 1094 2123 1166 ponimus),

513 1195 651 1248 ﬁent
677 1191 908 1246 omnino
955 1190 1208 1246 extranei
1237 1190 1756 1260 emphyteumatos,
1797 1194 1854 1242 et
1889 1187 2125 1242 volenti-

513 1287 618 1341 bus
661 1284 974 1356 prmpositis
1015 1287 1336 1336 sanctarum
1377 1282 1652 1336 domuum
1693 1281 1885 1334 licebit
1915 1280 2130 1350 praedia

514 1383 612 1433 aut
639 1378 843 1432 domus
886 1376 1184 1444 vindicare,
1217 1375 1430 1428 nullam
1459 1373 1840 1428 metuentibus
1867 1371 2126 1426 meliora-

515 1471 737 1525 tionuin
760 1467 1164 1538 repetitionem.
1213 1467 1320 1522 Sed
1347 1465 1628 1536 siquidem
1665 1464 1910 1520 deterius
1934 1463 2132 1519 fecerit

516 1561 816 1634 praedium,
846 1562 944 1613 aut
957 1559 1362 1626 suburbanum,
1382 1562 1480 1611 aut
1496 1557 1750 1624 domum,
1783 1557 1881 1627 qui
1901 1557 2131 1626 emphy-

518 1654 701 1709 teusin
729 1651 998 1723 percepit,
1037 1649 1158 1722 cogi
1190 1667 1322 1705 eum
1351 1651 1418 1704 de
1445 1666 1546 1704 suo
1571 1649 1920 1720 diligentiam
1945 1665 2008 1702 ac
2036 1665 2128 1703 re-

519 1747 864 1801 stitutionem
890 1743 1056 1814 prisci
1074 1747 1249 1797 status
1270 1743 1473 1811 facere,
1493 1742 1918 1812 obligatumque
1937 1741 2007 1794 ad
2026 1741 2131 1794 hoc

517 1855 636 1894 esse
665 1843 722 1892 et
745 1839 950 1908 ipsum,
981 1839 1038 1891 et
1064 1835 1312 1890 hasredes
1343 1835 1485 1905 ejus,
1515 1839 1572 1889 et
1593 1850 1955 1902 successores,
1979 1834 2128 1904 ejus-

519 1945 628 2004 que
655 1906 1018 2000 res,‘insuper
1042 1931 1098 1982 et
1135 1927 1352 1982 debitos
1380 1943 1578 1982 omnes
1603 1925 1817 1982 reditus
1845 1925 1966 1980 sine
1988 1925 2128 1980 dila-
2149 1906 2206 1978 B

518 2023 670 2078 tione
699 2021 872 2093 exigi.

590 2114 748 2178 Quod
770 2117 960 2168 autem
981 2112 1194 2167 dictum
1219 2115 1302 2165 est
1327 2127 1360 2164 a
1390 2111 1572 2180 nobis,
1597 2114 1660 2165 ut
1686 2111 1893 2165 nullius
1923 2111 2130 2166 immo-

519 2206 647 2262 bilis
671 2205 752 2260 rei
781 2204 1167 2260 ecclesiasticee
1191 2207 1290 2257 aut
1316 2203 1592 2274 ptochicm
1616 2203 1876 2258 alienatio
1907 2203 1978 2257 sit
2001 2219 2130 2273 per-

520 2299 708 2368 missa,
738 2297 809 2351 ad
839 2297 1052 2351 nullam
1079 2300 1284 2350 nostras
1319 2295 1642 2365 reipublicae
1673 2311 1966 2366 personam
1999 2311 2130 2348 san-

519 2391 698 2446 cimus
723 2389 924 2456 valerc,
952 2405 1066 2442 non
1109 2389 1294 2442 solum
1322 2403 1490 2458 super
1528 2387 1918 2442 constantibus
1951 2387 2132 2442 domi-

519 2483 646 2549 bus,
673 2487 730 2536 et
754 2480 1107 2547 suburbanis,
1133 2485 1188 2533 et
1215 2480 1410 2548 hortis,
1443 2483 1500 2533 et
1519 2480 1689 2550 agris,
1713 2479 1810 2534 sed
1839 2481 2007 2534 etiam
2037 2497 2132 2534 su-

518 2590 623 2647 per
651 2573 826 2628 ruinis
860 2574 988 2643 (sive
1017 2589 1086 2626 ex
1112 2571 1266 2642 igne,
1301 2572 1415 2625 sivo
1453 2589 1522 2626 ex
1546 2576 1892 2640 terrmmotu,
1927 2573 2040 2626 sive
2065 2588 2135 2626 ex

519 2666 768 2738 qualibet
793 2682 958 2720 eausa
989 2664 1151 2718 ruina
1181 2665 1264 2733 sit)
1295 2668 1352 2716 et
1383 2663 1442 2717 in
1470 2663 1556 2717 his
1583 2680 1712 2734 quae
1754 2663 1984 2718 omnino
2011 2664 2132 2718 des-

519 2766 702 2816 tructa
721 2763 872 2829 sunt,
892 2766 947 2814 et
975 2759 1032 2813 in
1059 2759 1378 2830 pavimento
1396 2759 1606 2829 jacent,
1631 2760 1742 2813 sive
1771 2759 2010 2814 etiamin
2035 2775 2137 2829 pu-

520 2853 597 2909 ris
623 2853 801 2907 ruinis
826 2853 1050 2906 nullum
1079 2850 1380 2906 aediﬁcium
1423 2851 1782 2920 habentibus,
1809 2867 1998 2922 neque
2023 2868 2137 2906 ma-

519 2947 719 3004 teriam
729 2950 1032 3018 jacentem.
1057 2946 1182 3001 Non'
1202 2948 1358 3002 enim
1377 2947 1435 3000 in
1463 2947 1568 3002 illis
1593 2947 1991 3002 alienationem
2013 2947 2134 3003 ﬁeri

522 3041 918 3112 permittimus,
955 3039 1062 3094 nisi
1091 3040 1150 3093 in
1175 3039 1289 3093 sola
1317 3039 1672 3109 emphyteusi
1702 3040 2014 3110 temporali,
2057 3057 2138 3094 se-

525 3134 774 3188 cundum
801 3133 950 3203 quod
979 3131 1196 3186 dudum
1216 3150 1247 3185 a
1273 3133 1433 3186 nobis
1457 3133 1666 3186 dictum
1683 3137 1786 3199 est,
1804 3138 1858 3186 et
1883 3134 1941 3187 in
1960 3133 2138 3188 tribus

524 3225 778 3298 personis
799 3225 1020 3290 talibus,
1045 3224 1238 3294 quales
1261 3225 1642 3294 praediximus.

595 3319 662 3372 Et
685 3323 751 3372 ut
777 3333 960 3388 neque
988 3318 1100 3371 ulla
1128 3316 1566 3388 circumscriptio
1589 3317 1648 3370 in
1669 3334 1786 3372 rem
1813 3317 2134 3372 ecclesiasti-

526 3424 648 3467 cam
677 3410 736 3464 in
763 3409 969 3464 talibus
994 3408 1109 3476 fiat,
1141 3409 1358 3463 duobus
1397 3426 1498 3480 per
1523 3414 1776 3480 tempora
1807 3411 2139 3480 primatibus

525 3502 886 3570 mechanicis,
915 3505 1014 3556 aut
1039 3503 1376 3570 architectis,
1405 3504 1518 3556 sive
1549 3503 1607 3556 in
1625 3503 1726 3556 hac
1753 3504 1908 3573 regia
1935 3508 1990 3558 et
2013 3517 2136 3558 ma-

525 3595 676 3650 xima
703 3594 918 3648 civitate
958 3611 1070 3648 una
1103 3610 1234 3648 cum
1279 3595 1390 3648 Deo
1439 3594 1774 3648 amabilibus
1816 3595 2136 3665 oeconomia,

526 3698 581 3749 et
621 3692 872 3764 quinque
917 3689 1392 3746 reverendissimis
1438 3691 1796 3762 presbyteris,
1837 3697 1892 3746 et
1923 3690 2140 3748 duobus

527 3782 792 3853 diaconis,
849 3791 1126 3857 praesente
1163 3800 1390 3856 quoque
1430 3783 1541 3838 Deo
1582 3784 1811 3838 amabili
1857 3784 2139 3857 episcopo,

528 3875 640 3934 sive
661 3879 831 3933 etiam
862 3878 922 3932 in
952 3877 1240 3948 provincia
1266 3875 1481 3930 duobus
1505 3876 1822 3948 insignibus
1851 3878 2141 3933 mechani-

529 3971 608 4026 cis
631 3974 728 4024 aut
750 3969 1086 4034 architectis,
1111 3974 1209 4023 aut
1234 3969 1402 4022 etiam
1429 3985 1544 4023 uno
1577 3969 1640 4038 (si
1666 3986 1844 4024 unum
1871 3971 2051 4026 solum
2072 3971 2145 4026 ci-

529 4063 673 4117 vitas
691 4062 916 4133 habeat)
937 4060 1436 4116 intervenientibus
1455 4061 1512 4115 in
1537 4062 1646 4116 illis
1674 4063 1827 4128 locis,
1852 4080 2142 4119 sacrosan-

533 4155 637 4210 ctis
656 4153 970 4224 Evangeliis
999 4152 1316 4224 propositis,
1364 4153 1662 4208 deﬁniatur
1705 4153 1775 4208 ab
1804 4155 2142 4227 architectis,

531 4252 806 4319 quantum
849 4250 1127 4316 competat
1151 4262 1252 4316 pro
1273 4245 1377 4299 hoc
1408 4245 1544 4300 solvi
1571 4247 1936 4302 sanctissimas
1963 4249 2143 4304 eccle-

533 4335 629 4396 sias
657 4339 966 4394 secundum
990 4337 1221 4392 modum
1241 4338 1686 4409 emphyteuseos,
1709 4345 1764 4394 et
1792 4341 1894 4395 sub
1924 4341 2011 4396 his
2031 4358 2146 4396 em-

534 4430 859 4506 phyteutica
877 4427 1208 4501 conscriptio
1237 4431 1298 4484 in
1328 4447 1394 4486 eo
1421 4431 1730 4488 celebretur
1753 4434 2062 4489 secundum
2086 4435 2147 4489 ﬂ-

538 4537 737 4598 guram
763 4525 918 4596 prius
945 4525 1147 4578 dictam
1177 4541 1190 4578 :
1221 4524 1319 4578 ille
1340 4539 1472 4580 vero
1503 4530 1560 4580 et
1588 4526 1844 4594 aediﬁcet,
1873 4532 1930 4582 et
1959 4533 2149 4582 utatur

2157 3261 2213 3336 C

2222 631 2464 688 dissimis
2489 626 2814 695 oeconomis,
2847 623 3072 679 duobus
3121 619 3482 676 hasredibus
3529 613 3954 681 cessantibus,

2223 725 2436 780 caeteris
2466 723 2707 778 tradere.

2295 818 2348 872 Si
2380 817 2506 888 quis
2529 821 2722 869 autem
2745 809 2986 866 voluerit
3019 807 3282 879 accipere
3328 805 3713 861 secundum
3773 801 3954 857 ratio«

2225 927 2355 966 nem
2383 926 2536 978 usus,
2579 911 2682 961 aut
2706 905 2804 976 qui
2841 907 3084 958 vocatur
3111 900 3530 968 ususfructus,
3567 909 3721 952 rem
3779 895 3958 950 eccle-

2226 1002 2502 1058 siasticam
2533 1003 2632 1054 aut
2658 996 3029 1052 sanctissimas
3069 993 3316 1064 majoris
3359 991 3687 1058 ecclesiae,
3727 993 3845 1043 aut
3875 989 3954 1042 al-

2225 1095 2398 1150 terius
2441 1091 2762 1163 cujuslibet,
2791 1106 2922 1162 quas
2949 1089 3013 1142 in
3041 1086 3202 1142 omni
3245 1089 3462 1140 nostra
3520 1083 3788 1139 ditione
3825 1087 3960 1136 sunt

2228 1187 2440 1258 positae,
2473 1188 2572 1239 aut
2615 1183 2994 1255 ptochiorum,
3043 1180 3286 1234 omnino
3337 1177 3676 1249 percipiat
3710 1177 3862 1242 hoc,
3911 1183 3961 1230 et

2227 1279 2539 1334 secundum
2583 1276 2912 1348 praedictam
2953 1273 3458 1337 observationem,
3498 1274 3571 1324 et
3606 1269 3958 1324 secundum

2227 1373 2467 1427 formam
2501 1368 2916 1424 constitutionis
2941 1366 3144 1422 Leonis
3183 1365 3300 1436 pia:
3337 1363 3723 1432 memoriae,
3757 1368 3834 1418 ut
3859 1363 3960 1416 iste

2227 1465 2474 1534 locuples
2515 1463 2778 1528 existens,
2805 1465 2860 1514 et
2885 1458 3223 1514 substantiae
3254 1457 3617 1512 immobilis
3666 1455 3962 1510 dominus

2227 1557 2395 1612 aliam
2418 1572 2550 1610 mox
2577 1571 2700 1609 rem
2744 1552 3061 1607 secundum
3092 1550 3485 1622 proprietatis
3513 1551 3634 1620 jus
3673 1566 3964 1621 compen-

2228 1655 2311 1704 set
2355 1647 2718 1703 sanctissimas
2763 1645 3035 1714 ecclesim,
3076 1649 3177 1699 aut
3202 1643 3556 1698 venerabili
3593 1643 3857 1710 domui,
3895 1658 3960 1696 ex

2227 1757 2340 1812 qua
2366 1741 2471 1795 hoc
2496 1740 2766 1812 percepit,
2793 1741 2980 1792 tantos
3009 1741 3068 1792 et
3097 1737 3243 1792 tales
3273 1735 3638 1792 inferentes
3702 1737 3956 1794 reditus.

2229 1839 2466 1906 quantos
2492 1837 2591 1887 aut
2617 1833 2810 1903 quales
2832 1831 3007 1886 habet
3029 1829 3113 1899 id,
3145 1830 3306 1901 quod
3335 1829 3559 1899 datur,
3597 1834 3683 1884 ut
3729 1831 3820 1884 ita
3841 1837 3963 1900 post

2230 1927 2351 1998 ejus
2377 1926 2594 1981 obitum
2620 1924 2992 1980 ecclesiastica
3017 1927 3116 1978 aut
3141 1921 3422 1994 ptochica
3459 1939 3571 1978 res
3605 1928 3962 1978 revertatur

2230 2020 2299 2075 ad
2330 2018 2706 2074 venerabilem
2731 2017 2968 2072 domum
2989 2032 3124 2070 cum
3153 2032 3284 2082 usu,
3319 2015 3429 2086 qui
3459 2015 3664 2071 datus
3690 2021 3819 2086 est,
3849 2034 3959 2071 non

2231 2112 2656 2166 transcendente
2684 2115 2910 2182 tempus
2942 2109 3074 2164 vitae
3100 2108 3524 2180 percipientis,
3567 2111 3856 2182 accipiat
3873 2127 3962 2163 au-

2230 2209 2347 2260 tem
2372 2205 2630 2259 similiter
2657 2208 2714 2258 et
2738 2203 2821 2258 rei
2847 2203 2907 2257 in
2939 2201 3498 2274 compensationem
3535 2204 3721 2258 datae
3757 2221 3957 2268 usum,

2232 2301 2512 2370 quatenus
2551 2301 2676 2368 post
2721 2295 3088 2366 percipientis
3129 2295 3365 2349 obitum
3408 2299 3526 2350 aut
3561 2301 3858 2369 tempus,
3907 2299 3957 2350 in

2233 2407 2344 2462 quo
2373 2389 2598 2444 donatio
2623 2405 2760 2444 usus
2787 2387 3070 2456 convenit,
3104 2403 3224 2442 non
3251 2389 3736 2445 transcendens
3764 2391 3960 2444 videli-

2233 2487 2321 2538 cet
2361 2482 2722 2554 percipientis
2765 2481 2960 2550 vitam,
3003 2485 3326 2552 utrumque
3359 2497 3438 2536 ex
3475 2486 3626 2538 toto
3659 2489 3732 2538 et
3765 2501 3960 2538 secun-

2235 2576 2371 2630 dum
2395 2573 2806 2647 proprietatem
2837 2579 2894 2628 et
2921 2574 3243 2628 secundum
3285 2590 3477 2628 usum
3509 2577 3697 2648 apud
3723 2579 3960 2632 sanctis-

2235 2669 2435 2723 simam
2465 2667 2752 2721 ecclesiam
2784 2682 3190 2722 remansurum
3220 2665 3315 2721 sit.

2303 2760 2444 2825 Quia
2469 2776 2600 2814 vero
2630 2759 2832 2814 Leonis
2858 2760 2968 2831 pias
2996 2759 3299 2814 memorite
3331 2761 3726 2818 constitutio
3761 2780 3959 2836 pennas

2233 2869 2378 2925 pene
2405 2853 2756 2907 solummodo
2786 2852 2847 2907 in
2876 2852 3234 2907 venditiones
3265 2852 3572 2925 decrevit,
3602 2873 3728 2912 nos
3764 2863 3961 2912 autem

2237 2945 2632 3000 interdiximus
2675 2962 2792 3000 non
2817 2945 3174 3000 venditiones
3203 2945 3430 3014 solum,
3469 2949 3589 3003 sed
3645 2951 3846 3006 etiam
3875 2952 3965 3004 do-

2235 3037 2510 3107 nationes,
2543 3042 2600 3092 et
2627 3039 3099 3109 permutationes,
3133 3043 3194 3093 et
3217 3045 3564 3110 perpetuas
3595 3045 3964 3116 emphyteu-

2237 3146 2343 3199 ses,
2373 3135 2430 3185 et
2459 3129 2765 3201 pignorum
2795 3131 3054 3186 dationes
3081 3131 3142 3186 in
3162 3131 3342 3186 rebus
3379 3132 3864 3204 immobilibus,
3894 3137 3965 3190 vi-

2237 3226 2434 3280 demus
2461 3225 2651 3280 autem
2675 3225 2951 3295 quosdam
2978 3223 3060 3278 sic
3086 3229 3392 3279 amatores
3426 3230 3718 3298 periculi
3761 3231 3968 3286 consti-

2236 3325 2404 3389 tutos,
2436 3325 2501 3374 ut
2524 3322 2876 3390 praesumant
2901 3317 2975 3370 ad
3003 3333 3070 3380 ea
3093 3333 3226 3388 quas
3251 3317 3603 3376 interdicta
3627 3327 3787 3378 sunt
3817 3340 3967 3380 acce-

2237 3412 2390 3481 dere,
2419 3417 2476 3467 et
2498 3409 3050 3466 circumventionem
3079 3409 3271 3464 facere
3299 3411 3560 3484 legibus
3587 3433 3668 3471 ex
3697 3419 3966 3473 volunta-

2238 3509 2292 3560 te
2323 3509 2380 3558 et
2401 3504 2844 3575 praesumptione
2875 3519 3048 3572 quam
3093 3503 3341 3573 habent,
3381 3509 3448 3560 et
3483 3524 3642 3579 quas
3687 3513 3965 3566 omnibus

2239 3597 2422 3651 modis
2450 3595 2750 3652 interdicta
2779 3601 2931 3664 sunt,
2963 3600 3021 3650 et
3049 3610 3181 3667 quae
3208 3596 3473 3652 forsitan
3511 3601 3850 3660 deducunt
3879 3607 3966 3658 ho.

2239 3689 2420 3744 mines
2445 3690 2516 3744 ad
2554 3694 2819 3755 mortem,
2849 3689 2948 3760 qui
2975 3688 3036 3744 id
3064 3693 3272 3758 agunt,
3303 3697 3672 3764 pr0pterea
3705 3714 3965 3754 necesse.

2239 3782 2389 3836 rium
2415 3782 2862 3837 existimavimus
2887 3782 2947 3835 in
2986 3797 3348 3853 unoquoque
3403 3791 3754 3845 contractu
3796 3793 3965 3846 etiam

2241 3879 2452 3930 certam
2468 3879 2714 3930 statuere
2728 3889 2977 3946 poenam.
2991 3872 3087 3928 His
3098 3871 3318 3930 scilicet
3330 3878 3570 3947 poenis,
3590 3895 3746 3952 qum
3765 3886 3965 3956 positae

2242 3971 2373 4022 sunt
2416 3965 2680 4022 adversus
2709 3982 3029 4022 teconomos
3056 3970 3129 4020 ex
3169 3968 3627 4028 constitutione
3675 3978 3967 4046 praedicta

2242 4059 2354 4131 pias
2368 4059 2658 4114 memorias
2679 4059 2903 4127 Leonis,
2925 4059 3198 4114 similiter
3213 4064 3274 4114 et
3287 4076 3454 4116 nunc
3483 4063 3967 4125 imminentibus

2244 4167 2559 4208 ceconomo.
2581 4157 2682 4208 aut
2699 4152 3056 4220 xeuodocho,
3073 4155 3177 4206 aut
3190 4169 3553 4224 nosocomo,
3580 4168 3703 4217 aut
3719 4161 3968 4235 breplio-

2245 4245 2471 4316 tropho,
2515 4249 2614 4300 aut
2658 4245 2866 4314 abbati,
2907 4249 3008 4299 aut
3045 4244 3356 4301 abbatissae
3403 4257 3827 4324 monasterii,
3883 4263 3967 4310 aut

2245 4335 2499 4392 asceterii
2527 4339 2840 4393 secundum
2866 4337 3018 4410 quod
3047 4337 3217 4409 prius
3247 4339 3636 4411 dispositum
3675 4355 3798 4405 est.

2317 4429 2373 4485 Si
2398 4431 2524 4501 quis
2549 4430 2728 4501 igitur
2753 4447 2942 4486 emere
2969 4433 3433 4503 praesumpserit.
3471 4452 3624 4494 rem
3670 4444 3971 4499 ecclesias-

2246 4523 2434 4592 ticam,
2453 4527 2554 4578 aut
2571 4524 2916 4594 ptochicam,
2942 4524 3111 4580 cadat
3129 4525 3378 4596 quidem
3408 4545 3566 4585 mox
3595 4537 3843 4606 pretio,
3867 4538 3970 4592 exi-

535 4618 872 4674 materiebus
921 4617 985 4688 (si
1017 4616 1283 4672 materias
1327 4617 1548 4688 habeat)
1579 4623 1635 4674 et
1663 4620 2012 4674 transmittat
2035 4635 2150 4674 em-
2167 4623 2228 4696 D
2251 4619 2417 4686 gatur
2438 4621 2630 4671 autem
2655 4633 2746 4672 res
2770 4631 2945 4689 quam
2965 4618 3207 4689 accepit,
3227 4635 3368 4674 cum
3389 4625 3576 4680 omni
3605 4631 3812 4686 medii
3845 4639 3971 4686 tem-

535 4709 841 4784 phyteusin
865 4726 1044 4781 usque
1071 4710 1142 4764 ad
1173 4709 1312 4765 duas
1337 4711 1714 4766 successiones
1741 4712 1902 4782 (sicut
1939 4713 2153 4768 dictum

538 4796 639 4877 est)
671 4809 727 4860 et
745 4801 822 4858 sic
842 4805 1152 4857 revertatur
1171 4807 1294 4873 post
1311 4803 1484 4857 trium
1513 4820 1884 4874 personarum
1909 4810 2156 4862 mortem

538 4889 612 4952 ad
659 4895 1066 4950 sanctissimam
1126 4894 1415 4950 ecclesiam
1471 4901 1570 4950 aut
1629 4897 2002 4953 venerabilem
2059 4898 2157 4954 do-

538 5005 720 5059 mum,
749 5005 819 5044 ex
847 5003 960 5060 qua
984 4987 1130 5043 facta
1157 4991 1242 5042 est
1265 4988 1672 5060 emphyteusis,
1703 4994 1758 5044 et
1782 4991 1960 5046 valeat
1984 4991 2154 5046 etiam

540 5080 665 5136 talis
713 5085 1054 5148 contractus,
1103 5081 1302 5152 utpote
1357 5080 1620 5152 praesenti
1662 5097 1777 5135 non
1829 5099 2156 5154 repugnans

541 5173 673 5246 legi.

612 5268 800 5339 Neque
827 5263 964 5321 illud
993 5267 1143 5338 quod
1172 5266 1440 5322 hactenus
1461 5272 1655 5322 contra
1683 5269 1818 5323 tales
1841 5274 2156 5326 contractus

543 5359 834 5430 agebatur,
864 5358 1044 5414 valere
1064 5359 1505 5431 permittendum
1528 5367 1610 5416 est
1633 5361 1703 5415 de
1735 5361 2068 5432 adjectione,
2096 5369 2158 5418 ut

545 5449 593 5505 si
620 5449 866 5505 duorum
911 5450 1199 5506 hmredum
1239 5453 1593 5525 compleatur
1645 5458 1887 5526 tempus,
1933 5456 2158 5510 licentia

545 5535 615 5599 sit
639 5541 736 5612 eis,
765 5538 861 5614 qui
881 5549 1004 5614 post
1040 5543 1201 5600 illum
1227 5551 1376 5614 sunt,
1400 5545 1460 5600 in
1490 5546 1886 5619 emphyteusin
1912 5549 2046 5604 dare
2073 5547 2154 5618 id,

543 5631 614 5694 de
635 5653 746 5708 quo
771 5636 976 5708 agitur,
999 5642 1054 5692 et
1077 5654 1300 5708 semper
1323 5655 1416 5693 eos
1435 5639 1687 5711 praeponi
1709 5639 1853 5695 aliis.
1871 5639 1982 5698 Hoc
2002 5641 2156 5696 enim

541 5730 684 5788 nihil
709 5730 862 5786 aliud
891 5735 973 5784 est
1002 5745 1172 5798 quam
1215 5747 1318 5800 per
1353 5732 1761 5788 revolutionem
1791 5737 1849 5788 et
1872 5734 2157 5788 machina-

542 5825 722 5880 tiones
746 5825 1044 5894 perpetuas
1069 5819 1148 5874 eis
1171 5821 1585 5895 emphyteuses,
1618 5825 1801 5898 magis
1825 5830 2015 5882 autem
2043 5825 2159 5900 pri-

545 5916 794 5975 vationes
819 5911 1315 5969 ecclesiasticarum
1347 5913 1442 5987 agi
1487 5933 1700 5974 rerum.
1730 5919 1841 5976 Sed
1866 5924 1922 5975 et
1945 5921 1994 5975 si
2017 5920 2156 5995 quid

2253 4709 2406 4780 poris
2433 4708 2804 4780 incremento,
2837 4715 2894 4766 et
2923 4716 3124 4766 contra
3153 4712 3618 4774 sanctissimam
3667 4726 3970 4780 ecclesiam

2253 4801 2508 4872 quidem,
2537 4807 2635 4858 aut
2677 4803 3066 4858 venerabilem
3106 4804 3356 4860 domum
3407 4811 3674 4870 nullam
3731 4820 3969 4874 omnino

2255 4893 2462 4950 habeat
2483 4895 2788 4966 actionem,
2806 4901 3004 4952 contra
3022 4899 3388 4955 venerabiles
3409 4917 3573 4960 vero
3598 4925 3964 4968 ceconomos.

2253 4989 2353 5041 aut
2369 4986 2467 5058 qui
2491 4987 2728 5043 omnino
2753 4989 3158 5058 vendiderunt,
3190 4991 3256 5045 in
3281 4995 3567 5066 propriis
3599 5017 3836 5060 eorum
3850 4971 3966 5060 sub-

2255 5080 2472 5134 stantiis
2502 5096 2571 5135 ex
2600 5085 2894 5138 contractu
2935 5082 3188 5138 habeant
3226 5083 3570 5159 actionem,
3607 5101 3692 5151 ut
3723 5101 3842 5154 etsi
3871 5114 3966 5154 non

2253 5175 2485 5244 propter
2511 5169 2610 5228 Dei
2634 5174 2923 5246 timorem,
2963 5179 3165 5231 tamen
3210 5183 3377 5234 metu
3423 5198 3568 5240 suae
3621 5191 3965 5246 substantia

2256 5266 2546 5336 segniores
2571 5267 2720 5322 circa
2733 5268 3125 5324 venditionem
3153 5269 3320 5325 ﬁant.
3352 5273 3416 5328 Si
3447 5279 3603 5347 quis
3633 5291 3854 5340 autem
3881 5298 3962 5356 per

2255 5358 2618 5414 donationem
2645 5361 2899 5432 accipere
2929 5364 3377 5434 praesumpserit
3421 5384 3574 5427 rem
3610 5377 3960 5433 ecclesiasti-

2255 5467 2401 5522 cam,
2423 5457 2521 5506 aut
2539 5455 2885 5524 ptochicam,
2914 5459 2970 5510 et
2999 5455 3148 5526 ipso,
3181 5457 3340 5527 quod
3373 5459 3614 5522 datum
3651 5476 3775 5542 est,
3807 5472 3962 5528 omni-

2255 5545 2392 5600 nino
2413 5546 2594 5613 cadat,
2617 5553 2674 5601 et
2701 5547 2854 5602 aliud
2877 5549 3245 5604 tantumdem
3269 5566 3344 5605 ex
3369 5568 3488 5610 sua
3500 5561 3870 5620 substantia
3892 5581 3959 5618 re-

2255 5643 2452 5708 penset
2478 5640 2849 5694 sanctissimae
2879 5641 3154 5708 ecclesiae,
3189 5649 3294 5699 aut
3326 5654 3702 5712 venerabili
3757 5659 3954 5718 domui,

2257 5747 2326 5786 ex
2367 5747 2481 5802 qua
2522 5733 2631 5787 hoc
2680 5733 2948 5805 suscepit,
2979 5737 3046 5787 ut
3088 5750 3272 5805 quam
3317 5740 3498 5797 nisus
3553 5754 3660 5804 est
3713 5754 3958 5827 ingerere

2255 5828 2452 5880 contra
2469 5841 2598 5881 eam
2619 5825 2956 5894 novitatem,
2973 5843 3140 5882 suam
3166 5845 3464 5890 exercens
3480 5843 3652 5898 mali
3665 5825 3952 5918 gnitatem.

2255 5933 2381 5974 eam
2399 5917 2640 5992 ipsemet
2676 5921 2740 5981 in
2763 5919 3012 5992 propriis
3039 5919 3212 5977 bonis
3233 5927 3490 5987 sentiat.
3511 5932 3582 5990 Si
3611 5917 3838 5998 autem
3861 5955 3954 6016 per-
