4022 6408
118 342 226 393 9ὶὸ

1015 340 1378 398 JUSTINIANI
1416 341 1742 396 NOVELLJC
1781 340 2113 395 SELECTrE.
2155 342 2461 398 NOVELLA
2504 340 2608 395 Vll.

3396 340 3497 396 946

120 455 368 509 mutatio
408 453 470 509 in
506 453 847 525 quibusdam
891 455 1144 527 personis
1190 456 1306 525 fiat,
1339 459 1548 528 praeter
1588 457 1767 512 solum
1789 466 1848 540 Α
1868 462 2054 512 torum
2084 456 2401 513 venditione
2426 472 2708 512 vasorum.
2743 456 2927 513 Simili
2952 455 3211 511 videlicet
3239 452 3497 512 observa-

115 547 457 619 iuiperium,
485 547 627 602 sicut
656 548 1044 619 praediximus,
1069 554 1127 605 et
1154 549 1252 621 qui
1282 550 1762 622 permutationem
1791 538 1839 540 Π
1864 551 2014 607 tione
2061 555 2117 605 et
2169 566 2340 621 super
2367 549 2700 605 alienatione
2746 549 2991 604 civilium
3023 538 3259 620 .panum
3304 553 3495 606 custo-

118 641 368 712 accepit,
401 641 687 712 subjaceat
712 658 895 715 poenae
924 647 981 699 et
1005 643 1191 698 datam
1220 643 1326 698 sibi
1350 659 1473 698 rem
1516 643 1760 712 amittat,

118 739 179 787 et
204 739 466 789 recurrat
490 751 686 790 rursus
705 736 825 791 haec
851 736 921 791 ad
940 736 1318 791 venerabilem
1333 736 1591 805 domum,
1613 738 1764 792 unde

117 843 429 899 progressa
474 832 577 897 est,
625 832 682 883 et
728 830 879 901 quod
932 847 1039 902 pro
1085 830 1548 902 compensatione
1589 830 1762 900 dedit,

116 926 357 977 maneat
383 921 537 993 apud
561 922 946 979 venerabilem
970 924 1227 994 domum,
1258 927 1315 978 et
1339 923 1439 995 qui
1470 925 1779 978 accesserit

117 1014 197 1069 ad
227 1031 465 1070 causam
493 1015 609 1087 legi
641 1016 1002 1087 contrariam,
1036 1017 1195 1072 cadat
1222 1020 1465 1089 utroque
1508 1017 1680 1087 juste,
1714 1021 1771 1072 et

125 1108 454 1163 secundum
494 1108 603 1164 hoc
631 1125 816 1181 poema
844 1110 1134 1179 subdatur,
1167 1109 1476 1164 secundum
1511 1126 1684 1180 quam
1715 1112 1771 1165 et

120 1196 382 1269 propriis
411 1197 594 1267 cadat,
618 1202 673 1252 et
698 1198 849 1270 quod
873 1198 1134 1269 speravit,
1164 1214 1280 1252 non
1309 1197 1580 1269 acquirat,
1601 1197 1771 1253 etiam

122 1291 221 1345 hic
254 1291 478 1345 actione
507 1291 559 1347 ei
589 1296 804 1347 servata
835 1291 892 1346 in
924 1290 1153 1363 propria
1198 1291 1509 1346 substantia
1550 1306 1768 1361 eorum,

124 1383 235 1453 qui
266 1387 619 1439 contractum
645 1400 776 1439 cum
796 1400 862 1439 eo
888 1384 1334 1439 celebraverunt.

204 1476 262 1532 Si
285 1480 479 1531 autem
500 1478 744 1531 creditor
772 1477 829 1531 in
859 1477 1098 1549 pignore
1123 1476 1398 1548 corporali
1425 1476 1661 1548 elegerit
1678 1492 1772 1531 ac-

124 1569 325 1642 cipere
349 1586 474 1625 rem
506 1570 857 1625 immobilem
881 1571 1330 1638 ecclesiasticam,
1346 1569 1776 1641 autptochicam

124 1664 191 1718 in
236 1663 501 1719 domibus
546 1664 752 1731 forsan,
786 1668 884 1719 aut
925 1664 1282 1731 suburbanis,
1328 1667 1427 1717 aut
1475 1662 1647 1734 agris,
1680 1664 1780 1717 aut

121 1756 336 1825 hortis,
364 1760 465 1811 aut
492 1757 750 1812 civilibus
779 1757 1038 1828 panibus,
1071 1761 1170 1811 aut
1196 1755 1423 1811 rusticis
1460 1755 1776 1826 mancipiis,

1864 644 2089 710 dienda,
2123 644 2267 698 sicut
2295 660 2442 714 saepe
2471 643 2737 711 diximus,
2766 659 2831 696 eo
2850 643 3001 714 quod
3022 643 3159 697 tales
3178 659 3295 698 esse
3321 659 3497 714 panes

1865 754 1983 793 non
2012 738 2192 792 solum
2225 737 2283 791 in
2325 737 2432 791 hac
2477 736 2797 790 felicissima
2842 736 3088 804 civitate,
3118 737 3215 790 sed
3241 737 3411 792 etiam
3433 736 3495 793 in

1864 847 2077 902 magna
2119 830 2470 885 Alexandria.
2517 834 2575 883 et
2611 829 2669 883 in
2696 829 2963 899 Theopoli
3011 845 3129 884 esse
3176 828 3493 899 didicimus,

1864 923 2096 979 forsitan
2128 927 2319 977 autem
2347 923 2458 977 tale
2486 921 2701 994 aliquid
2733 921 2903 977 etiam
2944 921 3003 975 in
3033 921 3155 976 aliis
3195 921 3498 992 provinciis

1869 1014 2205 1089 quibusdam
2233 1018 2335 1070 est.
2357 1016 2512 1070 Unde
2532 1014 2755 1070 tametsi
2772 1014 2905 1069 alibi
2925 1030 3150 1085 quoque
3174 1013 3499 1085 hujusmodi

1869 1110 2134 1181 quaedam
2165 1112 2248 1163 est
2275 1108 2572 1178 possessio,
2592 1112 2648 1163 et
2666 1108 2724 1163 in
2745 1108 2838 1163 illa
2856 1106 2949 1162 lex
2973 1112 3243 1177 servetur,
3263 1111 3320 1163 et
3337 1123 3498 1165 suam

1870 1201 2315 1257 observationem
2346 1200 2636 1255 extendat.

1942 1294 2085 1359 Quia
2110 1310 2243 1349 vero
2271 1293 2572 1348 verisimile
2617 1297 2702 1347 est
2742 1288 3067 1364 quempiam
3105 1293 3274 1348 etiam
3305 1293 3366 1349 in
3392 1294 3500 1350 cir-

1872 1387 2334 1442 cumventionem
2364 1387 2533 1457 hujus
2572 1386 2712 1458 legis
2740 1389 2959 1441 tentare
3005 1386 3378 1457 pragmaticas
3425 1404 3507 1442 sa-

1874 1498 1994 1535 cras
2018 1480 2227 1535 formas
2258 1480 2529 1550 accipere,
2562 1479 2673 1534 tale
2705 1479 2919 1550 aliquid
2948 1479 3025 1533 eis
3057 1495 3226 1551 agere
3269 1480 3505 1551 permit-

1874 1577 2075 1640 tentes,
2104 1573 2291 1628 ethoc
2321 1572 2689 1644 prohibemus
2718 1572 2775 1626 in
2805 1572 2962 1626 omni
2988 1588 3227 1643 persona
3266 1573 3505 1643 majore,

1875 1666 1967 1721 vel
1998 1666 2235 1734 minore,
2267 1665 2380 1720 sive
2432 1665 2491 1719 in
2537 1664 2766 1735 cingulo
2793 1664 3120 1732 constituta,
3154 1663 3268 1718 sive
3296 1665 3507 1721 horum

1878 1760 1979 1832 qui
2010 1762 2155 1814 circa
2184 1775 2289 1813 nos
2325 1760 2476 1826 sunt,
2505 1757 2618 1811 sive
2642 1756 2883 1811 aliorum
2912 1756 3192 1828 quispiam
3236 1757 3387 1812 inter
3413 1774 3510 1828 po.

124 1854 191 1905 et
218 1823 446 1905 dederit
462 1866 688 1919 aurum,
712 1823 914 1904 ab—hoc
946 1850 1106 1904 cadat
1136 1849 1398 1917 creditor,
1423 1852 1480 1903 et
1497 1864 1624 1919 quae
1649 1823 1778 1902 inu-
1798 1823 1857 1895 B
1880 1823 2043 1924 pulos
2071 1823 2472 1906 habitantium;
2502 1852 2569 1905 Et
2592 1850 2894 1917 sancimus,
2917 1823 3060 1903 nulli
3089 1849 3314 1921 penitus
3343 1823 3513 1905 licen-

124 1948 306 1999 tuum
338 1943 620 2014 acceperit
654 1942 1005 1997 sanctissima
1033 1942 1265 1997 ecclesia
1312 1945 1411 1996 aut
1449 1940 1783 1996 venerabilis

123 2037 364 2102 domus,
397 2036 550 2108 quod
592 2040 920 2090 mutuatum
968 2039 1053 2090 est
1098 2051 1326 2103 aurum,
1358 2034 1516 2088 lucro
1557 2033 1777 2088 habeat,

126 2130 318 2185 etiam
346 2128 441 2183 hic
471 2133 669 2184 contra
696 2128 1075 2184 celebrantem
1102 2132 1371 2182 mutuum
1396 2142 1779 2194 osconomum,

127 2228 238 2278 aut
264 2222 690 2289 xenodochum,
711 2227 810 2276 aut
828 2222 1342 2293 brephotrophum,
1363 2224 1461 2274 aut
1481 2220 1782 2291 praesulem

126 2316 490 2383 monasterii,
524 2319 624 2370 aut
651 2315 927 2383 asceterii,
963 2318 1063 2369 aut
1099 2314 1340 2368 aliorum
1369 2312 1782 2367 venerabilium

125 2409 513 2480 collegiorum
543 2407 805 2463 creditori
832 2407 1051 2463 actione
1087 2410 1375 2470 manente,
1409 2405 1497 2460 his
1525 2405 1785 2459 omnibus

128 2502 316 2557 etiam
335 2502 394 2556 in
411 2501 707 2556 abbatissis
725 2501 1093 2555 muliebrium
1121 2498 1520 2554 asceteriorum
1541 2502 1639 2551 aut
1657 2513 1782 2551 mo-

126 2594 523 2649 nasteriorum
549 2593 884 2648 valentibus.
907 2592 963 2648 Si
983 2592 1136 2647 enim
1156 2591 1391 2647 omnino
1421 2589 1785 2645 sanctissimis

129 2688 396 2743 ecclesiis
423 2691 523 2741 aut
546 2686 671 2740 aliis
694 2686 1109 2740 venerabilibus
1130 2683 1391 2739 domibus
1412 2682 1625 2738 credito
1646 2698 1787 2753 opus

131 2782 237 2847 sit,
273 2780 446 2850 idque
474 2780 618 2835 forte
648 2785 747 2835 aut
772 2780 833 2833 in
858 2777 1232 2833 necessariam
1258 2775 1563 2848 quamdam
1584 2779 1639 2829 et
1665 2775 1784 2829 ine-
1821 2763 1827 2769 ’

128 2872 436 2927 vitabilem
464 2874 831 2939 occasionem,
866 2875 923 2925 et
961 2875 1171 2942 praeter
1208 2886 1383 2942 quam
1413 2884 1528 2923 non
1548 2868 1784 2939 'poterit,

131 2966 302 3039 quod
330 2966 595 3021 imminet
623 2965 936 3036 adimpleri,
969 2968 1067 3019 aut
1110 2964 1171 3017 in
1220 2963 1390 3017 aliam
1419 2978 1644 3016 causam
1671 2961 1786 3015 uti-

126 3061 421 3116 lissimam
459 3058 827 3113 sanctissimae
858 3056 1107 3112 ecclesiae
1150 3056 1570 3120 consistentem,
1599 3052 1792 3108 licebit

127 3151 466 3225 praepositis
501 3167 698 3206 earum
724 3166 904 3221 usque
933 3149 1002 3203 ad
1037 3149 1361 3221 generalem
1405 3143 1791 3218 hypothecam‘

132 3252 321 3315 stare,
348 3248 407 3300 et
450 3244 673 3300 nullum
715 3242 954 3315 speciale
996 3242 1206 3314 pignus
1244 3239 1614 3296 creditoribus
1642 3255 1787 3311 prae-

131 3340 307 3394 bere.

219 3432 278 3487 Si
309 3447 448 3485 vero
476 3430 648 3485 etiam
686 3432 1023 3502 perpetuam
1065 3426 1346 3499 quispiam
1391 3423 1794 3497 emphyteusin

130 3526 407 3597 accipere
427 3523 873 3595 praesumpserit,
894 3521 1043 3594 quod
1063 3537 1182 3576 non
1203 3520 1352 3588 licet,
1386 3524 1484 3573 aut
1506 3522 1791 3589 tempora-

134 3623 267 3675 lem
292 3617 547 3690 quidem,
574 3633 693 3672 non
722 3621 914 3671 tamen
943 3614 1255 3669 secundum
1282 3612 1455 3682 hujus
1482 3616 1691 3666 nostra:
1710 3611 1793 3665 le-

136 3714 239 3785 gis
292 3710 764 3779 observationem,
792 3708 963 3764 etiam
1009 3707 1081 3761 sit
1122 3706 1286 3760 cadat
1310 3704 1543 3776 quidem
1573 3703 1642 3758 de
1671 3719 1794 3757 em-

133 3803 442 3879 phyteusi,
473 3806 533 3858 et
555 3803 705 3874 quod
729 3802 929 3856 datum
957 3802 1041 3854 est
1070 3802 1303 3853 maneat
1326 3797 1476 3868 apud
1504 3794 1795 3850 venerabi-

135 3902 270 3954 lem
298 3897 559 3952 domum.
592 3894 830 3950 Debebit
860 3895 1050 3948 autem
1076 3890 1341 3945 continuo
1366 3892 1425 3944 et
1448 3892 1578 3961 post
1608 3903 1799 3943 casum

136 3990 655 4063 emphyteumatos
684 3987 918 4053 solvere,
953 3989 1229 4056 quantum
1267 3984 1557 4037 soluturus
1584 3984 1722 4049 erat,
1754 3979 1801 4035 si

138 4083 476 4141 secundum
505 4083 690 4153 legem
727 4077 1126 4152 emphyteusin
1168 4075 1448 4142 subiisset,
1481 4073 1626 4128 nihil
1651 4072 1801 4144 apud

138 4194 294 4234 eum
328 4180 591 4230 manente
621 4190 687 4229 ex
714 4173 885 4229 rebus
914 4185 1232 4244 pauperum
1265 4184 1394 4239 quae
1445 4167 1655 4221 frustra
1700 4181 1804 4236 per

141 4268 565 4341 emphyteusin
595 4267 740 4322 data:
770 4268 923 4320 sunt.

231 4365 366 4419 Haec
390 4362 567 4433 igitur
592 4360 783 4416 omnia
811 4357 1200 4413 custodiantur
1237 4352 1522 4426 praedictis
1552 4351 1806 4422 subjecta

140 4456 367 4533 pcenis,
400 4470 584 4525 neque
623 4451 1019 4508 tabellionibus
1070 4446 1548 4521 praesumentibus
1595 4445 1804 4499 instru-

1880 1947 2018 2001 tiam
2045 1962 2164 2000 esse
2199 1944 2370 1999 talem
2420 1942 2747 2015 quempiam
2793 1942 3208 2013 pragmaticum
3253 1942 3510 2014 proferre

1882 2044 2102 2110 typum,
2127 2053 2313 2109 neque
2336 2053 2405 2091 ex
2431 2037 2537 2090 hoc
2577 2037 2827 2106 accipere
2864 2034 3093 2106 aliquod
3124 2034 3192 2089 de
3238 2035 3514 2090 sanctissi-

1883 2133 1992 2187 mis
2023 2131 2266 2186 ecclesiis
2306 2128 2732 2200 compendium,
2763 2132 2862 2183 aut
2903 2129 2970 2182 de
3016 2129 3371 2182 monasteriis
3414 2133 3514 2184 aut

1881 2224 2143 2297 ptochiis,
2160 2229 2258 2278 aut
2277 2223 2402 2278 aliis
2427 2221 2840 2277 venerabilibus
2861 2220 3110 2292 collegiis
3138 2220 3514 2276 immobilium

1881 2334 2095 2374 rerum.
2134 2317 2245 2372 Sed
2275 2321 2330 2370 et
2360 2314 2754 2386 gloriosissimo
2780 2314 3044 2386 quaestori
3068 2330 3291 2384 pcenam
3322 2313 3514 2368 immi-

1883 2427 2019 2467 nere
2063 2415 2292 2465 centum
2340 2408 2615 2462 librarum
2658 2407 2801 2472 auri,
2831 2405 2874 2459 si
2901 2406 3036 2477 quid
3063 2406 3172 2460 tale
3201 2405 3513 2476 dictaverit,

1884 2504 2056 2559 simul
2106 2507 2162 2557 et
2203 2499 2638 2570 suscipientibus
2682 2498 3121 2553 insinuationem
3167 2498 3292 2552 talis
3322 2498 3513 2568 cujus-

1883 2599 2035 2669 piam
2064 2611 2235 2649 sacrae
2260 2593 2458 2648 formae
2489 2590 2904 2663 gloriosissimis
2929 2589 3237 2659 judicibus,
3265 2593 3363 2644 aut
3392 2589 3515 2644 aliis

1884 2688 2219 2762 quibusdam
2242 2686 2499 2742 eamdem
2524 2684 2823 2738 imminere
2850 2699 3093 2754 poenam,
3109 2686 3166 2736 et
3185 2682 3517 2737 tabelliones

1886 2781 2253 2837 succumbere
2297 2777 2495 2833 Leonis
2541 2776 2649 2848 pize
2694 2775 2983 2830 memoriae
3026 2774 3435 2843 constitutioni,
3470 2774 3518 2829 si

1887 2873 2229 2931 confecerint
2255 2871 2369 2926 tale
2393 2869 2621 2942 aliquod
2649 2869 3111 2935 instrumentum,
3134 2872 3189 2921 et
3219 2868 3331 2922 Deo
3357 2883 3515 2922 ama-

1886 2968 2030 3024 biles
2069 2967 2374 3037 episcopos,
2402 2968 2500 3017 aut
2526 2961 2872 3017 venerabiles
2913 2976 3234 3015 mconomos
3263 2959 3380 3015 sine
3419 2975 3517 3032 pe-

1886 3060 2064 3116 riculo
2084 3059 2326 3113 refutare
2347 3054 2676 3127 hujusmodi
2697 3070 2880 3108 sacras
2894 3052 3270 3124 pragmaticas
3287 3051 3519 3120 formas,

1887 3152 2069 3224 magis
2094 3154 2286 3205 autem
2316 3165 2442 3204 cum
2474 3148 2729 3220 periculo
2760 3146 3044 3216 suscipere
3096 3150 3153 3199 et
3196 3160 3519 3215 agnoscere,

1889 3246 2021 3318 quia
2037 3245 2181 3299 circa
2202 3244 2387 3314 ipsum
2408 3240 2785 3295 sacerdotium
2808 3239 3127 3310 periculum
3142 3238 3520 3305 sustinebunt,

1890 3339 1933 3393 si
1965 3337 2320 3409 negligentes
2351 3334 2453 3388 has
2476 3333 2651 3403 leges,
2684 3348 2810 3403 quin
2840 3331 2921 3385 ita
2949 3331 3116 3398 fiunt,
3148 3330 3523 3400 pragmaticas

1890 3432 2203 3502 sequantur
2226 3427 2456 3481 formas.
2479 3426 2712 3496 Oportet
2739 3423 2891 3477 enim
2911 3438 2975 3477 ea
2994 3438 3119 3492 quae
3146 3422 3527 3477 communiter

1892 3527 1949 3580 et
1979 3521 2318 3595 generaliter
2341 3519 2411 3574 ad
2437 3518 2693 3572 omnium
2714 3516 3019 3570 utilitatem
3045 3515 3396 3582 sanciuntur,
3419 3530 3522 3585 po-

1892 3616 2005 3672 tius
2028 3614 2235 3682 valere,
2263 3627 2436 3684 quam
2456 3626 2521 3664 ea
2549 3626 2675 3681 quas
2703 3608 2850 3663 circa
2874 3607 3089 3678 aliquos
3110 3606 3410 3661 studentur
3430 3606 3525 3677 agi

1895 3708 1971 3764 ad
1999 3706 2413 3777 corruptionem
2441 3701 2834 3758 communium
2862 3700 3077 3772 legum.
3102 3699 3196 3753 His
3224 3699 3354 3753 solis
3378 3698 3527 3755 vide.

1895 3802 2027 3857 licet
2052 3797 2427 3855 conducendis
2460 3800 2515 3850 et
2555 3796 2613 3849 in
2651 3792 3050 3865 emphyteusin
3091 3791 3290 3847 dandis
3332 3791 3522 3861 rebus,

1897 3906 2257 3967 quascunque
2307 3892 2509 3961 putant
2550 3887 2648 3942 tali
2682 3887 2873 3958 aliquo
2919 3900 3107 3956 egere.
3140 3884 3194 3940 Si
3218 3888 3410 3939 tamen
3433 3900 3528 3939 vo-

1897 3986 2108 4043 luerint
2152 3983 2413 4055 quaedam
2457 3980 2561 4035 sub
2606 3980 2840 4052 propria
2870 3977 3275 4049 gubernatione
3323 3977 3530 4032 habere

1900 4080 2012 4134 Deo
2041 4076 2311 4132 amabiles
2340 4072 2638 4142 (econumi,
2670 4074 2768 4126 aut
2793 4071 3033 4125 aliorum
3062 4070 3328 4141 praesules
3362 4069 3530 4124 colle-

1904 4172 2151 4244 giorum,
2178 4168 2319 4224 nulli
2348 4168 2578 4233 horum,
2608 4165 2707 4237 qui
2737 4166 2797 4219 in
2833 4168 3130 4235 potentatu
3168 4166 3320 4231 sunt,
3348 4178 3535 4234 neque

1902 4263 2214 4319 secundum
2244 4277 2458 4316 sacram
2501 4257 2903 4331 pragmaticam
2952 4256 3219 4322 formam,
3252 4255 3538 4310 licentiam

1903 4373 2022 4412 esse
2050 4372 2255 4427 cogere
2285 4370 2400 4423 eos,
2434 4357 2532 4407 aut
2560 4368 2663 4423 per
2692 4348 3142 4417 conductionem,
3175 4351 3274 4402 aut
3297 4364 3400 4419 per
3425 4364 3539 4403 em-

1903 4448 2208 4522 phyteusin
2240 4447 2361 4500 haec
2384 4445 2609 4499 tradere
2636 4444 2706 4510 ei,
2737 4442 2833 4513 qui
2866 4443 2971 4496 hoc
2997 4441 3133 4512 agit,
3168 4444 3224 4494 et
3262 4440 3541 4511 sacrilegii

142 4532 377 4609 ruentis
425 4547 627 4602 talibus
679 4545 1021 4613 ministrare,
1055 4541 1154 4596 sed
1194 4555 1376 4612 usque
1424 4536 1885 4615 metuentibusD
1907 4542 2193 4612 subjacere
2219 4554 2402 4610 pinnae
2432 4542 2488 4591 et
2516 4535 2779 4589 omnibus
2808 4533 3052 4602 mulctis,
3076 4549 3202 4604 quae
3223 4532 3326 4586 hac
3352 4535 3543 4587 nostra

144 4641 454 4709 exsilium,
477 4656 544 4695 ex
575 4655 689 4712 quo
722 4652 1017 4709 nunquam
1045 4635 1420 4697 revertantur,
1441 4647 1549 4685 nec
1578 4629 1623 4683 si
1649 4644 1808 4683 sacra

145 4741 278 4795 hoc
308 4733 560 4806 praebeat
587 4733 792 4800 forma,
818 4744 1005 4801 neque
1028 4726 1315 4799 judicibus
1336 4724 1423 4779 vel
1449 4724 1658 4779 dictare
1675 4720 1809 4776 talia

145 4835 551 4893 instrumenta
587 4826 1080 4902 praesumentibus,
1112 4824 1200 4879 vel
1238 4823 1386 4877 facta
1428 4820 1708 4891 suscipere
1755 4821 1811 4873 et

151 4925 351 5003 gestis
398 4926 908 4979 monumentorum
942 4936 1010 4975 ea
1044 4919 1291 4986 firmare,
1319 4931 1391 4971 ne
1422 4914 1592 4969 etiam
1620 4911 1727 4984 ipsi
1755 4914 1814 4966 et

147 5017 392 5091 cinguli
420 5034 483 5071 ac
509 5014 799 5087 dignitatis
825 5018 881 5069 et
905 5010 1237 5068 substantias
1266 5024 1459 5064 casum
1500 5004 1813 5061 secundum

149 5112 380 5173 Leonis
405 5109 870 5166 constitutionem
896 5105 1227 5161 sustineant.
1261 5102 1464 5157 Iisdem
1490 5099 1669 5172 pomis
1694 5114 1812 5153 ser-

152 5204 376 5264 vandis
406 5203 580 5258 etiam
605 5202 871 5256 adversus
918 5216 1011 5255 eos
1056 5197 1154 5270 qui
1199 5199 1413 5251 sacrata
1452 5210 1577 5248 vasa
1624 5194 1818 5247 contra

155 5303 433 5359 nostram
472 5296 662 5368 legem
708 5297 808 5348 aut
848 5290 1079 5365 pignori
1108 5290 1264 5358 dant,
1294 5290 1393 5343 aut
1415 5286 1688 5351 vendunt,
1721 5287 1820 5338 aut

157 5390 430 5452 conﬂant
455 5392 690 5460 propter
718 5385 1137 5442 alienationem.
1167 5383 1306 5437 Nam
1346 5383 1404 5434 et
1441 5379 1566 5433 illos
1596 5376 1817 5449 aequali,

161 5491 282 5545 aut
338 5482 557 5553 majore
610 5494 775 5552 poena
828 5479 1029 5550 dignos
1079 5490 1198 5529 esse
1249 5472 1552 5541 sancimus,
1597 5469 1822 5542 quando

162 5580 356 5638 etiam
382 5574 531 5628 circa
559 5588 743 5627 sacras
768 5588 857 5626 res
888 5575 945 5625 et
989 5570 1102 5623 Deo
1137 5564 1417 5622 dedicatas
1447 5577 1821 5634 praesumpse-

164 5673 323 5732 runt
350 5666 528 5739 impie
554 5680 743 5736 agere,
768 5663 874 5719 nisi
906 5668 1097 5718 tamen
1125 5657 1351 5730 aliquod
1385 5656 1493 5710 tale
1523 5656 1639 5725 fiat,
1671 5653 1825 5726 quod

165 5763 455 5829 diximus,
479 5757 631 5812 circa
649 5754 1103 5827 redemptionem
1118 5750 1486 5823 captivorum,
1501 5746 1601 5802 ubi
1620 5746 1826 5800 animae

166 5855 491 5921 hominum
519 5849 837 5906 liberantur
854 5864 889 5902 a
906 5845 1186 5901 mortibus
1209 5847 1265 5899 et
1286 5839 1525 5897 vinculis
1552 5837 1828 5895 inanima-

1904 4636 2029 4706 lege
2058 4649 2213 4686 sacra
2246 4630 2605 4685 continentur
2634 4632 2689 4681 et
2718 4625 3027 4698 suppliciis.
3076 4624 3216 4688 Quia
3263 4641 3397 4679 vero
3446 4641 3540 4678 co-

1911 4726 2204 4800 gnovimus
2221 4722 2449 4795 aliquod
2469 4720 2781 4793 pessimum
2802 4718 3067 4774 delictum
3085 4717 3297 4772 factum
3318 4721 3377 4771 et
3393 4717 3544 4789 apud

1908 4794 2329 4876 Alexandrinos
2342 4820 2399 4871 et
2417 4813 2723 4885 Egyptios,
2749 4812 2870 4883 jam
2894 4814 3085 4865 autem
3112 4815 3166 4864 et
3192 4810 3250 4863 in
3278 4809 3400 4863 aliis
3425 4810 3548 4882 qui-
3614 4794 3617 4795 ν

1908 4912 2148 4968 busdam
2185 4908 2411 4981 imperii
2451 4906 2585 4962 locis
2632 4905 2907 4978 quosdam
2936 4918 3283 4976 praesumere
3311 4904 3395 4957 vel
3425 4904 3549 4974 ipsa

1911 5004 2256 5061 venerabilia
2297 4999 2640 5057 monasteria
2674 4998 2942 5064 vendere,
2966 5001 3065 5051 aut
3091 5000 3435 5067 permutare,
3457 5000 3555 5050 aut

1914 5099 2144 5166 donare,
2190 5097 2251 5151 in
2295 5094 2502 5167 quibus
2550 5098 2608 5147 et
2656 5092 2829 5146 altare
2872 5090 3201 5144 collocatum
3227 5093 3330 5159 est,
3372 5093 3429 5143 et
3459 5105 3551 5143 sa-

1917 5208 2077 5247 crum
2131 5188 2449 5245 exhibitum
2503 5184 2910 5252 ministerium,
2941 5183 3106 5254 quale
3153 5183 3326 5237 moris
3373 5187 3457 5236 est
3495 5182 3556 5236 in

1919 5282 2286 5341 sanctissimis
2342 5278 2590 5335 ecclesiis
2642 5276 2935 5343 celebrari,
2969 5275 3179 5347 quippe
3206 5275 3379 5330 sacris
3402 5274 3560 5329 lectis

1921 5376 2239 5448 Scripturis,
2275 5376 2332 5428 et
2356 5375 2702 5427 sacrosancta
2741 5374 2798 5425 et
2844 5368 3114 5424 ineffabili
3156 5368 3560 5424 communione

1920 5470 2146 5537 tradita,
2170 5472 2229 5523 et
2251 5465 2613 5522 monarchica
2656 5463 2769 5518 illic
2813 5462 2962 5517 facta
3001 5462 3366 5529 habitatione,
3395 5462 3473 5515 ita
3500 5466 3564 5514 ut

1923 5564 2047 5618 haec
2071 5563 2431 5617 mutarentur
2460 5576 2530 5614 ex
2559 5573 2713 5613 sacra
2745 5561 2801 5610 et
2832 5557 2943 5610 Deo
2987 5555 3216 5610 amabili
3264 5554 3446 5625 ﬁgura
3492 5552 3563 5605 ad

1922 5656 2200 5728 privatam
2250 5653 2602 5708 mansionem
2652 5655 2707 5705 et
2754 5653 2961 5704 statum
2985 5690 2998 5715 ,
3046 5648 3169 5702 haec
3217 5645 3448 5700 omnino
3497 5643 3566 5697 de

1927 5754 2133 5803 caetero
2147 5746 2269 5800 fieri
2290 5746 2677 5816 prohibemus,
2694 5742 2831 5797 nulli
2851 5741 3151 5796 hominum
3175 5735 3567 5809 permittentes

1928 5837 2051 5894 haec
2071 5834 2420 5911 delinquere,
2442 5832 2539 5888 sed
2557 5832 2729 5889 etiam
2748 5831 2960 5887 factum
2987 5827 3278 5882 inﬁmum
3300 5820 3566 5877 omnibus
