4022 6482
521 375 622 429 947

1638 367 1890 424 SECULI
1932 366 2123 421 SEXTl
2170 366 2724 422 SUPPLEMENTUM.

3851 357 3947 411 948

519 479 866 536 declaramus
888 473 1086 542 modis,
1116 476 1172 529 et
1199 475 1507 544 pretiorum
1549 490 1738 528 casum
1791 473 2134 543 imponimus
2154 493 2214 567 Α
2233 472 2564 542 simpliciter
2589 486 2756 525 omne
2786 469 2966 538 civile,
3005 469 3274 537 militare,
3307 473 3367 522 et
3396 466 3739 537 publicum
3777 465 3944 517 auxi-

517 568 930 641 accipientibus,
962 572 1020 621 et
1047 567 1394 620 venditorem
1423 582 1648 638 quoque
1685 565 2130 634 damniﬁcamus,

518 669 574 718 et
593 662 671 716 rei
703 677 833 716 casu
858 665 912 714 et
941 659 1108 731 pretii
1131 659 1450 725 amissione,
1489 659 1850 713 sanctissimae
1889 657 2133 712 ecclesiae

513 757 634 826 ejus
651 755 759 808 loci
783 757 840 808 et
855 752 1268 808 venerabilibus
1296 752 1652 806 monasteriis
1675 751 1780 804 hoc
1800 751 2130 821 tribuentes,

513 851 788 919 quatenus
813 845 915 916 ipsi
945 845 1278 915 provideant
1303 849 1364 898 ut
1389 843 1538 915 quod
1563 843 1710 897 male
1729 843 2032 897 alienatum
2051 847 2134 897 est

513 956 710 996 rursus
736 939 807 994 ad
831 937 1214 993 monachicam
1241 940 1507 991 revocent
1532 935 1794 1006 ﬁguram,
1818 951 2000 1006 neque
2025 935 2131 1007 hy-

513 1034 748 1105 potheca
767 1047 936 1103 super
959 1031 1046 1084 his
1063 1031 1301 1096 valente,
1328 1029 1423 1084 sed
1443 1029 1612 1084 etiam
1633 1028 1754 1099 ipsa
1775 1028 2128 1098 inﬁrmanda,

513 1131 572 1181 et
598 1142 793 1180 rursus
819 1140 974 1178 sacro
1004 1121 1342 1177 monasterio
1367 1121 1718 1193 assignanda.

582 1218 736 1274 Sicut
775 1221 965 1271 autem
1007 1217 1301 1271 damnosas
1343 1213 1704 1269 alienationes
1743 1213 2126 1283 prohibemus,

512 1311 589 1366 sic
633 1315 689 1366 et
732 1311 1026 1364 damnosas
1076 1307 1452 1378 possessiones
1493 1305 1898 1361 interdicimus.
1947 1305 2129 1360 Multae

513 1404 666 1459 enim
689 1403 839 1474 apud
869 1419 970 1457 nos
1012 1407 1182 1457 motas
1226 1404 1357 1455 sunt
1385 1399 1738 1471 quaestiones,
1772 1398 1869 1452 ubi
1899 1397 2128 1469 quidam

507 1496 698 1552 minus
725 1495 924 1551 idonea
945 1495 1160 1566 praedia
1189 1494 1538 1548 donaverunt
1565 1490 1926 1546 sanctissimis
1951 1491 2126 1546 eccle-

507 1590 621 1658 siis,
650 1592 748 1644 aut
771 1586 1178 1642 venerabilibus
1203 1585 1484 1650 domibus,
1516 1588 1616 1638 aut
1659 1584 1830 1638 etiam
1855 1583 2124 1639 vendide-

509 1686 644 1736 runt
659 1685 930 1752 tanquam
955 1679 1174 1746 idonea,
1197 1693 1328 1731 cum
1345 1677 1544 1747 utique
1571 1676 1780 1730 sterilia
1799 1693 1832 1730 a
1850 1676 2127 1747 principio

505 1777 712 1840 essent,
735 1777 790 1826 et
814 1788 884 1826 ex
912 1772 1020 1826 hoc
1045 1768 1456 1825 venerabilibus
1482 1768 1746 1823 domibus
1784 1771 2122 1822 nocuerunt.

2231 565 2371 619 lium
2399 565 2542 618 hanc
2569 569 2818 619 nostram
2844 563 3036 633 legem
3065 567 3350 632 tanquam
3397 561 3476 615 ad
3535 572 3947 614 communem

2231 657 2530 712 utilitatem
2559 661 2614 711 et
2649 673 2752 727 pro
2789 656 2962 710 totius
2989 660 3161 710 terras
3197 655 3416 726 pietate
3437 675 3453 688 ο
3475 652 3772 724 positam
3835 667 3946 704 ser-

2231 753 2340 816 vet,
2373 755 2429 803 et
2469 749 2924 819 praevaricatores
2969 748 3176 802 subdat
3221 747 3416 818 pugnis
3451 762 3621 818 quas
3653 743 3948 816 primitus

2231 841 2494 897 diximus.
2523 841 2578 896 Si
2624 841 2759 912 quid
2802 845 2995 895 autem
3047 841 3116 896 de
3165 839 3697 894 conductionibus
3761 837 3946 892 eccle-

2232 935 2578 989 siasticarum
2625 950 2838 1001 rerum,
2889 939 2989 988 aut
3035 933 3096 988 in
3144 933 3272 987 aliis
3318 931 3618 1003 capitulis
3685 930 3947 984 sancivi-

2229 1043 2377 1096 mus,
2410 1030 2508 1081 aut
2551 1043 2585 1080 a
2631 1027 2914 1098 prioribus
2941 1025 3156 1082 nostris
3197 1026 3499 1080 sancitum
3533 1029 3661 1093 est,
3703 1031 3948 1078 maneat

2229 1121 2336 1174 hoc
2365 1121 2423 1174 in
2453 1120 2679 1190 propria
2721 1119 3009 1188 ﬁrmitate,
3042 1135 3230 1190 neque
3278 1136 3352 1174 ex
3405 1119 3734 1190 praesenti
3787 1135 3947 1171 sacra

2227 1218 2418 1266 nostra
2469 1212 2866 1266 constitutione
2910 1211 3284 1280 novandum;
3327 1211 3448 1266 alia
3501 1212 3692 1266 enim
3749 1213 3950 1266 omnia

2229 1321 2457 1360 manere
2484 1305 2543 1360 in
2575 1304 2818 1376 propriis
2845 1303 3104 1358 terminis
3131 1304 3406 1372 sinimus,
3441 1305 3569 1359 nisi
3597 1309 3826 1360 tamen
3859 1306 3950 1358 ali-

2228 1400 2366 1472 quid
2393 1399 2462 1453 de
2490 1399 2578 1452 his
2605 1397 2826 1465 habeat,
2860 1413 2988 1468 quze
3013 1397 3107 1452 hic
3135 1397 3594 1464 constituimus,
3631 1415 3790 1453 cum
3831 1398 3948 1452 suf-

2227 1492 2375 1546 ﬁciat
2401 1508 2504 1562 pro
2530 1490 2792 1545 omnibus
2833 1491 2956 1544 haec
2994 1491 3087 1550 lex
3118 1507 3298 1560 super
3328 1491 3390 1545 id
3419 1491 3601 1562 quod
3655 1509 3697 1546 a
3755 1493 3948 1546 Leone

2228 1585 2336 1656 piae
2360 1585 2647 1639 memorias
2670 1585 2882 1638 factum
2905 1587 3011 1652 est,
3036 1599 3276 1637 omnem
3294 1583 3605 1640 adversus
3634 1585 3948 1657 ptochicas

2227 1694 2318 1732 res
2347 1679 2568 1732 auferre
2601 1675 2955 1731 alienationis
2987 1675 3370 1732 occasionem.
3412 1678 3551 1732 Tua
3585 1678 3801 1749 igitur
3825 1678 3949 1732 bea-

2229 1770 2427 1837 titudo,
2455 1772 2514 1824 et
2543 1769 2640 1840 qui
2673 1772 2800 1839 post
2853 1769 3012 1823 illam
3067 1769 3130 1822 in
3178 1769 3647 1840 pontiﬁcalibus
3707 1771 3949 1826 sedibus

505 1864 1078 1935 lnterdicimusigitur
1092 1861 1819 1916 rectoribusvenerabilium
1834 1847 2206 1920 domorumB
2227 1862 2457 1931 fuerint,
2497 1878 2626 1933 quae
2656 1879 2689 1916 a
2718 1861 2882 1916 nobis
2914 1861 3190 1932 disposita
3228 1868 3388 1932 sunt,
3425 1865 3619 1934 operi
3673 1865 3947 1920 effectui-

503 1959 612 2013 tale
639 1957 854 2028 aliquid
883 1972 1073 2028 agere,
1107 1960 1206 2010 aut
1231 1959 1380 2009 certe
1405 1969 1762 2026 cognoscere,
1785 1953 1920 2025 quia
1938 1953 1986 2007 si
2012 1969 2130 2008 non

503 2066 636 2105 cum
673 2049 827 2104 omni
857 2049 1161 2103 subtilitate
1202 2047 1442 2102 fecerint
1479 2051 1812 2114 contractus,
1845 2047 1942 2100 sed
1968 2047 2131 2102 fenea

501 2143 763 2214 quaedam
791 2140 1064 2212 possessio
1103 2144 1202 2194 aut
1248 2139 1520 2193 damnosa
1547 2139 1712 2193 detur
1739 2139 2001 2206 ecclesiis,
2033 2143 2132 2194 aut

505 2233 862 2288 monasteriis
912 2236 1010 2287 aut
1060 2231 1438 2298 xenodochiis,
1484 2235 1582 2286 aut
1628 2231 1980 2296 nosocomiis,
2031 2235 2130 2286 aut

503 2327 622 2381 aliis
651 2325 1058 2380 venerabilibus
1102 2325 1369 2395 collegiis,
1401 2328 1714 2378 contractus
1758 2323 1987 2394 quidem
2026 2340 2128 2393 pro

502 2435 620 2474 non
649 2419 797 2472 facto
828 2417 952 2484 erit,
998 2420 1056 2472 et
1098 2417 1333 2488 recipiet
1375 2416 1623 2481 omnino,
1667 2415 1764 2486 qui
1815 2416 1928 2482 dat,
1979 2416 2128 2486 quod

498 2528 606 2584 per
634 2509 1170 2566 circumventionem
1211 2513 1267 2564 et
1295 2508 1568 2563 fallaciam
1596 2508 1790 2562 datum
1815 2513 1918 2562 est.
1949 2508 2126 2564 (Eco-

497 2620 702 2659 nomus
728 2607 918 2658 autem
941 2603 1040 2674 qui
1075 2603 1188 2659 tale
1214 2601 1428 2672 aliquid
1454 2601 1651 2672 egerit,
1685 2606 1782 2655 aut
1806 2601 1996 2670 abbas,
2029 2605 2129 2656 aut

498 2696 876 2763 xenodochus,
903 2698 1003 2750 aut
1031 2711 1382 2764 nosocomus,
1411 2699 1508 2748 aut
1537 2693 1999 2764 ptochotrophus,
2030 2697 2129 2748 aut

500 2788 1012 2860 orphanotrophus,
1062 2791 1160 2842 aut
1207 2790 1657 2858 gerontocomus,
1689 2785 1759 2840 de
1805 2801 1904 2840 suo
1943 2785 1994 2840 ei
2027 2785 2126 2856 qui

499 2881 654 2936 dedit
682 2880 914 2934 salvabit
957 2892 1028 2934 ex
1069 2880 1176 2934 hoc
1205 2880 1496 2934 damnum.
1543 2877 1599 2932 Si
1651 2893 1783 2932 vero
1833 2877 1909 2931 sic
1957 2894 2126 2932 causa

499 2973 827 3042 ﬁngeretur,
855 2976 920 3025 ut
963 2971 1132 3026 etiam
1162 2971 1386 3042 aliquod
1428 2985 1631 3024 aurum
1669 2985 1774 3040 pro
1805 2969 1910 3024 hoc
1940 2969 2122 3039 detur,

499 3070 555 3119 et
577 3065 686 3118 hoc
709 3063 1018 3118 lucrabitur
1037 3064 1270 3134 quidem
1289 3061 1620 3116 venerabilis
1648 3061 1854 3116 domus
1882 3079 2014 3132 quae
2037 3064 2122 3117 fe-

2227 1971 2338 2026 que
2361 1955 2582 2010 tradere
2618 1955 2860 2010 festinet.
2908 1955 3030 2010 Dat.
3076 1971 3212 2009 xvm
3269 1955 3400 2011 Kal.
3443 1958 3620 2014 Maii.
3665 1959 3948 2014 Belisario

2227 2063 2282 2102 ν.
2315 2063 2366 2103 C.
2399 2063 2510 2101 COS.

2792 2141 3106 2195 NOVELLA
3156 2141 3295 2195 VIII.

2233 2234 2301 2287 Ut
2323 2233 2580 2302 praesides
2611 2235 2811 2302 absque
2857 2235 2976 2308 ulla
3023 2235 3243 2288 datione
3285 2239 3566 2306 pecuniae
3620 2239 3714 2293 ad
3764 2242 3950 2308 ofﬁcia

2885 2307 3204 2359 mittantur.

2300 2418 2606 2487 Imperator
2643 2417 2992 2472 Justinianus
3017 2420 3317 2490 Augustus
3363 2422 3606 2478 Joanni
3663 2426 3949 2496 praefecto

2225 2509 2479 2580 praetorii
2507 2509 2712 2564 iterum
2741 2511 3045 2565 exconsule
3071 2517 3128 2566 et
3158 2513 3432 2582 patricio.

2295 2601 2462 2656 Nobis
2503 2603 2788 2673 equidem,
2817 2604 2956 2658 dum
2995 2604 3194 2659 sedulo
3223 2607 3694 2680 consultamus,
3735 2613 3948 2683 quibus

2225 2695 2405 2750 modis
2433 2695 2571 2750 boni
2599 2695 2836 2766 aliquid,
2879 2702 2936 2751 et
2979 2698 3134 2768 quod
3185 2700 3306 2754 Deo
3363 2701 3648 2772 placeat,
3691 2707 3946 2761 subditis

2223 2803 2327 2858 per
2348 2803 2452 2842 nos
2482 2787 2774 2856 inferatur,
2805 2805 2912 2842 usu
2940 2790 3096 2844 venit
3115 2791 3491 2864 planissime,
3526 2801 3607 2852 ut
3630 2797 3751 2852 diu
3778 2799 3948 2853 simul

2223 2870 2508 2950 noctuque
2550 2880 2609 2934 in
2653 2880 2803 2934 curis
2832 2886 2888 2936 et
2929 2883 3141 2954 vigiliis
3173 2899 3517 2941 versemur.
3559 2889 3792 2962 Neque
3826 2908 3950 2946 eam

2223 2971 2398 3026 animi
2425 2972 2780 3044 vigilantiam
2805 2990 3154 3045 supervacue
3179 2981 3282 3032 aut
3309 2983 3557 3049 praeter
3584 2998 3733 3038 rem
3769 2986 3950 3040 susci-

2221 3064 2430 3134 pimus,
2460 3064 2558 3118 sed
2587 3065 2700 3120 sive
2739 3066 2988 3121 interdiu
3021 3068 3162 3138 quid
3198 3085 3516 3143 geramus,
3557 3074 3702 3132 sive
3753 3079 3947 3133 nocti-

498 3172 671 3212 neum
705 3155 928 3226 aliquod
953 3155 1246 3226 acceperit.
1275 3154 1379 3218 Qui
1411 3171 1540 3208 vero
1569 3170 1771 3208 aurum
1815 3154 1986 3224 dedit,
2017 3155 2119 3209 ha-
2141 3193 2196 3268 Ο
2219 3155 2326 3210 bus
2355 3172 2424 3210 ex
2449 3163 2612 3228 aequo
2638 3162 2865 3212 utamur
2890 3176 3023 3214 cum
3054 3160 3146 3215 die
3167 3162 3227 3215 in
3259 3167 3388 3217 tam
3421 3155 3792 3224 numerosa
3824 3188 3950 3226 eam

498 3248 525 3268 ΙΔ
543 3248 648 3268 -131
689 3251 866 3268 _-_l._.-
909 3263 1028 3268 ---μ
1072 3247 1159 3268 ..-2
1200 3250 1536 3268 Δ...ιι....α1...-.
1586 3247 1874 3268 --'I-L____1L
1918 3263 1975 3268 -_
2016 3247 2116 3268 1---
2222 3244 2441 3268 -..κ-112-
2493 3245 2872 3268 ξ-...Α-Δεμ---
2925 3253 2984 3268 --ι
3013 3249 3175 3268 __13,
3212 3266 3279 3268 de,
3536 3256 3577 3268 -ι

496 3248 652 3302 bebit
682 3251 874 3302 contra
903 3263 1033 3301 eum
1065 3247 1163 3318 qui
1193 3250 1543 3300 contractum
1580 3247 1876 3301 celebravit
1912 3263 1978 3301 ex
2015 3247 2121 3302 hoc
2143 3244 2196 3268 ν
2219 3244 2448 3299 consilia
2493 3245 2895 3316 impendimus,
2925 3253 2988 3303 ut
3013 3249 3180 3304 nobis
3208 3266 3318 3321 pro
3366 3256 3689 3312 omnibus
3741 3276 3948 3314 curam

495 3340 794 3408 actionem,
841 3339 986 3393 sicut
1026 3339 1408 3408 praediximus.
1456 3340 1587 3393 Haec
1629 3339 1860 3393 omina
1897 3356 1930 3392 a
1959 3339 2120 3394 nobis

495 3448 664 3504 super
689 3432 1190 3488 ecclesiasticarum
1220 3434 1318 3484 aut
1345 3431 1732 3501 ptochicarum
1767 3447 1959 3486 rerum
1985 3433 2118 3488 alie-

491 3525 718 3580 natione
743 3525 924 3596 posita
953 3525 1024 3578 sit
1052 3525 1162 3593 lex,
1191 3523 1393 3578 Leonis
1421 3519 1666 3596 quidem
1693 3524 1803 3596 piae
1831 3523 2120 3580 memoria:

493 3634 730 3690 sequens
757 3616 1238 3683 constitutionem,
1256 3621 1312 3671 et
1335 3632 1451 3670 non
1475 3615 1625 3671 aliud
1647 3617 1876 3688 quidem
1897 3633 2116 3684 curans,

491 3711 643 3766 aliud
663 3714 852 3766 autem
880 3710 1203 3764 incuratum
1227 3710 1568 3780 relinquens,
1589 3709 1686 3764 sed
1710 3710 1770 3764 in
1794 3711 1952 3765 omni
1968 3716 2121 3767 terra

492 3820 666 3874 quam
695 3805 1079 3858 Romanorum
1121 3801 1372 3858 continet
1406 3802 1518 3871 lex,
1545 3807 1602 3856 et
1629 3803 1916 3858 catholicae
1943 3806 2118 3861 eccle-

492 3895 590 3950 sias
615 3894 844 3962 sanctio,
877 3895 998 3949 haec
1024 3893 1380 3962 extendatur,
1413 3898 1468 3948 et
1497 3894 1836 3950 determinet
1864 3912 1989 3966 quae
2020 3913 2121 3952 sua

492 3991 645 4056 sunt,
678 3991 734 4041 et
756 3987 936 4040 valeat
961 3989 1255 4056 perpetuo,
1287 3985 1561 4040 custodita
1581 4002 1613 4040 a
1637 3987 1996 4042 sanctissimis
2025 4006 2120 4060 pa-

491 4077 752 4133 triarchis
776 4077 1222 4148 uniuscujusque
1255 4077 1572 4147 dimceseos,
1601 4082 1658 4132 et
1688 4095 1722 4132 a
1755 4080 1866 4133 Deo
1902 4081 2117 4135 amabi-

491 4168 639 4224 libus
690 4169 1156 4240 metropolitanis,
1186 4171 1243 4224 et
1270 4169 1340 4223 ab
1369 4169 1490 4223 aliis
1535 4169 1822 4240 episcopis,
1856 4176 1912 4226 et
1951 4173 2118 4227 cleri-

493 4261 592 4327 cis,
640 4265 696 4314 et
744 4261 1068 4330 oeconomis,
1116 4265 1172 4316 et
1225 4261 1518 4316 abbatibus
1566 4267 1622 4316 et
1673 4263 2032 4333 xenodochis,
2065 4269 2121 4320 et

491 4353 826 4421 nosocomis,
879 4359 936 4408 et
985 4353 1440 4424 brephotrophis,
1493 4359 1550 4408 et
1604 4357 2032 4426 gerontocomis,
2065 4361 2119 4412 et

489 4441 988 4512 orphanotrophis,
1015 4445 1072 4496 et
1096 4441 1358 4496 omnibus
1385 4440 1644 4497 similiter
1681 4443 1986 4498 rectoribus
2021 4445 2120 4500 ali-

2221 3337 2564 3408 gerentibus,
2593 3337 2801 3393 subditi
2826 3340 3010 3394 nostri
3030 3342 3192 3396 omni
3219 3343 3658 3405 sollicitudine
3690 3355 3874 3407 vacui
3895 3355 3951 3408 in

2218 3435 2340 3485 tuto
2372 3435 2428 3485 et
2449 3445 2672 3484 summa
2692 3432 3102 3502 tranquillitate
3124 3435 3532 3496 collocentur.
3569 3442 3774 3500 Omni
3796 3447 3951 3501 enim

2219 3538 2348 3576 cum
2373 3523 2846 3594 pervestigatione
2872 3529 2929 3580 et
2953 3532 3224 3582 accurata
3243 3528 3674 3601 inquisitione
3693 3556 3950 3610 progre-

2219 3613 2426 3684 dimur,
2455 3630 2520 3669 ea
2545 3614 2766 3670 efﬁcere
2795 3617 3112 3688 cupientes,
3132 3636 3268 3691 quae
3297 3623 3666 3684 utilitatem
3700 3633 3952 3687 subditis

2218 3707 2421 3761 nostris
2443 3707 2716 3776 adferant,
2743 3709 3027 3780 simulque
3048 3713 3206 3766 omni
3232 3729 3334 3769 eos
3357 3731 3570 3775 onere
3602 3738 3682 3778 ac
3706 3725 3952 3793 damno,

2219 3799 2374 3870 quod
2415 3804 2622 3870 praeter
2658 3801 3100 3872 descriptionem
3129 3806 3443 3876 publicam
3504 3817 3578 3867 et
3619 3815 3870 3886 justam
3899 3836 3956 3872 ac

2220 3891 2440 3946 solitam
2487 3892 2844 3948 collationem
2887 3894 3155 3952 alicunde
3201 3899 3542 3960 inductum
3602 3914 3728 3978 est,
3767 3913 3954 3966 exsol-

2218 3989 2367 4038 vant.
2391 3985 2712 4040 Invenimus
2737 4003 2989 4058 namque
3011 3989 3342 4059 plurimum
3375 3994 3446 4050 in
3485 4005 3956 4074 rempublicam

2216 4075 2528 4147 iniquitatis
2554 4077 2863 4148 irrepsisse,
2893 4096 3025 4150 quae
3053 4097 3175 4137 non
3199 4083 3377 4139 initio
3417 4091 3535 4145 sed
3574 4098 3810 4164 paucis
3861 4101 3954 4152 ab-

2217 4168 2350 4222 hinc
2371 4169 2532 4223 annis
2562 4170 2798 4241 intrusa,
2832 4172 3087 4229 subditos
3112 4181 3353 4258 nostros
3384 4180 3468 4235 ad
3507 4196 3952 4260 paupertatem

2218 4259 2426 4331 adigat,
2460 4264 2528 4314 ut
2554 4262 2872 4332 periculum
2913 4265 3005 4334 sit,
3041 4283 3115 4321 ne
3159 4269 3232 4322 ad
3279 4286 3618 4333 summam
3656 4259 3953 4340 “omnium

2216 4367 2410 4407 rerum
2433 4353 2685 4450 inopiam
2715 4355 3068 4427 delabantur,
3099 4363 3158 4414 et
3186 4365 3546 4423 secundum
3579 4372 3951 4450 descriptio-

2216 4459 2351 4500 nem
2377 4445 2686 4540 publicam,
2714 4463 2787 4503 ne
2835 4455 3105 4506 consueta
3145 4453 3397 4524 quidem
3429 4465 3503 4516 et
3537 4466 3769 4540 solita,
3805 4445 3959 4529 vere

487 4549 732 4604 quorum
761 4537 1084 4588 sanctorum
1111 4533 1499 4604 collegiorum,
1533 4533 1796 4590 omnibus
1823 4535 2196 4624 imponensD
2219 4553 2330 4608 que
2356 4537 2448 4608 pia
2478 4538 2692 4594 tributa
2721 4540 2947 4610 publica
2982 4543 3108 4598 sine
3141 4547 3311 4616 gravi
3345 4549 3709 4623 dispendio
3755 4533 3830 4619 ἐι
3875 4583 3960 4620 ne.

490 4625 786 4696 proprium
813 4625 990 4681 robur
1007 4629 1064 4681 et
1080 4626 1367 4681 licentiam
1391 4627 1650 4697 praebens
1668 4627 1876 4683 volenti
1903 4628 2118 4684 denun-

486 4719 628 4774 tiare
657 4735 787 4791 quae
817 4719 1241 4790 delinquuntur.
1268 4719 1582 4774 Laudabilis
1611 4720 1764 4774 enim
1793 4720 2116 4792 hujusmodi

485 4813 589 4877 est,
637 4815 694 4866 et
735 4810 1149 4866 calumniatoris
1197 4811 1428 4882 effugiet
1472 4827 1700 4879 nomen,
1749 4812 1845 4883 qui
1889 4829 2114 4868 causam

485 4907 679 4958 contra
728 4904 883 4974 leges
931 4904 1135 4958 factam
1185 4903 1506 4974 redarguit,
1552 4909 1746 4958 auctor
1799 4904 2016 4976 pietatis
2058 4909 2115 4961 et

482 4995 738 5050 utilitatis
785 4996 953 5050 sacris
1007 4995 1268 5050 domibus
1316 4995 1510 5050 factus.
1562 4996 1872 5052 Servabant
1925 5003 2114 5053 autem

482 5102 608 5142 eam
638 5088 1006 5143 nihilominus
1043 5069 1332 5144 et‘nostrae
1369 5088 1698 5160 reipublicze
1718 5089 1937 5159 judices
1983 5107 2109 5146 ma-

475 5178 629 5248 jores
675 5185 730 5236 et
759 5181 1025 5250 minores,
1054 5181 1240 5236 civiles
1287 5185 1345 5235 et
1383 5181 1678 5248 militares,
1725 5187 1780 5236 et
1827 5183 2111 5254 praecipue

481 5286 586 5340 per
613 5288 809 5328 omnes
835 5273 1098 5329 diceeeses
1127 5272 1416 5328 constituti
1449 5273 1831 5344 gloriosissimi
1859 5275 2110 5346 praefecti

483 5377 776 5418 sacrorum
821 5365 1240 5436 praetoriorum,
1266 5371 1323 5421 et
1359 5365 1569 5421 medias
1612 5366 1883 5424 habentes
1922 5367 2105 5422 admi-

481 5454 855 5524 nistrationes,
908 5474 1046 5528 quas
1092 5458 1421 5530 spectabiles
1470 5464 1672 5514 vocant
1723 5459 1978 5530 (dicimus
2013 5476 2110 5514 au-

477 5550 596 5600 tem
649 5548 1019 5618 Augustalem
1063 5549 1134 5604 et’
1158 5551 1604 5622 proconsulares,
1637 5555 1694 5607 et
1739 5552 2104 5624 spectabilem

478 5639 743 5695 comitem
791 5640 1051 5712 Orientis)
1099 5646 1155 5696 et
1205 5643 1360 5712 alios,
1393 5649 1450 5699 et
1497 5645 1594 5716 qui
1641 5648 1766 5716 post
1805 5644 1926 5700 illos
1973 5650 2108 5702 sunt

475 5733 856 5803 magistratus,
888 5734 996 5789 hoc
1035 5737 1120 5788 est
1163 5735 1575 5806 provinciarum
1623 5737 1943 5794 consulares
1989 5739 2103 5796 sive

475 5825 744 5894 praesides
781 5825 1091 5894 constituti,
1121 5830 1288 5897 atque
1333 5826 1654 5884 defensores
1701 5829 2010 5902 civitatum,
2046 5835 2102 5886 et
2200 5833 2616 5906 administrant,
2636 5835 2795 5908 puris
2813 5840 3054 5896 utantur
3081 5825 3394 5920 manibus,

2216 4629 2467 4727 cessitate
2488 4636 2703 4701 queant
2719 4633 3064 4727 persolvere.
3097 4639 3179 4692 Ac
3207 4655 3350 4695 cum
3375 4646 3442 4698 et
3462 4649 3588 4718 qui
3617 4651 3954 4727 imPerium

2213 4721 2443 4793 aliquod
2472 4727 2622 4778 retro
2650 4725 2814 4780 annis
2858 4743 3070 4798 parum
3096 4731 3282 4800 probe
3317 4750 3689 4805 gesserunt
3723 4721 3954 4822 semper

2211 4813 2425 4886 aliquid
2452 4821 2723 4886 cuperent
2753 4817 2925 4873 rebus
2954 4820 3072 4875 suis
3093 4821 3247 4878 lucri
3278 4843 3396 4898 per
3427 4832 3832 4900 ofﬁciorum

2211 4905 2480 4962 lationem
2497 4908 2781 4978 accedere,
2803 4911 3130 4984 meritoque
3148 4914 3284 4971 illos
3302 4935 3765 4992 sequerentur
3785 4938 3947 4992 etiam

2213 4997 3018 5096 gloriosissimipraetoriorum
3041 5009 3329 5082 praefecti,
3353 5016 3468 5086 qui
3493 5035 3814 5096 unquam
3837 5031 3948 5086 ﬁeri

2209 5091 2394 5162 potuit
2419 5097 2486 5147 ut
2518 5093 2810 5151 collatores
2849 5100 3320 5158 extraordinariis
3368 5091 3755 5182 dispendiis
3788 5125 3950 5178 simul

2209 5188 2266 5288 et
2297 5183 2474 5239 solitis
2509 5201 2583 5288 ac.
2601 5185 2976 5288 pientissimis
2995 5191 3244 5261 publicis
3271 5206 3831 5271 praestationibus
3859 5233 3948 5288 per

2209 5275 2268 5330 id
2301 5292 2478 5348 genus
2503 5276 2824 5375 iniquitatis
2852 5281 3184 5340 sufﬁcerent
3203 5288 3233 5341 Τ
3286 5289 3508 5352 Subiit
3567 5302 3788 5375 igitur
3831 5275 3944 5364 τιιηί-

2206 5384 2366 5471 mum
2394 5370 2676 5472 cogitatio,
2703 5388 2819 5476 quo
2849 5375 3085 5476 tandem
3117 5377 3298 5476 facto,
3330 5370 3675 5465 quidquid
3719 5405 3943 5476 uspiam

2203 5465 2265 5516 in
2293 5465 2592 5532 provinciis
2633 5465 2840 5520 nostris
2889 5467 3132 5524 noxium
3163 5473 3394 5547 existit,
3431 5465 3939 5552 possemusuno

2207 5554 2460 5658 generali
2503 5559 2632 5658 actu
2677 5557 2749 5612 ad
2769 5558 3029 5658 _me1iora
3061 5563 3401 5625 traducere.
3439 5574 3528 5632 Et
3575 5586 3806 5658 τείρεα
3851 5591 3938 5644 hoc

2204 5651 2538 5702 eventurum
2593 5649 3108 5724 deprehendimus,
3161 5659 3212 5711 si
3266 5660 3502 5722 demus
3557 5649 3836 5748 operam
3891 5691 3940 5738 ut

2203 5741 2460 5810 gentium
2507 5742 2794 5813 praesides,
2829 5745 2929 5816 qui
2971 5746 3160 5802 civilia
3210 5751 3279 5807 in
3333 5741 3711 5828 provinéiis
3759 5777 3938 5832 ofﬁci;

3415 5857 3483 5910 et
3515 5867 3714 5922 omni
3752 5871 3932 5942 praeda
