4022 6414
142 333 248 388 Οἱῖ)

967 336 1330 392 JL'STINIANI
1368 341 1692 394 NUVELLJI
1733 343 2065 399 SELECTA‘Z.
2107 344 2416 404 NOVEUA
2456 349 2586 407 VIII.

3417 363 3522 420 950

136 439 485 507 abstineant,
513 441 602 494 his
629 440 759 495 solis
787 442 1055 512 contenti,
1086 459 1212 514 quin
1238 446 1566 516 praebentur
1593 421 1658 502 ex
1687 465 1790 520 pu-
1809 462 1868 536 Α
1889 454 1994 521 est,
2050 469 2258 526 nempe
2301 457 2592 514 avaritiam
2636 462 2894 516 omnium
2945 463 3229 520 malorum
3277 471 3521 524 matrem

135 532 310 588 blico.
347 533 510 597 Quod
551 534 784 606 quidem
809 534 972 590 aliter
995 551 1110 590 non
1137 535 1254 605 ﬁet,
1285 538 1396 592 nisi
1427 556 1652 612 quoque
1682 541 1789 614 ipsi
1810 532 1867 536 η
1891 545 2148 616 existere,
2177 551 2235 603 et
2263 549 2532 619 maxime,
2561 569 2691 608 cum
2715 553 2775 608 in
2801 555 3007 611 animis
3025 574 3140 612 non
3168 559 3523 630 privatorum

137 625 330 680 ofﬁcia
370 627 618 698 gratuita
659 628 1032 700 susceperint,
1059 645 1243 701 neque
1271 634 1552 702 praetextu
1582 634 1663 704 (ut
1691 652 1786 690 vo-

136 719 294 791 cant)
335 719 766 792 suffragiorum,
817 737 1003 792 neque
1045 721 1134 790 iis,
1165 723 1265 794 qui
1290 725 1652 796 magistratus
1683 745 1782 800 ge-

133 817 302 881 runt,
330 829 516 885 neque
547 813 813 886 cuiquam
845 814 939 870 alii
967 814 1280 888 quidquam
1309 817 1523 874 dantes.
1541 821 1786 877 Tametsi

132 906 301 960 enim
351 923 472 962 non
515 906 756 978 exiguus
808 907 1048 980 imperio
1090 909 1304 964 reditus
1340 927 1404 966 ea
1443 929 1506 967 re
1543 913 1783 984 decedit,

129 997 652 1055 animadvertimus
672 1005 861 1056 tamen
881 1001 1239 1057 collatoribus
1258 1003 1484 1072 nostris,
1513 1005 1558 1060 si
1573 1005 1788 1062 indem-

131 1108 242 1147 nes
283 1097 457 1166 atque
493 1093 659 1149 illaasi
685 1111 718 1149 a
761 1095 1051 1166 judicibus
1106 1101 1528 1168 conserventur,
1585 1099 1787 1172 ingens

130 1185 562 1241 incrementum
581 1187 1002 1260 accipientibus,
1025 1192 1141 1244 tam
1163 1189 1470 1262 imperium
1485 1207 1658 1264 quam
1685 1210 1787 1264 pu-

125 1279 358 1334 blicum
387 1280 656 1335 aerarium
681 1286 832 1336 recte
863 1299 920 1337 se
948 1283 1302 1350 habiturum,
1328 1300 1556 1356 semper
1590 1285 1785 1341 usibus

129 1372 260 1427 suis
287 1375 512 1444 paratos
535 1373 750 1430 habens
774 1375 1023 1430 subditos
1047 1376 1370 1447 locupletes,
1404 1380 1461 1432 et
1486 1377 1649 1432 unico
1677 1379 1784 1434 hoc

126 1465 342 1520 ordine
382 1466 724 1537 introducto,
763 1468 1014 1539 amplam
1050 1473 1107 1524 et
1145 1468 1491 1524 ineffabilem
1523 1471 1784 1527 omnium

128 1575 342 1614 rerum
367 1559 588 1632 copiam
614 1560 967 1616 exstituram.
1009 1562 1096 1616 An
1127 1578 1260 1618 vero
1295 1563 1558 1618 omnibus
1594 1564 1780 1619 mani-

125 1653 353 1708 festum
391 1669 509 1707 non
559 1657 662 1720 est,
720 1654 870 1725 quod
919 1653 1018 1726 qui
1066 1670 1271 1709 aurum
1319 1655 1432 1726 dat,
1477 1657 1691 1730 quique
1717 1673 1783 1712 eo

126 1750 309 1818 pacto
340 1745 593 1801 ofﬁcium
617 1747 864 1817 redimit,
897 1763 1014 1802 non
1059 1747 1167 1802 hoc
1212 1752 1436 1804 tantum
1473 1751 1586 1820 dat,
1632 1751 1784 1822 quod

129 1842 428 1910 praetextu
468 1839 551 1909 (ut
593 1840 896 1911 appellant)
956 1840 1361 1912 suffragiorum
1399 1845 1781 1915 excogitatum
1803 1824 1860 1896 Β

126 1938 244 2002 est,
277 1933 376 1988 sed
401 1931 574 1988 etiam
595 1933 750 1988 aliud
778 1933 1126 1989 extrinsecus
1146 1935 1326 1990 multo
1344 1936 1590 2008 amplius
1617 1953 1784 1992 accu-

126 2025 346 2096 mulat,
369 2030 435 2080 ut
477 2025 634 2098 prius
660 2027 732 2080 ab
776 2026 842 2080 iis
891 2026 1130 2098 gratiam
1169 2027 1340 2096 ineat,
1379 2029 1478 2101 qui
1513 2031 1603 2084 vel
1646 2047 1782 2086 con-

122 2122 292 2174 ferre
337 2119 609 2190 ofﬁcium,
650 2119 740 2174 vel
790 2119 1008 2176 ambire
1051 2122 1276 2176 solent?
1320 2123 1389 2177 Et
1420 2121 1498 2176 sic
1529 2139 1642 2178 uno
1670 2125 1772 2179 ab-

121 2213 316 2268 surdo
341 2212 622 2284 principio
647 2212 912 2281 admisso,
932 2214 1141 2269 multas
1161 2213 1366 2270 deinde
1393 2232 1596 2272 manus
1617 2217 1785 2272 obeat

127 2322 373 2361 necesse
421 2310 524 2377 est,
575 2306 674 2378 qui
715 2307 889 2362 semel
937 2307 1135 2379 largiri
1186 2307 1371 2378 coepit,
1415 2313 1471 2364 et
1507 2309 1783 2382 quidquid

125 2399 194 2454 id
236 2398 368 2454 auri
413 2403 519 2469 est,
568 2415 684 2454 non
729 2400 798 2455 de
824 2415 924 2454 suo
953 2399 1098 2454 forte
1134 2400 1402 2471 praebeat,
1449 2402 1545 2456 sed
1581 2407 1782 2458 mutuo

124 2497 458 2563 sumptum,
489 2496 548 2548 et
576 2498 642 2548 ut
669 2497 937 2548 mutuum
959 2493 1213 2564 accipere
1243 2494 1436 2565 possit,
1458 2495 1665 2550 damno
1691 2495 1785 2550 ob-

125 2585 354 2640 noxius
382 2602 690 2658 secumque
715 2585 1100 2656 ratiocinetur,
1137 2587 1289 2658 quod
1316 2587 1654 2642 conveniens
1689 2589 1781 2657 sit,

124 2683 368 2733 tantum
408 2695 477 2733 ex
511 2679 800 2750 provincia
841 2679 1111 2750 recipere,
1143 2683 1422 2750 quantum
1451 2681 1534 2734 vel
1566 2680 1636 2735 ad
1667 2681 1782 2736 dis-

122 2771 478 2826 solvendum
503 2789 580 2826 ass
600 2772 847 2827 alienum
863 2788 1032 2827 suum
1051 2776 1170 2827 tam
1196 2771 1256 2826 in
1283 2777 1429 2828 sorte
1455 2790 1630 2846 quam
1654 2789 1786 2828 usu-

125 2867 238 2934 ris,
270 2881 445 2936 quam
476 2864 646 2920 etiam
671 2865 899 2934 damno,
929 2865 1076 2937 quod
1106 2871 1170 2920 ut
1203 2869 1470 2920 mutuum
1485 2866 1782 2938 acciperet,

125 2957 431 3024 sustinuit,
487 2957 618 3012 satis
663 2957 753 3026 sit,
810 2957 896 3012 vel
957 2957 1462 3012 administrationis
1526 2961 1786 3030 tempore

125 3060 260 3107 tam
279 3049 484 3122 judici,
515 3066 688 3122 quam
715 3049 863 3105 circa
887 3050 1072 3122 ipsum
1105 3051 1480 3119 versantibus,
1508 3051 1786 3124 largiores

125 3147 408 3216 sumptus
445 3147 616 3216 atque
654 3147 784 3198 ante
829 3143 1104 3212 fecerunt,
1151 3143 1492 3215 suppeditet,
1533 3145 1619 3199 vel
1657 3149 1860 3255 postC

123 3236 396 3293 ofﬁcium
435 3235 782 3308 depositum,
833 3251 947 3307 quo
978 3235 1122 3290 forte
1160 3239 1416 3307 tempore
1453 3252 1585 3291 cum
1624 3242 1784 3308 pote-

123 3335 288 3386 state
317 3345 434 3384 non
462 3329 592 3397 erit,
619 3328 679 3383 in
697 3327 982 3400 longiores
1007 3327 1114 3382 sibi
1137 3344 1272 3382 usus
1317 3328 1492 3383 veluti
1538 3329 1784 3385 reditum

122 3425 404 3495 reponat,
433 3426 500 3476 ut
523 3421 677 3492 quod
705 3438 739 3475 a
767 3421 1126 3476 collatoribus
1173 3421 1378 3476 nostris
1421 3420 1684 3494 exigitur,
1723 3423 1784 3478 in

123 3517 313 3588 triplo
337 3518 438 3570 aut
461 3515 650 3586 potius
671 3513 735 3585 (si
761 3530 892 3568 vera
932 3513 1092 3568 decet
1133 3514 1413 3586 proloqui)
1447 3515 1508 3570 in
1549 3515 1784 3587 decuplo

122 3612 376 3682 superet
401 3607 479 3677 id,
511 3606 667 3680 quod
702 3606 772 3660 ab
800 3606 936 3678 ipsis
973 3606 1230 3676 dabatur,
1271 3625 1384 3680 qua
1423 3624 1486 3662 re
1529 3611 1586 3662 et
1619 3608 1784 3664 ﬁscus

121 3702 556 3760 detrimentum
585 3699 806 3754 sentiet.
833 3700 974 3753 Nam
1003 3715 1130 3771 quae
1156 3699 1216 3754 in
1242 3699 1441 3754 ﬁscum
1465 3699 1661 3755 inferri
1680 3701 1781 3756 de-

120 3801 372 3869 bebant,
400 3799 444 3853 si
473 3797 631 3870 puris
659 3797 920 3852 manibus
950 3801 1203 3862 uteretur
1247 3796 1344 3851 ille
1389 3796 1488 3869 qui
1532 3796 1784 3853 ofﬁcium

121 3894 381 3961 obtinet,
411 3907 476 3946 ea
503 3894 807 3963 postquam
831 3889 929 3961 qui
957 3889 1208 3944 ofﬁcium
1240 3889 1387 3962 gerit
1411 3889 1471 3944 in
1499 3907 1630 3945 usus
1655 3907 1785 3946 suos

65 3971 72 3977 ’
119 3984 437 4054 convertit,
477 3983 702 4054 penitus
736 3981 808 4036 ad
832 3981 1084 4054 inopiam
1109 3982 1334 4036 redacto
1361 3982 1641 4054 collatore,
1671 3983 1782 4038 hu-

108 4084 226 4153 jus
254 4076 459 4132 deinde
499 4075 751 4147 inopiam
776 4074 846 4129 ab
875 4074 998 4146 ipso
1026 4074 1320 4130 inductam
1342 4075 1504 4130 nobis
1532 4078 1781 4148 reputat.

123 4172 222 4228 Ad
263 4171 390 4225 haec
425 4183 780 4242 quaecunque
820 4167 996 4240 impie
1041 4171 1338 4238 geruntur,
1389 4183 1454 4224 ea
1495 4169 1702 4224 merito
1723 4168 1786 4224 in

121 4269 168 4322 Ιι
179 4263 471 4336 ujusmodi
498 4262 827 4318 futurorum
843 4260 1192 4316 occasionem
1221 4260 1565 4316 referuntur.
1594 4261 1781 4334 Siqui-

120 4361 277 4416 dem
321 4355 741 4427 provinciarum
785 4353 1171 4408 moderatores
1208 4353 1255 4407 si
1305 4354 1462 4408 lucro
1491 4357 1550 4408 et
1575 4353 1784 4426 praedm

119 4448 348 4508 intenti
377 4448 508 4517 sint,
536 4448 746 4502 multos
789 4463 912 4502 reos
943 4451 1130 4502 sontes
1167 4451 1397 4518 accepta
1430 4463 1536 4518 pro
1583 4446 1783 4502 delicto

1887 637 1985 692 sed
2032 640 2472 711 magistratuum
2512 645 2855 703 innascatur.
2908 649 3043 714 Quis
3095 651 3251 706 enim
3306 653 3520 726 absque

1885 735 2042 786 metu
2061 733 2295 804 periculi
2323 752 2437 790 non
2456 737 2696 808 furetur,
2715 740 2840 812 quis
2870 758 2984 796 non
3011 757 3204 799 secure
3231 744 3523 804 latrocina-

1885 825 1997 894 tur,
2030 827 2312 882 conversis
2335 829 2407 883 ad
2445 831 2838 902 magistratum
2865 834 3040 890 oculis
3085 835 3388 910 vidensque
3445 839 3516 894 il-

1880 914 2008 970 lum
2034 918 2226 973 omnia
2257 937 2395 974 auro
2427 922 2638 978 habere
2664 925 2899 996 venalia,
2941 927 3228 984 conﬁdens
3273 930 3414 998 fore,
3457 935 3520 987 ut

1884 1007 2031 1063 nihil
2055 1012 2170 1064 tam
2191 1015 2355 1084 turpe
2377 1014 2659 1085 admittat,
2686 1018 2840 1090 quod
2857 1035 2974 1074 non
2991 1021 3120 1076 data
3138 1022 3377 1094 pecunia
3396 1039 3520 1095 pos-

1888 1101 1962 1157 sit
1989 1103 2312 1160 redimere?
2350 1107 2484 1162 lnde
2514 1109 2838 1182 homicidia,
2881 1113 3178 1184 adulteria,
3227 1116 3516 1172 latronum

1884 1211 2260 1267 aggressurae,
2290 1199 2546 1271 vulnera,
2574 1207 2768 1272 raptus
2798 1205 3105 1277 virginum,
3130 1209 3518 1265 nundinarum

1887 1291 1944 1342 et
1969 1289 2330 1359 publicorum
2351 1297 2730 1350 conventuum
2759 1298 3034 1369 confusio,
3061 1306 3418 1372 contemptus
3442 1301 3520 1356 le-

1886 1397 2023 1453 gum
2043 1387 2098 1437 et
2114 1384 2570 1458 magistratuum,
2589 1388 2853 1444 omnibus
2873 1395 3145 1464 tanquam
3159 1393 3268 1447 vile
3289 1393 3519 1464 aliquod

1882 1474 2231 1545 mancipium
2309 1493 2515 1533 venum
2582 1497 2674 1535 eas
2727 1485 2969 1554 proponi
3043 1485 3516 1543 existimantibus.

1882 1565 2147 1638 Adeoque
2174 1585 2291 1624 non
2319 1569 2646 1640 sufﬁcimus,
2690 1579 2752 1628 ut
2788 1577 2873 1630 vel
2911 1577 3252 1648 cogitatione
3281 1581 3522 1650 comple—
3559 1603 3564 1608 ε

1882 1663 2120 1729 ctamur,
2165 1661 2250 1716 vel
2291 1679 2706 1736 prosequamur
2743 1667 3007 1739 dicendo,
3037 1687 3212 1742 quam
3241 1671 3421 1728 multa
3447 1689 3518 1728 ex

1883 1753 2318 1824 provincialium
2337 1757 2770 1828 magistratuum
2814 1761 2978 1816 furtis
3003 1763 3211 1817 atrocia
3235 1764 3515 1835 eveniant,

1885 1846 2113 1900 nemine
2141 1848 2384 1904 audente
2425 1866 2519 1905 eos
2551 1851 2726 1907 libere
2767 1853 3079 1926 increpare,
3113 1857 3380 1911 continuo
3405 1857 3518 1912 illis

1883 1938 2380 1995 administrationis
2405 1943 2754 2014 emptionem
2769 1947 3266 2018 praetendentibus.
3287 1949 3381 2004 His
3403 1965 3523 2006 om-

1883 2030 2050 2086 nibus
2087 2033 2236 2104 apud
2275 2051 2378 2088 nos
2421 2036 2572 2106 ipsos
2609 2037 2670 2091 in
2699 2039 3170 2095 consultationem
3197 2043 3518 2113 propositis,

1883 2130 2280 2198 assumptaque
2331 2129 2700 2200 postmodum
2733 2131 2795 2186 in
2838 2133 3260 2188 consultationis
3293 2135 3522 2190 societa-

1884 2218 2378 2289 temopientissima
2407 2238 2441 2276 a
2469 2222 2578 2277 Deo
2601 2223 2766 2279 nobis
2795 2225 2924 2280 data
2967 2225 3229 2298 conjuge,
3271 2243 3524 2283 commu-

1883 2309 2068 2364 nicato
2097 2318 2374 2382 praeterea
2405 2331 2535 2370 cum
2557 2317 2892 2372 excellentia
2913 2321 3013 2372 tua
3041 2320 3291 2391 negotio,
3331 2337 3513 2392 quan-

1883 2418 2056 2473 quam
2086 2419 2153 2458 ex
2182 2407 2541 2476 suggestione
2571 2409 2792 2464 consilii
2827 2409 2909 2464 tui
2942 2417 3217 2482 suscepto,
3264 2413 3332 2466 ad
3377 2413 3518 2468 divi-

1883 2511 2016 2549 nam
2044 2497 2192 2552 hanc
2208 2499 2397 2570 legem
2411 2501 2800 2571 pervenimus,
2828 2519 3114 2574 perquam
3137 2504 3440 2575 sancimus,
3455 2510 3522 2562 ut

1882 2603 2067 2660 neque
2091 2590 2202 2644 ulla
2229 2593 2666 2662 proconsularis,
2696 2611 2886 2666 neque
2917 2595 3001 2666 (ut
3027 2595 3300 2652 hactenus
3326 2598 3522 2670 appel-

1882 2679 2093 2754 larunt)
2135 2683 2362 2750 vicaria,
2408 2701 2596 2757 neque
2633 2703 2825 2742 comes
2865 2688 3127 2756 Orientis,
3158 2705 3344 2762 neque
3369 2707 3522 2762 quae-

1883 2790 2108 2846 cunque
2137 2776 2244 2830 alia
2271 2777 2706 2848 administratio,
2736 2779 2849 2834 sive
2875 2783 3204 2852 consularis,
3243 2784 3358 2838 sive
3404 2801 3522 2838 cor-

1883 2868 2118 2922 rectoria
2174 2867 2434 2940 (quarum
2467 2887 2727 2943 expresse
2763 2873 3112 2930 mentionem
3147 2875 3350 2932 divinae
3389 2876 3524 2932 huic

1884 2965 2092 3016 nostrae
2120 2962 2234 3033 legi
2256 2964 2508 3034 subjecta
2552 2965 2744 3025 tabula
2786 2965 2936 3035 facit,
2987 2984 3127 3039 quas
3175 2968 3345 3024 etiam
3377 2969 3523 3026 solas

1885 3053 1989 3108 sub
2019 3055 2164 3109 hanc
2193 3055 2384 3126 legem
2409 3057 2761 3130 deducimus)
2789 3058 3151 3132 suffragium,
3183 3065 3282 3117 aut
3308 3079 3412 3134 pro
3435 3063 3522 3119 of-

1884 3146 2012 3200 ficio
2039 3147 2252 3218 aliquid
2280 3149 2382 3203 ulli
2422 3151 2800 3222 magistratui,
2827 3152 2915 3207 vel
2947 3151 3016 3208 iis
3051 3153 3150 3224 qui
3177 3153 3323 3210 circa
3346 3156 3524 3228 magi-

1885 3243 2095 3294 stratus
2133 3245 2284 3307 sunt,
2311 3241 2474 3297 aliive
2500 3259 2757 3314 personas
2782 3245 3082 3316 patrocinii
3112 3248 3343 3303 nomine
3377 3266 3522 3322 prte-

1883 3336 2053 3400 stent,
2101 3332 2200 3386 sed
2244 3349 2370 3388 cum
2411 3334 2585 3404 gratis
2634 3336 2820 3390 ofﬁcia
2861 3336 3260 3408 adipiscantur,
3301 3341 3522 3396 modica

1881 3428 2104 3480 tantum
2131 3425 2394 3496 quaedam
2421 3426 2652 3482 nomine
2681 3427 3065 3483 codicillorum
3091 3435 3149 3484 et
3163 3431 3516 3504 chartarum,

1883 3534 2011 3590 quae
2049 3535 2220 3589 super
2245 3535 2585 3590 unoquoque
2611 3519 2736 3574 dari
2766 3520 2970 3590 solent,
3001 3522 3312 3592 praebeant.
3341 3525 3523 3597 Siqui-

1883 3611 2014 3665 dem
2042 3611 2297 3666 tabulam
2330 3611 2464 3666 huic
2499 3612 2704 3667 divinae
2746 3612 2863 3684 legi
2911 3619 3120 3669 nostra;
3155 3615 3516 3687 subjecimus,

1882 3719 2012 3775 quae
2041 3703 2286 3758 declaret
2309 3703 2444 3776 quid
2469 3710 2924 3777 unumquodque
2955 3705 3207 3762 ofﬁcium
3235 3710 3321 3764 vel
3351 3709 3412 3764 in
3437 3727 3520 3764 sa-

1884 3812 1980 3850 cro
2008 3801 2195 3851 nostro
2214 3797 2500 3865 laterculo,
2541 3797 2632 3852 vel
2662 3797 2722 3852 in
2750 3798 2964 3870 judicio
3009 3801 3357 3856 excellentiae
3404 3807 3518 3870 tua:

1883 3888 2288 3957 codicillorum,
2333 3889 2447 3944 sive
2491 3889 3026 3968 instrumentorum,
3077 3893 3165 3948 vel
3196 3893 3519 3965 jussionum

1885 3981 2122 4036 nomine
2150 3983 2408 4054 praebere
2439 3983 2753 4054 conveniat,
2781 3987 2846 4038 ut
2871 3983 2928 4039 id
2946 3989 3140 4040 tamen
3165 3987 3236 4043 ad
3262 3988 3521 4043 modera-

1883 4075 2101 4130 tionem
2130 4075 2446 4144 redactum,
2474 4093 2593 4132 non
2617 4093 2897 4148 magnum
2911 4077 2992 4132 illi
3014 4095 3245 4135 sensum
3276 4085 3332 4136 et
3350 4081 3521 4138 detri-

1883 4173 2146 4222 mentum
2172 4168 2412 4224 adferat.

1956 4260 2096 4316 lllud
2127 4278 2260 4316 sane
2285 4261 2661 4332 decernimus,
2691 4279 2762 4318 ne
2789 4265 3006 4320 Asiana;
3031 4265 3336 4338 provincias
3365 4267 3513 4323 vica-

1882 4353 2021 4420 rius,
2057 4354 2156 4424 qui
2203 4355 2260 4408 et
2284 4355 2548 4427 Phrygiae
2575 4357 2888 4416 Pacatianze
2913 4375 3122 4430 praeses
3147 4364 3249 4430 est,
3273 4361 3519 4432 amplius

1884 4461 1950 4502 eo
1975 4446 2290 4518 appelletur
2310 4447 2562 4517 nomine,
2596 4449 2692 4503 sed
2717 4450 2788 4504 de
2817 4454 3024 4506 caetero
3067 4467 3279 4506 nomen
3316 4453 3519 4508 habeat

117 4541 382 4618 pecunia
409 4541 724 4609 absolvunt,
751 4540 958 4594 multos
998 4555 1194 4594 rursus
1235 4539 1506 4608 insontes,
1540 4542 1608 4594 ut
1647 4556 1778 4595 son-
1797 4538 1858 4612 D
1880 4539 2114 4596 Comitis
2136 4539 2450 4594 Pacatianas
2475 4541 2757 4612 Phrygiae,
2789 4543 3100 4614 eademque
3125 4561 3195 4598 ex
3233 4544 3366 4598 ﬁsco
3409 4561 3513 4600 an-

111 4638 290 4696 tibus
319 4633 561 4706 gratiam
600 4633 826 4701 faciant,
855 4632 1262 4688 condemnant.
1291 4633 1488 4704 Neque
1513 4633 1576 4688 in
1599 4649 1775 4704 pecu-

109 4727 336 4788 niariis
362 4729 591 4782 tantum
623 4726 730 4781 hoc
755 4725 936 4782 causis
967 4729 1166 4797 agunt,
1199 4725 1298 4780 sed
1343 4724 1518 4780 etiam
1570 4725 1630 4780 in
1669 4726 1777 4780 cri-

113 4822 390 4881 minibus
431 4819 696 4894 publicis,
747 4819 846 4874 ubi
897 4818 967 4874 de
1012 4817 1126 4874 vita
1155 4818 1475 4890 periculum
1500 4821 1776 4875 versatur.

114 4917 279 4975 Ilinc
304 4930 375 4970 ex
399 4913 700 4985 provinciis
725 4912 880 4984 fugas
910 4911 1180 4980 existunt,
1225 4911 1363 4966 hinc
1411 4927 1482 4966 ex
1517 4911 1780 4968 omnibus

114 5007 350 5084 passim
375 5007 509 5062 locis
538 5008 832 5078 gementes
863 5005 976 5061 huc
1001 5003 1296 5060 conﬂuunt
1313 5004 1646 5076 sacerdotes,
1678 5005 1778 5060 de-

114 5101 420 5169 curiones,
451 5099 791 5167 cohortales,
814 5103 1004 5170 patres
1027 5097 1372 5154 familiarum
1407 5097 1636 5170 plebeii,
1679 5114 1778 5154 ru-

116 5194 284 5264 stici,
313 5193 527 5266 optimo
546 5193 678 5264 jure
695 5191 957 5264 judicum
983 5195 1308 5247 nostrorum
1343 5191 1556 5263 rapinis
1594 5196 1650 5248 et
1691 5191 1778 5247 in-

106 5287 304 5364 juriis
354 5290 766 5342 succensentes.
817 5285 1010 5358 Neque
1052 5301 1118 5341 ea
1143 5301 1280 5340 sane
1318 5285 1434 5339 sola
1479 5283 1644 5352 ﬁunt,
1685 5285 1782 5340 sed

116 5383 317 5441 etiam
358 5381 416 5435 in
456 5378 770 5435 civitatibus
814 5378 1119 5434 seditiones
1166 5382 1223 5432 et
1264 5377 1568 5449 populares
1593 5382 1782 5434 motus

113 5473 394 5552 pecunias
424 5477 504 5542 (ut
527 5471 857 5545 plurimum)
891 5488 1056 5526 causa
1075 5474 1132 5526 et
1155 5469 1474 5525 excitantur
1503 5474 1559 5524 et
1597 5471 1780 5542 repri-

119 5570 397 5627 muntur.
429 5567 492 5620 In
521 5581 750 5621 summa
779 5566 900 5621 haec
920 5567 1005 5620 est
1027 5563 1285 5618 omnium
1311 5563 1594 5618 malorum
1621 5579 1784 5618 causa

118 5667 191 5720 et
209 5659 489 5733 pecunias
516 5675 587 5715 ex
598 5657 794 5714 ofﬁciis
802 5657 1134 5730 conquirere
1149 5655 1410 5711 omnium
1435 5655 1782 5727 flagitiorum

123 5751 492 5830 principium
523 5753 579 5806 et
601 5750 748 5806 ﬁnis.
778 5753 843 5808 Et
871 5750 1140 5824 profecto,
1187 5748 1342 5822 quod
1383 5765 1542 5804 sacra
1581 5749 1786 5804 docent

123 5845 396 5922 eloquia,
433 5843 803 5900 admiratione
845 5845 1085 5918 dignum
1136 5843 1306 5901 simul
1339 5845 1396 5900 et
1425 5841 1784 5898 verissimum

1879 4647 2157 4686 nonarum
2173 4635 2230 4686 et
2255 4631 2505 4703 capitum
2542 4633 2707 4688 titulo
2735 4633 2901 4703 ferat,
2954 4653 3083 4708 qua:
3118 4653 3222 4707 pro
3266 4641 3512 4709 utroque

1879 4724 2062 4780 ofﬁcio
2076 4741 2250 4796 usque
2267 4724 2452 4780 adhuc
2475 4725 2748 4798 percepit,
2776 4727 2932 4782 nullo
2957 4745 3024 4784 ex
3058 4729 3166 4784 hoc
3191 4729 3506 4786 deminuto.

1879 4819 2070 4890 Neque
2096 4817 2314 4874 duabus
2332 4818 2654 4874 cohortibus
2681 4821 2893 4890 utatur,
2927 4821 3024 4876 sed
3045 4837 3114 4876 ex
3137 4824 3372 4894 utraque
3397 4828 3514 4878 tam
3581 4861 3584 4864 ~

1878 4910 2156 4984 praesidis,
2183 4927 2354 4982 quam
2367 4911 2559 4966 vicarii
2572 4911 2742 4968 simul
2769 4912 3060 4985 permista,
3081 4931 3195 4969 una
3205 4914 3518 4970 Comitiana

1880 5020 1943 5059 re
1987 5008 2044 5058 et
2082 5003 2310 5060 nomine
2355 5005 2732 5060 constituatur
2770 5005 3129 5078 publicorum
3169 5007 3515 5065 tributorum

1879 5097 2131 5169 periculo
2155 5097 2262 5170 ipsi
2291 5097 2460 5152 simul
2491 5102 2548 5152 et
2577 5098 2839 5154 omnibus
2859 5099 3214 5171 imminente,
3243 5101 3518 5158 nimirum

1879 5206 1998 5246 una
2022 5191 2253 5246 cohorte
2279 5190 2596 5258 constituta,
2617 5196 2674 5246 et
2689 5191 2752 5246 in
2775 5191 2934 5247 nullo
2958 5192 3186 5264 penitus
3205 5193 3396 5263 divisa,
3420 5196 3519 5252 sed

1883 5283 2154 5338 universis
2173 5285 2232 5338 in
2249 5300 2364 5338 uno
2392 5283 2570 5340 veluti
2591 5283 2830 5357 collegio
2849 5285 3196 5358 conjunctim
3224 5287 3517 5344 militanti-

1881 5377 1987 5432 bus
2013 5393 2027 5430 :
2057 5377 2245 5432 ferens
2272 5377 2409 5432 item
2435 5393 2504 5432 ex
2529 5377 2752 5450 publico
2776 5395 3030 5434 annonas
3059 5385 3118 5436 et
3155 5381 3337 5453 capita
3374 5399 3516 5454 pro-

1881 5474 2010 5542 pter
2035 5470 2496 5541 congeminatum
2525 5470 2863 5544 periculum,
2905 5489 3033 5544 quae
3071 5478 3314 5546 utraque
3353 5481 3518 5532 antea

1883 5563 2083 5618 cohors
2117 5562 2357 5618 ferebat.
2387 5563 2509 5618 Non
2533 5567 2725 5620 tamen
2750 5569 2816 5619 ut
2833 5568 2967 5619 ante
2995 5565 3228 5637 quidem
3255 5565 3514 5636 vicarius,

1881 5671 2036 5710 nunc
2087 5672 2220 5712 vero
2271 5655 2585 5728 spectabilis
2630 5657 2942 5713 Pacatiansc
2985 5658 3250 5730 Phrygiae
3301 5674 3512 5723 comes,

1883 5748 2057 5803 ullam
2083 5748 2314 5804 omnino
2357 5749 2416 5804 in
2452 5753 2682 5806 caeteras
2722 5749 2915 5805 Asiani
2952 5754 3162 5805 tractus
3202 5749 3516 5820 provincias

1882 5844 2219 5916 potestatem
2251 5841 2356 5898 sibi
2394 5846 2453 5899 et
2475 5842 2786 5918 imperium
2818 5846 3072 5916 usurpet,
3119 5841 3214 5897 sed
3250 5841 3520 5914 quemad-
