4022 6442
523 339 624 432 est

1662 375 1914 432 SECULI
1952 372 2142 428 SEXTI
2181 371 2732 428 SUPPLEMENTUM.

3849 375 3956 427 952

514 483 750 539 modum
768 481 1086 554 spectabilis
1104 482 1411 536 Pacatianae
1427 482 1688 554 Phrygiae
1709 482 1931 537 comitis
1951 479 2139 551 appel-
2159 489 2217 562 Α
2237 479 2317 533 ita
2343 479 2623 534 sancimus
2644 484 2706 534 ut
2725 479 2826 551 qui
2845 478 3069 550 integre
3091 495 3149 534 se
3174 479 3234 534 in
3253 478 3464 537 ofﬁciis
3489 482 3758 550 gerunt,
3788 479 3956 534 omni

517 575 788 631 lationem
815 574 1047 644 obtinet,
1077 574 1153 628 ita
1172 575 1344 630 etiam
1370 576 1488 629 sola
1515 575 1596 645 (ut
1623 573 2002 646 praediximus)
2029 575 2132 626 Pa-

513 667 728 722 catiana
753 667 999 738 Phrygia
1023 670 1320 723 contentus
1349 667 1439 722 sit.
1468 669 1580 722 Hoc
1609 668 1794 740 ipsum
1822 684 1952 722 vero
1997 673 2053 723 et
2077 667 2138 722 in

513 760 688 814 altero
721 759 1074 828 vicariorum,
1106 761 1205 830 qui
1241 765 1371 814 ante
1417 777 1522 832 per
1557 761 1850 815 Ponticum
1893 766 2138 816 tractum

517 857 680 910 erant
701 853 1008 921 constituti,
1039 852 1360 922 definimus,
1390 858 1455 907 ut
1479 869 1598 908 non
1621 853 1732 908 duo
1757 854 1817 908 in
1841 857 2134 924 posterum

514 945 776 1015 existant,
804 945 902 1001 sed
929 961 1075 1000 unus
1102 949 1327 1000 tantum
1349 946 1446 1016 qui
1478 946 1705 1017 quidem
1736 963 1924 1001 comes
1949 947 2138 1018 appel-

515 1037 668 1093 letur
691 1038 914 1092 Galatiae
929 1038 1148 1109 primae,
1171 1037 1378 1093 habeat
1402 1043 1591 1093 autem
1621 1039 1702 1108 (ut
1725 1039 1893 1094 hodie
1913 1056 2138 1110 quoque

513 1130 670 1201 solet)
699 1130 870 1185 etiam
895 1130 955 1184 in
979 1130 1187 1186 milites
1209 1134 1564 1202 potestatem,
1593 1131 1646 1186 ei
1686 1131 1982 1203 utriusque
2013 1133 2136 1186 ofﬁ-

517 1223 588 1277 cii
623 1239 876 1278 annonas
903 1223 1066 1278 ferat.
1109 1225 1178 1278 Ut
1200 1227 1392 1278 tamen
1418 1229 1575 1278 extra
1600 1223 1868 1278 Galatiam
1899 1224 2139 1295 primam

522 1315 752 1376 (nullam
795 1315 946 1370 enim
994 1315 1225 1370 omnino
1257 1315 1425 1370 aliam
1469 1315 1522 1370 ei
1561 1316 1959 1388 permittimus)
1998 1317 2139 1372 nihil

517 1408 768 1464 obtineat
793 1408 1017 1479 imperii
1041 1408 1101 1462 in
1128 1408 1303 1462 ullam
1329 1409 1616 1463 Ponticam
1642 1409 2010 1479 provinciam,
2041 1410 2139 1464 sed

514 1516 618 1573 per
645 1500 819 1554 solam
859 1500 1130 1555 Galatiam
1159 1500 1402 1570 primam
1432 1500 1798 1555 consimiliter
1827 1505 1883 1556 et
1910 1501 2138 1558 cohorte

513 1593 802 1664 permista,
831 1599 886 1648 et
912 1609 1015 1664 pro
1042 1609 1154 1648 uno
1177 1593 1259 1664 (ut
1283 1592 1545 1662 diximus)
1576 1593 1886 1648 Comitiano
1907 1594 2138 1666 collegio

512 1701 574 1740 re
605 1689 660 1740 et
684 1685 914 1740 nomine
933 1685 1215 1740 intellecta
1242 1690 1298 1741 et
1324 1691 1636 1754 numerata,
1661 1687 1888 1741 nemine
1914 1703 1983 1742 ex
2007 1687 2140 1758 ipsis

513 1777 689 1834 ullam
717 1793 850 1847 erga
884 1777 1020 1832 alios
1050 1779 1279 1832 omnino
1310 1777 1682 1833 differentiam
1709 1779 2014 1848 obtinente,
2041 1780 2140 1834 sed

512 1885 628 1926 una
659 1869 856 1924 cohors
879 1870 952 1924 sit
976 1870 1044 1924 iis
1085 1871 1183 1942 qui
1216 1871 1318 1926 uni
1353 1870 1582 1942 praesidi
1629 1871 1798 1926 unius
1837 1871 2138 1943 provinciae

512 1962 716 2017 rectori
744 1963 979 2032 subjecti
1005 1968 1154 2029 sunt,
1186 1965 1304 2018 tota
1351 1963 1518 2018 simul
1567 1964 1800 2019 cohorte
1844 1980 1963 2018 una
2008 1980 2138 2020 cum

515 2070 616 2109 suo
644 2054 882 2125 praeside
911 2056 1056 2110 circa
1079 2056 1292 2110 tributa
1311 2055 1682 2126 periclitante.

587 2147 732 2202 Nulli
759 2163 988 2218 quoque
1007 2147 1186 2218 judici
1206 2147 1433 2218 penitus
1459 2147 1841 2216 concedimus,
1860 2164 2046 2219 neque
2069 2150 2140 2204 ci-

513 2237 630 2306 vili,
661 2255 847 2311 neque
874 2240 1128 2306 militari,
1157 2240 1381 2294 mittere
1407 2256 1510 2311 per
1538 2239 1786 2294 civitates
1814 2241 2134 2311 provinciis,

514 2333 717 2403 quibus
746 2333 1026 2402 praesidet,
1062 2349 1158 2387 eos
1187 2333 1284 2404 qui
1314 2338 1584 2387 vocantur
1626 2333 1730 2388 loci
1785 2337 2088 2388 servatores
2119 2353 2134 2403 ;

515 2425 836 2492 scientibus,
865 2425 1015 2496 quod
1046 2427 1092 2480 si
1120 2425 1257 2497 quid
1284 2425 1396 2480 tale
1412 2425 1664 2494 fecerint,
1697 2425 1801 2496 ipsi
1827 2427 2024 2480 cadent
2048 2427 2140 2480 ad-

516 2517 942 2588 ministratione,
974 2523 1378 2589 praesumentes
1415 2517 1550 2573 alios
1590 2518 1650 2572 in
1691 2533 1858 2572 suum
1890 2519 2140 2574 ofﬁcium

517 2611 749 2666 elevare.

583 2703 738 2758 Idem
759 2703 864 2757 hoc
889 2701 1126 2757 dicimus
1156 2707 1211 2758 et
1236 2702 1296 2756 in
1325 2701 1632 2758 clarissimo
1660 2702 1864 2758 comite
1897 2703 2139 2758 Orientis

515 2799 569 2850 et
598 2795 910 2850 clarissimo
942 2795 1181 2866 praeside
1208 2796 1359 2865 (nam
1384 2799 1446 2850 ‘et
1473 2795 1586 2850 illic
1611 2813 1681 2850 ex
1707 2799 1944 2866 utraque
1964 2813 2140 2852 unam

515 2887 1060 2942 administrationem
1095 2887 1346 2958 facimus)
1375 2892 1440 2942 ut
1464 2905 1670 2943 nomen
1684 2889 1915 2959 quidem
1933 2893 2140 2960 specta-

520 2979 652 3034 bilis
682 2979 900 3034 comitis
923 2979 1398 3048 Orientishabeat,
1419 2981 1518 3034 uni
1547 2997 1678 3035 vero
1722 2983 1942 3036 tantum
1975 2998 2036 3036 re
2084 2986 2140 3037 et

517 3071 750 3126 nomine
797 3071 1122 3126 Comitianse
1153 3071 1370 3126 cohorti
1408 3073 1668 3144 imperet,
1709 3079 1764 3127 et
1788 3074 2034 3144 primam
2057 3091 2140 3127 so-

516 3164 808 3220 lummodo
840 3163 1061 3234 Syriam
1081 3167 1137 3218 et
1159 3164 1538 3234 Gyrrhesticos
1565 3170 1742 3236 regat,
1773 3170 1828 3220 et
1849 3165 2138 3238 utriusque

515 3257 726 3329 pariter
755 3256 922 3311 ofﬁcii
942 3256 1180 3311 annonis
1198 3257 1540 3327 perfruatur.
1569 3259 1861 3329 Equalem
1883 3259 2035 3312 enim
2055 3259 2135 3314 vi-

517 3350 680 3405 cariis
707 3349 890 3419 ipsum
921 3365 1145 3420 quoque
1171 3349 1456 3420 ponimus,
1490 3354 1554 3404 ut
1597 3355 1653 3406 et
1692 3351 1810 3422 ipse
1850 3367 1964 3405 una
2009 3368 2140 3408 cum

517 3443 746 3497 cohorte
775 3441 857 3495 illi
877 3441 1286 3496 obsecundante
1327 3458 1428 3513 pro
1465 3442 1806 3521 tributorum
1850 3445 2138 3500 exactione

517 3540 572 3590 et
599 3535 772 3590 civilis
805 3551 868 3589 ac
907 3534 1150 3606 publica:
1191 3534 1496 3606 disciplima
1531 3536 1946 3592 conservatione
1984 3537 2135 3608 peri-

517 3627 757 3683 clitetur.

584 3722 758 3777 Porro
785 3719 1048 3774 volumus
1084 3725 1148 3774 ut
1201 3735 1396 3776 omnes
1446 3721 1680 3776 omnino
1721 3721 2137 3792 provinciarum

515 3818 837 3870 nostrarum
860 3812 1192 3884 praesidibus
1235 3813 1622 3883 subjiciantur.
1661 3813 1871 3868 Plebeii
1907 3813 2137 3886 quidem

518 3906 706 3978 (prout
717 3904 1122 3976 jurisdictionis
1139 3904 1432 3976 proprium
1453 3907 1552 3976 est)
1573 3905 1632 3960 in
1647 3906 1908 3960 omnibus
1928 3907 2132 3976 causis,

517 4002 574 4052 et
594 4012 927 4070 quacunque
951 3997 1262 4063 occasione,
1284 4001 1400 4052 tam
1425 3997 1749 4068 pecuniaria
1767 4015 1937 4070 quam
1951 3999 2138 4054 crimi-

520 4089 656 4145 nali.
685 4088 791 4153 Qui
827 4104 958 4143 vero
981 4089 1180 4143 militia
1211 4088 1476 4159 decorati,
1506 4095 1562 4145 et
1584 4091 1828 4162 propriis
1846 4091 2138 4161 judicibus

521 4180 771 4252 deputati
801 4184 952 4248 sunt,
984 4180 1350 4236 nihilominus
1376 4183 1544 4236 etiam
1567 4183 1659 4238 isti
1687 4199 1788 4253 per
1815 4184 2004 4238 omnia
2028 4183 2137 4238 illis

518 4273 860 4328 tributorum
889 4277 944 4328 et
972 4273 1271 4328 criminum
1307 4275 1590 4330 occasione
1615 4275 2000 4346 subjiciantur.
2034 4276 2138 4332 Sed

519 4381 702 4438 neque
717 4383 810 4421 eos
835 4365 932 4437 qui
945 4381 1013 4420 ex
1042 4383 1376 4438 quocunque
1393 4367 1526 4422 hinc
1538 4367 1750 4438 judicio
1775 4384 2136 4440 quascunque

2158 1847 2214 1918 B

2235 571 2473 638 honore,
2506 573 2841 638 reverentia,
2869 571 3202 629 auctoritate
3233 573 3571 645 potiantur.

2304 664 2389 718 Ad
2417 680 2548 718 eum
2578 665 2764 736 itaque
2795 665 3031 719 modum
3048 665 3304 720 discretis
3334 681 3370 718 a
3397 665 3582 719 nobis
3619 664 3957 736 magistra-

2239 756 2408 826 tibus,
2442 757 2707 812 convenit
2731 761 2796 810 ut
2823 756 2914 811 hic
2939 757 3087 812 facta
3119 757 3190 813 de
3222 759 3338 812 Deo
3370 758 3706 812 mentione
3741 774 3954 813 coram

2235 849 2415 918 nobis,
2444 854 2542 903 aut
2571 849 2632 920 (si
2659 853 2882 904 tantum
2908 849 3072 905 nobis
3101 850 3200 904 otii
3229 867 3354 905 non
3385 851 3714 922 suppetat)
3743 867 3954 907 coram

2239 941 2566 997 celsitudine
2593 947 2691 996 tua
2711 945 2768 996 et
2791 941 2861 996 iis
2883 942 2981 1014 qui
3003 959 3264 1014 unquam
3285 944 3494 998 sedem
3514 949 3705 998 tuam
3738 945 3959 1000 conde~

2239 1035 2572 1104 coraverint,
2614 1051 2914 1106 coramque
2946 1053 3012 1090 eo
3045 1037 3144 1107 qui
3169 1053 3435 1109 unquam
3465 1054 3813 1094 sacrarum
3850 1056 3956 1094 no-

2237 1131 2480 1180 strarum
2490 1127 2858 1198 largitionum
2877 1128 3326 1199 gloriosissimus
3347 1146 3554 1184 comes
3566 1131 3838 1186 futurus
3852 1139 3958 1203 est,

2237 1223 2293 1273 et
2323 1219 2720 1290 gloriosissimo
2739 1225 3022 1291 quaestore
3053 1221 3198 1276 sacri
3229 1223 3420 1277 nostri
3452 1225 3701 1294 palatii,
3731 1231 3800 1280 et
3832 1226 3958 1296 glo-

2237 1311 2542 1366 riosissimo
2563 1311 2769 1366 comite
2795 1313 3121 1385 ubicunque
3142 1315 3612 1371 constitutarum
3635 1334 3961 1373 sacrarum

2236 1409 2556 1458 nostrarum
2591 1421 2785 1459 rerum
2835 1405 3214 1476 privatarum,
3263 1413 3572 1478 praesente
3638 1411 3807 1466 item
3857 1429 3962 1483 pro

2237 1501 2490 1568 tempore
2512 1497 3074 1568 magniﬁcentissimo
3118 1500 3481 1556 chartulario
3533 1504 3710 1558 sacri
3765 1507 3962 1559 nostri

2239 1589 2500 1655 cubiculi,
2527 1589 2624 1660 qui
2652 1589 2813 1644 nobis
2841 1607 2874 1643 a
2905 1590 3177 1646 codicillis
3203 1597 3324 1658 est;
3361 1593 3410 1647 is
3451 1595 3560 1668 qui
3616 1598 3959 1670 magistra-

2237 1685 2361 1736 tum
2391 1681 2652 1752 suscepit,
2679 1682 3087 1752 jusjurandum
3117 1690 3373 1756 praastet,
3396 1688 3652 1744 nemini
3689 1707 3760 1744 se
3797 1691 3964 1762 quid-

2239 1791 2408 1845 quam
2424 1775 2658 1828 omnino
2677 1775 2762 1828 vel
2783 1777 3038 1830 muneris
3063 1777 3148 1831 vel
3174 1779 3492 1848 patrocinii
3517 1781 3672 1836 loco
3699 1783 3961 1852 dedisse,

2236 1867 2632 1938 promisissive,
2668 1871 2767 1922 aut
2792 1884 2860 1922 ex
2890 1869 3182 1939 provincia
3226 1871 3468 1928 mittere
3505 1881 3788 1944 pactum
3818 1894 3960 1944 esse,

2236 1959 2348 2014 sive
2370 1959 2752 2030 gloriosissimi
2771 1960 3024 2030 praefecti
3046 1961 3178 2032 sint,
3199 1963 3318 2020 sive
3339 1965 3443 2019 alii
3474 1982 3632 2022 cum
3659 1975 3964 2040 potestate

2237 2051 2558 2118 existentes,
2590 2053 2703 2106 sive
2725 2052 2872 2108 circa
2896 2054 3022 2108 illos
3053 2055 3268 2109 versari
3299 2057 3483 2124 soliti,
3517 2059 3658 2115 sive
3697 2063 3964 2134 quicun-

2237 2160 2366 2214 que,
2411 2144 2574 2198 tilulo
2620 2145 2858 2214 inquam
2903 2146 3224 2216 patrocinii,
3264 2149 3366 2204 sed
3409 2155 3966 2222 quemadmodum

2239 2237 2546 2306 gratuitum
2575 2237 2977 2307 magistratum
3006 2240 3179 2310 capit,
3214 2241 3498 2313 percipit,
3535 2253 3869 2316 praeterea
3899 2266 3965 2302 ex

2236 2329 2462 2399 publico
2489 2345 2744 2383 annonas
2781 2330 2940 2400 (quas
2969 2331 3206 2402 quidem
3239 2337 3298 2388 et
3329 2337 3490 2390 solas
3521 2337 3754 2409 ipsum
3785 2343 3970 2412 perci-

2237 2437 2371 2491 pere
2403 2421 2682 2491 sinimus),
2709 2421 2784 2474 ita
2807 2427 2862 2476 et
2889 2423 3048 2492 puris
3075 2424 3269 2495 ipsum
3307 2429 3611 2484 manibus
3646 2449 3968 2488 conserva-

2235 2511 2336 2580 bit,
2368 2513 2476 2566 Deo
2501 2513 2669 2566 simul
2699 2518 2754 2568 et
2773 2515 2935 2568 nobis
2963 2532 3029 2569 eo
3059 2518 3296 2574 nomine
3322 2521 3650 2578 rationem
3691 2527 3968 2582 redditu-

2197 2672 2204 2676 _
2237 2620 2351 2658 rus.
2385 2605 2529 2660 Sciat
2557 2604 2713 2659 enim
2751 2606 3023 2662 celsitudo
3050 2614 3168 2678 tua,
3212 2616 3270 2665 et
3301 2613 3406 2682 qui
3441 2616 3766 2674 eumdem
3799 2621 3966 2674 thro-

2158 3203 2214 3278 C

2237 2711 2376 2750 num
2397 2701 2522 2767 post
2548 2702 2602 2751 te
2625 2699 3024 2768 conscendent,
3057 2702 3211 2772 quod
3236 2703 3355 2758 sive
3383 2705 3528 2776 ipsi,
3568 2709 3714 2764 sive
3750 2711 3823 2766 hi
3836 2729 3971 2784 quo-

2236 2805 2366 2842 rum
2386 2805 2557 2860 opera
2581 2789 2640 2844 in
2657 2791 2962 2846 commissa
2976 2793 3082 2847 sibi
3101 2800 3264 2865 parte
3282 2797 3657 2868 reipublicae
3680 2809 3967 2874 utuntur,

2238 2881 2354 2935 sive
2387 2881 2587 2936 cohors
2631 2885 2746 2948 tua,
2775 2888 2875 2938 aut
2897 2884 2968 2938 ab
3011 2885 3082 2939 iis
3137 2889 3239 2958 qui
3283 2889 3361 2944 ad
3407 2893 3731 2960 praedicta
3781 2899 3972 2954 officia

2236 2973 2686 3044 proﬁciscuntur,
2722 2980 2822 3030 aut
2873 2978 3074 3048 quovis
3117 2980 3250 3046 alio,
3313 2983 3682 3057 quidquam
3751 2999 3974 3063 praeter

2237 3066 2668 3120 consuetudines
2687 3066 2821 3138 ipsis
2848 3085 2882 3122 a
2909 3071 3074 3125 nobis
3103 3073 3376 3128 definitus
3412 3076 3602 3148 (quas
3637 3083 3849 3140 etiam
3884 3102 3966 3140 so-

2235 3159 2316 3212 las
2363 3158 2696 3213 arbitrantes
2737 3159 3016 3230 sufﬁcere,
3058 3163 3186 3220 dari
3231 3167 3656 3246 decrevimus)
3692 3179 3972 3250 accipere

2238 3251 2704 3322 praesumpserint
2727 3269 2740 3307 :
2766 3269 2931 3324 poma
2953 3255 3418 3330 haudquaquam
3432 3263 3594 3320 levis
3615 3268 3973 3342 inﬂigetur,

2237 3343 2332 3436 sed
2361 3344 2569 3436 summi
2598 3345 2834 3416 quidem
2852 3347 3243 3419 magistratus,
3265 3353 3372 3424 qui
3387 3355 3643 3429 aliquid
3662 3362 3758 3417 ab
3773 3364 3856 3418 iis
3876 3366 3977 3436 qui

2237 3435 2306 3490 ad
2337 3435 2606 3506 praedicta
2633 3437 2815 3491 ofﬁcia
2854 3441 3324 3514 proﬁciscuntur,
3367 3448 3467 3502 vel
3515 3450 3645 3522 ipsi
3686 3435 3974 3530 accipere

2237 3528 2357 3582 ausi
2376 3527 2606 3598 fuerint,
2640 3530 2724 3584 vel
2751 3531 3048 3587 cohortem
3069 3549 3237 3589 suam
3257 3540 3591 3600 consimile
3609 3527 3868 3621 aliquid
3893 3553 3973 3606 fa-

2236 3637 2360 3676 cere
2389 3621 2770 3692 permiserint,
2797 3625 2884 3679 vel
2911 3625 2982 3680 ad
3013 3643 3072 3682 se
3117 3628 3384 3686 delatum
3419 3650 3560 3692 non
3597 3644 3976 3700 emendave-

2235 3713 2367 3808 rint,
2399 3729 2514 3768 non
2543 3714 2729 3770 solum
2757 3717 2908 3788 quod
2944 3726 3318 3791 acceperunt,
3362 3725 3503 3796 ejus
3535 3735 3976 3808 quadruplum

2234 3805 2550 3878 restituent,
2585 3824 2784 3864 verum
2809 3810 2982 3866 etiam
3009 3827 3249 3883 gravem
3277 3805 3829 3891 indignationem_
3852 3849 3974 3886 sus-

2234 3898 2511 3969 tinebunt,
2547 3905 2604 3956 et
2639 3917 2711 3956 ne
2748 3902 2816 3956 de
2859 3907 3160 3974 potentatu
3209 3910 3696 3989 periclitentur,
3734 3925 3978 3980 solliciti

2235 3996 2420 4047 erunt.
2451 3993 2504 4048 Si
2533 4009 2662 4048 vero
2691 3995 2789 4064 qui
2821 3995 2968 4050 circa
2995 3997 3152 4068 ipsos
3190 4005 3354 4070 sunt,
3407 4007 3790 4086 cohorsque
3843 4018 3980 4090 ipsis

2235 4083 2630 4158 obtemperans
2660 4087 2806 4142 ultra
2835 4104 2900 4142 ea
2934 4105 3063 4160 quze
3096 4107 3131 4144 a
3153 4093 3326 4148 nobis
3352 4112 3662 4160 concessa
3673 4083 3852 4165 ‘sunt
3870 4083 3981 4165 vac-

2235 4175 2420 4275 cipere
2437 4176 2646 4275 aliquid
2666 4181 3136 4275 pertentaverint,
3159 4186 3575 4262 tenebuntur,
3605 4204 3674 4252 et.
3695 4200 3824 4272 ipsi
3848 4221 3981 4275 qua-

2235 4267 2424 4361 drupli
2447 4270 2802 4326 restitutione
2835 4272 2903 4326 iis
2920 4273 3020 4344 qui
3049 4274 3270 4332 damno
3286 4279 3495 4338 aﬁ‘ecti
3515 4297 3705 4361 sunt,
3721 4267 3808 4350 —et
3832 4267 3979 4351 ultra

2234 4359 2340 4415 hoc
2366 4361 2516 4432 quod
2539 4362 2720 4434 pcenis
2744 4364 3140 4437 subjicientur,
3191 4386 3330 4440 quae
3384 4359 3706 4445 ipsorum
3769 4389 3981 4444 delicta

518 4459 820 4514 sententias
837 4459 1126 4514 executuri
1145 4465 1484 4529 commeant,
1512 4459 1796 4532 patiantur
1820 4461 2134 4532 provincia-
2232 4455 2671 4524 promeruerint,
2721 4456 3120 4527 spoliabuntur
3139 4461 3320 4518 etiam
3347 4464 3536 4525 bonis
3566 4477 3639 4529 et.
3703 4480 3981 4555 cingulo.

519 4569 648 4608 rum
677 4552 945 4624 praesides
959 4553 1430 4608 consuetudinum
1447 4569 1546 4608 seu
1565 4553 1944 4624 Sportularum
1958 4554 2136 4608 nomi—
2153 4559 2213 4632 ι)
2304 4546 2543 4602 Proinde
2568 4563 2698 4602 cum
2727 4548 2807 4604 ita
2837 4550 3014 4621 gratis
3041 4552 3230 4608 ofﬁcia
3257 4560 3644 4638 suscipiant,
3685 4546 3983 4630 antevom-

515 4661 587 4700 ne
615 4645 856 4716 amplius
881 4644 1112 4715 aliquid,
1141 4661 1311 4716 quam
1340 4662 1496 4700 sacra
1523 4649 1715 4700 nostra
1739 4645 2138 4702 constitutione

514 4738 937 4810 promulgatum
969 4742 1070 4806 est,
1105 4739 1358 4810 accipere
1383 4739 1618 4794 scientes
1659 4739 1808 4810 quod
1830 4739 1874 4792 si
1904 4740 2010 4794 hoc
2035 4755 2138 4795 ne-

517 4831 816 4902 glexerint,
844 4847 1010 4886 omne
1035 4830 1326 4900 damnum,
1361 4831 1515 4902 quod
1540 4831 1741 4886 exinde
1767 4831 2002 4886 subditis
2031 4848 2136 4887 no-

514 4923 643 4977 stris
662 4923 964 4994 irrogatur,
992 4922 1100 4994 ipsi
1129 4923 1466 4994 dependent.
1494 4926 1697 4979 Damus
1725 4927 1916 4978 autem
1959 4925 2038 4980 eis
2076 4925 2140 4980 li-

514 5015 778 5086 centiam,
804 5033 924 5071 non
950 5020 1172 5071 tantum
1200 5021 1262 5070 ut
1284 5015 1354 5070 ad
1375 5031 1468 5070 eos
1492 5015 1594 5070 ista
1623 5015 1844 5086 judiees
1868 5016 2134 5088 referant,

513 5125 546 5162 a
571 5109 774 5180 quibus
799 5109 1056 5164 destinati
1080 5112 1230 5176 sunt,
1263 5109 1360 5164 sed
1384 5109 1554 5164 etiam
1582 5110 1652 5164 ad
1671 5127 1792 5178 nos,
1843 5113 1902 5164 ut
1942 5115 1997 5164 et
2036 5126 2138 5167 nos

513 5198 584 5252 iis
612 5200 848 5271 cognitis
863 5201 1068 5256 factum
1095 5201 1283 5272 ipsum
1302 5201 1642 5274 competenti
1659 5201 2137 5258 animadversione

514 5307 938 5364 persequamur.
962 5295 1241 5350 Praeterea
1267 5295 1314 5350 si
1333 5311 1472 5366 quos
1497 5294 1786 5366 dignitatis
1813 5311 1910 5350 seu
1927 5295 2138 5366 cinguli

513 5382 660 5437 fastu
683 5385 926 5440 tumidos
955 5387 1331 5458 compererint
1354 5388 1714 5444 collatoribus
1744 5389 1946 5443 nostris
1983 5388 2133 5459 inju-

515 5470 626 5524 rios
657 5486 792 5539 esse,
824 5473 1022 5528 damus
1041 5475 1148 5530 illis
1173 5476 1456 5532 licentiam
1484 5481 1549 5532 ut
1573 5480 1631 5532 et
1651 5476 1719 5530 de
1745 5475 2018 5531 maleﬁcio
2048 5491 2138 5531 co-

514 5569 800 5634 gnoscant,
832 5569 890 5620 et
912 5565 978 5619 iis
992 5567 1092 5637 qui
1107 5572 1294 5624 sontes
1319 5569 1828 5642 deprehenduntur
1839 5569 2133 5640 cingulum

511 5657 780 5728 adimant,
824 5661 1150 5731 nostrasque
1200 5661 1345 5718 vices
1392 5662 1452 5718 in
1501 5661 1800 5734 provinciis
1830 5662 2050 5730 obeant,
2079 5662 2136 5717 id

512 5749 664 5818 quod
672 5749 920 5822 antiquis
939 5751 1112 5808 etiam
1126 5753 1345 5826 legibus
1369 5754 1794 5828 promulgatum
1811 5753 1938 5811 fuit.
1954 5756 2133 5820 Quem

513 5839 815 5896 admodum
851 5842 1004 5900 enim
1059 5844 1214 5904 omni
1259 5861 1354 5900 eos
1401 5845 1606 5917 iniusto
1651 5863 1904 5902 arcemus
1951 5847 2129 5917 lucro,

2235 4638 2330 4694 nia
2355 4639 2538 4694 studio
2565 4656 2658 4694 eos
2675 4641 2884 4697 habere
2910 4649 3155 4715 oportet,
3189 4653 3256 4702 ut
3288 4650 3650 4724 diligenter
3672 4665 3763 4721 ad
3793 4671 3981 4724 tribu-

2237 4738 2293 4786 ta
2322 4731 2648 4803 advigilent,
2689 4737 2747 4788 et
2777 4735 3074 4790 indevotos
3105 4740 3351 4810 quidem
3399 4762 3472 4801 ac
3512 4750 3977 4830 intractabile-5,

2238 4829 2294 4880 et
2315 4825 2412 4896 qui
2439 4825 2824 4897 compulsione
2839 4827 3105 4902 indigent
3125 4848 3262 4888 cum
3286 4851 3546 4897 summa
3575 4825 3981 4912 vehementi;

2238 4917 2488 4990 exigant,
2519 4919 2580 4972 in
2621 4919 2778 4975 nullo
2812 4921 3102 4978 cedentes.
3138 4925 3342 4999 Neque
3383 4947 3458 4987 eo
3505 4945 3806 5004 nomine
3841 4951 3978 5005 lucri

2236 5009 2472 5117 aliquid“
2486 5015 2793 5117 captantes,
2839 5030 2976 5085 erga
3015 5015 3251 5074 devotos
3293 5038 3440 5082 vero
3467 5037 3770 5102 paterno
3802 5061 3867 5101 se
3899 5063 3981 5117 ge-

2235 5108 2363 5158 rant
2391 5103 2612 5160 affectu.

2309 5196 2518 5252 Deinde
2547 5199 2608 5251 ut
2636 5197 2890 5254 subditos
2922 5206 3148 5258 nostros
3176 5221 3250 5262 ex
3294 5214 3473 5268 omni
3513 5230 3724 5290 parte
3767 5231 3978 5288 ωωεος

2236 5294 2580 5360 conservent,
2612 5291 2754 5346 nihil
2772 5293 3088 5366 quidquam
3115 5297 3187 5353 ab
3217 5301 3340 5357 ullo
3381 5321 3626 5371 eorum
3669 5326 3975 5397 accipien-

2233 5387 2338 5452 tes,
2361 5383 2457 5438 sed
2477 5400 2666 5455 aequos
2685 5401 2745 5440 se
2772 5385 2831 5440 in
2848 5386 3235 5460 disceptandis
3267 5404 3768 5485 controversiis,
3787 5383 3974 5493 aequas

2235 5475 2297 5530 in
2322 5477 2698 5584 conservanda
2729 5478 3025 5584 disciplina
3039 5483 3276 5584 publica
3302 5495 3682 5577 prabeant’
3797 5475 3971 5584 pém

2233 5569 2473 5640 quendis
2502 5570 2733 5642 quidem
2749 5571 3091 5630 criminibus
3110 5577 3380 5638 insontes
3403 5604 3442 5642 a
3465 5569 3842 5661 calumniis
3865 5609 3971 5662 Γρά-

2235 5661 2428 5717 dentes
2445 5661 2670 5732 liberos,
2694 5663 2804 5720 reis
2824 5681 2957 5720 vero
2983 5669 3247 5727 sontibus
3264 5691 3488 5746 poenas
3509 5685 3577 5743 1e
3585 5692 3970 5763 giumasim-

2654 5729 2663 5732 ,
3264 5729 3284 5746 ι
3320 5729 3487 5737 ί-ν-ν--ν
3511 5729 3576 5743 ιν
3611 5729 3740 5751 -ιιιι
3798 5729 3805 5730 ί
3955 5730 3970 5738 ⁸

2231 5759 2523 5826 ponentes,
2539 5772 2724 5830 neque
2745 5757 2909 5813 aliter
2935 5759 3086 5816 inter
3115 5765 3390 5826 subditos
3416 5729 3968 5852 impgrimzdgég.
4020 5729 4022 5798 ι

2233 5853 2440 5916 centes,
2459 5864 2631 5922 quam
2651 5853 2842 5924 patres
2862 5851 3044 5912 solent
3057 5854 3213 5913 inter
3223 5858 3408 5936 ﬁlios,
3429 5876 3508 5928 ut
3526 5875 3830 5954 diligam
3851 5889 3962 5962 qui.
