4022 6422
167 393 274 444 953

1057 391 1421 446 JUSTINIANI
1454 391 1780 447 NOVELLE
1829 390 2160 446 SELECTzE.
2201 392 2510 447 NOVELLA
2546 392 2680 447 VIII.

3425 375 3527 450 954

166 496 306 551 dem
355 512 474 564 eos,
505 495 550 551 si
579 495 820 552 crimine
850 496 1008 552 vacui
1051 498 1536 582 sint,_coerceant
1557 514 1692 554 vero
1737 515 1802 554 ac
1823 509 1882 582 Α
1901 499 2162 554 videlicet
2190 500 2289 554 Dei
2316 499 2702 556 amantissimo
2729 499 3014 572 episcopo,
3053 503 3110 556 et
3135 516 3362 558 causam
3403 502 3526 558 sine

164 589 440 662 puniant,
469 590 518 644 si
543 589 877 645 criminibus
904 577 1347 646 videantur‘esse
1373 591 1621 660 obnoxii,
1634 593 1797 664 justi-

162 685 314 738 tiam
338 683 592 756 denique
613 683 723 738 illis
745 683 1080 739 exhibentes
1099 687 1220 738 tam
1247 684 1305 738 in
1329 686 1514 740 causis
1541 685 1800 757 publicis,

166 793 350 847 quam
393 776 628 848 privatis
656 777 1057 832 contractibus.
1103 779 1298 850 Neque
1326 783 1388 834 ut
1429 778 1537 849 ipsi
1574 782 1802 834 tantum

166 870 284 924 hoc
311 875 510 941 agant,
543 870 640 924 sed
671 870 845 924 etiam
874 874 937 924 ut
965 887 1311 926 assessorem
1335 874 1393 926 et
1416 888 1617 926 omnes
1653 872 1802 927 circa

165 963 325 1034 ipsos
345 963 558 1017 versari
589 963 784 1018 solitos
813 963 917 1018 sibi
949 963 1161 1019 similes
1181 968 1494 1034 assumant,
1519 982 1592 1020 ne
1619 981 1802 1036 quan-

169 1056 246 1110 do
269 1073 404 1110 cum
434 1056 542 1128 ipsi
569 1057 733 1128 culpa
759 1061 1014 1124 careant,
1047 1074 1150 1130 per
1179 1057 1319 1113 alios
1357 1057 1712 1129 delinquere,
1747 1061 1806 1112 et

167 1149 377 1216 furari,
413 1153 468 1203 et
497 1149 672 1220 (quod
693 1151 874 1205 multo
895 1150 1098 1222 foedius
1125 1150 1228 1221 est)
1253 1151 1669 1206 maleﬁciorum
1697 1149 1803 1206 sibi

168 1243 361 1298 socios
389 1243 662 1297 asciscere
705 1243 1027 1298 videantur.
1064 1243 1423 1316 Quapropter
1456 1243 1804 1300 celsitudinis

166 1339 289 1390 tua
314 1336 603 1403 intererit,
635 1339 701 1390 ut
732 1353 830 1390 eos
856 1336 928 1390 ad
967 1337 1150 1391 ofﬁcia
1176 1337 1384 1403 mittat,
1419 1337 1515 1409 qui
1547 1340 1604 1391 et
1623 1337 1804 1408 gravi-

165 1434 288 1484 tate
311 1446 543 1484 morum
564 1433 797 1484 caeteros
817 1432 1164 1500 praecellant,
1183 1435 1241 1484 et
1259 1430 1527 1501 peritiam
1551 1430 1805 1484 habeant

163 1517 468 1572 rationum
496 1519 873 1589 publicarum,
909 1520 1107 1589 quales
1151 1535 1273 1572 esse
1313 1519 1496 1572 solent
1541 1519 1800 1573 decurio-

163 1629 295 1679 nes,
320 1615 378 1665 et
398 1611 513 1678 alii,
541 1611 638 1682 qui
661 1611 933 1666 bonitatis
971 1611 1041 1665 de
1069 1627 1127 1664 se
1151 1611 1606 1682 experimentum
1629 1611 1799 1666 dede-

163 1707 327 1770 runt,
354 1707 412 1758 et
429 1705 699 1774 gerendis
733 1704 1161 1774 magistratibus
1181 1707 1314 1758 sunt
1341 1703 1555 1759 idonei.
1583 1705 1654 1758 Et
1679 1703 1806 1776 quis

165 1815 308 1852 eum
358 1814 475 1850 non
520 1797 738 1868 diligat,
776 1802 944 1868 atque
975 1797 1240 1851 omnibus
1287 1797 1544 1852 honestis
1588 1796 1805 1852 artibus

1900 592 2120 664 scriptis
2145 597 2542 666 cognoscente,
2561 593 2741 648 donec
2763 593 3114 661 universum,
3139 594 3294 669 quod
3311 594 3530 666 rapuis~

1899 702 1959 740 se
1981 685 2284 754 videbitur,
2314 685 2593 742 restituat.
2619 685 2894 758 Adeoque
2925 686 3059 759 ipsis
3085 687 3258 744 etiam
3290 687 3520 759 provin-

1900 778 2156 849 cialibus,
2181 779 2229 834 si
2246 779 2554 851 praesidum
2574 779 2837 851 rapinam
2857 779 3124 848 sentiant,
3147 779 3439 838 referendi
3461 797 3529 836 ea

1901 871 1976 926 ad
1989 888 2092 926 nos
2103 872 2518 941 licentiam,aut
2531 873 2718 943 potius
2734 873 3128 928 necessitatem
3139 873 3529 945 permittimus

1901 967 1968 1019 ut
1985 981 2091 1019 nos
2129 965 2318 1020 edocti
2341 966 2496 1036 quod
2520 967 2754 1021 omnino
2769 966 2864 1036 jus
2902 981 3043 1021 auro
3070 967 3270 1021 venale
3294 965 3524 1037 habeat,

1902 1058 2052 1112 ultra
2077 1058 2326 1112 caelestia
2355 1058 2648 1130 supplicia,
2679 1059 2886 1130 quibus
2911 1063 2976 1114 ut
2996 1058 3393 1130 jurisjurandi,
3421 1059 3525 1114 sub

1902 1166 2016 1222 quo
2068 1151 2468 1222 magistratum
2513 1151 2778 1222 suscepit,
2825 1151 3064 1206 violator
3107 1155 3188 1206 est
3226 1150 3524 1220 obnoxius,

1904 1243 2080 1297 etiam
2111 1243 2396 1314 praedictis
2425 1243 2586 1298 illum
2616 1243 2796 1314 panis
2821 1243 3201 1314 subjiciamus.

1973 1335 2029 1392 Si
2057 1341 2251 1391 autem
2273 1336 2516 1391 voluerit
2543 1353 2607 1391 ex
2633 1352 2976 1408 quacunque
3005 1353 3192 1404 causa,
3223 1353 3341 1392 non
3375 1353 3526 1394 com-

1902 1428 2066 1499 pletis
2081 1429 2495 1500 quinquaginta
2511 1429 2730 1496 diebus,
2753 1445 2822 1484 ex
2841 1429 3132 1500 provincia
3153 1429 3371 1500 fugere,
3391 1435 3527 1484 tunc

1903 1522 2368 1592 comprehensus,
2385 1522 2708 1593 ubicunque
2734 1522 2946 1592 degere
2971 1522 3216 1589 videtur,
3244 1521 3534 1578 revocabi-

1901 1617 1998 1668 tur
2027 1615 2260 1685 quidem
2291 1615 2356 1668 in.
2395 1615 2771 1686 provinciam,
2804 1615 2864 1669 in
2903 1631 3015 1686 qua
3053 1615 3528 1684 administrabat;

1902 1723 2072 1761 omne
2093 1723 2227 1762 vero
2279 1707 2432 1778 quod
2474 1707 2738 1762 inventus
2777 1707 2948 1762 fuerit
2975 1707 3281 1779 accepisse,
3311 1707 3532 1762 restitu-

1905 1803 1965 1853 at
1983 1799 2040 1854 in
2071 1799 2479 1871 quadruplum.

158 1890 466 1944 abundare
497 1907 614 1944 non
636 1889 938 1957 existimet,
973 1889 1072 1961 qui
1102 1890 1176 1944 ad
1209 1889 1460 1944 ofﬁcium
1487 1869 1882 1960 proﬁcisca-B
1975 1891 2072 1947 Illo
2089 1869 2315 1946 scilicet
2339 1892 2716 1960 observando,
2745 1892 2806 1947 in
2845 1893 3002 1947 nullo
3033 1893 3142 1946 alio
3165 1891 3400 1948 subditis
3426 1909 3528 1948 no-

162 1987 267 2038 tur
299 2000 418 2038 non
443 1985 626 2038 solum
656 1986 850 2037 nostro
881 1983 1102 2038 decreto
1133 1987 1191 2036 et
1198 1983 1420 2054 judicio
1442 1983 1526 2038 tui
1543 1983 1806 2038 culminis

165 2077 603 2148 comprobatus,
618 2075 751 2147 quia
763 2076 916 2146 frugi
937 2076 1188 2130 etbonus
1201 2075 1288 2130 vir
1308 2075 1398 2143 sit,
1414 2092 1614 2130 verum
1631 2075 1806 2129 etiam

169 2169 357 2242 gratis
383 2169 508 2240 ipsa
527 2167 1029 2223 administratione
1057 2172 1339 2239 suscepta,
1360 2185 1548 2239 neque
1571 2167 1666 2222 ulli
1689 2183 1808 2222 om-

169 2264 320 2318 nino
341 2279 446 2334 per
471 2262 821 2332 provinciam
846 2261 1058 2316 vitiosae
1084 2261 1166 2315 rei
1193 2261 1438 2328 deditus,
1461 2261 1547 2315 vel
1569 2276 1810 2332 quomo-

169 2358 251 2412 do
282 2372 386 2427 pro
423 2355 611 2410 ofﬁcio
655 2359 1016 2409 numeratam
1061 2353 1366 2425 pecuniam
1407 2353 1688 2421 corrodat,
1721 2354 1808 2408 vel

169 2449 334 2503 unde
353 2464 558 2502 aurum
577 2447 638 2502 in
665 2464 796 2501 usus
817 2464 948 2501 suos
972 2447 1222 2518 colligat,
1247 2447 1346 2500 sed
1373 2446 1430 2500 in
1453 2445 1561 2500 hoc
1581 2448 1809 2500 tantum

167 2546 263 2596 stu
273 2542 369 2597 dia
382 2558 482 2596 sua
493 2540 773 2606 conferat,
787 2545 852 2595 ut
862 2541 978 2594 Deo
994 2556 1052 2594 se
1077 2543 1135 2594 et
1155 2539 1318 2594 nobis
1337 2539 1808 2594 commendatum

165 2635 401 2701 reddat,
443 2635 778 2704 bonumque
818 2637 877 2687 et
918 2633 1297 2688 memorabile
1340 2649 1554 2686 nomen
1607 2647 1806 2686 conse-

168 2732 412 2800 quatur,
445 2743 509 2782 ac
554 2727 759 2781 futurae
794 2743 827 2780 a
869 2725 1029 2780 nobis
1076 2727 1280 2796 amplae
1331 2724 1810 2781 remunerationis

172 2838 343 2894 spem
375 2820 484 2874 sibi
513 2818 859 2890 comparet?

251 2915 540 2970 Caeterum
582 2913 628 2966 si
661 2911 787 2983 quis
831 2911 953 2966 haec
991 2915 1189 2966 contra
1222 2911 1358 2984 quid
1402 2909 1621 2978 fecerit,
1671 2909 1814 2965 sciat

171 3007 340 3080 quod
369 3007 544 3060 etiam
561 3004 1072 3060 administrationis
1090 3006 1369 3076 tempore,
1383 3020 1497 3075 quo
1511 3003 1688 3074 judex
1705 3006 1809 3072 est,

173 3100 320 3156 furti
348 3115 478 3154 reus
517 3097 916 3168 postulabitur.
961 3098 1031 3150 Et
1059 3096 1292 3168 quidem
1322 3095 1368 3150 si
1398 3099 1459 3150 ut
1488 3096 1576 3150 vel
1607 3095 1814 3166 magis-

171 3197 398 3248 tratum
453 3191 807 3262 perciperet,
863 3189 950 3244 vel
1000 3205 1068 3244 ex
1121 3189 1460 3258 magistratu
1537 3189 1815 3260 reciperet

179 3289 518 3356 (utrumque
545 3283 702 3338 enim
724 3299 887 3354 aeque
916 3282 1101 3337 haeret
1121 3281 1179 3336 in
1210 3280 1468 3352 crimine)
1490 3296 1694 3334 aurum
1715 3280 1808 3335 de-

176 3380 337 3436 disse
367 3377 675 3446 videbitur,
689 3393 804 3431 non
825 3376 1008 3430 solum
1036 3375 1323 3430 honorum
1343 3373 1810 3445 publicationem,

175 3477 240 3529 et
255 3471 544 3537 exsilium,
563 3472 619 3524 et
638 3468 865 3540 corpori
883 3467 1138 3522 adhibita
1157 3470 1444 3522 tormenta
1461 3483 1525 3520 ac
1541 3465 1815 3538 supplicia

177 3563 512 3630 sustinebit,
551 3562 650 3617 sed
679 3561 854 3616 etiam
880 3577 1012 3616 eum
1039 3561 1139 3632 qui
1177 3559 1249 3614 ab
1279 3559 1402 3630 ipso
1430 3558 1515 3630 (ut
1551 3558 1812 3630 prtedixi-

177 3659 338 3729 mus)
380 3655 713 3726 susceperit,
758 3653 1090 3724 ingentibus
1126 3652 1291 3707 malis
1329 3652 1594 3707 involvet.
1642 3653 1819 3706 Pnras

182 3752 349 3808 enim
381 3767 415 3804 a
436 3748 861 3822 provinciarum
901 3745 1362 3801 moderatoribus
1397 3761 1603 3799 manus
1627 3743 1816 3816 requi-

179 3847 395 3911 rimus,
409 3846 474 3898 ut
493 3841 750 3912 undique
769 3839 1022 3894 subditos
1043 3838 1247 3894 illaesos
1269 3841 1326 3892 et
1347 3837 1608 3893 omnium
1626 3853 1821 3892 rerum

182 3937 358 4010 copia
389 3935 694 3990 affluentes
741 3947 1164 3988 conservemus.
1206 3933 1406 4002 Atquze
1448 3931 1536 3984 has
1586 3929 1822 4002 quidem

179 4046 380 4106 poena:
408 4031 530 4083 tam
553 4043 620 4082 ex
639 4026 859 4098 legibus
878 4041 1048 4096 quam
1069 4041 1102 4079 a
1122 4022 1552 4094 magistratibus
1577 4022 1822 4078 inferen-

184 4129 291 4180 tur
309 4123 422 4178 illis
441 4120 542 4194 qui
556 4121 669 4175 tale
689 4117 902 4190 aliquid
926 4116 1398 4190 perpetraverint,
1419 4115 1590 4170 etiam
1609 4114 1747 4170 dum
1761 4114 1822 4170 in

181 4215 482 4292 praedictis
507 4216 644 4267 sunt
668 4209 887 4266 ofﬁciis.
911 4211 1123 4265 Damus
1136 4212 1330 4264 autem
1351 4210 1408 4264 et
1426 4208 1576 4263 inter
1597 4207 1824 4280 provin-

183 4310 368 4368 ciales
380 4305 691 4372 licentiam,
705 4303 750 4358 si
767 4302 904 4376 quid
916 4319 1021 4374 per
1035 4301 1386 4374 provinciam
1400 4317 1613 4373 praeses
1624 4303 1825 4356 contra

183 4405 278 4460 fas
299 4399 498 4472 egerit,
525 4401 625 4452 aut
643 4397 816 4452 etiam
837 4395 1140 4452 collatores
1154 4395 1306 4468 ipsos
1321 4393 1542 4449 damnis
1561 4395 1709 4449 forte
1726 4395 1828 4448 aut

186 4492 514 4567 dispendiis
533 4489 824 4563 objecerit,
857 4493 920 4544 ut
943 4490 1044 4545 Dei
1071 4487 1499 4544 amantissimus
1531 4487 1824 4560 episc0pus

1907 1984 2036 2038 stris
2047 1989 2246 2039 contra
2256 1985 2528 2056 praesides
2541 1985 2646 2040 ista
2659 1987 2847 2040 facere
2864 1985 3204 2056 permissum
3219 2002 3338 2040 esse
3353 2003 3532 2058 quam

1907 2077 1977 2132 ob
2002 2077 2251 2148 rapinas.
2280 2079 2404 2133 Non
2433 2078 2586 2133 enim
2609 2078 2654 2132 si
2683 2079 2743 2132 in
2771 2078 3063 2148 exigendis
3086 2079 3312 2132 tributis
3338 2083 3534 2134 contra

1907 2170 2214 2239 indevotos,
2238 2173 2338 2224 aut
2363 2171 2421 2225 in
2441 2171 2840 2242 persecutione
2861 2171 3166 2226 criminum
3189 2171 3356 2241 paulo
3372 2172 3536 2226 vehe-

1907 2263 2158 2318 mentior
2198 2263 2348 2317 visus
2395 2269 2498 2331 est,
2549 2263 2764 2335 aliquid
2801 2264 3068 2318 adversus
3113 2264 3302 2335 ipsum
3345 2265 3537 2320 conari

1907 2355 2160 2410 subditos
2191 2355 2610 2426 permittemus.
2659 2356 2808 2420 Quin
2835 2360 3029 2412 contra
3058 2357 3245 2428 potius
3270 2357 3533 2412 omnium

1909 2465 2005 2503 eos
2033 2447 2406 2502 acerbissimis
2446 2449 2628 2519 poenis
2661 2448 2992 2516 subdemus,
3023 2449 3069 2502 si
3101 2449 3224 2502 illos
3255 2449 3354 2520 qui
3380 2449 3536 2520 puris

1905 2541 1994 2596 usi
2023 2543 2154 2595 sunt
2185 2540 2470 2610 manibus,
2500 2545 2557 2596 et
2581 2541 2642 2595 in
2669 2541 3023 2596 exactionem
3045 2541 3386 2596 tributorum
3417 2557 3536 2596 om-

1908 2634 2122 2688 nicura
2149 2650 2213 2688 ac
2239 2632 2538 2704 diligentia
2567 2633 2966 2703 incubuerunt,
3001 2634 3258 2704 deposito
3286 2639 3532 2705 postmo-

1911 2727 2049 2781 dum
2076 2725 2414 2796 magistratu
2439 2726 2665 2797 injuriis
2691 2727 2920 2782 afﬁcere
2947 2727 3436 2798 praesumpserint,
3468 2744 3533 2782 ac

1911 2835 2029 2875 non
2051 2819 2198 2874 ltPtiS
2221 2818 2726 2874 acclamatiOnibus
2774 2825 2902 2891 post
2939 2819 3276 2891 deputatum
3307 2831 3538 2892 tempus

1910 2911 2230 2984 provincias
2242 2911 2577 2966 excedentes
2596 2913 2884 2984 prosecuti
2895 2913 3537 2984 fuerint.0portetenim

1911 3005 2248 3060 clarissimos
2282 3005 2702 3076 provinciarum
2741 3011 2948 3061 nostra:
2979 3005 3212 3061 ditionis
3239 3005 3531 3077 praesides,

1913 3098 2010 3170 qui
2036 3102 2163 3170 post
2192 3098 2340 3152 hanc
2366 3098 2555 3169 legem
2594 3098 2774 3153 futuri
2801 3103 2950 3165 sunt,
2981 3115 3100 3153 non
3128 3099 3314 3153 solum
3344 3099 3540 3154 animo

1913 3191 2218 3257 revolvere,
2239 3193 2454 3262 quanta
2474 3190 2604 3246 illos
2619 3196 2849 3246 maneat
2864 3192 3062 3262 gloria,
3082 3192 3130 3246 si
3154 3191 3295 3246 tales
3323 3208 3381 3246 se
3405 3207 3546 3263 pras-

1911 3283 2106 3350 beant,
2139 3282 2237 3337 sed
2261 3283 2436 3337 etiam
2467 3281 2524 3336 in
2549 3286 2793 3353 quantas
2818 3283 3184 3338 difﬁcultates
3204 3283 3475 3354 incident,
3499 3283 3546 3339 si

1915 3376 2216 3447 (quantum
2243 3375 2302 3428 in
2331 3374 2466 3444 ipsis
2491 3374 2596 3446 est)
2626 3375 2776 3430 hanc
2795 3375 2990 3444 legem
3011 3375 3339 3442 dissolvere,
3364 3379 3420 3430 et
3439 3393 3543 3448 pro

1915 3467 2191 3538 abrogata
2220 3467 2433 3522 habere
2457 3467 3274 3538 prmsumpserintAbsurdum
3294 3483 3545 3538 namque

1916 3560 2104 3628 fuerit,
2133 3559 2179 3614 si
2204 3559 2262 3614 in
2288 3559 2506 3614 levibus
2547 3559 2782 3631 quidem
2825 3559 2992 3614 furtis
3019 3559 3409 3631 deprehensos
3435 3561 3543 3631 ipsi

1919 3655 2230 3721 coerceant,
2257 3651 2668 3724 tormentisque
2682 3651 3002 3722 subjiciant,
3021 3669 3124 3706 nec
3143 3651 3298 3723 prius
3313 3652 3544 3707 veniam

1921 3746 2059 3800 dent
2089 3761 2260 3816 quam
2289 3761 2381 3798 res
2407 3744 2624 3798 ablatas
2651 3744 3018 3812 restituerint,
3050 3743 3156 3816 ipsi
3187 3760 3320 3799 vero
3362 3745 3542 3799 maxi-

1918 3853 2146 3892 morum
2194 3837 2480 3892 furtorum
2524 3835 2605 3891 rei
2643 3837 2854 3908 absque
2893 3853 3076 3890 causa:
3112 3835 3357 3891 dictione
3402 3853 3550 3892 noxa

1921 3931 2223 3998 solvantur,
2256 3946 2440 4001 neque
2471 3929 2713 4000 exempli
2740 3946 2836 3984 eos
2862 3929 3091 4002 pudeat,
3127 3929 3282 4000 quod
3307 3928 3546 3985 subditis

1920 4023 1980 4078 in
1992 4023 2100 4078 hoc
2113 4022 2398 4091 exhibent,
2419 4038 2552 4077 cum
2583 4021 2818 4077 interim
2845 4023 2892 4077 si
2919 4021 3038 4076 istis
3065 4021 3402 4090 abstineant,
3431 4038 3549 4078 non

1922 4118 2148 4172 tantum
2177 4116 2328 4170 inter
2357 4116 2646 4184 honestos,
2688 4115 2942 4188 ingenue
2992 4115 3264 4186 viventes,
3296 4119 3354 4172 et
3391 4115 3550 4171 omni

1922 4209 2089 4264 laude
2113 4209 2434 4264 cumulatas
2477 4208 2712 4277 censeri,
2744 4209 2844 4264 sed
2884 4209 3058 4265 etiam
3082 4209 3300 4266 bonum
3331 4226 3365 4266 a
3389 4209 3551 4265 nobis

1923 4301 2321 4357 testimonium
2351 4301 2610 4357 obtinere
2637 4301 2874 4373 possint.

1996 4395 2302 4449 Enimvero
2340 4397 2404 4449 ut
2433 4398 2490 4449 et
2514 4411 2618 4449 nos
2642 4394 2752 4448 illis
2778 4394 3059 4448 honorem
3085 4409 3148 4448 ac
3174 4393 3554 4450 reverentiam

1924 4493 2210 4555 tueamur,
2238 4491 2295 4542 et
2322 4487 2402 4542 illi
2433 4487 2598 4542 nobis
2621 4487 2866 4542 vicissim
2894 4485 3284 4557 integritatem
3310 4485 3556 4541 reddant

185 4595 249 4646 et
295 4586 578 4659 primores
623 4584 746 4654 ejus
772 4583 902 4651 loci,
945 4581 1206 4654 praesidis
1248 4582 1452 4637 delicta
1485 4597 1823 4636 enumeran-
1845 4589 1906 4663 D
1928 4585 1986 4636 et
2014 4579 2492 4648 benevolentiam,
2527 4595 2712 4650 neque
2740 4578 3142 4650 spectabilibus
3163 4577 3418 4646 ducibus,
3449 4594 3553 4632 ne-

184 4690 307 4746 tes,
328 4694 525 4752 preces
555 4678 628 4734 ad
653 4693 759 4733 nos
797 4675 1070 4748 dirigant.
1109 4677 1224 4730 Nos
1253 4675 1410 4730 enim
1436 4691 1498 4730 re
1534 4676 1829 4746 comperta

188 4772 620 4833 destinabimus
662 4769 721 4824 in
745 4768 1101 4841 provinciam
1132 4767 1403 4840 aliquem,
1448 4767 1544 4840 qui
1570 4767 1678 4822 ista
1707 4782 1830 4822 exa-

187 4868 403 4933 minet,
433 4869 498 4920 ut
525 4863 603 4920 ibi
634 4862 971 4920 delictorum
998 4878 1191 4935 poenas
1207 4860 1461 4928 sufferat,
1493 4860 1593 4916 ubi
1613 4863 1672 4915 et
1686 4859 1826 4915 deli-

193 4960 351 5036 quit,
383 4962 442 5014 et
461 4962 526 5014 ut
550 4956 693 5012 alius
713 4956 785 5012 ad
807 4957 916 5012 hoc
945 4956 1270 5028 exemplum
1297 4953 1627 5027 respiciens,
1655 4953 1832 5008 consi-

189 5053 368 5114 milia
393 5051 578 5107 facere
607 5066 728 5106 non
753 5052 1083 5122 praesumat.

267 5145 596 5202 Secundum
616 5147 836 5199 veteres
853 5143 1286 5198 constitutiones
1304 5141 1706 5199 necessitatem
1735 5140 1831 5195 ha-

185 5243 374 5298 bente
397 5255 463 5294 eo
484 5238 582 5310 qui
599 5237 936 5309 magistratu
955 5235 1310 5308 defungitur,
1332 5240 1398 5290 ut
1414 5234 1641 5307 cingulo
1663 5235 1832 5306 depo-

188 5336 332 5402 sito,
361 5348 467 5404 per
486 5330 902 5404 quinquaginta
926 5330 1045 5385 dies
1070 5329 1132 5384 in
1152 5327 1443 5400 provincia
1469 5328 1572 5382 sub
1600 5327 1830 5400 publico

188 5429 435 5499 aspectu
463 5427 872 5492 commoretur,
903 5426 960 5478 et
987 5421 1247 5478 omnium
1265 5421 1536 5476 adversus
1561 5437 1621 5476 se
1650 5419 1833 5476 inten-

187 5524 352 5579 tatas
365 5519 618 5574 actiones
639 5517 897 5589 excipiat.
927 5515 1090 5580 Quod
1107 5515 1156 5570 si
1173 5513 1332 5586 prius
1357 5530 1530 5585 quam
1549 5513 1830 5586 quinqua-

193 5617 365 5690 ginta
384 5613 505 5670 dies
525 5613 830 5684 compleat,
861 5610 1166 5683 diﬁ‘ugiens
1187 5612 1460 5680 tanquam
1477 5607 1586 5664 vile
1605 5609 1833 5680 aliquod

188 5707 559 5779 mancipium
587 5704 1122 5778 comprehendatur,
1145 5701 1452 5758 tribuimus
1471 5701 1834 5757 collatoribus

187 5801 495 5862 licentiam
525 5802 588 5854 ut
624 5803 682 5854 et
709 5798 786 5854 ibi
803 5815 936 5854 eum
965 5798 1223 5854 locorum
1251 5795 1566 5864 detineant,
1590 5797 1648 5849 et
1675 5793 1835 5866 quid-

194 5894 342 5971 quid
357 5894 440 5951 illi
457 5891 741 5960 dederint,
756 5894 937 5948 totum
947 5891 1087 5949 furti
1103 5890 1264 5948 titulo
1280 5889 1530 5962 exigant,
1551 5889 1831 5964 praesente

1927 4689 2037 4745 que
2053 4671 2319 4744 cuiquam
2335 4671 2430 4726 alii
2449 4675 2790 4742 potestatem
2815 4670 3074 4739 facimus,
3097 4671 3274 4725 ullam
3299 4670 3405 4725 sibi
3424 4686 3556 4726 con-

1929 4769 2017 4821 tra
2033 4781 2128 4820 eos
2141 4765 2580 4836 praerogativam
2595 4781 2888 4837 usurpare,
2919 4767 3017 4818 aut
3034 4763 3245 4819 inferre
3262 4763 3340 4834 inj
3349 4763 3552 4831 ariam,

1929 4864 2029 4914 aut
2055 4859 2168 4912 ullo
2197 4875 2256 4911 se
2284 4860 2452 4930 pacto
2479 4857 2736 4912 civilibus
2773 4857 3102 4912 immiscere
3133 4855 3398 4928 negotiis.
3436 4857 3552 4912 No-

1928 4951 2112 5007 verint
2139 4950 2295 5008 enim
2317 4939 2567 5007 universi
2597 4950 2828 5020 subditi,
2853 4949 3005 5022 quod
3035 4955 3266 5022 propter
3293 4949 3554 5022 ipsorum

1931 5045 2247 5115 commoda,
2281 5061 2491 5118 nempe
2523 5060 2594 5100 ne
2621 5044 2759 5116 quid
2786 5043 2980 5099 damni
3008 5043 3124 5098 ulla
3147 5059 3215 5098 ex
3235 5046 3395 5115 parte
3422 5059 3552 5098 sen-

1931 5143 2095 5212 tiant,
2113 5146 2178 5198 ut
2197 5143 2300 5198 sub
2325 5142 2638 5214 tranquillo
2655 5145 2712 5198 et
2737 5141 2884 5197 felici
2907 5140 3166 5196 omnium
3191 5155 3386 5196 rerum
3406 5143 3558 5196 statu

1932 5240 2123 5307 agant,
2154 5252 2297 5291 neve
2321 5235 2484 5292 sedes
2510 5251 2642 5290 suas
2665 5235 3016 5308 relinquere,
3059 5239 3116 5290 et
3151 5234 3213 5288 in
3250 5233 3560 5306 peregrino

1931 5329 2048 5385 solo
2075 5329 2332 5384 miserias
2373 5329 2596 5402 perpeti
2627 5332 2926 5400 cogantur,
2959 5333 3263 5400 propterea
3304 5343 3558 5398 praesen-

1933 5426 2047 5478 tem
2075 5423 2268 5495 legem
2300 5421 2756 5494 conscripsimus,
2789 5423 2907 5477 Deo
2935 5421 3102 5477 simul
3131 5421 3319 5493 ipsam
3359 5425 3418 5476 et
3443 5420 3556 5475 ins-

1937 5515 2190 5572 tantibus
2208 5517 2548 5573 venerandis
2573 5516 2801 5588 magnis
2824 5515 2947 5587 ejus
2976 5518 3034 5570 et
3052 5514 3267 5587 publici
3290 5513 3420 5568 festi
3445 5511 3562 5567 die-

1931 5607 2038 5663 bus
2059 5608 2408 5678 dedicantes,
2430 5613 2492 5664 ut
2508 5625 2704 5666 omnes
2720 5609 3066 5680 intelligant,
3083 5608 3266 5678 magis
3285 5623 3344 5660 se
3364 5607 3556 5676 patres

1931 5701 1990 5756 in
2012 5701 2286 5773 praesides
2301 5720 2470 5774 quam
2491 5704 2644 5758 fures
2662 5702 3014 5758 etvilissimis
3029 5699 3328 5770 mancipiis
3343 5695 3556 5750 similes

1933 5793 2244 5850 habituros.
2275 5797 2352 5850 Ex
2396 5813 2510 5867 quo
2537 5801 2751 5867 autem,
2777 5813 2810 5851 ο
2839 5796 3134 5851 collatores
3162 5787 3361 5855 nostri,
3402 5787 3556 5842 scitis

1933 5890 2209 5961 quantam
2259 5905 2362 5960 pro
2401 5889 2560 5946 vobis
2594 5889 2654 5947 in
2699 5888 2890 5948 animo
2938 5900 3136 5942 curam
3177 5879 3554 5955 reposuimus,
