4022 6484
455 351 556 406 955

1583 361 1832 414 S.-ECUl.l
1873 359 2060 411 SEXTI
2099 357 2643 417 SUPPLEMENTIIM.

3772 351 3895 406 956

426 505 430 507 μ
457 481 688 534 aequum
711 470 798 518 est
824 469 960 518 utet
980 482 1074 518 vos
1093 482 1224 520 cum
1249 483 1472 521 summa
1495 469 1669 523 animi
1697 467 1983 524 alacritate
2008 470 2067 520 et
2085 472 2145 545 Α
2163 464 2268 520 bus
2288 465 2529 536 eripere,
2553 483 2740 538 neque
2761 465 2832 520 ob
2848 463 3193 536 praedictam
3229 475 3491 517 causam
3507 460 3696 530 ipsos
3721 474 3898 530 prae-

461 556 673 627 absque
693 557 808 611 ullo
828 557 1170 614 detrimento
1182 559 1406 630 publica
1422 559 1630 616 tributa
1648 559 1927 628 inferatis,
1949 577 2066 616 non

461 652 776 718 exspectata
804 651 1189 721 compulsione
1216 653 1544 723 prazsidum,
1578 654 1692 708 imo
1719 655 1798 708 ita
1828 669 1922 708 vos
1946 655 2064 708 ala-

459 757 599 806 cres,
633 745 691 794 et
732 742 962 797 devotos
997 744 1141 799 ultro
1184 745 1502 815 praebeatis,
1542 751 1606 800 ut
1650 747 1808 801 nobis
1837 764 1902 801 ex
1932 746 2068 818 ipsis

460 833 620 887 factis
649 833 919 889 indicium
942 836 1037 890 ﬁat
1057 838 1210 907 quod
1236 855 1337 909 pro
1362 843 1478 892 tam
1501 840 1692 910 ampla
1719 856 1858 910 erga
1889 856 2069 910 genus

459 925 775 980 humanum
820 928 1169 998 benignitate
1213 934 1458 986 vestram
1500 931 1664 986 nobis
1707 933 2068 988 devotionem

459 1021 896 1089 reprazseutetis,
915 1025 974 1075 et
1001 1023 1204 1076 merito
1224 1024 1373 1094 apud
1389 1026 1654 1095 praesides
1671 1026 1965 1080 occasione
1981 1025 2072 1081 de-

461 1111 696 1165 votionis
725 1129 1010 1168 summum
1048 1116 1300 1170 favorem
1332 1117 1629 1172 obtineatis
1659 1121 1716 1172 et
1764 1119 2067 1188 providen-

460 1203 620 1258 tiam.
654 1206 732 1258 Ac
760 1221 890 1260 cum
921 1207 1152 1262 omnino
1189 1209 1524 1280 praesidibus
1551 1211 1896 1265 tributorum
1918 1211 2068 1282 peri-

463 1296 654 1352 culum
672 1297 984 1366 immineat,
1005 1303 1064 1354 et
1079 1301 1136 1354 in
1155 1303 1410 1358 confesso
1427 1307 1510 1358 est
1532 1303 1686 1374 quod
1701 1320 1802 1359 suo
1820 1304 2071 1374 periculo

465 1388 537 1442 ad
569 1389 752 1443 ofﬁcia
783 1391 1231 1462 proficiscuntur,
1267 1394 1437 1466 idque
1466 1395 1638 1450 etiam
1660 1412 1754 1449 vos
1779 1396 2070 1465 cognosci-

464 1479 552 1546 tis,
585 1482 846 1536 convenit
881 1487 942 1537 ut
985 1488 1042 1538 et
1083 1501 1180 1540 vos
1219 1485 1328 1541 ista
1355 1487 1616 1556 scientes,
1647 1488 2074 1543 indevotionem

466 1573 728 1628 omnibus
747 1576 926 1630 modis
943 1577 1180 1646 evitetis,
1194 1595 1380 1649 neque
1397 1579 1474 1634 ita
1492 1579 1742 1634 rationes
1760 1597 1824 1634 ac
1842 1581 2078 1636 consilia

467 1669 655 1720 vestra
667 1667 734 1722 ad
757 1667 1201 1724 inobedientiam
1221 1671 1548 1740 traducatis,
1565 1675 1629 1726 ut
1646 1673 1897 1744 ipsorum
1916 1675 2078 1730 vehe-

468 1759 677 1812 mentia
705 1776 844 1830 opus
861 1761 951 1827 sit,
983 1777 1153 1832 quam
1170 1779 1398 1818 necesse
1415 1768 1500 1818 est
1519 1781 1613 1819 eos
1638 1782 1922 1822 assumere
1943 1784 2074 1838 pro-

2165 561 2316 614 sides
2336 576 2598 615 coercere
2623 557 2936 630 potuerint.
2965 558 3078 611 Nos
3109 558 3312 609 autem
3342 553 3495 608 satis
3522 567 3670 606 esse
3708 549 3891 605 redi-

2165 655 2328 706 tuum
2344 651 2586 722 imperio
2614 651 2984 716 arbitramur,
3016 649 3065 703 si
3083 648 3172 702 vel
3191 647 3320 702 sola
3337 645 3606 717 publica
3629 642 3892 698 tributa

2167 744 2464 798 collatores
2496 744 2768 810 inferant,
2792 759 2983 813 neque
3007 757 3152 812 opus
3183 755 3334 806 esse,
3371 741 3443 794 ut
3477 741 3670 792 extra
3707 735 3886 805 ordi-

2169 853 2304 890 nem
2325 837 2384 890 in
2415 836 2536 890 dies
2563 837 2674 890 alia
2703 840 2876 906 atque
2906 835 3020 889 alia
3054 833 3526 905 conquirantur,
3555 847 3716 904 quae.
3746 829 3888 886 uni-

2167 946 2393 984 versam
2414 929 2542 983 vitae
2573 929 2860 982 rationem
2884 927 3127 982 subditis
3149 925 3539 980 concutiant.

2239 1021 2399 1087 Quod
2425 1039 2558 1077 vero
2585 1039 2619 1076 a
2649 1021 2812 1076 nobis
2837 1021 3012 1092 paulo
3042 1022 3177 1074 ante
3206 1019 3442 1072 dictum
3477 1020 3602 1084 est,
3641 1015 3716 1070 id
3749 1032 3889 1070 ma-

2163 1115 2290 1186 jore
2311 1115 2509 1182 etiam,
2534 1117 2591 1168 et
2611 1113 2978 1184 exquisitiore
3019 1111 3397 1182 legislatione
3429 1109 3894 1164 muniendum

2170 1207 2515 1272 censuimus,
2540 1208 2602 1260 ut
2617 1205 2796 1260 animi
2818 1204 2996 1260 nostri
3016 1203 3395 1275 propositum
3417 1203 3748 1256 omnibus
3771 1203 3898 1256 elu-

2171 1303 2376 1354 ccscat.
2400 1299 2702 1354 Sancimus
2717 1298 2877 1352 enim
2900 1301 2964 1351 ut
2978 1295 3287 1351 clarissimi
3306 1296 3768 1366 subjectarum
3791 1312 3900 1349 no-

2171 1393 2258 1448 bis
2285 1391 2706 1462 provinciarum
2731 1389 3026 1462 praesides,
3045 1389 3268 1460 absque
3291 1389 3418 1443 ulla
3439 1388 3896 1460 pecuniarum

2174 1481 2405 1536 datione
2431 1480 2624 1547 creati,
2657 1485 2714 1534 et
2737 1479 2975 1550 praestiti
3004 1495 3040 1532 a
3065 1493 3123 1532 se
3150 1477 3573 1548 jurisjurandi
3629 1493 3895 1532 memo-

2174 1591 2285 1640 res,
2311 1575 2418 1628 hoc
2441 1573 2614 1627 etiam
2627 1573 2722 1642 jus
2741 1589 2775 1626 a
2797 1571 2961 1625 nobis
2983 1571 3312 1636 obtineant,
3340 1585 3420 1622 ne
3455 1587 3595 1640 qua
3631 1569 3725 1624 sit
3757 1587 3898 1624 om-

2175 1667 2312 1722 nino
2334 1665 2487 1737 apud
2511 1665 2662 1736 ipsos
2681 1664 2789 1718 fori
2809 1663 3188 1734 praescriptio,
3215 1662 3337 1716 sive
3368 1662 3448 1716 de
3468 1663 3540 1716 vi
3559 1663 3902 1734 aliquibus

2175 1760 2352 1826 illata,
2380 1759 2494 1812 sive
2526 1758 2598 1812 de
2624 1755 2978 1824 criminibus,
3003 1759 3059 1810 et
3087 1755 3224 1810 inde
3245 1755 3407 1810 natis
3437 1755 3741 1825 injuriis,
3777 1757 3902 1810 sive

467 1853 598 1918 pter
623 1825 1019 1907 inevitabilem
1030 1855 1374 1910 tributorum
1391 1857 1756 1913 exactionem.
1781 1825 2075 1930 Siquidem
2096 1825 2154 1897 B
2178 1853 2247 1907 de
2268 1850 2554 1906 instantiis
2572 1867 2637 1904 ac
2651 1849 2885 1919 indiCiiS
2905 1848 3170 1919 Ριὼιίείεν
3203 1847 3324 1901 Sive
3355 1847 3434 1902 de
3467 1849 3902 1919 Publicorum

471 1947 526 1994 et
550 1943 709 1998 vobis
739 1949 935 2000 notum
962 1949 1065 2012 est,
1089 1963 1120 2000 ο
1146 1948 1356 2002 subditi
1383 1949 1578 2016 nostri,
1607 1950 1759 2021 quod
1803 1951 2080 2006 militares

475 2051 751 2105 expensas,
781 2041 838 2090 et
855 2039 1273 2108 persecutiones
1295 2041 1562 2110 hostium,
1577 2045 1701 2097 tum
1717 2059 1925 2114 magna
1939 2044 2084 2098 indi-

474 2131 609 2194 gent
638 2128 982 2196 assiduitate,
1012 2134 1136 2185 tum
1171 2132 1294 2186 sine
1328 2133 1582 2204 pecuniis
1617 2135 1849 2190 omnino
1887 2136 2083 2191 conﬁci

477 2223 782 2288 nequeunt,
804 2237 935 2275 cum
958 2239 1145 2292 neque
1173 2225 1342 2278 ullam
1367 2242 1430 2279 ea
1457 2243 1548 2280 res
1579 2226 1911 2282 dilationem
1937 2228 2080 2282 reci-

474 2310 610 2380 piat,
639 2327 822 2382 neque
849 2329 953 2367 nos
975 2315 1150 2384 aequis
1177 2317 1349 2370 oculis
1386 2317 1771 2373 Romanorum
1809 2307 2083 2375 ditionem

475 2401 829 2458 deminutam
855 2407 1104 2477 aspicere
1123 2409 1513 2478 sustineamus,
1533 2411 1634 2464 sed
1661 2411 1847 2482 potius
1871 2413 2086 2466 univer-

477 2511 537 2549 sa
572 2494 696 2565 jam
726 2496 897 2568 Libya
925 2505 1272 2569 recuperata,
1309 2505 1366 2556 et
1396 2502 1456 2555 in
1493 2503 1819 2558 servitutem
1847 2505 2088 2560 redactis

475 2587 754 2657 Vandalis,
781 2591 960 2646 multo
989 2592 1241 2662 quotidie
1271 2593 1358 2648 his
1381 2595 1605 2665 majora
1632 2613 1734 2650 nos
1753 2613 1786 2651 a
1815 2598 1927 2652 Deo
1950 2614 2084 2668 per-

478 2683 741 2750 cepturos
760 2685 818 2737 et
841 2687 1168 2754 peracturos
1185 2702 1498 2756 speremus,
1519 2688 1592 2742 ad
1609 2705 1733 2759 quae
1752 2690 2088 2745 conveniens

480 2777 566 2826 est
583 2773 797 2828 tributa
809 2776 1034 2847 publica
1053 2779 1174 2832 sine
1195 2779 1550 2848 detrimento,
1566 2786 1621 2834 et
1639 2798 1768 2836 cum
1784 2783 2086 2850 alacritate,

479 2867 538 2918 et
577 2865 857 2936 deputatis
892 2868 1038 2939 exigi
1066 2871 1439 2941 temporibus.
1489 2873 1624 2927 Inde
1655 2874 1798 2927 adeo
1840 2874 1887 2928 si
1912 2877 1969 2928 et
1991 2891 2090 2930 vos

479 2958 812 3026 praesidibus
838 2959 1036 3014 devote
1079 2963 1148 3016 ad
1193 2964 1533 3019 solutionem
1576 2966 1900 3035 occurratis,
1929 2967 2090 3020 etilli

479 3049 729 3104 libenter
753 3053 1127 3123 expediteque
1147 3054 1354 3109 tributa
1385 3057 1454 3110 ad
1471 3073 1576 3110 nos
1599 3057 1839 3127 perferri
1865 3075 2090 3113 curave-

2176 1945 2521 1999 tributorum
2545 1940 2942 1996 exactionibus
2963 1940 3176 2011 agitur,
3199 1939 3306 1995 sed
3327 1955 3402 1994 ex
3433 1957 3637 2012 aequo
3667 1959 3905 1996 omnes

2177 2038 2385 2092 horum
2404 2033 2790 2106 jurisdictioni
2819 2033 3177 2104 subjaceant,
3209 2049 3332 2087 non
3356 2035 3904 2104 exspectantibus

2180 2130 2314 2201 ipsis
2340 2129 2523 2183 donec
2550 2145 2584 2182 a
2609 2126 3063 2197 magistratibus,
3106 2125 3323 2196 quibus
3356 2130 3511 2180 sunt
3550 2129 3902 2199 suppositi,

2173 2223 2333 2293 jussa
2347 2221 2644 2291 accipiant,
2664 2223 2765 2274 aut
2789 2219 2971 2274 donec
2999 2217 3072 2272 ad
3099 2218 3230 2274 illos
3263 2218 3585 2287 referant,
3609 2221 3734 2276 sed
3755 2239 3902 2277 con-

2183 2315 2324 2368 tenti
2349 2314 2462 2368 sint
2483 2313 2590 2366 hac
2615 2314 2812 2366 nostra
2835 2311 2986 2382 lege,
3016 2327 3118 2381 per
3144 2327 3328 2381 quam
3361 2311 3646 2383 plenam
3687 2315 3786 2368 eis
3807 2332 3908 2386 po-

2183 2408 2446 2461 testatem
2473 2404 2772 2470 tradimus,
2818 2403 3057 2457 nemine
3085 2403 3336 2458 omnino
3391 2404 3754 2462 licentiam
3801 2409 3906 2462 hac

2182 2499 2352 2553 bente
2400 2498 2458 2552 in
2508 2496 2794 2568 praedictis
2834 2495 3020 2550 causis
3063 2496 3150 2550 uti
3199 2496 3321 2551 ullo
3364 2497 3756 2570 privilegio,
3808 2506 3912 2554 aut

2185 2590 2390 2646 exinde
2407 2590 2515 2645 sibi
2535 2589 2770 2660 impune
2794 2588 3179 2659 delinquendi
3197 2589 3663 2646 auctoritatem
3693 2611 3907 2648 sumc-

2184 2685 2467 2753 re.Neque
2486 2682 2642 2737 enim
2657 2681 2952 2752 praesides,
2972 2681 3020 2735 si
3035 2681 3197 2736 omni
3210 2697 3477 2744 munere
3496 2684 3908 2752 abstineant,

2188 2775 2499 2846 quidquam
2515 2774 2712 2828 timori
2731 2774 2855 2840 Dei,
2871 2773 3036 2844 legis,
3063 2778 3122 2828 et
3142 2775 3336 2828 nostri
3357 2782 3793 2847 praeponent,
3810 2781 3911 2834 sed

2188 2885 2256 2924 eo
2275 2867 2661 2938 respicientes,
2684 2866 2927 2920 subditis
2943 2867 3386 2921 conservabunt
3399 2867 3772 2941 justitiam,
3793 2891 3914 2928 om.

2187 2960 2284 3014 nia
2295 2959 2776 3030 secundumleges
2790 2961 3035 3027 nostras,
3051 2962 3110 3012 et
3119 2958 3500 3028 judicantes,
3520 2968 3592 3017 et
3612 2969 3912 3035 agentes.

2190 3055 2252 3107 In
2271 3052 2476 3106 talibus
2512 3051 2669 3105 enim
2695 3051 2869 3106 etiam
2893 3050 3106 3105 milites
3129 3051 3232 3122 qui
3259 3051 3324 3106 in
3357 3054 3730 3122 provinciis
3763 3060 3912 3114 resi-

483 3141 614 3208 rint,
632 3147 750 3196 tam
772 3145 1038 3214 praesides
1055 3146 1126 3200 ob
1147 3146 1499 3217 diligentiam
1526 3149 1897 3218 laudabimus,
1922 3167 2090 3220 quam
2111 3173 2166 3246 C
2193 3145 2348 3246 dent,
2387 3143 2957 3246 ipsis'submittim‘us,
3001 3160 3121 3246 non
3155 3160 3298 3246 sane
3331 3144 3808 3246 indigentibus
3843 3153 3916 3205 ad

484 3234 654 3289 etiam
674 3252 771 3290 vos
798 3237 868 3290 ob
897 3242 1222 3308 promptam
1246 3239 1590 3294 voluntatem
1616 3242 2092 3312 amplexabimur,

484 3327 704 3398 eritque
730 3327 878 3382 bella
897 3330 1172 3400 quaedam,
1193 3335 1249 3385 et
1267 3332 1519 3402 undique
1545 3350 1792 3387 consona
1820 3333 1972 3388 inter
1997 3352 2095 3389 eos

483 3419 580 3490 qui
601 3420 921 3490 praesident,
942 3423 1256 3494 quibusque
1277 3423 1631 3494 praesidetur,
1653 3425 1970 3481 harmonia.
1987 3427 2094 3482 Ma-

482 3527 596 3580 gno
617 3511 794 3582 igitur
804 3513 916 3568 Deo
935 3518 992 3568 et
1011 3515 1294 3570 Servatori
1309 3520 1502 3572 nostro
1521 3519 1549 3572 ,Ι
1555 3533 1653 3571 esu
1669 3518 1885 3574 Christo
1901 3518 2094 3573 laudes

483 3619 586 3674 pro
603 3605 710 3658 hac
727 3605 856 3676 lege
886 3607 1052 3661 simul
1067 3625 1264 3662 omnes
1281 3608 1538 3677 offerant,
1556 3627 1685 3680 quae
1705 3609 1841 3680 ipsis
1861 3615 2091 3682 prazsta-

483 3695 566 3751 bit
587 3701 647 3750 ut
661 3695 718 3750 in
743 3714 842 3752 sua
863 3699 1100 3770 quisque
1115 3701 1302 3771 patria
1321 3717 1516 3756 secure
1533 3702 1812 3770 habitent,
1834 3719 1932 3757 sua
1948 3704 2095 3774 quis-

482 3805 592 3861 que
613 3789 762 3844 bona
785 3791 1130 3860 possideant,
1156 3796 1214 3846 et
1232 3793 1482 3848 fructum
1505 3798 1778 3864 prieterea
1803 3811 1873 3849 ex
1898 3796 2092 3866 praesi-

484 3879 622 3934 dum
637 3881 859 3952 justitia
882 3883 1218 3954 percipiant.
1244 3887 1312 3939 Et
1335 3901 1472 3938 sane
1501 3901 1604 3940 nos
1639 3903 1868 3957 quoque
1885 3887 1994 3942 hac
2023 3887 2094 3942 de

485 3987 652 4026 causa
681 3973 862 4043 ipsam
888 3974 1200 4044 posuimus,
1221 3979 1286 4030 ut
1314 3991 1418 4045 per
1435 3976 1578 4031 hanc
1603 3977 1748 4048 legis
1769 3979 2092 4048 aequitatem

488 4081 555 4119 eo
580 4064 798 4119 facilius
819 4082 923 4120 nos
949 4067 1059 4120 Deo
1076 4066 1392 4134 conciliare,
1414 4072 1793 4140 nostrumque
1815 4070 1900 4124 illi
1920 4071 2096 4141 impe-

486 4155 637 4210 rium
659 4157 1121 4212 commendatum
1148 4158 1390 4213 reddere
1413 4177 1722 4230 possemus,
1738 4177 1880 4216 neve
1909 4162 2092 4218 homi-

489 4264 610 4314 nes,
640 4265 778 4318 quos
807 4251 956 4302 Deus
983 4250 1144 4304 nobis
1168 4251 1228 4304 in
1255 4251 1360 4305 hoc
1383 4252 1634 4319 tradidit,
1659 4257 1722 4308 ut
1745 4254 1920 4308 secuti
1949 4255 2096 4309 illius

487 4340 823 4410 bonitatem,
863 4359 968 4412 per
998 4342 1190 4397 omnia
1222 4343 1502 4398 rationem
1532 4344 1756 4400 illorum
1784 4347 2098 4402 clementer

488 4433 846 4501 haberemus,
871 4451 1171 4506 oppressos
1208 4435 1415 4506 injuria
1442 4437 1729 4509 despicere
1750 4438 2094 4494 videremur.

2181 3237 2300 3290 -hoc
2319 3235 2547 3306 speciali
2569 3236 2754 3306 jussu,
2781 3236 2871 3290 vel
2899 3238 3100 3291 nostro
3134 3236 3222 3290 vel
3267 3241 3660 3296 nostrorum
3697 3261 3914 3314 proce-

2193 3345 2341 3394 rum,
2354 3328 2452 3381 scd
2470 3330 2693 3382 tantum
2705 3326 2975 3398 praesenti
2993 3329 3125 3399 lege
3141 3329 3484 3398 utentibus,
3505 3336 3576 3387 et
3595 3335 3918 3392 militibus

2193 3438 2324 3476 eam
2345 3420 2797 3487 ostendentibus,
2827 3423 2892 3474 ut
2915 3423 3206 3490 potestate
3245 3421 3440 3476 ofﬁcii
3481 3423 3652 3496 ipsis
3677 3431 3914 3484 utenti-

2190 3514 2297 3570 bus
2321 3512 2526 3568 auxilio
2557 3513 2707 3568 sint:
2744 3512 2990 3566 scientes
3019 3513 3179 3584 quod
3210 3512 3260 3568 si
3287 3514 3408 3570 hoc
3446 3533 3588 3572 non
3628 3523 3910 3592 egerint,

2193 3623 2310 3662 non
2330 3606 2515 3661 solum
2531 3621 2899 3660 annonarum
2923 3609 2980 3660 et
3010 3604 3240 3661 militia:
3268 3607 3710 3669 amissionem
3739 3617 3916 3671 susti-

2195 3699 2430 3766 nebunt,
2446 3697 2548 3753 sed
2572 3697 2747 3752 etiam
2775 3696 2847 3752 de
2868 3713 3110 3768 corpore
3137 3697 3390 3753 venient
3418 3701 3488 3756 in
3513 3706 3918 3774 periculum.

2194 3792 2266 3846 Ut
2286 3791 2438 3845 nullo
2450 3793 2728 3861 praeterea
2753 3789 2918 3843 nobis
2944 3789 3059 3844 alio
3084 3790 3451 3862 magistratu
3476 3811 3652 3867 opus
3676 3801 3786 3869 sit,
3814 3806 3918 3856 aut

2195 3883 2368 3938 etiam
2394 3883 2480 3937 vel
2508 3882 3001 3949 latrunculatores,
3023 3883 3114 3936 vel
3145 3899 3296 3954 quos
3323 3893 3572 3943 vocant
3593 3891 3922 3948 violentiis

2195 3974 2528 4030 cohibendis
2557 3974 2696 4046 (imo
2732 3973 3190 4045 grassationibus
3231 3979 3640 4048 exercendis)
3677 4002 3922 4058 praepo-

2195 4067 2351 4135 sitos,
2381 4068 2469 4122 vel
2495 4069 2882 4121 exarmatores
2905 4067 3200 4134 emittere,
3222 4067 3369 4122 satis
3393 4072 3682 4142 quidem
3721 4078 3920 4135 hone-

2195 4165 2306 4215 stos
2336 4176 2453 4230 prae
2483 4175 2542 4212 se
2572 4159 2820 4214 ferentes
2858 4159 3079 4226 titulos,
3116 4176 3182 4213 re
3233 4163 3450 4216 autem
3491 4163 3644 4236 ipsa
3701 4188 3920 4243 perpe-

2194 4255 2411 4308 trantes
2441 4251 2704 4331 omnium
2748 4250 3230 4322 ﬂagitiosissima.
3265 4253 3426 4327 Nam
3463 4257 3520 4312 si
3559 4264 3923 4331 provincia-

2197 4361 2326 4400 rum
2357 4321 2626 4415 praasides
2651 4343 3122 4415 uniuscujusque,
3155 4345 3248 4399 vel
3273 4349 3738 4411 maximorum
3792 4375 3920 4413 ma-

2199 4437 2540 4509 gistratuum
2569 4437 2760 4491 locum
2791 4436 3058 4507 implent,
3097 4438 3590 4514 multorumque
3645 4450 3922 4505 aliorum

488 4526 646 4580 Unde
680 4526 981 4597 (quantum
999 4528 1070 4582 ad
1089 4529 1214 4598 nos)
1234 4533 1561 4584 consecrata
1580 4531 1774 4586 sitDeo
1796 4527 2174 4602 proptereaD
2190 4529 2451 4602 judicum
2478 4529 2660 4583 instar
2688 4531 2821 4582 sunt
2861 4529 3199 4600 provinciis,
3229 4535 3289 4585 et
3317 4541 3656 4603 quantum
3683 4542 3757 4596 in
3783 4544 3924 4615 ipsis

487 4618 635 4688 quod
654 4619 794 4673 nihil
816 4636 1012 4674 eorum
1027 4621 1329 4687 bonorum,
1355 4638 1484 4692 quae
1509 4639 1614 4694 pro
1632 4621 1873 4678 tuitione
1897 4623 2091 4678 subdi-

485 4714 675 4765 torum
696 4711 933 4766 nobisin
951 4718 1204 4768 mentem
1221 4713 1473 4783 veniunt,
1487 4715 1820 4770 omittimus.
1833 4716 2096 4771 Volentes

488 4803 642 4857 enim
665 4803 957 4860 illiberalia
983 4805 1094 4874 illa,
1121 4809 1177 4859 et
1196 4806 1420 4861 servilia
1439 4807 1588 4862 furta
1605 4808 1822 4875 tollere,
1850 4812 1907 4863 et
1925 4809 2093 4863 colla-

487 4901 638 4950 tores
657 4900 881 4951 nostros
899 4898 1068 4967 tueri,
1087 4915 1158 4953 ne
1182 4898 1316 4970 quid
1341 4915 1606 4970 asperum
1627 4917 1662 4954 a
1679 4899 2096 4970 provinciarum

487 4989 942 5044 moderatoribus
967 4990 1276 5062 patiantur,
1308 4997 1613 5063 propterea
1637 4994 1814 5064 gratis
1841 4992 1948 5047 illis
1974 4993 2093 5048 ofﬁ-

488 5079 573 5134 cia
607 5083 863 5136 conferre
891 5083 1228 5151 studuimus,
1251 5101 1321 5139 ne
1343 5101 1517 5155 quam
1545 5084 1617 5138 ad
1647 5085 2098 5156 delinquendum

489 5171 984 5244 diripiendumque
1027 5177 1299 5246 subditos,
1329 5193 1572 5248 quorum
1597 5178 1780 5248 gratia
1812 5178 1954 5232 nihil
1984 5194 2100 5233 non

490 5264 694 5318 laboris
712 5265 1434 5334 sustinemus,occasionem
1446 5269 2100 5340 habeant,dedignantes

491 5354 702 5409 imitari
723 5373 820 5411 eos
846 5358 942 5427 qui
964 5362 1093 5414 ante
1109 5377 1214 5416 nos
1235 5361 1480 5434 imperio
1497 5362 1862 5432 praefuerant,
1879 5363 1975 5433 qui
1994 5379 2098 5434 pro

490 5447 748 5517 pecuniis
769 5450 1122 5506 conferentes
1141 5454 1348 5522 ofﬁcia,
1367 5453 1472 5508 sibi
1494 5453 1628 5524 ipsis
1641 5454 1792 5524 juste
1808 5454 2102 5526 increpan-

494 5539 548 5592 di
573 5556 670 5594 eos
692 5540 791 5610 qui
811 5541 1015 5610 injuste
1037 5561 1094 5598 se
1121 5545 1180 5599 in
1199 5546 1398 5600 ofﬁciis
1425 5547 1701 5616 gerebant
1721 5547 1941 5617 copiam
1963 5547 2097 5602 ade-

492 5633 904 5704 merunt,digni
921 5637 1174 5706 profecto
1192 5638 1395 5707 quibus
1410 5639 1897 5710 propterturpiter
1908 5657 2102 5711 accep-

492 5731 605 5780 tam
628 5742 732 5796 pro
744 5726 942 5780 ofﬁciis
959 5728 1258 5796 pecuniam
1277 5730 1462 5800 capita
1483 5732 1918 5786 obvolverentur
1932 5733 2101 5803 pallio

495 5834 622 5870 cum
649 5834 834 5887 neque
859 5835 986 5872 suos
1004 5835 1068 5872 ea
1084 5835 1143 5871 rc
1173 5820 1463 5876 collatores
1483 5823 1550 5877 ab
1574 5823 1841 5894 improbis
1854 5825 2102 5895 praesidi-

2197 4629 2300 4690 est,
2345 4621 2657 4676 secundum
2701 4621 2860 4691 leges
2886 4624 3117 4676 nostras
3149 4626 3496 4681 sententias
3549 4635 3922 4704 proferunt,

2196 4714 2322 4786 quis
2341 4717 2438 4768 aut
2462 4713 2892 4785 praescriptione
2925 4713 3056 4781 fori,
3083 4717 3185 4769 aut
3216 4715 3336 4771 alio
3370 4718 3516 4789 ejus
3548 4730 3827 4795 generis
3846 4732 3924 4783 uti

2197 4806 2349 4878 apud
2382 4807 2534 4878 ipsos
2561 4805 2818 4860 audeat?

2266 4898 2664 4956 Interdicimus
2684 4903 2878 4953 autem
2902 4902 2960 4952 et
2982 4899 3426 4970 gloriosissimo
3445 4921 3577 4976 per
3590 4910 3923 4970 Orientem

2196 4991 2470 5062 magistro
2491 4989 2762 5058 militum,
2777 4996 2834 5044 et
2851 4990 3121 5046 omnibus
3140 4993 3398 5050 omnino
3422 5002 3923 5072 magistratibus

2199 5083 2426 5150 nostris,
2449 5099 2521 5138 ne
2539 5084 2625 5137 vel
2645 5083 3146 5152 latrunculatores,
3159 5087 3252 5140 vel
3276 5086 3607 5149 violentiis
3628 5101 3922 5156 cohiben-

2199 5177 2285 5230 dis
2313 5175 2668 5248 praepositos,
2693 5177 2781 5229 vel
2820 5180 3236 5244 exarmatores,
3263 5180 3358 5234 vel
3389 5183 3741 5254 ejusmodi
3783 5195 3924 5248 alios

2199 5270 2259 5323 in
2280 5268 2598 5340 provincias
2616 5267 2902 5324 emittant.
2923 5269 3118 5324 Sciant
3139 5270 3331 5340 enim,
3352 5275 3465 5345 qui
3492 5280 3581 5335 ad
3606 5282 3742 5340 hoc
3768 5289 3924 5342 insti-

2198 5361 2280 5416 tui
2313 5363 2441 5432 post
2468 5361 2619 5416 hanc
2645 5362 3140 5441 nostram’legem
3175 5377 3750 5449 praesumpserint,
3789 5398 3925 5452 quo-

2199 5454 2356 5509 niam
2393 5453 2544 5525 capti
2572 5471 2606 5508 a
2635 5454 2845 5509 nostris
2874 5453 3176 5525 judicibus
3217 5459 3744 5539 provinciarum,
3784 5480 3845 5528 et
3871 5476 3920 5528 in

2199 5545 2422 5602 vincula
2431 5545 2790 5617 redigentur,
2805 5551 2861 5601 et
2875 5562 3049 5601 causa
3061 5547 3138 5602 ad
3152 5565 3259 5602 nos
3275 5555 3584 5613 nuntiata
3608 5579 3923 5621 summum

2201 5655 2234 5694 a
2254 5638 2420 5693 nobis
2443 5638 2759 5710 periculum
2781 5639 3184 5710 sustinebunt;
3209 5647 3271 5696 et
3293 5645 3401 5716 qui
3429 5647 3831 5723 hujusmodi
3853 5661 3922 5714 eis

2200 5736 2482 5804 praecepta
2503 5731 2867 5799 tradiderint,
2895 5731 3143 5802 triginta
3163 5733 3472 5796 librarum
3507 5751 3662 5804 auri
3689 5768 3922 5823 paenam

2199 5825 2641 5897 sustinebunt,et
2661 5825 2942 5898 majorem
2976 5823 3246 5900 insuper,
3271 5845 3344 5886 ac
3361 5834 3920 5903 vehementiorem
