4022 6432
199 369 305 422 9357

578 367 944 424 JUSTINIANI
982 370 1272 426 EDICTUM
1309 371 1397 425 AD
1435 371 1678 438 UBIQUE
1714 372 2161 427 CONSTITUTOS
2197 370 2552 426 EPISCOPOS
2587 368 2672 424 ET
2708 366 3190 423 PATRIARCIIAS.

3455 365 3560 424 938

199 477 470 530 nostram
499 475 962 547 indignationem
989 477 1374 549 experientur.
1408 478 1648 550 Oportet
1665 478 1840 549 igitur
1857 492 1919 566 Α
1938 478 2402 551 pensitationem,
2423 476 2750 548 ingentibus
2776 479 3060 548 praeterea
3081 473 3308 545 injuriis
3326 478 3564 545 propter

201 567 637 639 provinciarum
655 570 926 641 praesides
941 575 1100 626 tanta
1118 589 1151 627 a
1169 571 1330 627 nobis
1344 575 1624 643 potestate
1642 571 1839 644 digna-

201 663 314 728 tos,
341 661 425 717 ita
455 679 514 716 se
546 663 608 718 in
647 664 884 734 agendis
928 665 1100 720 rebus
1147 682 1370 736 gerere,
1409 669 1474 720 ut
1514 665 1718 736 (quoad
1749 669 1834 721 ta-

203 771 346 810 men
372 755 618 826 justitia,
633 759 692 811 et
707 758 866 827 leges
888 759 1241 829 permittunt)
1263 759 1334 814 ab
1355 759 1622 814 omnibus
1639 759 1836 814 formi-

203 848 456 903 dentur:
479 850 725 904 scientes
745 851 900 921 quod
927 851 972 905 si
998 853 1147 906 male
1177 857 1234 907 et
1261 855 1472 922 praeter
1497 851 1838 922 dignitatem

203 958 237 994 a
262 941 432 996 nobis
459 943 783 998 commissae
811 944 890 998 eis
914 945 1214 1016 potestatis
1234 945 1448 1000 tradita
1478 944 1838 999 administra-

203 1034 369 1088 tione
389 1038 644 1103 utantur,
664 1037 967 1092 antedictis
983 1038 1357 1108 subjacebunt
1377 1037 1664 1110 suppliciis
1687 1055 1702 1092 :
1726 1054 1840 1092 sus-

202 1127 462 1182 tinentes
483 1129 698 1184 scilicet
719 1146 787 1184 ea
815 1131 954 1184 dum
981 1131 1168 1186 adhuc
1193 1131 1252 1185 in
1275 1131 1463 1186 ofﬁcio
1491 1135 1640 1200 sunt,
1663 1130 1842 1202 majo-

203 1221 368 1275 ribus
399 1221 577 1276 etiam
604 1223 866 1278 tentandi
896 1224 1162 1294 periculis
1187 1241 1256 1278 eo
1285 1224 1561 1295 deposito.
1586 1225 1842 1295 Denega-

202 1331 336 1368 mus
365 1315 522 1369 enim
551 1315 660 1370 illis
685 1333 826 1387 quas
846 1321 1116 1372 rexerunt
1145 1317 1482 1388 provincias,
1508 1317 1664 1388 prius
1685 1333 1840 1372 exce-

205 1407 390 1461 dendi
415 1408 729 1475 licentiam,
749 1426 926 1480 quam
944 1410 1268 1482 legitimum
1283 1409 1701 1481 quinquaginta
1719 1411 1836 1465 die-

201 1517 337 1554 rum
350 1502 600 1572 spatium
613 1503 989 1573 compleatur,
1006 1504 1120 1557 sive
1134 1503 1429 1558 occasione
1451 1503 1837 1572 revocatorize,

203 1593 323 1648 sive
365 1594 607 1648 obtentu
644 1595 815 1665 fugae,
845 1596 958 1650 sive
997 1597 1110 1650 alia
1144 1612 1485 1667 quacunque
1520 1596 1590 1650 de
1623 1612 1794 1650 causa
1823 1613 1836 1650 :

203 1686 538 1754 scientibus,
569 1689 723 1758 quod
754 1689 867 1741 sive
899 1689 978 1758 (ut
1007 1693 1140 1744 ante
1173 1687 1436 1760 diximus)
1461 1689 1520 1742 in
1551 1689 1658 1744 hac
1687 1689 1842 1743 alma

205 1780 368 1847 urbe,
398 1780 513 1834 sive
553 1781 689 1835 alibi
726 1781 984 1836 locorum
1026 1785 1343 1849 versentur,
1377 1781 1451 1836 ad
1484 1782 1839 1853 provinciam

1935 571 2290 628 venditiones
2318 571 2743 644 provinciarum
2773 585 2841 624 ex
2864 567 3171 642 praesidum
3197 567 3401 640 rapina
3426 584 3558 639 sup-

1936 666 2360 739 primebantur,
2389 682 2486 720 eas
2516 681 2620 736 per
2643 663 2958 734 subjectam
2987 664 3175 732 legem
3203 661 3404 717 tollere
3433 677 3560 733 pro-

1936 759 2278 832 peravimus,
2329 775 2428 814 vos
2494 763 2687 814 autem
2737 757 2796 812 in
2841 759 3150 835 utramque
3208 755 3561 810 dormientes

1939 869 2158 921 aurem,
2214 852 2356 907 nihil
2407 852 2572 907 nobis
2621 849 2983 906 renuntiatis.
3041 848 3126 904 Sit
3177 848 3415 920 quidem
3465 848 3562 903 do-

1936 945 2097 1001 mino
2135 947 2251 1001 Deo
2289 948 2639 1013 consecrata,
2664 961 2764 1000 vos
2795 947 2988 999 autem
3019 941 3305 998 rationem
3349 941 3404 996 ei
3429 941 3561 996 red-

1941 1039 2086 1094 detis
2111 1039 2182 1094 de
2208 1039 2418 1109 injuria
2447 1039 2572 1094 aliis
2598 1039 2775 1107 illata,
2805 1038 2852 1093 si
2876 1054 2982 1109 per
3007 1038 3158 1091 hanc
3179 1035 3558 1102 occasionem,

1941 1132 2096 1204 quod
2123 1133 2194 1187 de
2223 1132 2310 1186 his
2335 1149 2451 1186 non
2481 1132 2850 1199 instruamur,
2879 1129 3206 1186 nocumenti
3237 1127 3453 1200 aliquid
3471 1143 3563 1181 ve-

1939 1226 2068 1281 stris
2097 1225 2218 1279 istis
2243 1225 2572 1280 homiuibus
2599 1225 2902 1295 irrogetur.
2934 1225 3058 1279 Imo
3090 1239 3206 1289 vos,
3236 1221 3334 1292 qui
3356 1221 3414 1275 in
3438 1221 3562 1276 loco

1939 1322 2252 1390 praesentes
2277 1318 2430 1385 estis,
2457 1321 2516 1372 et
2551 1321 2671 1373 tam
2698 1333 2801 1388 pro
2830 1316 2989 1371 vobis
3009 1331 3184 1386 quam
3211 1331 3317 1386 pro
3343 1313 3563 1368 caeteris

1941 1411 2265 1480 decertatis,
2286 1414 2514 1482 oportet
2525 1409 2798 1466 certiores
2810 1426 2912 1464 nos
2925 1409 3186 1474 reddere,
3205 1411 3264 1461 et
3285 1407 3356 1461 de
3377 1405 3445 1460 iis
3465 1404 3562 1476 qui

1939 1510 2090 1560 recte
2117 1521 2176 1558 se
2203 1505 2264 1558 in
2290 1503 2792 1558 administratione
2821 1507 3048 1573 gerunt,
3076 1504 3134 1556 et
3157 1500 3255 1572 qui
3282 1501 3434 1554 hanc
3459 1514 3562 1554 no-

1939 1601 2115 1652 stram
2135 1597 2327 1668 legem
2351 1597 2868 1668 transgrediuntur,
2889 1599 2952 1650 ut
2970 1597 3214 1665 utroque
3230 1591 3484 1663 cognito,
3505 1591 3566 1646 in

1939 1691 2046 1745 hos
2075 1690 2309 1762 quidem
2330 1689 2872 1756 animadvertamus,
2899 1688 3010 1742 illis
3038 1703 3173 1742 vero
3195 1687 3450 1757 aliquam
3471 1700 3558 1738 re-

1939 1783 2193 1838 feramus
2217 1783 2484 1854 gratiam.
2512 1781 2691 1837 Simul
2716 1799 2782 1836 ac
2807 1797 2940 1836 vero
2967 1781 3056 1835 lex
3098 1779 3326 1851 publico
3353 1793 3564 1849 propo-

206 1873 404 1927 denuo
447 1873 692 1941 reducti,
731 1890 907 1945 quam
952 1879 1240 1941 rexerunt,
1287 1891 1482 1945 poenas
1537 1874 1838 1945 excipient,
1860 1857 1917 1930 Β
1942 1875 2068 1943 sita,
2102 1879 2161 1930 et
2192 1875 2457 1931 omnibus
2481 1875 2786 1930 manifesta
2817 1875 2965 1928 facta
2999 1876 3104 1940 est,
3132 1876 3270 1926 tunc
3304 1873 3564 1941 suscepta

204 1982 353 2036 quas
372 1966 761 2037 praediximus.
777 1967 1184 2038 Jusjurandum
1202 1983 1336 2022 vero
1360 1967 1598 2034 dabunt,
1613 1967 1703 2021 hic
1725 1967 1844 2038 qui-

207 2059 344 2113 dem
374 2059 690 2114 secundum
711 2060 960 2114 formam
981 2059 1240 2130 superius
1273 2076 1622 2131 expressam.
1646 2060 1705 2114 Si
1725 2059 1844 2131 qui-

203 2153 315 2207 bus
341 2167 496 2219 vero,
525 2151 681 2223 quod
701 2152 760 2206 in
781 2151 1088 2224 provinciis
1109 2153 1372 2221 existant,
1389 2152 1839 2208 administratio-

201 2245 299 2300 nis
349 2244 638 2299 codicillos
681 2245 835 2300 mitti
875 2245 1176 2316 placuerit,
1201 2245 1608 2316 jusjurandum
1647 2260 1843 2300 coram

203 2339 311 2394 Dei
339 2337 732 2392 amantissimo
765 2337 1032 2409 episcopo
1069 2337 1403 2409 metropolis
1433 2337 1670 2408 ejusque
1708 2337 1842 2392 civi-

206 2431 344 2486 tatis
373 2430 724 2502 primoribus
743 2431 1033 2497 subibunt,
1067 2434 1124 2485 et
1147 2430 1228 2484 ita
1259 2447 1454 2485 rerum
1485 2429 1846 2485 administra-

208 2525 437 2579 tionem
485 2523 814 2596 suscipient,
849 2522 1187 2578 celsitudine
1229 2523 1492 2578 videlicet
1527 2525 1626 2578 tua
1655 2523 1842 2594 provi-

207 2617 407 2686 dente,
439 2618 503 2670 ut
525 2617 640 2670 sive
677 2616 735 2670 in
773 2617 968 2687 ampla
994 2616 1100 2670 hac
1129 2615 1263 2670 urbe
1290 2615 1690 2686 magistratum
1721 2614 1848 2686 quis

206 2709 502 2780 suscipiat,
530 2709 646 2764 sive
675 2727 708 2764 a
739 2708 1076 2763 celsitudine
1100 2711 1198 2763 tua
1224 2709 1344 2779 ejus
1373 2708 1620 2763 codicilli
1639 2708 1699 2762 in
1721 2725 1849 2780 pro-

205 2803 460 2858 vinciam
485 2803 789 2858 mittantur
819 2819 832 2858 :
865 2803 932 2869 is,
967 2801 1062 2872 qui
1089 2801 1340 2872 suscipit,
1361 2801 1688 2856 cautionem
1713 2802 1848 2856 ﬁsco

207 2897 284 2952 de
311 2895 541 2951 tributis
561 2895 684 2950 sine
703 2896 938 2966 querela
951 2895 1246 2964 exigendis
1263 2897 1518 2966 praestet,
1540 2897 1712 2966 prout
1727 2895 1847 2966 ipse

205 3005 448 3061 prorsus
477 2987 764 3042 statueris.
796 2988 1034 3042 Feratur
1061 2990 1257 3041 autem
1291 2987 1457 3042 nobis
1494 2987 1616 3041 haec
1651 2988 1738 3042 lex
1777 2987 1848 3041 de

207 3083 486 3138 omnibus
513 3081 612 3152 qui
633 3081 758 3152 jam
787 3081 922 3134 inde
949 3097 1210 3152 expresse
1239 3098 1273 3135 a
1301 3079 1466 3134 nobis
1491 3079 1850 3136 nominanda

209 3175 408 3231 officia
435 3172 685 3245 gratuita
707 3172 1046 3244 percipient.
1074 3173 1369 3226 Praeterita
1393 3172 1548 3226 enim
1559 3171 1685 3242 jam
1713 3175 1847 3226 ante

205 3267 417 3340 positis
435 3222 781 3336 :ubjaceabt
803 3222 1046 3335 legibus,
1076 3265 1234 3320 nulla
1263 3222 1847 3338 agisagsgzg‘gig
1868 3222 1923 3296 C

206 3365 412 3416 nostra
426 3361 556 3429 lege
577 3374 878 3429 poenarum
896 3358 1238 3412 imminente
1257 3357 1325 3411 iis
1346 3357 1443 3428 qui
1463 3374 1642 3428 usque
1659 3357 1847 3412 adhuc

207 3453 406 3510 officia
426 3451 850 3518 administrant,
871 3451 979 3506 nisi
1004 3451 1150 3505 forte
1169 3453 1226 3505 et
1248 3450 1353 3521 ipsi
1374 3453 1503 3521 post
1521 3449 1691 3520 hujus
1705 3449 1848 3520 legis

205 3545 668 3602 insinuationem
682 3543 936 3614 rapuisse
951 3542 1164 3614 aliquid
1183 3543 1704 3614 deprehendantur.
1719 3543 1848 3597 Haec

203 3639 393 3713 igitur
408 3637 609 3693 omnia
628 3635 956 3707 perdiscens
976 3635 1250 3690 celsitudo
1271 3639 1383 3702 tua,
1398 3638 1460 3690 ut
1474 3635 1626 3706 apud
1647 3651 1848 3690 omnes

203 3733 318 3788 sub
337 3749 397 3785 se
418 3731 755 3786 constitutas
773 3733 974 3800 gentes
990 3727 1297 3783 manifesta
1321 3728 1483 3792 ﬁant,
1499 3731 1768 3798 procuret
1781 3745 1848 3782 ex

201 3841 374 3882 more
387 3822 686 3878 destinatis
702 3821 774 3876 ad
791 3837 990 3876 omnes
1010 3821 1432 3892 provinciarum
1445 3823 1698 3875 rectores
1711 3837 1849 3892 pra:-

205 3917 411 3990 ceptis,
457 3921 520 3971 ut
567 3917 829 3970 nostrum
876 3914 1024 3968 circa
1076 3913 1332 3968 subditos
1378 3912 1630 3967 studium
1661 3913 1846 3985 deque

206 4009 484 4068 creandis
513 4007 846 4080 praesidibus
890 4007 1238 4062 sententiam
1275 4010 1673 4077 agnoscentes,
1715 4006 1844 4078 ipsi,

203 4105 401 4160 sciant
429 4104 648 4174 quanta
668 4101 730 4155 in
752 4100 880 4156 illos
909 4099 1187 4158 beneﬁcia
1214 4098 1642 4168 contulerimus,
1666 4098 1766 4170 qui
1787 4101 1848 4154 ut

204 4197 460 4253 meliore
489 4195 719 4250 fortuna
738 4196 994 4260 utantur,
1019 4210 1091 4248 ne
1111 4193 1274 4264 regio
1303 4191 1536 4264 quidem
1555 4192 1847 4247 famulicio

201 4287 663 4364 pepercerimus.
686 4289 809 4342 Dat.
824 4304 936 4344 xvu
953 4286 1194 4343 Kalend.
1211 4285 1387 4358 April.
1405 4285 1841 4358 Constantinop.

203 4382 488 4441 Belisario
513 4397 566 4436 v.
601 4397 649 4436 c.
680 4397 798 4436 cos.

889 4549 1187 4604 EDICTUM

209 4693 427 4761 Ubique
454 4691 688 4745 locorum
714 4689 1018 4761 constitutis
1043 4689 1139 4742 Dei
1165 4688 1554 4761 amantissimis
1576 4687 1845 4761 archiepi-

281 4758 480 4833 scopis,
504 4760 1031 4830 religiosissimisque
1041 4758 1377 4829 patriarchis
1399 4759 1774 4828 conscriptum.

282 4948 497 5002 Curam
533 4944 804 5015 gerentes
841 4939 1066 4996 tradita:
1093 4938 1260 4994 nobis
1289 4955 1324 4993 a
1353 4939 1470 4994 Deo
1496 4937 1845 5010 reipublicae,

200 5038 502 5110 simulque
528 5039 590 5092 ut
616 5033 830 5090 subditi
856 5032 1035 5089 nostri
1066 5048 1134 5086 ex
1162 5031 1326 5088 omni
1354 5036 1516 5103 parte
1544 5047 1674 5086 cum
1687 5031 1850 5103 justi-

199 5135 293 5189 tia
311 5131 490 5186 vitam
512 5128 746 5200 degant,
765 5126 1078 5194 studentes,
1097 5124 1414 5196 subjectam
1434 5125 1626 5196 legem
1645 5125 1850 5180 descri-

197 5225 450 5301 psimus.
481 5221 666 5288 Quam
693 5219 930 5292 quidem
960 5221 1017 5274 et
1037 5217 1324 5272 sanctitati
1353 5221 1486 5285 tuas,
1510 5220 1568 5272 et
1594 5234 1698 5289 per
1717 5234 1848 5273 eam

201 5315 504 5383 omnibus,
519 5314 616 5387 qui
629 5314 689 5368 in
701 5311 994 5384 provincia
1004 5314 1103 5365 tua
1114 5312 1266 5379 sunt,
1280 5309 1649 5365 manifestam
1659 5310 1847 5366 facere

199 5409 517 5485 pulchrum
544 5406 825 5462 duximus.
847 5406 978 5460 Tuas
1008 5403 1186 5475 igitur
1204 5401 1498 5474 religionis
1531 5407 1586 5457 et
1605 5403 1849 5475 reliquo-

200 5519 346 5560 rum
383 5501 782 5573 episcoporum
818 5497 994 5553 fuerit
1029 5495 1140 5550 ista
1175 5495 1501 5561 observare,
1529 5498 1588 5548 et
1623 5495 1671 5550 si
1705 5495 1847 5568 quid

199 5594 492 5672 praesides
529 5591 1049 5665 transgrediantur,
1080 5589 1155 5643 ad
1197 5604 1301 5642 nos
1331 5587 1568 5654 referre,
1604 5603 1677 5643 ne
1707 5588 1847 5658 quid

205 5704 424 5748 eorum
459 5703 588 5759 qua:
613 5685 879 5758 religiose
911 5681 1079 5738 simul
1104 5685 1159 5737 et
1179 5681 1336 5752 juste
1368 5696 1403 5734 a
1439 5679 1603 5734 nobis
1632 5681 1848 5736 sancita

203 5783 369 5849 sunt,
401 5779 766 5852 despiciatur.
798 5779 943 5833 Nam
981 5776 1025 5831 si
1059 5792 1162 5832 nos
1189 5773 1424 5846 quidem
1457 5771 1713 5828 subditos
1742 5789 1844 5830 no-

204 5881 366 5933 stros
407 5872 683 5942 miserati,
729 5871 886 5943 quod
925 5871 1072 5926 ultra
1108 5865 1470 5944 publicorum
1497 5865 1845 5922 tributorum

1943 1969 2092 2025 intra
2122 1971 2540 2023 sacrosanctam
2573 1967 2921 2022 recondatur
2955 1965 3254 2020 ecclesiam
3283 1981 3397 2018 una
3430 1978 3564 2018 cum

1944 2061 2116 2117 sacris
2145 2061 2311 2129 vasis,
2345 2060 2620 2115 nimirum
2645 2077 2776 2114 cum
2813 2063 2870 2114 et
2897 2060 3019 2130 ipsa
3061 2059 3176 2113 Deo
3205 2056 3485 2123 dedicata,
3511 2059 3569 2110 et

1944 2156 2015 2210 ad
2041 2155 2286 2209 salutem
2303 2153 2408 2208 sub
2431 2154 2554 2225 ipso
2576 2153 3014 2208 constitutorum
3035 2151 3336 2205 hominum
3357 2148 3567 2220 scripta

1944 2249 2034 2302 sit.
2063 2247 2235 2302 Multo
2263 2250 2458 2301 autem
2487 2245 2816 2318 speciosius,
2847 2249 2905 2299 et
2933 2244 3116 2315 magis
3149 2260 3216 2298 ex
3245 2259 3349 2297 usu
3379 2241 3562 2296 homi-

1945 2358 2106 2404 num,
2140 2340 2236 2410 qui
2268 2356 2373 2410 per
2399 2356 2469 2394 ea
2496 2340 2619 2393 loca
2650 2341 2801 2408 sunt,
2831 2337 3070 2404 facietis,
3103 2337 3150 2390 si
3181 2352 3310 2390 eam
3336 2334 3565 2402 tabulis,

1943 2436 2042 2488 aut
2066 2433 2348 2504 lapidibus
2376 2432 2736 2502 insculptam,
2766 2432 2825 2485 in
2855 2431 3166 2502 porticibus
3196 2430 3570 2484 sacrosancta

1946 2526 2198 2582 ecclesias
2216 2524 2615 2596 prwscribatis,
2634 2527 2962 2596 promptam
2979 2522 3246 2578 omnibus
3263 2520 3496 2592 legendi
3512 2523 3571 2575 et

1945 2619 2185 2691 parandi
2206 2635 2273 2673 ea
2294 2635 2422 2690 qum
2447 2618 2664 2672 sancite.
2691 2620 2843 2684 sunt,
2867 2617 3200 2670 facultatem
3223 2614 3564 2686 przebentes.

1946 2715 2088 2768 Cum
2115 2727 2250 2766 vero
2273 2711 2344 2766 de
2365 2710 2676 2782 praesidum
2701 2708 3020 2764 sinceritate
3049 2711 3268 2763 tantam
3289 2707 3348 2760 in
3371 2705 3568 2760 animo

1948 2803 2388 2860 sollicitudinem
2427 2803 2804 2874 reposuimus,
2838 2801 3209 2857 manifestum
3255 2803 3340 2854 est
3385 2799 3568 2853 multo

1949 2915 2052 2953 nos
2068 2897 2256 2952 minus
2273 2897 2652 2968 permissuros
2667 2895 2956 2950 civitatum
2975 2892 3394 2960 defensoribus,
3412 2892 3570 2945 utvel

1948 2990 2165 3062 aliquid
2189 2989 2490 3061 accipiant,
2512 2989 2600 3044 vel
2628 2989 2786 3044 dent.
2815 2987 3040 3044 Dabunt
3068 2985 3225 3041 enim
3247 3001 3352 3057 pro
3371 2983 3572 3056 praebi-

1947 3083 2018 3138 tis
2042 3083 2145 3139 sibi
2167 3083 2226 3138 in
2243 3084 2369 3138 foro
2390 3081 2932 3154 gloriosissimorum
2952 3081 3356 3153 praefectorum
3371 3077 3576 3149 jussio-

1950 3177 2113 3231 nibus
2127 3175 2412 3248 siquidem
2429 3176 2682 3247 majores
2699 3176 2812 3230 sint
2830 3174 3103 3244 civitates,
3120 3176 3346 3228 tantum
3363 3171 3574 3226 solidos

1949 3273 2222 3341 quatuor;
2247 3269 2292 3323 si
2312 3268 2586 3338 minores,
2603 3268 2816 3323 solidos
2831 3273 2966 3334 tres,
2979 3271 3037 3322 et
3052 3270 3332 3338 praeterea
3352 3264 3513 3319 nihil.
3527 3266 3574 3318 A

1947 3363 2180 3417 nemine
2213 3364 2407 3416 autem
2435 3361 2753 3432 quidpiam,
2783 3361 2829 3415 si
2855 3360 3074 3414 reditus
3101 3357 3212 3413 illis
3249 3375 3314 3412 ex
3343 3357 3572 3429 publico

1947 3455 2285 3510 constitutus
2313 3455 2440 3523 erit,
2470 3457 2570 3508 aut
2598 3453 2643 3508 si
2671 3453 2813 3507 nihil
2859 3469 2926 3506 ex
2967 3451 3194 3523 publico
3232 3449 3570 3522 percipiant,

1947 3549 2096 3603 ultra
2125 3564 2195 3602 ea
2229 3564 2356 3618 qua:
2395 3563 2556 3602 sacra
2585 3549 2780 3601 nostra
2810 3544 3215 3601 constitutione
3243 3543 3398 3614 ipsos
3427 3543 3576 3598 ferre

1949 3641 2159 3696 debere
2189 3656 2520 3712 expressum
2559 3643 2645 3695 est
2671 3638 2967 3709 accipient.
2994 3637 3220 3707 Alioqui
3248 3635 3294 3690 si
3321 3634 3460 3706 quid
3484 3635 3571 3689 vel

1945 3733 2074 3804 ipsi,
2101 3733 2190 3788 vel
2223 3733 2478 3804 ipsorum
2521 3733 2603 3802 (ut
2643 3733 2866 3800 vocant)
2918 3728 3270 3795 chartularii,
3297 3729 3384 3781 vel
3415 3727 3568 3798 quis-

1945 3826 2103 3897 piam
2131 3842 2331 3881 eorum
2363 3825 2459 3896 qui
2497 3825 2646 3880 circa
2687 3826 2838 3895 ipsos
2869 3826 3001 3877 sunt
3043 3822 3328 3892 accepisse
3363 3820 3567 3891 depre-

1945 3919 2276 3974 hendantur
2300 3919 2360 3974 in
2394 3918 2781 3990 quadruplum
2813 3917 2866 3971 ei
2898 3915 3052 3987 quod
3081 3916 3428 3986 acceperunt
3451 3929 3569 3968 res-

1947 4012 2175 4082 tituent,
2204 4027 2388 4084 neque
2415 4027 2532 4067 non
2565 4028 2634 4066 ea
2669 4009 3051 4066 sollicitudine
3087 4008 3476 4080 depellentur;
3515 4010 3576 4062 et

1945 4108 2225 4177 praeterea
2253 4109 2533 4178 perpetuo
2564 4104 2758 4160 exsilio
2779 4103 3024 4171 multati,
3059 4106 3116 4158 et
3145 4117 3382 4173 corpore
3408 4101 3572 4156 casti-

1946 4198 2086 4271 gati,
2121 4201 2314 4254 locum
2345 4199 2564 4254 dabunt
2591 4197 2928 4254 melioribus
2955 4195 3107 4264 viris,
3136 4195 3233 4268 qui
3268 4212 3373 4268 pro
3411 4194 3579 4251 malis

1946 4307 2077 4347 eam
2097 4291 2544 4350 sollicitudinem
2573 4291 2803 4346 obeant.

2015 4385 2183 4441 Eritis
2204 4387 2399 4441 autem
2425 4401 2524 4440 vos
2549 4400 2779 4456 quoque
2800 4383 2971 4454 hujus
2995 4381 3080 4437 rei
3099 4380 3385 4448 custodes,
3407 4379 3576 4435 simul

1943 4477 2273 4533 inhibentes
2315 4494 2385 4534 ea
2425 4494 2552 4549 quae
2582 4481 2786 4532 contra
2811 4476 2934 4531 haec
2961 4476 3128 4541 fiunt,
3160 4473 3328 4529 simul
3359 4472 3433 4527 ad
3469 4471 3576 4526 hos

1861 4586 1924 4660 D
1945 4572 2279 4640 referentes,
2309 4574 2374 4626 ut
2399 4585 2588 4641 neque
2623 4569 2840 4641 aliquid
2879 4567 3160 4640 ejusmodi
3190 4565 3575 4622 admissorum

1945 4665 2139 4731 lateat,
2151 4679 2339 4734 neque
2355 4662 2588 4718 latendo
2608 4659 3346 4733 relinquaturimpunitum,
3360 4657 3460 4714 sed
3476 4675 3578 4713 un-

1949 4757 2118 4828 dique
2139 4755 2380 4812 subditis
2401 4755 2612 4810 nostris
2635 4754 2894 4826 aequitas,
2915 4757 2975 4809 et
2989 4753 3212 4826 justitia
3225 4751 3573 4808 reﬂorescat.

1947 4849 2063 4906 Sed
2105 4852 2164 4905 et
2196 4849 2296 4922 qui
2325 4849 2643 4904 etiamnum
2674 4847 2735 4903 in
2764 4846 2965 4902 ofﬁciis
2991 4850 3141 4916 sunt,
3173 4845 3219 4900 si
3248 4847 3379 4917 post
3403 4845 3576 4916 hujus

1945 4943 2090 5016 legis
2131 4943 2583 4998 insinuationem
2608 4957 2728 4998 non
2757 4940 2918 4996 omni
2945 4939 3148 5012 rapina
3173 4937 3574 5009 abstinuerint,

1947 5037 2131 5092 sciant
2150 5035 2327 5092 etiam
2347 5035 2455 5108 ipsi
2475 5051 2534 5090 se
2551 5033 2872 5090 constitutis
2891 5033 2951 5089 in
2971 5033 3078 5089 hac
3093 5034 3223 5104 lege
3239 5031 3424 5105 poenis
3443 5031 3575 5086 sub-

1940 5129 2243 5202 jiciendos.
2271 5129 2561 5200 Scriptum
2588 5132 2674 5183 est
2703 5127 2874 5184 edicti
2899 5127 3226 5199 exemplum
3253 5124 3575 5180 Constanti-

1947 5221 2298 5295 nopolitanis
2312 5221 2372 5277 in
2393 5223 2516 5277 haec
2536 5221 2705 5277 verba
2727 5238 2740 5276 :
2765 5221 3053 5286 Quantam
3072 5219 3132 5274 in
3155 5219 3349 5274 animo
3369 5217 3576 5274 sollici-

1947 5316 2209 5372 tudinem
2231 5315 2302 5370 de
2327 5315 2604 5371 universis
2622 5313 2862 5370 subditis
2876 5312 3260 5386 reposuimus,
3281 5312 3420 5368 satis
3434 5312 3582 5368 indi-

1947 5413 2040 5465 cat
2057 5409 2146 5464 lex
2166 5425 2351 5480 nuper
2369 5425 2404 5464 a
2423 5408 2588 5464 nobis
2615 5407 2820 5480 posita,
2845 5423 3022 5479 quam
3045 5406 3118 5462 ad
3139 5405 3580 5478 gloriosissimos

1948 5499 2174 5553 nostros
2199 5497 2501 5568 praefectos
2520 5495 2980 5567 conscripsimus.
2995 5495 3110 5552 Sed
3130 5495 3480 5552 conveniens
3495 5496 3580 5549 est

1945 5594 2012 5646 ut
2040 5593 2098 5645 et
2123 5606 2224 5646 vos
2246 5589 2670 5662 providentiam
2697 5592 2976 5658 nostram,
2999 5605 3168 5662 quam
3195 5589 3346 5644 circa
3373 5603 3578 5644 omnes

1947 5683 2214 5738 homines
2230 5684 2504 5755 gerimus,
2521 5683 2810 5754 cognitam
2833 5687 2890 5738 et
2912 5685 3274 5754 perspectam
3297 5678 3572 5734 habeatis.

1945 5775 2136 5845 anue
2164 5775 2234 5830 de
2261 5792 2324 5830 re
2357 5777 2546 5846 legem
2576 5776 2762 5847 ipsam
2790 5775 2848 5830 in
2885 5777 3072 5830 forma
3099 5772 3411 5828 edictorum
3439 5786 3570 5841 pro-

1945 5866 2260 5942 posuimus,
2285 5871 2348 5924 ut
2367 5885 2466 5924 vos
2486 5869 2730 5926 Domino
2746 5871 2860 5928 Deo
2881 5870 2938 5924 et
2955 5863 3241 5926 Servatori
3260 5865 3457 5920 nostro
3483 5863 3571 5918 Je-
