4088 6448
505 407 604 459 963

1637 391 1887 446 SAZCULI
1926 389 2112 444 SEXTI
2153 383 2698 445 SUPPLEMENTUM.

3820 376 3949 429 96':

503 513 778 564 simorum
809 505 1164 561 tribunorum
1191 499 1562 568 notariorum,
1595 497 1694 552 sol.
1720 513 1789 553 xv
1805 515 1821 566 ;
1852 496 1972 567 ejus
2013 495 2111 550 ad-
2135 507 2194 580 Α
2212 495 2419 550 blicum
2446 494 2726 560 solatium,
2756 493 3034 563 quantum
3060 488 3428 561 inculpabilis
3445 486 3815 556 antiquitas
3842 484 3953 536 dc-

495 601 690 673 jutori,
717 599 820 653 sol.
854 613 910 650 III
929 613 945 665 ;
973 592 1190 649 cohorti
1247 591 1782 664 gloriosissimorum
1825 587 2113 660 praefecto-

503 709 632 748 rum
656 709 758 763 pro
779 689 1052 761 jussione,
1086 686 1248 742 solid.
1277 700 1457 740 xxxvr.

573 823 619 875 Α
643 818 878 891 praeside
904 815 1144 887 Scythiae
1170 815 1284 869 sic:
1315 811 1709 884 spectabilibus
1737 809 1915 864 tribus
1951 808 2114 862 char—

505 915 720 970 tulariis
743 910 887 967 sacri
915 908 1176 975 cubiculi,
1207 907 1307 961 sol.
1331 923 1382 961 1x
1405 923 1417 972 ;
1437 903 1760 976 primicerio
1791 900 2121 956 clarissimo-

505 1023 636 1062 rum
659 1006 1020 1061 tribunorum
1048 1000 1418 1066 notariorum,
1447 998 1527 1052 sol
1553 1013 1618 1052 xv
1641 1013 1658 1066 ;
1687 995 1808 1066 ejus
1853 992 2116 1064 adjutori,

507 1101 612 1154 sol.
639 1116 730 1167 in;
773 1096 992 1151 cohorti
1025 1092 1554 1166 gloriosissimorum
1588 1088 1978 1160 praefectorum
2017 1101 2120 1156 pro

499 1193 772 1264 jussione,
801 1189 1005 1244 solidos
1035 1203 1214 1242 xxxvi.

577 1321 620 1371 A
645 1316 936 1371 defensore
955 1311 1228 1382 cujusque
1256 1307 1514 1372 civitatis,
1541 1303 1818 1376 siquidem
1845 1303 2124 1370 metropo-

508 1411 576 1466 lis
604 1409 692 1478 sit,
722 1423 826 1479 pro
860 1403 1113 1476 jussione
1149 1399 1362 1455 cohorti
1411 1395 1943 1468 gloriosissimorum
1981 1407 2123 1463 pra:-

509 1504 785 1558 fectorum
809 1499 1014 1552 dentur
1041 1493 1198 1548 solidi
1242 1495 1514 1562 quatuor;
1547 1489 1595 1542 si
1632 1489 1739 1543 alia
1781 1487 1998 1553 civitas,
2031 1500 2118 1538 so-

510 1596 608 1650 lidi
645 1598 780 1660 tres,
808 1594 863 1646 et
905 1593 1180 1659 praeterea
1206 1585 1368 1638 nihil.
1396 1584 1536 1636 Nam
1579 1595 1766 1660 neque
1803 1579 2128 1633 defensores

511 1689 787 1752 volumus,
813 1683 898 1736 vel
947 1679 1184 1734 summis
1211 1673 1656 1747 magistratibus,
1687 1677 1785 1726 aut
1827 1669 1993 1725 alicui
2026 1668 2124 1722 alii

513 1779 805 1851 quidpiam
843 1775 994 1839 dare,
1037 1771 1124 1826 vel
1169 1769 1440 1838 accipere,
1470 1766 1582 1820 nisi
1631 1781 1700 1820 ex
1745 1763 1970 1835 publico
2015 1761 2125 1814 illis

2213 588 2414 654 finivit,
2445 592 2510 641 ut
2533 603 2568 640 a
2591 583 2912 657 spontaneis
2945 583 3080 656 ipsis
3105 583 3296 654 magis
3341 596 3534 653 quam
3585 577 3672 632 ab
3713 575 3952 630 invitis

2215 680 2514 750 accipiant,
2547 683 2603 733 et
2631 679 2740 733 hoc
2767 693 2994 748 parum,
3027 681 3084 731 et
3111 680 3397 746 quantum
3423 675 3512 728 eis
3565 671 3652 726 ad
3683 669 3948 724 medio-

2217 793 2370 831 crem
2398 775 2605 830 sufﬁcit
2627 775 2757 830 vita:
2785 773 3280 846 gubernationem.
3318 771 3531 827 Sciant
3565 768 3749 824 enim
3790 766 3954 838 quia

2218 871 2263 924 si
2289 870 2427 924 citra
2451 870 2570 922 haec
2593 867 2808 939 pliquid
2826 867 3167 937 acceperint,
3197 882 3317 920 non
3341 864 3546 918 solum
3579 861 3950 934 quadrupli

2219 961 2586 1033 subjacebunt
2620 976 2822 1032 paenae,
2867 960 2964 1014 sed
3001 959 3176 1014 etiam
3217 957 3505 1012 exsilium
3541 954 3958 1010 habitabunt

2219 1051 2553 1106 continuum
2579 1049 2737 1120 prius
2763 1049 2844 1103 eis
2869 1047 3054 1119 plagis
3083 1045 3345 1117 corporis
3379 1040 3863 1116 inﬂigendis‘.]

2818 1233 3134 1289 NOVELLA
3166 1233 3248 1287 IX.

2217 1356 2632 1425 Jusjurandum,
2669 1353 2814 1424 quod
2847 1355 3108 1423 prastari
3138 1353 3275 1408 solet
3329 1352 3402 1405 ab
3447 1353 3525 1405 iis
3577 1352 3692 1420 qui
3746 1351 3953 1418 ofﬁcia.

2865 1448 3194 1516 suscipiunt.

2291 1611 2483 1664 Testor
2509 1623 2615 1678 ego
2636 1606 2884 1678 jurando
2910 1605 3371 1676 omnipotentem
3418 1606 3656 1672 Deum,
3689 1608 3757 1659 et
3794 1604 3950 1658 uni-

2224 1703 2481 1776 genitum
2499 1701 2699 1755 Filium
2719 1700 2842 1770 ejus
2861 1700 3044 1753 Deum
3062 1703 3326 1754 nostrum
3345 1701 3374 1754 J
3380 1715 3560 1753 esum
3573 1698 3923 1756 Christum
3936 1739 3952 1764 ,

2223 1799 2280 1850 et
2304 1789 2578 1866 Spiritum
2601 1796 2876 1860 sanctum,
2912 1807 3138 1846 necnon
3163 1796 3449 1861 sanctam,
3479 1807 3552 1846 ac
3586 1791 3955 1863 gloriosam

512 1867 941 1926 consuetudines
969 1863 1230 1936 quaedam
1259 1861 1639 1932 praebeantur,
1669 1855 1974 1911 scientibus
2013 1853 2202 1932 illisB
2227 1889 2323 1943 Dei
2342 1853 2720 1960 ‘genitricem’
2750 1891 2808 1941 et
2851 1853 3128 1956 ﬁemetuo
3172 1853 3473 1956 virginerh
3522 1853 3834 1952 Mgriam’
3891 1890 3952 1937 et

514 1965 664 2037 quod
701 1963 746 2017 si
785 1962 854 2015 de
900 1959 1092 2028 aliquo
1131 1955 1385 2025 ipsorum
1421 1953 1492 2006 ad
1534 1967 1635 2004 nos
1677 1949 1950 2004 referatur
1977 1947 2126 2018 quod

515 2057 726 2113 sancite
762 2057 973 2120 nostra,
1014 2047 1479 2117 transgrediatur,
1523 2049 1578 2098 et
1615 2042 1763 2113 quod
1813 2039 2025 2110 accepit
2069 2039 2129 2092 in

517 2146 900 2221 quadruplum
929 2143 1204 2206 restituet,
1234 2142 1291 2193 et
1307 2139 1578 2206 abrogato
1595 2135 1776 2188 officio
1796 2138 2129 2204 perpetuum

517 2243 725 2298 incolet
747 2237 1027 2293 exsilium.
1049 2234 1189 2288 Cum
1209 2247 1392 2301 neque
1417 2229 1526 2299 ipsi
1552 2226 1966 2298 provinciarum
1983 2241 2126 2295 pra:-

517 2334 663 2390 sides
707 2332 987 2386 minorem
1040 2341 1262 2396 poenam
1303 2321 1591 2392 excepturi
1631 2320 1760 2388 sint,
1804 2319 1848 2371 si
1890 2318 1994 2370 hoc
2038 2332 2132 2370 ne-

521 2425 818 2500 glexerint,
846 2427 902 2477 et
920 2421 1022 2474 sub
1049 2434 1149 2472 suo
1177 2416 1347 2472 veluti
1377 2416 1604 2484 aspectu
1632 2411 1950 2466 defensores
1974 2424 2133 2478 rape-

517 2537 580 2576 re
605 2517 910 2591 patiantur.

597 2637 899 2711 [Scriptum
924 2633 1094 2701 hujus
1117 2627 1258 2699 legis
1283 2625 1609 2696 exemplum
1627 2623 1914 2679 Dominico
1935 2621 2137 2692 glorio-

521 2721 1145 2795 sissimoprzetoriomm
1164 2733 1263 2787 per
1277 2715 1559 2784 Illyricum
1579 2712 1866 2782 praefecto,
1895 2711 1984 2765 his
1999 2725 2136 2781 quo-

520 2837 630 2894 que
639 2816 886 2873 additisJ
893 2813 975 2882 usj
985 2810 1262 2866 arandum
1277 2807 1511 2861 subeant
1521 2805 1829 2860 secundum
1840 2801 2135 2874 proprium

523 2917 592 2971 de
619 2915 724 2968 hec
753 2911 984 2974 factum,
1003 2911 1060 2959 et
1083 2903 1228 2957 infra
1251 2900 1497 2972 positum
1517 2901 1948 2964 sacramentum,
1980 2895 2137 2966 cujus

524 3004 852 3076 exemplum
881 2999 1050 3054 etiam
1093 2995 1370 3050 directum
1406 2997 1490 3046 est
1527 2997 1641 3045 tuae
1671 2988 2007 3044 celsitudini.
2033 2987 2138 3050 Qui

526 3115 660 3156 vero
696 3089 1208 3149 administrationes
1241 3085 1550 3155 suscipiunt
1577 3100 1611 3136 a
1652 3087 1748 3137 tua
1787 3079 2134 3148 celsitudine,

527 3194 738 3250 directo
766 3185 898 3240 hinc
933 3183 1012 3236 eis
1051 3199 1083 3234 a
1119 3178 1283 3234 nobis
1313 3175 1591 3231 codicillos
1636 3173 1955 3244 suscipiant,
1989 3187 2134 3243 prae-

529 3289 685 3342 sente
716 3283 824 3334 Deo
851 3274 1074 3332 amabili
1101 3271 1338 3326 civitatis
1375 3269 1431 3323 in
1468 3285 1578 3339 qua
1615 3268 1830 3337 degunt
1855 3266 2134 3336 episcopo,

531 3383 588 3434 et
613 3375 734 3430 aliis
759 3372 857 3443 qui
876 3370 932 3423 in
956 3367 1176 3421 civitate
1203 3367 1336 3418 sunt
1354 3362 1412 3416 in
1429 3361 1644 3432 judicio
1671 3366 1780 3414 tua:
1799 3358 2142 3414 celsitudinis

529 3465 904 3540 congregatis,
935 3465 992 3516 et
1016 3459 1172 3513 omni
1191 3461 1289 3511 tuo
1313 3455 1514 3520 officio,
1543 3469 1729 3507 coram
1745 3451 1948 3523 quibus
1967 3451 2141 3506 etiam

529 3561 804 3619 codicillos
839 3554 1131 3626 accipiant,
1164 3553 1220 3604 et
1244 3549 1440 3619 jurent
1479 3545 1813 3618 praedictum
1859 3544 2142 3615 jusjuran-

531 3659 688 3713 dum.
721 3654 787 3708 Et
811 3649 1056 3704 maxime
1081 3646 1189 3698 hoc
1218 3640 1574 3713 praecipimus
1597 3639 1744 3693 circa
1767 3637 2002 3692 curiales
2027 3637 2138 3706 agi,

465 3767 476 3780 '
531 3766 670 3823 quos
689 3747 1012 3814 competens
1027 3741 1110 3793 est
1124 3751 1328 3806 magna
1341 3734 1472 3801 frui,
1488 3738 1587 3786 eta
1604 3737 1702 3786 tua
1713 3730 2072 3784 celsitudine:
2089 3733 2144 3783 et

531 3822 631 3915 qui
656 3837 923 3896 eumdem
956 3830 1271 3901 cingulum,
1301 3826 1514 3896 optima
1555 3825 1662 3878 erit
1688 3822 2057 3895 providentia,
2087 3824 2145 3876 et

532 3934 808 3999 studium,
836 3931 902 3983 ut
929 3924 1070 3980 nihil
1085 3923 1154 3976 ab
1175 3921 1254 3975 eis
1279 3919 1514 3973 lucreris
1536 3917 1786 3985 omnino,
1811 3931 1993 3986 neque
2022 3931 2144 3986 pcr-

533 4029 724 4084 mittas
750 4039 843 4078 eos
870 4019 939 4074 ab
963 4017 1078 4072 ullo
1106 4013 1256 4068 laedi.
1287 4015 1388 4066 Eos
1415 4011 1566 4066 enim
1594 4010 1688 4080 qui
1719 4011 1864 4064 hanc
1888 4009 2146 4062 nituntur

531 4101 909 4190 iniquitatem,
940 4113 1216 4182 quatenus
1240 4111 1295 4160 et
1329 4105 1645 4158 felicissimo
1680 4102 1870 4156 nostro
1911 4106 2146 4156 utantur

536 4211 807 4276 exercitu,
835 4211 890 4261 et
908 4203 1148 4274 reliquas
1169 4199 1402 4254 curiales
1421 4197 1768 4268 adimpleant
1791 4194 2104 4250 functiones
2128 4211 2141 4248 :

535 4307 669 4380 quia
686 4321 799 4360 non
829 4301 1047 4370 oportet
1071 4294 1202 4349 talia
1229 4291 1492 4347 attentari
1523 4288 1734 4357 solatia,
1765 4291 1830 4342 ut
1853 4289 2031 4358 possit
2053 4305 2144 4342 re-

533 4399 671 4458 ferri
699 4397 770 4452 ad
793 4398 1011 4450 tantam
1051 4387 1391 4442 tarditatem.
1421 4383 1566 4436 Nihil
1603 4381 1756 4436 enim
1804 4381 1963 4434 nobis
2001 4397 2147 4436 com-

534 4493 765 4551 mendat
788 4493 946 4543 tuam
975 4479 1384 4543 celsitudinem,
1412 4474 1694 4547 quomodo
1727 4474 1872 4527 circa
1915 4474 2148 4529 curiales

2158 3215 2212 3290 C

2227 1985 2468 2051 quatuor
2490 1979 2812 2050 Evangelia,
2832 1993 2958 2050 quae
2983 1977 3136 2032 hisce
3159 1977 3434 2031 manibus
3454 1981 3673 2045 teneo,
3709 1984 3780 2032 et
3803 1993 3955 2031 san-

2227 2077 2344 2128 ctos
2372 2072 2736 2142 archangelos
2760 2071 3090 2126 Michaelem
3116 2075 3173 2124 et
3210 2069 3577 2139 Gabrielem,
3613 2070 3804 2140 quod
3853 2087 3950 2123 sa-

2229 2165 2549 2220 cratissimis
2568 2169 2624 2218 et
2642 2163 3007 2234 pientissimis
3028 2162 3280 2218 dominis
3307 2164 3530 2217 nostris
3552 2163 3952 2232 Iustiniano,

2231 2263 2286 2312 et
2308 2257 2610 2312 Theodoraa
2641 2256 2871 2326 conjugi
2898 2255 3169 2326 potentiae
3211 2255 3371 2312 illius
3397 2255 3725 2321 existenti,
3765 2273 3952 2310 occa-

2231 2349 2385 2404 sione
2414 2348 2658 2403 concessi
2681 2347 2824 2401 mihi
2855 2347 2926 2401 ab
2952 2347 3182 2401 illorum
3215 2347 3438 2417 pietate
3469 2347 3691 2416 officii,
3720 2365 3956 2420 puram

2231 2441 2625 2496 conscientiam
2638 2445 2694 2495 et
2705 2439 3020 2510 genuinum
3032 2441 3417 2510 praestaturus
3427 2457 3572 2495 sum
3587 2441 3930 2498 servitium
3942 2484 3956 2494 .

2230 2535 2500 2604 Quodque
2532 2549 2634 2604 pro
2665 2533 2920 2604 ipsorum
2946 2531 3192 2604 imperio
3221 2539 3280 2586 et
3306 2533 3654 2604 republica,
3691 2535 3769 2589 in
3805 2552 3956 2592 con-

2232 2644 2384 2681 cesso
2411 2625 2556 2680 mihi
2581 2626 2651 2678 ab
2679 2624 2814 2695 ipsis
2841 2624 3051 2693 ofﬁcio,
3069 2641 3300 2679 summa
3325 2641 3466 2678 cum
3495 2626 3705 2680 animi
3741 2645 3966 2698 prom-

2232 2719 2530 2790 ptitudine,
2555 2717 2674 2771 sine
2691 2717 2819 2772 dolo
2840 2722 2896 2772 et
2910 2717 3123 2788 absque
3143 2717 3376 2784 fraude,
3401 2735 3664 2774 omnem
3688 2737 3956 2791 Operam

2233 2829 2296 2864 ac
2322 2811 2580 2864 laborem
2610 2809 2901 2864 subiturus
2931 2825 3084 2864 sum.
3106 2811 3176 2864 Et
3199 2809 3358 2880 quod
3383 2827 3526 2864 cum
3551 2813 3960 2867 sanctissima

2235 2903 2328 2957 Dei
2360 2902 2652 2968 catholica,
2695 2906 2752 2956 et
2781 2901 3088 2972 apostolica
3128 2902 3380 2956 Ecclesia
3419 2905 3963 2960 communionem

2235 2995 2432 3061 habeo,
2465 3011 2650 3066 neque
2677 2993 2726 3049 ei
2753 2993 2866 3048 ulla
2891 3010 3152 3065 unquam
3167 2993 3228 3048 in
3258 3011 3343 3063 re,
3368 2999 3476 3049 aut
3501 2997 3701 3052 modo
3734 2999 3956 3054 adver-

2236 3088 2417 3156 sabor,
2451 3103 2636 3158 neque
2669 3088 2962 3158 (quantum
3000 3086 3062 3140 in
3103 3104 3197 3140 me
3245 3088 3374 3154 erit)
3421 3089 3613 3143 alicui
3649 3091 3768 3145 alii
3814 3109 3960 3162 per-

2235 3181 2474 3234 mittam.
2502 3179 2714 3234 Eodem
2732 3179 3060 3248 juramento
3096 3184 3298 3246 testor,
3331 3181 3498 3252 quod
3528 3199 3750 3254 neque
3785 3201 3958 3239 occa-

2239 3274 2395 3328 sione
2407 3272 2595 3326 traditi
2619 3271 2764 3325 mihi
2775 3271 2969 3340 ofﬁcii,
2987 3288 3176 3342 neque
3194 3289 3299 3342 per
3315 3290 3564 3328 causam
3591 3277 3964 3346 patrocinii,

2237 3371 2336 3420 aut
2362 3364 2597 3436 praestiti
2619 3364 2772 3435 apud
2818 3364 3122 3419 Dominum
3164 3365 3454 3438 suffragii,
3510 3368 3621 3422 ulli
3669 3371 3966 3426 omnimo

2239 3458 2572 3531 quidquam,
2602 3457 2688 3511 vel
2718 3457 2869 3523 dedi,
2891 3457 2979 3511 vel
3001 3457 3168 3526 dabo,
3188 3459 3278 3512 vel
3303 3461 3586 3530 promisi,
3613 3463 3714 3516 vel
3737 3469 3966 3536 pactus

2241 3569 2364 3607 sum
2391 3569 2459 3606 ex
2500 3549 2787 3622 provincia
2823 3550 3072 3618 mittere,
3111 3551 3204 3604 vel
3239 3551 3504 3620 mittam,
3540 3555 3676 3609 sive
3721 3558 3962 3628 glorio-

2241 3644 2444 3698 sissimi
2473 3643 2722 3714 praafecti
2749 3647 2902 3713 sunt,
2937 3643 3052 3697 sive
3081 3643 3178 3697 alii
3213 3643 3610 3700 celeberrimi
3645 3648 3775 3704 viri
3822 3668 3964 3706 cum

2241 3739 2515 3808 potestate
2562 3735 2880 3803 existentes,
2927 3735 3041 3789 sive
3095 3735 3245 3789 circa
3297 3736 3434 3790 illos
3477 3741 3717 3794 versari
3777 3744 3964 3812 soliti,

2242 3830 2356 3884 sive
2384 3829 2682 3899 quisquam
2714 3827 2973 3881 omnium
2996 3843 3010 3878 :
3032 3827 3132 3882 sed
3152 3829 3689 3899 quemadmodum
3721 3836 3963 3908 gratui-

2242 3928 2362 3977 tum
2393 3921 2640 3976 officium
2663 3921 2901 3991 suscepi,
2933 3921 3013 3975 ita
3032 3926 3090 3975 et
3115 3937 3258 3991 erga
3279 3922 3832 3992 pientissimorum
3863 3948 3965 3984 no-

2241 4019 2486 4070 strorum
2513 4013 2874 4067 dominorum
2911 4012 3212 4068 collatores
3253 4014 3577 4087 integrum
3611 4034 3722 4075 me
3752 4028 3817 4077 et
3848 4023 3965 4078 sin-

2243 4124 2438 4162 cerum
2463 4105 2760 4175 exhibebo,
2791 4106 3112 4161 constitutis
3133 4106 3280 4160 mihi
3301 4124 3376 4161 ex
3397 4109 3661 4179 publico
3693 4118 3962 4171 annonis

2245 4203 2557 4254 contentus.
2599 4201 2677 4251 Ac
2716 4214 2836 4270 prae
2878 4198 3144 4252 omnibus
3196 4215 3337 4254 sane
3376 4217 3643 4272 operam
3691 4207 3856 4264 dabo
3902 4217 3968 4263 ut

2243 4291 2468 4347 tributis
2496 4291 2800 4362 diligenter
2833 4291 3188 4361 incumbam,
3236 4297 3295 4346 et
3335 4292 3665 4354 indevotos
3709 4301 3968 4373 quidem

2245 4403 2308 4440 ac
2353 4383 2740 4456 compulsione
2785 4384 3106 4455 indigentes
3144 4401 3284 4438 cum
3337 4389 3514 4442 omni
3566 4393 3970 4450 vehementia

2246 4478 2493 4549 exigam,
2525 4477 2584 4531 in
2612 4477 2768 4530 nullo
2794 4476 2874 4531 eis
2901 4477 3128 4546 cedens,
3155 4494 3350 4548 neque
3379 4483 3649 4539 omnino
3677 4487 3842 4543 lucri
3864 4505 3964 4543 ca-

535 4583 977 4653 uniuscujusque
1001 4573 1235 4630 civitatis
1265 4569 1588 4642 provinciae,
1614 4583 1784 4638 quam
1802 4567 2046 4638 praeberi
2060 4583 2150 4620 vo-
2167 4575 2227 4648 Ι)
2248 4570 2442 4644 ptandi
2473 4569 2676 4638 studio,
2695 4569 2781 4624 vel
2801 4585 2903 4640 per
2918 4570 3182 4640 gratiam,
3204 4571 3295 4625 vel
3311 4573 3554 4646 odium,
3587 4577 3758 4634 ultra
3780 4597 3967 4652 quam

533 4682 728 4739 lumus
758 4675 894 4742 istis,
926 4677 982 4726 et
1004 4687 1036 4723 a
1063 4674 1160 4724 tua
1187 4663 1534 4730 celsitudine,
1567 4677 1631 4715 ac
1671 4660 1885 4731 cinguli
1925 4676 2149 4731 semper

536 4766 968 4831 successoribus.
999 4761 1348 4832 Quapropter
1367 4756 1503 4811 dum
1523 4753 1800 4809 codicillos
1819 4753 2040 4808 dederis
2058 4753 2150 4808 ad-

537 4861 978 4925 ministrationes
1005 4842 1408 4924 accipientibus
1437 4865 1471 4902 a
1495 4851 1570 4913 te,
1592 4853 1690 4901 aut
1718 4851 2015 4918 prirsente,
2044 4845 2149 4900 hoc

539 4963 619 5018 eis
649 4965 808 5014 tuam
844 4949 1180 5008 denuntiare
1214 4944 1476 4999 volumus
1504 4941 1716 5008 sedem,
1751 4943 1817 4994 ut
1852 4938 2151 4994 curialibus

538 5067 771 5109 omnem
793 5049 937 5104 ferat
955 5045 1222 5106 favorem,
1250 5036 1392 5092 nihil
1415 5034 1642 5107 penitus
1664 5033 1733 5086 ab
1748 5033 1827 5088 eis
1851 5032 2146 5102 accipiens.

537 5145 948 5204 Prohibeantur
974 5141 1164 5191 autem
1189 5137 1245 5188 et
1272 5131 1342 5186 ab
1369 5129 1491 5183 aliis
1516 5128 1597 5182 eis
1619 5126 1806 5182 afferri
1840 5126 2067 5192 damna,
2095 5131 2153 5180 et

539 5227 848 5310 agnoscant
869 5247 972 5302 per
993 5235 1048 5284 te
1078 5229 1207 5299 quia
1228 5225 1274 5279 si
1299 5229 1522 5296 praeter,
1545 5221 1651 5275 hoc
1668 5219 1883 5290 aliquid
1909 5219 2150 5290 egerint,

536 5330 719 5404 pcenis
737 5323 1101 5396 subjacebunt
1117 5317 1476 5391 pravissimis.
1501 5315 1590 5370 Sic
1598 5319 1658 5369 ut
1675 5313 1827 5368 enim
1851 5311 2152 5366 curialibus

537 5435 769 5498 parcere
799 5423 852 5472 te
880 5416 1158 5481 volumus,
1185 5413 1262 5466 ita
1291 5415 1349 5465 et
1372 5410 1731 5464 defensorum
1773 5405 2066 5476 castigare,
2097 5407 2153 5458 et

538 5516 783 5573 retinere
805 5507 1089 5563 avaritiam
1116 5505 1411 5570 sancimus,
1432 5509 1488 5558 et
1511 5501 1580 5556 ab
1600 5500 1680 5555 eis
1706 5514 2046 5570 praesumere
2067 5514 2153 5552 ac-

539 5590 727 5681 cipere
767 5621 800 5656 a
837 5599 1038 5656 nostris
1075 5597 1354 5667 subjectis,
1385 5596 1495 5650 nisi
1541 5593 1851 5649 secundum
1884 5592 2034 5662 quod
2077 5593 2154 5646 eis

538 5698 892 5759 administrat
917 5692 1226 5764 respublica
1254 5692 1352 5742 aut
1369 5688 1415 5741 si
1442 5704 1558 5742 non
1586 5691 1668 5742 est
1691 5685 1917 5756 aliquod
1945 5683 2025 5739 eis
2054 5701 2156 5756 pu-

613 5889 638 5919 '
665 5888 777 5942 Hoc
803 5896 919 5938 non
942 5875 1227 5933 invenitur
1248 5873 1306 5929 in
1325 5873 1527 5929 Graecis
1552 5871 1984 5944 exemplaribus.

2247 4663 2527 4732 convenit,
2551 4662 2661 4716 sive
2686 4666 2880 4733 petam
2906 4662 2978 4716 ab
3003 4661 3219 4734 aliquo,
3239 4664 3362 4718 sive
3389 4666 3581 4723 alicui
3613 4675 3960 4742 remittam,

2248 4758 2472 4814 devotos
2498 4771 2630 4810 vero
2652 4761 2890 4826 paterno
2915 4756 3166 4826 quodam
3197 4756 3414 4813 affectu
3447 4765 3869 4835 complectar.
3902 4769 3968 4822 Et

2248 4851 2499 4906 subditos
2549 4847 3038 4920 pientissimorum
3107 4854 3454 4906 nostrorum
3552 4856 3963 4916 dominorum

2248 4944 2540 5016 (quantum
2566 4939 2628 4995 in
2654 4957 2745 4995 me
2764 4941 2889 5012 erit)
2909 4939 3168 5014 undique
3188 4959 3364 5013 noxa,
3389 4950 3452 5000 et
3475 4947 3726 5007 damno
3745 4953 3966 5009 liberos

2249 5035 2607 5092 conservabo.
2635 5036 2816 5104 Atque
2841 5050 3075 5104 aequum
3103 5051 3199 5089 me
3230 5037 3474 5109 utrique
3507 5046 3712 5112 parti,
3749 5053 3878 5103 tam
3904 5048 3962 5102 in

2250 5127 2618 5200 disceptandis
2664 5123 3078 5196 controversiis,
3115 5141 3295 5200 quam
3345 5133 3584 5188 tuenda
3641 5138 3964 5212 disciplina

2247 5221 2474 5294 publica
2501 5220 2778 5292 praebens,
2799 5220 2988 5275 neutri
3015 5222 3166 5291 parti
3191 5225 3413 5292 praeter
3429 5225 3538 5296 jus
3567 5235 3637 5284 et
3665 5232 3776 5288 fas
3795 5234 3960 5290 addi-

2249 5321 2370 5370 ctus
2383 5331 2498 5383 ero,
2523 5314 2620 5369 sed
2646 5328 2844 5368 omnes
2865 5311 3264 5384 delinquentes
3290 5333 3661 5390 persequar,
3690 5333 3762 5382 et
3784 5329 3964 5399 aequi-

2251 5412 2423 5462 tatem
2451 5405 2607 5461 omni
2634 5423 2700 5461 ex
2737 5411 2897 5477 parte
2925 5407 3298 5478 conservabo,
3348 5413 3409 5464 et
3452 5421 3660 5482 prout
3693 5421 3858 5475 mihi
3878 5422 3966 5491 λῃ-

2251 5505 2402 5555 stum
2427 5499 2726 5555 videbitur.
2756 5499 2938 5554 Simul
2965 5499 3246 5570 insontes,
3273 5519 3349 5556 ne
3377 5505 3529 5574 quid
3564 5514 3860 5570 sentiant
3887 5513 3962 5569 di-

2251 5593 2489 5664 spendii,
2516 5592 2736 5661 tuebor,
2768 5592 2937 5646 simul
2963 5591 3078 5646 reis
3108 5594 3376 5649 sontibus
3398 5603 3776 5662 secundum
3809 5609 3963 5679 leges

2253 5687 2518 5757 irrogabo
2543 5686 2905 5758 supplicium.
2931 5687 2997 5739 Et
3045 5685 3128 5755 (ut
3171 5686 3396 5743 dictum
3429 5695 3546 5762 est)
3593 5701 3741 5754 tam
3774 5701 3838 5756 in
3867 5719 3963 5773 pu-

2251 5778 2410 5834 blicis
2435 5795 2608 5850 quam
2634 5779 2862 5850 privatis
2887 5779 3274 5834 contractibus
3303 5797 3318 5835 :
3351 5790 3680 5854 praeterea
3713 5800 3783 5851 et
3813 5795 3862 5850 si
3879 5796 3964 5849 fis-

2253 5889 2318 5927 co
2347 5871 2631 5928 adferatur
2659 5871 2885 5945 injuria,
2912 5871 3198 5942 justitiam
3213 5873 3572 5935 observabo.
3610 5883 3839 5961 Neque
3859 5905 3958 5960 ego
