4088 6438
191 405 284 456 965

1037 398 1400 456 JUSTINIANI
1450 400 1776 456 NOV'ELLE
1813 401 2143 458 SELECTAC.
2187 405 2491 461 NOVELLA
2529 405 2634 460 XV.

3419 411 3519 464 966

189 510 396 562 tantum
414 506 518 562 ista
551 503 871 576 perﬁciam,
903 505 1004 561 sed
1032 507 1206 562 etiam
1235 506 1332 579 qui
1363 525 1621 580 unquam
1651 507 1792 562 mihi
1817 521 1875 594 Α
1896 526 2205 568 numerum
2236 512 2390 568 intra
2409 529 2742 568 mensuram
2755 513 3150 583 cohibeantur,
3175 531 3519 589 semperque

187 600 442 666 assident,
469 598 680 670 quique
709 599 861 654 circa
889 616 984 654 me
1015 604 1167 668 sunt,
1199 602 1345 655 tales
1374 601 1614 657 studebo
1643 619 1797 656 assu-

186 709 352 760 mere,
385 695 446 746 ut
472 708 588 746 non
621 693 775 747 solus
805 707 912 764 ego
934 692 1287 748 innocenter
1313 694 1520 764 vivere,
1545 695 1644 766 qui
1663 711 1795 750 vero

187 786 323 840 circa
353 801 445 839 me
483 791 634 852 sunt,
667 801 896 856 rapere,
929 790 988 840 et
1019 786 1353 858 delinquere
1386 787 1709 843 videantur.
1741 789 1796 844 Si

187 879 303 950 quis
327 883 514 932 autem
535 877 680 933 circa
693 895 790 933 me
811 878 940 933 talis
961 879 1302 946 invenietur,
1326 881 1626 952 prmstabo,
1641 881 1796 952 quod

184 972 295 1043 ipse
324 971 573 1041 admisit,
604 988 854 1043 eumque
887 972 1138 1043 abigam.
1181 973 1343 1038 Quod
1377 974 1423 1028 si
1452 990 1568 1029 non
1600 975 1797 1028 omnia

185 1065 314 1132 haec,
337 1068 399 1119 ut
419 1065 550 1132 dixi,
575 1065 967 1132 observavero,
997 1066 1264 1122 omnibus
1287 1066 1676 1122 incommodis
1695 1084 1794 1121 ero

187 1159 473 1229 expositus,
506 1163 624 1212 tam
651 1157 743 1212 hic
766 1175 962 1230 quam,
997 1157 1056 1214 in
1091 1159 1285 1214 futuro
1313 1161 1541 1229 saeculo,
1573 1161 1632 1214 in
1666 1161 1797 1215 hor-

184 1251 352 1306 rendo
372 1250 586 1322 judicio
609 1251 1053 1323 magniDomini
1070 1253 1192 1323 Dei,
1218 1255 1275 1308 et
1291 1253 1595 1308 servatoris
1615 1253 1794 1308 nostri

181 1345 301 1398 Jesu
323 1344 547 1412 Christi,
566 1344 904 1416 habeboque
926 1350 1152 1416 partem
1167 1363 1300 1401 cum
1323 1347 1488 1414 Iuda,
1503 1350 1558 1402 et
1573 1347 1794 1418 lepram

183 1436 339 1504 Giezi,
363 1440 420 1490 et
442 1440 756 1492 tremorem
789 1438 946 1506 Cain,
980 1439 1131 1494 ultra
1159 1439 1287 1509 hoc,
1307 1440 1461 1512 quod
1481 1439 1657 1494 etiam
1673 1457 1790 1511 poe-

181 1530 263 1584 nis
277 1532 398 1602 lege
427 1547 631 1586 eorum
656 1531 886 1603 pietatis
921 1533 1348 1604 comprehensis
1366 1549 1462 1588 ero
1492 1533 1790 1589 obnoxius.

244 1625 506 1694 Scriptum
541 1623 844 1695 eccemplum
896 1625 1062 1694 hujus
1098 1629 1370 1680 Dominico
1411 1627 1794 1696 gloriosissimo

175 1733 268 1786 per
289 1717 562 1786 Illyricum
582 1720 964 1788 praetoriorum
984 1720 1262 1788 prafecto.

765 1907 1080 1962 NOVELLA
1105 1909 1189 1962 XI.

496 2045 573 2098 De
601 2042 990 2109 referendariis
1016 2043 1164 2096 sacri
1181 2041 1389 2110 palatii
1401 2052 1442 2095 ι.

249 2190 560 2262 Imperator
589 2189 942 2246 Justinianus
981 2191 1269 2262 Augustus
1295 2187 1640 2261 Hermogeni
1667 2189 1792 2260 glo-

181 2281 614 2340 riosissimorum
649 2300 944 2339 sacrorum
988 2284 1310 2360 ofﬁciorum
1359 2283 1659 2354 magistro,
1693 2299 1794 2336 ex-

181 2378 398 2432 consule
429 2382 484 2433 et
508 2377 772 2449 patricio.

245 2471 393 2526 Inter
427 2473 640 2526 caetera
671 2487 797 2543 quae
827 2471 887 2526 in
925 2469 1226 2525 decentem
1269 2469 1532 2526 ordinem
1561 2469 1792 2524 reduxi-

179 2579 318 2632 mus,
337 2581 523 2636 neque
546 2581 618 2620 ea
629 2581 757 2636 quat
773 2563 1105 2636 spectabiles
1122 2567 1348 2619 nostros
1369 2563 1796 2618 referendarios

181 2663 542 2726 concemunt,
579 2661 744 2713 extra
769 2657 1145 2730 providentiae
1163 2661 1373 2712 nostrae
1394 2655 1674 2712 terminos
1703 2672 1792 2710 re-

179 2749 482 2822 linquenda
499 2751 846 2823 putavimus,
868 2751 1041 2822 idque
1072 2767 1138 2804 eo
1175 2750 1360 2820 magis
1387 2766 1500 2822 quo
1538 2748 1796 2821 pluribus

179 2839 234 2896 in
253 2844 420 2899 rebus
437 2861 656 2918 magno
674 2844 842 2900 nobis
862 2861 984 2898 esse
1006 2843 1352 2900 solentusui.
1375 2845 1519 2898 Nam
1540 2859 1673 2898 cum
1693 2841 1794 2896 ini-

178 2935 252 2990 tio
269 2953 382 2992 non
398 2939 596 3010 amplo
619 2938 935 2993 admodum
957 2954 1201 2993 numero
1216 2937 1419 2992 inclusi
1437 2939 1645 3006 essent,
1672 2952 1795 3003 uos,

181 3045 285 3100 quo
307 3032 491 3103 magis
520 3033 734 3086 multos
761 3031 993 3086 illorum
1018 3031 1349 3096 interventu
1375 3030 1796 3100 adjuvaremus,

176 3121 382 3178 facilius
397 3125 763 3198 singulorum
785 3125 1073 3180 desideria
1097 3123 1508 3196 perdiscentes,
1527 3126 1590 3177 ut
1607 3123 1802 3196 plures

1889 604 2109 674 justitia
2139 609 2196 660 et
2222 606 2348 660 aliis
2385 610 2723 678 augeantur,
2751 609 3050 680 magisque
3077 626 3144 664 ac
3170 610 3356 682 magis
3386 611 3518 666 illu-

1896 701 2149 754 strentur
2161 699 2480 754 virtutibus.
2504 701 2729 756 Nullam
2751 701 2908 756 enim
2923 702 3266 773 dignitatem
3295 704 3519 759 obtinet

1894 791 2182 846 multituto
2227 809 2356 863 quae
2386 795 2506 848 solo
2539 797 2829 865 spectatur
2862 812 3128 862 numero,
3161 797 3518 868 quandoqui-

1897 883 2032 938 dem
2056 901 2121 938 ex
2143 887 2262 948 tam
2284 887 2480 940 multis
2501 887 2588 940 vix
2607 903 2821 957 paucos
2841 889 3116 960 reperias,
3139 888 3199 942 in
3223 889 3427 960 quibus
3443 891 3520 944 vi-

1896 978 1952 1030 ta
1970 977 2285 1032 secundum
2302 979 2570 1034 virtutem
2590 981 2744 1035 salva
2763 981 2853 1035 sit.
2872 980 3236 1054 Quapropter
3248 988 3519 1038 maneant

1896 1070 2131 1142 quidem
2167 1072 2251 1142 (ut
2289 1072 2556 1143 diximus)
2590 1090 2740 1128 nunc
2775 1074 2878 1128 sub
2911 1074 3020 1129 hac
3053 1075 3260 1130 forma.
3299 1077 3520 1148 Cogno-

1896 1180 2058 1217 scens
2078 1180 2214 1218 vero
2247 1181 2316 1218 ea
2337 1165 2676 1220 excellentia
2703 1169 2822 1234 tua,
2841 1167 2922 1221 ita
2946 1168 3245 1236 custodiat,
3273 1174 3336 1223 ut
3358 1171 3516 1224 nullo

1895 1274 2154 1328 unquam
2182 1261 2443 1329 tempore
2464 1258 2737 1313 transiliri
2763 1276 2960 1314 eorum
2975 1261 3190 1332 aliquid
3209 1278 3335 1332 quae
3358 1279 3391 1315 a
3413 1280 3514 1318 no-

1893 1349 1982 1405 bis
2011 1351 2231 1406 sancita
2248 1354 2382 1405 sunt
2395 1351 2712 1422 permittat,
2728 1352 2867 1422 quin
2889 1353 3077 1424 potius
3099 1354 3170 1408 ab
3190 1354 3258 1408 iis
3279 1355 3377 1426 qui
3396 1356 3519 1410 haec

1894 1447 2095 1498 contra
2111 1445 2249 1515 quid
2261 1444 2480 1498 faciunt
2490 1445 2827 1515 praedictam
2843 1462 3075 1516 poenam
3094 1447 3302 1518 exigat,
3318 1451 3516 1520 utpote

1892 1540 1990 1611 qui
2034 1557 2102 1594 ea
2133 1543 2404 1611 expetant
2441 1557 2570 1610 quae
2605 1557 2793 1611 neque
2821 1545 3016 1612 petere
3049 1542 3288 1611 licitum,
3327 1560 3512 1616 neque

1893 1633 2016 1687 dari
2045 1633 2314 1704 possibile
2350 1635 2455 1686 est.
2489 1635 2677 1704 Atque
2708 1634 2789 1687 ita
2816 1650 3048 1704 prorsus
3065 1640 3262 1690 nostra
3287 1637 3410 1691 hinc
3425 1638 3512 1692 lex

1877 1726 2257 1782 multitudine
2288 1726 2519 1796 expulsa
2542 1725 2813 1780 virtutem
2845 1725 3096 1795 inducat,
3121 1745 3248 1799 qua-3
3281 1747 3397 1785 non
3415 1731 3516 1785 ad-

1893 1821 2134 1877 modum
2163 1819 2221 1874 in
2241 1819 2432 1874 multis
2445 1819 2731 1886 elucescit,
2759 1821 3078 1891 praesertim
3095 1821 3157 1874 in
3173 1822 3242 1875 iis
3262 1823 3397 1877 viris
3415 1825 3516 1895 qui

1813 1886 1871 1958 B
1895 1913 2124 1969 tametsi
2149 1913 2314 1967 bonis
2335 1913 2605 1983 prognati
2627 1886 3135 1984 sunt—parentibus,
3156 1915 3417 1971 fortunas
3429 1886 3518 1972 ta-

1895 2025 2032 2062 men
2047 2024 2112 2061 ac
2131 2007 2430 2061 facultates
2452 2023 2581 2060 suas
2601 2005 2661 2060 in
2679 2006 3034 2078 exponendis
3051 2008 3371 2079 supplicum
3391 2027 3520 2082 pre-

1895 2101 2071 2168 cibus,
2105 2104 2162 2154 et
2195 2099 2560 2171 impetrando
2589 2099 2700 2153 illis
2724 2116 2758 2154 a
2790 2099 2956 2154 nobis
3001 2101 3208 2156 auxilio
3239 2103 3519 2174 repositas

1894 2195 2130 2249 habent.
2173 2193 2310 2257 Quae
2342 2193 2518 2263 igitur
2557 2192 2723 2246 nobis
2747 2194 3106 2263 placuerunt,
3153 2197 3211 2248 et
3242 2211 3347 2266 per
3369 2196 3519 2252 hanc

1895 2303 2120 2342 sacram
2155 2285 2552 2358 exprimuntur
2588 2287 2801 2356 legem,
2831 2303 2900 2340 ea
2931 2287 3156 2342 studeat
3185 2289 3519 2344 excellentia

1893 2382 1994 2435 tua
2031 2380 2105 2434 ad
2149 2378 2414 2434 effectum
2461 2378 2768 2446 deducere,
2817 2383 3085 2451 certoque
3130 2380 3232 2434 ﬁni
3265 2381 3515 2436 tradere.

1895 2469 2022 2524 Dat.
2049 2467 2188 2522 ldib.
2219 2467 2370 2534 Maii,
2396 2467 2829 2538 Constantin0p.
2856 2467 3126 2524 Belisario
3148 2485 3198 2524 v.
3227 2486 3274 2524 c.
3304 2486 3418 2525 cos.

2473 2618 2791 2674 NOVELLA
2818 2619 2922 2674 XV.

2306 2724 2380 2777 De
2407 2721 2778 2789 defensoribus
2805 2725 3102 2777 civitatum.

1973 2846 2290 2914 Imperator
2315 2841 2668 2898 Justinianus
2693 2844 2980 2914 Augustus
3001 2842 3210 2898 Joanni
3238 2842 3523 2915 gloriosis-

1899 2937 2044 2992 simo
2089 2937 2360 3009 praefecto
2403 2935 2828 3007 praetoriorum,
2862 2936 3072 2991 iterum
3115 2939 3420 2993 exconsule
3467 2944 3524 2994 et

1898 3029 2160 3104 patricio.

1970 3124 2086 3179 Nisi
2105 3123 2296 3196 primo
2322 3140 2552 3195 quoque
2567 3127 2830 3196 tempore
2864 3122 3236 3180 defensorum
3266 3126 3526 3182 sollicitu-

177 3221 551 3290 essentquam
579 3218 799 3274 dudum
817 3218 1130 3273 eifecimus.
1155 3219 1436 3273 Caeterum
1464 3215 1800 3272 exstiterunt
1820 3252 1875 3327 Ο
1901 3218 2100 3274 dinem
2129 3218 2188 3272 in
2212 3220 2637 3288 competentem
2659 3217 3003 3272 reducamus
3023 3217 3308 3286 ordinem,
3336 3237 3524 3292 neque

178 3309 422 3380 quidam,
463 3313 569 3384 qui
604 3311 1010 3366 liberalitatem
1041 3314 1298 3366 nostram
1341 3309 1418 3364 ad
1450 3309 1800 3364 immensum

175 3411 570 3474 provocantes,
593 3404 805 3477 partim
831 3406 1043 3460 multos
1062 3403 1504 3471 introducendo,
1520 3402 1617 3474 qui
1637 3402 1802 3457 nobis

175 3498 580 3569 supplicarent,
602 3499 815 3570 partim
841 3498 1039 3553 multis
1074 3498 1289 3552 utendo
1315 3496 1599 3568 precibus,
1621 3495 1804 3567 digni-

174 3590 300 3645 tatis
313 3592 714 3662 plenissimam
725 3609 849 3646 rem
863 3591 1213 3663 quotidianis
1227 3589 1641 3645 additamentis
1655 3605 1802 3661 pene

173 3681 242 3736 ad
264 3683 561 3740 infinitum
593 3683 974 3739 deduxerunt.
1004 3685 1198 3756 Neque
1229 3683 1384 3740 enim
1405 3686 1545 3737 ‘ante
1567 3681 1803 3754 petendi

173 3774 346 3831 finem
373 3778 660 3846 fecerunt,
685 3795 862 3850 quam
888 3779 948 3832 in
969 3777 1525 3850 quatuordenarium
1543 3793 1720 3849 usque
1742 3777 1804 3831 il-

173 3867 357 3925 lorum
369 3887 656 3927 numerus
677 3872 964 3927 evaderet.
987 3872 1064 3926 Ne
1087 3871 1263 3942 igitur
1275 3871 1429 3942 quod
1436 3872 1567 3942 jure
1584 3887 1618 3925 a
1636 3869 1804 3926 nobis

173 3959 230 4016 in
248 3965 434 4036 pretio
446 3963 714 4020 habitum
735 3968 839 4032 est,
855 3964 986 4019 siad
1002 3963 1434 4020 multitudinem
1454 3963 1800 4030 effundatur,

172 4072 330 4110 suam
362 4038 609 4112 amittat.
637 4057 996 4130 dignitatem,
1034 4057 1251 4130 placuit
1291 4057 1452 4112 nobis
1478 4057 1550 4112 ad
1588 4060 1804 4112 certam

173 4146 395 4206 illorum
426 4168 743 4207 numerum
759 4165 1094 4206 mensuram
1120 4152 1481 4218 contrahere,
1503 4168 1621 4206 non
1641 4153 1708 4206 ut
1737 4149 1804 4204 iis

173 4249 268 4319 qui
295 4249 406 4305 hoc
437 4254 703 4322 tempore
729 4253 882 4318 sunt,
911 4267 1178 4305 concessa
1215 4250 1562 4320 derogemus
1594 4250 1804 4322 (neque

175 4342 330 4398 enim
361 4344 544 4416 regiae
573 4345 682 4398 hoc
722 4344 1166 4416 magniﬁcentiae
1191 4343 1492 4415 proprium
1525 4343 1629 4414 est)
1659 4359 1801 4414 prae-

173 4437 368 4493 sertim
385 4455 522 4492 cum
543 4437 842 4492 neminem
869 4454 1068 4493 eorum
1085 4437 1359 4509 quinobis
1380 4437 1666 4508 placeant,
1689 4435 1807 4508 qui-

177 4545 283 4600 que
305 4531 474 4586 nobis
505 4533 749 4587 honeste
776 4531 1158 4598 subserviunt,
1176 4536 1371 4586 nostro
1391 4531 1676 4601 expellere
1695 4528 1803 4584 mi-

1901 3311 2023 3382 ipsa
2045 3311 2414 3382 antiquorum
2433 3309 2845 3364 vocabulorum
2874 3310 3084 3364 veritas
3123 3311 3313 3366 denuo
3361 3314 3526 3368 nobis

1901 3403 2304 3476 suppeditabit.
2326 3403 2472 3457 Nam
2492 3419 2623 3456 cum
2645 3419 2679 3457 a
2694 3406 2972 3457 vetustate
2994 3404 3120 3457 aliis
3145 3405 3260 3459 alia
3288 3405 3402 3460 sint
3419 3406 3527 3461 im-

1900 3497 2086 3570 posita
2116 3495 2376 3564 nomina,
2403 3513 2532 3567 quae
2557 3500 2754 3568 aperte
2773 3512 2972 3551 earum
2992 3513 3188 3551 rerum
3211 3497 3326 3552 vim
3353 3498 3528 3570 signi-

1900 3593 2161 3658 ﬁcarent,
2187 3593 2312 3645 tum
2339 3606 2472 3644 vero
2518 3589 2627 3644 hoc
2654 3589 2844 3660 ipsum
2885 3589 3258 3646 defensorum
3310 3609 3523 3648 nomen

1903 3687 2054 3739 clare
2085 3683 2354 3752 ostendit,
2403 3686 2746 3737 vetustatem
2782 3683 3064 3754 quosdam
3119 3685 3288 3738 rebus
3318 3687 3523 3756 praefe-

1903 3777 2064 3846 cisse,
2097 3777 2194 3848 qui
2237 3777 2308 3831 ab
2357 3777 2520 3831 omni
2551 3793 2648 3830 eas
2693 3775 2905 3846 injuria
2943 3776 3152 3832 liberas
3182 3781 3524 3850 tuerentur;

1902 3871 2126 3943 hacque
2157 3869 2302 3925 adeo
2329 3869 2400 3924 de
2431 3885 2602 3924 causa
2644 3869 2832 3941 patria
2863 3870 3180 3925 etiamnum
3206 3871 3405 3942 lingua
3429 3873 3525 3928 de-

1904 3967 2162 4021 fensores
2187 3981 2286 4018 eos
2308 3979 2598 4032 vocamus,
2627 3963 2784 4035 quod
2809 3963 3018 4034 injuria
3037 3981 3336 4036 oppressos
3355 3984 3389 4022 a
3411 3984 3532 4023 ma-

1904 4059 1971 4114 lis
2001 4059 2306 4131 eriperent.
2338 4059 2498 4112 Nunc
2517 4073 2652 4112 vero
2683 4073 2752 4111 ea
2777 4056 2900 4128 ipsa
2928 4057 3298 4114 defensorum
3329 4061 3531 4117 sollici-

1903 4147 2044 4202 tudo
2076 4148 2157 4202 ita
2203 4147 2260 4201 in
2298 4146 2586 4218 plerisque
2631 4145 2965 4217 reipublicae
3017 4151 3228 4203 nostrae
3274 4151 3532 4220 partibus

1903 4238 2235 4310 proculcata
2263 4241 2368 4305 est,
2391 4241 2450 4292 et
2477 4237 2852 4292 vehementer
2876 4237 3200 4310 despicatui
3233 4239 3450 4310 habita,
3472 4245 3534 4297 ut

1905 4328 2271 4383 contumeliae
2301 4327 2492 4399 potius
2519 4343 2695 4398 quam
2727 4326 2933 4381 honori
2977 4331 3037 4381 et
3069 4328 3335 4400 dignitati
3367 4331 3533 4386 alicui

1905 4422 2164 4494 exposita
2191 4438 2312 4476 esse
2344 4420 2624 4475 videatur.
2653 4421 2790 4474 Inde
2821 4421 3046 4475 obscuri
3075 4421 3147 4475 ad
3173 4422 3322 4478 hanc
3341 4424 3528 4479 homi‘

1907 4532 2010 4570 nes
2035 4517 2422 4582 assumuntur,
2453 4517 2510 4568 et
2534 4513 2764 4569 decreta
2789 4529 2962 4585 super
2985 4513 3124 4585 ipsis
3151 4531 3217 4570 ex
3235 4517 3532 4572 commise‘

171 4623 408 4681 nisterio
423 4625 819 4698 ullounquam
834 4626 1008 4682 modo
1031 4625 1468 4680 soleamus.Sed
1489 4640 1728 4679 manere
1748 4623 1808 4678 il-
1827 4622 1886 4694 D
1910 4609 2127 4664 ratione
2175 4607 2362 4678 magis
2406 4623 2580 4678 quam
2611 4624 2745 4662 vera
2791 4607 3071 4662 electione
3102 4608 3266 4663 ﬁunt»
3317 4611 3532 4675 Qnibus

169 4715 254 4772 los
269 4719 374 4774 sub
391 4720 602 4776 eadem
623 4736 737 4791 qua
753 4719 929 4775 modo
942 4723 1075 4774 sunt
1093 4720 1282 4774 forma
1297 4717 1604 4788 sancimus,
1619 4734 1806 4790 neque

172 4813 412 4869 omnino
441 4813 752 4886 quisquam
772 4816 1114 4886 apponatur,
1142 4813 1324 4868 donec
1341 4812 1488 4867 intra
1515 4815 1640 4868 octo
1657 4811 1809 4867 viros

169 4903 404 4962 illorum
417 4923 697 4962 mensura
713 4908 1006 4976 consistat,
1021 4911 1083 4962 ut
1099 4910 1376 4978 perpetuo
1399 4909 1526 4961 octo
1545 4906 1805 4975 existant,

168 5001 330 5056 nullo
356 5001 626 5074 quidem,
646 5017 835 5073 neque
865 5001 1060 5068 modo,
1086 5017 1275 5072 neque
1307 5003 1567 5071 tempore
1598 5015 1666 5054 eo
1697 5016 1806 5054 nu-

171 5109 338 5150 mero
365 5095 663 5166 augendo,
703 5111 931 5166 semper
954 5097 1146 5149 autem
1174 5092 1656 5149 contendentibus
1677 5092 1806 5161 illis,

169 5187 321 5243 circa
339 5205 450 5244 nos
464 5188 830 5260 obsequio,et
840 5204 980 5260 erga
994 5187 1426 5260 imperatoriam
1443 5187 1809 5258 majestatem

169 5279 586 5338 benevolentia
607 5283 753 5336 alter
775 5281 1020 5336 alterum
1041 5280 1287 5336 vicissim
1308 5285 1600 5352 superent.
1616 5280 1809 5334 Nemi-

168 5391 242 5430 ne
268 5375 573 5430 licentiam
595 5375 847 5431 habente
879 5379 940 5430 ut
964 5374 1087 5445 ejus
1113 5374 1342 5446 generis
1367 5373 1586 5444 aliquid
1607 5373 1678 5428 de
1699 5391 1806 5429 cae-

167 5471 294 5523 tero
333 5473 519 5542 petat,
549 5469 761 5525 sciente
793 5468 950 5541 quod
995 5483 1179 5540 neque
1219 5484 1288 5522 ea
1319 5483 1449 5539 quae
1495 5467 1639 5538 petit
1666 5484 1812 5522 asse-

170 5567 406 5634 quetur,
442 5567 504 5616 et
532 5563 668 5636 quia
701 5567 900 5634 petere
925 5579 1093 5617 ausus
1112 5565 1216 5628 est,
1249 5576 1368 5616 non
1395 5560 1584 5615 solum
1611 5559 1812 5616 decem

167 5653 462 5710 librarum
479 5655 606 5710 auri
623 5673 807 5728 ptienae
828 5655 938 5710 erit
953 5653 1250 5722 obnoxius,
1265 5653 1365 5707 sed
1385 5652 1560 5706 etiam
1578 5653 1813 5725 propria

169 5750 400 5806 excidet
412 5747 920 5806 militia.Volumus
935 5747 1092 5803 enim
1113 5751 1176 5802 ut
1191 5746 1264 5802 ad
1274 5745 1615 5819 praedictum
1631 5762 1812 5818 usque

243 5947 269 5978 ⁸
296 5939 434 5998 Haec
454 5939 629 5995 verba
654 5955 773 5994 non
799 5937 1086 5994 habentur
1113 5936 1172 5994 in
1203 5937 1418 5994 Grieco.

1908 4705 2065 4760 enim
2097 4701 2372 4756 alimonia
2399 4704 2457 4754 et
2480 4700 2657 4754 victus
2688 4699 2920 4755 aliunde
2956 4701 3244 4756 sufﬁciens
3276 4721 3392 4759 non
3422 4711 3527 4774 est,

1907 4801 1968 4858 hi
1997 4795 2367 4854 emendicatis
2398 4796 2768 4850 defensorum
2795 4793 3099 4866 suffragiis,
3121 4795 3194 4851 ad
3210 4797 3360 4853 hanc
3385 4799 3532 4854 solli-

1908 4893 2224 4950 citudinem
2255 4889 2553 4958 accedunt,
2584 4891 2643 4942 et
2665 4905 2770 4960 pro
2803 4887 3052 4960 quodam
3079 4889 3267 4944 vaeluti
3312 4891 3531 4949 ludicro

1909 4987 2218 5062 praesidum
2239 4983 2449 5040 animis
2471 4986 2603 5037 sunt
2632 4982 2931 5056 propositi,
2949 4983 3236 5054 siquidem
3263 4989 3320 5040 et
3339 5002 3530 5042 remo-

1907 5085 2043 5137 vent
2096 5097 2194 5136 eos
2239 5078 2698 5152 quandocunque
2738 5077 2954 5144 volunt,
3001 5077 3245 5132 minima
3289 5095 3532 5153 quaeque

1910 5179 2196 5232 vertentes
2223 5173 2378 5242 vitio,
2409 5176 2466 5227 et
2504 5171 2647 5226 alios
2679 5171 2736 5225 in
2767 5170 2996 5225 illorum
3023 5172 3213 5226 locum
3241 5172 3531 5246 ingerunt,

1909 5271 2148 5328 vicarios
2173 5283 2402 5341 quoque
2428 5264 2824 5320 defensoribus
2853 5265 3285 5336 constituentes,
3318 5284 3534 5342 perque

1913 5381 2092 5421 unum
2135 5377 2554 5432 nonnunquam
2582 5376 2804 5413 annum
2831 5358 2888 5412 in
2918 5359 3174 5430 pluribus
3199 5360 3258 5416 id
3281 5363 3532 5419 homini-

1910 5461 2017 5516 bus
2037 5453 2594 5514 admittentes.Unde
2611 5457 2668 5508 et
2687 5453 3095 5519 cohortales,et
3105 5454 3398 5513 civitatum
3409 5475 3532 5514 ma-

1913 5553 2202 5626 gistratus,
2226 5553 2282 5604 et
2301 5549 2396 5622 qui
2417 5549 2520 5602 has
2544 5547 2820 5614 incolunt,
2844 5562 3050 5602 omnes
3076 5547 3135 5602 in
3156 5565 3384 5606 summo
3407 5551 3536 5606 con?

1914 5649 2137 5718 temptu
2183 5645 2550 5699 defensorem
2595 5641 2831 5696 habent.
2879 5641 3016 5706 Quae
3047 5659 3178 5698 vero
3203 5644 3356 5714 apud
3383 5645 3536 5714 ipsos

1913 5742 2212 5812 geruntur,
2239 5735 2482 5810 perinde
2513 5751 2580 5789 ac
2619 5734 2666 5788 si
2691 5750 2878 5804 neque
2911 5738 3074 5806 gesta
3095 5738 3304 5802 essent,
3333 5735 3534 5790 haberi

1913 5835 2117 5889 solent.
2148 5831 2265 5886 Nisi
2310 5830 2465 5886 enim
2507 5829 2930 5902 provinciarum
2978 5826 3530 5898 praesidesjubeant,

1914 5948 1986 5986 ne
2017 5941 2366 6002 praesumere
2387 5923 2624 5996 quidem
2645 5923 2862 5979 audent
2882 5921 3074 5992 aliqua
3103 5923 3395 5989 gestorum
3416 5937 3536 5977 mo-
