4088 6502
569 343 668 399 967

1706 339 1955 398 SECULI
1993 334 2182 397 SEXTI
2221 339 2770 396 SUPPLEMENTUM.

3871 339 3974 388 968

562 454 841 506 numenta
873 449 1153 504 conficere
1185 445 1336 520 apud
1378 448 1718 520 semetipsos
1744 467 1847 521 per
1877 449 2074 504 omnia
2101 449 2182 502 eis
2203 448 2434 533 Aapud
2469 449 2798 502 defensores
2843 446 3210 500 insinuentur
3238 447 3638 511 testamenta,
3681 438 3971 495 donatio-

563 542 876 598 servientes
897 541 1242 608 defensores,
1276 545 1333 596 et
1357 541 1586 596 illorum
1613 542 1842 596 nutibus
1868 541 2176 596 intenden-

565 638 650 688 tes
671 635 822 690 solis.
854 633 911 688 Si
942 651 1074 688 vero
1105 634 1366 704 quaedam
1397 634 1725 702 conficiunt,
1769 634 2019 705 primum
2052 634 2175 704 qui-

567 727 699 780 dem
719 729 777 780 et
804 726 898 780 illa
917 726 1192 780 vendunt.
1221 727 1436 780 Deinde
1463 743 1596 781 cum
1626 728 1846 780 nullum
1867 727 1939 780 ad
1961 726 2068 780 hoc
2088 743 2181 796 pa-

564 822 753 872 ratum
776 818 1068 872 archivum
1099 819 1370 886 habeant,
1395 819 1453 872 in
1487 835 1600 889 quo
1628 823 1914 890 reponant
1938 819 2090 889 apud
2121 835 2178 872 se

565 913 744 980 gesta,
763 911 984 981 deperit
1003 911 1157 980 quod
1180 913 1402 981 gestum
1425 913 1529 976 est,
1545 927 1730 981 neque
1755 911 1907 982 apud
1930 911 2082 981 ipsos
2103 910 2182 964 ul-

562 1003 682 1056 lum
702 1003 868 1056 facile
890 1003 1124 1056 omnino
1152 1003 1308 1072 longi
1332 1003 1605 1073 temporis
1626 1006 2067 1058 monumentum
2088 1019 2178 1056 re-

563 1095 770 1164 perias,
791 1095 890 1148 sed
913 1095 1012 1164 qui
1029 1094 1166 1148 actis
1184 1094 1468 1164 indigent,
1494 1095 1616 1165 ipsa
1641 1095 1792 1166 apud
1816 1095 2072 1148 haredes
2092 1112 2182 1149 eo-

565 1201 696 1238 rum
717 1189 774 1238 et
798 1185 934 1240 alias
961 1185 1342 1240 successiones
1368 1191 1648 1257 quarunt,
1677 1187 1772 1240 ubi
1791 1188 2000 1258 partim
2031 1186 2178 1241 indi-

567 1294 681 1348 gna
698 1277 1083 1344 inveniuntur,
1099 1279 1304 1348 quibus
1320 1279 1598 1334 habeatur
1612 1279 1988 1351 fides,partim
2009 1280 2182 1334 etiam

562 1369 874 1440 depereunt
896 1374 954 1424 et
973 1371 1339 1438 intercidunt,
1359 1388 1535 1442 usque
1554 1372 1720 1438 adeo,
1746 1375 1806 1426 ut
1823 1372 2060 1442 perinde
2081 1390 2184 1443 pu-

565 1466 778 1530 tentur,
815 1479 879 1518 ac
906 1464 950 1517 si
971 1464 1122 1518 facta
1162 1480 1276 1518 non
1321 1467 1528 1518 essent.
1566 1466 1678 1518 Nos
1704 1464 1878 1534 igitur
1907 1465 2180 1534 quoniam

567 1555 874 1625 prasidum
900 1560 1090 1627 partes
1135 1556 1282 1610 bene
1329 1555 1728 1628 disposuimus,
1776 1556 2076 1628 majorque
2123 1560 2185 1610 ut

567 1647 701 1720 ipsis
720 1649 872 1702 inter
888 1653 1087 1718 gentes
1109 1654 1256 1702 esset
1281 1648 1539 1719 potentia
1561 1648 1870 1716 effecimus,
1887 1652 1944 1702 et
1958 1649 2184 1720 longius

569 1742 776 1796 absunt
801 1757 974 1812 quam
994 1745 1059 1795 ut
1077 1740 1374 1794 civitatum
1395 1741 1702 1796 commoda
1729 1757 1956 1812 semper
1975 1741 2032 1794 in
2054 1758 2186 1796 con-

567 1837 761 1904 spectu
809 1833 1022 1887 habere
1074 1833 1324 1904 possint,
1381 1837 1688 1904 propterea
1741 1823 2262 1895 existimavimusB

564 1926 750 1996 ipsam
778 1941 1002 1996 quoque
1026 1926 1394 1980 defensorum
1437 1925 1877 1980 sollicitudinem
1905 1926 1976 1980 ad
1998 1926 2184 1997 pristi-

571 2033 710 2072 num
742 2015 1076 2087 erigendam
1126 2035 1247 2071 esse
1297 2021 1531 2075 statum.
1577 2019 1788 2072 Existet
1833 2019 1986 2072 enim
2036 2019 2186 2073 bella

571 2114 833 2184 quadam
861 2115 968 2167 hoc
997 2114 1170 2168 modo
1195 2113 1571 2168 consonantia
1602 2117 1658 2168 et
1682 2114 2001 2180 harmonia,
2034 2116 2078 2168 si
2109 2116 2182 2169 ci-

568 2206 808 2260 vitatum
843 2205 1172 2260 defensores
1195 2205 1454 2276 judicum
1501 2205 1764 2260 ordinem
1796 2211 2093 2276 occupent,
2132 2212 2188 2262 et

569 2299 874 2369 provincia
905 2298 1238 2352 moderator
1264 2298 1454 2368 potius
1475 2298 1738 2368 judicum
1762 2298 1956 2368 judex,
1992 2303 2048 2353 et
2085 2316 2188 2370 per

567 2391 673 2444 hoc
725 2390 1118 2444 deeessoribus
1176 2391 1288 2444 suis
1342 2391 1678 2445 honoratior
1731 2407 1852 2444 esse
1907 2391 2183 2446 videatur.

570 2483 789 2546 Quanto
809 2483 962 2536 enim
983 2483 1220 2553 quisque
1248 2483 1735 2552 prastantioribus
1756 2483 2013 2554 imperat,
2027 2488 2186 2538 tanto

568 2574 686 2646 ipse
719 2581 774 2629 et
799 2577 983 2645 major
1009 2579 1066 2629 et
1091 2576 1423 2630 honoratior
1453 2579 1557 2630 est.
1591 2578 1811 2630 Interea
1839 2576 2016 2646 igitur
2047 2577 2188 2630 illud

569 2668 754 2738 primo
785 2667 1154 2721 sanciendum
1193 2671 1296 2734 est,
1329 2671 1391 2721 ut
1421 2685 1490 2721 ne
1522 2668 1789 2738 cuiquam
1817 2669 2075 2722 omnium
2103 2669 2184 2722 fa-

571 2761 750 2814 cultas
779 2761 850 2814 sit
863 2760 935 2814 ad
965 2759 1278 2814 defensoris
1297 2760 1722 2814 ordinationem
1747 2761 2184 2832 repudiandam,

573 2851 668 2908 sed
707 2868 810 2924 per
833 2852 981 2906 vices
1009 2852 1219 2924 quique
1249 2853 1675 2907 honoratissimi
1711 2853 1911 2908 incola
1938 2854 2052 2907 suis
2079 2854 2188 2908 hoc

571 2962 780 2999 munus
836 2945 1152 2998 civitatibus
1200 2945 1480 3016 impleant
1530 2946 1655 3016 (hoc
1693 2945 1846 3000 enim
1886 2949 1944 3000 et
1989 2946 2188 3016 elapsis

569 3033 921 3103 temporibus
965 3033 1274 3086 obtinuisse
1319 3033 1490 3104 inque
1535 3051 1637 3086 usu
1669 3034 1840 3087 fuisse
1869 3033 2186 3102 didicimus)

571 3125 785 3180 nemini
838 3126 1124 3196 patefacta
1169 3124 1332 3196 cOpia
1379 3125 1487 3179 hoc
1532 3126 1892 3196 repudiandi,
1926 3143 2111 3197 neque
2143 3127 2189 3180 si

571 3218 1272 3289 magniﬁcentissimorum
1317 3218 1619 3272 illustrium
1647 3219 1925 3288 dignitate
1953 3219 2184 3274 decora-

569 3313 660 3364 tus
682 3311 768 3377 sit,
802 3327 987 3381 neque
1018 3311 1062 3364 si
1092 3310 1646 3381 insignemaliquam
1679 3311 1944 3364 militiam
1965 3311 2188 3378 habeat,

571 3419 757 3474 neque
789 3403 836 3456 si
885 3403 1039 3474 quod
1077 3403 1438 3473 privilegium
1479 3419 1548 3458 ex
1593 3403 1728 3474 ipsis
1760 3404 1937 3458 sacris
1991 3404 2190 3458 formis

571 3496 906 3566 pratendat,
931 3500 992 3553 et
1027 3495 1072 3548 si
1100 3511 1383 3550 concessa
1424 3496 1626 3550 forma
1651 3497 2024 3566 pragmatica
2055 3497 2186 3564 sint,

572 3589 671 3642 sed
718 3589 960 3644 omnibus
991 3587 1230 3642 civitatis
1277 3587 1496 3654 incolis,
1529 3587 1624 3658 qui
1670 3589 1882 3643 scilicet
1911 3589 1966 3644 in
1997 3590 2190 3660 aliqua

573 3684 705 3735 sunt
734 3681 1114 3752 reputatione,
1159 3681 1306 3734 hanc
1347 3680 1787 3735 sollicitudinem
1830 3683 1887 3736 in
1919 3682 2189 3736 circulum

571 3771 962 3844 implentibus,
991 3776 1048 3825 et
1077 3788 1210 3825 cum
1232 3771 1473 3826 circulus
1494 3772 1718 3839 desinit,
1743 3773 1948 3828 iterum
1969 3775 2040 3828 ad
2058 3790 2188 3828 eam

557 3865 1006 3932 revertentibus,
1039 3867 1098 3916 et
1120 3863 1456 3934 pradictum
1487 3880 1695 3918 munus
1731 3867 2091 3932 obeuntibus,
2126 3870 2190 3920 ut

573 3957 839 4014 defensor
861 3955 1035 4028 judex
1068 3955 1272 4026 potius,
1313 3973 1487 4027 quam
1530 3957 1799 4013 defensor
1842 3975 1962 4013 esse
1995 3959 2184 4013 videa-

570 4052 683 4102 tur.
713 4048 949 4102 Decreto
977 4047 1171 4117 utique
1193 4063 1320 4102 cum
1347 4049 1602 4104 omnium
1627 4052 2008 4105 communiter
2028 4051 2186 4122 jure-

565 4139 817 4212 jurando
845 4141 1018 4207 facto,
1051 4139 1146 4211 qui
1189 4139 1339 4194 illius
1371 4142 1612 4196 civitatis
1641 4143 1842 4198 incola
1874 4149 2024 4212 sunt,
2072 4161 2188 4198 non

573 4237 767 4287 autem
801 4249 999 4288 eorum
1027 4232 1122 4304 qui
1152 4233 1226 4287 ibi
1254 4237 1478 4290 tantum
1510 4241 1956 4291 commorantur.

640 4326 1047 4396 Jusjurandum
1091 4343 1223 4380 vero
1269 4331 1519 4398 prastet,
1567 4328 1765 4382 omnia
1791 4346 1848 4382 se
1875 4329 2187 4384 secundum

570 4419 729 4490 leges
761 4421 818 4472 et
843 4418 940 4489 jus
980 4422 1258 4486 acturum,
1301 4421 1355 4473 et
1385 4415 1756 4474 conﬁrmetur
1785 4421 2185 4492 (quemadmo-

569 4511 706 4566 dum
753 4510 927 4566 modo
968 4510 1225 4582 dicimus)
1249 4511 1506 4582 jussione
1535 4512 2069 4582 gloriosissimorum
2092 4531 2265 4610 no-D

569 4608 818 4659 strorum
842 4603 1268 4676 praefectorum,
1293 4607 1348 4658 et
1365 4620 1466 4675 per
1481 4603 1776 4659 biennium
1793 4605 2068 4660 duntaxat
2093 4607 2188 4661 ad-

569 4696 871 4764 ministret,
896 4700 1209 4768 posteaque
1227 4695 1652 4752 asollicitudine
1673 4703 2053 4768 removeatur,
2069 4715 2186 4754 non

568 4789 818 4844 habente
848 4789 1133 4844 licentiam
1159 4789 1472 4844 clarissimo
1502 4790 1744 4860 praside
1775 4791 2080 4864 provincia
2105 4807 2189 4853 re-

570 4882 843 4937 movendi
901 4898 1055 4949 eum,
1103 4883 1203 4937 sed
1256 4885 1482 4938 tantum
1525 4883 1572 4936 si
1601 4883 1739 4954 quid
1778 4900 1983 4955 parum
2036 4889 2186 4940 recte

573 4988 744 5045 agere
772 4976 1046 5042 videatur,
1078 4974 1364 5029 referendi
1387 4975 1460 5030 ad
1482 4975 1922 5046 gloriosissimos
1951 4979 2184 5048 praefec-

571 5068 680 5133 tos,
702 5071 764 5121 ut
787 5068 857 5122 ab
879 5084 946 5122 eo
965 5067 1261 5139 contingat
1283 5067 1677 5122 sellicitudinis
1697 5069 1997 5138 absolutio,
2021 5087 2055 5124 a
2075 5087 2186 5141 quo

573 5159 747 5214 etiam
776 5159 963 5214 datur.
1007 5161 1169 5215 Nulla
1201 5162 1466 5216 facultate
1496 5161 1771 5215 existente
1802 5163 1889 5215 vel
1922 5163 2184 5218 modera-

2280 557 2402 610 nes,
2427 545 2484 595 et
2514 557 2685 595 omne
2716 539 2966 610 denique
3015 538 3172 608 quod
3213 536 3456 609 proprie
3497 535 3578 589 ad
3597 534 3711 605 jus
3746 549 3969 588 monu-

2277 637 2604 687 mentorum
2645 632 2914 704 pertinet,
2945 635 3280 701 nequeunte
3313 628 3666 684 clarissimo
3713 627 3974 698 pra-side

2277 725 2582 795 provincia
2603 726 2686 778 vel
2704 723 2860 795 quod
2877 723 3081 778 conﬁci
3103 723 3300 790 debet,
3329 721 3676 793 impedire,
3703 720 3802 773 vel
3825 735 3970 789 pra-

2279 817 2542 888 scribere,
2571 817 2863 887 quomodo
2893 815 3095 870 conﬁci
3121 815 3276 882 velit,
3318 816 3406 869 vel
3442 814 3827 869 confectum
3858 829 3973 865 non

2279 908 2468 962 edere.
2490 910 2683 978 Neque
2716 907 2872 962 enim
2899 907 3139 961 omnino
3167 907 3218 960 ei
3242 907 3558 960 licentiam
3587 905 3673 960 ad
3708 905 3974 975 ejusmo-

2280 1000 2337 1054 di
2363 1001 2702 1071 prabemus,
2734 999 3214 1056 absurdissimum
3255 1002 3549 1070 putantes
3585 1001 3659 1052 ut
3695 1014 3976 1052 necessa-

2279 1093 2365 1146 ria
2389 1098 2512 1147 acta
2543 1091 2869 1146 hominibus
2887 1096 3126 1163 propter
3145 1091 3473 1162 prasidum
3508 1091 3683 1145 forte
3718 1089 3980 1144 affectio-

2281 1201 2382 1238 nes
2408 1184 2931 1256 praceptionesque
2966 1185 3125 1238 nulla
3158 1184 3390 1238 ratione
3444 1183 3760 1237 subnixas
3795 1183 3977 1236 inter-

2281 1275 2492 1330 cidant.
2522 1277 2632 1331 Sed
2659 1280 2716 1330 et
2747 1277 2805 1331 in
2833 1281 2961 1330 aeta
2989 1277 3251 1330 referant
3277 1293 3680 1347 quacunque
3707 1275 3851 1346 quis
3882 1293 3979 1330 vo-

2281 1369 2470 1436 luerit,
2490 1369 2798 1440 edantque,
2816 1369 3046 1424 tametsi
3076 1368 3234 1440 quod
3259 1369 3320 1422 in
3341 1374 3483 1424 acta
3512 1370 3829 1438 refertur,
3850 1385 3981 1439 per-

2282 1461 2527 1532 stringat
2549 1461 2739 1532 ipsum
2766 1461 3070 1532 provincia
3091 1461 3434 1532 praesidem,
3455 1461 3860 1533 velaliquem
3893 1479 3986 1532 po-

2283 1553 2819 1626 tentiorum,neque
2840 1555 2949 1609 hoc
2981 1554 3292 1626 quisquam
3320 1555 3691 1626 prohibeat.
3733 1554 3987 1626 Oportet

2283 1645 2437 1700 enim
2455 1663 2552 1700 eos
2581 1646 2678 1718 qui
2703 1648 2790 1700 vel
2813 1646 2872 1700 in
2896 1646 3123 1714 officiis,
3141 1649 3226 1701 vel
3257 1663 3397 1701 cum
3417 1651 3754 1718 potestate
3787 1648 3986 1719 aliqua

2283 1743 2434 1806 sunt,
2463 1739 2540 1792 ita
2563 1757 2621 1793 se
2655 1756 2878 1810 gerere,
2913 1742 2976 1793 ut
3017 1739 3222 1794 conﬁci
3255 1739 3546 1795 adversus
3583 1757 3654 1795 se
3689 1745 3836 1796 acta
3871 1758 3988 1796 non

2285 1831 2647 1901 prohibeant,
2677 1832 2794 1886 imo
2813 1832 2892 1886 ita
2919 1849 2978 1886 se
3011 1832 3274 1887 moribus
3300 1833 3657 1903 inculpatos
3681 1835 3985 1905 praebere,

2283 1927 2350 1977 ut
2365 1923 2577 1978 nemini
2599 1924 2768 1978 detur
2795 1925 3194 1995 opportunitas
3215 1925 3534 1980 movenda
3556 1927 3843 1998 alicujus
3860 1944 3990 1982 con-

2285 2019 2374 2069 tra
2399 2015 2551 2086 ipsos
2575 2018 2843 2087 querela.
2884 2019 3061 2072 Nemo
3092 2018 3335 2090 insuper
3365 2019 3803 2089 prohibeatur
3836 2021 3990 2092 apud

2287 2108 2614 2164 defensores
2634 2109 2694 2163 in
2715 2113 2839 2164 acta
2863 2110 3102 2178 referre,
3129 2111 3340 2182 quibus
3368 2111 3445 2165 de
3469 2113 3667 2167 rebus
3697 2115 3859 2180 vult,
3882 2115 3991 2168 sive

2284 2217 2495 2270 prases
2525 2202 2582 2255 in
2611 2202 2931 2257 civitatibus
2957 2207 3168 2274 prasto
3199 2203 3291 2270 sit,
3325 2203 3449 2258 sive
3474 2222 3609 2260 non
3639 2208 3749 2275 sit,
3784 2208 3880 2261 his
3913 2225 3994 2262 so.

2286 2292 2354 2346 lis
2403 2294 2652 2364 exceptis
2689 2311 2817 2365 qua
2858 2293 3330 2365 jurisdictionem
3385 2297 3764 2369 requirunt,
3815 2306 3878 2355 et
3931 2317 3991 2354 ex

2288 2385 2410 2456 ipsa
2433 2387 2741 2456 prasidum
2769 2387 3110 2442 auctoritate
3143 2389 3433 2459 pendent.

2288 2469 2290 2472 ’
2359 2477 2572 2531 Deinde
2602 2482 2662 2532 ut
2678 2479 2974 2533 civitatum
3001 2480 3344 2536 defensores
3363 2482 3436 2535 iis
3461 2484 3572 2554 qui
3600 2485 3992 2556 publicarum

2288 2569 2649 2624 exactionum
2670 2573 2970 2642 negotium
2991 2573 3213 2627 habent
3240 2575 3444 2629 modis
3479 2579 3804 2634 omnibus
3835 2580 3991 2634 auxi-

2287 2661 2362 2715 lio
2381 2662 2513 2730 sint,
2537 2666 2594 2716 et
2608 2663 2722 2718 sive
2743 2669 2982 2735 propter
3007 2665 3429 2722 indevotorum
3450 2671 3853 2727 collatorum
3872 2690 3997 2726 eun-

2287 2755 2596 2809 tumaciam
2622 2761 3022 2812 momumenta
3049 2759 3361 2828 conficere,
3399 2761 3529 2816 sive
3579 2763 3903 2820 interesse
3947 2770 3999 2819 et

2287 2847 2601 2917 ﬂagitiosos
2627 2850 3004 2919 prasentibus
3036 2852 3218 2906 oculis
3244 2853 3521 2924 aspicere
3547 2874 3568 2925 ;
3605 2858 3748 2912 sive
3801 2860 3996 2932 publi-

2287 2955 2418 2992 cum
2441 2941 2639 2995 sedare
2657 2942 2973 2996 tumultum
2991 2960 3137 3014 opus
3154 2945 3246 3013 sit,
3273 2947 3569 3002 alacriter
3591 2950 3724 3004 hoc
3755 2953 3999 3014 faciant,

2289 3048 2402 3086 uno
2433 3032 2682 3104 denique
2708 3035 2906 3103 verbo,
2931 3053 3037 3106 per
3065 3037 3268 3092 omnia
3299 3041 3592 3110 prasidis
3614 3044 3842 3099 locum
3867 3045 4002 3099 obti—

2289 3129 2483 3192 neant,
2514 3131 2570 3180 et
2591 3127 2842 3182 maxime
2870 3145 3000 3182 cum
3019 3129 3252 3184 absunt.
3284 3132 3357 3185 Et
3381 3137 3450 3186 ut
3474 3135 3858 3192 cohortales
3871 3157 4004 3209 quo-

2287 3233 2397 3287 que
2429 3217 2480 3271 ei
2506 3218 2731 3288 regioni
2761 3220 2996 3288 addicti,
3041 3223 3139 3294 qui
3169 3240 3275 3294 per
3305 3225 3478 3280 illam
3526 3231 3902 3286 consistunt
3931 3232 4001 3285 ci-

2287 3309 2539 3379 vitatem,
2569 3311 2627 3365 in
2657 3329 2770 3383 qua
2801 3313 3078 3368 defensor
3107 3320 3213 3383 est,
3263 3317 3350 3371 illi
3380 3318 3701 3378 obediant
3735 3329 3802 3379 et
3832 3343 4007 3398 opem

2287 3402 2496 3473 ferant,
2529 3407 2591 3456 ut
2615 3404 2950 3460 absentibus
2978 3409 3424 3478 provinciarum
3480 3415 4007 3473 moderatoribus

2289 3493 2431 3548 nihil
2460 3495 2775 3552 civitatibus
2805 3499 3000 3554 deesse
3041 3517 3148 3570 per
3182 3501 3434 3558 illorum
3479 3513 3912 3578 praesentiam
3941 3514 4009 3566 vi-

2289 3586 2509 3642 deatur.
2546 3589 2803 3660 Habeant
2837 3596 3034 3647 autem
3063 3598 3120 3648 et
3145 3612 3211 3649 ex
3239 3597 3504 3653 cohorte
3537 3601 3634 3656 illi
3671 3606 4008 3676 provincia

2289 3678 2572 3735 destinata
2603 3687 2968 3754 exceptorem
2997 3687 3262 3742 futurum
3293 3689 3416 3744 illis
3439 3691 3511 3747 in
3544 3694 3940 3764 ministerio,
3961 3705 4011 3754 et

2289 3771 2432 3826 duos
2460 3773 2797 3843 cohortales,
2831 3778 2931 3848 qui
2955 3779 3026 3832 ab
3055 3779 3194 3851 ipsis
3215 3781 3503 3852 judicata
3556 3798 4004 3862 exsequantur.

2358 3865 2667 3938 Dicantque
2673 3869 2770 3938 jus
2791 3869 2852 3923 in
2874 3872 3146 3927 omnibus
3180 3877 3548 3944 pecuniaria
3585 3887 3803 3942 causis
3832 3904 4007 3959 usque

2288 3956 2359 4010 ad
2389 3963 2670 4013 trecentos
2700 3977 2925 4030 aureos,
2957 3968 3405 4036 nequeuntibus
3439 3974 3878 4035 collatoribus
3910 3956 4005 4034 no~

2287 4047 2388 4102 tris
2419 4065 2517 4104 eos
2557 4069 2696 4122 quos
2741 4054 2846 4108 sibi
2877 4056 3164 4128 obligatos
3208 4067 3459 4131 putant,
3496 4073 3899 4138 protrahere
3947 4072 4010 4128 ad

2287 4142 2630 4199 clarissimos
2660 4147 3088 4216 provinciarum
3115 4153 3436 4225 prasides,
3477 4160 3533 4214 si
3570 4162 3756 4220 intra
3788 4167 4009 4222 dictam

2287 4237 2672 4292 trecentorum
2699 4240 3017 4296 solidorum
3037 4246 3452 4315 quantitatem
3467 4269 3674 4311 causa
3693 4261 4008 4316 consistat.

2289 4327 2402 4382 Sed
2431 4346 2615 4401 neque
2649 4335 2868 4388 actores
2913 4351 2982 4389 ea
3017 4336 3144 4407 ipsa
3171 4339 3244 4393 de
3281 4357 3346 4396 re
3379 4343 3575 4402 litem
3629 4353 3844 4422 pluris
3894 4357 4012 4408 esti-

2287 4425 2468 4488 ment,
2497 4426 2558 4476 ut
2579 4440 2706 4478 reos
2725 4429 3048 4496 conterant,
3083 4445 3202 4484 non
3231 4432 3311 4486 ad
3343 4433 3793 4501 defensorem
3826 4448 4016 4503 civita-

2286 4511 2378 4611 tis,
2411 4514 2508 4611 sed
2533 4515 2605 4570 ad
2636 4517 2742 4572 loci
2769 4520 3078 4589 prasidem
3109 4523 3434 4584 deductos.
3465 4532 3614 4589 [mo
3643 4538 3700 4592 si
3725 4541 3887 4611 quid
3911 4543 4011 4595 tale

2287 4605 2545 4676 fecerint,
2595 4613 2651 4663 et
2695 4613 2981 4668 sententia
3025 4617 3306 4673 ostendat
3361 4637 3642 4685 causam
3707 4605 4013 4691 minorem

2288 4716 2409 4754 esse
2429 4702 2698 4758 trecentis
2723 4705 2942 4774 solidis,
2957 4707 3273 4782 deditaque
3295 4728 3500 4786 Opera
3519 4725 4014 4785 aestimationem

2288 4794 2640 4866 ampliatam,
2672 4800 2735 4850 ut
2759 4799 2912 4869 apud
2939 4802 3256 4871 praesidem
3285 4812 3840 4888 provinciae,non
3871 4821 4013 4896 apud

2287 4886 2526 4941 civitatis
2563 4887 2926 4946 defensorem
2955 4895 3426 4972 examinaretur,
3491 4886 3681 4967 solus
3717 4886 4012 4972 actorac-

2286 5072 2472 5127 tiones
2504 5089 2538 5128 a
2566 5074 2966 5132 defensoribus
2989 5081 3065 5134 ad
3091 5082 3252 5152 ipsos
3274 5085 3680 5154 deferantur
3707 5072 4011 5174 praesides.

2289 5165 2346 5220 Si
2378 5165 2517 5236 quid
2537 5183 2671 5222 vero
2689 5170 3012 5228 cohortales
3039 5180 3248 5232 contra
3278 5179 3679 5249 defensores
3704 5165 4010 5255 contume-

573 5248 793 5306 tionem
821 5253 1496 5324 provinciahabenti,vel
1525 5254 1658 5324 ipsis
1679 5254 2095 5322 defensoribus,
2126 5261 2190 5310 ut
2279 5257 2424 5312 liose
2452 5260 2808 5332 admiserint,
2843 5267 2980 5321 tunc
3010 5269 3479 5339 provinciarum
3505 5248 4012 5348 rector-estiam.

577 5344 942 5400 defensorum
967 5346 1204 5401 vicarios
1231 5346 1598 5414 constituant,
1632 5347 1731 5401 sed
1774 5347 1895 5402 hac
1927 5349 2032 5402 illis
2061 5364 2187 5404 om-

577 5435 742 5490 nibus
769 5438 1138 5508 prohibemus
1156 5439 1359 5493 modis.
1387 5439 1533 5502 Quin
1563 5439 1747 5510 potius
1781 5457 1966 5511 neque
1995 5441 2186 5496 claris-

577 5527 753 5584 simos
781 5531 1048 5601 prasides
1072 5547 1174 5602 pro
1193 5548 1250 5585 se
1265 5532 1502 5586 vicarios
1527 5532 1585 5585 in
1607 5532 1854 5587 civitates
1881 5533 2187 5602 dimittent,

577 5623 824 5694 exceptis
871 5623 1004 5694 ipsis
1040 5623 1453 5690 defensoribus,
1487 5639 1630 5694 quos
1664 5625 1971 5696 prasidum
2001 5627 2191 5682 locum

576 5715 638 5768 in
677 5715 994 5769 civitatibus
1023 5715 1286 5784 supplere
1311 5715 1590 5783 volumus,
1621 5717 1884 5788 ipsosque
1913 5719 1975 5773 in
2005 5720 2187 5774 omni-

578 5805 683 5865 bus
712 5805 998 5862 civitatum
1025 5806 1084 5859 in
1117 5805 1320 5877 quibus
1343 5810 1476 5860 sunt
1501 5824 1696 5862 curam
1719 5825 1938 5881 gerere.
1960 5813 2098 5867 Item
2131 5816 2194 5866 ut

2289 5353 2439 5404 ctam
2461 5357 2743 5424 repetant,
2768 5357 3208 5434 cohortalesque
3231 5369 3586 5442 castigent.
3605 5381 3864 5443 Damus
3879 5387 4013 5442 enin:

2289 5443 2680 5502 defensoribus
2709 5449 3026 5520 licentiam,
3052 5455 3097 5508 si
3117 5456 3231 5512 hoc
3254 5465 3564 5530 gentium
3593 5480 3918 5545 praesides
3943 5497 4014 5536 ne;

2291 5536 2530 5640 gligant,
2561 5555 2631 5594 ea
2659 5542 2876 5597 referre
2904 5545 2978 5598 ad
3008 5547 3296 5606 thronum
3343 5536 3774 5628 excellentia:
3805 5579 3943 5640 tua,
3971 5587 4012 5627 Ui

2289 5628 2397 5734 illis
2426 5631 2559 5686 inde
2585 5635 2865 5690 auxilium
2903 5637 3285 5710 impertiatur
3325 5654 3392 5704 et
3449 5628 4008 5734 competens—vin-

2291 5721 2460 5792 dicta,
2489 5730 2545 5779 et
2589 5725 2922 5784 defensores
2965 5748 3172 5790 revera
3208 5737 3496 5802 habeant
3557 5721 4009 5819 co‘nugtdenn.

2291 5819 2532 5888 quentes
2557 5821 2868 5892 quamdam
2878 5823 3210 5894 judiciaria
3233 5838 3580 5904 gravitatis
3604 5848 4012 5915 imitationem
