4088 6462
195 382 286 432 960

1051 383 1412 438 JUSTINIANI
1452 385 1778 440 NUVELLIE
1817 387 2148 442 SELlitlTAi.
2190 390 2496 444 NUVELLA
2535 390 2664 444 XVI.

3434 395 3536 444 9'70

195 487 246 538 et
266 484 523 554 figuram.
539 489 617 540 Ac
638 486 684 540 si
705 487 940 543 civitatis
957 489 1313 546 defensorem
1333 492 1812 564 contingatinter-
1833 510 1892 582 Α
1913 513 2142 567 Operam
2183 498 2339 566 dent,
2377 515 2490 568 quo
2516 499 2696 570 magis
2721 499 2783 552 hi
2812 497 3140 552 defensores
3169 496 3540 551 nominentur

196 578 386 646 cidere,
416 579 680 650 protinus
708 583 778 635 ad
805 583 1000 652 alium,
1032 585 1130 654 qui
1158 602 1228 638 ex
1257 584 1458 640 ordine
1490 587 1686 640 circuli
1715 604 1808 641 vo-

197 678 359 742 catur,
411 691 546 728 cum
588 677 859 747 praedicto
895 679 1224 748 jurameuto
1251 681 1514 736 decurrat
1548 682 1810 750 calculus,

195 768 556 839 protinusque
599 769 644 822 is
691 788 821 824 eam
863 788 1060 826 curam
1100 775 1315 829 subeat.
1364 775 1658 830 Decretum
1681 793 1814 830 vero

195 861 466 915 referatur
495 868 550 916 et
575 863 880 918 roboretur
912 883 945 918 a
970 867 1303 920 celsitudine
1330 872 1446 921 tua.
1481 869 1671 938 Neque
1701 869 1815 922 ullo

196 969 436 1025 unquam
462 958 724 1026 tempore
757 958 1168 1013 constituantur
1195 960 1293 1028 (uti
1325 959 1587 1030 diximus)
1620 961 1814 1015 defen-

197 1047 403 1101 soribus
441 1048 654 1115 vicarii,
717 1067 788 1104 ne
839 1068 1032 1105 rursus
1081 1052 1290 1124 absque
1338 1054 1557 1107 ratione
1621 1071 1817 1107 ansam

195 1140 358 1210 priori
383 1143 801 1212 perturbationi
823 1145 1198 1214 praebeamus.
1221 1147 1493 1200 Conﬁciat
1511 1147 1678 1200 etiam
1701 1147 1819 1217 jus-

198 1233 370 1287 siones
395 1235 728 1289 excullentia
750 1241 850 1290 tua
871 1255 972 1308 per
992 1255 1452 1310 unamquamque
1465 1240 1819 1310 provinciam

197 1330 256 1380 ut
282 1326 338 1380 in
363 1327 687 1380 civitatibus
711 1329 912 1382 domus
931 1331 1126 1406 aliqua.
1146 1331 1370 1401 publica
1396 1338 1745 1400 secernatur,
1761 1333 1819 1386 in

197 1435 356 1490 quam
369 1420 700 1475 defensores
713 1421 907 1475 deceat
921 1429 1176 1476 actorum
1193 1441 1426 1478 suorum
1448 1430 1822 1478 monumenta

196 1528 482 1582 reponere,
525 1518 720 1570 creato
763 1516 952 1586 aliquo
991 1517 1068 1570 ibi
1111 1517 1386 1586 locorum,
1411 1535 1602 1589 penes
1649 1534 1821 1588 quem

193 1604 354 1675 hujus
377 1606 451 1660 sit
477 1607 752 1675 custodia,
787 1625 900 1679 quo
933 1609 1113 1679 magis
1147 1615 1204 1664 et
1235 1611 1565 1682 incorrupta
1594 1627 1661 1666 ea
1706 1627 1822 1664 ma-

194 1703 375 1767 neant,
407 1701 464 1752 et
493 1700 732 1754 celerius
757 1701 994 1770 quaesita
1023 1702 1404 1757 inveniantur.
1441 1703 1640 1774 Sitque
1671 1703 1824 1774 apud

193 1791 338 1861 ipsos
363 1791 594 1863 aliquod
637 1793 951 1861 archivum,
981 1801 1036 1848 et
1065 1796 1218 1865 quod
1246 1797 1516 1850 hactenus
1545 1796 1604 1850 in
1631 1796 1820 1850 civita-

1916 591 1991 653 (in
2020 590 2292 645 circulum
2320 592 2548 657 scilicet,
2573 598 2633 646 ut
2662 592 2874 646 dictum
2915 592 3016 659 est)
3055 591 3124 644 de
3157 589 3364 660 quibus
3392 589 3542 642 bona

1915 689 1997 738 est
2027 685 2085 737 in
2118 701 2346 754 quaque
2373 685 2590 738 civitate
2623 685 2834 754 opinio,
2867 689 2923 737 et
2949 687 3011 736 ut
3038 683 3262 737 decreta
3293 681 3350 734 in
3377 697 3536 735 com-

1913 793 2084 831 mune
2113 779 2254 830 fiant
2277 794 2392 831 una
2422 794 2549 832 cum
2569 777 2911 848 jusjurando
2931 777 3002 830 ab
3028 775 3164 846 ipsis
3192 775 3537 845 praestando,

1914 886 2098 940 neque
2124 887 2238 923 non
2263 871 2444 924 dictus
2479 871 2720 924 circulus
2749 869 3118 938 describatur,
3142 871 3202 922 et
3227 867 3308 920 ita
3333 865 3542 937 singuli

1915 979 2016 1033 per
2043 962 2336 1017 biennium
2363 963 2564 1018 ordine
2590 981 2714 1018 eam
2741 961 3180 1016 sollicitudinem
3208 960 3435 1014 obeant.
3464 962 3541 1012 Ac

1917 1055 1963 1110 si
1989 1055 2114 1126 quis
2143 1073 2211 1109 ex
2249 1056 2366 1110 istis
2407 1057 2726 1125 intercidat,
2763 1056 2822 1110 in
2860 1054 3142 1110 demortui
3185 1053 3371 1107 locum
3401 1051 3543 1106 alius

1919 1149 2249 1215 sufiiciatur,
2281 1166 2506 1219 semper
2533 1149 2767 1220 quidem
2798 1150 3024 1204 decreto
3051 1163 3180 1202 cum
3210 1144 3544 1216 jusjurando

1919 1242 2288 1296 conficiendo.
2320 1243 2442 1312 lpso
2465 1259 2714 1312 quoque,
2745 1259 2873 1295 cum
2899 1239 3344 1294 sollicitudinem
3373 1253 3550 1293 susce-

1919 1341 2120 1406 pturus
2134 1335 2591 1404 est,przetiuitum
2605 1334 3012 1405 jusjurandum
3031 1334 3390 1399 subeunte,et
3403 1347 3553 1384 crea-

1919 1429 2076 1482 tione
2104 1428 2290 1498 ejusa
2319 1427 2417 1481 Dei
2437 1427 2824 1481 amantissimo
2849 1427 3133 1496 episcopo,
3163 1427 3221 1479 et
3243 1423 3553 1478 venerabili

1921 1521 2092 1588 clero,
2133 1526 2302 1591 atque
2337 1520 2481 1588 aliis,
2513 1521 2609 1591 qui
2637 1520 2853 1574 bonam
2881 1519 2942 1572 in
2973 1517 3197 1572 civitate
3227 1516 3553 1588 opinionem

1921 1613 2197 1682 obtinent,
2223 1613 2588 1683 perficienda.
2606 1612 2771 1676 Quod
2789 1611 3022 1682 quidem
3045 1616 3102 1665 et
3113 1627 3265 1664 nunc
3279 1609 3552 1664 continuo

1922 1707 2044 1760 ﬁeri
2089 1707 2366 1772 convenit,
2409 1704 2674 1758 omnibus
2709 1706 2792 1774 (ut
2835 1704 3048 1759 dictum
3087 1707 3186 1770 est)
3241 1702 3553 1756 secundum

1923 1800 2070 1853 haue
2099 1802 2346 1853 nostrmi
2371 1799 2699 1870 generalem
2720 1799 2907 1867 legem
2927 1795 3384 1867 procedentibus.
3407 1797 3556 1849 Prae-

193 1884 340 1938 tibus
365 1890 660 1956 peccatum
689 1892 792 1955 est,
823 1889 991 1941 modo
1025 1888 1098 1942 ad
1127 1889 1431 1960 pristinum
1481 1894 1689 1944 statum
1731 1906 1820 1943 re-
1843 1871 1900 1943 B
1925 1898 2078 1948 terea
2100 1898 2160 1946 ut
2179 1893 2477 1963 iiquoque,
2497 1891 2596 1962 qui
2616 1891 2724 1944 hoc
2744 1891 3062 1944 etiamnum
3085 1893 3343 1960 tempore
3364 1887 3555 1942 defen-

195 1977 446 2032 ducatur.
481 1979 640 2032 Fient
667 1985 854 2034 autem
887 1985 942 2034 et
971 1982 1302 2036 defensores
1351 1983 1588 2036 omnino
1629 1983 1820 2052 gratis.

194 2071 259 2124 Et
284 2088 384 2140 pro
425 2071 561 2141 ipsis
597 2072 965 2143 jussiouibus,
1014 2075 1060 2128 si
1105 2075 1349 2145 majores
1395 2076 1510 2128 sint
1557 2075 1822 2144 civitates,

195 2167 438 2233 quatuor
464 2167 861 2219 tantummodo
884 2167 1042 2220 aurei
1067 2167 1358 2222 dabantur
1385 2167 1442 2221 in
1465 2167 1683 2238 judicio
1714 2172 1826 2222 tua:

196 2256 570 2323 celsitudinis;
605 2257 651 2310 si
691 2259 961 2328 minores,
1018 2263 1149 2329 tres,
1199 2261 1686 2331 quemadmodum
1720 2277 1824 2314 no-

196 2350 320 2402 stris
357 2351 478 2420 jam
521 2351 742 2421 legibus
778 2353 1146 2407 constitutum
1187 2360 1289 2408 est.
1341 2354 1397 2408 Si
1425 2371 1567 2424 quas
1599 2369 1728 2408 vero
1758 2370 1828 2407 ex

193 2442 419 2513 publico
479 2460 737 2498 annonas
783 2445 1014 2513 habent,
1057 2445 1374 2518 percipient
1399 2453 1454 2501 et
1485 2447 1638 2518 ipsas
1665 2463 1828 2501 more

197 2535 381 2590 solito.

265 2631 620 2698 Cognoscent
644 2629 841 2701 utique
869 2633 926 2684 et
959 2631 1027 2686 de
1064 2631 1366 2686 levioribus
1392 2632 1742 2698 criminibus,
1773 2637 1830 2687 et

197 2737 317 2776 com
322 2727 615 2793 petentem
631 2724 1060 2795 castigationem
1080 2725 1452 2780 adhibebunt.
1475 2727 1583 2780 Sed
1595 2743 1711 2795 eos,
1729 2726 1828 2797 qui

195 2813 253 2868 in
282 2815 597 2885 majoribus
629 2817 848 2870 delictis
887 2819 1188 2888 capiuntur
1215 2819 1522 2889 c'onjicient
1549 2819 1609 2872 in
1640 2824 1828 2872 custo-

196 2905 369 2977 diam,
395 2913 452 2962 et
471 2908 543 2961 ad
575 2908 882 2980 provinciae
907 2912 1324 2966 moderatorem
1343 2912 1832 2966 transmittentJta

195 3001 349 3055 enim
376 3017 620 3072 quaeque
649 3020 750 3073 pro
774 3020 831 3057 se
859 3005 1048 3058 civitas
1066 3005 1320 3075 judiciali
1343 2983 1478 3060 cura
1502 3007 1742 3075 fruetur,
1778 3010 1834 3060 et

194 3095 457 3148 universa
475 3112 618 3165 gens
643 3097 747 3150 sub
760 3097 973 3168 majore
994 3099 1302 3152 constituta
1320 3099 1540 3169 judice,
1556 3099 1830 3169 majorem

195 3187 403 3241 sentiet
430 3189 864 3259 providentiam,
904 3195 960 3245 et
984 3191 1131 3245 bona
1159 3209 1287 3262 pars
1317 3193 1702 3263 prmsidalium
1731 3209 1829 3246 cu-

192 3297 396 3335 rarum
437 3283 868 3352 praescindetur,
913 3285 959 3338 si
995 3285 1283 3339 civitatum
1310 3285 1626 3340 defensores
1653 3302 1745 3338 eas
1771 3285 1833 3338 in

191 3390 248 3428 se
277 3379 674 3446 trausponant,
720 3379 1083 3449 releventque
1123 3396 1286 3432 curas
1311 3379 1664 3450 pressidibus,
1694 3395 1832 3449 quas

188 3483 298 3539 pro
320 3468 553 3538 populis
585 3474 810 3539 gerunt,
841 3470 948 3541 ipsi
976 3489 1077 3542 per
1105 3476 1294 3543 partes
1332 3473 1422 3527 vel
1451 3490 1516 3527 ea
1559 3489 1686 3543 quae
1731 3488 1834 3542 per

188 3561 470 3630 injuriam
502 3561 900 3632 admittuntur,
942 3571 1366 3636 componentes,
1401 3568 1486 3620 vel
1513 3567 1830 3636 disceptan-

187 3655 343 3708 tibus
370 3654 704 3710 dirimentes
717 3660 1128 3712 controversias
1157 3660 1234 3728 (et
1260 3664 1430 3730 prout
1453 3676 1601 3730 saepe
1621 3660 1835 3713 dictum

191 3750 322 3818 est),
348 3764 455 3818 per
483 3749 592 3803 hoc
617 3765 710 3804 eos
738 3751 835 3822 qui
866 3753 1064 3806 ofﬁciis
1105 3753 1414 3823 praesident
1451 3753 1835 3808 honoratiores

189 3841 524 3896 efﬁcientes.
555 3843 611 3898 Si
641 3843 739 3914 qui
768 3845 938 3898 etiam
958 3862 1064 3916 per
1099 3847 1524 3901 indevotionem
1553 3847 1699 3900 circa
1728 3863 1834 3917 pu-

187 3933 342 3989 blica
402 3935 616 3990 tributa
668 3939 936 3992 solvenda
991 3939 1278 4010 segniores
1323 3941 1583 4010 existant,
1636 3956 1837 3993 eorum

191 4029 525 4083 exactiones
568 4029 668 4100 qui
718 4030 795 4085 ita
843 4049 901 4085 se
946 4032 1244 4087 iudevotos
1266 4033 1544 4104 praebent,
1579 4033 1835 4103 gentium

186 4122 468 4194 praesides
492 4123 838 4178 demandent
862 4125 1270 4194 defensoribus,
1303 4132 1368 4182 ut
1397 4127 1540 4182 etin
1569 4127 1674 4180 hoc
1701 4125 1838 4196 ipsis

187 4216 412 4270 auxilio
423 4216 555 4271 sint.
577 4217 858 4272 Caeterum
875 4220 917 4272 si
933 4237 1048 4290 qua
1068 4220 1380 4275 defensoris
1395 4219 1676 4274 ordinatio
1697 4236 1838 4290 pras-

187 4314 281 4364 ter
301 4310 430 4364 haec
449 4309 596 4363 facta
621 4311 712 4380 sit,
735 4317 834 4367 aut
851 4313 897 4366 is
921 4313 991 4368 ad
1011 4330 1183 4384 quem
1204 4330 1274 4369 ex
1301 4314 1498 4369 ordine
1527 4312 1838 4369 defensoris

190 4403 412 4457 crcatio
441 4403 719 4473 pervenit,
749 4409 1029 4475 praetextu
1053 4407 1361 4478 dignitatis,
1379 4407 1466 4462 vel
1494 4407 1733 4477 militiae,
1755 4407 1840 4462 vel

188 4495 511 4567 privilegii,
545 4497 633 4550 vel
661 4497 892 4553 alterius
907 4500 1010 4566 rei,
1037 4517 1162 4555 eam
1181 4500 1620 4555 sollicitudinem
1645 4501 1840 4572 depre-

1923 2003 2077 2041 sores
2104 1989 2254 2053 sunt,
2284 1985 2341 2038 in
2368 1985 2644 2038 circulum
2665 1983 3073 2045 describantur,
3103 1982 3148 2035 si
3175 1980 3455 2051 ejusmodi
3478 1980 3554 2033 vi-

1927 2080 2188 2148 deantur,
2219 2079 2317 2149 qui
2337 2082 2559 2149 placere
2581 2077 2814 2147 possint,
2845 2081 2900 2129 et
2923 2073 3360 2128 sollicitudinem
3377 2089 3554 2144 usque

1925 2174 1994 2227 ad
2038 2171 2337 2226 biennium
2365 2171 2720 2225 continuent.
2761 2169 2920 2232 Quod
2947 2169 2992 2221 si
3021 2167 3143 2238 jam
3171 2167 3468 2221 biennium
3499 2165 3556 2219 in

1927 2283 1994 2320 ea
2019 2282 2153 2319 cura
2177 2265 2675 2334 comsumpserint,
2693 2279 2726 2316 a
2751 2260 3063 2316 defensoris
3083 2259 3464 2314 sollicitudine
3482 2258 3561 2313 di-

1926 2363 2278 2424 moveantur,
2328 2357 2436 2410 nisi
2477 2355 2767 2410 communi
2813 2355 2997 2425 ipsum
3041 2353 3270 2408 decreto
3303 2352 3478 2406 velint
3501 2352 3560 2406 in

1927 2453 2167 2506 alterum
2197 2467 2420 2520 quoque
2449 2449 2744 2503 biennium
2767 2448 2824 2500 in
2847 2447 3048 2501 eodem
3069 2446 3326 2500 detinere
3352 2445 3554 2498 oflicio.

1927 2546 1983 2601 Si
2008 2561 2142 2598 vero
2169 2544 2424 2597 nondum
2453 2541 2748 2595 biennium
2775 2541 3164 2610 expleverunt,
3180 2538 3454 2608 dignique
3471 2537 3554 2591 vi-

1927 2640 2155 2706 dentur,
2189 2637 2288 2708 qui
2326 2635 2386 2690 iu
2427 2635 2751 2688 societatem
2777 2632 2972 2687 circuli
3016 2631 3380 2702 recipiantur,
3421 2630 3556 2685 reli-

1930 2747 2108 2802 quum
2139 2735 2362 2801 tempus
2389 2728 2732 2798 compleant,
2763 2730 2830 2780 ut
2861 2729 3056 2780 tamen
3110 2740 3280 2778 nemo
3323 2724 3466 2778 ultra
3502 2723 3561 2778 id

1929 2826 2214 2880 civitatem
2241 2821 2523 2887 defendat,
2547 2821 2644 2874 sed
2677 2821 2748 2874 ad
2778 2819 2884 2873 hoc
2917 2818 3195 2872 duntaxat
3217 2822 3440 2887 tempus
3468 2833 3562 2870 us-

1929 2935 2039 2990 que
2060 2917 2342 2984 subsistat,
2373 2915 2484 2968 nisi
2504 2913 2822 2968 communis
2843 2927 2975 2966 cum
2997 2909 3233 2964 civitatis
3253 2925 3562 2964 consensus

1929 3012 2086 3066 nullo
2113 3011 2454 3064 reclamante
2476 3005 2828 3076 comprobet.
2852 3003 3012 3068 Quod
3040 3003 3086 3056 si
3111 3004 3196 3069 lit,
3224 3001 3406 3056 altero
3428 3017 3564 3072 quo-

1931 3122 2042 3176 que
2077 3102 2306 3157 biennio
2335 3117 2466 3156 eam
2497 3098 2944 3154 sollicitudinem
2963 3095 3218 3166 recipiet,
3253 3101 3311 3149 et
3351 3099 3478 3166 post
3504 3094 3565 3149 id

1933 3197 2160 3251 ﬁnitum
2190 3195 2424 3250 omnino
2453 3211 2518 3248 ea
2548 3193 2800 3258 desistat,
2823 3195 2960 3244 tunc
2989 3189 3224 3242 demum
3245 3203 3442 3242 rursus
3471 3185 3566 3242 de-

1932 3291 2125 3344 fensor
2149 3289 2394 3354 futurus,
2423 3302 2554 3340 eum
2584 3287 2701 3355 ipse
2726 3300 2857 3338 eum
2885 3282 3131 3336 circulus
3177 3281 3238 3334 in
3285 3281 3438 3334 hunc
3471 3295 3562 3334 re-

1931 3383 2158 3438 duxerit
2184 3381 2462 3446 ordinem,
2483 3396 2554 3432 ne
2571 3380 2845 3448 perpetua
2865 3376 2985 3446 ejus
3009 3373 3405 3428 sollicitudinis
3423 3389 3562 3428 cou-

1931 3477 2267 3543 tinuatione,
2299 3479 2356 3528 et
2378 3471 2734 3527 fraudulenta
2763 3486 2864 3543 per
2889 3468 3114 3538 singula
3134 3467 3364 3521 biennia
3406 3482 3568 3520 reno-

1932 3569 2176 3636 vatione,
2208 3567 2490 3637 aliquibus
2520 3563 2789 3634 priedicta
2835 3559 3249 3616 administratio
3283 3574 3462 3629 usque
3504 3559 3566 3613 in

1933 3663 2222 3719 inﬁnitum
2254 3658 2612 3714 extendatur.
2644 3656 2738 3710 His
2765 3654 3028 3710 omnibus
3056 3653 3116 3707 in
3160 3668 3328 3707 omne
3379 3667 3566 3707 aevum

1935 3755 2320 3813 obtinentibus
2354 3749 2816 3824 quandoquidem
2844 3764 3067 3802 summo
3096 3763 3227 3800 eum
3250 3745 3438 3800 studio
3478 3761 3564 3814 ea,

1937 3855 1996 3906 et
2019 3847 2326 3921 vigilantia,
2359 3850 2417 3900 et
2448 3843 2669 3900 Domini
2714 3842 2810 3897 Dei
2849 3858 2984 3913 erga
3025 3857 3128 3895 nos
3170 3837 3568 3894 benevolentia

1935 3943 2348 4008 adinvenimus,
2364 3939 2682 4009 nostrisque
2703 3935 2938 3991 subditis
2960 3934 3420 3990 condonavimus.
3435 3933 3564 3988 Dat.

1937 4055 2027 4094 xv:
2055 4037 2176 4092 Kal.
2206 4039 2350 4107 Aug.
2379 4031 2668 4088 Constant.
2704 4029 2854 4085 Bilis.
2885 4046 2938 4084 v.
2971 4045 3020 4084 c.
3054 4045 3207 4084 cons.

2508 4143 2818 4199 NOVELLA
2856 4143 2989 4196 XVI.

1943 4243 2011 4297 Ut
2037 4240 2219 4295 clerici
2246 4253 2312 4290 ea:
2341 4251 2453 4289 una
2482 4233 2702 4288 ecclesia
2745 4235 2805 4286 in
2841 4232 3012 4284 aliam
3048 4230 3462 4298 transferantur
3493 4227 3568 4286 ad

2063 4307 2423 4380 supplendum
2452 4305 2807 4374 deﬁcientium
2837 4307 3104 4357 statutum
3129 4317 3432 4357 numerum.

2010 4408 2164 4462 ldem
2193 4407 2502 4476 imperator
2526 4401 2827 4456 Anthemio
2865 4400 3236 4454 sacratissimo
3277 4404 3334 4456 et
3361 4399 3568 4454 beatis-

1939 4503 2081 4558 simo
2110 4497 2535 4569 archiepiscopo
2571 4493 3198 4565 ConstantinOpolitano
3232 4496 3290 4548 et
3324 4492 3571 4547 universi

190 4595 387 4654 cetur,
420 4589 558 4644 sciat
581 4589 674 4644 ille
691 4592 944 4664 quinque
971 4611 1030 4648 se
1059 4594 1337 4648 librarum
1365 4595 1488 4650 auri
1511 4611 1738 4664 poenam
1757 4610 1846 4648 su-
1863 4607 1923 4678 D
1946 4596 2066 4668 ejus
2096 4595 2305 4648 tractus
2333 4589 2689 4661 patriarchae.

187 4682 248 4736 bi
261 4687 485 4751 turum,
510 4688 567 4738 et
586 4684 958 4742 nihilominus
971 4689 1156 4759 postej
1166 4706 1229 4742 us
1251 4688 1508 4760 pecunia:
1528 4689 1587 4742 in
1599 4688 1837 4742 civitatis

189 4793 378 4847 opera
409 4794 648 4832 cessurae
672 4780 1048 4851 exactionem,
1072 4783 1391 4852 cogendum
1413 4782 1726 4837 defensoris
1751 4798 1844 4837 ex-

188 4870 405 4941 pedire
428 4871 888 4928 sollicitudinem.
910 4877 1186 4931 Convenit
1203 4877 1377 4944 enim,
1398 4883 1464 4931 ut
1493 4877 1842 4931 honestiores

189 4965 423 5035 quique
451 4965 788 5036 civitatibus,
817 4985 959 5039 quas
996 4971 1272 5042 incolunt,
1305 4987 1540 5042 operam
1579 4975 1634 5026 et
1666 4970 1839 5024 mini-

186 5059 448 5112 sterium
475 5077 642 5114 suum
673 5062 998 5132 exhibeant,
1027 5069 1085 5118 et
1104 5065 1247 5120 hanc
1267 5065 1684 5136 quodammodo
1711 5064 1845 5136 ipsis

185 5167 304 5222 pro
339 5151 596 5208 incolatu
627 5155 873 5224 gratiam
900 5157 1239 5228 rependant.
1281 5161 1415 5222 Quae
1459 5159 1637 5230 igitur
1684 5157 1846 5212 nobis

185 5247 566 5316 placuerunt,
594 5253 652 5302 et
675 5265 778 5319 per
808 5249 954 5304 hanc
983 5268 1199 5306 sacram
1223 5251 1623 5323 exprimuntur
1640 5253 1846 5323 legem,

189 5355 262 5392 ea
320 5340 552 5396 studeat
597 5343 930 5398 excellentia
975 5351 1072 5399 tua
1115 5362 1220 5416 per
1267 5346 1584 5416 provincias
1643 5347 1850 5416 quibus

186 5439 442 5504 praeest,
473 5436 716 5506 propriis
743 5438 1036 5493 destinatis
1049 5440 1422 5510 jussionibus,
1447 5439 1749 5494 manifesta
1775 5440 1853 5494 fa-

188 5543 358 5594 cere,
395 5531 462 5582 ut
489 5545 687 5584 omnes
716 5538 1063 5602 cognoscant
1088 5533 1240 5604 quod
1273 5536 1330 5586 et
1357 5533 1628 5602 maxima,
1654 5539 1710 5587 et
1731 5550 1848 5588 me-

189 5619 450 5691 diocria,
486 5629 542 5677 et
572 5623 813 5678 minima
841 5642 1006 5696 seque
1038 5625 1198 5680 nobis
1223 5641 1374 5679 curae
1411 5625 1544 5694 sint,
1597 5626 1854 5699 nihilque

188 5715 331 5786 ejus
369 5717 598 5786 generis
625 5733 659 5771 a
678 5718 1057 5773 sollicitudine
1087 5724 1278 5772 nostra
1302 5735 1716 5774 removeamus.

269 5814 550 5865 Assumet
575 5826 708 5866 vero
729 5813 1062 5869 excellentia
1083 5819 1178 5868 tua
1201 5818 1258 5868 et
1275 5812 1380 5866 hoc
1398 5812 1457 5866 in
1488 5815 1714 5884 partem
1737 5809 1857 5868 tua-

187 5919 341 5960 rum
354 5903 706 5980 jussionum,
728 5905 918 5976 utjani
935 5909 1070 5962 inde
1087 5907 1300 5962 scilicet
1316 5906 1573 5981 gentium
1585 5907 1858 5980 praesides

546 6000 822 6069 ΡΑΤιιοι..
868 6003 1106 6071 LXXII.

2010 4691 2216 4758 Legem
2240 4700 2422 4756 nuper
2437 4682 2506 4736 de
2530 4697 2793 4736 mensura
2807 4679 3230 4735 ordinationum
3247 4678 3576 4751 conscripsi-

1941 4799 2092 4848 mus,
2120 4779 2384 4852 quodque
2406 4793 2512 4830 nec
2553 4775 2612 4829 in
2655 4776 3009 4829 sacrosancta
3057 4773 3273 4843 majore
3319 4773 3568 4843 ecclesia,

1944 4891 2127 4948 neque
2149 4874 2208 4928 in
2239 4871 2364 4926 aliis
2393 4870 2594 4926 effusas
2614 4885 2707 4923 eas
2739 4883 2859 4922 esse
2891 4866 3206 4921 conveniat.
3241 4867 3419 4930 Quam
3437 4883 3572 4921 sane

1942 4976 2123 5027 ratam
2147 4982 2398 5034 manere,
2423 4968 2481 5019 et
2503 4980 2604 5035 pro
2625 4961 2887 5016 universo
2903 4976 3005 5014 suo
3031 4965 3224 5015 tenore
3239 4959 3572 5014 ﬁrmitatem

1945 5065 2200 5120 obtinere
2228 5060 2542 5116 etiamnum
2565 5055 2845 5111 volumus.
2877 5053 3152 5118 Quoniam
3173 5069 3306 5108 vero
3331 5051 3576 5108 intendi-

1946 5175 2074 5214 mus
2102 5154 2488 5210 ordinationes
2508 5152 2567 5205 in
2586 5155 2805 5204 arctum
2831 5148 3181 5215 contrahere,
3213 5147 3459 5219 indeque
3484 5163 3579 5202 ex-

1949 5266 2255 5325 pensarum
2281 5245 2712 5318 exuperantiam
2737 5243 2807 5297 ad
2836 5241 3182 5296 mediocrem
3214 5247 3271 5296 et
3310 5239 3575 5296 tolerabi-

1951 5347 2064 5400 lem
2101 5341 2478 5416 quantitatem
2506 5340 2868 5392 sacrosanctae
2895 5334 3096 5406 majori
3133 5334 3383 5390 ecclesiae
3410 5335 3578 5390 redu-

1951 5456 2098 5508 cere,
2129 5454 2241 5508 quo
2272 5433 2455 5505 magis
2476 5436 2805 5502 sumptuum
2829 5428 2910 5484 illi
2937 5427 3243 5483 multitudo
3269 5428 3579 5499 minuatur,

1953 5537 2254 5606 propterea
2285 5546 2387 5600 per
2423 5543 2620 5582 omnes
2645 5523 2898 5595 undique
2925 5522 3043 5576 vias
3073 5523 3422 5590 aberrantes,
3451 5526 3579 5576 tan-

1954 5627 2084 5682 dem
2109 5626 2180 5679 ad
2208 5625 2356 5679 hanc
2377 5622 2548 5676 etiam
2576 5620 2920 5691 praesentem
2970 5617 3158 5688 legem
3201 5615 3581 5688 pervenimus,

1957 5735 2070 5774 non
2111 5719 2343 5790 quidem
2395 5717 2560 5788 plane
2595 5713 2874 5768 diversam
2917 5728 2951 5765 a
2981 5711 3190 5782 priore,
3234 5709 3332 5764 sed
3361 5722 3488 5779 quae
3515 5722 3586 5761 ex

1957 5813 2162 5870 eodem
2186 5811 2436 5884 profecta
2459 5809 2745 5880 proposto,
2790 5804 3095 5878 aliquando
3124 5801 3370 5875 amplius
3395 5814 3587 5856 sacro-

1957 5909 2166 5964 sancta:
2187 5903 2392 5980 majori
2411 5903 2677 5979 prodesse
2699 5899 2877 5978 possit
2899 5896 3167 5957 ecclesia.
