4088 6504
567 393 660 448 971

635 499 925 556 Sancimus
954 497 1126 566 enim,
1153 496 1198 550 si
1243 495 1304 551 in
1327 511 1442 550 una
1469 495 1658 566 aliqua
1701 496 2177 548 sacrosanctarum

567 591 946 656 ecclesiarum,
977 605 1218 660 quarum
1237 587 1777 643 administrationem
1805 584 1972 638 simul
2003 587 2060 637 et
2077 599 2177 638 ex-

557 699 757 755 pensas
789 681 990 736 eadem
1019 687 1366 736 sacrosancta
1415 681 1598 750 major
1649 678 1875 734 ecclesia
1919 677 2176 742 sustinet,

557 775 972 847 presbyterum,
1000 776 1101 828 aut
1129 774 1448 838 diaconum,
1479 775 1578 826 aut
1603 772 1890 838 lectorem,
1921 774 2020 823 aut
2042 785 2175 823 can-

558 871 742 921 torem
768 865 913 920 mori
927 865 1244 934 contigerit,
1266 882 1338 919 ne
1357 864 1542 918 statim
1567 863 1710 917 alius
1730 862 2078 916 extrinsecus
2099 860 2179 914 in-

557 959 905 1024 troducatur,
933 957 1029 1012 sed
1056 957 1214 1028 prius
1247 957 1532 1010 beatitudo
1557 958 1657 1008 tua
1686 954 1970 1025 despiciat,
2005 969 2178 1024 quam

561 1066 802 1120 magnus
820 1049 1007 1103 adhuc
1020 1048 1426 1103 venerabilium
1445 1048 1778 1102 clericorum
1798 1047 2175 1114 sit‘numerus,

559 1141 657 1214 qui
704 1142 816 1196 illic
855 1141 1197 1195 ministrant.
1227 1143 1304 1195 Ac
1329 1140 1374 1194 si
1397 1140 1650 1195 nondum
1679 1139 1908 1210 quidem
1943 1138 2175 1192 clerico-

558 1249 689 1289 rum
707 1250 978 1288 numerus
995 1233 1316 1288 deminutus
1329 1237 1432 1298 est,
1447 1233 1543 1287 sed
1571 1249 1682 1303 quo
1696 1231 1768 1285 ad
1785 1247 2088 1285 numerum
2108 1231 2177 1283 ab

561 1326 721 1382 initio
769 1326 1063 1381 definitum
1115 1330 1171 1380 et
1227 1325 1306 1394 (ut
1341 1328 1556 1394 vocant)
1606 1328 1901 1392 statutum,
1950 1323 2176 1394 quidam

559 1420 874 1474 etiamnum
887 1419 1262 1489 superﬂuunt,
1279 1435 1350 1472 ne
1367 1434 1476 1488 qua
1494 1417 1552 1471 in
1576 1417 1696 1486 ejus
1718 1417 1900 1470 locum
1927 1415 2178 1469 institua-

560 1516 654 1567 tur
677 1511 973 1579 ordinatio,
1003 1511 1176 1565 donec
1203 1527 1475 1564 numerus
1503 1509 1610 1564 sibi
1635 1509 1738 1578 ipsi
1757 1508 2098 1562 restituatur.
2123 1506 2178 1561 Si

561 1619 692 1658 vero
708 1602 1010 1656 multitudo
1027 1603 1102 1656 ita
1119 1601 1406 1656 deminuta
1433 1605 1534 1669 est,
1557 1605 1622 1654 ut
1641 1599 1698 1654 in
1723 1599 1970 1654 defuncti
1989 1599 2177 1652 locum

559 1695 734 1750 alium
753 1695 1018 1748 clericum
1043 1693 1321 1748 introduci
1343 1710 1569 1747 necesse
1597 1694 1687 1758 sit,
1721 1709 1794 1746 ne
1817 1691 1951 1763 quid
1971 1693 2176 1744 statuto

560 1787 722 1856 desit,
757 1787 1046 1841 beatitudo
1074 1791 1171 1840 tua
1208 1785 1481 1856 dispiciat,
1511 1803 1584 1839 an
1609 1785 1746 1840 citra
1773 1789 2176 1838 sacrosanctam

1698 385 1948 442 SECULI
1984 381 2174 440 SEXTI
2212 382 2762 440 SUPPLEMENTUM.

3878 376 3972 428 972

2283 493 2572 558 naturam,
2589 505 2902 560 serumque
2923 487 3242 544 femineum
3256 483 3646 542 contumelia
3661 481 3976 538 afﬂeienti-

2277 583 2400 650 bus,
2421 583 2582 655 quasi
2595 599 2710 639 non
2725 586 2780 637 et
2793 581 2913 654 ipse
2931 598 2964 636 a
2984 581 3106 636 Deo
3123 583 3351 636 creatus
3368 579 3469 645 sit,
3486 580 3604 632 aut
3635 575 3975 648 generatio-

2277 676 2334 730 ni
2357 676 2572 746 aliquid
2590 677 2866 741 conferat,
2888 673 2989 728 sed
3009 673 3172 744 quasi
3204 673 3477 743 abjectus
3500 673 3570 724 et
3591 669 3972 740 ignominio-

2277 785 2369 822 sus
2401 771 2556 822 extra
2579 784 2814 822 omnem
2849 765 3250 837 dignationem
3291 781 3359 818 ac
3393 765 3726 818 honorem
3779 760 3972 814 haberi

2276 861 2499 914 debeat.
2533 859 2828 914 Sancirnus
2858 859 3037 928 igitur
3064 874 3166 928 per
3183 859 3338 912 hanc
3361 872 3616 911 sacram
3652 855 3888 924 legem,
3923 859 3973 907 ut

2275 956 2333 1007 et
2349 952 2500 1023 apud
2519 951 2820 1006 Armenios
2849 951 3152 1006 occasione
3172 948 3576 1005 successionis
3603 947 3974 1002 feminarum

2278 1045 2480 1099 eadem
2499 1043 2807 1110 obtineant,
2827 1059 2955 1114 quin
2973 1042 3194 1114 etapud
3209 1060 3334 1109 nos,
3350 1058 3567 1113 neque
3587 1041 3714 1094 ulla
3740 1039 3820 1093 sit
3837 1039 3980 1094 inter

2277 1153 2496 1192 marem
2507 1139 2564 1191 et
2575 1135 2850 1190 feminam
2865 1135 3212 1202 differentia,
3240 1135 3340 1190 sed
3357 1151 3484 1206 qua
3501 1133 3778 1206 quidem
3793 1134 3978 1188 forma

2276 1229 2426 1283 inter
2445 1234 2669 1284 nostros
2689 1229 3064 1284 constitutum
3090 1231 3198 1294 est,
3220 1233 3286 1282 ut
3310 1227 3726 1300 parentibus,
3753 1227 3876 1280 hoc
3903 1232 3980 1280 est

2275 1321 2446 1392 patri,
2466 1321 2772 1388 mari,avo,
2797 1321 2956 1388 avias,
2989 1320 3572 1391 remotioribusque,
3601 1319 3768 1374 item
3800 1323 3981 1390 poste-

2275 1415 2374 1481 ris,
2396 1414 2503 1468 hoc
2521 1419 2606 1468 est
2625 1414 2763 1480 filio,
2779 1413 2911 1467 filiae
2925 1413 3260 1479 succedant,
3279 1412 3640 1467 etvicissim
3657 1412 3816 1483 ipsis
3841 1413 3978 1484 quo-

2277 1523 2386 1578 que
2409 1506 2759 1572 succedatur,
2785 1505 2864 1560 ita
2885 1509 2942 1559 et
2972 1505 3125 1576 apud
3156 1506 3315 1578 ipsos
3339 1505 3437 1572 sit,
3461 1522 3688 1576 neque
3715 1505 3982 1560 Armeni-

2275 1598 2869 1669 caalegesaRomanis
2889 1598 3176 1652 differant.
3211 1599 3361 1652 Nam
3399 1598 3450 1652 si
3487 1599 3570 1653 de
3605 1602 3832 1653 nostra
3861 1604 3987 1653 sunt.

2275 1691 2583 1762 republica,
2603 1690 2648 1744 si
2669 1691 2923 1744 serviunt
2939 1707 3004 1744 ex
3026 1707 3194 1760 aequo
3217 1691 3390 1745 nobis
3405 1708 3554 1745 cum
3573 1695 3742 1745 certe
3753 1692 3834 1745 ris
3849 1709 3986 1762 gen-

2274 1783 2443 1850 tibus,
2473 1783 2521 1837 si
2545 1783 2811 1838 omnibus
2846 1783 3057 1838 nostris
3081 1783 3495 1854 perfruuntur,
3522 1783 3834 1855 nunquid
3860 1785 3988 1839 sole

558 1879 838 1949 majorem
863 1879 1156 1933 ecclesiam
1178 1878 1436 1948 ejusdem
1468 1877 1680 1932 ordinis
1710 1877 1943 1930 clericus
1970 1875 2026 1928 in
2055 1875 2177 1928 aliis
2197 1871 2252 1942 B
2277 1876 2428 1946 apud
2449 1875 2597 1946 ipsos
2620 1875 2851 1930 feminas
2873 1893 2906 1929 a
2926 1875 3092 1930 nobis
3120 1875 3472 1930 introducta
3493 1877 3907 1948 expellentur
3927 1895 3990 1931 (r-

561 1970 805 2026 ecclesiis
826 1971 1143 2025 inveniatur
1164 1970 1503 2040 superﬂuus,
1528 1975 1583 2024 et
1601 1969 1802 2025 exinde
1827 1969 1883 2022 in
1899 1967 2181 2022 demortui

561 2063 747 2118 locum
772 2063 946 2116 alium
977 2063 1249 2132 sublegat,
1277 2078 1388 2116 non
1413 2065 1605 2115 autem
1645 2077 1850 2115 novam
1885 2059 2181 2114 ordinatio-

561 2169 691 2210 nem
718 2154 978 2208 celebret.
1013 2155 1089 2208 Eo
1116 2154 1270 2208 enim
1298 2158 1462 2224 pacto
1499 2153 1546 2206 si
1579 2153 1654 2221 id,
1687 2153 1775 2207 cui
1813 2152 1991 2220 deest,
2019 2168 2087 2206 ex
2115 2167 2180 2206 eo

563 2247 908 2318 suppleatur,
941 2247 1033 2300 cui
1060 2246 1374 2316 superﬂuit,
1403 2247 1547 2300 bella
1579 2247 1836 2316 quadam
1863 2260 2044 2314 neque
2070 2246 2180 2298 Deo

561 2339 785 2410 ingrata
808 2338 1275 2393 commensuratio
1291 2337 1616 2408 imponetur
1640 2337 1888 2407 negotio,
1913 2341 1965 2391 et
1991 2353 2178 2390 sacro-

563 2435 750 2486 sancta
766 2431 946 2500 major
958 2431 1189 2484 ecclesia
1210 2431 1480 2501 paulatim
1501 2446 1612 2484 tere
1630 2429 1814 2483 alieno
1829 2429 2178 2483 liberabitur.

561 2521 784 2595 Alioqui
811 2524 854 2576 si
875 2523 950 2590 id,
975 2523 1247 2588 cuideest,
1263 2522 1577 2576 forensibus
1592 2521 2181 2592 superinductionibus

562 2618 907 2688 suppleatur,
931 2616 986 2669 id
1003 2632 1129 2669 vero
1153 2615 1240 2669 cui
1264 2614 1556 2685 superﬂuit
1584 2631 1696 2668 non
1717 2614 2024 2680 minuatur,
2054 2613 2177 2667 lon-

563 2723 700 2780 gum
735 2715 790 2763 et
815 2707 1097 2762 intinitum
1129 2707 1394 2778 temporis
1426 2707 1667 2778 spatium
1697 2707 1973 2774 decurret,
2005 2706 2181 2760 donec

562 2817 728 2856 omne
754 2801 830 2867 id,
855 2800 1005 2870 quod
1029 2799 1296 2865 abundat,
1327 2799 1706 2853 deminuatur.
1726 2799 1841 2853 Tua
1864 2798 2177 2868 igiturbea-

561 2893 744 2948 titudo
771 2909 835 2946 ea
863 2907 990 2962 quin
1007 2891 1270 2945 decenter
1281 2891 1443 2944 nobis
1458 2896 1692 2962 propter
1707 2896 2180 2945 sacrosanctarum

563 2985 924 3040 ecclesiarum
942 2983 1236 3037 utilitatem
1257 2985 1609 3054 placuerunt,
1630 2983 1851 3037 effectui
1874 2989 1930 3038 et
1949 2983 2047 3036 fini
2071 2987 2180 3037 tra-

563 3078 698 3132 dere
713 3077 947 3130 studeat.
968 3075 1094 3129 Etsi
1121 3077 1252 3146 quid
1281 3077 1400 3130 haec
1428 3082 1622 3130 contra
1647 3076 1760 3142 ﬁat,
1783 3076 1922 3130 scire
1952 3091 2178 3130 necesse

563 3175 662 3238 est,
695 3185 825 3224 eum
853 3169 949 3238 qui
975 3174 1162 3222 contra
1191 3169 1336 3222 lianc
1369 3172 1618 3222 nostram
1644 3169 1827 3240 legem
1869 3168 2174 3224 ordinatio-

2278 1967 2608 2038 quabilitate
2621 1967 2648 2021 ?
2661 1967 2767 2022 Sed
2781 1967 2838 2020 in
2860 1967 2983 2038 pari
3003 1967 3158 2038 apud
3175 1984 3385 2021 omnes
3399 1969 3868 2024 observatione
3886 1970 3994 2024 sint

2277 2061 2432 2131 leges
2452 2065 2680 2127 nostra),
2698 2060 2812 2114 sive
2840 2076 2980 2130 quas
3002 2077 3068 2114 ex
3085 2065 3354 2114 veterum
3381 2060 3566 2114 libris
3597 2063 3989 2134 collegimus,

2279 2155 2336 2207 et
2380 2153 2438 2206 in
2481 2152 2687 2206 nostris
2724 2152 3181 2207 Institutionibus
3231 2159 3292 2208 et
3347 2153 3629 2224 Digestis
3681 2156 3991 2210 ordinavi-

2279 2261 2426 2312 mus,
2452 2245 2564 2298 sive
2593 2261 2722 2316 quae
2755 2261 2820 2298 ex
2851 2245 3226 2315 imperatoria
3255 2247 3612 2314 sanctione,
3653 2254 3801 2303 tam
3839 2249 3994 2321 prio-

2277 2353 2407 2392 rum
2440 2336 2764 2408 principum
2800 2353 2975 2408 quam
3015 2341 3232 2405 nostra,
3267 2339 3645 2410 subscrime
3678 2346 3855 2396 sunt.

2347 2431 2703 2500 Quapropter
2729 2429 2923 2484 omnia
2947 2429 3090 2498 hinc,
3117 2447 3184 2484 ex
3215 2430 3404 2484 initiis
3433 2435 3797 2502 praesentis
3833 2451 3997 2506 quar-

2279 2522 2592 2576 teedecimae
2613 2521 2961 2589 indictionis,
2985 2525 3042 2576 et
3073 2522 3255 2592 ipsius
3289 2540 3411 2594 qua
3439 2524 3618 2580 hanc
3658 2529 3995 2583 conscribi-

2279 2630 2403 2668 mus
2428 2615 2640 2684 legem,
2674 2618 2900 2685 sumpto
2921 2614 3228 2686 principio,
3253 2615 3312 2669 in
3338 2633 3528 2671 omne
3554 2634 3786 2675 arvum
3807 2623 3999 2676 valere

2279 2706 2584 2760 sancimus.
2607 2708 2811 2760 Vetera
2843 2707 2999 2761 enim
3029 2707 3312 2762 curiosius
3351 2711 3776 2780 perquirere,
3833 2719 3894 2768 et
3933 2713 3998 2768 ad

2277 2799 2568 2870 praeterita
2581 2799 2704 2868 jam
2726 2802 2988 2870 tempora
3013 2816 3340 2868 recurrere,
3369 2804 3796 2862 confusionis
3809 2808 4002 2879 potius

2279 2907 2452 2962 quam
2486 2891 2854 2960 legislationis
2885 2894 2991 2947 est.
3026 2893 3140 2948 Sed
3173 2895 3257 2963 (ut
3279 2893 3588 2968 diximus)
3620 2898 3770 2968 jam
3807 2900 3951 2954 inde
3977 2917 4005 2953 a

2277 2983 2632 3054 temporibus
2666 2985 2968 3054 praesentis
2997 2986 3491 3055 quartusdecimus
3532 2989 3933 3048 indictionis
3961 3003 4008 3047 et

2275 3075 2469 3146 ipsius,
2499 3077 2558 3130 in
2585 3092 2757 3130 omne
2783 3077 3074 3148 reliquum
3095 3082 3358 3150 tempus,
3390 3081 3552 3152 ipsas
3579 3085 3870 3156 quidem
3894 3105 4008 3140 suc-

2278 3170 2560 3223 cessiones
2591 3169 2802 3224 similes
2825 3173 2994 3225 sunto
3027 3170 3095 3224 iis
3126 3187 3260 3242 quae
3290 3190 3692 3248 quacunque
3721 3197 3808 3235 ex
3836 3197 4010 3235 causa

563 3278 698 3316 nem
726 3261 1002 3332 suscipere
1031 3277 1200 3314 ausus
1220 3262 1409 3330 fuerit,
1437 3261 1588 3332 quod
1617 3261 1828 3314 nullam
1858 3227 2252 3315 exindeuti-C
2275 3261 2347 3316 ad
2367 3263 2783 3316 successionem
2808 3263 3124 3333 pertinent,
3155 3267 3484 3336 aequaliter
3503 3227 3651 3325 tein
3687 3274 3872 3330 inter
3892 3292 4009 3328 mu-

561 3355 771 3410 litatem
794 3353 1039 3422 habebit,
1071 3370 1252 3424 neque
1265 3354 1608 3408 venerabiles
1625 3354 1901 3408 (economi
1932 3371 2053 3408 eam
2074 3353 2178 3408 im—

558 3464 812 3520 pensam,
840 3462 967 3517 quae
998 3446 1056 3500 in
1085 3445 1230 3500 hanc
1275 3451 1491 3516 partem
1521 3446 1602 3511 ﬁt,
1644 3447 1702 3499 in
1733 3447 1974 3500 rationes
2001 3462 2178 3500 sacro-

561 3545 765 3595 sanctae
797 3537 1027 3608 majoris
1053 3537 1300 3592 ecclesiae
1328 3538 1595 3605 referent,
1631 3536 1727 3591 sed
1752 3537 2021 3592 damnum
2047 3537 2175 3593 inde

560 3647 856 3702 emergens
874 3629 980 3700 ipsi
1008 3621 1336 3699 agnoscent,
1359 3645 1462 3698 per
1481 3629 1804 3700 semetipsos
1831 3630 1980 3683 hunc
1995 3645 2178 3684 socor-

559 3723 668 3778 diae
693 3738 809 3777 suae
837 3722 1083 3776 fructum
1111 3719 1476 3790 'recipientes.
1534 3721 1656 3774 Dat.
1697 3721 1882 3776 Idibus
1915 3723 2173 3792 Augusti,

561 3814 988 3884 Constantinop.
1017 3819 1140 3884 post
1178 3813 1532 3866 consulatum
1580 3813 1826 3867 Belisarii
1862 3829 1916 3868 v.
1954 3831 2002 3869 c.
2051 3816 2172 3869 Dat.

559 3923 672 3964 xvn
700 3908 818 3963 Kal.
841 3911 986 3978 Aug.
1015 3906 1305 3961 Constant.
1333 3904 1389 3960 d.
1417 3921 1478 3960 n.
1510 3905 1658 3960 Bilis.
1685 3922 1737 3960 v.
1765 3923 1814 3960 c.
1849 3923 2000 3961 cons.

1141 4020 1446 4076 NOVELLA
1475 4021 1600 4076 XXI.

559 4118 636 4171 De
657 4115 952 4178 Armeniis,
975 4119 1040 4188 ut
1067 4119 1118 4167 et
1141 4115 1251 4182 ipsi
1268 4129 1370 4238 μὲν
1389 4117 1572 4168 omnia
1592 4116 1859 4170 Romanas
1879 4119 2176 4184 sequantur

1342 4198 1450 4238 aes.

1341 4198 1450 4252 ges.

630 4281 940 4349 Imperator
977 4276 1320 4332 Justinianus
1367 4280 1649 4346 Augustus
1689 4276 1885 4330 Acacio
1918 4277 2175 4348 magniﬁ-

559 4371 874 4428 centissimo
899 4368 1219 4441 proconsuli
1247 4368 1546 4424 Armenize.
1829 4419 1833 4424 .

629 4463 930 4536 Cupientes
952 4468 1012 4517 ut
1029 4462 1420 4516 Armeniorum
1442 4459 1726 4532 provincia
1755 4461 1996 4531 perfecte
2011 4462 2173 4518 bonis

2274 3355 2438 3409 lieres
2451 3371 2623 3426 quam
2645 3355 2818 3410 etiam
2845 3357 2995 3412 viros
3021 3357 3091 3412 de
3109 3361 3326 3413 czetero
3345 3361 3815 3422 observandis.
3846 3369 4012 3434 Quod

2273 3463 2406 3501 vero
2429 3448 2554 3516 jam
2586 3451 2719 3502 ante
2741 3449 2973 3517 exstitit,
3003 3449 3062 3503 id
3078 3449 3428 3506 universum
3457 3453 3524 3508 in
3559 3457 3800 3528 priore
3819 3462 4014 3514 forma

2273 3555 2509 3594 manere
2541 3540 2800 3609 sinimus,
2831 3541 2947 3596 sive
2981 3541 3040 3595 in
3074 3541 3143 3596 iis
3175 3543 3409 3600 factum
3439 3551 3542 3602 est
3575 3553 3859 3620 praediis
3890 3572 4017 3626 qua:

2273 3632 2538 3703 princeps
2569 3633 2704 3687 olim
2739 3633 2971 3704 generis
3001 3635 3240 3690 familiae
3277 3654 3404 3692 suae
3463 3641 3860 3716 adscripsit,
3905 3649 4015 3700 sive

2273 3723 2331 3778 in
2363 3725 2486 3778 aliis
2515 3726 2732 3779 nullam
2759 3726 3104 3780 habentibus
3145 3732 3692 3791 communionem
3729 3739 4020 3794 femineis

2273 3817 2530 3887 personis
2557 3817 2615 3871 in
2643 3818 2732 3872 his
2757 3819 2989 3889 praediis
3020 3835 3150 3890 quae
3173 3821 3402 3876 insulse
3436 3832 3888 3900 genearchia;
3919 3835 4016 3888 bo:

2273 3910 2701 3982 estaprincipe
2741 3911 2880 3965 olim
2936 3913 3170 3982 generis
3219 3915 3486 3972 familiae
3539 3937 3690 3978 suae
3751 3929 4019 3998 ascripta

2271 4002 2527 4070 laudant,
2556 4007 2658 4056 aut
2682 4004 3143 4059 successionibus
3170 4023 3305 4077 quae
3327 4025 3537 4081 usque
3563 4016 3654 4071 ad
3679 4017 4021 4075 decimam-

2271 4095 2499 4150 tertiam
2540 4095 2916 4150 indictionem
2966 4100 3024 4150 et
3066 4098 3260 4169 ipsam
3311 4101 3776 4166 obvenerunt.
3838 4114 3958 4168 Sed
4001 4133 4025 4168 ε

2270 4188 2540 4258 praedicto
2552 4191 2832 4260 tempore,
2851 4189 2960 4244 hoc
2975 4195 3060 4244 est
3073 4207 3106 4244 a
3127 4190 3622 4267 decimaquarta
3642 4203 4021 4262 indictione.

2271 4281 2460 4335 valere
2501 4297 2570 4336 ea
2610 4297 2738 4352 quae
2780 4299 2814 4336 a
2857 4282 3024 4336 nobis
3055 4285 3384 4341 constituta
3431 4297 3624 4363 sunt,
3678 4301 4023 4356 sancimus.

2273 4373 2410 4438 Quae
2435 4372 2613 4444 igitur
2639 4374 2804 4429 nobis
2829 4375 3190 4445 placuerunt,
3215 4383 3276 4432 et
3297 4396 3422 4449 per
3444 4382 3636 4442 hanc
3665 4394 4027 4463 exprimun-

2269 4471 2366 4521 tur
2388 4466 2600 4536 legem,
2629 4483 2697 4520 ea
2721 4471 2842 4522 tam
2866 4468 3311 4538 magniﬁcentia
3334 4475 3475 4543 tua,
3517 4495 3739 4550 quam
3763 4487 3885 4558 qui
3911 4500 4029 4559 post

557 4563 790 4630 regatur
815 4555 1052 4660 Ῑίῗείξυδν
1078 4571 1260 4660 negt“:
1275 4554 1334 4658 in
1361 4554 1525 4656 “"0?
1549 4553 1766 4660 ιζξξιίίιηει
1780 4554 2000 4610 differat
2014 4572 2176 4628 ΓεΡΠ·
2191 4587 2252 4660 .D
2275 4559 2457 4631 i[istam
2487 4559 2758 4614 eumdem
2768 4561 3176 4631 magistratum
3193 4571 3561 4638 suscepturi
3598 4553 3810 4648 sunt,-
3825 4581 3894 4635 in
3911 4553 4029 4652 per-

557 4651 722 4721 blica,
772 4648 1052 4722 prioribus
1085 4647 1321 4701 sublatis
1364 4646 1707 4709 nominibus,
1751 4648 2014 4702 Romanis
2051 4665 2178 4704 eam

557 4741 980 4815 magistratibus
1022 4739 1437 4808 adornavimus,
1477 4745 1542 4794 ut
1589 4740 1846 4794 Romano
1885 4745 2180 4798 uterentur

555 4837 754 4892 habitu
779 4832 1198 4898 assuefecimus,
1218 4837 1282 4886 ut
1297 4831 1544 4903 denique
1561 4832 1688 4887 aliae
1701 4832 1854 4904 apud
1867 4833 2015 4904 ipsos
2025 4835 2177 4906 leges

555 4946 671 4986 non
701 4933 885 4984 essent
904 4942 1075 4999 quam
1096 4941 1238 4998 quas
1259 4925 1540 4980 Romanas
1559 4926 1874 4993 nominant,
1892 4928 2179 4983 constitui-

557 5039 705 5077 mus.
730 5019 968 5076 Proinde
989 5019 1193 5090 scripta
1213 5017 1380 5072 etiam
1408 5019 1531 5088 lege
1556 5017 1694 5072 illud
1717 5019 1865 5089 quod
1880 5036 2177 5091 perperam

559 5114 711 5186 apud
722 5131 817 5168 eos
840 5111 1208 5184 delinquitur,
1224 5111 1621 5182 corrigendum
1641 5111 2054 5182 putavimus,ne
2078 5114 2178 5168 sci-

558 5207 687 5261 licet
713 5223 869 5262 more
893 5204 1186 5260 barbarico
1215 5207 1515 5274 parentum
1551 5209 1606 5258 et
1624 5203 1884 5274 fratrum,
1907 5211 1964 5260 et
1979 5206 2176 5278 reliqui

561 5300 780 5370 generis
805 5297 1179 5353 successiones
1203 5295 1272 5349 ad
1301 5296 1447 5349 viros
1461 5296 1802 5368 pertineant,
1817 5297 1888 5353 ad
1911 5300 2176 5354 mulieres

561 5408 674 5445 non
699 5392 854 5460 item,
876 5399 1016 5445 neve
1034 5391 1121 5444 ha
1136 5389 1343 5461 absque
1357 5388 1484 5443 dote
1505 5390 1563 5443 in
1585 5389 1816 5444 domum
1830 5391 2016 5446 mariti
2030 5409 2178 5447 com-

559 5483 826 5556 migrent,
858 5489 956 5538 aut
981 5483 1050 5537 ab
1081 5482 1148 5536 iis
1168 5481 1517 5552 quibuscum
1543 5483 2006 5538 consuetudinem
2025 5485 2177 5540 habi-

555 5582 699 5632 turae
729 5582 859 5632 sunt
882 5577 1253 5639 redimantur,
1282 5573 1338 5628 id
1375 5575 1525 5644 quod
1563 5574 1744 5628 multo
1791 5577 1959 5630 etiam
1995 5579 2178 5648 magis

557 5670 844 5724 barbarice
877 5669 937 5722 in
975 5669 1124 5721 hunc
1164 5681 1343 5735 usque
1374 5667 1524 5720 diem
1555 5667 1806 5722 moribus
1843 5669 1994 5739 apud
2026 5670 2176 5740 ipsos

557 5767 986 5838 comprobatum
1011 5767 1115 5830 est,
1145 5775 1258 5814 non
1285 5759 1418 5830 ipsis
1441 5767 1664 5819 tantum
1693 5765 1798 5820 ista
1820 5765 2004 5820 ferino
2017 5783 2174 5823 more

560 5857 941 5930 Opinantibus,
954 5855 1054 5911 sed
1076 5859 1135 5910 et
1156 5853 1283 5907 aliis
1297 5853 1556 5924 gentibus
1576 5856 1653 5911 ita
1671 5857 2176 5916 debenestantibus

2276 4657 2514 4725 petuum
2554 4652 2862 4747 observare
2909 4653 3206 4711 studente.
3272 4659 3410 4714 Dat.
3469 4679 3564 4718 xv
3629 4669 3792 4728 Kal.
3855 4676 4026 4747 April.

2274 4745 2707 4817 Constantinop.
2738 4751 2867 4818 post
2894 4748 3050 4804 Bilis.
3083 4765 3138 4804 ν.
3173 4766 3224 4805 c.
3253 4767 3432 4808 cons.

2793 4843 3113 4901 NOVELLA
3149 4847 3409 4906 XXXVII.

2583 4936 2657 4989 De
2683 4935 2936 4990 Ecclesﬁs
2964 4938 3280 4992 constitutis:
3306 4941 3374 4993 in
3399 4941 3684 5010 Africa.

2341 5024 2741 5080 Venerabilem
2764 5027 3089 5097 ecclesiam,
3119 5031 3232 5084 etc.
3263 5030 3354 5086 Ab
3383 5037 3674 5098 Ariani:
3715 5046 3940 5104 ablata
3961 5066 4028 5104 ca-

2273 5117 2494 5188 piunto,
2529 5118 2750 5190 sibique
2787 5120 3037 5176 habento
3074 5123 3350 5179 Ecclesiae
3386 5129 3671 5205 Africae,
3721 5145 3805 5196 ut
3843 5148 4026 5198 tamen

2275 5211 2528 5282 publicas
2550 5229 2657 5283 pro
2690 5212 2802 5268 illis
2825 5214 3136 5285 pensiones
3155 5219 3522 5291 conferant,
3547 5229 3639 5283 ab
3665 5232 3922 5292 iisdem
3955 5255 4026 5292 ac-

2274 5305 2450 5374 ceptis
2493 5305 2880 5361 immobilibus
2922 5325 2955 5361 a
3003 5309 3241 5364 nemine
3274 5311 3646 5378 laedendis.
3699 5329 4030 5386 Ηωτρὶὶςυδ

2275 5413 2388 5492 non
2416 5397 2722 5468 baptizata,
2751 5399 2823 5454 ad
2855 5402 3283 5472 rempublicam
3304 5421 3441 5462 non
3488 5421 3854 5492 accedito,
3888 5433 4029 5480 cate-

2275 5491 2625 5545 chumenum
2652 5509 2768 5546 non
2790 5493 3411 5554 circumcidito.Nulla
3446 5513 3767 5570 omnino
3797 5491 4028 5573 lia-ares:

2276 5583 2517 5682 domum
2545 5589 2644 5682 aut
2675 5587 2863 5639 locum
2892 5587 3176 5642 orationis
3207 5589 3476 5650 habeto.
3517 5601 4028 5682 Carthaginian.

2275 5676 2350 5728 sis
2379 5677 2624 5730 Ecclesia
2648 5678 2944 5748 privilegia
2972 5680 3260 5748 obtineto,
3309 5701 3464 5754 quas
3533 5693 3610 5750 in
3675 5676 4024 5761 “gmw,

2275 5767 2346 5822 de
2377 5769 2641 5824 omnibus
2669 5771 2818 5825 dicta
2843 5775 2980 5826 sunt
3004 5775 3268 5830 ecclesiis
3295 5777 3360 5832 in
3399 5781 3698 5849 Codice.

2345 5860 2455 5925 Qui
2485 5861 2559 5918 ad
2581 5863 3126 5934 Carthaginiensem
3160 5870 3502 5932 ecclesiam
3539 5889 3970 5966 confugerit,
3999 5910 4026 5944 s
