4088 6426
96 390 103 416 l

167 385 257 435 973

1001 388 1361 443 JUSTINIANI
1404 389 1729 444 NUVELLAL'
1769 389 2100 444 SELECTA'I.
2145 390 2451 444 NOVELLA
2494 391 2646 446 XLII.

3408 395 3511 447 974

161 488 549 560 impunitatem
584 491 808 560 habeto,
849 493 956 548 nisi
999 495 1400 562 homicidium,
1431 499 1531 550 aut
1553 498 1780 566 raptum
1801 509 1860 580 Α
1879 496 2129 551 inducat.
2177 495 2474 552 Enimvero
2523 512 2708 568 neque
2755 496 3092 551 sententiam
3122 495 3275 567 juste
3315 505 3510 554 contra

161 581 402 654 virginis,
437 589 538 639 aut
562 585 675 639 vim
700 585 761 640 in
785 587 1168 643 Christianum
1187 587 1494 643 admiserit.
1526 588 1781 642 Ecclesiis

91 695 96 730 ι
161 675 348 731 Africae
375 677 447 731 ab
476 677 669 750 aliquo
695 696 798 750 pro
825 697 924 734 sua
957 680 1133 752 ipsius
1167 681 1346 736 salute
1391 681 1594 752 oblata,
1619 698 1651 736 a
1677 696 1780 736 ne-

92 791 94 823 ;
159 769 305 824 mine
332 787 562 842 prorsus
591 773 946 829 auferuntor.

229 864 332 920 Hoc
357 865 478 937 ipse
509 866 852 937 generaliter
872 867 940 922 de
968 866 1230 922 omnibus
1248 865 1496 923 ecclesiis
1521 867 1778 940 accipito.

723 982 1030 1037 NOVELLA
1055 983 1210 1038 XLII.

92 1071 94 1078 ’
166 1075 230 1130 Ut
250 1075 560 1136 Anthimus,
597 1075 844 1136 Severus,
873 1078 1083 1136 Petrus,
1113 1077 1328 1138 Zooras,
1357 1079 1409 1130 et
1441 1075 1645 1146 reliqui
1668 1077 1778 1131 h2-

385 1147 542 1200 retc'ci
568 1147 916 1200 ecclesiastico
951 1147 1130 1214 gradu
1159 1147 1543 1200 detrahantur.

229 1240 374 1294 Idem
402 1241 690 1309 Augustus
719 1239 934 1294 Menum
965 1239 1316 1293 sanctissimo
1363 1244 1420 1294 et
1455 1238 1779 1294 beatissimo

155 1331 564 1402 archiepiscopo
603 1331 1240 1402 Constantinopolitano,
1270 1331 1631 1403 universique
1659 1331 1781 1402 ejus

158 1430 360 1483 tractus
389 1427 748 1497 patriarchae.

226 1521 344 1574 Non
368 1519 654 1574 insolitam
671 1517 1050 1589 imperatorias
1077 1518 1354 1589 majestati
1377 1535 1498 1573 rem
1525 1521 1776 1590 agentes,

160 1613 226 1668 ad
265 1617 605 1684 praesentem
656 1605 843 1682 legem
893 1611 1277 1682 pervenimus.
1329 1611 1779 1682 Quotiescunque

159 1707 308 1761 enim
341 1705 697 1760 sacerdotum
739 1705 1029 1758 sententiae
1069 1705 1284 1775 aliquos
1321 1705 1418 1775 qui
1476 1704 1780 1759 sacerdotio

155 1799 371 1870 indigni
421 1802 610 1854 essent
659 1797 1094 1852 sacerdotalibus
1137 1798 1508 1853 deturbarunt
1555 1798 1780 1852 sedibus

1880 589 2152 644 Severum
2177 589 2616 660 promulgatam,
2655 595 2711 644 et
2740 606 2809 644 ex
2837 589 3098 644 omnibus
3129 590 3510 662 archiepisco-

1877 681 2096 754 palibus
2123 686 2178 736 et
2201 682 2672 753 patriarchalibus
2686 682 2912 738 sedibus
2933 699 3048 736 una
3067 698 3196 736 cum
3215 685 3515 754 prudentia

1881 774 2207 829 monachali
2231 775 2650 846 procedentem,
2685 781 2937 830 exortem
2963 777 3405 832 conﬁrmationis
3429 793 3514 832 re-

1883 867 1990 938 giae
2015 867 2310 937 efﬁcimus,
2339 868 2436 939 qui
2477 867 2634 940 prius
2677 874 3042 924 sacrosancta:
3079 869 3510 940 Theopolitauo-

1881 977 2009 1014 rum
2038 960 2294 1015 Ecclesiae
2323 961 2453 1016 sede
2491 967 2688 1016 contra
2717 978 2904 1017 sacros
2945 962 3086 1017 ritus
3115 968 3406 1034 occupata,
3437 964 3514 1018 ita

1880 1053 2076 1108 omnia
2103 1055 2472 1122 conturbavit,
2504 1055 2581 1109 ita
2617 1055 2950 1110 conturbata
3003 1057 3418 1125 transmutavit,
3452 1063 3518 1114 ut

1883 1147 2142 1218 generale
2197 1147 2481 1218 quoddam
2517 1153 2572 1202 et
2613 1148 2824 1218 absque
2866 1148 3150 1202 fecialium
3192 1149 3515 1205 interventu

1880 1245 2209 1310 susceptum
2237 1239 2599 1294 sacrosanctis
2631 1241 2783 1294 inter
2811 1257 2870 1294 se
2901 1241 3146 1296 ecclesiis
3169 1241 3390 1296 bellum
3421 1242 3510 1298 in-

1878 1333 2027 1387 ferre
2054 1331 2326 1388 videatur.
2356 1335 2538 1403 Atque
2566 1333 2673 1387 hoc
2699 1333 2868 1387 etiam
2894 1333 2964 1387 ab
2989 1333 3078 1387 his
3124 1334 3221 1404 qui
3247 1340 3375 1390 ante
3401 1339 3516 1407 ;nos

1881 1430 2098 1496 sceptra
2135 1424 2360 1497 imperii
2387 1429 2711 1495 tenuerunt,
2741 1427 2828 1480 ad'
2840 1427 3030 1496 ipsum
3058 1427 3332 1498 scriptum
3373 1444 3514 1498 esse,

1877 1523 1995 1573 tam
2020 1519 2186 1572 variis
2219 1523 2389 1590 atque
2406 1521 2558 1573 recto
2578 1519 2776 1574 alienis
2791 1519 3123 1590 dogmatum
3141 1520 3435 1576 fraudibus
3453 1538 3516 1577 ac

1878 1611 2246 1682 blasphemiis
2275 1617 2550 1681 utentem,
2572 1628 2745 1684 quam
2767 1613 2960 1667 omnia
2981 1613 3102 1683 jam
3122 1629 3275 1668 nunc
3295 1619 3519 1686 pertur-

1877 1703 2008 1758 bata
2030 1704 2380 1771 reddentem,
2412 1709 2467 1758 et
2491 1705 2559 1758 de
2587 1721 2778 1759 errore
2810 1705 2993 1759 solum
3022 1705 3316 1777 utriusque
3339 1708 3516 1763 haere-

1880 1796 2112 1850 siarchas
2141 1798 2156 1866 (
2181 1796 2418 1850 Nestorii
2443 1797 2650 1851 scilicet
2675 1802 2731 1851 et
2761 1798 3101 1870 Eutychetis)
3133 1798 3346 1854 haustis
3374 1799 3510 1854 abo-

162 1893 336 1964 (quale
361 1892 453 1958 sit,
483 1891 821 1960 Nestorium,
853 1891 1238 1961 Eutychetem,
1267 1891 1488 1960 Arium,
1526 1891 1778 1946 Macedo-
1800 1874 1858 1945 B
1881 1889 2162 1944 minandis
2192 1897 2248 1944 et
2279 1907 2411 1945 cum
2437 1890 2711 1961 religione
2741 1892 3126 1962 pugnantibus
3155 1892 3514 1963 dogmatibus

156 1985 330 2053 nium,
375 1985 740 2053 Eunomium,
775 1987 831 2037 et
873 1984 1015 2038 alius
1043 2000 1157 2038 non
1194 1983 1458 2038 inferiore
1487 2000 1661 2055 quam
1703 1983 1783 2038 illi

155 2078 408 2150 malitia),
428 2078 594 2132 toties
613 2078 782 2132 etiam
805 2077 874 2131 ad
895 2077 1246 2131 sacerdotum
1270 2076 1663 2132 auctoritatem
1680 2077 1783 2131 im-

154 2171 424 2242 peratoris
451 2187 756 2224 consensus
777 2170 1028 2239 accessit,
1059 2175 1120 2224 ut
1145 2169 1332 2224 divina
1357 2186 1488 2224 cum
1517 2170 1782 2224 humanis

92 2293 93 2298 η
154 2265 428 2333 coeuntia,
459 2263 626 2317 rectis
650 2263 940 2317 sententiis
967 2262 1364 2333 symphoniam
1393 2262 1700 2333 quamdam
1727 2266 1784 2317 et

152 2374 322 2412 unam
353 2356 779 2410 consonantiam
804 2355 1154 2409 inducereut.
1179 2354 1367 2410 Simile
1393 2355 1664 2426 quiddam
1681 2372 1783 2409 nu-

92 2479 95 2484 ν
151 2467 255 2522 per
277 2450 423 2504 circa
466 2449 806 2503 Anthimum
839 2449 1088 2503 evenisse
1122 2448 1350 2516 scimus,
1379 2453 1498 2502 tam
1521 2448 1604 2520 ~ab
1632 2451 1780 2520 Aga-

91 2573 94 2580 ι
152 2547 280 2616 peto
303 2543 581 2614 religiosae
612 2548 667 2596 et
706 2543 1054 2596 celebrandae.
1086 2542 1390 2610 memmim,
1424 2542 1662 2612 praesule
1695 2558 1778 2594 sa—

92 2667 94 2688 :
153 2642 454 2692 crosanctae
469 2637 532 2690 in
555 2641 738 2690 vetere
765 2637 942 2689 Roma
970 2635 1212 2689 ecclesiae
1239 2635 1560 2704 constituto,
1593 2650 1622 2688 e
1653 2634 1782 2688 sede

92 2761 94 2766 ι
153 2731 322 2800 hujus
347 2731 522 2800 regiae
553 2729 706 2783 urbis
727 2729 1046 2798 depulsum,
1078 2731 1140 2782 ut
1164 2729 1262 2800 qui
1292 2729 1347 2782 in
1377 2728 1569 2782 sedem
1599 2743 1783 2799 neque

92 2857 94 2880 ς
153 2825 266 2877 ulla
293 2823 397 2878 sibi
428 2823 644 2877 ratione
671 2829 1108 2891 competentem‘,
1135 2827 1190 2876 et
1223 2827 1428 2892 praeter
1464 2837 1660 2876 omnes
1689 2837 1780 2875 ca-

91 2949 95 2984 τ
150 2934 326 2972 nones
354 2915 658 2985 insiliisset,
689 2932 859 2986 quam
890 2915 1182 2969 communi
1210 2915 1514 2984 sententia;
1551 2915 1783 2985 ejusque

92 3043 97 3077 ς
149 3011 254 3064 viri
293 3012 504 3063 sanctae
541 3009 833 3062 memoria:
876 3008 1068 3062 multis
1109 3007 1434 3062 nominibus
1473 3006 1785 3062 exosculari

91 3137 95 3174 ί
148 3103 438 3158 videretur
465 3101 540 3169 (id
569 3102 721 3173 quod
748 3102 914 3156 variis
941 3101 1302 3173 postmodum
1331 3101 1667 3155 commentis
1701 3116 1784 3155 re-

92 3261 94 3264 ,
146 3196 335 3268 fugit),
364 3196 638 3250 simulans
678 3195 910 3266 quidem
949 3198 1137 3248 sancta
1175 3211 1233 3249 se
1273 3199 1520 3266 quatuor
1551 3192 1783 3247 concilia

91 3325 97 3362 γ
147 3290 326 3362 sequi,
358 3305 567 3360 nempe
597 3291 978 3343 trecentorum
1007 3289 1201 3343 decem
1233 3292 1290 3342 et
1315 3293 1438 3342 octo
1466 3292 1786 3341 sanctorum

93 3421 95 3428 ι
144 3385 382 3438 Patrum
413 3383 617 3449 Niceae,
641 3388 870 3437 centum
899 3387 955 3436 et
980 3381 1396 3453 quinquaginta
1420 3381 1478 3434 in
1506 3381 1610 3435 hac
1639 3380 1788 3434 alma

92 3501 98 3542 ;.
144 3477 312 3546 urbe,
335 3477 714 3532 ducentorum
739 3481 1010 3547 praeterea
1032 3475 1236 3546 Ephesi
1267 3473 1516 3545 primum
1545 3489 1783 3544 congre-

91 3609 96 3645 Ξ

148 3577 435 3642 gatorum,
474 3585 660 3640 neque
689 3585 806 3623 non
835 3569 932 3623 Dei
957 3569 1473 3622 amantissimorum
1503 3571 1788 3622 sexcento-

92 3707 96 3738 ,_
144 3680 278 3719 rum
325 3669 384 3718 et
427 3663 664 3733 triginta
702 3663 936 3716 Patrum
980 3661 1336 3732 Chalcedoni,
1385 3677 1500 3715 non
1539 3676 1672 3715 vero
1723 3675 1785 3714 re

91 3797 100 3832 ρ
141 3758 266 3829 ipsa
323 3757 553 3810 illorum
603 3755 874 3826 dogmata
920 3771 1282 3826 consequens,
1305 3770 1487 3826 neque
1530 3757 1785 3808 nostram

91 3879 98 3928 τ
140 3850 562 3921 benignitatem
591 3853 648 3904 et
671 3848 1124 3918 submissionem,
1147 3865 1320 3919 quam
1338 3864 1442 3919 pro
1463 3847 1584 3917 ejus
1608 3846 1784 3901 salute

91 3987 98 4024 2

143 3943 500 4016 suscepimus
528 3943 816 4014 amplecti,
848 3959 1034 4014 neque
1068 3941 1398 3997 renuntiare
1432 3944 1549 3994 tam
1573 3939 1782 4010 impio-

91 4079 100 4118 ε
135 4055 271 4092 rum
301 4037 990 4108 dogmatumauctoribus
1026 4052 1060 4090 a
1087 4035 1292 4090 sanctis
1319 4033 1575 4089 Patribus
1603 4033 1662 4086 in
1689 4049 1781 4104 sy-

97 4173 101 4181 .
133 4133 307 4188 nodis
333 4131 562 4202 rejectis
589 4131 802 4198 volens,
837 4131 934 4186 sed
959 4135 1115 4185 ratus
1141 4129 1203 4184 in
1225 4144 1410 4184 unum
1437 4133 1493 4182 et
1519 4127 1784 4182 eumdem

92 4269 100 4306 τ
133 4225 494 4281 auctoritatis
509 4225 748 4296 gradum
768 4231 1040 4297 utrosque
1057 4228 1174 4279 tam
1191 4222 1596 4278 condemnatos
1611 4236 1783 4292 quam

91 4364 100 4402 ε
133 4321 237 4392 qui
257 4318 719 4389 condemuarint,
747 4317 1117 4373 collocandos.
1147 4316 1329 4372 Semel
1347 4315 1500 4370 enim
1527 4313 1780 4386 peregri-

91 4456 102 4496 ῐ

133 4415 225 4468 nis
243 4431 280 4468 a
306 4415 666 4468 sacrosancta
684 4412 927 4468 Ecclesia
945 4409 1382 4483 cogitationibus
1405 4409 1780 4480 mancipatus,

92 4551 102 4574 ,
133 4513 193 4562 et
221 4525 258 4562 a
279 4507 455 4562 rectis
481 4506 838 4578 dogmatibus
863 4505 1082 4560 alienus
1106 4505 1305 4571 factus,
1337 4503 1542 4559 merito
1588 4502 1660 4556 ad
1685 4518 1780 4557 eo-

127 4616 268 4656 rum
296 4599 704 4655 rectitudinem
745 4599 970 4672 regredi
997 4615 1114 4653 non
1154 4597 1350 4668 valuit,
1380 4611 1709 4668 quanquam
1747 4611 1780 4649 ἃ
1797 4614 1858 4686 D
1880 4607 2180 4675 propterea
2214 4601 2368 4674 quod
2387 4607 2519 4656 ante
2550 4617 2651 4654 nos
2678 4599 3112 4670 imperatoribus
3148 4599 3210 4653 in
3239 4597 3356 4654 suis
3385 4614 3512 4654 con-

124 4695 302 4751 nobis
331 4709 561 4766 quoque
587 4693 887 4766 diligenter
915 4698 971 4749 et
996 4708 1220 4748 summo
1248 4691 1432 4747 studio
1459 4690 1531 4745 ad
1551 4690 1599 4762 ej
1609 4706 1673 4744 us
1698 4705 1780 4743 sa-

92 4769 95 4780 ,
124 4789 322 4846 lutem
339 4789 837 4860 contendentibus,
855 4793 1294 4844 commonstrata
1303 4787 1414 4858 via,
1427 4785 1777 4841 admonitus.

91 5120 106 5162 ἰ

92 5215 104 5256 ί

91 5308 108 5355 ﬂ

92 5438 103 5450 ι

91 5493 108 5547 t

123 4885 383 4956 Propter
405 4882 600 4938 omnia
625 4883 750 4938 haec
772 4883 969 4954 igitur,
993 4899 1121 4954 quae
1148 4897 1279 4936 cum
1305 4881 1426 4952 ipso
1453 4885 1608 4951 gesta
1627 4881 1776 4947 sunt,

125 4981 186 5032 et
241 4976 628 5049 depositionis
669 4993 704 5031 a
749 4976 932 5048 gradu
962 4974 1334 5032 ecclesiastico
1367 4971 1702 5030 sententiam
1748 4988 1782 5026 a

97 5076 334 5143 ,sancta
358 5071 576 5143 synodo
602 5074 719 5125 tam
743 5087 847 5143 per
871 5086 1104 5126 causam
1128 5068 1337 5124 illicitae
1362 5084 1548 5140 neque
1572 5082 1676 5140 per
1703 5081 1783 5120 sa-

124 5181 260 5220 eros
292 5181 544 5220 canones
583 5165 908 5237 approbata
935 5165 996 5220 in
1021 5163 1389 5220 sacerdotales
1413 5161 1583 5233 hujus
1611 5159 1783 5231 regiae

121 5259 302 5313 urbis
341 5259 508 5314 sedes
537 5257 884 5330 irreptionis,
913 5275 1086 5330 quam
1121 5276 1155 5313 a
1190 5257 1358 5314 rectis
1397 5262 1454 5310 et
1493 5253 1641 5310 veris
1684 5253 1783 5307 do-

91 5346 437 5436 ,gmatibus
483 5353 818 5408 diversionis
862 5353 1161 5424 prolatam,
1205 5357 1386 5407 ratam
1426 5353 1618 5404 nostra
1653 5346 1788 5401 facit

120 5449 435 5518 majestas,
467 5447 648 5520 deque
673 5447 741 5502 iis
769 5452 1110 5518 praesentem
1149 5445 1336 5515 legem
1375 5441 1692 5498 conscribit.
1721 5441 1788 5494 Et

92 5534 545 5624 finterdicimus
595 5559 669 5596 ne
694 5542 753 5596 in
783 5541 936 5595 alma
972 5541 1076 5594 hac
1106 5539 1244 5593 urbe
1269 5539 1504 5609 ejusque
1530 5534 1788 5590 confiniis

120 5651 370 5690 moram
383 5636 592 5705 trahat,
606 5652 747 5691 neve
763 5635 825 5689 in
841 5635 960 5690 ulla
973 5633 1356 5705 insigniorum
1384 5629 1608 5684 urbium
1635 5626 1792 5698 quie-

92 5711 254 5802 :tem
288 5731 432 5800 agat
463 5745 478 5783 :
509 5729 820 5784 sancientes
848 5733 910 5782 ut
937 5743 1066 5782 cum
1105 5726 1196 5780 his
1227 5722 1549 5796 acquiescat
1587 5719 1792 5791 quibus

91 5805 189 5876 I'se
220 5822 482 5894 dignum
506 5823 770 5895 praebuit,
801 5839 988 5894 neque
1009 5837 1141 5876 cum
1159 5819 1290 5876 ullis
1319 5814 1792 5873 consuetudinem

91 5915 318 6026 gineat,
339 5923 444 5974 aut
468 5933 563 5974 eos
591 5918 650 5971 in
677 5917 990 5988 perniciem
1013 5913 1434 5988 prohibitorum
1461 5911 1791 5982 dogmatum

1804 3240 1859 3314 Ο

1880 1983 2238 2052 innitentem,
2283 1989 2337 2038 et
2362 1983 2660 2054 utriusque
2709 1984 2920 2038 horum
2959 1985 3514 2056 perversissimorum

1881 2077 2112 2144 ducum,
2146 2075 2243 2146 qui
2284 2077 2509 2130 tametsi
2557 2077 2818 2130 nonnihil
2846 2077 2996 2132 inter
3031 2094 3087 2132 se
3131 2078 3402 2133 dissidere
3428 2081 3512 2132 vi-

1880 2169 2138 2235 deantur,
2165 2169 2234 2223 ad
2260 2185 2442 2223 unum
2469 2176 2660 2224 tamen
2700 2169 3004 2240 impietatis
3039 2170 3215 2225 finem
3251 2171 3512 2242 tendunt,

1879 2261 2126 2316 notorias
2151 2262 2560 2332 disputationes
2586 2261 2970 2334 effingeutem.
2994 2263 3133 2317 Nam
3149 2280 3278 2318 cum
3299 2265 3412 2320 duo
3433 2265 3517 2320 in-

1881 2359 1968 2408 ter
1995 2371 2052 2408 se
2079 2355 2362 2408 contraria
2403 2355 2516 2409 sint
2559 2356 2849 2427 dogmata,
2890 2361 3006 2416 tam
3043 2357 3300 2424 Nestorii,
3343 2374 3514 2428 quam

1880 2447 2204 2518 Eutychetis
2230 2447 2315 2518 (ut
2342 2447 2600 2519 diximus)
2631 2464 2873 2518 quorum
2917 2454 3219 2519 utrumque
3257 2465 3322 2502 ex
3351 2465 3514 2521 aequo

1882 2544 2124 2594 mortem
2150 2541 2354 2594 animae
2377 2541 2662 2611 importat,
2695 2557 2824 2611 qua:
2852 2557 2920 2595 ex
2951 2540 3088 2612 ipsis
3107 2543 3441 2596 Arianorum
3459 2547 3516 2596 et

1880 2633 2214 2704 Apollinaris
2243 2633 2624 2704 impiamentis
2651 2639 2924 2704 constant,
2954 2634 3286 2689 mirabiliter
3325 2639 3516 2690 tamen

1881 2730 1938 2780 et
1957 2735 2164 2796 praeter
2179 2726 2504 2798 opinionem
2523 2727 2642 2798 ipse
2662 2726 2912 2794 affectus,
2943 2727 3200 2782 similiter
3219 2728 3279 2782 in
3299 2734 3514 2783 utrum-

1881 2837 1992 2891 que
2015 2819 2234 2889 incidit,
2277 2825 2334 2874 et
2377 2837 2528 2874 nunc
2568 2820 2721 2889 huic,
2750 2836 2905 2874 nunc
2941 2820 3023 2874 illi
3067 2819 3283 2890 primas
3328 2828 3516 2892 partes

1881 2913 2160 2983 deferens,
2195 2929 2494 2968 commune
2521 2929 2579 2967 se
2619 2929 2864 2984 suosque
2899 2929 3186 2968 sermones
3228 2919 3515 2969 tantorum

1879 3007 2232 3078 piaculorum
2272 3008 2694 3078 receptaculum
2730 3006 3089 3062 constituisse
3116 3007 3356 3062 videtur.
3385 3009 3514 3063 Esto

1881 3099 2058 3171 igitur
2082 3106 2137 3154 et
2175 3101 2296 3172 ipse
2335 3101 2606 3172 praedicto
2649 3100 2994 3154 anathemati
3041 3099 3338 3169 obnoxius,
3368 3101 3520 3172 quod

1884 3194 2176 3248 universus
2215 3193 2598 3264 patriachalis,
2652 3193 3016 3248 sacerdotalis
3065 3197 3124 3248 et
3172 3193 3520 3248 monachalis

1887 3287 2209 3358 reipublicae
2238 3290 2443 3341 nostrae
2485 3287 2567 3354 (ut
2591 3286 2669 3340 ita
2697 3285 2970 3359 dicamus)
2994 3287 3134 3341 ordo
3153 3287 3306 3358 juste
3347 3288 3399 3342 ei
3423 3287 3515 3342 in-

1885 3380 2066 3450 duxit,
2095 3397 2165 3434 ex
2195 3379 2738 3450 Theopolitauorum
2767 3379 3010 3433 Ecclesia
3029 3379 3238 3449 ejectus
3262 3383 3520 3452 propter-

1885 3491 1950 3528 ea
1977 3473 2130 3544 qnod
2160 3478 2215 3527 et
2241 3472 2396 3526 illius
2441 3472 2596 3526 urbis
2639 3471 2798 3525 sedes
2841 3487 2974 3526 eum
3016 3472 3308 3542 repulerit,
3357 3473 3518 3544 quasi

1885 3567 1984 3638 qui
2009 3583 2080 3622 ne
2101 3566 2262 3638 initio
2279 3566 2512 3637 quidem
2528 3565 2633 3619 rite
2648 3564 2833 3634 ipsam
2851 3565 3158 3636 occuparit,
3179 3566 3398 3621 vivente
3428 3567 3515 3622 ni-

1885 3661 2097 3715 mirum
2133 3661 2316 3714 adhuc
2355 3663 2412 3713 et
2447 3659 2506 3713 in
2543 3658 2908 3714 sacrosanctis
2937 3659 3185 3714 ecclesiis
3214 3658 3346 3714 hinc
3384 3659 3514 3715 inde

1883 3771 2064 3808 sacras
2091 3754 2382 3808 conciones
2409 3752 2650 3807 habente
2677 3769 2742 3806 eo
2773 3751 2872 3824 qui
2897 3757 3028 3808 ante
3054 3752 3240 3824 ipsum
3259 3753 3510 3808 sacerdo-

1883 3849 1961 3904 tio
1991 3849 2216 3902 functus
2253 3852 2367 3916 est;
2393 3850 2450 3901 et
2477 3862 2630 3901 nunc
2660 3861 2694 3900 a
2717 3862 3032 3901 successore
3071 3863 3171 3900 suo
3209 3846 3514 3902 sacerdotio

1885 3943 2140 3997 exclusus
2165 3941 2272 4011 sit;
2306 3956 2493 4012 neque
2517 3940 2667 3995 intra
2693 3939 2857 3994 hosce
2887 3943 3110 4012 tantum
3139 3939 3414 3995 terminos
3430 3957 3517 3996 re-

1883 4036 2104 4105 stiterit,
2136 4035 2231 4090 scd
2248 4035 2370 4106 jam
2389 4034 2559 4090 etiam
2584 4033 2689 4089 sub
2711 4035 2976 4106 generale
2997 4034 3302 4090 anathema
3325 4034 3517 4090 ortho-
3578 4045 3586 4054 ‘

1884 4134 2046 4189 doxae
2076 4139 2132 4189 et
2161 4132 2447 4189 catholicae
2487 4121 2750 4188 Ecclesiae
2803 4128 3048 4203 r'ejectus
3093 4132 3183 4202 sit,
3224 4137 3281 4188 et
3320 4133 3515 4190 multis

1883 4227 2170 4283 maledicis
2192 4233 2248 4282 et
2272 4225 2571 4298 prohibitis
2598 4224 2754 4280 libris
2785 4225 3192 4297 rempublicam
3231 4226 3396 4281 nobis
3421 4243 3512 4283 re-

1881 4321 2119 4376 ferserit.
2143 4321 2298 4376 Unde
2315 4321 2374 4375 in
2403 4320 2728 4375 universum
2751 4318 3016 4375 omnibus
3033 4318 3427 4375 interdicimus
3442 4337 3514 4376 ne

1881 4416 2017 4488 quid
2060 4415 2340 4470 librorum
2386 4414 2508 4485 ejus
2555 4417 2907 4485 comparent.
2941 4413 3008 4467 Et
3032 4412 3514 4484 quemadmodum

1881 4509 2120 4564 Nestorii
2149 4509 2320 4562 libros
2349 4507 2661 4562 describere
2699 4512 2798 4562 aut
2842 4522 3172 4578 comparare
3209 4521 3328 4560 non
3360 4506 3507 4574 licet,

1876 4695 2262 4752 stitutiouibus
2315 4694 2616 4749 videantur
2667 4683 2995 4764 Porphyrii
3031 4691 3252 4764 scriptis
3317 4697 3512 4747 contra

1877 4790 2221 4848 Christianos
2249 4788 2413 4844 editis
2440 4787 2652 4842 similes
2691 4787 2955 4854 existere,
2983 4785 3062 4840 ita
3090 4801 3274 4858 neque
3317 4785 3510 4841 Severi

1879 4885 2026 4940 dicta
2050 4883 2324 4955 scriptave
2349 4881 2502 4953 apud
2531 4897 2876 4952 quemquam
2901 4879 3350 4936 Christianorum
3381 4894 3506 4933 ma-

1879 4982 2076 5045 neuto,
2127 4977 2224 5032 sed
2263 4975 2499 5048 profana
2535 4979 2700 5049 sunto
2719 5015 2734 5044 ,
2785 4977 2846 5028 et
2883 4990 2916 5028 a
2953 4971 3224 5028 catholica
3265 4971 3512 5029 Ecclesia

1880 5072 2086 5142 aliena,
2112 5070 2347 5143 ignique
2373 5069 2781 5124 comburuutor
2799 5083 2833 5121 a
2855 5065 3284 5138 possessoribus,
3317 5065 3427 5146 nisi
3451 5065 3514 5120 il-

1881 5166 1950 5220 lis
1976 5163 2284 5220 retiuendis
2307 5163 2366 5217 in
2396 5163 2712 5234 periculum
2736 5161 2938 5216 adduci
2965 5161 3154 5215 velint.
3183 5161 3463 5215 Praeterea
3479 5174 3514 5213 a

1881 5259 2111 5314 nemine
2137 5257 2198 5312 in
2225 5262 2517 5330 posterum
2531 5255 2974 5322 conscribuntor,
2999 5253 3112 5309 sive
3131 5252 3398 5308 librarius
3416 5251 3514 5308 alie

1885 5353 2030 5424 quis,
2065 5351 2177 5406 sive
2215 5350 2490 5420 notarius,
2523 5350 2636 5404 sive
2662 5348 2964 5420 quisquam
2991 5347 3138 5402 alius
3163 5345 3238 5402 sit
3275 5362 3290 5399 :
3332 5345 3515 5402 sciens

1885 5446 2038 5518 quod
2065 5445 2212 5500 illius
2233 5444 2380 5500 dicta
2403 5441 2886 5498 conscribentibus
2913 5440 3180 5496 abscissio
3217 5456 3421 5496 manus
3455 5439 3516 5494 in

1887 5555 2120 5612 poenam
2139 5537 2499 5610 irrogabitur.
2523 5537 2796 5592 Nolumus
2813 5535 3026 5590 etenim
3039 5540 3103 5590 ut
3119 5534 3352 5591 illorum
3370 5533 3516 5588 blas-

1887 5633 2117 5705 phemia
2145 5632 2216 5688 ad
2261 5631 2370 5686 alia
2397 5635 2662 5702 prorepat
2693 5629 2920 5685 saecula.
2950 5627 3326 5686 Consimiliter
3350 5629 3407 5681 et
3435 5624 3514 5679 illi

1890 5727 2058 5797 hujus
2087 5725 2259 5796 regias
2285 5724 2460 5794 urbis,
2512 5729 2742 5796 ejusque
2773 5723 3167 5791 conﬁniorum,
3195 5725 3252 5776 et
3274 5717 3512 5788 alicujus

1889 5818 2217 5892 insignioris
2245 5818 2484 5874 civitatis
2511 5818 2770 5890 ingressu
2798 5816 3209 5884 interdicimus;
3244 5811 3340 5866 sed
3369 5815 3434 5866 ut
3457 5809 3520 5864 in

1890 5913 2006 5967 solo
2028 5912 2216 5988 aliquo
2246 5913 2370 5967 loco
2395 5917 2452 5969 et
2477 5911 2698 5969 silentio
2724 5909 2992 5982 desideat,
3023 5922 3206 5980 neque
3229 5905 3369 5960 alios
3394 5919 3516 5958 cora
