4088 6492
539 425 640 478 975
1664 417 1918 473 SECULI
1955 416 2144 470 SEXTI
2182 413 2732 470 SUPPLEMENTUM.
3877 405 3966 456 976

533 528 777 597 rumpat,
808 538 991 595 neque
1006 525 1076 578 ad
1095 525 1454 595 proferendas
1477 523 1850 595 blasphemias
1863 540 1958 578 eos
1985 523 2149 577 indu-
2174 525 2307 606 Aet
2333 521 2472 576 illud
2496 521 2787 588 habemus,
2817 517 3334 588 imperialibusque
3369 513 3436 568 id
3475 512 3747 606 legibus
3783 527 3969 606 corro-

536 623 641 686 cat,
671 633 853 688 neque
882 619 1078 670 contra
1109 633 1239 670 vera
1281 617 1543 686 dogmata
1579 617 1710 670 novi
1750 615 1958 686 aliquid
1988 615 2143 668 inve-
2175 604 2230 606 ﬁ
2249 616 2534 682 boramus,
2558 613 2790 684 perinde
2811 611 2968 682 quasi
2989 611 3058 664 ab
3080 610 3200 680 ipsa
3217 608 3552 678 majestate
3575 604 3970 676 imperatoria

533 709 670 777 niat,
703 726 804 778 per
833 709 984 778 quod
1017 709 1202 762 denuo
1248 709 1406 763 nobis
1446 712 1818 762 sacrosanctas
1851 707 2148 778 pertubare
2251 709 2566 780 prodiisset.
2595 705 2752 770 Quod
2783 704 2827 757 si
2853 704 2976 775 quis
3005 718 3206 757 eorum
3236 702 3548 755 adversus
3581 698 3728 752 haec
3763 703 3970 750 statuta

533 801 753 855 studeat
776 801 1060 854 Ecclesias.
2251 799 2710 870 deprehendatur
2735 797 3114 866 delinqueret,
3130 795 3272 848 sciat
3290 793 3465 864 quod
3493 792 3566 846 in
3589 791 3812 845 civiles
3831 790 3970 859 leges

605 893 712 948 Sed
757 909 939 963 neque
981 895 1226 958 Petrum,
1273 893 1368 963 qui
1404 895 1664 964 Apamea:
1693 893 1984 964 episcopus
2024 891 2149 955 fuit,
2250 891 2478 959 incidet,
2505 907 2631 961 qum
2670 889 2730 942 in
2768 889 3042 958 majorem
3075 886 3578 957 indignationem
3619 885 3686 937 et
3713 883 3974 937 animad-

532 989 811 1039 remotum
840 1001 872 1037 a
900 985 1077 1054 gradu
1119 985 1514 1052 ecclesiastico,
1547 990 1602 1038 et
1627 983 1827 1038 iisdem
1858 985 1925 1038 de
1953 983 2149 1048 causis,
2251 985 2567 1038 versionem
2597 981 2902 1052 conjiciunt
2932 997 3026 1034 eos
3065 980 3164 1051 qui
3211 995 3430 1050 poenas
3477 977 3766 1031 leviores
3807 975 3971 1029 decli-

532 1077 899 1148 quamolirem
950 1077 1206 1143 Severus,
1253 1077 1608 1130 anathemate
1649 1077 1732 1144 (ut
1770 1077 1987 1145 vocant)
2033 1091 2155 1145 per—
2251 1080 2408 1130 nant.
2441 1078 2626 1130 PORRO
2662 1074 2923 1128 omnibus
2962 1071 3064 1144 qui
3108 1071 3198 1126 vel
3231 1070 3600 1124 secundum
3643 1069 3975 1124 doctrinam

537 1185 782 1236 cussum,
845 1169 1105 1239 majestas
1171 1169 1534 1238 imperatoria
1591 1169 1853 1222 admittit.
1885 1169 1990 1222 Sed
2038 1173 2154 1221 rata
2253 1165 2897 1233 dementisNestorii,vel
2918 1165 3234 1218 secundum
3255 1162 3974 1218 stolidamtraditionem

536 1266 702 1316 sunto
746 1261 914 1316 etiam
955 1277 1081 1331 quae
1130 1260 1394 1314 adversus
1435 1260 1622 1330 ipsum
1662 1260 1880 1314 decreta
1913 1263 2075 1312 sunt:
2101 1265 2156 1312 et
2253 1259 2596 1330 Eutychetis,
2625 1259 2711 1313 vel
2736 1257 3048 1312 secundum
3078 1257 3293 1326 Severi,
3321 1257 3435 1327 qui
3479 1255 3666 1310 idem
3698 1271 3852 1309 cum
3884 1255 3979 1308 illis

535 1341 1012 1423 quemadmodum
1045 1351 1147 1405 sub
1179 1352 1438 1422 generale
1459 1353 1759 1405 anathema
1779 1351 2031 1404 redactus
2051 1355 2150 1415 est,
2255 1352 2440 1420 sentit,
2461 1357 2558 1406 aut
2582 1351 2700 1404 illos
2721 1349 3083 1420 sequentium
3107 1348 3598 1420 blasphemiam,
3622 1348 3974 1402 catholicam

533 1445 612 1500 ita
637 1451 694 1499 et
737 1445 991 1499 redactus
1033 1447 1170 1510 esto,
1203 1444 1488 1498 sententia
1531 1460 1657 1514 quae
1693 1443 1760 1497 de
1809 1443 1895 1496 his
1942 1441 2074 1512 ipsis
2123 1459 2154 1495 a
2255 1445 2351 1498 Dei
2406 1444 2703 1498 Ecclesiam
2740 1447 3018 1496 conantur
3063 1442 3372 1511 divellere,
3429 1441 3874 1512 prohibemus
3922 1458 3978 1493 ne

533 1536 894 1592 sanctissimis
928 1535 1164 1590 summis
1194 1535 1552 1606 pontificibus
1580 1535 1847 1604 processit
1876 1538 1998 1587 rata
2025 1551 2151 1604 per-
2256 1537 2532 1591 tumultus
2554 1535 2810 1590 Ecclesiis
2831 1534 3164 1603 immittant,
3184 1539 3287 1589 aut
3315 1533 3391 1588 de
3419 1534 3558 1588 fide
3591 1533 3845 1605 aliquid
3876 1534 3978 1587 dis-

535 1634 813 1684 manentc.
846 1630 923 1682 Ac
953 1643 1134 1698 neque
1165 1627 1244 1680 illi
1272 1626 1650 1697 permittimus
1683 1631 1744 1680 ut
1767 1627 1914 1680 hanc
1942 1625 2156 1696 regiam
2256 1631 2462 1682 serant.
2490 1629 2597 1684 Sed
2627 1627 2911 1682 sancimus
2954 1632 3017 1680 ut
3056 1627 3479 1698 unusquisque
3539 1643 3781 1680 eorum
3815 1626 3979 1680 silen-

533 1722 758 1787 urbem,
789 1720 974 1790 ejusve
1001 1719 1268 1784 confinia,
1307 1722 1406 1772 aut
1433 1719 1878 1789 praestantiorem
1910 1719 2156 1788 aliquam
2254 1721 2395 1775 tium
2427 1725 2578 1790 agat,
2611 1725 2666 1773 et
2691 1735 2876 1790 neque
2906 1720 3050 1774 ullos
3073 1721 3130 1772 in
3149 1735 3344 1772 unum
3375 1723 3771 1788 convocent,
3797 1736 3982 1788 nequ»

533 1814 810 1869 civitatem
841 1813 1064 1879 incolat,
1093 1811 1188 1864 sed
1215 1827 1458 1882 quorum
1497 1815 1719 1864 secutus
1757 1815 1842 1864 est
1883 1827 2152 1880 errorem,
2255 1814 2522 1867 adeuntes
2553 1812 2846 1882 recipiant,
2869 1827 3058 1882 neque
3084 1811 3426 1882 improbata
3451 1828 3650 1866 more
3683 1812 3983 1883 baptizare

533 1907 730 1962 horam
757 1905 1009 1959 imitetur
1023 1905 1192 1958 etiam
1207 1904 1262 1956 in
1279 1903 1532 1974 degenda
1548 1903 1658 1957 vita
1671 1903 1966 1970 rationem,
1984 1919 2155 1973 quam
2177 1891 2233 1962 Β
2257 1910 2352 1959 aut
2377 1921 2591 1958 sacram
2605 1903 3069 1958 communionem
3084 1903 3400 1970 defcedare,
3420 1908 3487 1958 et
3503 1903 3849 1974 aliquibus
3866 1922 3980 1958 eam

530 1998 860 2069 longissime
874 1997 943 2050 ab
959 1996 1254 2050 hominum
1271 1995 1670 2050 consuetudine
1695 1999 1962 2060 remotus,
1985 2011 2152 2065 seque
2253 1997 2606 2064 distribuere,
2639 2001 2736 2050 aut
2763 1997 2958 2050 vetitas
2991 1995 3280 2050 doctrinas
3323 1997 3684 2066 explanare
3724 1997 3984 2052 audeant

535 2091 723 2162 ipsum
751 2089 978 2143 latebris
1007 2088 1306 2142 occultans.
1337 2087 1628 2158 Siquidem
1658 2087 1836 2142 multo
1866 2087 2150 2157 praestabi-
2254 2090 2338 2143 vel
2364 2089 2422 2143 in
2452 2089 2606 2159 regia
2643 2105 2706 2142 ac
2750 2092 2942 2142 nostra
2987 2088 3150 2157 urbe,
3181 2089 3272 2142 vel
3317 2088 3462 2156 alia,
3504 2089 3625 2143 sed
3663 2091 3839 2144 nihil
3879 2107 3984 2144 non

534 2183 644 2236 lius
673 2183 888 2236 esthoc
915 2197 1092 2252 genus
1137 2179 1433 2234 hominum
1475 2179 1711 2246 latitare,
1741 2195 1911 2249 quam
1956 2179 2014 2232 in
2045 2195 2151 2249 pu-
2251 2181 2490 2252 periculi
2539 2181 2926 2250 revereant‘ur,
2982 2180 3028 2234 si
3073 2180 3213 2251 quid
3265 2181 3384 2234 tale
3443 2182 3987 2252 perpetraverint.

533 2275 677 2330 blica
704 2275 828 2328 luce
871 2278 999 2356 ante
1045 2272 1297 2325 omnium
1327 2271 1518 2325 oculos
1545 2272 1778 2324 Versari.
1829 2271 1966 2324 Nam
1993 2271 2034 2323 si
2069 2271 2150 2324 la-
2252 2273 2524 2328 Omnibus
2551 2273 2783 2344 insuper
2811 2273 3190 2343 prohibemus
3219 2289 3294 2327 ne
3319 2274 3462 2344 quis
3490 2275 3684 2329 hunc
3719 2277 3986 2347 recipiat.

537 2367 720 2434 titent,
753 2366 856 2420 sibi
891 2365 1024 2436 ipsis
1058 2365 1456 2418 tantummodo
1496 2369 1662 2418 erunt
1700 2363 2074 2431 incommodi;
2109 2363 2150 2416 si
2252 2365 2396 2430 Quin
2425 2366 2610 2436 potius
2640 2366 2922 2420 sancimus
2960 2370 3026 2420 ut
3065 2382 3136 2420 ex
3173 2365 3430 2420 urbibus
3463 2368 3711 2438 etiam,
3747 2387 3894 2440 quae
3933 2370 3990 2424 ab

533 2474 666 2514 vero
688 2458 951 2528 dogmata
980 2475 1078 2510 sua
1097 2456 1404 2527 publicant,
1425 2459 1480 2509 et
1494 2456 1665 2525 vulgo
1684 2455 2150 2526 proferant,mul-
2253 2459 2388 2528 ipsis
2409 2459 2772 2524 seducuntur,
2805 2458 3036 2528 ejiciant
3066 2475 3079 2512 :
3111 2458 3360 2512 scientes
3395 2476 3637 2530 pennas
3673 2463 3878 2517 sacris
3905 2479 3988 2517 ne

532 2552 603 2607 tis
631 2549 1062 2620 simplicioribus
1091 2549 1435 2622 occasionem
1463 2548 1719 2618 praebent
1741 2549 1808 2602 ad
1837 2547 2149 2602 interitum.
2253 2551 2380 2604 stris
2417 2550 2538 2620 jam
2577 2551 3015 2621 comprehensas
3045 2551 3614 2623 constitutionibus,
3657 2573 3818 2628 quas
3854 2557 3988 2628 ipsa=

533 2645 688 2708 Quod
715 2643 941 2714 quidem
971 2647 1030 2696 ut
1056 2641 1245 2712 aliquo
1267 2641 1435 2694 modo
1460 2640 1520 2693 in
1547 2640 1863 2694 Christiano
1897 2639 1986 2692 Dei
2019 2638 2152 2694 ovili
2253 2642 2425 2696 etiam
2475 2642 2678 2696 domus
2703 2641 2761 2696 in
2793 2641 3000 2712 quibus
3027 2643 3136 2696 tale
3163 2642 3306 2714 quid
3333 2646 3716 2718 peragitur,
3751 2654 3819 2704 et
3847 2667 3988 2720 prae-

533 2741 588 2792 et
613 2737 706 2808 pio
731 2739 992 2806 recteque
1025 2733 1296 2787 sentiente
1343 2734 1550 2804 populo
1581 2732 1818 2800 eveniat,
1848 2748 2032 2802 neque
2054 2732 2150 2802 ju-
2253 2735 2343 2788 dia
2369 2751 2437 2790 ex
2479 2735 2682 2806 quibus
2724 2735 3000 2788 alimenta
3038 2736 3536 2808 suppeditantur,
3580 2744 3990 2798 sacrosancti;

532 2834 682 2884 stum
713 2834 814 2894 est,
846 2842 1026 2897 neque
1051 2843 1082 2879 a
1106 2826 1397 2895 majestate
1436 2825 1795 2896 imperatoria
1840 2825 2150 2878 conceden-
2252 2827 2520 2882 addicunt
2545 2827 2824 2893 Ecclesiis,
2849 2827 2964 2880 suis
2985 2827 3296 2882 adimenda
3319 2835 3844 2902 possessoribus,
3869 2837 3994 2906 quisi

534 2921 692 2976 dum.
719 2920 856 2984 Quia
884 2936 1013 2972 vero
1041 2925 1095 2972 et
1133 2920 1365 2971 Zoroam
1409 2917 1668 2986 religiose
1711 2916 1880 2970 simul
1917 2921 1972 2970 et
2003 2916 2153 2986 juste
2252 2920 2686 2992 simplicioribus
2726 2937 2955 2974 causam
2995 2919 3136 2974 mali
3171 2921 3484 2991 praebent;
3535 2927 3812 2997 optimo
3871 2946 3992 2984 vero

525 3012 846 3085 judicantes
865 3011 1108 3082 episcopi
1127 3009 1365 3079 dignum
1380 3014 1725 3079 putaverunt
1740 3025 1910 3080 quem
1925 3008 2152 3062 omnino
2244 3012 2376 3082 jure
2395 3013 2498 3066 sub
2518 3012 2832 3067 dominium
2859 3017 3361 3068 sacrosanctarum
3400 3032 3514 3070 eas
3577 3020 3994 3076 Ecclesiarum

535 3105 639 3160 sub
663 3105 964 3158 anathema
989 3102 1329 3170 redigereut,
1355 3101 1540 3172 utqui
1584 3101 1751 3154 veluti
1781 3101 1946 3155 breve
1975 3101 2151 3172 quod-
2251 3104 2604 3159 deducentes.
2647 3105 2774 3160 Haec
2802 3122 2906 3159 nos
2957 3123 3061 3177 pro
3092 3108 3409 3162 communi
3440 3120 3995 3170 sacrosanctarun;

534 3198 662 3254 dam
683 3197 1127 3252 additamentum
1149 3200 1292 3247 esset
1319 3193 1595 3263 ejusmodi
1616 3195 1910 3260 malorum,
1933 3195 1998 3247 ad
2027 3210 2152 3264 quae
2177 3242 2226 3268 η
2251 3197 2622 3252 Ecclesiarum
2653 3214 2791 3268 pace
2815 3199 3126 3266 sancimus,
3155 3199 3282 3254 haec
3319 3200 3558 3258 decem
3570 3205 3758 3262 imus
3783 3219 3999 3264 sancto

535 3242 662 3254 *ν’-⁵·
683 3242 1127 3252 “”“·’ν·’“⁴“··“’··”-’·“
1155 3242 1292 3247 "“'
1324 3242 1595 3263 “d““‘""‘“
1617 3242 1910 3260 ""“'"""1
1933 3242 1998 3247 -ν-
2031 3242 2150 3264 ἰ’-’⁷
2257 3242 2513 3252 -νν-νυ-ννο
2528 3242 2622 3252 -ιο-
2655 3242 2791 3268 run"!
2815 3242 3126 3266 νυν-ονοο-η-υν
3155 3242 3282 3254 μιν-σν
3319 3242 3758 3262 υυυνιμιιιιιιδ
3783 3242 3994 3264 δαιιιιυ-

534 3289 850 3364 peragenda
871 3287 1322 3358 promptissimus
1343 3287 1468 3348 fuit,
1486 3291 1541 3340 et
1559 3303 1820 3358 magnam
1837 3287 2154 3340 facultatem
2174 3242 2229 3316 Ο
2254 3302 2381 3340 rum
2408 3287 2633 3340 Patrum
2658 3286 2882 3340 decreta
2909 3286 3110 3356 secuti,
3141 3293 3210 3344 ut
3238 3305 3463 3345 omnes
3508 3293 3597 3347 de
3636 3304 3889 3352 caetero
3917 3315 3994 3350 sa-

531 3383 749 3448 liabuit,
780 3398 851 3436 ne
876 3380 1105 3434 omnino
1141 3379 1470 3432 memoriam
1512 3380 1590 3432 illi
1639 3380 1976 3444 adimamus,
2006 3379 2154 3450 quod
2253 3378 2504 3432 cerdotes
2543 3378 2647 3432 sub
2693 3379 3107 3448 tranquillitate
3154 3385 3213 3435 et
3258 3382 3476 3452 quiete
3517 3399 3998 3456 permaneant:

532 3475 722 3547 aliqua
746 3474 804 3528 in
837 3489 894 3527 re
917 3473 1176 3526 facultate
1205 3471 1472 3542 praeditus
1497 3471 1832 3525 fueritzesto
1858 3487 1987 3524 sane
2012 3473 2150 3525 Zoo-
2252 3471 2456 3542 quibus
2492 3470 2626 3540 ipsis
2667 3471 2724 3524 in
2751 3487 2889 3541 pace
2927 3475 3302 3540 conservatis,
3335 3477 3594 3549 reliqua
3631 3485 3848 3538 etiam
3897 3485 3995 3538 rei-

529 3584 620 3624 ras
647 3567 815 3622 etiam
857 3565 1128 3637 particule
1168 3564 1336 3634 hujus
1385 3564 1470 3632 (de
1519 3565 1811 3632 Authimo,
1859 3565 2058 3618 Severo
2098 3567 2152 3617 et
2252 3563 2491 3634 publica;
2517 3563 2699 3634 portio
2738 3565 2901 3618 nobis
2928 3566 3264 3636 pergliscet,
3298 3585 3457 3638 pace
3491 3572 3801 3646 desuper
3845 3579 3999 3649 vige-

530 3663 694 3718 Petro
723 3656 1026 3731 loquimur)
1056 3657 1173 3710 leve
1201 3656 1487 3727 quoddam
1508 3657 1973 3725 additamentum,
1998 3661 2053 3710 et
2072 3656 2153 3710 in-
2253 3661 2461 3722 scente,
2489 3672 2658 3727 quam
2687 3657 2951 3712 omnibus
2977 3675 3229 3728 magnus
3258 3660 3361 3716 ille
3391 3663 3571 3719 Deus
3605 3673 3680 3721 et.
3727 3673 4002 3726 Servata:

532 3757 620 3810 ter
648 3769 746 3808 eos
785 3751 883 3824 qui
929 3749 1285 3804 anathemate
1330 3749 1504 3802 notati
1545 3755 1694 3815 sunt,
1729 3755 1784 3802 et
1827 3749 2152 3802 sacerdotali
2251 3755 2442 3804 noster
2464 3751 2622 3804 Jesus
2651 3749 3094 3819 Christus,uuus
3117 3752 3188 3806 de
3215 3753 3558 3825 Trinitate,
3587 3762 4000 3834 unigenitum

532 3853 728 3903 contra
747 3847 933 3915 ipsum
966 3842 1182 3912 prolata
1212 3842 1488 3895 sententia
1514 3841 1629 3912 ipse
1659 3857 1884 3912 quoque
1914 3841 2150 3896 colloca-
2253 3842 2348 3896 Dei
2377 3841 2633 3910 verbum,
2665 3847 2780 3896 tam
2811 3843 3088 3912 praedicat
3113 3861 3297 3915 quam
3334 3852 3733 3920 suppeditat
3768 3857 3872 3910 his
3916 3876 4001 3928 qu:

533 3945 644 4009 tor,
678 3954 846 4008 quam
885 3933 1104 3988 tametsi
1135 3949 1237 4003 per
1273 3949 1330 3986 se
1376 3933 1508 3986 satis
1535 3933 1832 4000 valentem,
1861 3933 2038 3988 multo
2065 3937 2151 3987 ta-
2251 3951 2380 3988 vere
2397 3940 2453 3988 et
2471 3951 2539 3989 ex
2557 3935 2748 3989 animo
2776 3935 3096 4006 gloriﬁcare
3122 3936 3326 4006 ipsum
3352 3946 3419 3994 et
3441 3943 3732 4002 adorare
3757 3950 4003 4022 dignm-

533 4047 670 4099 men
699 4030 882 4084 adhuc
901 4026 1261 4080 valentiorem
1291 4025 1470 4079 reddit
1497 4026 1752 4095 majestas
1773 4027 2150 4096 imperatoria,
2251 4032 2362 4082 tur.
2384 4029 2518 4092 Qua:
2548 4027 2723 4099 igitur
2749 4031 2902 4083 recte
2935 4029 3098 4082 nobis
3126 4031 3536 4103 placuerunt,
3574 4055 3654 4093 ea
3686 4041 3972 4098 beatitud
3999 4072 4002 4083 ι

535 4139 664 4194 quae
696 4121 854 4192 regia
892 4119 995 4172 hac
1033 4118 1172 4172 urbe
1202 4118 1398 4188 ipsum
1431 4119 1678 4188 expellit,
1721 4118 1950 4188 ejusque
1978 4118 2151 4172 confi-
2251 4125 2350 4175 tua
2393 4125 2734 4186 conservato,
2781 4125 2834 4175 et
2883 4121 2953 4175 ad
3002 4122 3278 4177 effectum
3337 4125 3685 4204 deducito,
3743 4153 3868 4206 per
3919 4140 4001 4191 Dm

534 4215 644 4270 niis
673 4221 729 4268 et
751 4212 980 4267 urbium
1011 4211 1254 4264 incolatu
1281 4211 1632 4264 omnifariam
1661 4211 1709 4264 ei
1745 4211 2028 4264 interdicit
2057 4215 2156 4265 :ut
2252 4218 2504 4268 amantes
2533 4231 2658 4268 suas
2687 4214 2903 4268 litteras
2932 4231 3002 4269 ea
3031 4215 3313 4271 omnibus
3364 4221 3491 4276 sub
3523 4241 3597 4280 se
3649 4233 4003 4284 constitute

537 4325 668 4363 cum
699 4307 829 4361 solis
860 4305 967 4358 illis
995 4321 1132 4375 quos
1170 4307 1301 4358 ante
1339 4304 1738 4371 recensuimus,
1781 4304 1848 4357 ad
1891 4305 2153 4358 eumdem
2253 4307 2683 4378 religiosissimis
2718 4307 3176 4378 metropolitanis
3221 4315 3707 4375 transmittens.
3736 4325 3988 4388 Quoru:

534 4401 767 4458 modum
788 4397 1327 4468 l'ilasplziemantibus,
1359 4397 1426 4450 ad
1458 4397 1720 4451 eumdem
1769 4413 1992 4466 quoque
2027 4413 2152 4450 mu-
2256 4401 2557 4472 unicuique
2596 4416 2745 4455 cura:
2777 4400 2886 4454 erit
2925 4403 3307 4457 sacrosanctis
3353 4407 3479 4462 sub
3531 4429 3604 4466 se
3648 4420 4002 4472 constituti.-

533 4496 670 4551 dum
710 4491 987 4561 relegatis,
1041 4489 1254 4544 habitet
1298 4493 1592 4560 captetque
1623 4489 1869 4543 consilia.
1917 4489 1973 4544 Si
2017 4489 2150 4560 quid
2253 4493 2505 4549 Ecclesiis
2532 4494 2652 4548 haec
2673 4493 2974 4548 manifesta
2999 4495 3302 4564 facere,ut
3326 4503 3690 4562 neminem
3731 4514 3990 4567 omnim:

531 4592 805 4662 pra‘terea
835 4583 988 4638 aliud
1008 4599 1232 4654 quoque
1257 4582 1735 4636 sanctissimorum
1759 4581 2154 4652 episc0porum
2173 4598 2230 4670 D
2254 4587 2463 4641 lateant
2492 4603 2619 4658 quae
2663 4604 2953 4640 summum
2983 4589 3386 4646 sacerdotium
3433 4595 3856 4672 decreverit,
3889 4623 4001 4676 qur:

535 4679 828 4743 sententia,
857 4693 984 4747 quas
1013 4675 1309 4746 prtedictos
1335 4692 1367 4728 a
1395 4675 1573 4746 gradu
1603 4675 1848 4729 detrahit
1891 4675 2150 4728 ecclesia-
2250 4681 2391 4735 item
2418 4680 2682 4750 majestas
2722 4680 3092 4751 imperatoria
3129 4685 3676 4751 corroboraverit.
3721 4698 3874 4755 Dat,
3910 4675 3990 4754 :xv:

533 4773 694 4840 stico,
731 4775 788 4826 et.
828 4767 1186 4824 anathemate
1230 4766 1498 4837 percellit,
1531 4766 1870 4835 continetur,
1905 4783 2006 4836 pro
2035 4769 2154 4820 rato
2252 4775 2370 4829 Kal.
2397 4777 2540 4844 Aug.
2571 4774 3004 4844 Constantinop.
3037 4773 3193 4828 Bilis.
3228 4791 3285 4830 v.
3319 4795 3376 4834 c.
3417 4798 3610 4841 cons.

624 4935 1100 4998 CONSTITUTIO'
1165 4935 1807 5061 ΞέἓξϐΒΙέΠΞΤΙΝΙΑΝΙ
1875 4936 2058 4991 ΙΜΡΕ-

2439 4953 2498 5000 Ἦ
2524 4949 2821 5002 ΔΙΑΤΑΞΙΣ
2853 4952 3372 5004 ἸΟΥΣΤΙΝΙΑΝΟΥ
3415 4961 3823 5020 ΒΑΣΙΛΕοὲ

607 5127 806 5184 Contra
834 5123 1172 5182 Anthimum,
1214 5120 1486 5178 Severum,
1525 5119 1738 5171 Petrum
1764 5121 1814 5172 et
1841 5118 2080 5171 Zooram.

2363 5077 2508 5126 Κατὰ
2555 5073 2816 5144 ’Δνθίμου,
2870 5077 3121 5147 Σευῆρον,
3183 5077 3434 5150 Πέτρου,
3500 5090 3610 5138 καὶ
3669 5096 3907 5170 Ζωόρα.

604 5241 667 5296 ln
699 5237 928 5294 nomine
969 5233 1188 5290 Domini
1220 5235 1348 5288 Jesu
1377 5231 1580 5286 Christi
1622 5230 1718 5286 Dei
1747 5231 1938 5299 nostri,
1971 5231 2151 5302 impe-

2385 5235 2416 5277 ιν
2457 5225 2667 5296 ὀνόματι
2705 5230 2798 5276 τοῦ
2841 5219 3100 5277 δεσπότου
3143 5232 3322 5284 Ἰησοῦ
3367 5236 3661 5306 Χριστοῦ
3727 5252 3840 5298 τοῦ
3889 5251 3999 5298 Θεεῖ

531 5335 690 5390 rator
715 5331 898 5384 Caesar
922 5329 1138 5382 Flavius
1165 5324 1532 5390 Justinianus,
1563 5324 1934 5392 Alemanicus,
1954 5323 2145 5378 Gothi-

2369 5337 2412 5384 ν,
2446 5316 2776 5389 αὐτοκράτωρ
2808 5321 3036 5390 Καῖσαρ,
3071 5315 3292 5378 Φλάϐιος
3352 5329 3832 5402 ’[ουστινιανὸς’
3875 5342 3983 5392 .A}:

534 5441 652 5490 cus,
717 5421 1030 5487 Francicus,
1093 5418 1475 5485 Germanicus,
1541 5417 1793 5483 Anticus,
1870 5416 2148 5483 Alanicus,

2382 5414 2459 5469 κὸς
2475 5449 2488 5474 ν
2549 5409 2803 5471 Γοτθικὸςν
2865 5413 3153 5480 ΦΡαῪἹικδς
3173 5449 3188 5473 ν
3249 5415 3624 5487 Γερμανικὸς
3650 5467 3669 5484 ο
3754 5437 3996 5485 "A‘arucz.

531 5515 903 5582 Wandalicus,
949 5513 1184 5582 Africus,
1235 5511 1385 5578 Pius,
1433 5511 1588 5574 felix,
1633 5509 1926 5580 gloriosus,
1956 5508 2145 5575 victor,

2380 5506 2547 5570 νικὴς,
2607 5494 2986 5564 Οὗανδαλικός,
3059 5507 3317 5574 Ἀφρικὸς,
3383 5507 3674 5584 εὐσεϐὴς,
3756 5525 3994 5595 εὺτυγτς,

527 5608 928 5680 triumphator,
973 5620 1195 5674 semper
1219 5607 1522 5674 Augustus,
1555 5603 1767 5657 Mennaa
1794 5601 2141 5672 patriarchas.

2379 5593 2464 5656 ξος,
2520 5598 2746 5656 νικητὴς,
2786 5597 3163 5665 τροπαιοῦχος,
3213 5592 3613 5670 ἁεισέϐᾳστος
3670 5585 3993 5690 Αὗγῦνςζεεε

2250 5693 2430 5757 Μηννᾲ
2456 5688 2792 5761 πατριάρχῃ.

489 5787 512 5816 ἱ
599 5820 626 5851 ³
652 5817 748 5872 Ηὶο
773 5813 1047 5883 subjicere
1077 5809 1371 5883 visum_est
1398 5808 1649 5883 ejusdem
1669 5809 1903 5883 novellas
1933 5813 2103 5864 textui

2379 5815 2481 5852 one
2501 5798 2804 5883 descripsit
2827 5798 3272 5883 ‘Mansimconcil.
3303 5809 3471 5864 tom.
3512 5814 3620 5883 IX,
3665 5823 3793 5880 ubi
3827 5827 3993 5881 sim.

531 5868 966 5946 Greecruinnci'im
1006 5879 1381 5934 vetustissima
1425 5868 1882 5952 interpretatione
1921 5895 2089 5953 quam
2118 5895 2148 5934 e
2248 5868 2346 5926 rus
2375 5869 2693 5942 prtetigitur
2718 5868 2935 5935 titulus,
2961 5868 3100 5924 alibi
3128 5868 3780 5954 depravatusff'b—l;
