4088 6420
157 367 254 422 977

992 367 1356 428 JUSTINIANI
1395 371 1723 426 NOVELLJ‘I
1761 370 2093 428 SELECTA].
2135 373 2442 432 NOVELLA
2481 359 2633 429 XLli.

3423 376 3526 433 978

235 481 460 552 Πράγμα
495 475 592 529 οὒκ
619 478 762 538 ἄηθες
789 475 1029 552 βασιλείᾳ
1056 483 1141 531 καί
1169 481 1306 552 ἡμεῖς
1337 485 1669 556 πράττοντες,
1705 479 1789 535 ἐπὶ

1959 479 2137 535 Carm-
2173 495 2396 536 Pnuwn.
2425 511 2495 524 --
2523 482 2660 538 Rem
2700 499 2814 538 non
2852 481 3144 538 insolitam
3183 480 3423 555 imperio
3466 487 3527 540 et

157 575 239 622 τὸν
269 573 514 643 παρόντα
548 568 853 642 ἐληλύθαμεν
877 575 1048 644 νόμον.
1079 576 1282 634 Ὁσάκις
1301 576 1401 648 γάρ
1431 577 1462 633 ἡ
1490 583 1588 628 τῶν
1621 575 1786 650 ἱερέων

157 660 307 732 ﬁed;
349 680 498 720 τινας
541 670 644 714 τῶν
684 662 774 715 ούκ
813 660 966 726 ἀξίων
1015 671 1100 728 τῆς
1144 667 1413 740 ἱερωσύνης
1453 673 1554 719 τῶν
1600 668 1792 742 ἱερατι-

158 763 250 806 κῶν
297 751 612 806 κατεϐίϐασε
654 756 872 830 θρόνων,
922 758 1092 810 ὁποῖον
1140 753 1204 816 δὴ
1253 762 1530 833 Νεστόριόν
1576 779 1649 826 τε,
1703 766 1789 814 καί

161 847 385 916 Εὐτυχῆ.
421 851 618 921 Ἄρειόν
657 867 731 912 τε,
776 853 862 900 καὶ
897 845 1234 916 Μακεδόνιον,
1267 856 1355 903 καί
1402 851 1668 924 Εὐνόμιον,
1703 857 1789 906 καί

156 938 333 999 ἄλλους
363 934 430 996 δὴ
461 958 610 999 τινας
645 940 712 1001 εἰς
746 945 926 996 κακίαν
966 941 1054 994 οὐκ
1079 941 1314 1004 ἐλάττους
1351 941 1570 1008 ἐκείνων,
1599 965 1793 998 τοσαυ-

157 1033 294 1091 τάκις
327 1033 358 1090 ἡ
396 1029 648 1104 βασιλεία
699 1030 962 1104 σύμψηφος
1005 1037 1180 1106 γέγονε
1221 1043 1282 1108 τῇ
1330 1043 1429 1088 τῶν
1479 1038 1645 1111 ἱερέων
1701 1036 1791 1088 αύ-

158 1123 342 1192 θεντίᾳ,
391 1122 530 1175 ὥστε
577 1125 644 1175 τά
691 1123 916 1199 θειότερά
961 1144 1037 1188 τε,
1081 1131 1166 1178 καί
1211 1123 1505 1201 ἀνθρώπινα
1550 1124 1788 1202 συνδρα-

157 1218 315 1286 μόντα
349 1219 477 1288 μίαν
521 1218 819 1288 σύμφωνίαν
856 1224 968 1278 ταῖς
1008 1216 1176 1292 ὀρθαῖς
1211 1220 1525 1278 ποιήσασθαι
1566 1217 1743 1291 ψήφοις
1769 1240 1782 1254 ’

159 1311 352 1364 ὀποῖον
396 1302 462 1365 δή
505 1326 562 1360 τι
607 1311 692 1359 καί
732 1310 951 1379 ἔναγχος
987 1314 1251 1382 γενόμενον
1290 1315 1406 1386 περὶ
1438 1315 1670 1384 Ἂντιμον
1709 1315 1792 1363 ἴσ-

157 1415 264 1470 μεν,
314 1395 642 1453 ἀπελαθέντα
683 1403 773 1472 μὲν
809 1407 900 1453 τού
936 1410 1024 1462 τῆς
1063 1397 1329 1475 βασιλίδος
1374 1407 1561 1464 ταύτης
1601 1403 1788 1464 πόλεως

159 1490 333 1563 θρόνου
359 1495 509 1564 παρά
542 1497 832 1564 Ἀγαπητοῦ
860 1499 951 1545 τοῦ
980 1501 1068 1554 τῆς
1096 1495 1238 1554 ὁσίας
1267 1499 1352 1546 καί
1378 1491 1614 1568 ἀοιδίμου
1648 1501 1789 1568 μνη-

159 1600 248 1652 μης
274 1578 532 1657 προέδρου
575 1589 840 1656 γεγονότος
868 1593 956 1646 τῆς
985 1587 1118 1638 κατὰ
1145 1592 1234 1646 τὴν
1281 1586 1628 1662 πρεσϐυτέραν
1659 1592 1789 1640 Ῥώ-

159 1693 252 1745 μην
295 1671 590 1747 ἁγιωτάτης
622 1677 934 1744 Ἐκκλησίας,
979 1681 1062 1730 οἷα
1103 1698 1158 1732 τε
1197 1681 1330 1732 κατά
1367 1677 1562 1752 μηδένα
1599 1686 1788 1756 τρόπον

160 1765 292 1835 αὐτῷ
343 1772 666 1840 προσήκοντι
719 1771 864 1843 παρά
913 1773 1110 1831 πάντας
1166 1775 1282 1832 τοὺς
1329 1771 1522 1842 εὐαγεῖς
1576 1778 1788 1835 κανόνας

162 1853 618 1916 ἑπεισπηδήσαντα
667 1861 850 1934 θρόνῳ,
899 1870 1038 1934 κοινῇ
1091 1857 1146 1914 δὲ
1192 1859 1338 1934 ψήφῳ
1395 1869 1486 1916 τοῦ
1528 1883 1584 1916 τε
1630 1865 1787 1918 αῦτοῦ

161 1954 243 2007 τῆς
285 1947 436 2020 ἁγίας
475 1948 688 2024 μνήμης
728 1948 912 2027 ἀνδρὸς
939 1957 1206 2028 πρότερον,
1241 1959 1326 2006 καὶ
1353 1959 1452 2026 μὴν
1489 1961 1684 2018 καὶτῆς
1713 1955 1789 2009 ἐν-

161 2040 318 2092 ταῦθα
345 2046 619 2116 γενομένης
651 2046 782 2118 ἱερᾶς
809 2041 1035 2098 συνόδαυ
1069 2043 1568 2119 καταδεδικασμένον
1595 2067 1671 2116 τε,
1703 2055 1788 2102 καὶ

162 2132 522 2206 καθῃρημένον,
557 2131 694 2189 διότι
742 2145 842 2189 τῶν
891 2137 1046 2210 ὀρθῶν
1093 2135 1343 2210 ἀπεφοίτα
1375 2135 1667 2212 δογμάτων.
1703 2147 1788 2194 καί

164 2223 228 2282 οἷς
254 2229 502 2300 πρότερον
541 2227 862 2297 πολλαχόθεν
901 2228 1125 2300 ἐφαίνετο
1159 2231 1407 2304 στέργων,
1437 2237 1605 2284 ταῦτα
1641 2231 1789 2286 ὔστε-

161 2331 244 2384 ρον
291 2311 550 2393 διαφόροις
597 2317 844 2392 ἀπέφευγε
888 2325 1185 2395 περινοίαις,
1221 2327 1654 2396 προσποιούμενος
1695 2328 1784 2396 μὲν

164 2413 266 2466 ταῖς
308 2411 596 2485 τέσσαρσιν
645 2411 815 2484 ἁγίαις
861 2409 1091 2472 συνόδοις
1127 2411 1434 2479 ἀκολουθεῖν,
1481 2423 1543 2486 τῇ
1589 2433 1644 2466 τε
1686 2423 1785 2486 τῶν

162 2492 258 2554 mf
291 2504 531 2576 Πατέρων
571 2511 672 2555 τῶν
713 2503 762 2556 ἓν
802 2509 1014 2574 Νικαίᾳ,
1061 2513 1123 2578 τῇ
1167 2523 1221 2557 τε
1265 2514 1365 2558 τῶν
1409 2506 1439 2580 ῤ
1477 2511 1562 2558 καὶ
1605 2513 1652 2557 ν’
1686 2514 1784 2558 τῶν

165 2585 210 2637 ἐν
257 2595 415 2665 ταύτῃ
465 2603 528 2667 τῇ
575 2590 838 2667 εὐδαίμονι
883 2596 1048 2669 πόλει,
1081 2605 1144 2668 τῇ
1181 2615 1236 2648 τε
1277 2604 1376 2648 τῶν
1412 2595 1462 2648 ἕν
1505 2600 1698 2668 ’Ἐφέσῳ
1726 2602 1786 2650 τὸ

163 2687 353 2750 πρῶτον
403 2687 770 2756 συναχθέντων
815 2683 889 2753 σ’,
926 2697 986 2760 τῇ
1035 2706 1092 2741 τε
1131 2695 1229 2740 τῶν
1273 2687 1504 2760 θεοφιλῶν
1547 2693 1784 2763 Πατέρων

164 2779 254 2822 τῶν
284 2770 334 2824 ἐν
361 2773 656 2835 Χαλκηδόνι
682 2773 796 2848 χλ’.
834 2778 908 2832 Οὔ
936 2783 1034 2852 μὴν
1063 2787 1166 2838 τοῖς
1194 2782 1384 2831 τούτων
1413 2775 1637 2852 δόγμασι
1666 2799 1788 2832 κατ-

165 2863 462 2932 ακολουθῶν,
511 2870 628 2920 οὔτε
677 2874 768 2926 τὴν
821 2871 1066 2943 ἡμετέραν
1113 2868 1512 2942 φιλανθρωπίαν,
1558 2873 1643 2920 καὶ
1693 2874 1784 2928 τὴν

165 2956 569 3025 συγκατάϐασιν,
596 2959 654 3018 ἣν
679 2955 769 3012 διὰ
797 2966 887 3020 τὴν
917 2961 1074 3013 αὐτοῦ
1104 2965 1359 3034 σωτηρίαν
1388 2962 1596 3032 ἔχομεν,
1623 2979 1787 3035 προσ-

166 3041 397 3108 δέξασθαι
423 3049 709 3124 βουληθεὶς,
745 3049 858 3105 οὐδὲ
897 3051 1211 3126 ἀποκηρύξαι
1247 3057 1333 3104 καί
1367 3053 1517 3114 αὐτος
1543 3058 1659 3114 τοὺς
1685 3063 1784 3107 τῶν

163 3136 348 3192 ἀσεϐῶν
400 3137 676 3214 δογμάτων
732 3141 995 3218 ἀρχηγοὺς
1049 3147 1164 3204 τοὺς
1217 3143 1318 3196 ὑπὸ
1372 3151 1472 3195 τῶν
1527 3147 1784 3217 προτέρων

164 3228 312 3301 ἁγίων
355 3231 740 3306 ἐκϐεϐλημένους
781 3232 1012 3289 συνόδων
1047 3255 1058 3267 ⁸
1093 3230 1206 3288 ἀλλ’
1231 3235 1450 3307 οἰόμενος
1477 3243 1671 3308 χρῆναι
1699 3239 1786 3286 καί

164 3329 255 3374 τῶν
297 3327 428 3377 κατά
456 3331 651 3379 ταυτὸν
687 3331 773 3380 καί
811 3326 860 3380 ἄν
901 3332 1030 3398 ἴστῳ
1077 3329 1192 3386 τοὺς
1237 3321 1780 3398 καταδεδικασμένους,

164 3416 271 3474 τούς
311 3435 365 3468 τε
413 3413 865 3480 καταδικάσαντας
912 3421 1074 3490 ἄγειν.
1129 3417 1294 3480 Ἀπαξ
1334 3419 1435 3492 γάρ
1477 3425 1588 3477 ταῖς
1627 3414 1784 3470 ἀλλο-

165 3511 318 3578 τρίαις
364 3517 453 3569 τῆς
500 3509 795 3580 ἁγιωτάτης
839 3509 1102 3570 ἐκκλησίας
1153 3509 1364 3569 ἐννοίαις
1419 3504 1784 3582 κατανδραπο-

167 3591 363 3666 δισθείς,
399 3605 485 3653 καὶ
514 3609 618 3653 τῶν
649 3601 806 3676 ὀρθῶν
845 3602 1234 3676 ἠλλοτριωμένος
1265 3597 1554 3672 δογμάτων,
1590 3601 1786 3660 εἰκότως

167 3688 226 3748 εἷς
255 3695 344 3748 τὴν
396 3692 570 3746 αὐτῶν
628 3695 718 3746 οὐκ
763 3698 982 3765 ἴσχυσεν
1033 3692 1318 3745 ἐπανελθεῖν
1357 3693 1604 3767 ὀρθότητα
1627 3733 1640 3758 ,
1701 3695 1786 3744 καί

165 3787 320 3836 ταῦτα
363 3783 490 3862 παρ’
536 3789 674 3858 ἡμῶν
713 3792 799 3840 καὶ
839 3790 1150 3860 προτραπεὶς
1191 3789 1277 3837 καί
1327 3781 1603 3856 ὁδηγηθείς,
1653 3789 1786 3837 πᾶσι

165 3881 498 3948 χρησαμένων
526 3875 748 3951 σπουδῇ,
779 3883 903 3952 πρὸς
931 3882 1022 3936 τὴν
1052 3881 1308 3951 σωτηρίαν
1337 3880 1430 3934 τὴν
1457 3875 1638 3931 αὐτοῦ,

239 4031 332 4080 Διά
379 4036 550 4084 ταῦτα
594 4025 764 4084 τοίνυν
811 4027 1040 4094 ἅπαντα,
1087 4032 1178 4087 τὴν
1221 4029 1488 4100 γενομένην
1537 4020 1619 4079 ἐπ’
1647 4025 1786 4096 αὐτῷ

166 4127 246 4180 τῆς
286 4123 622 4198 καθαιρέσεως
663 4122 824 4196 ψῆφον
870 4124 1014 4196 παρὰ
1060 4129 1148 4182 τῆς
1186 4121 1333 4192 ἁγίας
1367 4114 1606 4185 συνόδου,
1651 4137 1785 4192 προ-

165 4213 305 4278 φάσει
343 4223 430 4274 τῆς
477 4233 536 4268 τε
574 4214 631 4267 ού
673 4216 896 4288 θεμιτῆς,
931 4209 1046 4266 οὐδὲ
1082 4214 1181 4266 ὑπὸ
1227 4219 1326 4264 τῶν
1363 4209 1520 4282 ἁγίων
1564 4214 1785 4262 κανόνων

165 4310 569 4378 μαρτυρουμένης
636 4315 734 4359 τῶν
797 4315 884 4368 τῆς
952 4301 1218 4380 βασιλίδος
1277 4306 1463 4362 ταύτης
1525 4303 1785 4376 ἱερατικῶν

165 4393 344 4465 θρόνων
373 4395 630 4471 ἁρπαγῆς,
667 4403 752 4451 καί
793 4407 882 4458 τῆς
915 4395 1018 4450 ἀπὸ
1055 4405 1155 4450 τῶν
1187 4396 1342 4470 ὀρθῶν
1381 4411 1437 4446 τε
1477 4397 1564 4444 καὶ
1590 4389 1785 4450 ἀληθῶν

167 4479 425 4556 δογμάτων
458 4488 722 4564 ἐκτροπῆς,
757 4495 936 4564 κυρίαν
975 4491 1006 4548 ἡ
1049 4490 1268 4562 ἡμετέρα
1302 4485 1493 4538 τίθεται
1521 4482 1780 4558 βασιλεία,

1890 593 1990 630 nos
2013 576 2388 642 facientes,ad
2417 582 2757 648 praesentem
2783 580 3040 634 venimus
3061 581 3267 650 legem.
3291 581 3522 644 Quoties

1888 669 2039 724 enim
2073 671 2428 725 sacerdotum
2457 671 2737 726 sententia
2751 673 3030 744 quosdam
3050 673 3322 744 indignos
3349 691 3528 730 sacer-

1889 762 2043 817 dotio
2064 763 2132 818 dc
2148 763 2316 817 sacris
2335 763 2562 818 sedibus
2590 765 2853 835 deposuit
2881 767 3380 836 (quemadmodum
3411 768 3520 824 Ne-

1888 856 2144 924 storium,
2175 857 2505 926 Eutychem,
2535 857 2764 926 Arium,
2793 858 3204 924 Macedonium,
3237 864 3296 914 et
3335 862 3520 915 l-Zuno-

1889 947 2092 1016 mium,
2120 965 2183 1002 ac
2206 949 2484 1018 quosdam
2517 949 2654 1004 alios
2687 949 2762 1004 ad
2789 950 3156 1021 iniquitatem
3189 967 3302 1006 non
3330 953 3519 1009 mino-

1888 1058 1981 1096 res
2007 1041 2154 1111 illis),
2183 1042 2349 1096 toties
2388 1042 2694 1114 imperium
2725 1044 2977 1114 ejusdem
3020 1045 3317 1099 sententia:
3344 1050 3398 1100 et
3425 1061 3520 1100 or-

1889 1133 2194 1191 dinationis
2219 1151 2351 1188 cum
2393 1135 2754 1191 sacerdotum
2793 1137 3130 1192 auctoritate
3158 1137 3286 1192 fuit.
3318 1137 3524 1210 Sicque

1889 1226 2078 1281 divina
2105 1231 2162 1282 et
2189 1227 2440 1282 humana
2460 1228 2673 1298 pariter
2699 1230 3096 1284 concurrentia
3115 1246 3292 1284 unam
3321 1246 3520 1285 conso-

1889 1319 2145 1374 nuntiam
2176 1321 2344 1374 rectis
2375 1321 2671 1375 sententiis
2697 1321 2878 1376 fecere
2913 1338 2927 1375 :
2961 1323 3442 1393 quemadmodum
3469 1326 3526 1378 ct

1887 1429 2076 1484 nuper
2102 1413 2310 1467 factum
2338 1429 2458 1467 esse
2485 1413 2632 1468 circa
2659 1414 2998 1468 Anthimum
3030 1415 3256 1480 scimus,
3277 1416 3374 1486 qui
3395 1415 3524 1488 qui-

1889 1506 2020 1560 dem
2051 1505 2302 1576 dejectus
2331 1512 2415 1562 est
2443 1507 2514 1560 de
2557 1507 2691 1561 sede
2718 1507 2888 1577 hujus
2932 1508 3106 1579 regias
3133 1508 3289 1562 urbis
3315 1514 3525 1564 sancta

1889 1602 1945 1653 et
1986 1598 2242 1670 gloriosae
2287 1599 2574 1654 memoriae
2604 1599 2845 1670 Agapito
2887 1600 3253 1654 sanctissimae
3283 1601 3526 1656 ecclesiae

1889 1691 2136 1762 antiquas
2165 1692 2360 1746 Romae
2386 1691 2687 1763 pontiﬁce;
2721 1707 2788 1746 eo
2816 1691 2968 1762 quod
3006 1693 3166 1758 nullo
3197 1693 3370 1747 modo
3417 1694 3525 1750 sibi

1888 1783 1999 1855 ipsi
2044 1783 2399 1840 convenienti
2446 1783 2659 1856 (contra
2705 1800 2906 1839 omnes
2955 1801 3144 1839 sacros
3172 1786 3434 1856 canones)
3464 1801 3524 1841 se

1809 1850 2193 1932 Bintruserat
2235 1877 2372 1944 sedi,
2427 1877 2524 1931 sed
2578 1882 2635 1932 et
2675 1877 2968 1931 communi
3020 1877 3302 1932 sententia
3345 1877 3522 1948 ipsius

1888 1973 2095 2024 sanctae
2140 1969 2434 2024 memoria!
2476 1969 2580 2024 viri
2631 1970 2901 2040 primum,
2944 1975 3113 2040 atque
3153 1970 3322 2024 etiam
3349 1987 3522 2026 sacras

1887 2061 2085 2134 synodi
2109 2063 2200 2116 hic
2225 2063 2525 2117 celebratae
2556 2063 2968 2117 condemnatus
2992 2067 3048 2116 et
3077 2063 3360 2133 depositus
3389 2063 3517 2128 fuit,

1889 2171 1957 2209 eo
1991 2155 2144 2226 quod
2170 2171 2204 2209 a
2249 2155 2421 2209 rectis
2449 2155 2809 2226 dogmatibus
2849 2154 3102 2222 recessit;
3134 2159 3190 2208 et
3213 2171 3341 2227 qua:
3367 2155 3526 2226 prius

1888 2247 2174 2301 multoties
2203 2247 2438 2318 diligere
2479 2247 2792 2314 videbatur,
2843 2247 2963 2300 haec
3010 2247 3240 2301 demum
3291 2247 3527 2302 diversis

1886 2339 2312 2394 lustrationibus
2380 2337 2709 2410 [fraudibus]
2781 2339 2962 2409 fugit;
3031 2338 3304 2393 simulans
3365 2339 3524 2410 sequi

1888 2437 2108 2486 sanctas
2137 2435 2382 2502 quatuor
2409 2432 2656 2502 synodos
2682 2433 3091 2500 (trecentorum
3122 2431 3379 2485 videlicet
3421 2431 3516 2486 de-

1886 2541 2011 2579 cem
2041 2529 2098 2578 et
2125 2530 2249 2578 octo
2287 2525 2514 2578 Patrum
2545 2523 2603 2577 in
2630 2524 2817 2578 Nicaea
2838 2566 2852 2592 ,
2887 2529 2943 2578 et
2979 2529 3206 2578 centum
3235 2523 3519 2594 quinqua-

1887 2618 2043 2688 ginta
2069 2617 2128 2671 in
2155 2617 2261 2672 hac
2286 2617 2434 2670 felici
2459 2616 2716 2686 civitate;
2751 2622 2808 2670 et
2831 2616 2889 2671 in
2924 2617 3143 2688 Epheso
3169 2616 3356 2687 primo
3382 2631 3519 2671 con-

1887 2714 2253 2782 gregatarum
2273 2709 2672 2778 ducentorum,
2687 2715 2744 2764 et
2764 2715 3161 2764 sexcentorum
3179 2708 3413 2779 triginta
3431 2724 3523 2764 ve-

1888 2801 2226 2856 nerabilium
2265 2803 2499 2856 Patrum
2537 2801 2598 2856 in
2627 2801 3018 2868 Chalcedone).
3049 2804 3121 2856 At
3158 2801 3388 2872 quidem
3416 2817 3520 2855 nec

1884 2895 2124 2948 istorum
2156 2894 2426 2965 dogmata
2455 2895 2635 2964 sequi,
2667 2910 2771 2949 nec
2799 2899 3052 2948 nostram
3077 2893 3445 2948 clementiam
3465 2895 3524 2947 et

1886 2987 2350 3054 condescensum,
2380 3003 2551 3058 quem
2579 2992 2812 3058 propter
2848 2987 3023 3058 ipsius
3059 2986 3300 3040 salutem
3344 2985 3520 3040 habe-

1885 3079 2106 3146 bamus,
2134 3079 2419 3150 suscipere
2447 3079 2654 3148 voluit;
2683 3095 2870 3151 neque
2895 3079 3014 3150 ipse
3039 3079 3299 3133 abdicare
3323 3083 3520 3132 aucto-

1886 3189 1975 3226 res
2002 3172 2310 3242 impiorum
2334 3172 2690 3242 dogmatum,
2713 3173 2812 3243 qui
2835 3171 2993 3244 prius
3012 3189 3046 3226 a
3066 3171 3272 3226 sanctis
3295 3171 3523 3242 synodis

1885 3264 2102 3335 expulsi
2147 3264 2402 3332 fuerant;
2460 3265 2556 3318 sed
2608 3244 2829 3335 putavit
2893 3270 3155 3335 oportere
3206 3263 3520 3318 secundum

1884 3357 2072 3428 ipsum
2115 3361 2172 3410 et
2197 3356 2258 3410 in
2287 3357 2493 3426 aequali
2521 3357 2723 3411 ducere
2752 3361 2810 3412 et
2835 3357 3266 3423 condemnatos,
3299 3361 3355 3410 et
3385 3372 3516 3410 con-

1885 3449 2261 3504 demnatores.
2286 3449 2426 3502 Nam
2459 3449 2631 3503 semel
2653 3447 2849 3503 alienis
2874 3465 2907 3503 a
2947 3449 3298 3502 sanctissima
3325 3447 3516 3503 Eccle-

1886 3542 1970 3596 sia
2015 3540 2388 3595 intellectibus
2413 3540 2782 3612 mancipatus,
2814 3545 2870 3596 et
2893 3558 2923 3594 a
2952 3540 3120 3595 rectis
3158 3539 3520 3617 dogmatibus

1885 3633 2173 3700 alienatus,
2203 3633 2404 3686 merito
2445 3633 2518 3687 ad
2555 3633 2810 3704 ipsorum
2857 3631 3254 3687 rectitudinem
3312 3631 3520 3686 reverti

1885 3743 2002 3781 non
2031 3725 2224 3794 valuit,
2255 3725 2428 3780 etiam
2451 3725 2522 3780 ad
2548 3725 2670 3780 haec
2697 3724 2961 3780 invitatus
3001 3741 3035 3778 a
3071 3723 3234 3779 nobis
3263 3727 3321 3777 et
3359 3722 3515 3778 dire-

1886 3828 2026 3891 ctus,
2068 3822 2166 3894 qui
2205 3822 2362 3878 omni
2405 3821 2592 3877 studio
2617 3821 2706 3876 usi
2736 3839 2931 3883 sumus
2955 3822 3027 3877 ad
3048 3820 3224 3892 ipsius
3252 3821 3515 3876 salutem.

1957 4012 2195 4082 Propter
2215 4009 2334 4063 haec
2353 4007 2530 4079 igitur
2551 4007 2762 4074 omnia,
2785 4007 3125 4062 sententiam
3156 4007 3520 4078 depositionis

1885 4103 1948 4157 in
1973 4103 2162 4174 ipsum
2192 4119 2226 4156 a
2262 4107 2462 4156 saneta
2491 4100 2707 4172 synodo
2748 4101 2954 4154 factam
3000 4099 3356 4155 occasionem
3401 4115 3521 4156 non

1884 4195 2044 4262 liciti,
2079 4212 2265 4266 neque
2311 4212 2344 4248 a
2392 4195 2598 4248 sanctis
2640 4193 2952 4248 canonibus
2985 4193 3280 4265 approbati
3327 4199 3524 4264 raptus

1887 4304 2173 4342 sacrarum
2201 4287 2420 4342 sedium
2451 4285 2622 4356 hujus
2664 4285 2838 4357 regiae
2866 4285 3042 4352 urbis,
3075 4291 3130 4340 ct
3159 4285 3463 4340 eversionis
3490 4302 3524 4340 a

1855 4414 1859 4418 -
1887 4381 2052 4436 rectis
2078 4385 2134 4434 et
2165 4380 2309 4434 veris
2337 4378 2723 4450 dogmatibus,
2769 4379 2994 4432 firmam
3033 4383 3294 4432 nostrum
3341 4378 3526 4433 reddit

1887 4473 2212 4544 imperium,
2231 4475 2288 4526 et
2307 4476 2505 4526 contra
2529 4471 2701 4524 istum
2729 4475 3065 4542 praesentem
3093 4470 3285 4524 scribit
3309 4472 3520 4542 legem.

167 4579 245 4625 καὶ
271 4575 352 4630 ἐπὶ
391 4584 590 4642 τούτοις
618 4585 704 4634 τὸν
743 4584 980 4655 παρόντα
1015 4583 1194 4654 γράφει
1237 4582 1409 4650 νόμον.
1447 4578 1784 4650 “Rw/Wa)”

1889 4564 2278 4620 lnterdicimus
2303 4567 2496 4617 autem
2527 4565 2584 4618 et
2614 4563 2665 4616 ei
2708 4562 3048 4617 commorari
3099 4563 3160 4615 in
3213 4562 3321 4616 hac
3377 4561 3523 4618 felici

165 4683 248 4734 μεν
277 4664 332 4721 δὲ
375 4671 516 4744 αὐτῷ
545 4677 631 4724 καί
661 4681 748 4732 τῆς
787 4674 918 4724 κατά
945 4677 1036 4730 τήν
1079 4666 1355 4742 εὐδαίμονα
1395 4670 1585 4726 ταύτην
1614 4665 1782 4732 πόλιν,

167 4763 247 4808 καὶ
286 4770 370 4822 τῆς
413 4761 718 4839 περιοικίδος
763 4764 918 4825 αὐτῆς
956 4760 1241 4838 διατριϐῆς,
1287 4766 1373 4814 καί
1411 4763 1578 4819 πάσης
1621 4759 1790 4832 ἑτέρας

169 4857 260 4900 τῶν
310 4851 570 4929 ἐπισήμων
616 4856 833 4930 πόλεων,
883 4857 1202 4917 θεσπίζοντες
1255 4848 1326 4924 ἐφ’
1365 4854 1589 4921 ἡσυχίας
1635 4845 1784 4912 εἶναι,

170 4946 248 4992 καί
307 4951 498 5009 τούτοις
553 4952 807 5023 στέργειν,
861 4948 931 5010 οἷς
984 4949 1163 5000 ἑαυτὸν
1219 4944 1368 5010 ἀξίως
1419 4945 1650 5008 ὑπέθηκε,
1707 4947 1793 4994 καὶ

169 5040 288 5104 μήτε
315 5046 451 5094 τισίν
483 5041 840 5108 ἐπικοινωνεῖν,
877 5047 1003 5114 μήτε
1042 5038 1319 5102 ἐκϐιϐάζειν
1350 5037 1532 5096 αὐτούς
1571 5041 1662 5094 την
1691 5043 1790 5088 τῶν

171 5121 582 5205 ἀπηγορευμένων
632 5129 901 5206 δογμάτων
949 5129 1226 5186 ἀπώλειαν.
1275 5129 1350 5183 Οὐ
1399 5134 1497 5202 μὴν
1541 5123 1655 5180 οὐδὲ
1700 5131 1792 5185 τὴν

173 5210 368 5282 δικαίως
409 5223 755 5297 ἐξενεχθεῖσαν
785 5227 918 5278 κατά
963 5230 1179 5299 Σευήρου
1217 5221 1401 5295 ψῆφον,
1436 5226 1526 5280 τὴν
1568 5218 1622 5272 ἐκ
1655 5223 1792 5274 πάν-

175 5327 289 5377 των»
321 5317 384 5376 ὡς
409 5317 587 5384 εἰπεῖν,
617 5327 716 5372 τῶν
746 5316 1122 5393 ἀρχιερατικῶν
1153 5335 1228 5379 τε,
1259 5319 1346 5367 καὶ
1375 5321 1788 5388 πατριαρχικῶν,

172 5405 296 5470 μετά
341 5415 426 5468 τῆς
473 5419 756 5482 μοναχικῆς
808 5414 1142 5470 συναινέσεως
1189 5407 1534 5482 προελθοῦσαν
1581 5405 1789 5479 θρόνων,

174 5496 260 5550 τὴν
301 5501 385 5550 τὸν
427 5498 839 5576 ἀναθέματισμὸν
881 5501 1174 5573 ἐπάγουσαν
1213 5499 1372 5570 αὐτῷ,
1410 5497 1677 5572 βασιλικῆς
1704 5496 1796 5558 ἔξω

175 5587 610 5666 καταλιμπάνομεν
665 5591 1021 5668 ἑπικυροσεως,
1075 5589 1125 5652 ὃς
1179 5595 1423 5664 πρότερον
1479 5590 1624 5663 παρὰ
1682 5592 1797 5650 τούς

179 5676 327 5750 ἱεροὺς
363 5683 572 5758 θεσμοὺς
619 5683 918 5739 καταλαϐὼν
956 5689 1043 5738 τὸν
1088 5685 1264 5759 θρόνον
1311 5691 1398 5744 τῆς
1443 5683 1796 5736 Θεουπολιτῶν

180 5764 454 5837 ἁγιωτάτης
499 5775 783 5842 ἰκκλησίας,
837 5770 970 5829 ούτῶ
1004 5771 1342 5848 συνετάραξεν
1391 5769 1622 5836 ἅπαντα,
1667 5769 1798 5824 οὕτω

183 5870 541 5932 μεταπεποίηκε
587 5875 846 5949 ταραχῆς,
894 5870 956 5931 ὡς
1005 5870 1167 5922 κοινόν
1211 5883 1329 5920 τινα
1375 5867 1460 5918 καί
1513 5859 1798 5941 “impun”

1889 4657 2111 4714 civitate
2141 4661 2196 4711 et
2219 4655 2340 4726 ejus
2367 4655 2626 4709 districtu
2650 4695 2664 4721 ,
2695 4671 2759 4708 ac
2803 4654 2861 4708 in
2905 4670 3242 4725 quacunque
3274 4654 3386 4708 alia
3431 4654 3522 4709 in-

1891 4750 2040 4821 signi
2069 4749 2291 4804 civitate
2321 4748 2638 4802 sancientes
2669 4747 2726 4801 in
2769 4747 2958 4818 quiete
3009 4763 3146 4812 esse,
3187 4750 3244 4799 et
3282 4746 3350 4800 iis
3396 4763 3525 4802 con-

1891 4847 2113 4899 tentum
2134 4858 2274 4908 esse,
2307 4841 2510 4913 quibus
2536 4840 2782 4912 seipsum
2810 4838 3012 4892 merito
3056 4839 3365 4894 obnoxium
3396 4840 3520 4894 red-

1892 4936 2063 5004 didit;
2099 4939 2157 4989 et
2183 4951 2299 4990 non
2327 4932 2608 5004 aliquibus
2635 4931 3074 5000 communicare,
3099 4948 3281 5003 neque
3307 4949 3404 4988 eos
3423 4933 3527 4988 im-

1891 5029 2066 5084 buere
2086 5028 2144 5082 in
2174 5026 2551 5098 perditionem
2571 5024 2998 5079 interdictorum
3037 5024 3388 5095 dogmatam.
3413 5026 3525 5080 Nec

1893 5122 2088 5194 utique
2105 5118 2624 5191 extraimperialem
2642 5116 3134 5172 conﬁrmationem
3148 5117 3528 5188 relinquimus

1895 5213 2236 5270 sententiam
2255 5213 2406 5284 juste
2433 5215 2628 5266 contra
2654 5211 2921 5266 Severum
2954 5209 3150 5280 latam,
3179 5227 3242 5264 ac
3283 5227 3352 5265 ex
3399 5227 3524 5265 om-

1895 5307 2060 5364 nibus
2088 5309 2171 5379 (ut
2205 5307 2284 5360 ita
2312 5305 2580 5373 dicamus)
2616 5302 3034 5374 pontiﬁcalibus
3079 5309 3135 5358 et
3178 5304 3528 5376 patriarcha-

1897 5401 2043 5456 lihus
2069 5401 2197 5471 (una
2235 5415 2365 5454 cum
2405 5395 2750 5451 monachicis
2773 5397 3158 5466 consensibus)
3189 5398 3528 5468 provenieu-

1899 5499 2013 5550 tem
2038 5492 2264 5548 sedibus
2286 5533 2299 5559 ,
2332 5495 2388 5546 et
2418 5489 2960 5545 anathematismum
3003 5489 3108 5562 ipsi
3149 5489 3489 5546 inferentem
3514 5509 3528 5544 :

1899 5587 1996 5658 qui
2021 5587 2178 5658 prius
2205 5590 2399 5640 contra
2425 5599 2611 5638 sacras
2645 5583 2957 5638 sanctiones
2982 5583 3312 5655 accipiendo
3339 5583 3530 5637 sedem

1898 5679 2263 5735 sanctissimze
2293 5677 2540 5734 ecclesiae
2565 5676 3138 5748 Theopolitanorum,
3169 5675 3246 5730 sic
3271 5675 3532 5729 universa

1898 5771 2271 5839 conturbavit,
2296 5771 2488 5843 sicque
2507 5771 2894 5826 accumulatas
2921 5768 3265 5824 turbationes
3287 5766 3438 5833 fecit,
3467 5771 3533 5820 ut

1899 5881 2198 5924 commune
2228 5865 2516 5944 quondam
2546 5881 2609 5921 ac
2635 5862 3014 5924 abominabile
3052 5859 3268 5918 bellum
3297 5856 3533 5916 sanctis-
