4088 6454
535 407 638 460 979

1667 394 1916 451 ΞᾹΞΕΙΙΙᾸ
1955 392 2142 448 SEXTI
2179 388 2727 447 SUPPLEMENTUM.

3881 381 3994 433 980

535 513 692 569 simis
731 509 984 567 Ecclesiis
1013 506 1080 560 ad
1105 504 1341 559 invicem
1368 502 1718 557 immitteret.
1754 502 1822 555 Et
1849 501 1954 554 hoc
1982 499 2172 579 etiam,

2398 499 2708 574 ἁγιωτάταις
2751 497 3038 558 ἐκκλησίαις
3073 495 3312 570 ἔμϐαλεὶν
3357 498 3504 569 πρὸς
3558 490 3836 550 ἀλλήλας
3881 493 3991 541 πό-

535 623 570 662 a
597 603 832 674 sceptris
856 615 984 671 quae
1023 603 1153 652 ante
1187 613 1290 650 nos
1314 595 1544 650 fuerunt
1571 597 1764 648 contra
1807 593 1990 663 ipsum
2023 591 2154 645 serio

535 701 698 770 ptum
725 696 866 762 erat,
895 691 1059 746 variis
1101 690 1431 760 dogmatum
1469 692 1525 742 et
1565 703 1600 740 a
1647 685 1984 740 rectitudine
2024 683 2154 738 alie-

534 787 680 844 natis
705 785 998 842 fraudibus
1035 786 1090 837 et
1119 779 1458 836 commentis
1485 794 1548 832 ac
1579 776 1944 848 blasphemiis
1989 791 2153 830 usum

535 881 724 950 fuisse,
745 894 810 934 ac
830 876 1086 932 universa
1105 873 1486 938 conturbasse,
1504 875 1560 924 et
1579 870 1739 924 illum
1757 881 2155 938 quemcunque

537 987 786 1028 errorem
823 966 1282 1024 abominabilium
1305 963 1805 1021 hmresiarcharum
1839 965 1895 1015 et
1931 961 2151 1031 iniquo-

538 1081 668 1120 rum
695 1065 1026 1134 dogmatum
1062 1059 1330 1128 recipere,
1374 1055 1609 1111 Nestorii
1661 1053 1924 1120 dicimus,
1969 1055 2024 1106 et
2053 1053 2157 1105 Eu-

536 1157 745 1229 tychis;
761 1159 960 1209 etcum
975 1157 1215 1222 uterque
1231 1151 1434 1204 horum
1454 1150 1872 1218 praeceptorum
1894 1142 2157 1198 contrarii

541 1247 956 1321 quodammodo
983 1245 1224 1300 invicem
1247 1257 1366 1310 esse
1384 1241 1699 1305 videantur,
1728 1238 1800 1292 ad
1835 1253 2012 1291 unum
2027 1252 2156 1290 vero

541 1339 844 1412 impietatis
878 1337 1054 1392 ﬁnem
1095 1335 1362 1401 tendant,
1399 1332 1567 1386 etiam
1594 1330 1820 1384 illorum
1849 1328 2160 1398 divulgatos

541 1449 854 1500 sermones,
883 1446 1016 1485 eum
1059 1429 1118 1483 in
1161 1442 1344 1481 unum
1382 1423 1726 1480 formavisse.
1756 1421 1979 1475 Duobus
2009 1419 2160 1472 enim

543 1525 909 1582 existentibus
935 1520 1289 1593 dogmatibus
1330 1518 1399 1571 ad
1426 1516 1664 1570 invicem
1694 1511 2158 1584 repugnantibus,

543 1638 784 1695 quorum
809 1626 1113 1690 utrumque
1149 1615 1410 1670 similiter
1433 1613 1504 1666 ad
1543 1611 1747 1666 animae
1785 1608 2162 1680 perditionem

541 1713 790 1782 adducit,
833 1709 1071 1766 Nestorii
1111 1707 1367 1762 videlicet
1393 1711 1448 1760 et
1484 1703 1746 1775 Eutychis
1771 1701 2158 1774 (quemadmo-

542 1809 678 1862 dum
695 1805 928 1861 dicendo
950 1800 1318 1869 narravimus)
1339 1798 1438 1870 qui
1463 1813 1531 1852 ex
1561 1797 1897 1851 Arianorum
1925 1797 1980 1848 et
1997 1792 2162 1862 Apol-

2249 591 2419 664 λεμον,
2472 597 2560 644 καί
2605 598 2756 645 τοῦτο
2808 595 2895 642 καὶ
2939 597 3044 650 τοῖς
3087 595 3189 664 πρὸ
3235 591 3385 662 ὑμῶν
3451 592 3796 660 σκήπτροις
3853 588 3995 656 πρὸς

2251 683 2403 736 αὑτὸν
2449 685 2746 758 γεγράφθαι,
2781 681 3034 742 ποικίλαις
3073 686 3164 754 μὲν
3217 678 3516 754 δογμάτων
3568 683 3675 730 καὶ
3730 674 3994 733 ἀπηλλο-

2251 777 2546 848 τριωμέναις
2573 783 2660 834 τῆς
2705 774 2969 848 ὀρθότητος
2997 777 3279 847 περινοίαις
3308 791 3391 833 τε,
3430 775 3534 824 καὶ
3581 769 3993 844 βλασφημίαις

2252 868 2600 939 χρησάμενον,
2647 863 2854 918 ἅπαντα
2891 860 2946 917 δὲ
2985 865 3416 939 συνταράξαντα,
3467 868 3573 915 καὶ
3632 866 3824 934 μόνον
3884 867 3992 912 τῶν

2253 963 2339 1016 τῆς
2386 957 2623 1030 ἑκατέρου
2687 963 2786 1008 τῶν
2842 957 3194 1029 αἰρεσιαρχῶν
3240 955 3450 1015 πλάνης
3517 950 3840 1027 βδελυρῶν
3911 969 3989 1012 τε,

2255 1052 2339 1099 καί
2385 1044 2600 1100 ἀνοσίων
2643 1044 2913 1120 δογμάτων
2953 1045 3326 1118 ἀντεχόμενον,
3375 1051 3719 1119 Νεστορίου
3769 1063 3867 1110 τε,
3907 1050 3997 1096 καὶ

2258 1139 2540 1208 Εὐτυχοῡς,
2596 1143 2680 1190 καὶ
2729 1146 2829 1192 τῶν
2887 1139 3128 1212 ἑκατέρου
3176 1141 3379 1190 τούτων
3443 1139 3882 1209 καθηγεμόνων
3947 1134 3999 1197 ἐξ

2256 1228 2486 1290 ἐναντίας
2523 1233 2612 1301 μέν
2653 1250 2759 1290 πως
2789 1224 2918 1281 εἶναι
2959 1226 3248 1282 δοκούντων
3292 1227 3586 1300 ἀλληλοις,
3638 1233 3792 1303 πρὸς
3831 1226 3889 1280 ἓν
3942 1225 3997 1281 δὲ

2257 1321 2391 1380 τέλος
2437 1328 2522 1380 τῆς
2565 1317 2794 1380 ἀσεϐείας
2841 1319 3200 1392 ἐπειγομένων,
3251 1326 3340 1372 καί
3385 1325 3520 1380 τοὺς
3576 1321 3820 1373 ἐκείνων
3875 1339 3995 1388 χα-

2257 1416 2674 1486 ρακτηριστικοὺς
2699 1411 3121 1484 ἐντυπωσάμενον
3167 1412 3370 1482 λόγους.
3421 1417 3602 1465 Δνοῖν
3637 1415 3762 1486 γάρ
3817 1415 3996 1464 ὄντων

2258 1501 2494 1556 ἐναντίων
2547 1501 2776 1564 ἀλληλοις
2831 1500 3138 1576 δογμάτων,
3191 1505 3262 1554 ὧν
3314 1505 3585 1578 ἑκάτερον
3658 1507 3879 1577 ὁμοίως
3933 1505 4001 1564 εἰς

2258 1593 2481 1666 ψυχικὴν
2527 1593 2780 1648 ἀπώλειαν
2827 1597 2962 1667 ἄγει,
3011 1601 3103 1648 τοῦ
3148 1602 3472 1670 Νεστορίου,
3513 1603 3626 1650 τοῦ
3680 1616 3750 1649 τε
3814 1596 3998 1650 Ebria-

2257 1693 2403 1758 χοῦς,
2434 1687 2659 1760 καθάπερ
2691 1687 2912 1747 εἰπόντες
2953 1689 3188 1760 ἔφθημεν,
3222 1686 3359 1762 ἅπερ
3392 1688 3454 1740 ἐκ
3492 1697 3614 1740 τῶν
3657 1695 3996 1763 Ἀριιανὼν,

2259 1784 2344 1830 καί
2371 1787 2469 1830 τῶν
2503 1778 2852 1852 Ἀπολιναρίου
2889 1783 3113 1836 συνέστη
3138 1783 3492 1851 μιασμάτων,
3535 1780 3722 1841 αὐτὸς
3776 1801 3846 1834 τι
3885 1801 3998 1834 πα-

538 1899 723 1955 linarii
751 1895 1084 1967 contagione
1113 1893 1452 1958 consistunt;
1483 1889 1602 1960 ipse
1629 1887 1979 1959 paradoxum
2027 1885 2163 1955 quid

2373 1872 2470 1934 »ξον
2501 1872 2698 1936 παθὼν,
2733 1873 2912 1943 ὁμοίως
2957 1872 3023 1932 είς
3073 1871 3311 1945 ἑκάτερον
3355 1871 3728 1944 ἐμπέπτωκε.
3778 1879 3898 1927 Καὶ
3928 1883 4000 1932 πῆ

539 2006 836 2064 perpessus
861 1989 920 2042 in
957 1991 1264 2056 utrumque
1293 1982 1553 2038 similiter
1577 1980 1778 2036 incidit
1804 1994 1818 2032 :
1851 1981 1908 2033 et
1931 1976 2008 2032 ibi
2032 1977 2159 2047 qui-

545 2085 676 2140 dem
705 2082 844 2138 illud
869 2079 1162 2146 mittendo,
1191 2077 1438 2146 seipsum
1467 2079 1522 2127 et
1547 2087 1836 2126 sermones
1861 2086 1988 2124 suos
2015 2069 2163 2123 visus

547 2182 630 2232 est
665 2173 1012 2230 constituisse
1072 2184 1371 2224 commune
1410 2165 1824 2236 receptaculum
1874 2166 2164 2216 tantorum

547 2269 896 2324 delictorum.
940 2263 1023 2319 Sit
1063 2263 1252 2332 itaque
1279 2264 1334 2314 et
1357 2259 1478 2330 ipse
1507 2257 1610 2311 sub
1641 2256 1903 2327 praedicto
1935 2255 2167 2308 anathe-

543 2360 822 2426 matismo,
850 2372 1020 2427 quem
1050 2353 1342 2408 universus
1366 2349 1773 2421 patriarchalis,
1809 2346 2162 2417 pontiﬁcalis,

543 2471 606 2508 ac
634 2449 996 2508 monachicus
1037 2451 1262 2514 nostrm,
1295 2448 1357 2498 ut
1401 2443 1479 2496 ita
1523 2442 1794 2506 dicamus,
1847 2437 2167 2508 reipublicaa

547 2551 720 2600 costus
737 2543 887 2614 juste
914 2540 974 2596 in
1002 2539 1186 2609 ipsum
1226 2535 1446 2591 induxit
1469 2551 1482 2588 :
1515 2534 1584 2588 de
1613 2531 2014 2602 Theopolitana
2040 2529 2166 2600 qui-

547 2641 675 2693 dem
723 2633 967 2691 Ecclesia
1015 2631 1239 2702 ejectus,
1295 2628 1504 2684 idcirco
1541 2625 1690 2698 quod
1737 2625 1974 2678 thronus
2019 2622 2170 2676 illius

543 2709 730 2802 ipsum
767 2725 1024 2791 removit,
1071 2741 1136 2779 eo
1177 2723 1328 2794 quod
1375 2720 1550 2792 ipsius
1595 2717 1970 2789 principatum
2020 2720 2170 2770 recte

545 2839 659 2878 non
682 2821 990 2890 acceperat,
1021 2817 1116 2871 sed
1153 2815 1337 2869 adhuc
1373 2813 1593 2866 vivente
1633 2826 1719 2878 eo,
1762 2813 1818 2863 et
1845 2809 1903 2862 in
1940 2806 2167 2860 sanctis-

547 2915 702 2970 simis
740 2909 994 2966 Ecclesiis
1035 2909 1501 2971 commemorato,
1537 2902 1634 2974 qui
1677 2906 1807 2956 ante
1849 2901 2037 2970 ipsum
2081 2915 2168 2952 sa-

549 3005 864 3060 cerdotium
888 3002 1134 3056 habebat
1151 3041 1165 3069 ,
1205 3005 1260 3054 et
1298 3001 1528 3068 propter
1550 3009 1680 3048 eum
1705 2993 1803 3063 qui
1833 2997 1960 3063 post
1986 2991 2172 3060 ipsum

550 3099 676 3165 fuit,
730 3097 799 3150 de
830 3093 1136 3148 sacerdotio
1173 3090 1475 3146 exciderat.
1517 3087 1626 3140 Nec
1673 3101 1804 3138 vero
1844 3100 2174 3157 progressus

551 3192 663 3246 huc
688 3203 868 3259 usque
894 3185 1157 3252 substitit,
1199 3183 1291 3236 sed
1318 3186 1372 3234 et
1399 3180 1498 3232 sub
1531 3177 1817 3232 communi
1845 3175 2173 3230 orthodoxae

551 3299 615 3338 ac
645 3280 934 3336 catholicae
960 3276 1213 3332 Ecclesiae
1244 3269 1964 3340 anathematismopositus,
1983 3268 2174 3321 multis

551 3369 1216 3442 libris,blasphemiisque
1241 3370 1295 3420 et
1321 3361 1829 3419 abominationibus
1850 3360 2008 3414 nobis
2033 3376 2175 3414 rem-

551 3466 835 3540 publicam
905 3461 1174 3532 implevit.
1227 3458 1411 3522 Quare
1469 3454 1741 3509 universis
1791 3451 2175 3507 interdicimus

551 3559 760 3632 aliquid
789 3557 856 3612 de
887 3553 1044 3609 libris
1085 3551 1261 3623 ipsius
1299 3549 1608 3621 possidere.
1641 3548 1707 3600 Et
1741 3545 1884 3600 sicut
1909 3561 2023 3599 non
2048 3544 2177 3598 licet

553 3650 793 3708 Nestorii
829 3647 1000 3702 libros
1042 3644 1308 3712 scribere,
1337 3643 1423 3696 vel
1457 3639 1748 3712 possidere
1783 3637 1929 3708 (quia
1955 3637 2172 3708 praede-

556 3742 863 3800 cessorihus
886 3739 1094 3794 nostris
1139 3733 1575 3806 imperatoribus
1599 3733 1656 3786 in
1683 3731 1796 3785 suis
1821 3729 2174 3785 constitutio-

555 3837 722 3891 nibus
761 3833 944 3888 visum
989 3835 1073 3886 est
1113 3833 1361 3882 statuere
1403 3824 1608 3878 similia
1649 3823 1736 3878 his
1776 3839 1902 3893 quae
1951 3822 2097 3876 dicta
2125 3825 2180 3875 et

555 3930 764 3999 scripta
813 3929 943 3980 sunt
982 3940 1014 3976 a
1065 3918 1371 3990 Porphyrio
1412 3917 1472 3970 in
1515 3916 1902 3983 Christianos),
1951 3914 2027 3967 sic
2076 3929 2179 3968 nec

559 4022 706 4076 dicta
730 4023 785 4074 et
811 4017 1020 4086 scripta
1044 4011 1231 4069 Severi
1258 4013 1528 4064 maneant
1558 4024 1728 4079 penes
1746 4007 1989 4078 aliquem
2020 4006 2176 4060 Chri-

559 4111 827 4176 stianum,
860 4107 956 4161 sed
992 4106 1104 4159 sint
1132 4103 1369 4175 profana
1411 4106 1467 4158 et
1502 4101 1682 4154 aliena
1719 4100 1788 4154 ab
1823 4098 2064 4153 Ecclesia
2096 4114 2182 4152 ca-

560 4201 790 4269 tholica,
824 4199 1068 4270 igneque
1097 4195 1498 4250 comburantur
1524 4211 1556 4247 a
1595 4191 2007 4264 possidentibus
2030 4231 2043 4257 ,
2071 4189 2181 4243 nisi

561 4294 660 4368 qui
685 4293 806 4366 ipsa
832 4291 1061 4359 habent,
1111 4288 1283 4342 velint
1325 4285 1643 4357 periculum
1671 4283 1806 4355 pati.
1861 4286 1906 4337 A
1955 4282 2182 4336 nemine

563 4403 699 4460 ergo
742 4385 1075 4450 scribantur,
1124 4395 1308 4451 neque
1348 4379 1415 4432 ad
1457 4375 1968 4448 pulchritudinem,
1999 4390 2184 4446 neque

564 4481 635 4536 ad
664 4478 1018 4534 velocitatem
1045 4471 1430 4540 scribentium,
1453 4470 1680 4524 sciendo
1716 4468 1846 4538 quia
1872 4466 2186 4538 amputatio

563 4589 763 4628 manus
791 4571 876 4626 his
924 4568 1024 4641 qui
1073 4565 1280 4636 scripta
1309 4565 1429 4634 ejus
1472 4561 1812 4633 scripserint,
1854 4576 2025 4632 poena
2058 4559 2182 4614 erit.

565 4667 753 4737 Neque
782 4663 934 4718 enim
960 4660 1218 4714 volumus
1256 4657 1315 4710 in
1347 4656 1537 4710 futuro
1571 4659 1822 4724 tempore
1849 4669 1918 4706 ex
1945 4651 2055 4705 illis
2075 4651 2189 4705 bla-

565 4757 878 4831 sphemiam
903 4751 1172 4826 protrahi.
1203 4747 1474 4804 Similiter
1497 4750 1686 4801 autem
1715 4749 1771 4800 et
1799 4744 1932 4799 huic
1961 4743 2190 4798 interdi-

565 4851 746 4907 cimus
775 4847 1006 4905 omnino
1051 4843 1262 4916 regiam
1307 4841 1586 4896 civitatem
1609 4837 1850 4908 ingredi,
1883 4842 1980 4890 aut
2008 4836 2190 4890 distri-

568 4949 722 4999 ctum
751 4942 890 5013 ejus,
922 4955 1024 4994 nec
1051 4937 1300 5008 aliquam
1329 4932 1496 4988 aliam
1524 4932 1592 4986 de
1621 4929 1936 5000 insignibus
1957 4970 1972 4994 ,
2004 4928 2102 4982 sed
2131 4927 2190 4982 in

569 5037 757 5108 aliqua
793 5031 1090 5088 solitudine
1129 5032 1185 5083 et
1225 5027 1284 5082 in
1320 5025 1542 5081 silentio
1570 5023 1784 5084 sedere,
1817 5026 1874 5076 et
1909 5037 2026 5074 non
2067 5036 2188 5073 cor-

569 5143 834 5199 rumpere
862 5129 1114 5194 caetcros,
1141 5136 1328 5192 neque
1365 5119 1425 5172 in
1456 5113 1869 5188 blasphemiam
1913 5113 2062 5185 ipsos
2091 5113 2188 5168 ad-

572 5221 794 5288 ducere,
824 5221 882 5273 et
906 5234 1020 5272 non
1046 5229 1272 5287 semper
1295 5209 1509 5282 aliquid
1538 5208 1667 5264 novi
1697 5205 1950 5262 invenire
1999 5209 2193 5259 contra

573 5328 708 5366 vera
752 5311 1037 5381 dogmata,
1088 5324 1188 5380 per
1231 5303 1384 5379 quod
1423 5319 1618 5358 rursus
1646 5299 1810 5355 nobis
1856 5298 2191 5368 conturbare

575 5402 946 5458 sanctissimas
970 5399 1235 5456 Ecclesias
1262 5397 1506 5454 festinet.

647 5498 772 5552 CAP.
807 5494 872 5548 ll.
914 5523 982 5534 —-
1017 5492 1127 5548 Sed
1167 5508 1271 5549 nec
1298 5493 1526 5547 Petrum
1563 5486 1884 5559 episcopum
1910 5482 2191 5556 Apamiae,

577 5595 633 5645 et
658 5586 826 5642 simul
871 5585 940 5640 ab
979 5585 1130 5657 ipsis,
1173 5601 1206 5638 a
1247 5583 1450 5657 quibus
1483 5581 1748 5648 Severus,
1795 5577 1898 5632 sub
1927 5575 2196 5648 praedicto

2259 1967 2348 2036 μὲν
2377 1967 2548 2027 τοῦτο,
2589 1971 2658 2034 πῇ
2692 1959 2747 2014 δὲ
2788 1961 2942 2014 ἐκεῖνο
2971 1962 3290 2037 πρεσϐεύων,
3329 1970 3512 2016 κοινὸν
3549 1962 3720 2028 ἔδοξε
3769 1962 4002 2036 δοχεῐον

2262 2053 2435 2104 ἑαυτὸν
2477 2069 2531 2102 τε
2571 2056 2656 2102 καί
2703 2055 2818 2110 τοὺς
2846 2052 3010 2105 αὐτοῦ
3039 2053 3216 2125 λόγους
3247 2063 3352 2106 τῶν
3400 2055 3773 2112 τηλικούτων
3807 2057 4001 2114 πλημ-

3932 2113 3942 2128 .

2261 2142 2557 2214 μελημάτων
2589 2149 2934 2200 καταστῆσαι.
2977 2147 3146 2194 Ἔστω
3190 2148 3370 2194 τοίνυν
3404 2149 3500 2196 καὶ
3535 2145 3724 2206 αὑτὸς
3760 2150 3884 2199 ὑπὸ
3917 2151 4003 2199 τὸν

2264 2235 2516 2308 εἰρημένον
2547 2232 2981 2306 άναθεματισμὸν,
3033 2233 3088 2286 ὂν
3123 2233 3266 2287 ἅπαν
3313 2240 3378 2287 τὸ
3418 2245 3887 2312 πατριαρχικόν
3924 2258 3999 2302 τε,

2265 2330 2349 2376 καὶ
2393 2327 2660 2398 ἱερατικὸν,
2701 2331 2788 2376 καὶ
2828 2330 3114 2396 μοναχικὸν
3165 2335 3254 2386 τῆς
3306 2330 3605 2402 ἡμετερας,
3665 2333 3748 2390 ὡς
3803 2330 3998 2395 εἰπεῖν,

2263 2415 2516 2476 πολιτείας
2557 2425 2744 2487 σχῆμα
2775 2411 2981 2476 δικαίως
3014 2415 3268 2488 ἐπήγαγεν
3301 2418 3474 2488 αὐτῷ,
3514 2428 3622 2480 τῆς
3665 2426 3784 2494 μὲν
3821 2429 4003 2474 Θεον-

2264 2506 2482 2560 πολιτῶν
2531 2504 2898 2577 ἐκϐεϐλημένος,
2950 2503 3086 2559 διότι
3134 2526 3232 2580 περ
3284 2509 3452 2561 αὐτὸν
3511 2513 3544 2562 ὁ
3601 2509 3750 2564 κατ’
3799 2512 4004 2570 ἐκείνην

2267 2595 2575 2651 ἀπεσείσατο
2625 2599 2816 2671 θρόνος,
2875 2599 2956 2649 οἶα
3011 2595 3142 2670 μηδὲ
3192 2605 3286 2657 τὴν
3338 2597 3530 2674 ἀρχὴν
3592 2603 3790 2678 ὀρθῶς
3846 2607 4009 2665 αὐτῆς

2269 2689 2646 2761 ἐπειλημμένον,
2691 2685 2804 2740 αλλ’
2828 2690 2904 2740 ἔτι
2935 2694 3122 2752 ζῶντός
3151 2711 3204 2743 τε
3247 2697 3336 2743 καί
3371 2691 3424 2744 ἐν
3469 2703 3604 2755 ταῖς
3648 2696 4010 2769 ἁγιωτάταις

2269 2779 2551 2840 ἐκκλησίαις
2592 2777 3088 2853 ἀνακηρυττομένου,
3142 2791 3234 2834 τοῦ
3286 2787 3393 2857 πρὸ
3438 2785 3630 2838 αὐτοῦ
3687 2793 3806 2847 τὴν
3867 2793 4012 2841 ίεοω-

2270 2876 2424 2931 σύνην
2467 2871 2764 2942 ἐσχηκότος,
2809 2873 2955 2946 παρά
2986 2869 3041 2924 δὲ
3073 2880 3164 2926 τοῦ
3195 2870 3311 2946 μετ’
3341 2874 3513 2928 αὐτὸν
3549 2887 3660 2938 τῆς
3703 2844 4012 2946 ἱερωσόντς

2271 2963 2640 3023 ἐκπεπτωκότος
2667 2983 2679 2996 ο
2729 2959 2786 3016 οὗ
2819 2967 3022 3016 στάντα
3065 2961 3120 3016 δὲ
3164 2971 3330 3038 μέχρι
3371 2971 3582 3020 τούτου
3634 2933 3856 3042 μόνον,
3897 2969 4010 3024 ἀλλ’

2549 3055 2562 3070 ί
2619 3058 2630 3072 δ
2800 3061 2810 3073 ἱ

2269 3051 2364 3112 ἤδη
2413 3059 2498 3105 καὶ
2541 3075 2640 3107 mro
2686 3075 2848 3107 κοινον
2906 3052 3330 3128 ἇναθεματιτμὸν
3383 3067 3480 3118 τῆς
3533 3060 3872 3135 ὀρθοδάξου
3930 3069 4012 3116 καί

2272 3150 2534 3211 καθολικῆς
2564 3149 2826 3210 ἐκκλησίας
2861 3157 3154 3224 γενόμενον²
3191 3159 3278 3203 καὶ
3310 3155 3530 3208 πολλῶν
3563 3161 3714 3230 ἧμιν
3749 3160 4008 3234 βιβλίωνι

2193 3219 2248 3294 C
2272 3241 2582 3314 βλασφημων
2622 3261 2696 3308 τε,
2733 3247 2818 3293 καὶ
2867 3241 3297 3318 ἀπηγορευμένων
3346 3219 3761 3318 ἐμπλήσαντα.
3793 3259 3866 3306 τὸ
3915 3275 4012 3307 πο-

2273 3329 2501 3403 λίτευμα.
2559 3334 2720 3384 Ὥστε
2768 3337 2852 3383 καί
2898 3330 3288 3408 ἀπαγορεύομεν
3335 3335 3523 3391 ἅπασι
3566 3349 3689 3394 τῶν
3748 3339 3938 3398 αἶ)τοῦ
3969 3365 4018 3397 τι

2273 3423 2541 3480 κεκτῆσθαι
2586 3422 2816 3495 βιϐλίων,
2855 3429 2953 3476 Καί
2994 3426 3170 3501 ὥσπερ
3203 3424 3294 3479 οἰκ
3337 3429 3523 3492 ἔξεστι
3559 3435 3641 3485 τὰ
3690 3441 4019 3490 Nae-racia;

2273 3517 2498 3586 γράφειν,
2533 3513 2564 3571 ἢ
2607 3517 2878 3572 κεκτῆσθαι
2925 3515 3123 3590 βιϐλία,
3162 3514 3300 3570 διότι
3329 3529 3444 3582 τοῖς
3478 3530 3598 3597 πρὸ
3637 3529 3814 3597 ἡμῶν
3856 3492 4021 3584 αἱτο-

2356 3608 2366 3620 ,
2925 3579 2935 3590 ι
3425 3579 3436 3582 -
3527 3579 3536 3597 ι
3659 3579 3687 3600 -ι
3860 3579 3995 3584 ""‘

2275 3623 2569 3679 κρατορσιν,
2606 3604 2654 3656 ἐν
2704 3614 2816 3666 ταῖς
2859 3609 3051 3660 ἑαυτῶν
3098 3605 3430 3679 διατάξεσιν,
3480 3613 3648 3681 ἔδοξε
3693 3631 3826 3683 τοῖς
3871 3626 4020 3675 ποισά

2276 3701 2558 3770 Πορφυρίου
2604 3699 2736 3750 κατὰ
2775 3704 3106 3773 Χριστιανῶν
3153 3701 3444 3776 εἰρημένοις
3489 3709 3674 3780 ὅμοια
3721 3679 4019 3769 καθεστά-

2277 3806 2381 3853 ναι,
2416 3786 2545 3840 οὖτω
2573 3793 2700 3860 μήτε
2726 3791 2792 3842 τὰ
2833 3796 3033 3866 Σευήρῳ
3063 3793 3285 3868 ῥηθέντα
3315 3815 3398 3862 τε,
3435 3804 3536 3851 καὶ
3585 3811 3907 3878 γραφέντα
3941 3827 4021 3860 με,

2277 3883 2400 3932 νέτω
2422 3881 2564 3953 παρὰ
2593 3901 2695 3932 τινι
2721 3887 3042 3956 Χριστιανῷ,
3080 3881 3197 3938 ἀλλ’
3233 3889 3374 3940 ἔστω
3407 3863 3663 3962 βέϐηλοέ
3709 3863 3817 3952 καὶ
3851 3863 4020 3954 ἀλλό-

2278 3990 2398 4044 τρια
2434 3979 2520 4032 ri};
2563 3973 2822 4033 καθολικῆς
2870 3973 3156 4043 ἐκκλησίας,
3211 3984 3343 4053 πυρί
3394 4000 3458 4034 τε
3513 3985 3826 4059 φλεγέσθω
3875 3997 4020 4047 ποιοά

2278 4072 2376 4115 τῶν
2413 4069 2746 4137 κεκτημένων,
2787 4066 2829 4118 εἷ
2875 4073 2946 4139 μὴ
2991 4067 3271 4140 βούλονται
3322 4069 3686 4132 κινδυνεύειν
3748 4086 3807 4135 οἰ
3850 4049 4023 4137 ταῦτα

2279 4156 2502 4224 ἔχοντες.
2558 4157 2828 4229 Γραφὲσθω
2882 4176 2937 4209 τε
2985 4161 3132 4234 παρά
3177 4157 3402 4232 μηδενὸς
3455 4170 3528 4219 τὸ
3581 4169 3831 4234 λοιπὸν,
3895 4174 4017 4234 una;

2303 4217 2344 4224 .-
2599 4217 2608 4229 .
2672 4217 2682 4227 .
3063 4217 3073 4234 .
3177 4217 3243 4232 ,ν
3383 4217 3400 4224 -
3508 4217 3521 4219 κ
3585 4217 3800 4226 ηπ---

2279 4253 2378 4296 τῶν
2435 4245 2500 4306 εἰς
2544 4245 2740 4312 κάλλος,
2790 4243 2919 4320 μηδὲ
2962 4257 3061 4301 τῶν
3105 4250 3172 4310 εἰς
3221 4256 3397 4323 τάχος
3449 4217 3842 4332 γραψόντωνί
3890 4229 4023 4340 μηδὲ

2790 4307 2800 4320 ι
3154 4307 3166 4310 -
3293 4307 3338 4323 ιν
3377 4307 3393 4314 ·
3460 4307 3571 4330 Ir"
3622 4307 3811 4317 """"
3944 4307 4023 4326 ’Μ’

2282 4336 2439 4388 ἄλλον
2481 4340 2613 4397 τινὸς
2667 4346 2768 4390 τῶν
2817 4343 3047 4410 πάντων,
3095 4338 3290 4403 εἰδότος
3343 4348 3416 4406 ὡς
3483 4307 3776 4416 ain-2291?},
3825 4307 4023 4430 ’12.},-

2704 4428 2714 4430 μ
3900 4402 3920 4412 -
3947 4395 3976 4430 ;¹
4007 4401 4023 4418 ²

2282 4430 2430 4481 ἔσται
2459 4436 2561 4488 τοῖς
2589 4431 2658 4481 τά
2699 4428 2886 4483 ἐκείνου
2915 4437 3200 4506 γράφουσιν
3231 4437 3261 4492 ἠ
3293 4444 3486 4498 ποινή,
3529 4441 3691 4500 οἶδὲ
3726 4401 4023 4526 γάρᾶβξνῖ

2286 4519 2471 4592 λόμεθα
2499 4525 2582 4571 καί
2626 4528 2697 4591 τῷ
2725 4520 3004 4594 λειπομένῳ
3045 4529 3228 4599 χρόνῳ
3278 4533 3378 4587 τὴν
3433 4529 3491 4594 ἐξ
3543 4492 3786 4593 ἐκείνοῖν
3815 4492 4023 4598 {grtia-u-

2287 4612 2463 4686 ρεσθαι
2507 4611 2853 4684 βλασφημίαν.
2891 4619 3103 4686 Ὁμοίως
3139 4613 3196 4668 δὲ
3251 4613 3318 4676 δὴ
3359 4627 3459 4674 καὶ
3492 4634 3714 4683 τοῦτον
3753 4643 4024 4694 παντοίως

2286 4701 2664 4778 ἀπαγορεύομεν
2693 4712 2779 4764 τῆς
2823 4703 3092 4778 βασιλίδος
3122 4707 3414 4764 ἐπιϐαίνειν
3469 4719 3700 4784 πόλεως
3736 4726 3775 4783 ἢ
3827 4747 4026 4781 1:50ng-

2288 4792 2422 4856 κίδος
2465 4789 2637 4861 αὐτῆς,
2671 4795 2822 4857 ἄλλης
2862 4815 2918 4849 τε
2957 4806 3058 4850 τῶν
3108 4798 3396 4854 ἐπιϐαίνειν
3452 4811 3685 4876 πόλεως
3727 4817 3767 4876 ἢ
3816 4785 4021 4872 πεὲιοι-

2289 4884 2424 4948 κίδος
2463 4883 2640 4953 αὐτῆς,
2679 4887 2831 4949 ἄλλης
2876 4908 2932 4942 τε
2975 4897 3076 4942 τῶν
3123 4890 3543 4972 ἐπισημοτέρων
3591 4913 3782 4972 τινὸς,
3824 4877 3952 4964 ἀί),
3981 4912 4022 4963 ἐν

3281 4951 3290 4965 ι
3419 4951 3431 4972 ι
3518 4951 3532 4954 '
3605 4951 3754 4970 """
3824 4951 3932 4964 “"r‘
3981 4951 4021 4963 "

2290 4975 2470 5052 ἐρημίᾳ
2517 4983 2640 5042 τινὶ,
2689 4983 2776 5030 καί
2822 4981 3026 5050 ἠσυχίᾳ
3071 4983 3353 5052 καθῆσθαι,
3403 4996 3504 5042 καὶ
3555 5003 3644 5066 μὴ
3695 4951 4022 5074 διξιφθείεεςν

2293 5069 2304 5074 -
2359 5072 2365 5074 .
2645 5064 2683 5074 Α.
2776 5068 2788 5074 -
2874 5069 2911 5074 Α-
3293 5070 3308 5074 -
3929 5057 3937 5074 Ι

2291 5069 2504 5160 ετίρους,
2565 5064 2694 5160 μηδέ
2745 5068 2812 5130 είς
2861 5069 3196 5144 βλασφημίαν
3248 5070 3452 5139 αὐτοὺς
3512 5057 3843 5160 ἑλεδώνας,
3907 5057 4021 5150 ,ληδέ

2291 5156 2370 5210 ἀεί
2398 5178 2450 5211 τι
2477 5163 2648 5212 καινὸν
2679 5157 2981 5234 ὶξευρίσκειν
3013 5165 3148 5216 κατὰ
3176 5173 3279 5216 τῶν
3312 5165 3542 5226 ἀληθῶν
3567 5133 3914 5254 ιδογέλάἐωέ
3963 5137 4024 5234 '5‘.

2322 5249 2344 5254 ά
2463 5249 2488 5254 Α
2627 5253 2632 5254 7
3923 5225 3934 5246 9

2293 5249 2348 5302 οὗ
2399 5249 2552 5304 πάλιν
2611 5253 2728 5322 ἡμῖν
2786 5253 3107 5328 συνταράξαι
3161 5258 3256 5316 τάς
3328 5249 3714 5331 ἁγιωτάτας-Ἰ
3747 5273 4024 5333 ἐκκλησίας

2293 5359 2578 5395 σπευσειεν.

2373 5469 2448 5530 Οὔ
2477 5480 2576 5549 μὸν
2607 5471 2722 5530 οὖδὲ
2768 5481 2956 5552 Πέτρον
2985 5481 3074 5533 τὸν
3108 5486 3395 5556 Ἀπαμείας
3428 5497 3758 5566 γενόμενον
3814 5500 4022 5554 Exin:-

2293 5587 2410 5634 πον,
2445 5573 2530 5619 καί
2571 5566 2680 5641 ἅμα
2719 5573 2810 5642 μὲν
2854 5571 3225 5645 καθῃρημένον,
3262 5573 3380 5648 ἅμα
3424 5575 3487 5633 δὲ
3536 5583 3642 5639 ἐπὶ
3699 5601 3828 5654 τοῖς
3860 5589 4022 5650 αἰτεῖς

575 5681 936 5737 anathemate
970 5654 1238 5750 phsitum,
1264 5654 1596 5746 imperium
1633 5671 1912 5740 admittit,
1945 5669 2040 5724 sed
2087 5669 2170 5722 sin

2399 5655 2468 5720 οξ
2508 5667 2716 5736 Σευῆρος
2760 5661 2860 5715 ὑπὸ
2899 5667 2958 5714 τὸ
3003 5663 3267 5738 εἰρημένον
3315 5666 3584 5746 ἀνάθεμα
3640 5687 4022 5752 γενόιιενον,ἑ

574 5774 757 5830 valida
786 5789 914 5846 qua:
949 5728 1148 5826 cbntra
1189 5728 1569 5840 ipsum‘t'uere
1611 5769 1834 5820 statuta.
1875 5728 1942 5817 ιὲι
1969 5761 2067 5834 qui
2095 5761 2172 5816 sul

2373 5751 2535 5805 σιλεία
2575 5758 2864 5828 προσίεται,
2900 5751 3014 5807 ἀλλ’
3041 5759 3176 5810 ἔστω
3219 5767 3382 5834 κυρία
3421 5728 3522 5819 κοίί
3581 5728 3674 5825 τάξ
3713 5737 3854 5833 κεί-τ’
3877 5728 4023 5834 αὖίεέ

584 5813 757 5830 una...
786 5813 914 5846 ,μου
950 5813 1148 5826 πω...
1189 5813 1377 5840 πη...-
1410 5813 1566 5822 -ν.---
1611 5813 1833 5820 -._-___-
1875 5813 1941 5817 _-
1976 5813 2066 5834 ιη

579 5865 868 5920 communi
894 5860 1366 5917 anathematismo
1390 5858 1602 5930 positus
1629 5862 1732 5924 est,
1769 5855 1872 5910 sub
1902 5855 2020 5926 ipso
2050 5859 2168 5909 esto

2373 5849 2627 5920 φισθίντα.
2665 5853 2764 5902 Καὶ
2791 5850 2889 5903 ὑπὸ
2927 5855 3012 5904 τὸν
3049 5857 3216 5907 κοινὸν
3249 5813 3480 5929 ταχθεὶς
3529 5813 4002 5950 ὧξθέᾷτξὲξ

3729 5913 4016 5947 run”...
