4088 6418
158 375 254 428 981

1027 371 1390 428 JUSTINIANI
1427 371 1752 427 NOVELL/E
1790 370 2123 427 SELECTJE.
2163 371 2469 429 NOVELLA
2509 375 2662 430 XLII.

3419 377 3525 432 982

158 477 247 535 ὑπ’
289 475 478 548 αὐτὸν,
513 483 666 549 ἔστω,
701 489 790 544 τῆς
816 489 915 536 τῶν
945 481 1244 554 ἁγιωτάτων
1286 479 1569 558 ἀρχιερέων
1615 481 1795 557 προελ-

1901 480 1953 532 et
1981 478 2268 534 sententia
2293 479 2779 538 sanctissimorum
2805 479 3158 553 pontiﬁcum,
3188 498 3317 554 quae
3335 482 3526 556 ipsum

160 576 344 636 θούσης
374 570 461 628 ἐπ’
493 569 668 636 αὐτοῖς
697 571 862 648 ψήφου
906 578 1080 650 κυρίας
1111 569 1466 646 διαμενούσης.
1501 569 1610 629 Οὐκ
1657 573 1798 646 37:16-

159 686 248 740 μεν
280 663 338 720 δὲ
368 662 491 722 οὔδε
534 667 705 740 ἐκείνῳ
735 671 925 726 ταύτην
977 667 1128 721 οἰκεῖν
1162 673 1253 726 τήν
1284 665 1536 742 βασιλίδα
1562 669 1734 734 πόλιν,
1766 669 1797 730 ἣ

160 765 250 819 τὴν
290 754 454 822 αὐτῆς
497 757 805 836 περιοικίδα,
837 764 868 819 ἤ
909 779 1027 814 τινα
1071 767 1172 813 τῶν
1218 765 1554 836 σεμνοτέρων,
1586 757 1699 815 ἀλλ’
1727 762 1796 815 ὧν

160 851 473 911 ἠκολούθησε
503 861 566 928 τῇ
594 852 784 926 πλάνη,
813 856 1005 906 τούτων
1031 854 1282 926 μιμείσθω
1309 858 1396 907 καί
1435 859 1527 914 τήν
1566 851 1794 922 δίαιταν,

160 943 524 1018 ἀπῳκισμένος
566 945 648 1000 ὅτι
683 945 1016 1021 πορῥωτάτω,
1068 951 1154 998 καί
1204 949 1438 1020 κρύπτων
1489 948 1688 1014 ἑαυτὸν,
1735 951 1800 1010 ὡς

161 1044 262 1096 τοῖς
309 1054 370 1108 γε
417 1039 667 1098 τοιούτοις
710 1041 770 1090 τὸ
815 1037 1132 1112 κρύπτεσθαι
1163 1036 1352 1111 μᾶλλον
1399 1043 1490 1091 τοῦ
1536 1038 1801 1110 φαίνεσθαι

162 1127 606 1202 λυσιτελέστερον.
657 1134 878 1200 Ἀφανεῖς
923 1132 1015 1202 μὲν
1054 1131 1154 1204 γὰρ
1194 1132 1333 1190 ὄντες
1382 1131 1587 1192 ἑαυτούς
1642 1149 1802 1183 κατα-

163 1218 421 1290 ϐλάψουσι
449 1224 634 1292 μόνους
663 1241 675 1255 ο
713 1217 1096 1294 δημοσιεύοντες
1133 1217 1188 1274 δὲ
1229 1223 1296 1274 τά
1335 1223 1526 1275 ἑαυτῶν
1565 1218 1802 1295 δόγματα

164 1311 366 1372 πολλοῖς
405 1319 510 1365 τῶν
539 1309 878 1387 ἀφελεστέρων
907 1309 1132 1387 ἀφορμὴν
1173 1309 1410 1373 άπολείας
1452 1315 1795 1386 παρέχουσιν,

165 1403 286 1478 ὅπερ
329 1399 450 1456 κατ’
500 1398 685 1458 οὐδένα
728 1405 960 1476 γίνεσθαι
1005 1408 1215 1478 τρόπον.
1259 1402 1308 1456 ἐν
1357 1412 1420 1476 τῇ
1461 1409 1800 1478 Χριστιανικῇ

168 1499 256 1548 τοῦ
285 1499 420 1548 Θεοῦ
468 1499 679 1568 ποίμνη,
724 1500 810 1548 καί
844 1504 916 1567 τῷ
961 1491 1208 1570 όρθοδόξῳ
1251 1494 1356 1568 λαῷ
1402 1491 1596 1550 δίκαιόν
1635 1493 1796 1565 ἐστιν,

168 1581 282 1640 οὖδὲ
310 1588 462 1662 παρά
490 1596 578 1649 τῆς
609 1587 873 1662 βασιλείας
901 1590 1346 1662 συγχωρούμενον.

245 1740 389 1789 Ἐπεί
419 1732 478 1789 δὲ
507 1739 596 1788 καὶ
623 1741 828 1811 Ζωόραν
855 1735 1078 1800 ἠξίωσαν
1106 1735 1229 1796 ὅλως
1255 1735 1356 1792 ὑπὸ
1390 1732 1800 1809 άναθεματισμὸν

167 1828 212 1878 οἱ
258 1825 711 1900 σεϐασμιὼτατοι,
759 1831 844 1878 καί
895 1829 963 1880 τὰ
1009 1822 1186 1878 δίκαια
1231 1830 1487 1900 κρίναντες
1535 1822 1804 1878 ἕπίσκοποι

165 1920 508 1985 ποιήσασθαι,
541 1921 728 1994 μικράν
759 1937 878 1971 τινα
904 1919 1221 1993 παρενθήκην
1260 1925 1360 1970 τῶν
1396 1919 1636 1969 τοιούτῶν
1677 1919 1805 1969 ὄντα

166 2019 351 2076 κακῶν,
393 2009 446 2062 ἄν
488 2009 561 2070 οἷς
587 2011 892 2082 ήτίμασται,
928 2015 988 2062 τὸ
1023 2015 1144 2081 γοῦν
1174 2007 1296 2068 ὅλως
1333 2016 1515 2078 τυχεῖν
1543 2012 1682 2068 τινὸς
1718 2002 1803 2063 εὗ-

165 2109 474 2178 πορήσαντα
520 2108 736 2176 μνήμης,
770 2104 903 2155 ἔστω
945 2107 1030 2154 καί
1058 2105 1258 2176 Ζωόρας
1301 2109 1390 2162 τῆς
1425 2107 1648 2174 πονηρᾶς
1682 2103 1806 2153 ταύ-

165 2215 249 2255 της
277 2191 505 2270 μερίδος,
542 2195 774 2266 Ἀνθίμου
803 2212 880 2260 τε,
915 2198 1001 2245 καί
1040 2198 1275 2266 Σευήρου,
1310 2197 1395 2244 καὶ
1424 2197 1618 2266 Πέτρου
1644 2195 1802 2264 φαμὲν

165 2288 454 2360 παρενθήκη
502 2306 578 2346 τις
621 2281 850 2352 εὖτελὴς,
903 2289 989 2338 καί
1031 2283 1081 2336 ἓν
1128 2293 1232 2344 τοῖς
1265 2273 1804 2356 άνᾶτεθεματισμίνοις

167 2385 250 2431 καί
295 2375 456 2440 αὖτὸς
501 2379 740 2450 τετάχθω
784 2387 872 2438 τῆς
917 2380 1166 2451 ἱερατικῆς
1207 2373 1370 2430 αὖτὸν
1413 2380 1804 2448 κατενεγκούσης

166 2470 348 2544 ψήφου,
384 2470 446 2530 ἣν
487 2474 666 2545 κυρίαν
709 2472 796 2522 καί
837 2465 998 2526 αὐτὴν
1047 2465 1120 2542 ἐφ’
1144 2471 1321 2528 ἑαυτῆς
1359 2468 1516 2521 οὖσαν
1558 2471 1802 2542 κυριωτέ-

167 2583 258 2637 ραν
287 2565 365 2617 ἔτι
393 2561 590 2636 μᾶλλον
620 2565 650 2620 ἡ
690 2561 931 2636 βασιλεία
957 2570 1114 2626 ποιεῖ,
1149 2566 1236 2614 καί
1262 2567 1441 2614 τοῦτον
1470 2559 1805 2623 ἑξελάύνουσα

167 2663 252 2716 τῆς
279 2651 552 2729 βασιλίδος
592 2657 780 2713 ταύτης
807 2653 1016 2716 πόλεως,
1057 2657 1142 2704 καί
1169 2660 1258 2712 τῆς
1291 2645 1446 2710 αὐτῆς
1474 2645 1799 2724 περιοικίδος,

167 2751 249 2798 καί
289 2745 376 2798 ἕπί
420 2751 518 2805 τήν
547 2753 647 2799 τῶν
689 2745 882 2798 πόλεων
924 2747 1120 2802 οἴκησιν
1159 2737 1300 2812 αύτῷ
1328 2744 1579 2800 παντοίως
1605 2737 1806 2810 ἀπαγο-

168 2842 406 2910 ρεύουσα,
436 2838 570 2890 ὥστε
597 2831 709 2910 μετ’
730 2835 927 2888 ἆκεινων
952 2839 1117 2906 μόνων
1148 2833 1298 2886 οἰκεῖν
1328 2851 1402 2898 τε,
1428 2836 1514 2885 καί
1538 2830 1805 2904 βουλεύεσ-

167 2930 250 2981 θαι
275 2938 378 2981 τῶν
423 2929 708 3004 ἔμπροσθεν
747 2929 866 2998 ἡμῖν
910 2925 1200 2998 εἰρημένων,
1235 2923 1388 2994 ὅμοια
1430 2925 1520 2993 μεν
1567 2919 1802 2994 βλασφη-

166 3022 416 3089 μούντων,
455 3019 609 3090 ὅμοια
648 3014 703 3070 δὲ
741 3021 827 3070 καὶ
854 3017 1142 3086 παθόντων,
1175 3015 1354 3086 ὁμοίως
1392 3008 1562 3064 δὲκαὶ
1605 3029 1803 3085 περιω-

167 3113 440 3183 ρισμίνων.
477 3109 537 3162 Εἰ
565 3105 620 3162 δὲ
662 3129 715 3162 τι
743 3113 829 3160 καί
858 3105 1024 3180 ἕτερον
1054 3114 1117 3178 τῇ
1141 3112 1242 3158 τῶν
1271 3104 1570 3176 ἁγιωτάτων
1600 3100 1807 3155 ἐπισκό-

167 3221 272 3254 πων
313 3204 618 3276 περιίχεται
646 3199 793 3272 ψήφῳ
823 3207 886 3271 τῇ
920 3203 1036 3259 τους
1063 3199 1454 3271 προειρημένους
1493 3194 1804 3268 καθαιρούση
1825 3209 1880 3282 C

170 3311 242 3362 τε,
275 3298 362 3346 καί
406 3291 878 3365 ἀναθεματιζούση,
923 3293 1093 3364 κύριον
1132 3285 1188 3342 δὲ
1230 3291 1316 3340 καί
1356 3291 1508 3339 τοῦτο
1544 3285 1797 3357 τιθέμεθα,

168 3388 249 3435 καὶ
285 3392 390 3444 τοῖς
441 3383 609 3448 θείοις,
647 3387 734 3435 καί
765 3380 1048 3456 βασιλικοῖς
1088 3381 1226 3451 ήμῶν
1265 3371 1394 3430 αὖτὸ
1431 3379 1599 3446 νόμοις
1632 3373 1807 3428 ἐπικυ-

169 3483 370 3548 ροῦμεν,
429 3477 494 3536 ὡς
540 3472 604 3526 ἂν
652 3474 696 3526 εί
736 3475 882 3547 παρὰ
922 3479 1010 3531 τής
1055 3467 1322 3543 βασιλείας
1371 3461 1515 3526 οὖτής
1561 3463 1802 3539 προελθὸν

169 3565 474 3638 ἐτύγχανεν.
507 3565 566 3618 Εἰ
595 3561 650 3618 δι
677 3569 764 3617 καί
791 3583 868 3624 τις
897 3558 1066 3616 αὖτῶν
1095 3559 1238 3632 ἁλοίη
1273 3564 1332 3612 τὸ
1359 3558 1532 3612 λοιπὸν
1560 3559 1802 3632 πράττων

168 3680 216 3712 τι
255 3661 404 3732 παρὰ
452 3659 521 3710 τὰ
565 3653 1004 3728 διατετυπωμὲνα,
1059 3655 1186 3704 ίστω
1234 3655 1319 3702 καί
1364 3657 1469 3709 τοῖς
1519 3647 1803 3722 βασιλικοῖς

167 3752 574 3823 ὑποπεσούμενος
614 3754 804 3822 νόμοις,
839 3745 886 3801 οἳ
926 3748 1016 3806 τάς
1064 3743 1299 3803 ἐλάττους
1337 3749 1437 3794 τῶν
1475 3748 1662 3794 ποινῶν
1709 3737 1801 3790 ἐκ-

167 3843 413 3905 κλίνοντες
435 3885 450 3911 ,
514 3841 580 3902 εἰς
632 3845 830 3914 μείζους
887 3835 1194 3911 ἆμϐάλλουσι
1250 3835 1340 3894 τάς
1405 3829 1794 3904 ἀγανακτήσεις.

173 3940 570 4012 Ἀπαγορεύομεν
602 3930 657 3986 δὲ
700 3936 786 3984 καί
813 3934 973 3984 παντί
1001 3936 1073 4000 τῷ
1107 3931 1198 3985 τήν
1235 3923 1500 3982 καθολικὴν
1531 3921 1799 3980 ἐκκλησίαν

167 4034 256 4080 τοῦ
280 4033 414 4081 Θεοῦ
443 4023 672 4096 διασπᾴν
705 4023 1075 4097 ἐπιχειροῦντι,
1110 4021 1208 4072 εἴτε
1237 4018 1372 4070 κατά
1395 4020 1487 4074 τὴν
1519 4017 1800 4089 Νεστορίου

168 4125 256 4172 τοῦ
295 4117 660 4194 φρενοϐλαϐούς
693 4117 964 4188 ὑφήγησιν,
1001 4116 1100 4165 εἴτε
1146 4112 1279 4162 κατὰ
1324 4113 1415 4167 τὴν
1457 4104 1670 4165 ἀνόητον
1702 4100 1802 4160 Εὖ-

169 4219 357 4282 τυχοῦς
395 4206 713 4286 παράδοσιν,
758 4209 856 4260 εἴτε
898 4206 1031 4257 κατὰ
1074 4207 1166 4260 τὴν
1210 4205 1425 4274 Σευήρου
1471 4197 1796 4272 βλασφημίαν

169 4307 334 4358 ταυτά
360 4301 607 4362 κάκείνοις
636 4305 930 4364 νοήσαντος,
967 4299 1064 4350 εἴτε
1091 4303 1190 4348 τῶν
1227 4291 1426 4352 ἐκείνοις
1454 4288 1797 4343 ἀκολουθούν-

169 4413 264 4447 των
294 4403 409 4454 ταῖς
437 4392 746 4466 ἁγιωτάταις
779 4388 1093 4448 Ἐκκλησίαις
1129 4385 1365 4460 ταραχὰς
1395 4380 1675 4456 ἐμϐάλλειν,
1711 4385 1798 4432 καί

168 4486 468 4560 φθέγγεσθαί
509 4504 561 4537 τι
600 4487 718 4558 περί
763 4487 981 4541 πίστεως
1015 4498 1027 4511 ·
1063 4476 1194 4530 ἀλλὰ
1238 4477 1536 4548 θεσπίζομεν
1581 4471 1794 4526 ἕκαστον

1895 571 2189 642 praevenit,
2217 573 2755 646 ﬁrmapermaneto.
2775 577 2972 647 Neque
2984 591 3116 630 vero
3139 575 3526 646 permittimus

1895 663 1978 718 illi
2008 664 2156 720 hanc
2181 665 2404 738 regiam
2435 667 2636 722 urbem
2663 667 2946 734 habitare,
2979 671 3080 724 aut
3119 668 3296 740 ipsius
3327 669 3520 724 distri—

1896 759 2070 826 ctum,
2099 759 2187 813 vel
2203 759 2462 831 aliquam
2485 761 2555 816 de
2581 761 2935 834 insignibus;
2969 762 3070 818 sed
3095 779 3340 834 quorum
3367 779 3528 818 secu-

1896 853 1987 904 tus
2017 855 2104 905 est
2137 869 2416 921 errorem,
2455 854 2664 909 horum
2709 853 2969 910 imitetur
2998 855 3176 910 victus
3208 855 3520 926 rationem,

1898 959 2069 1014 quam
2096 943 2430 1015 longissime
2466 946 2779 1002 abscedens
2827 950 2886 1002 et
2911 947 3203 1002 occultans
3229 946 3480 1019 seipsum
3505 963 3520 1014 ;

1900 1051 2036 1091 nam
2050 1035 2255 1092 talibus
2271 1040 2566 1104 occultari,
2589 1056 2766 1112 quam
2789 1039 2968 1095 videri
2988 1041 3183 1095 utilius
3213 1043 3316 1096 est.
3335 1039 3527 1111 Ignoti

1901 1129 2117 1184 etenim
2147 1129 2470 1200 existentes,
2499 1149 2558 1186 se
2589 1133 2741 1204 ipsos
2765 1133 2985 1188 laedunt
3014 1135 3196 1188 solos:
3230 1133 3526 1204 publican-

1900 1224 1986 1276 tes
2015 1238 2150 1278 vero
2181 1239 2285 1278 sua
2317 1223 2611 1294 dogmata,
2645 1225 2840 1280 multis
2874 1242 2940 1280 ex
2967 1225 3408 1298 simplicioribus
3429 1241 3522 1282 oc-

1900 1315 2190 1370 casionem
2233 1315 2574 1387 perditionis
2613 1317 2904 1388 prazbent;
2949 1319 3105 1389 quod
3153 1319 3310 1374 nullo
3351 1317 3528 1374 modo

1899 1407 2026 1462 ﬁeri
2061 1407 2119 1462 in
2163 1408 2484 1464 Christiano
2533 1410 2662 1465 ovili
2703 1410 2804 1465 Dei
2842 1415 2900 1464 et
2947 1410 3265 1466 orthodoxe
3314 1410 3528 1484 populo

1901 1515 2134 1572 tequum
2164 1505 2268 1571 est,
2304 1518 2495 1574 neque
2523 1503 2603 1558 ab’
2625 1501 2870 1575 imperio
2899 1503 3248 1576 permissum
3281 1506 3386 1559 est.

1971 1689 2096 1745 CAP.
2120 1690 2208 1744 ΙΙΙ.
2237 1720 2306 1730 —
2336 1688 2623 1754 Quoniam
2650 1705 2785 1746 vero
2819 1691 3134 1745 etZoa‘ram
3161 1689 3402 1761 dignum
3427 1707 3530 1763 pe-

1901 1780 2054 1836 nitus
2076 1781 2412 1852 judicarunt
2449 1783 2554 1837 sub
2580 1781 3064 1838 anathematismo
3095 1798 3218 1837 esse
3258 1799 3531 1838 reveren-

1823 1853 1880 1926 Β
1904 1873 2140 1942 dissimi,
2185 1880 2242 1931 et
2278 1875 2376 1947 qui
2398 1876 2555 1946 justa
2581 1875 2844 1947 judicant
2874 1874 3125 1947 episcopi
3166 1875 3312 1944 (cum
3357 1891 3534 1947 parva

1906 1966 2168 2037 quaedam
2189 1967 2389 2022 talium
2419 1970 2705 2023 malorum
2727 1967 3086 2039 interpositio
3109 1967 3218 2036 sit),
3253 1970 3312 2022 et
3327 1967 3384 2022 in
3403 1967 3532 2040 qui-

1902 2058 2008 2113 bus
2037 2059 2450 2114 dehonestatus
2471 2064 2575 2128 est,
2599 2060 2795 2114 omnia
2813 2060 3076 2114 videlicet
3099 2059 3532 2130 comprehendo

1905 2167 1973 2205 ex
1992 2151 2278 2206 memoria
2299 2152 2547 2222 quadam
2567 2151 2919 2220 abundanti;
2949 2152 3020 2206 sit
3042 2154 3100 2207 et
3125 2153 3332 2206 Zoaras
3361 2151 3538 2206 inter.

1903 2243 2111 2314 positio
2145 2245 2410 2314 quaedam
2446 2261 2623 2316 parva
2651 2245 2820 2314 hujus
2847 2245 3017 2298 malea
3048 2244 3227 2315 partis
3259 2241 3538 2312 (Anthimi

1906 2334 2150 2390 dicimus
2176 2339 2234 2390 et
2259 2336 2455 2391 Severi
2486 2353 2552 2391 ac
2580 2337 2772 2407 Petri),
2803 2341 2860 2391 et
2887 2339 3228 2391 numeretur
3256 2335 3376 2407 ipse
3391 2351 3533 2406 quo-

1906 2445 2017 2500 que
2053 2429 2204 2482 inter
2238 2429 2768 2496 anathematizatos,
2819 2445 2980 2484 sacra
3027 2428 3310 2482 sententia
3349 2428 3534 2499 ipsum

1906 2520 2208 2591 dejiciente
2229 2537 2242 2576 :
2267 2537 2441 2592 quam
2461 2521 2689 2575 firmam
2708 2524 2760 2576 et
2785 2520 2966 2592 ipsam
2989 2537 3059 2575 ex
3089 2519 3274 2592 seipsa
3297 2519 3538 2574 existen-

1906 2616 2042 2680 tem,
2075 2613 2261 2666 adhuc
2281 2613 2596 2668 firmiorem
2623 2613 2928 2684 imperium
2947 2613 3172 2668 reddit:
3203 2615 3262 2666 et
3289 2612 3442 2666 hunc
3463 2610 3536 2668 de

1904 2707 2011 2761 hac
2040 2707 2204 2777 regia
2231 2706 2369 2760 urbe
2402 2711 2460 2761 et
2499 2707 2622 2778 ejus
2663 2705 2924 2760 districtu
2961 2705 3176 2776 abjicit,
3217 2707 3275 2759 et
3312 2703 3535 2759 habita-

1902 2799 2120 2855 tionem
2150 2799 2209 2852 in
2256 2798 2380 2854 aliis
2418 2799 2737 2854 civitatibus
2773 2798 2877 2870 ipsi
2919 2797 3158 2854 omnino
3204 2796 3534 2864 interdicit;

1905 2893 2094 2963 itaque
2122 2909 2252 2947 cum
2278 2892 2388 2946 illis
2415 2892 2548 2947 solis
2567 2891 2790 2948 habitet
2807 2895 2866 2946 et
2885 2891 3169 2947 consultet
3193 2890 3290 2962 qui
3315 2906 3350 2944 a
3369 2888 3538 2945 nobis

1902 2988 2035 3038 ante
2067 2985 2375 3039 memorati
2405 2989 2572 3040 sunt:
2621 2984 2716 3056 qui
2746 2984 2956 3038 similia
2985 2983 3224 3054 quidem
3265 2981 3535 3053 blasphe-

1903 3078 2086 3142 mant,
2119 3075 2329 3130 similia
2352 3093 2486 3132 vero
2515 3077 2830 3148 patiuntur,
2867 3079 2924 3130 et
2943 3073 3280 3130 similiterin
3307 3073 3537 3128 exilium

1906 3169 2230 3224 mittuntur.
2259 3170 2317 3224 Si
2347 3169 2483 3241 quid
2513 3185 2648 3224 vero
2679 3168 2832 3223 aliud
2853 3168 2911 3222 in
2943 3167 3229 3226 sententia
3253 3165 3538 3221 sanctissi-

1905 3277 2132 3315 morum
2191 3262 2590 3333 episcoporum
2648 3261 2994 3327 continetur,
3055 3276 3184 3331 quae
3236 3259 3540 3330 praedictos

1906 3353 2162 3424 deponit,
2195 3357 2252 3408 et
2275 3353 2742 3419 anathematizat,
2771 3353 2881 3407 hoc
2909 3351 3130 3406 firmius
3155 3351 3450 3406 reddimus
3481 3355 3540 3406 et

1905 3445 2136 3512 diutius,
2166 3463 2232 3500 ac
2257 3445 2649 3517 imperialibus
2675 3445 2880 3499 nostris
2925 3444 3148 3514 legibus
3187 3443 3377 3516 ipsum
3415 3459 3538 3498 cor-

1903 3539 2262 3606 roboramus,
2277 3555 2344 3594 ac
2363 3539 2407 3594 si
2425 3538 2496 3594 ab
2519 3538 2760 3610 imperio
2780 3537 2902 3609 ipso
2923 3535 3298 3608 provenisset.
3323 3535 3383 3591 Si
3399 3551 3535 3591 vero

1905 3630 2108 3702 aliquis
2136 3631 2390 3702 ipsorum
2413 3629 2880 3702 deprehendatur
2894 3629 2967 3684 de
2983 3631 3195 3683 etetero
3222 3628 3413 3682 facere
3437 3627 3538 3682 ali-

1905 3723 2039 3795 quid
2066 3729 2278 3795 praater
2296 3723 2624 3791 constituta,
2647 3723 2785 3778 sciat
2801 3739 2859 3776 se
2882 3721 3220 3776 incidissein
3252 3720 3410 3791 leges
3427 3719 3533 3774 im-

1903 3816 2168 3888 periales,
2187 3833 2315 3887 qua}
2335 3815 2586 3871 minores
2597 3832 2794 3887 poenas
2809 3814 3181 3881 declinantes,
3198 3813 3271 3868 ad
3286 3813 3536 3884 majores

1902 3909 2681 3980 immittuutindignationes.
2701 3907 3098 3964 luterdicimus
3120 3910 3314 3962 autem
3336 3908 3395 3961 et
3414 3921 3536 3960 om-

1903 4003 2066 4057 nibus
2086 4001 2421 4058 conantibus
2450 4001 2795 4057 catholicam
2809 4001 2911 4056 Dei
2937 4001 3245 4056 Ecclesiam
3267 3999 3534 4054 divellere

1901 4095 2034 4166 (sive
2075 4095 2392 4150 secundum
2431 4095 2674 4150 Nestorii
2717 4094 2971 4149 haeretici
3009 4093 3353 4160 doctrinam,
3417 4091 3532 4148 sive

1901 4188 2217 4242 secundum
2258 4187 2534 4242 insensati
2579 4187 2848 4258 Eutychis
2881 4185 3272 4254 traditionem,
3306 4184 3420 4240 sive
3452 4200 3536 4241 se-

1899 4281 2151 4335 cundum
2168 4280 2587 4352 blasphemiam
2603 4280 2816 4347 Severi,
2837 4279 2936 4352 qui
2949 4282 3007 4333 et
3022 4278 3228 4333 similia
3244 4277 3358 4333 illis
3372 4277 3535 4333 intel-

1897 4373 2051 4441 lexit,
2079 4377 2176 4428 aut
2197 4390 2394 4428 eorum
2413 4373 2509 4445 qui
2535 4373 2659 4428 illos
2677 4372 3034 4444 sequuntur),
3051 4371 3391 4426 seditionem
3419 4370 3532 4424 im-

1897 4465 2122 4520 mittere
2144 4465 2515 4520 sanctissimis
2525 4465 2803 4530 Ecclesiis,
2823 4467 2882 4518 et
2900 4463 3056 4535 loqui
3069 4461 3286 4536 aliquid
3301 4461 3370 4516 de
3382 4461 3528 4531 fide;

169 4588 264 4632 τῶν
294 4581 538 4632 τοιούτων
567 4581 659 4635 τήν
698 4577 926 4645 ήσυχίαν
963 4572 1128 4644 ἄγειν,
1163 4574 1248 4622 καί
1274 4563 1401 4642 μηδὲ
1429 4565 1700 4640 συγκαλεῖν
1732 4564 1796 4625 εἰς

1901 4559 1996 4613 sed
2029 4558 2312 4612 sancimus
2327 4558 2644 4630 quemlibet
2661 4557 2865 4612 talium
2890 4555 3148 4628 quietum
3179 4571 3321 4620 esse,
3339 4555 3397 4608 et
3411 4569 3529 4609 non

171 4672 345 4724 ἑαυτὸν
386 4688 550 4734 τινας,
581 4672 709 4741 μήτε
745 4668 1053 4742 προσιόντας
1090 4659 1356 4734 δέχεσθαι,
1389 4659 1420 4718 ἣ
1453 4655 1796 4733 παραϐαπτί-

169 4766 268 4824 ζειν
299 4761 501 4838 θαρρεῖν
536 4779 548 4792 ·
583 4759 614 4818 ἢ
639 4763 730 4818 τήν
763 4759 900 4832 ἱερὰν
936 4758 1198 4808 κοινωνίαν
1225 4753 1510 4830 ῥυπαίνειν,
1547 4755 1631 4802 καί
1659 4753 1798 4802 ταύ-

170 4874 253 4916 της
281 4848 615 4928 μεταδιδόναι
643 4854 802 4915 τισίν,
837 4849 868 4908 ἦ
895 4849 987 4908 τὰς
1015 4843 1426 4921 άπηγορευμένας
1463 4837 1796 4902 διδασκαλίας

169 4947 484 5020 ὑφηγεῖσθαι,
527 4944 558 5002 ἢ
599 4941 683 4995 ἐπί
720 4945 908 5000 ταύτης
955 4947 1042 4998 τῆς
1087 4933 1354 5012 βασιλίδος
1399 4936 1537 5008 ἡμῶν
1583 4932 1789 4998 πόλεως,

170 5037 198 5094 ἢ
229 5033 301 5110 ἐφ’
332 5036 523 5112 ἐτέρας,
559 5030 672 5087 ἀλλ’
693 5031 975 5108 ὑφορασθαι
1001 5033 1173 5084 πάντα
1203 5024 1456 5093 κίνδυνον,
1489 5029 1536 5078 εἴ
1557 5045 1608 5078 τι
1635 5029 1796 5078 τοιοῦ-

169 5149 252 5182 τον
282 5129 548 5205 πράξαιεν.
587 5127 988 5201 Ἀπαγορεύομεν
1031 5118 1086 5176 δὲ
1129 5126 1214 5174 καί
1249 5125 1382 5175 πᾶσι
1419 5122 1624 5178 τούτους
1656 5117 1795 5170 ὑπο-

171 5217 434 5293 δέχεσθαι.
481 5218 798 5272 Ἀπελαύνειν
843 5219 934 5290 μὲν
992 5209 1078 5268 οὖν
1132 5213 1422 5287 θεοπίζομεν
1470 5205 1652 5270 αὐτούς
1694 5218 1794 5262 τῶν

169 5310 257 5368 ὑπ’
298 5309 468 5368 αὖτῶν
515 5313 901 5387 ταραττομένῶν
944 5305 1155 5370 πόλεων,
1210 5300 1405 5366 εἰδότας
1449 5305 1538 5364 τὰς
1592 5302 1789 5368 ποινὰς,

171 5409 260 5467 τὰς
287 5414 399 5467 ταῖς
427 5405 581 5464 θείαις
611 5405 749 5475 ήμῶν
776 5397 872 5460 ἤδη
909 5401 1275 5474 περιεχομένας
1297 5393 1610 5460 διατάξεσιν,
1643 5393 1796 5470 αἴπερ

172 5502 256 5550 κάί
281 5501 370 5560 τὰς
407 5497 565 5558 οἰκίας
601 5491 780 5560 αὗτὰς,
815 5491 864 5546 ἓν
904 5487 982 5552 αἶς
1014 5494 1242 5544 τοιοῦτόν
1282 5509 1334 5542 τι
1372 5492 1676 5564 πράττεται,
1710 5491 1796 5540 καί

172 5591 236 5640 τά
263 5593 436 5665 χωρία
463 5585 514 5650 ἐξ
541 5583 607 5638 ὧν
637 5585 728 5646 τὰς
771 5581 1057 5658 ἀππροφάς
1098 5585 1464 5656 χορηγοῦνται,
1494 5584 1604 5638 ταῖς
1627 5577 1794 5650 ἁγιω-

173 5684 346 5742 τάταις
392 5678 737 5738 Ἐκκλλησίαις
783 5679 1155 5751 προσκυροῦσι,
1204 5680 1302 5725 τῶν
1349 5675 1438 5744 μὲν
1483 5672 1794 5742 κεκτημένων

173 5768 551 5848 ἀφαιρούμεναι,
587 5766 721 5824 διότι
765 5766 956 5845 βλάϐης
996 5767 1140 5820 αἰτία
1183 5774 1288 5828 τοῖς
1316 5764 1674 5839 ἁπλουστέροις
1700 5767 1796 5836 γί-

175 5883 333 5934 νεται,
365 5867 465 5920 ὑπὸ
501 5861 554 5918 δὲ
595 5865 684 5924 τὰς
729 5861 1018 5936 ἁγιωτάτας
1061 5863 1146 5911 καί
1185 5854 1473 5937 ὄρθοδόξους
1503 5855 1795 5918 Ἐκκλησίας

1896 4667 2207 4706 convocare
2238 4649 2458 4721 aliquos
2482 4649 2555 4704 ad
2577 4667 2657 4716 se,
2680 4664 2866 4720 neque
2890 4648 3228 4702 accedentes
3249 4646 3528 4717 recipere,

1894 4747 1992 4798 aut
2018 4759 2320 4816 perperam
2352 4743 2642 4813 baptizare
2675 4741 2887 4796 audere
2913 4783 2926 4807 ,
2978 4744 3078 4795 aut
3112 4755 3336 4794 sacram
3368 4755 3524 4794 com-

1895 4837 2232 4892 munionem
2263 4835 2576 4903 sordidare,
2600 4840 2657 4890 et
2673 4835 2856 4907 ipsam
2881 4833 3166 4905 aliquibus
3183 4831 3413 4887 tradere
3427 4835 3530 4886 aut

1893 4929 2222 4985 interdictas
2234 4929 2524 4984 doctrinas
2541 4945 2822 4999 exponere
2837 4927 2953 4982 sive
2971 4927 3030 4980 in
3043 4927 3150 4980 hac
3165 4928 3358 4980 nostra
3369 4924 3530 4995 regia

1895 5023 2011 5078 sive
2038 5023 2095 5078 in
2127 5023 2242 5078 alia
2275 5022 2529 5089 civitate;
2568 5022 2670 5076 sed
2706 5038 2876 5076 omne
2909 5019 3229 5092 periculum
3268 5017 3530 5072 reformi-

1897 5116 2054 5184 dare,
2085 5116 2131 5170 si
2163 5115 2301 5188 quid
2330 5116 2443 5170 tale
2485 5114 2673 5169 faciat.
2709 5113 3106 5169 luterdicimus
3140 5111 3310 5166 etiam
3338 5111 3525 5165 omni-

1893 5209 2020 5278 bus,
2054 5226 2125 5264 ne
2153 5208 2291 5263 istos
2317 5207 2645 5280 suscipiant.
2674 5207 2859 5278 Abjici
2889 5223 3028 5278 ergo
3061 5207 3212 5276 ipsos
3238 5203 3530 5259 sancimus

1897 5302 1967 5358 de
2011 5301 2330 5358 civitatibus
2371 5301 2442 5356 ab
2493 5300 2626 5373 ipsis
2670 5299 2988 5368 concitatis,
3035 5299 3281 5354 scientes
3329 5313 3529 5368 paanas

1887 5396 2014 5468 jam
2059 5398 2357 5452 contentas
2395 5394 2453 5449 in
2494 5394 2702 5449 nostris
2757 5393 2961 5448 divinis
2999 5391 3526 5458 constitutionibus,

1895 5507 2023 5563 quae
2067 5495 2124 5544 et
2169 5489 2374 5544 domos
2423 5487 2594 5560 ipsas,
2649 5487 2706 5542 in
2749 5487 2958 5558 quibus
3009 5487 3124 5541 tale
3165 5484 3305 5558 quid
3341 5485 3424 5550 ﬁt,
3473 5488 3530 5538 et

1896 5599 2129 5654 campos
2157 5599 2220 5637 ex
2251 5581 2458 5654 quibus
2488 5581 2841 5636 nutrimenta
2865 5580 3214 5652 pmbentur,
3239 5574 3525 5632 sanctissi-

1895 5675 2006 5730 mis
2030 5675 2288 5731 Ecclesiis
2309 5675 2629 5748 assignant,
2649 5677 2706 5728 et
2725 5691 2756 5727 a
2784 5671 3210 5746 possidentibus
3233 5669 3430 5724 aufem
3441 5672 3520 5729 nt,

1897 5769 2031 5840 quia
2056 5768 2393 5823 detrimenti
2428 5785 2602 5822 causa
2639 5767 2703 5822 ﬁt
2733 5765 3204 5841 simplicioribus;
3237 5758 3522 5814 sanctissi-

1895 5861 2007 5916 mis
2029 5877 2162 5917 vero
2186 5864 2244 5916 et
2263 5861 2594 5918 orthodoxis
2609 5861 2872 5916 Ecclesiis
2889 5860 3010 5914 haec
3024 5858 3180 5930 juste
3195 5851 3520 5923 subjiciunt,
