4088 6448
571 400 672 456 983

1693 393 1942 455 SECULI
1981 395 2169 452 SEXTI
2207 396 2753 455 SUPPLEMENTUM.

3909 397 4012 454 984

573 508 702 562 Hac
719 522 822 578 pro
845 502 1134 562 communi
1154 519 1293 576 pace
1321 505 1790 561 sanctissimarum
1811 505 2182 561 Ecclesiarum

2368 518 2447 562 ira
2487 509 2690 571 δικαίως
2717 513 2952 582 ἄγονται.
2999 517 3178 563 Ταῦτα
3219 511 3354 583 ὑπὲρ
3404 517 3502 568 τῆς
3547 515 3749 568 κοινῆς
3803 509 4012 582 εἰρήνης

573 601 888 664 statuimus,
931 599 1047 652 haec
1092 599 1468 665 decernimus,
1515 603 1818 669 sequentes
1863 602 2184 651 sanctorum

572 695 800 746 Patrum
835 691 1126 760 dogmata,
1160 695 1221 744 ut
1257 707 1428 745 omne
1455 691 1836 744 sacerdotium
1889 690 2186 759 impertur-

573 783 770 836 batum
813 783 884 836 de
934 787 1142 837 caetero
1193 785 1354 837 nobis
1389 786 1740 853 permaneat.
1789 783 1909 846 Quo
1947 782 2004 835 in
2045 798 2184 852 pace

573 880 814 941 servato,
838 875 1056 946 reliqua
1110 877 1272 930 nobis
1323 876 1649 929 exuberabit.
1679 875 1994 946 respublica
2027 874 2187 927 desu-

572 983 676 1038 per
708 984 908 1038 pacem
935 968 1199 1022 habens:
1241 984 1413 1038 quam
1455 967 1718 1021 omnibus
1757 983 1999 1035 magnus
2040 967 2186 1018 Deus

573 1064 631 1113 et
669 1059 924 1114 Salvator
962 1063 1156 1114 noster
1183 1062 1340 1114 Iesus
1393 1060 1642 1113 Christus
1688 1059 1976 1112 Trinitatis
2017 1075 2183 1123 unus,

571 1150 902 1219 unigenitus
922 1152 1019 1204 Dei
1046 1152 1214 1205 Filius
1239 1151 1524 1221 prtedicat,
1557 1167 1621 1204 ac
1653 1151 1828 1204 donat
1873 1150 2006 1219 [Al.,
2042 1165 2182 1219 prte-

573 1242 703 1296 beat
723 1260 787 1296 ac
815 1243 1004 1312 donet]
1035 1243 1122 1297 his
1152 1243 1248 1313 qui
1275 1245 1488 1297 sincere
1514 1243 1700 1312 ipsum
1732 1245 1788 1295 et
1813 1259 1942 1295 vere
1976 1241 2183 1312 gloriﬁ-

575 1350 701 1388 care
723 1351 788 1388 ac
819 1335 1060 1389 adorare
1093 1335 1250 1406 digni
1276 1335 1454 1389 habiti
1486 1337 1634 1388 sunt.

646 1427 941 1498 Custodiat
971 1427 1160 1498 itaque
1189 1427 1478 1481 beatitudo
1511 1430 1626 1492 tua,
1659 1443 1784 1496 quas
1821 1428 1973 1479 recta
2015 1425 2188 1478 adno-

573 1522 694 1574 tata
725 1522 885 1584 sunt;
914 1522 970 1573 et
989 1519 1179 1573 mittat
1203 1519 1323 1589 ipsa
1350 1537 1452 1589 per
1482 1536 1609 1572 suas
1629 1521 1742 1572 Deo
1774 1518 2008 1572 dilectas
2036 1517 2184 1571 litte-

574 1627 664 1664 ras
722 1612 986 1665 omnibus
1047 1611 1407 1665 sanctissimis
1461 1610 1836 1681 metropolitis
1897 1609 1998 1662 sub
2067 1609 2188 1680 ipsa

576 1703 976 1756 existentibus:
1019 1719 1262 1772 quorum
1299 1702 1528 1756 cuilibet
1552 1719 1684 1756 cura
1714 1702 1820 1756 erit
1851 1702 1970 1772 ipsa
2006 1701 2188 1755 mani-

572 1795 715 1848 festa
745 1795 930 1849 facere
961 1795 1327 1849 sanctissimis
1371 1795 1628 1848 Ecclesiis
1661 1795 1763 1848 sibi
1801 1793 2085 1863 subjectis,
2125 1796 2189 1847 ut

2284 611 2380 654 τὼν
2413 604 2707 675 ἁγιωτάτων
2741 604 3046 661 Ἐκκλησιῶν
3079 603 3485 674 νομοθετοῦμεν,
3527 606 3730 652 ταῦτα
3765 599 4012 672 ψηφιζὸ-

2283 696 2407 764 μεοα
2440 705 2550 760 τοῖς
2580 704 2678 747 τῶν
2709 695 2864 766 ἁγίων
2909 699 3147 768 Πατέρων
3187 693 3744 758 κατακολουθοῦντες
3783 691 4012 766 δόγμα-

2285 805 2388 852 σιν,
2426 788 2566 852 ὅπως
2593 789 2654 836 ἄν
2685 791 2742 838 τὸ
2789 789 3038 859 ἱερατικὸν
3069 784 3209 838 ἁπαν
3256 783 3558 858 ἀτάραχον
3597 788 3740 857 ἧμιν
3766 793 3878 838 τοῦ
3910 787 4012 837 λοε-

2284 881 2382 926 ποῦ
2415 871 2660 945 διαμένοι.
2702 875 2872 949 Οὖπερ
2903 875 2951 926 ἐν
2997 876 3166 948 εἰρήνῃ
3197 875 3617 946 φυλαττομένου
3653 882 3754 927 καὶ
3791 882 3862 928 τὸ
3911 879 4014 928 ὶοι-

2284 971 2378 1017 πὸν
2409 969 2526 1036 ἡμῖν
2558 961 2816 1023 εὖθηνήσιι
2857 967 3139 1038 πολίτευμα
3168 973 3262 1024 τὴν
3310 968 3519 1018 ἄνωθεν
3569 971 3715 1037 ἔχον
3763 970 4007 1042 eictam,

2287 1056 2343 1114 ἣν
2371 1065 2530 1109 πᾶσιν
2562 1060 2587 1108 ὁ
2613 1062 2777 1129 μέγας
2805 1063 2935 1124 Θεὸς
2964 1065 3049 1109 καὶ
3073 1064 3247 1132 Σωτὴρ
3281 1061 3430 1130 ἡμῶν
3454 1066 3695 1126 Ἰησοῦς
3727 1067 4006 1136 Χριστος,

2285 1150 2310 1199 ὁ
2338 1158 2431 1214 τῆς
2461 1147 2685 1224 Τριάδος
2717 1153 2808 1215 εἷς,
2841 1152 2866 1202 ὁ
2890 1155 3167 1221 μονογενὴς
3199 1158 3292 1202 τοῦ
3319 1157 3463 1202 Θεοῦ
3487 1156 3714 1222 Λόγος,
3752 1158 4011 1226 κηρύττει

2286 1259 2358 1299 τε,
2394 1245 2478 1291 καὶ
2502 1249 2716 1314 χορηγεῖ
2742 1250 2851 1305 τοῖς
2881 1245 3108 1312 γνησίως
3130 1237 3316 1306 αὖτὸν,
3354 1247 3450 1292 καί
3483 1241 3726 1310 ἀληθῶς
3761 1241 4008 1307 δοξάζειν

2287 1349 2359 1396 τε,
2386 1338 2470 1383 καὶ
2499 1342 2800 1406 προσκυνεῖν
2829 1333 3147 1404 ἠξιωμένοις.

2368 1430 2424 1476 Ἥ
2454 1429 2626 1474 ναίνυν
2658 1429 2722 1480 σὴ
2760 1427 3100 1496 μακαριότης,
3134 1427 3204 1476 τά
3249 1424 3420 1496 ὀρθῶς
3465 1429 3877 1497 παραστάντα
3908 1447 4012 1496 φν-

2286 1515 2529 1578 λαττέτω,
2553 1519 2960 1587 καταπέμπονσα
2985 1521 3154 1568 ταῦτα
3185 1512 3216 1567 δ
3222 1519 3275 1566 ιά
3307 1516 3575 1586 θεοφιλῶν
3613 1513 3810 1583 αἶτῆς
3837 1538 4014 1591 γραμ-

2285 1610 2457 1679 μάτων
2487 1613 2617 1658 πᾶσι
2655 1615 2756 1665 τοῖς
2795 1603 2884 1658 ὑπ’
2920 1602 3081 1664 αὖτὴν
3110 1611 3463 1678 τεταγμένοις
3507 1609 3870 1676 ὁσιωτάτοις
3900 1631 4010 1680 μη-

2285 1697 2633 1772 τροπολίταις,
2694 1699 2762 1747 ὧν
2815 1699 3014 1768 ἑκάστῳ
3070 1703 3350 1769 γενήσεται
3417 1705 3667 1772 φροντὶς
3731 1709 3861 1766 τοῖς
3921 1697 4010 1751 ὑπ’

2286 1786 2471 1856 αὖτοὺς
2499 1793 2832 1860 τεταγμέναις
2862 1791 3173 1855 ὁσιωτάταις
3195 1791 3579 1856 Ἐκκλησίαις,
3623 1799 3821 1844 ταῦτα
3857 1802 4012 1850 ποιῆ-

573 1886 866 1940 neminem
898 1904 964 1941 ex
993 1887 1260 1942 omnibus
1285 1887 1504 1940 lateant
1537 1903 1665 1957 quae
1707 1886 2020 1940 sacerdotio
2069 1886 2187 1939 visa

2368 1902 2376 1932 ι
2412 1883 2613 1954 φονερὰ,
2649 1881 2780 1932 ὥστε
2817 1878 3013 1952 μηδένα
3053 1891 3156 1934 τῶν
3199 1887 3421 1936 πάντων
3468 1879 3799 1948 διαλαθεῖν,
3839 1889 3914 1936 τὰ
3959 1904 4011 1938 τε

575 1983 706 2034 sunt
736 1983 794 2033 et
819 1979 889 2033 ab
914 1979 1156 2051 imperio
1175 1980 1530 2034 confirmata.

1108 2167 1302 2220 Divina
1327 2165 1664 2234 subscriptio.

2286 1981 2347 2043 τῇ
2375 1970 2732 2046 ἀρχιερωσύνῃ
2773 1967 3014 2037 δόξαντα,
3047 1977 3172 2026 τάτε
3213 1974 3320 2027 ὑπὸ
3365 1983 3472 2041 τῆς
3504 1975 3822 2049 βασιλείας
3859 1997 4010 2030 χεκν-

2287 2067 2504 2136 ρωμένα.

2845 2161 2902 2210 Ἥ
2941 2157 3050 2207 θεία
3075 2157 3352 2230 ὑπογραφή
3363 2198 3376 2212 .

655 2297 922 2353 Divinitas
951 2304 1005 2353 te
1033 2301 1218 2354 servet
1244 2315 1346 2369 per
1375 2300 1584 2352 multos
1611 2315 1808 2364 annos,
1839 2300 2030 2352 sancte
2059 2300 2116 2351 et
2147 2294 2411 2366 religiose
2441 2297 2634 2352 Pater.

649 2387 791 2442 Dato
819 2391 1015 2442 octavo
1037 2387 1166 2442 ldus
1184 2390 1484 2456 Augustas,
1509 2389 1548 2440 C
1564 2386 2028 2457 onstantinopoli,
2058 2391 2186 2457 post
2203 2385 2556 2440 consulatum
2572 2383 2872 2449 Belissarii,
2897 2383 2998 2437 viri
3017 2385 3321 2439 clarissimi
3337 2386 3534 2455 [anno
3557 2389 3838 2444 Domini
3859 2391 4007 2464 336}.

1120 2579 1434 2634 NOVELLA
1469 2580 1644 2635 XLIII.

577 2677 646 2728 De
668 2674 896 2742 ofﬁcinis
919 2674 1029 2726 sive
1056 2673 1290 2726 tabernis
1311 2672 1912 2740 ConstantinOpoIitanaz
1939 2672 2106 2733 urbis,
2140 2675 2192 2725 et

644 2748 705 2796 ut
730 2744 876 2796 mille
903 2747 1109 2796 tantum
1134 2747 1182 2795 et
1211 2748 1418 2796 centum
1443 2745 1672 2811 ofﬁcina:
1696 2746 2045 2795 sacrosrmctae
2074 2757 2190 2794 ma.-

636 2813 778 2880 jo'n's
805 2813 1034 2865 ecclesiae
1066 2819 1408 2874 excuscntur;
1437 2828 1613 2866 omnes
1645 2815 1885 2880 reliquae,
1913 2813 1988 2864 ad
2008 2827 2188 2879 quem-

646 2899 850 2950 cunque
866 2883 1139 2936 dominum
1159 2886 1486 2952 pertineant,
1507 2889 1751 2936 consueta
1769 2884 1962 2934 obeant
1987 2883 2190 2934 munia.

649 3018 712 3070 In
747 3017 979 3070 nomine
1007 3017 1230 3071 Domini
1257 3019 1388 3070 Jesu
1413 3016 1615 3071 Christi
1643 3015 1737 3070 Dei
1771 3015 1966 3069 nostri.
2007 3017 2190 3086 Impe-

583 3113 738 3163 rator
757 3108 963 3175 Cmsar,
987 3108 1224 3174 Flavius,
1255 3109 1622 3175 Justinianus,
1645 3109 2060 3174 Alamannicus,
2093 3109 2195 3162 Go-

2288 2555 2430 2608 cinaa
2463 2554 2830 2624 tabernaeque
2855 2553 3122 2620 existant,
3158 2571 3277 2608 non
3315 2555 3501 2610 hasce
3537 2560 3720 2613 solas
3761 2562 4011 2634 (nempe

2287 2649 2517 2701 centum
2550 2651 2605 2700 et
2633 2646 2807 2716 mille)
2839 2647 3099 2699 ofﬁcinas
3131 2648 3434 2717 praedictis
3465 2651 3756 2720 publicis
3791 2657 4016 2708 muniis

2291 2739 2568 2793 obeundis
2599 2742 2886 2808 exemptas
2913 2755 3056 2804 esse,
3074 2739 3176 2792 sed
3211 2741 3399 2794 etiam
3423 2744 3666 2798 multas
3683 2763 4012 2802 sacrosan-

2289 2834 2404 2885 ctas
2435 2831 2714 2896 ecclesias,
2745 2832 2924 2884 multa
2947 2848 3108 2885 sacra
3134 2832 3478 2903 hospitalia,
3503 2843 3943 2907 monasteria,
3965 2847 4018 2894 et

2293 2924 2429 2977 alias
2457 2940 2640 2976 sacras
2665 2924 2838 2988 aedes,
2868 2941 3117 2993 quarum
3143 2925 3452 2996 pleraeque
3485 2930 3673 2999 prius
3706 2933 4018 2988 haereticis

2292 3016 2654 3084 mancipalaz,
2687 3015 2894 3070 deinde
2920 3017 2993 3070 ad
3039 3017 3438 3073 orthodoxam
3493 3021 3704 3078 ﬁdem
3753 3043 4019 3081 reversa:

2293 3111 2443 3175 sunt,
2475 3109 2678 3161 multas
2699 3125 2925 3178 quoque
2945 3109 3137 3180 regias
3155 3110 3392 3179 domus,
3419 3113 3786 3187 etinsuper
3827 3123 4020 3190 magi-

581 3201 782 3266 thicus,
837 3200 1156 3267 Francicus,
1192 3200 1578 3266 Germanicus,
1629 3201 1874 3267 Lazicus,
1916 3199 2192 3267 Alanicus,
2218 3241 2271 3314 C
2297 3204 2676 3269 stratuum,ac
2701 3203 3496 3272 senatorum,etillusfrium,
3518 3210 4024 3266 etcubiculario—

582 3293 920 3314 ‘1__J_12_-__
986 3293 1262 3314 AD._!_____‘
1312 3293 1433 3314 _!___
1486 3293 1615 3314 1‘_lf__
1677 3295 1943 3314 _1_nf_____
1999 3293 2173 3314 -.ἷ,.ι-..
2297 3311 2414 3314 ___-_.-
2445 3310 2465 3314 Α
2495 3293 2847 3314 ----.»,ιμιξη-μ-
2876 3295 3228 3314 ,ΑΑκιέᾲηιὲηἣᾷ
3343 3297 3354 3307 ο
3435 3299 3445 3308 ·
3505 3300 3519 3314 ι
3944 3308 3957 3314 -

582 3293 940 3358 Vandalicas,
972 3293 1285 3358 Africanus,
1312 3293 1456 3363 pius,
1485 3293 1637 3359 felix,
1668 3295 1965 3363 gloriosus,
1999 3293 2192 3362 victor,

585 3386 982 3456 triumphator,
1036 3402 1329 3456 nunquam
1380 3403 1494 3440 non
1549 3386 1819 3440 colendus
1893 3389 2192 3456 Augustus,

585 3478 843 3548 Longino
872 3478 1139 3548 praefecto
1162 3478 1305 3531 urbi.

655 3571 938 3634 Quoniam
961 3571 1229 3640 potentize
1253 3573 1480 3640 nostras,
1519 3569 1731 3624 subditi
1763 3570 1958 3635 nostri,
1983 3570 2097 3624 sive
2123 3570 2197 3622 vi-

583 3666 734 3729 vant,
765 3664 875 3717 sive
909 3663 1249 3730 moriantur,
1272 3679 1419 3717 cura;
1447 3667 1596 3730 sunt,
1630 3680 1702 3716 ne
1723 3664 1806 3716 vel
1842 3678 2039 3733 graves
2065 3663 2198 3732 ipsis

583 3756 905 3826 sepulturae,
936 3756 1020 3808 vel
1051 3755 1301 3809 defuncti
1330 3755 1585 3827 cognatis
1615 3755 1906 3808 damnosae
1937 3755 2195 3822 existant,

582 3853 889 3920 propterea
936 3851 993 3900 et
1025 3848 1144 3901 haec
1186 3864 1312 3918 quae
1346 3864 1541 3902 eorum
1590 3848 1941 3917 sepulturam
1975 3863 2202 3901 concer-

587 3944 748 4006 nunt,
767 3955 879 4010 quo
911 3939 1381 4006 convenitmodo,
1405 3939 1806 4010 disposuimus.
1835 3941 1903 3992 Et
1934 3940 2066 4010 quia
2084 3943 2197 3992 tam

588 4032 731 4086 divae
767 4032 1063 4086 memoria
1090 4031 1491 4085 Constantinus
1529 4033 1732 4102 amplae
1787 4032 1953 4102 hujus
1992 4035 2200 4086 nostra}

587 4123 741 4178 urbis
784 4123 1044 4177 conditor
1086 4140 1256 4194 quam
1303 4123 1474 4178 etiam
1509 4123 1892 4195 pientissimus
1943 4125 2203 4194 princeps

588 4215 906 4271 Anastasius
937 4215 1346 4270 lecticariorum
1374 4233 1470 4270 seu
1503 4217 1845 4270 decanorum
1877 4218 1957 4285 (ut
1984 4219 2200 4286 vocant)

587 4324 890 4363 numerum
931 4309 1000 4362 ad
1044 4311 1251 4362 certam
1301 4326 1624 4363 mensuram
1653 4309 2012 4378 redegerunt,
2046 4308 2202 4362 mille

591 4406 645 4455 et
666 4405 891 4455 centum
914 4401 1307 4455 tantummodo
1333 4402 1562 4456 decanis
1586 4401 1939 4471 totidemque
1969 4401 2206 4454 officinis

591 4493 854 4561 definitis,
889 4499 949 4548 ut
968 4495 1123 4548 nullo
1145 4494 1232 4548 ha:
1258 4511 1515 4565 unquam
1547 4498 1802 4564 tempore
1833 4498 2207 4563 augmentum

2296 3311 2424 3347 rum
2441 3310 2472 3346 a
2495 3293 2853 3364 prazstatione
2876 3295 3240 3364 vestigalium
3266 3297 3473 3366 eximi,
3505 3300 3892 3376 harumque
3927 3308 4022 3360 do-

2297 3387 2486 3440 minos
2515 3387 2854 3456 peculiarem
2909 3387 3013 3440 sibi
3043 3387 3252 3442 exinde
3299 3390 3576 3447 reditum
3619 3413 4025 3469 comparare,

2298 3482 2352 3532 et
2366 3479 2644 3532 oblmdere
2663 3479 3581 3552 rempublicam,exemptionum
3603 3491 4025 3546 multitudine

2298 3587 2420 3624 rem
2445 3571 2624 3640 ipsam
2646 3571 2900 3639 angustis
2915 3572 3232 3626 admodum
3255 3575 3538 3630 terminis
3566 3585 4024 3648 concludenle,

2300 3667 2359 3716 ut
2389 3663 2711 3733 paucissimi
2745 3663 3008 3730 existant,
3039 3665 3136 3734 qui
3161 3667 3399 3735 publica
3428 3681 3811 3740 agnoscant
3847 3685 3910 3732 et
3943 3697 4028 3731 su-

2299 3755 2549 3808 stineant
2573 3755 2788 3820 munia,
2814 3759 2869 3808 et
2899 3756 3125 3826 priores
3151 3760 3652 3818 contributiones
3686 3769 4026 3840 aliquoties

2300 3847 2358 3901 in
2389 3847 2558 3918 triplo
2593 3853 2650 3901 et
2678 3847 3022 3918 quadruplo,
3054 3849 3164 3903 hoc
3192 3856 3472 3922 tempore
3504 3857 3721 3914 etiam
3762 3863 4023 3933 decuplo

2302 3941 2548 4009 majores
2577 3941 2737 3992 factm
2759 3941 2905 3994 sint:
2942 3957 3284 4012 quanquam
3314 3945 3490 4000 divus
3523 3951 3846 4026 princeps
3875 3963 4022 4013 Am-

2303 4033 2501 4086 stasius
2531 4032 2590 4086 in
2624 4035 2833 4086 statuta
2867 4033 2937 4085 ab
2961 4033 3082 4104 ipso
3117 4035 3377 4091 formula
3415 4041 3577 4095 nulli
3607 4050 3896 4105 omnino
3935 4052 4024 4102 alii

2302 4125 2729 4180 immunitatem
2752 4126 3049 4192 concedat,
3082 4132 3296 4197 prmter
3329 4136 3594 4189 centum
3631 4143 3703 4191 et
3733 4143 3911 4198 mille
3946 4146 4026 4197 of-

2303 4218 2518 4284 ficinas,
2547 4234 2673 4287 quae
2709 4234 2814 4288 per
2849 4234 3083 4272 causam
3131 4223 3572 4291 exsequiarum
3615 4243 4029 4289 sacrosancta

2304 4310 2510 4379 majori
2541 4310 2790 4363 ecclesiae
2823 4310 3111 4365 attributae
3153 4317 3313 4368 sunt.
3355 4316 3443 4371 Ea
3490 4332 3775 4392 propter
3822 4334 3890 4382 et
3933 4348 4032 4383 nos

2305 4401 2651 4474 putavimus,
2674 4405 2798 4456 tum
2825 4404 3400 4472 proceribusnostris
3424 4415 3488 4464 et
3514 4411 3800 4487 insuper
3813 4420 4030 4475 beatis-

2307 4495 2452 4548 simo
2474 4494 2820 4564 hujusalmte
2839 4495 2993 4549 urbis
3011 4497 3465 4572 archiepiscopo
3498 4504 3571 4558 id
3601 4515 3864 4581 negotii
3896 4516 4030 4569 dan-

591 4587 941 4658 reciperent;
988 4591 1290 4658 propterea
1337 4603 1468 4640 sane
1519 4587 1812 4657 cupientes
1848 4589 1907 4639 ut
1942 4602 2210 4640 numerus
2229 4593 2288 4664 Ι)
2311 4589 2467 4653 dum,
2494 4590 2556 4640 ut
2574 4591 2728 4640 certo
2753 4588 2878 4641 loco
2897 4589 3282 4643 convenirent
3312 4597 3375 4646 et
3403 4611 3546 4650 rem
3573 4599 3795 4670 ipsam
3815 4609 4032 4661 exami.

591 4695 787 4734 eorum
827 4695 969 4750 quos
1009 4696 1080 4733 ex
1123 4696 1467 4750 unoquoque
1507 4679 1742 4749 collegio
1781 4677 2044 4734 convenit
2085 4695 2206 4730 esse

590 4771 923 4840 lecticarios,
959 4771 1100 4825 divas
1127 4773 1418 4826 memorize
1440 4771 1709 4826 Anastasii
1739 4771 1994 4825 formula:
2023 4771 2205 4840 subja-

591 4870 734 4934 ceat,
759 4865 921 4918 firma
953 4882 1021 4918 ea
1049 4868 1107 4918 et
1126 4865 1235 4918 fixa
1263 4881 1496 4918 manere
1523 4864 1820 4918 voluimus.

662 4962 939 5016 Caeterum
967 4963 1099 5034 quia
1121 4962 1396 5016 adeuntes
1429 4973 1532 5016 nos
1564 4962 1729 5014 alma:
1757 4961 1926 5030 hujus
1955 4966 2009 5014 et
2039 4961 2209 5031 regite

595 5059 801 5107 nostrze
834 5055 986 5108 urbis
1023 5055 1325 5124 collegiati,
1369 5071 1612 5126 quorum
1643 5055 1982 5108 excellenter
2010 5058 2061 5107 et
2093 5070 2208 5124 pra!

595 5145 811 5200 caeteris
839 5163 1032 5200 curam
1050 5148 1317 5217 gerimus,
1347 5147 1662 5218 potentiam
1693 5150 1945 5200 nostram
1972 5146 2210 5200 edocue-

596 5242 748 5305 runt,
783 5255 1050 5309 magnam
1074 5244 1131 5293 et
1163 5240 1576 5294 intolerandam
1599 5256 1656 5292 se
1691 5239 2086 5293 necessitatem
2116 5256 2208 5292 su-

598 5329 826 5384 stinere.
874 5331 1296 5386 Sacrosanctam
1338 5332 1554 5387 etenim
1587 5332 1864 5402 majorem
1915 5331 2209 5385 ecclesiam

596 5425 825 5476 centum
855 5427 909 5477 et
940 5425 1091 5479 mille
1123 5426 1377 5479 officinas
1403 5426 1461 5478 in
1491 5427 1676 5479 fructu
1707 5425 1917 5478 habere
1947 5424 2017 5478 ab
2054 5423 2210 5478 omni

594 5515 853 5585 vectigali
909 5516 1133 5585 liberas,
1179 5536 1318 5590 quas
1374 5519 1582 5590 oppido
1631 5534 1802 5589 quam
1845 5517 2090 5571 libenter
2128 5517 2211 5570 illi

595 5608 929 5676 concedant,
980 5626 1045 5664 eo
1087 5611 1240 5682 quod
1285 5611 1356 5666 ad
1400 5610 1753 5682 peragendas
1798 5609 1856 5664 in
1907 5626 2209 5665 commune

597 5701 856 5756 omnium
877 5703 1174 5758 hominum
1195 5704 1490 5774 exsequias
1519 5704 1852 5776 proficiant;
1877 5703 1973 5757 sed
2004 5705 2211 5757 caitera

592 5809 650 5847 se
679 5811 856 5849 onera
877 5796 1025 5850 ferre
1055 5813 1167 5850 non
1184 5811 1369 5867 posse.
1394 5797 1536 5850 Nam
1558 5812 1685 5851 cum
1707 5797 1966 5868 plurimas
1985 5795 2042 5850 in
2060 5797 2210 5850 alma

591 5883 696 5938 hac
721 5885 856 5939 urbe
880 5886 1231 5943 diversarum
1247 5888 1520 5942 mercium
1543 5891 1599 5942 et
1619 5889 2074 5958 negotiationum
2089 5888 2209 5943 offi-

2310 4683 2533 4746 narent,
2567 4682 2737 4750 atque
2770 4681 2977 4751 placita
3007 4683 3080 4736 ad
3115 4700 3222 4736 nos
3253 4701 3357 4739 sua
3395 4690 3763 4766 referrent,
3801 4703 3938 4754 tum
3971 4701 4034 4754 ad

2310 4771 2696 4827 excellentiam
2729 4777 2888 4826 tuam
2937 4776 3210 4842 prmsenti
3263 4780 3582 4838 utendum
3621 4788 3798 4860 lege,
3835 4797 4038 4847 conm-

2310 4871 2534 4920 mantes
2554 4881 2618 4918 ea
2645 4881 2769 4934 qua:
2791 4867 3092 4919 Anastasio
3123 4868 3516 4937 pientissimo
3537 4877 3609 4932 in
3637 4882 3761 4937 hoc
3783 4888 4034 4957 principi

2311 4960 2662 5028 placuerunt.
2693 4959 2758 5011 Et
2787 4959 3074 5012 sancimus
3105 4965 3168 5014 ut
3194 4968 3448 5020 centum
3478 4972 3764 5040 quidem
3819 4979 3940 5033 illa»
3987 4985 4030 5032 et

2311 5051 2461 5104 mille
2492 5050 2734 5103 officina:
2754 5057 3130 5105 sacrosanctae
3155 5054 3368 5122 majori
3395 5063 3696 5122 ecclesia:
3717 5074 4028 5126 occasione

2310 5143 2660 5196 decanorum
2676 5141 3254 5211 sivelecticariorum,
3290 5153 3351 5201 et
3381 5151 3466 5204 ad
3501 5165 3923 5231 peragendas
3950 5165 4032 5216 de-

2309 5238 2632 5290 functorum
2655 5236 3283 5306 exscquiasdeputatzc,
3310 5247 3622 5302 omnibus
3647 5257 3868 5311 modis
3895 5259 4029 5311 inte.

2310 5345 2412 5398 gro
2441 5343 2684 5380 numero
2717 5330 2773 5379 et
2803 5328 2959 5381 omni
2991 5330 3373 5398 praestatione
3404 5336 3636 5398 liberm
3673 5364 4032 5403 conserven-

2311 5425 2402 5474 tur
2430 5438 2442 5475 :
2475 5424 2684 5490 printer
2715 5420 2893 5489 ipsam
2927 5423 3084 5474 nulla
3113 5422 3228 5477 alia
3244 5436 3524 5496 queunte
3562 5435 3902 5497 deeanum
3932 5443 4031 5498 cxi-

2311 5530 2466 5584 gere,
2500 5513 2611 5566 sive
2641 5529 2706 5566 ex
2733 5513 3011 5567 hmreticis
3049 5522 3304 5586 recepta,
3339 5520 3468 5577 sive
3510 5543 3916 5608 quacunque
3961 5555 4030 5590 εδ-

2309 5611 2604 5662 crosancta
2631 5606 2888 5660 ecclesia.
2913 5607 3026 5661 Sed
3053 5609 3430 5684 quodnuper
3455 5606 3932 5685 constituimus
3953 5647 4028 5683 va-

2308 5701 2442 5765 leat,
2463 5704 2518 5753 et
2537 5699 2840 5793 octogintm
2863 5699 3100 5770 quidem
3120 5703 3374 5761 officinae
3403 5726 3698 5784 corpora
3721 5729 4023 5793 ριιιρειρηί,

2308 5795 2576 5847 trecentae
2594 5798 2784 5846 autem
2806 5791 2863 5846 in
2885 5794 3184 5850 exactione
3205 5802 3638 5868 pecuniarum
3675 5791 4023 5872 ρόηείδιεηί,

2309 5887 2451 5943 Nam
2467 5886 2621 5958 quod
2648 5885 2847 5942 exinde
2866 5887 3212 5956 corraditur,
3245 5891 3322 5946 ad
3354 5897 3515 5966 quid
3538 5908 3872 5974 proﬁcere
3904 5928 4020 5966 con.
