4088 6430
138 429 251 482 985

1028 427 1393 483 JUSTINIANI
1431 425 1756 483 NOVELLZE
1794 425 2126 481 SELECTrE.
2169 424 2476 479 NOVELLA
2513 423 2663 479 XLV.

3372 402 3375 407 ’
3443 424 3543 479 986

138 535 377 600 veniat,
402 551 564 591 sacra
579 535 701 606 jam
718 541 909 592 nostra
936 538 1283 608 pragmatica
1306 537 1493 590 forma
1513 534 1804 606 disposuit.
1831 545 1889 617 Α
1908 534 2186 601 bibentes,
2217 541 2434 587 sacram
2461 533 2605 587 hanc
2632 532 3040 603 pragmaticam
3067 530 3315 587 formam
3344 549 3547 604 propo-

140 630 519 700 Sempcrque
554 630 703 701 quod
742 630 1040 685 intercedit
1081 633 1445 683 restauretur.
1480 632 1549 682 At
1575 645 1685 698 qua
1716 644 1807 681 ra—

143 723 313 775 tione
346 724 481 777 fieri
508 724 713 777 debeat
742 722 1088 787 restauratio,
1118 722 1249 776 satis
1277 738 1378 792 per
1406 721 1683 774 Anastasii
1704 720 1811 790 pias

144 817 474 870 meruerim
498 817 783 886 jussiones
807 833 1141 887 expressum
1171 818 1274 869 cst.
1297 816 1392 868 Hac
1426 814 1599 885 igitur
1619 819 1680 868 ut
1706 814 1810 867 im-

143 926 372 963 munes
400 910 550 963 etab
579 910 735 963 omni
762 909 1025 979 vectigali
1056 912 1322 962 maneant
1349 910 1648 976 exempta},
1680 922 1808 959 san-

141 1003 367 1069 cimus,
398 1019 584 1072 neque
610 1002 699 1056 his
727 1003 857 1073 ipsis
884 1001 1139 1069 officinis,
1170 1016 1352 1071 neque
1379 999 1673 1069 vectigalia
1700 999 1808 1052 im-

143 1096 499 1164 perantibus
530 1095 780 1165 collegiis
826 1112 953 1165 quas
1006 1095 1135 1147 istas
1174 1093 1453 1164 praebent,
1499 1091 1812 1163 quidquam

144 1188 361 1241 damni
400 1188 807 1243 sustinentibus
846 1192 943 1242 aut
969 1187 1108 1241 ullos
1135 1186 1327 1240 titulos
1357 1184 1808 1255 agnoscentibus.

144 1282 404 1335 Czeterae
427 1298 559 1335 vero
586 1298 783 1335 omnes
803 1281 971 1351 hujus
1000 1280 1160 1333 almae
1190 1278 1343 1332 urbis
1382 1276 1810 1348 quatuordecim

147 1375 477 1444 regionum
504 1374 762 1441 ofﬁcium,
796 1374 909 1428 sive
941 1375 1308 1426 sacrosanctze
1330 1371 1565 1440 alicujus
1590 1369 1701 1423 sint
1727 1385 1812 1422 ec-

147 1469 375 1536 clesim,
420 1469 535 1521 sive
575 1467 965 1537 hospitalium,
1007 1466 1117 1521 sive
1160 1464 1663 1529 monasteriorum,
1696 1461 1808 1513 sive

148 1561 815 1631 orphanotropbiorum,
855 1560 967 1612 sive
1011 1558 1385 1629 ptochiorum,
1428 1556 1540 1609 sive
1578 1553 1810 1608 alterius

150 1655 561 1723 cujuscunque
592 1652 864 1719 dominii,
897 1652 1007 1704 sive
1049 1650 1335 1720 regiarum
1376 1649 1664 1713 domuum,
1697 1645 1809 1698 sive

148 1747 493 1816 aliquorum
537 1745 991 1813 magistratuum,
1026 1743 1233 1812 ampla,
1281 1742 1482 1807 media,
1527 1739 1811 1793 minutave

151 1836 352 1917 officia
386 1834 901 1889 administrantium
924 1877 936 1899 ,
965 1834 1076 1886 sive
1104 1831 1630 1902 gloriosissimorum
1658 1844 1812 1881 sena-

1910 628 2117 695 nimus,
2150 626 2466 680 amissionis
2510 642 2735 698 poenam
2766 626 3025 680 similiter
3054 626 3316 679 omnibus
3347 626 3544 681 ordine

1911 720 2144 774 subditis
2171 720 2630 783 interminantes,
2667 719 2712 771 si
2749 736 2818 772 ex
2850 734 3079 790 quoquo
3109 719 3343 788 collegio
3370 719 3546 789 impe-

1912 813 2144 867 ritantes
2183 813 2340 866 solita
2366 813 2459 866 illa
2498 816 2553 866 et
2584 812 2653 869 ab
2678 812 2841 865 initio
2870 815 3074 865 statuta
3105 812 3397 881 vectigalia
3423 828 3547 882 per-

1912 906 2097 976 cipere
2124 905 2538 975 prohibuerint,
2568 909 2667 959 aut
2690 904 2986 974 vectigalia
3018 908 3294 958 conentur
3322 904 3380 957 in
3403 921 3541 975 pen-

1912 998 2095 1052 siones
2122 998 2360 1068 privatas
2373 1003 2728 1065 convertere;
2744 998 2842 1051 sed
2859 998 3099 1068 quisque
3113 1014 3216 1067 pro
3236 1013 3291 1050 se
3311 997 3545 1067 quidem

1912 1090 2248 1161 pensionum
2267 1090 2515 1144 illatione
2530 1090 2854 1160 perfruitor,
2869 1089 3121 1143 officinas
3137 1093 3328 1143 autem
3343 1106 3443 1143 seu
3464 1096 3544 1144 ta-

1910 1178 2115 1232 bernas
2152 1177 2313 1233 solito
2339 1183 2674 1248 receptoque
2700 1194 2858 1231 more
2898 1177 3343 1232 contributiones
3370 1193 3542 1247 agno-

1912 1287 2064 1325 scere
2107 1271 2418 1324 concedito.
2466 1270 2953 1333 Quemadmodum
2991 1271 3144 1324 enim
3175 1271 3414 1341 quisque
3442 1287 3545 1341 pro

1910 1379 1965 1416 sc
1988 1362 2155 1416 rebus
2181 1362 2295 1416 suis
2322 1362 2607 1433 prospicit,
2642 1362 2720 1415 ita
2738 1366 2794 1415 et
2813 1378 2928 1416 non
2949 1378 3174 1416 necesse
3196 1367 3281 1416 est
3309 1360 3362 1415 ei
3390 1362 3548 1433 quod

1910 1456 2115 1526 amplae
2148 1461 2203 1510 et
2224 1455 2394 1524 regiae
2424 1456 2555 1508 huic
2586 1455 2712 1509 urbi
2740 1455 2975 1526 expedit
3005 1460 3060 1508 ct
3088 1455 3306 1509 confert
3321 1454 3548 1509 nutanti

1910 1548 2328 1619 quodammodo
2350 1552 2405 1601 et
2413 1548 2534 1617 jam
2559 1549 2784 1618 lapsuro
2800 1564 2999 1601 manus
3021 1547 3332 1619 porrigere.
3356 1549 3547 1618 Neque

1911 1641 2062 1695 enim
2089 1641 2252 1694 aliter
2283 1656 2407 1710 quae
2436 1639 2659 1711 publice
2689 1641 2997 1710 expediunt
3023 1656 3359 1710 progressus
3386 1640 3543 1693 habi-

1911 1738 2039 1787 tura
2066 1733 2194 1787 sint.
2221 1734 2393 1786 Nemo
2414 1733 2601 1803 itaque
2633 1749 2701 1786 ex
2722 1733 2811 1786 his
2832 1733 2932 1802 qui
2963 1732 3058 1785 tali
3078 1733 3351 1786 hactenus
3374 1748 3545 1786 onere

1910 1826 2148 1894 liberati,
2177 1826 2386 1896 quique
2419 1826 2528 1878 huc
2554 1842 2733 1896 usque
2772 1825 2829 1879 id
2854 1825 3001 1879 ferre
3031 1824 3205 1879 coacti
3232 1829 3382 1878 sunt.
3407 1825 3543 1887 Quae

153 1943 383 2003 torum,
432 1935 548 1987 sive
600 1930 1296 2003 Inagniﬁcentissimorum
1339 1926 1662 1993 illustrium,
1693 1926 1805 1979 sive
1828 1904 1883 1975 Β
1907 1918 2081 1988 igitur
2112 1918 2270 1971 nobis
2307 1920 2678 1988 placuerunt,
2719 1922 2775 1972 et
2823 1934 2977 1971 sacra
3006 1918 3109 1971 hac
3142 1917 3543 1987 exprimuntur

150 2027 563 2099 spectabilium
592 2025 1083 2090 cubiculariorum,
1107 2023 1220 2076 sive
1245 2022 1565 2091 aliquorum
1594 2018 1807 2072 militiis

150 2122 615 2191 adscriptorum;
645 2120 753 2187 hee,
783 2119 1035 2188 inquam,
1070 2132 1266 2169 omnes
1296 2113 1513 2184 publica
1538 2112 1671 2182 ipsis
1697 2111 1805 2165 im-

152 2216 356 2287 posita
386 2216 656 2285 praestent
681 2210 987 2281 vectigalia,
1012 2213 1068 2264 et
1095 2207 1283 2262 omnia
1307 2207 1414 2260 alia
1441 2211 1560 2260 tum
1582 2204 1804 2271 faciant,

151 2315 282 2363 tum
318 2308 621 2378 impleant,
647 2302 1131 2376 quemadmodum
1169 2315 1453 2371 quemque
1478 2298 1537 2352 in
1563 2314 1664 2351 suo
1691 2296 1804 2350 col-

152 2403 314 2472 legio
336 2400 527 2454 facere
550 2414 777 2469 aequum
800 2402 901 2464 est,
934 2394 1165 2449 nemine
1187 2395 1434 2464 queunte
1464 2409 1529 2445 ea
1555 2391 1624 2444 de
1646 2406 1809 2443 causa

154 2494 333 2549 inniti
362 2491 696 2564 privilegiis,
737 2494 834 2544 aut
861 2488 1138 2559 ejusmodi
1169 2487 1278 2540 alia
1314 2484 1396 2538 uti
1424 2482 1804 2538 excusatione.

153 2590 361 2658 Neque
391 2586 547 2639 enim
573 2583 914 2638 sustinemus
957 2582 1196 2635 aliorum
1239 2594 1381 2631 onus
1425 2578 1494 2631 ad
1539 2576 1673 2629 alios
1706 2575 1804 2629 de-

154 2681 324 2747 ferri,
360 2683 462 2733 aut
490 2682 606 2732 tam
646 2676 927 2730 immitem
976 2688 1292 2745 preponere
1341 2670 1648 2724 formulam
1675 2710 1689 2734 ,
1744 2672 1808 2721 ut

156 2772 443 2846 quodidie
488 2770 1158 2846 vectigalia‘augeantur,
1212 2770 1267 2818 et
1305 2761 1808 2834 (quemadmodum

156 2842 353 2923 edocti
386 2866 598 2927 sumus)
641 2842 997 2934 quadruplo,
1040 2862 1139 2912 aut
1175 2857 1502 2929 quincuplo,
1550 2855 1807 2924 adeoque

157 2962 338 3016 etiam
360 2958 598 3028 decuplo
617 2956 828 3025 majora
850 2954 1190 3023 irrogentur,
1216 2967 1345 3004 cum
1381 2948 1525 3002 nihil
1547 2953 1665 3001 tam
1686 2964 1804 3000 ma-

161 3071 279 3125 gno
310 3050 523 3117 studio,
553 3055 781 3119 tamque
804 3047 953 3100 serio
981 3045 1325 3110 affectemus,
1361 3058 1531 3113 quam
1570 3057 1639 3094 ne
1666 3056 1808 3093 novo

158 3148 479 3219 quisquam
504 3140 768 3212 vectigali
804 3144 1090 3193 oneretur.
1137 3138 1354 3190 Novum
1397 3139 1587 3187 autem
1638 3132 1811 3186 fuerit

162 3257 285 3295 non
308 3242 541 3293 tantum
573 3235 723 3305 quod
750 3231 1189 3301 nunc‘primum
1216 3227 1545 3297 impositum
1575 3228 1678 3292 est,
1712 3225 1809 3277 sed

162 3334 343 3387 etiam
366 3329 520 3401 quod
536 3328 789 3398 primum
810 3325 1041 3379 modum
1062 3321 1299 3376 excedit.
1320 3320 1427 3375 Sed
1448 3319 1647 3373 eadem
1669 3334 1806 3371 con-

163 3428 387 3482 ditione
408 3440 471 3477 ac
492 3422 723 3475 fortuna
752 3434 949 3473 omnes
975 3420 1163 3482 sunto,
1192 3420 1248 3468 et
1285 3429 1441 3467 sacra
1466 3413 1588 3466 haec
1618 3416 1812 3464 nostra

162 3515 527 3590 pragmatica
568 3514 748 3567 forma
778 3510 971 3581 (quam
1002 3510 1191 3577 legem
1221 3507 1390 3560 etiam
1429 3503 1711 3574 appellare
1742 3503 1810 3555 li-

163 3611 368 3669 cuerit)
413 3612 614 3662 contra
665 3621 861 3659 omnes
905 3599 1221 3656 communis
1270 3603 1409 3666 esto,
1452 3603 1515 3651 ut
1554 3596 1814 3651 omnibus

163 3705 469 3775 largiatur,
511 3716 626 3771 quo
679 3697 936 3752 molestia
961 3697 1183 3749 vacent.
1236 3693 1426 3762 Neque
1465 3690 1616 3743 enim
1654 3688 1813 3742 facile

166 3815 297 3854 eam
338 3794 468 3865 quis
506 3808 657 3863 {egre
684 3790 895 3857 tulerit,
931 3788 975 3841 si
1002 3787 1290 3841 neminem
1330 3784 1504 3837 alium
1541 3784 1815 3851 praeterea

168 3892 509 3959 exemptum
540 3885 848 3948 intueatur,
872 3880 979 3934 nisi
1006 3878 1228 3950 quodin
1245 3881 1471 3930 centum
1491 3878 1547 3927 et
1568 3874 1719 3927 mille
1738 3872 1816 3927 of-

165 3982 355 4039 ficinis
372 3977 771 4049 exsequiarum
785 3975 1183 4029 defunctorum
1209 3969 1348 4024 ratio
1369 3968 1663 4031 habeatur,
1688 3982 1815 4036 quae

169 4076 429 4131 maxime
449 4069 770 4125 communis
791 4071 876 4122 est
894 4065 1176 4132 omnibus,
1197 4067 1251 4117 et
1275 4079 1344 4115 ex
1365 4076 1527 4131 aequo
1544 4058 1817 4135 universis

167 4173 375 4243 parata
422 4163 772 4220 hominibus.
804 4161 862 4216 Si
889 4160 1013 4232 quis
1042 4173 1176 4212 vero
1208 4159 1441 4210 conetur
1459 4152 1818 4208 excusatione

166 4263 366 4332 aliqua
388 4258 494 4324 uti‘,
525 4260 581 4311 et
610 4255 854 4325 seipsum
880 4270 911 4305 a
950 4249 1267 4322 praestanda
1295 4247 1557 4301 alleviare
1601 4243 1816 4299 contri-

167 4354 430 4417 butione,
455 4354 511 4404 et
536 4353 633 4403 aut
663 4365 777 4401 non
809 4344 1188 4409 committere,
1218 4357 1330 4413 quo
1345 4340 1527 4411 magis
1542 4338 1612 4391 ab
1632 4336 1816 4408 inqui-

167 4449 304 4503 linis
336 4444 456 4500 suis
489 4442 772 4512 exigatur,
803 4443 901 4493 aut
928 4441 1195 4509 praestare
1222 4434 1392 4489 etiam
1419 4430 1817 4503 patrocinium,

172 4542 292 4595 sive
338 4536 610 4604 militare,
660 4533 774 4587 sive
819 4531 999 4599 civile,
1041 4530 1152 4584 sive
1192 4525 1650 4591 ecclesiasticum,
1705 4523 1819 4577 sive
1884 4576 1889 4583 ,

1909 2011 2053 2081 lege,
2084 2027 2150 2064 ea
2172 2012 2502 2065 excellentia
2531 2016 2648 2078 tua,
2677 2011 2796 2064 imo
2820 2028 2934 2064 non
2963 2010 3084 2080 ipsa
3111 2014 3333 2063 tantum
3359 2013 3543 2062 custo-

1909 2104 2045 2171 dies,
2074 2103 2167 2157 sed
2208 2109 2263 2158 et
2290 2104 2615 2174 quicunque
2646 2109 2773 2174 post
2814 2111 2865 2157 te
2894 2103 3043 2157 idem
3072 2102 3321 2155 officium
3351 2117 3541 2155 susce-

1910 2196 2062 2267 pturi
2100 2201 2251 2263 sunt,
2282 2201 2337 2250 et
2367 2196 2768 2266 obtemperans
2806 2196 2909 2249 tibi
2935 2196 3157 2263 cohors,
3181 2195 3301 2265 jam
3328 2194 3459 2247 inde
3486 2193 3546 2247 in

1908 2305 2075 2342 omne
2104 2289 2391 2359 reliquum
2421 2294 2647 2358 tempus
2674 2289 2968 2342 custodiet.
3000 2289 3121 2341 Dat.
3151 2304 3241 2341 xvi
3272 2287 3393 2341 Kal.
3413 2288 3544 2341 Jun.

1907 2381 2358 2453 Constantinop.,
2390 2386 2518 2451 post
2548 2381 2694 2435 Bilis.
2724 2398 2777 2435 v.
2808 2398 2855 2435 c.
2898 2396 3051 2434 cons.
3090 2396 3224 2435 ann.
3262 2384 3309 2434 1.

2480 2496 2787 2550 NOVELLA
2835 2496 2983 2548 XLV.

1911 2591 1988 2644 Ne
2012 2589 2210 2649 Judaei,
2235 2588 2596 2647 Samaritani,
2620 2593 2670 2641 et
2696 2589 2948 2652 haaretici,
2975 2604 3071 2655 per
3090 2601 3308 2640 causam
3333 2586 3546 2653 religio-

1980 2662 2063 2712 nis
2091 2665 2138 2712 et
2163 2659 2337 2711 cultus
2361 2660 2449 2711 sui
2475 2659 2674 2711 curiali
2699 2661 2925 2724 fortuna
2963 2659 3276 2718 liberentur,
3307 2656 3399 2709 sed
3429 2671 3546 2709 cum

1978 2730 2275 2782 curialibus
2302 2730 2613 2782 muneribus
2657 2729 2983 2788 subdantur,
3019 2728 3321 2796 privilegiis
3365 2742 3545 2779 eorum

1978 2816 2081 2852 non
2102 2801 2485 2867 perfruantur.
2509 2801 2640 2851 Item
2668 2804 2729 2852 ut
2748 2799 2910 2851 iidem
2931 2801 3138 2867 possint
3164 2802 3349 2850 contra
3372 2797 3546 2848 ortho-

1980 2866 2161 2935 dox-os,
2181 2866 2275 2938 qui
2306 2871 2502 2922 cumuli
2523 2872 2757 2934 fortuna:
2786 2866 2994 2922 subditi
3034 2872 3159 2921 sunt
3184 2868 3545 2919 testimonium

1979 2942 2173 3005 dicere,
2204 2944 2262 2992 ut
2288 2942 2382 3007 qui
2407 2940 2663 3007 przeclure
2682 2955 2784 3008 pro
2805 2939 3103 2993 orthodowa
3128 2938 3407 3006 republica
3439 2941 3541 2989 tes-

1980 3013 2257 3064 timonium
2284 3010 2618 3078 perhibeant.

1980 3118 2289 3187 Imperator
2324 3114 2670 3169 Justinianus
2706 3116 2994 3184 Augustus
3028 3113 3228 3167 Joanni
3277 3113 3544 3183 prtefecto

1908 3209 2194 3279 prastorio,
2226 3208 2433 3261 iterum
2473 3206 2776 3261 exconsule
2805 3212 2860 3260 et
2888 3205 3140 3276 patricio.

1980 3300 2191 3355 Retulit
2223 3316 2406 3370 nuper
2432 3299 2553 3352 vivo
2590 3299 2740 3369 apud
2768 3316 2869 3353 nos
2910 3314 3173 3352 sermone
3220 3297 3550 3353 excellenlia

1911 3399 2025 3461 tua,
2053 3394 2348 3463 plerosque
2388 3392 2538 3445 inter
2584 3391 2914 3445 decuriones
2958 3390 3187 3444 Judzeos
3226 3390 3395 3457 forte,
3453 3394 3551 3443 aut

1911 3486 2300 3553 Samaritanus,
2333 3486 2431 3537 aut
2454 3484 2838 3549 Montanistas,
2868 3486 2968 3536 aut
3019 3481 3233 3551 alioqui
3263 3483 3545 3536 detestan-

1915 3579 2012 3631 dos
2042 3594 2158 3632 esse
2198 3577 2476 3643 homines,
2516 3593 2654 3646 quos
2702 3574 2957 3629 nondum
2993 3591 3062 3628 ne
3116 3591 3266 3628 nunc
3318 3573 3548 3643 quidem

1914 3676 2065 3726 recta
2094 3676 2286 3724 nostra
2315 3675 2370 3723 et
2395 3669 2678 3739 inculpata
2705 3669 2843 3722 tides
2871 3667 3220 3733 illuminarit,
3253 3666 3353 3720 sed
3386 3666 3442 3719 in
3471 3669 3550 3720 te-

1917 3763 2103 3817 nebris
2130 3762 2431 3830 residcant,
2461 3778 2645 3832 neque
2676 3761 2902 3814 illorum
2929 3760 3120 3813 animo
3146 3759 3263 3812 ullo
3285 3774 3548 3812 verorum

1915 3854 2312 3926 mysteriorum
2349 3871 2515 3908 sensu
2552 3859 2877 3923 tangantur.
2921 3854 3059 3906 Item
3097 3851 3229 3922 quia
3256 3850 3552 3905 haereticos

1916 3950 2043 4003 odio
2064 3947 2478 4019 prosequimur,
2502 3947 2653 4017 quod
2678 3963 2781 4017 per
2807 3947 2952 3999 hanc
2981 3961 3203 3998 causam
3235 3948 3291 3998 et
3312 3948 3554 4015 praetex-

1916 4046 2036 4097 tum
2076 4041 2362 4111 petierunt
2409 4039 2713 4093 curialibus
2756 4055 2813 4091 se
2852 4037 3083 4091 liberari
3108 4036 3456 4091 muneribus.
3486 4036 3553 4090 Et

1917 4151 2031 4207 quo
2050 4132 2223 4188 modo
2250 4133 2544 4187 conveniat
2560 4149 2627 4185 ea
2652 4148 2778 4203 qum
2800 4131 2893 4185 illo
2913 4129 3200 4201 pertinent
3212 4129 3550 4184 discernere.

1917 4229 2197 4283 Caeterum
2228 4227 2593 4281 vehementer
2640 4224 2829 4279 mirati
2860 4240 3056 4278 sumus
3087 4223 3237 4295 quod
3277 4220 3555 4293 ejusmodi

1916 4321 2145 4375 illorum
2167 4320 2412 4374 rationes
2436 4318 2735 4390 prudentia
2750 4322 2807 4373 et
2832 4316 3056 4388 ingenii
3076 4316 3158 4371 tui
3178 4332 3420 4370 acumen
3441 4331 3558 4369 sus-

1919 4418 2175 4485 tinuerit,
2206 4434 2269 4471 ac
2295 4434 2409 4470 non
2430 4416 2686 4487 protinus
2712 4432 2807 4469 eos
2834 4413 2933 4485 qui
2960 4413 3095 4467 talia
3119 4413 3437 4484 proferrent
3465 4412 3553 4466 di-

1920 4506 2237 4578 scerpserit.
2269 4507 2405 4558 Nam
2434 4504 2479 4557 si
2506 4503 2603 4556 ulli
2633 4506 2764 4556 sunt
2804 4501 3064 4555 homines
3091 4501 3188 4571 qui
3234 4516 3336 4570 per
3365 4505 3552 4554 extre-

172 4632 564 4706 quodcunque
597 4592 827 4682 iandem
854 4625 913 4679 in
943 4592 1275 4677 u'niversum
1306 4619 1543 4674 ofﬁcina;
1573 4615 1821 4671 dominio
1840 4618 1900 4689 D
1922 4616 2075 4654 mam
2098 4597 2519 4669 improbitatem
2542 4595 2651 4649 illis
2677 4611 2734 4648 se
2757 4594 2956 4663 dignos
2978 4610 3095 4646 esse
3124 4592 3450 4646 muneribus
3471 4609 3558 4645 ar-

1922 4693 1994 4706 I'.
2114 4694 2123 4706 l
2363 4705 2366 4706 ν
2473 4704 2493 4706 η
2530 4687 2632 4706 _s__‘_
2667 4685 3058 4706 ι-μλι,-..-..--.ι-
3091 4684 3531 4706 J:.__:1-I.:L____-

173 4724 443 4788 excidito,
462 4724 695 4791 estoque
716 4718 846 4790 ipsis
859 4716 1098 4788 publica,
1115 4715 1218 4769 toti
1233 4713 1451 4768 addicta
1464 4710 1700 4781 collegio
1711 4751 1723 4763 .
1748 4710 1822 4761 Eo

175 4819 337 4874 enim
363 4819 526 4887 pacto
549 4819 603 4868 et
628 4812 905 4867 cautiores
932 4814 1120 4876 erunt,
1149 4812 1203 4861 et
1240 4806 1411 4861 vetita
1438 4821 1555 4859 non
1581 4806 1821 4857 attenta-

176 4913 347 4967 bunt.
379 4911 553 4963 Porro
579 4906 624 4960 si
646 4904 971 4959 minutatim
1002 4905 1058 4956 et
1083 4900 1292 4972 pariter
1328 4898 1386 4952 in
1424 4912 1623 4951 omnes
1660 4894 1826 4949 vecti-

184 5005 336 5077 galia
367 5000 801 5066 distribuantur,
832 5013 952 5051 non
985 4995 1165 5049 solum
1196 4991 1493 5064 paululum
1519 4989 1644 5056 erit,
1672 4987 1826 5059 quod

192 5096 513 5170 praestitum
536 5092 726 5159 fuerit,
746 5090 842 5145 sed
861 5089 1031 5144 etiam
1045 5091 1201 5142 tanto
1234 5083 1597 5149 moderatius,
1630 5080 1824 5147 levius,

190 5188 564 5252 tolerabilius,
581 5184 885 5250 faciliusve,
914 5181 1063 5253 quod
1079 5180 1367 5235 confertur
1390 5176 1605 5243 existet,
1621 5178 1828 5246 quanto

188 5301 221 5338 a
252 5281 510 5355 pluribus
528 5277 832 5348 colligitur.
869 5279 955 5330 An
985 5290 1116 5328 vero
1151 5290 1265 5327 non
1291 5272 1469 5325 multo
1494 5266 1825 5323 absurdissi-

190 5394 357 5431 mum
384 5373 577 5439 fuerit,
605 5369 863 5425 homines
884 5365 1457 5439 propriislaborantes
1478 5361 1759 5427 manibus,
1776 5364 1832 5414 et

189 5485 399 5525 uxores
427 5484 491 5521 ac
529 5465 735 5519 liberos
772 5462 1007 5529 alentes,
1050 5463 1107 5512 et
1151 5459 1367 5528 reliqua
1417 5455 1664 5525 denique
1703 5453 1831 5506 vitm

189 5559 508 5617 necessaria
528 5557 659 5611 inde
691 5554 981 5625 acquirere
1004 5555 1337 5620 satagentes,
1364 5548 1677 5602 etiamnum
1705 5562 1827 5624 ma-

180 5655 406 5727 joribus
431 5666 667 5707 onerare
696 5644 1096 5718 vectigalibus?
1134 5648 1189 5697 et
1232 5645 1443 5713 quanto
1474 5640 1663 5709 plures
1685 5638 1834 5692 inter

191 5742 480 5799 alleviatas
523 5738 865 5803 referuntur,
914 5738 1071 5788 tanto
1109 5731 1280 5787 etiam
1340 5728 1585 5799 majores
1629 5726 1834 5780 exinde

191 5836 453 5893 lassiones
492 5829 742 5887 aboriri?
789 5828 961 5900 idque
1003 5841 1147 5881 onus
1179 5823 1465 5879 inﬁnitum
1509 5819 1618 5887 sit,
1651 5834 1835 5889 neque

194 5912 377 6001 possit
399 5926 580 5984 ullum
600 5922 808 5979 habere
830 5917 1177 5978 terminum?
1208 5918 1332 5974 Haec
1363 5931 1460 5971 nos
1487 5911 1677 5969 omnia
1702 5928 1832 5985 pro-

1920 4693 2223 4758 bitrantur,
2252 4705 2379 4760 quae
2399 4687 2637 4741 summis
2666 4685 3065 4740 tantummodo
3085 4684 3454 4755 dignitatibus
3473 4700 3560 4739 re-

1925 4782 2265 4839 servavimus
2294 4799 2307 4835 :
2338 4780 2463 4852 quis
2500 4797 2614 4834 non
2640 4777 3011 4850 perditissima
3034 4794 3129 4831 eos
3156 4776 3378 4831 oderit?
3400 4776 3555 4832 Unde

1923 4877 2083 4933 nobis
2113 4878 2279 4930 sunto
2306 4874 2655 4940 decuriones,
2676 4870 3154 4943 quemadmodum
3175 4874 3230 4924 et
3250 4869 3556 4923 cohortali-

1924 4972 2047 5040 bus,
2076 4974 2141 5024 ut
2173 4970 2292 5040 jam
2324 4972 2454 5022 ante
2482 4967 2702 5037 legibus
2746 4980 3070 5036 expressum
3096 4967 3197 5018 est.
3242 4964 3436 5034 Neque
3474 4964 3561 5017 ul-

1925 5065 2014 5119 lus
2038 5062 2326 5134 religionis
2376 5061 2557 5115 cultus
2586 5059 2684 5114 tali
2725 5075 2817 5114 eos
2852 5058 3078 5112 fortuna
3107 5055 3357 5111 eximito.
3407 5054 3559 5110 Nihil

1928 5157 2080 5213 enim
2108 5157 2313 5210 horum
2330 5170 2513 5225 neque
2536 5152 2823 5223 antiquior
2841 5151 3050 5221 aliqua,
3073 5165 3256 5220 neque
3285 5148 3561 5203 recentior

1928 5250 2017 5305 lex
2042 5248 2293 5321 protulit.
2318 5246 2540 5316 lndigni
2562 5250 2755 5301 tamen
2782 5245 2838 5299 in
2861 5243 3190 5298 universum
3209 5241 3364 5296 omni
3383 5242 3563 5296 curia-
3624 5276 3627 5279 ν

1930 5344 1968 5398 1i
1997 5343 2273 5397 existunto
2296 5341 2530 5404 honore,
2564 5344 2620 5394 et
2639 5338 2770 5409 quia
2796 5338 2971 5392 multa
2994 5338 3150 5407 leges
3170 5335 3565 5391 decurionibus

1930 5441 2222 5514 privilegia
2248 5438 2525 5505 tribuunt,
2558 5441 2681 5491 tum
2706 5452 2778 5490 ne
2805 5437 2944 5490 ictus
2968 5434 3202 5489 fustium
3230 5433 3339 5488 illis
3362 5433 3568 5488 infera-

1933 5539 2045 5603 tur,
2079 5539 2201 5589 tum
2229 5549 2298 5588 ne
2325 5532 2477 5586 velut
2497 5529 2767 5585 sordidati
2786 5528 2868 5584 rei
2888 5528 3157 5583 sistantur
3166 5527 3404 5598 judicio,
3425 5541 3565 5580 neve

1934 5629 1993 5683 in
2017 5628 2184 5682 aliam
2215 5626 2493 5681 ducantur
2519 5622 2865 5695 provinciam
2890 5665 2902 5691 ,
2936 5626 2991 5677 et
3021 5620 3238 5675 infinita
3263 5620 3389 5685 alia,
3410 5618 3565 5672 nullo

1933 5722 2144 5777 horum
2171 5720 2557 5792 perfruuntur.
2590 5719 2707 5772 imo
2726 5717 2771 5771 si
2792 5715 2930 5787 quid
2951 5715 3184 5769 omnino
3210 5712 3276 5765 de
3305 5710 3561 5765 decurio-

1932 5815 2101 5870 nibus
2126 5813 2397 5884 scriptum
2412 5816 2512 5878 est,
2529 5828 2659 5866 cum
2679 5826 2783 5882 per
2802 5808 3102 5881 privilegia
3122 5806 3228 5859 illis
3251 5802 3428 5874 gratia
3449 5817 3563 5855 non

1936 5907 2027 5976 sit,
2061 5907 2168 5963 hoc
2196 5909 2252 5962 et
2279 5905 2337 5961 in
2363 5904 2467 5962 illis
2492 5905 2763 5973 obtineto,
2806 5906 2860 5957 et
2907 5900 3180 5973 implento
3228 5898 3340 5949 tam
3371 5908 3562 5966 perso~
