4088 6448
559 392 656 447 987

1674 389 1926 448 SJSCULI
1966 387 2158 444 SEXTl
2199 383 2590 442 SUPPLEMEN
2599 384 2757 438 TUM.

3903 375 4002 427 988

557 497 705 554 nalia
719 514 888 569 quam
905 497 1315 568 patrimonialia
1329 513 1773 570 munera,neque
1788 513 1883 552 eos
1899 495 1988 550 lex
2001 495 2070 550 ab
2083 493 2172 548 his
2192 503 2252 578 Α
2273 491 2438 546 tionis
2464 491 2748 546 licentiam
2766 489 3216 562 permittentem.
3232 483 3612 578 Videbamus
3645 480 3840 578 enim
3871 495 4003 578 can.

557 589 1008 646 eximat.Honore
1018 597 1206 646 autem
1221 592 1374 647 nullo
1385 608 1454 663 pe
1463 589 1875 657 rfruuntor,sed
1887 589 2173 645 fortunam

556 681 866 736 sustinento
886 698 1016 737 cum
1041 683 1288 753 infamia,
1323 701 1432 755 qua
1455 684 1624 740 etiam
1646 683 1900 736 animum
1919 685 2174 735 notatum

553 788 672 828 esse
687 774 1001 830 voluerunt.
1013 778 1195 847 Atque
1209 777 1288 832 ita
1305 792 1436 831 sane
1455 777 1524 831 de
1552 777 1662 830 hoc
1681 775 1814 846 ipsis
1840 773 2170 844 disponitor.

622 865 924 922 Enimvero
944 872 1000 922 ct
1022 868 1160 924 illud
1190 869 1352 923 nobis
1378 867 1685 939 qumstione
1712 866 1814 920 tibi
1839 865 2080 935 dignum
2102 865 2175 918 vi-

551 973 682 1014 sum
711 959 1072 1014 denuntiasti.
1115 963 1190 1016 Ex
1220 977 1334 1033 quo
1362 961 1510 1014 enim
1557 959 1850 1014 haereticos
1881 975 1914 1012 a
1939 957 2174 1012 dicendo

551 1051 869 1105 testimonio
885 1053 1186 1122 arcuimus,
1210 1053 1268 1107 in
1289 1053 1490 1123 quibus
1511 1052 1691 1106 causis
1711 1049 2008 1104 orthodoxi
2025 1049 2175 1102 inter

552 1158 607 1194 se
633 1143 876 1213 litigant,
905 1145 1291 1214 permittentes
1311 1145 1418 1199 illis
1445 1145 1503 1198 in
1536 1147 1730 1198 nostra
1753 1141 2170 1208 constitutione,

551 1235 596 1288 si
620 1236 856 1306 quidem
882 1237 979 1308 qui
1009 1237 1158 1292 inter
1181 1254 1239 1292 se
1263 1238 1572 1291 miscentur
1599 1241 1654 1290 et
1677 1235 1920 1306 litigant,
1937 1238 2172 1304 uterque

552 1327 846 1382 haereticus
866 1329 954 1395 sit,
983 1335 1098 1384 tam
1123 1335 1276 1384 actor
1299 1345 1471 1400 quam
1497 1345 1644 1395 reus,
1673 1331 1739 1382 ut
1776 1326 1988 1398 possint
2014 1325 2170 1379 testi-

551 1419 808 1474 monium
836 1421 1040 1488 dicere,
1071 1438 1202 1477 cum
1231 1419 1374 1476 alter
1391 1421 1569 1476 altero
1601 1420 1806 1491 dignus
1844 1419 1934 1486 sit,
1965 1417 2076 1470 sive
2101 1417 2170 1470 li-

552 1511 777 1581 tigator,
805 1513 917 1566 sive
945 1515 1120 1569 testis.
1152 1516 1218 1568 Et
1263 1531 1456 1569 rursus
1483 1513 1531 1566 si
1565 1512 1861 1566 heareticus
1885 1511 1957 1564 sit
1979 1509 2170 1563 ortho-

552 1605 749 1673 doxus,
773 1611 836 1660 ut
857 1613 1050 1660 contra
1074 1607 1362 1661 haereticos
1382 1603 1610 1678 quidem
1633 1604 1801 1658 nimis
1822 1619 1991 1674 quam
2013 1600 2168 1656 testi-

552 1697 810 1751 monium
837 1698 1134 1768 perhibere
1161 1699 1393 1769 possint,
1423 1698 1493 1752 de
1514 1695 1836 1750 orthodoxis
1873 1711 1986 1748 non
2011 1693 2170 1748 item.

552 1789 944 1859 Litigatoribus
971 1807 1104 1846 vero
1147 1791 1409 1862 utrinque
1437 1787 1759 1844 orthodoxis
1783 1786 2168 1854 existentibus,

2271 600 2391 639 sam
2415 583 2670 651 effusam,
2699 586 2756 637 et
2781 580 3058 654 paulatim
3097 578 3170 635 ad
3195 577 3343 632 alios
3375 573 3857 632 ecclesiasticas
3890 571 4000 626 mi-

2273 681 2496 748 grantes
2528 675 2926 747 possessiones,
2946 689 3129 744 neque
3149 669 3354 743 pretiis
3377 667 3606 723 solutis
3631 665 3882 738 dignis,
3911 681 4004 719 ne-

2270 783 2380 840 que
2411 784 2579 839 opere
2605 765 2916 821 inevitabili
2945 764 3284 819 imminente
3313 761 3637 827 alienatis,
3674 759 3795 813 sed
3821 758 4001 812 etiam

2273 865 2462 915 contra
2481 860 2690 930 positas
2693 859 2814 929 jam
2827 859 2981 929 leges
2992 856 3176 912 decies
3191 855 3405 910 millies
3419 851 4004 908 circumventiones

2268 953 2460 1007 factas.
2493 951 2762 1016 Quocirca
2793 949 3041 1021 primam
3067 949 3433 1020 perimentes
3465 947 3670 1012 viam,
3711 943 4004 999 omnibus

2271 1045 2532 1099 similiter
2570 1043 2978 1098 inaccessibiles
3006 1045 3203 1096 contra
3247 1057 3343 1094 eas
3390 1039 3680 1094 facimus
3729 1038 4000 1092 circum-

2274 1137 2574 1191 ventiones.
2591 1137 2700 1191 Sed
2726 1136 2859 1190 hinc
2886 1134 3142 1206 plerique
3160 1133 3408 1204 quidem
3441 1130 4004 1186 sanetissimarum

2271 1229 2652 1296 ecclesiarum,
2673 1227 3033 1299 aliarumque
3063 1225 3500 1281 venerabilium
3538 1224 3870 1279 domuum
3902 1222 4004 1277 uti.

2269 1321 2484 1376 litatem
2515 1321 2838 1375 habuerunt
2880 1320 3036 1374 nullo
3083 1319 3482 1390 possessiones
3531 1318 3660 1371 has
3719 1317 4005 1370 minuere

2269 1418 2648 1484 praesumente
2681 1430 2694 1467 :
2727 1412 2972 1467 occurrit
3003 1417 3198 1466 tamen
3228 1411 3410 1465 etiam
3441 1410 3702 1480 aliquid
3732 1409 4000 1464 difﬁcile.

2271 1506 2467 1560 Debita
2503 1506 2654 1560 enim
2679 1545 2698 1572 ,,
2732 1511 2832 1560 aut
2859 1504 3056 1575 Ilongo
3110 1510 3376 1574 tempore
3435 1503 3795 1556 constituta
3825 1543 3842 1568 ,
3909 1507 4006 1555 aut

2271 1599 2439 1653 etiam
2483 1601 2675 1669 postea
2735 1614 2806 1650 ex
2862 1597 3111 1667 quadam
3149 1596 3496 1650 necessitate
3520 1637 3537 1662 ,
3590 1601 3658 1650 et
3729 1595 4003 1649 maxime

2272 1707 2372 1761 per
2431 1690 2650 1744 fiscales
2700 1689 3018 1744 occasiones
3075 1688 3156 1743 eis
3210 1687 3559 1742 accidentia
3626 1689 3712 1743 ad
3776 1688 4000 1742 aliena-

2270 1783 2443 1838 tionis
2479 1781 2868 1838 necessitatem
2899 1797 3082 1835 sacras
3135 1781 3566 1852 perduxerunt
3603 1781 3863 1836 domos.
3893 1782 4002 1836 Mo-

552 1881 612 1929 nt
639 1877 826 1931 nullus
852 1879 1082 1932 omnino
1107 1879 1214 1932 illis
1240 1879 1308 1932 ad
1334 1877 1718 1932 testimonium
1745 1876 2047 1929 dicendum
2077 1891 2167 1944 pa—
2185 1870 2242 1942 Β
2264 1875 2362 1929 bili
2386 1875 2541 1929 enim
2579 1891 2692 1928 non
2738 1877 2992 1928 exstante
3039 1872 3362 1926 substantia
3412 1873 3796 1928 sufﬁciente
3849 1874 4002 1946 peri-

555 1973 664 2022 teat
678 1969 884 2024 aditus.
914 1971 1045 2025 Inde
1058 1971 1198 2026 adeo
1223 1971 1455 2024 docuisti
1479 1987 1602 2037 nos,
1624 1969 1774 2040 quod
1791 1967 2020 2039 quidam
2041 1983 2171 2020 cum

551 2061 852 2116 orthodoxi
881 2063 1012 2131 sint,
1054 2062 1376 2117 inﬁcientur
1402 2079 1460 2116 se
1489 2061 1716 2116 curialis
1745 2077 1862 2114 esse
1887 2059 2128 2114 fortuna:
2153 2099 2167 2124 ,

553 2155 610 2205 et
632 2169 853 2208 necesse
882 2155 952 2208 sit
975 2155 1059 2208 vel
1085 2171 1293 2225 genere
1312 2155 1420 2208 illis
1439 2155 1785 2224 conjunctos,
1807 2153 1890 2206 vel
1909 2151 2004 2222 qui
2027 2151 2167 2204 alio-

553 2244 648 2314 qui
678 2245 746 2298 de
771 2246 999 2300 illorum
1025 2248 1247 2300 fortuna
1274 2247 1513 2300 habeant
1531 2247 1811 2311 notitiam,
1834 2245 1893 2298 in
1923 2243 2170 2297 testimo-

552 2337 708 2390 nium
742 2339 994 2408 produci.
1025 2341 1092 2393 Et
1109 2340 1237 2410 quia
1258 2340 1346 2393 lex
1375 2339 1445 2392 de
1471 2339 1793 2392 orthodoxis
1818 2336 2036 2408 prolata
2059 2335 2170 2388 hae-

553 2429 854 2484 reticorum
877 2431 1196 2485 testimonia
1211 2435 1380 2499 arcet,
1403 2436 1698 2502 propterea
1712 2430 1930 2499 judices
1947 2444 2171 2481 verean-

553 2526 645 2574 tur
671 2522 792 2575 hinc
823 2522 1142 2577 admittere.
1181 2523 1351 2593 Atqui
1388 2523 1540 2577 inani
1577 2522 1949 2576 sollicitantur
1989 2525 2166 2588 metu,

553 2613 650 2684 qui
666 2614 976 2669 istiusmodi
989 2615 1307 2670 testimonia
1325 2615 1604 2685 suscipere
1621 2617 1901 2669 recusant.
1919 2614 2171 2667 Primum

553 2705 804 2776 quidem,
825 2707 959 2778 quia
986 2724 1088 2777 pro
1112 2708 1438 2762 orthodoxis
1465 2708 1922 2778 interponuntur,
1940 2705 1995 2758 id
2022 2704 2171 2775 quod

554 2797 708 2870 leges
737 2799 1029 2854 haereticos
1073 2799 1254 2854 facere
1302 2817 1416 2854 non
1446 2803 1655 2854 vetant.
1701 2800 1818 2852 Mox
1849 2797 1892 2850 si
1923 2797 2049 2867 quis
2075 2814 2170 2850 eos

554 2891 652 2960 qui
680 2891 1012 2946 decuriones
1039 2897 1188 2959 sunt,
1208 2896 1510 2946 renuentes
1538 2891 1740 2945 deinde
1767 2889 2167 2958 conditionem,

555 2982 624 3036 ad
649 2983 862 3036 curiam
891 2985 1162 3048 retrahat,
1185 2987 1244 3036 et
1268 2984 1558 3038 haereticos
1585 2984 1642 3036 in
1669 2981 2052 3036 testimonium
2079 2982 2170 3034 ad-

555 3079 730 3143 vocet,
763 3076 1044 3144 quomodo
1069 3092 1172 3146 pro
1201 3078 1392 3128 nostra
1416 3075 1519 3128 hoc
1550 3074 1835 3144 republica
1849 3057 1971 3127 bon
2001 3073 2171 3127 facit?

558 3169 620 3220 ut
642 3165 766 3235 ipsa
791 3166 1021 3236 quidem
1066 3167 1378 3236 respublica
1403 3167 1696 3237 litigatoris
1735 3167 1917 3219 locum
1963 3171 2168 3235 teneat,

564 3215 618 3220 -ψ
643 3215 765 3235 τη
795 3215 1021 3236 τ--πνω
1067 3215 1378 3236 ’ν-ι’““-·’““-”
1403 3215 1694 3237 ""0"""'
1735 3215 1917 3219 —-~—-—
1970 3215 2168 3235 -ν-ν-νι

557 3257 867 3312 orthodoxa
903 3259 1168 3326 existens,
1199 3265 1253 3312 et
1284 3260 1526 3313 maxime
1561 3259 1629 3312 ab
1661 3274 1725 3312 eo
1758 3263 2030 3329 tempore,
2060 3275 2170 3329 quo
2191 3215 2246 3290 Ο

557 3350 702 3402 Deus
727 3351 802 3404 illi
837 3351 1230 3420 nosimperare
1258 3351 1551 3422 permisit;
1580 3351 1676 3422 qui
1698 3367 1824 3404 vero
1847 3367 1912 3404 eo
1943 3351 2173 3405 nomine

556 3442 940 3496 testimonium
969 3443 1180 3511 dicunt,
1204 3459 1308 3514 pro
1335 3443 1663 3498 orthodoxis
1688 3443 2074 3497 testiﬁcentur.
2095 3442 2174 3496 Si-

556 3534 783 3604 quidem
811 3541 1006 3590 nostra
1023 3535 1334 3606 respublica
1351 3541 1504 3591 recta
1529 3540 1632 3604 est,
1656 3540 1710 3589 et
1727 3535 2039 3589 orthodoxa
2052 3535 2172 3605 jam

553 3626 768 3681 imbuta
792 3628 924 3693 fide,
951 3628 1138 3682 omnia
1163 3627 1270 3682 alia
1298 3628 1502 3682 haeresi
1531 3645 1716 3683 exosa.
1753 3637 1850 3684 Καὶ
1879 3638 2030 3685 τοῦτο
2067 3635 2174 3684 τοί-

551 3741 639 3772 νυν
669 3722 699 3778 ἠ
728 3726 793 3779 σὴ
841 3722 1071 3795 ὑπεροχή
1099 3721 1557 3795 παριφυλαττὲτω,
1591 3726 1676 3774 τόν
1719 3741 1774 3776 τι
1814 3726 2050 3796 ἡμέτερον
2079 3743 2171 3794 γι-

553 3816 812 3865 νὼσκουσο
828 3817 1001 3884 νόμον,
1020 3817 1106 3864 καὶ
1124 3817 1182 3865 τὸ
1199 3821 1258 3884 τῇ
1275 3811 1506 3883 πολιτείᾳ
1525 3818 1772 3888 συμφέρον
1790 3818 2164 3887 μνηστεύουσα,

555 3908 638 3955 καί
666 3902 975 3975 ἐπισταμένη
1003 3899 1092 3956 διὰ
1119 3912 1324 3955 παντῶν
1357 3907 1427 3970 ὡς
1456 3903 1619 3956 ἐκεῖνα
1657 3907 1774 3976 ἡμῖν
1815 3911 1899 3958 καὶ
1925 3910 2168 3980 πράττειν

553 3998 638 4045 καὶ
669 3994 948 4065 νομοθετεῖν
977 3989 1412 4057 διεσπούδασται,
1437 3995 1600 4046 ὁπόσα
1619 4002 1709 4052 τῆν
1731 3997 1972 4068 ἡμετέραν
2001 3994 2172 4066 ὠφελεῖ

552 4084 830 4138 πολιτιίαν.
886 4081 1008 4134 Dat.
1061 4096 1132 4133 xv
1175 4081 1290 4134 Kal.
1337 4085 1500 4151 sept.,
1551 4081 2000 4153 Constantinop.,
2047 4086 2172 4152 post

556 4171 704 4226 Bilis.
733 4188 786 4226 v.
818 4189 869 4227 c.
898 4189 1056 4227 cons.

1099 4328 1408 4383 NOVELLA
1447 4327 1619 4381 XLVI.

619 4445 693 4498 De
717 4443 1186 4498 ecclesiasticarum
1209 4459 1392 4566 it‘erqmt
1406 4442 1752 4524 immobilium
1779 4441 2100 4496 alienatione

1183 4529 1208 4566 e
1249 4529 1306 4566 so
1333 4529 1366 4564 ιι
1394 4527 1531 4566 wnc.

1183 4527 1233 4566 et
1249 4527 1531 4566 somnone.

619 4640 934 4708 Imperator
968 4637 1312 4692 Justinianus
1343 4639 1626 4707 Angustus
1657 4635 1856 4690 Joanni
1891 4636 2169 4706 gloriosis-

549 4729 689 4784 simo
711 4746 999 4784 sacrorum
1019 4747 1122 4800 per
1144 4729 1427 4784 Orientem
1453 4728 1849 4801 praetoriorum
1875 4727 2164 4799 praefecto,

547 4821 752 4876 iterum
783 4823 1076 4878 exeonsule
1103 4827 1156 4877 et
1187 4821 1436 4892 patricio.

616 4915 684 4968 Et
709 4914 852 4970 circa
877 4916 1030 4984 leges
1054 4914 1322 4979 studium,
1351 4918 1407 4967 et
1429 4913 1534 4967 alia
1559 4911 1750 4967 omnia
1779 4929 1809 4966 a
1851 4911 2010 4966 nobis
2039 4911 2166 4966 ideo

546 5006 798 5076 quotidie
839 5023 970 5061 cum
1013 5007 1200 5062 labore
1237 5010 1500 5078 aguntur,
1536 5010 1600 5060 ut
1637 5004 1927 5059 utilitatem
1964 5004 2168 5058 nostris

547 5097 810 5167 subjectis
840 5099 1188 5153 inveniamus
1219 5115 1232 5152 :
1264 5097 1415 5170 quod
1439 5096 1680 5151 effusum
1705 5097 1935 5168 quidem
1963 5102 2018 5151 et
2054 5096 2164 5150 im-

548 5205 807 5244 mensum
833 5197 915 5246 est
941 5176 1313 5259 removentes,
1341 5191 1490 5262 quod
1517 5195 1707 5244 autem
1731 5195 1786 5244 et
1811 5191 2088 5261 optimum
2113 5197 2167 5245 et

547 5281 829 5348 metitum,
878 5282 1262 5353 subrogantes.
1315 5284 1383 5337 Et
1427 5300 1573 5354 sazpe
1618 5299 1840 5354 quoque
1888 5299 1955 5336 ex
1984 5283 2166 5337 studio

548 5383 776 5447 propter
793 5379 1037 5448 priorem
1057 5379 1489 5436 inimensitatem
1501 5379 1671 5434 etiam
1683 5380 1829 5434 ultra
1841 5395 2166 5434 mensuram

546 5471 732 5539 legem
753 5471 1206 5542 constrinximus,
1227 5473 1459 5543 utquod
1480 5473 1742 5544 primitus
1757 5472 2020 5527 affluebat
2039 5473 2167 5528 reti-

547 5566 744 5616 nentes
762 5602 777 5628 ,
811 5561 889 5614 ita
915 5564 1298 5633 aequalitatem
1327 5565 1394 5618 de
1422 5570 1622 5618 caetero
1658 5564 2160 5619 introduceremus.

546 5653 737 5724 Nuper
765 5653 939 5724 igitur
958 5655 1283 5724 scripsimus
1301 5655 1485 5724 legem
1515 5655 1584 5709 de
1608 5656 1965 5710 sanctissimis
1991 5657 2161 5712 eccle-

547 5745 643 5798 siis
671 5745 932 5799 omnibus
955 5786 968 5812 ,
1001 5752 1054 5800 et
1080 5747 1429 5800 monasteriis
1455 5789 1468 5814 ,
1500 5753 1556 5802 et
1580 5748 1808 5820 reliquis
1834 5749 2163 5804 venerabili-

549 5836 656 5890 bus
681 5837 961 5904 domibus,
994 5837 1207 5892 nullam
1234 5838 1312 5892 eis
1345 5853 1534 5893 rerum
1560 5840 1936 5896 immobilium
1963 5842 2166 5898 aliena-

2270 1967 2609 2020 clitabantur
2645 1967 2704 2021 in
2735 1965 3107 2018 novissimam
3136 1964 3336 2018 venire
3367 1966 3859 2021 necessitatem.
3895 1968 3998 2021 Ha-

2269 2075 2398 2113 rum
2423 2058 2692 2130 prmsulos
2723 2073 2906 2128 neque
2935 2057 3178 2111 vendere
3217 2061 3527 2128 potentes,
3566 2075 3793 2130 neque
3845 2060 4004 2114 unde

2269 2151 2452 2206 debita
2490 2151 2770 2204 solverent
2797 2150 3107 2215 habentes,
3151 2149 3254 2203 sed
3295 2166 3409 2221 pro
3451 2151 3700 2204 talibus
3747 2152 4000 2223 quidem

2269 2243 2470 2298 debitis
2498 2259 2660 2312 posse
2691 2259 2794 2312 pro
2823 2241 3102 2296 solutione
3122 2241 3529 2296 creditoribus
3579 2243 3728 2298 dari
3763 2262 4004 2315 posses-

2269 2335 2448 2389 siones
2472 2334 2898 2402 ecclesiasticas;
2927 2339 3124 2388 tamen
3162 2350 3297 2388 cum
3333 2337 3744 2406 competenti
3775 2337 4004 2390 subtili-

2269 2431 2380 2482 tate
2409 2432 2463 2481 et
2487 2427 2872 2480 observatione
2887 2426 3145 2480 facienda
3166 2427 3468 2481 solutione
3489 2428 3641 2498 jam
3667 2446 3848 2500 smpe
3873 2447 4005 2502 pcr-

2268 2519 2542 2587 misimus,
2571 2519 2712 2574 sicut
2741 2535 2924 2590 neque
2955 2520 3146 2590 palam
3177 2520 3287 2574 hac
3318 2525 3529 2574 nostra
3559 2522 3760 2593 prius
3784 2524 4004 2593 permi-

2269 2612 2442 2666 simus
2461 2613 2604 2682 lege.
2629 2611 2682 2666 Si
2710 2627 2842 2665 vero
2866 2627 2980 2664 non
3020 2611 3276 2682 privatus
3310 2613 3537 2684 aliquis
3576 2613 3677 2667 e'st
3709 2617 4000 2682 creditor,

2269 2705 2362 2759 sed
2387 2703 2717 2774 praeeminet
2751 2703 2937 2771 ﬁscus,
2962 2707 3019 2758 et
3037 2703 3216 2774 exigit
3237 2704 3460 2772 debita,
3499 2711 3598 2760 est
3626 2711 3861 2762 autem
3893 2709 4005 2762 ino-

2270 2797 2364 2868 pia
2385 2797 2773 2867 pecuniarum,
2796 2797 3052 2866 accipere
3080 2812 3212 2849 vero
3236 2796 3634 2852 immobilem
3665 2803 4001 2871 possessio-

2270 2905 2401 2942 nem
2423 2887 2764 2959 impossibile
2791 2893 2876 2942 est
2899 2887 3120 2956 fiscum,
3144 2888 3239 2942 hic
3280 2889 3562 2944 relaxare
3589 2892 3856 2965 aliquid
3881 2895 4006 2947 sub-

2269 2981 2482 3034 tilitatis
2523 2981 2663 3050 legis
2693 2986 3016 3050 competere
3051 2980 3478 3050 judicavimus.
3523 2983 3606 3038 Et
3643 2985 3698 3038 si
3753 3005 3883 3058 qua
3915 3005 4005 3042 ne-

2269 3073 2490 3126 cessitas
2529 3073 2854 3142 hujusmodi
2903 3073 3020 3138 ﬁat,
3052 3073 3228 3126 etiam
3260 3074 3729 3132 alienationem
3770 3081 3908 3134 sine
3951 3096 4004 3133 re

2271 3164 2678 3236 prospeximus.
2733 3164 3030 3218 Sancimus
3061 3164 3240 3236 igitur
3277 3166 3322 3219 si
3372 3173 3761 3226 sanctarum
3801 3173 4001 3244 aliqua

2271 3257 2650 3324 ecclesiarum,
2677 3261 2776 3312 aut
2815 3257 3167 3328 reliquarum
3197 3257 3606 3316 colendarum
3645 3263 4003 3333 domuum,

2270 3349 2479 3403 fiscales
2503 3350 2706 3402 debeat
2729 3349 3066 3418 functiones,
3095 3352 3152 3404 et
3171 3351 3330 3404 unde
3357 3351 3552 3408 faciat
3579 3355 3840 3412 horum
3867 3359 3998 3413 red-

2270 3441 2540 3495 ditiouem
2566 3457 2684 3495 non
2715 3441 2940 3510 habeat,
2969 3442 3280 3496 convenire
3310 3459 3531 3500 omnes
3562 3447 3638 3501 in
3677 3466 3920 3520 unum,
3955 3458 4009 3505 et

2269 3537 2369 3608 qui
2393 3554 2461 3592 ex
2487 3537 2635 3592 clero
2665 3542 2817 3607 sunt,
2855 3541 2912 3592 et
2953 3539 3068 3592 Deo
3100 3539 3420 3594 amabilem
3450 3543 3850 3618 episcopum
3884 3549 4006 3619 ejus

2271 3629 2503 3684 civitatis
2523 3671 2537 3698 ,
2569 3629 2802 3701 insuper
2832 3633 2889 3686 et
2914 3633 3324 3702 metropoleos,
3363 3637 3424 3687 et
3472 3638 3686 3692 sacris
3725 3643 4003 3713 proposi-

2268 3722 2338 3776 tis
2365 3721 2602 3793 cloquiis
2627 3739 2853 3777 causam
2878 3723 3220 3779 examinari.
3255 3726 3328 3778 Et
3361 3727 3410 3780 si
3462 3744 3597 3784 non
3636 3736 4008 3805 apparuerit

2269 3814 2416 3867 nllus
2435 3818 2681 3884 quzestus
2701 3815 2841 3869 citra
2857 3815 3265 3870 alienationem
3291 3817 3643 3878 immobilis
3668 3827 3771 3880 rei
3807 3828 4005 3881 valens

2269 3907 2481 3960 solvere
2501 3905 2686 3961 fiscale
2717 3907 2994 3977 debitum,
3023 3913 3158 3962 tunc
3188 3909 3501 3966 licentiam
3533 3931 3684 3972 esse
3731 3919 3850 3986 eis,
3889 3937 4005 3974 sen-

2269 3998 2444 4053 tentia
2470 3999 2570 4053 tali
2597 3999 2955 4070 procedente,
2972 4006 3029 4054 et
3055 4000 3288 4056 decreto
3317 4004 3641 4063 celebrato
3667 4013 3854 4084 apud
3877 4031 4003 4086 pro-

2267 4090 2464 4144 vincias
2495 4091 2768 4161 judicem,
2810 4091 2982 4145 etiam
3013 4094 3416 4162 possessiones
3459 4097 3852 4160 immobiles
3879 4123 4007 4160 con-

2268 4183 2506 4253 tingere,
2537 4189 2592 4238 et
2621 4199 2714 4237 eas
2745 4183 2992 4238 alienare
3018 4185 3091 4238 ad
3122 4185 3486 4243 solutionem
3532 4191 3774 4266 debiti,
3810 4215 4005 4253 emen-

2267 4274 2415 4328 tibus
2446 4275 2675 4345 quidem
2703 4275 2763 4330 in
2809 4276 3010 4330 fiscum
3056 4277 3440 4350 solventibus,
3501 4289 3569 4338 et
3631 4289 4004 4364 desuscepla

2268 4366 2398 4421 inde
2427 4367 2886 4438 percipientibus,
2917 4374 2974 4422 et
3003 4369 3391 4426 subeuntibus
3436 4374 3660 4434 fiscale
3699 4383 4002 4453 debitum,

2267 4463 2320 4512 et
2347 4459 2627 4513 cautelam
2674 4459 2805 4515 inde
2845 4460 3213 4531 habentibus,
3249 4468 3309 4517 et
3348 4465 3509 4522 nihil
3560 4478 4000 4532 metuentibus

2184 4567 2245 4640 D
2268 4550 2528 4621 primitus
2554 4551 2796 4622 positam
2823 4552 3032 4623 legem,
3067 4555 3402 4613 constitutis
3437 4564 3503 4614 et
3534 4563 3876 4625 ﬁscalibus
3906 4572 3998 4624 de-

2267 4642 2557 4713 susceptis,
2581 4647 2635 4696 et
2661 4643 2962 4698 insinuatis
3014 4644 3164 4700 inter
3199 4659 3618 4710 monumenta
3655 4665 4001 4732 gestorum,

2267 4733 2683 4804 deponentibus
2711 4735 2800 4789 his
2830 4736 2928 4806 qui
2954 4737 3196 4794 fecerint
3223 4756 3355 4794 eam
3377 4784 3394 4811 ,
3431 4750 3507 4799 ut
3539 4754 3607 4803 et
3644 4755 3829 4824 apud
3871 4773 3999 4809 san-

2266 4826 2539 4880 ctissimas
2580 4827 2842 4882 ecclesias
2891 4831 3186 4884 salventur
3231 4831 3396 4887 clara
3463 4837 3884 4918 desuscepta,
3941 4864 4000 4902 eo

2266 4919 2416 4990 quod
2441 4918 2645 4973 ﬁscalia
2677 4920 2855 4975 soluta
2877 4920 2990 4975 sint
3021 4922 3266 4996 tributa,
3297 4931 3358 4980 et
3387 4933 3615 4988 omnia
3650 4941 3998 4995 secundum

2266 5015 2744 5110 nostramlegemi
2761 5021 2920 5110 gesta
2947 5017 3079 5074 sint.
3111 5021 3233 5075 Non
3277 5027 3656 5093 potentibus
3693 5036 3997 5110 aliquibus

2264 5107 2478 5178 ﬁngere
2505 5108 2686 5163 tiscale
2717 5109 2993 5178 debitum,
3023 5116 3079 5166 et
3109 5112 3187 5166 ita
3215 5114 3288 5168 ad
3318 5117 3755 5184 alienatioues
3796 5107 3996 5185 immo-

2264 5199 2464 5253 bilium
2493 5215 2684 5254 rerum
2709 5201 2996 5270 accedere,
3031 5203 3158 5258 ideo
3184 5205 3364 5262 etiam
3393 5216 3458 5265 et
3503 5214 3764 5276 decreti
3793 5224 3995 5278 factio-

2265 5307 2397 5345 nem
2421 5291 2801 5362 permisimus,
2851 5297 2917 5349 ut
2957 5300 3014 5349 et
3058 5297 3251 5352 fiscale
3295 5299 3592 5362 debitum
3641 5316 3997 5372 testimonio

2263 5383 2562 5478 pandatur,
2603 5387 2659 5440 et
2715 5403 2784 5440 ex
2823 5387 3052 5457 quantis
3091 5389 3396 5450 descendit
3441 5400 3906 5478 temporibus,
3950 5414 3998 5464 et

2265 5475 2536 5546 quoniam
2562 5493 2676 5532 non
2701 5479 2960 5548 pecuniis
2982 5481 3237 5536 solutum
3261 5490 3372 5552 est,
3399 5491 3510 5544 sed
3543 5492 3616 5549 in
3665 5475 3994 5556 ηρρρεδίω-

2263 5572 2381 5622 tem
2426 5568 2776 5624 alienationis
2819 5571 2993 5638 venit,
3049 5578 3113 5628 ut
3153 5575 3366 5632 veritas
3423 5581 3708 5661 iudique
3757 5595 3993 5667 quidm,

2262 5665 2571 5732 protestata
2631 5663 2722 5730 sit,
2773 5663 3042 5719 omnibus
3105 5683 3301 5722 coram
3374 5676 3578 5732 sacris
3655 5663 3993 5761 Eva—ngam;

2261 5753 2496 5823 agendis
2525 5771 2538 5808 :
2569 5753 2874 5810 scientibus
2913 5759 2970 5810 et
3000 5758 3308 5830 episcopis,
3344 5769 3408 5818 et
3457 5769 3749 5850 clericis,
3786 5753 3992 5836 et'aliis

2265 5846 2547 5919 omnibus,
2568 5847 2701 5920 quia
2729 5849 2875 5906 Deus
2897 5849 3131 5923 respicit
3155 5869 3286 5926 quae
3314 5869 3643 5929 geruntur
3797 5875 3904 5932 eis.
3938 5876 3990 5929 Et
