4088 6424
191 374 223 420 9
234 372 308 421 89

1094 369 1458 426 JUSTINIANI
1494 370 1822 428 NOVELLE
1859 369 2192 430 SELECTA'J.
2235 376 2541 432 NOVELLA
2576 377 2704 433 LVI.

3467 377 3569 434 990

189 476 239 530 si
269 475 419 546 quid
450 475 681 548 egerint
708 492 812 548 per
841 476 1058 546 dolum,
1089 481 1188 534 aut
1216 478 1458 546 lucrum,
1499 483 1599 534 aut
1628 479 1842 534 machi-
1861 490 1920 565 Α
1941 486 2399 558 permutationes
2421 486 2619 559 quaein
2641 485 3004 558 imperialem
3023 484 3263 541 domum
3283 484 3340 539 in
3355 483 3466 540 hoc
3477 486 3564 540 fa.

191 569 523 637 nationem,
555 570 665 625 hoc
693 569 752 626 in
773 571 890 626 suis
921 571 1202 643 recipient
1241 571 1546 629 animabus
1583 571 1838 630 viventes

191 678 260 716 ac
285 663 633 719 morientes.

265 755 475 811 Sivero
499 755 754 828 privatus
785 757 990 828 aliquis
1017 758 1266 814 creditor
1305 759 1497 828 fuerit,
1529 760 1704 830 possit
1740 775 1830 814 se-

188 848 459 904 cundum
479 866 588 922 pro
619 850 803 905 soluto
823 851 1049 906 schema
1073 851 1328 922 accipere
1354 851 1683 907 immobiles
1709 869 1835 924 pos-

189 942 506 998 sessiones.
537 943 650 998 Hoc
679 959 904 1014 quoque
925 943 1154 998 decreto
1171 944 1457 1012 faciendo,
1479 961 1584 1016 pro
1611 960 1834 999 mensu-

188 1053 256 1091 ra
287 1053 432 1091 vero
463 1052 665 1092 eorum
695 1037 1019 1091 debitorum
1042 1036 1404 1108 assignandis
1425 1038 1505 1092 eis
1535 1037 1836 1109 possessio-

188 1130 392 1184 nibus.
425 1130 482 1184 Si
512 1146 646 1186 vero
673 1130 858 1184 fiscale
891 1126 1150 1185 debitum
1179 1131 1370 1198 fuerit,
1399 1130 1724 1201 potentibus
1753 1131 1833 1186 eis

186 1223 260 1276 ad
289 1223 715 1278 alienationem
763 1222 1145 1278 immobilium
1194 1223 1466 1278 accedere
1515 1224 1830 1278 secundum

187 1316 458 1386 priorem
483 1315 956 1383 observationem,
978 1319 1040 1370 ut
1059 1315 1202 1370 nihil
1226 1316 1388 1383 desit,
1411 1333 1599 1388 neque
1615 1316 1830 1370 subtili-

187 1408 348 1475 tatis,
376 1425 564 1478 neque
586 1408 909 1463 communis
930 1408 1202 1463 utilitatis.
1235 1409 1329 1462 His
1345 1414 1536 1463 autem
1557 1409 1830 1462 universis

187 1501 623 1556 sanctissimam
649 1503 936 1572 majorem
965 1501 1265 1556 ecclesiam
1292 1501 1632 1556 felicissimae
1661 1503 1829 1572 hujus

189 1595 376 1661 urbis,
398 1600 455 1650 et
470 1595 594 1665 ejus
620 1595 888 1662 conﬁnia,
904 1599 960 1648 et
981 1595 1306 1649 orationum
1334 1595 1556 1661 domos,
1581 1611 1826 1666 quarum

188 1687 319 1758 ipsa
343 1704 546 1742 curam
571 1688 836 1758 suscepit,
856 1687 1124 1741 omnibus
1153 1687 1466 1758 excipimus
1492 1688 1680 1742 modis
1700 1704 1828 1758 qua;

180 1782 311 1851 jam
341 1781 416 1834 de
447 1781 557 1834 hoc
588 1781 806 1835 sancita
833 1785 967 1834 sunt
997 1798 1032 1834 a
1057 1780 1242 1846 nobis,
1267 1780 1325 1834 in
1358 1798 1459 1834 sua
1489 1781 1694 1835 virtute
1721 1781 1824 1834 du-

1936 584 2040 637 ctae
2071 584 2222 650 sunt,
2255 584 2317 636 ut
2343 585 2618 654 perpetuo
2653 579 2808 652 apud
2844 579 3151 650 imperium
3179 582 3472 648 maneant,
3507 581 3566 634 et

1937 692 2054 732 non
2071 675 2490 730 transferantur
2501 674 2575 729 ad
2597 673 3097 745 privatum,neque
3114 672 3342 728 illarum
3351 671 3448 742 jus
3463 689 3568 744 per

1935 769 2193 824 medium
2219 768 2528 840 imperium
2553 768 2629 823 ad
2653 784 2752 824 eos
2782 767 3195 839 proficiscatur.
3227 765 3338 822 Sed
3354 765 3400 820 si
3418 765 3559 838 quid

1934 864 2046 918 tale
2063 863 2182 931 fiat,
2202 863 2494 918 licentiam
2513 862 2716 917 damus
2734 858 3225 916 reverendissimis
3243 857 3560 914 oeconomis

1933 971 2024 1010 res
2052 956 2488 1027 apprehendere
2519 955 2869 1027 hujusmodi,
2893 958 2951 1010 et
2991 952 3216 1008 tradere
3243 969 3339 1008 eas
3368 969 3562 1007 rursus

1934 1049 2007 1105 ad
2025 1049 2444 1104 sanctissimam
2463 1049 2782 1116 ecclesiam,
2801 1051 3078 1120 tanquam
3101 1047 3148 1102 si
3169 1063 3276 1101 nec
3301 1046 3372 1100 ab
3393 1044 3557 1102 initio

1931 1141 2260 1212 contigisset
2271 1142 2722 1212 permutationes
2733 1143 2934 1197 harum
2946 1141 3020 1196 ad
3039 1140 3343 1212 imperium
3357 1139 3557 1207 factas,

1931 1235 2032 1290 sed
2059 1235 2274 1289 servari
2302 1235 2409 1290 hoc
2439 1236 2671 1289 schema
2709 1235 2766 1288 in
2807 1238 3148 1306 perpetuum
3192 1251 3257 1288 ex
3290 1231 3559 1304 prtesenti

1931 1329 2023 1383 die
2045 1327 2404 1384 inchoatum.
2421 1327 2700 1382 Omnibus
2715 1344 2842 1399 quas
2863 1327 3080 1382 dudum
3095 1327 3274 1397 (sicuti
3293 1325 3556 1398 praedixi-

1931 1421 2076 1491 mus)
2100 1425 2228 1492 post
2261 1421 2512 1492 priorem
2538 1422 2729 1492 legem
2755 1421 3070 1475 secundum
3085 1420 3324 1475 modum
3345 1418 3556 1490 praedi-

1929 1518 2082 1569 ctum
2097 1517 2257 1585 gesta
2271 1513 2551 1568 suntratis
2561 1514 2950 1582 manentibus,
2965 1530 3034 1568 eo
3048 1513 3202 1585 quod
3215 1513 3312 1566 illa
3323 1511 3558 1584 quidem

1929 1623 2056 1678 qua:
2082 1607 2159 1672 sic
2191 1607 2340 1661 facta
2368 1609 2520 1674 sunt,
2544 1624 2578 1660 a
2610 1606 2743 1660 viris
2775 1608 2937 1677 gesta
2963 1608 3114 1660 sunt.
3160 1606 3320 1660 Nunc
3359 1607 3555 1660 autem

1929 1699 2164 1770 quidam
2203 1701 2402 1754 volunt
2439 1700 2669 1754 illorum
2702 1700 2967 1770 exemplo
3002 1701 3249 1766 utentes,
3301 1701 3359 1751 et
3395 1698 3560 1752 nobis

1929 1809 2049 1846 esse
2087 1793 2330 1858 molesti,
2373 1796 2431 1846 et
2473 1792 2888 1846 sanctissimam
2931 1791 3212 1862 majorem
3256 1791 3557 1846 ecclesiam

187 1874 478 1931 rantibus.
507 1873 564 1928 Si
596 1876 790 1927 autem
821 1877 879 1928 et
899 1873 1089 1943 aliqua
1114 1873 1466 1928 monasteria
1491 1873 1594 1928 sub
1621 1873 1824 1926 eadem
1846 1851 1903 1923 B
1927 1885 2094 1955 hujus
2127 1885 2466 1939 felicissima;
2510 1885 2750 1939 civitatis
2791 1883 3226 1951 circumvenire,
3265 1883 3419 1954 quod
3451 1899 3554 1954 per

187 1966 557 2021 sanctissima
591 1966 810 2036 majore
831 1965 1066 2019 ecclesia
1080 1965 1212 2032 sint,
1238 1982 1341 2019 nec
1365 1982 1433 2019 ea
1452 1965 1555 2019 sub
1573 1981 1822 2036 praesen-

187 2063 311 2114 tem
336 2060 584 2114 facimus
604 2060 790 2129 legem
805 2059 1116 2113 forinsecus
1137 2059 1195 2112 in
1217 2058 1524 2129 provinciis
1546 2075 1676 2112 eam
1699 2075 1826 2112 con-

184 2153 500 2206 stituentes
521 2153 728 2218 solum,
758 2151 815 2204 in
839 2151 1045 2222 quibus
1061 2153 1243 2205 multa
1261 2151 1498 2221 quidem
1521 2155 1608 2204 est
1628 2151 1823 2221 inopia

185 2245 596 2316 pecuniarum,
617 2261 722 2315 per
738 2260 914 2314 quam
935 2243 1306 2298 sanctissima:
1328 2243 1580 2298 ecclesia;
1607 2245 1824 2297 solvere

185 2356 294 2410 per
327 2338 602 2408 pecunias
627 2337 820 2391 debita
847 2353 962 2392 non
989 2338 1310 2391 valuerunt.
1333 2337 1450 2390 Tua
1477 2336 1651 2407 igitur
1666 2335 1826 2390 celsi-

186 2432 333 2486 tudo
377 2447 505 2502 qua:
545 2431 882 2501 placuerunt
911 2430 1072 2484 nobis
1101 2446 1474 2499 cognoscens,
1509 2428 1824 2483 secundum

187 2526 299 2579 hoc
329 2523 646 2596 procedere
673 2540 844 2594 super
861 2523 1032 2577 sacris
1053 2523 1222 2576 rebus
1241 2522 1620 2576 alienationes
1643 2525 1826 2576 custo-

188 2618 334 2672 diat.
369 2618 579 2671 Datum
618 2632 706 2672 x1v
745 2615 984 2670 Kalend.
1031 2615 1820 2686 Septemb.-Constantinop.,

188 2714 322 2781 post
349 2710 713 2766 consulatum
746 2708 999 2764 Belisarii
1032 2725 1083 2762 v.
1115 2725 1186 2778 c.,
1217 2724 1369 2762 anno
1397 2708 1666 2762 secundo.

785 2847 1101 2901 NOVELLA
1129 2847 1234 2900 LV.

192 2943 261 2996 Ut
281 2943 352 2994 de
371 2945 558 2993 caetero
569 2943 1002 2994 commutationes
1017 2941 1493 2993 ecclesiastz’mrum
1518 2954 1698 2992 rerum
1714 2954 1822 2992 non

256 3015 398 3080 ﬁcta?
415 3014 552 3079 ﬁant
579 3011 654 3064 ad
675 3013 984 3078 piissimum
1016 3013 1412 3078 imperatorem,
1449 3015 1499 3063 et
1539 3011 1634 3063 hoc
1656 3011 1822 3080 modo

259 3079 338 3135 ad
363 3084 507 3136 alias
528 3096 783 3150 personas
811 3083 1078 3149 legitimas
1111 3084 1390 3134 transeant
1426 3095 1530 3140 res,
1574 3079 1668 3133 sed
1714 3081 1822 3133 haec

263 3153 638 3206 tantummodo
679 3156 812 3218 ﬁant
857 3152 932 3204 ad
977 3151 1310 3218 imperialem
1359 3151 1592 3202 domum.
1641 3153 1709 3203 Et
1759 3153 1820 3202 ut

261 3225 425 3275 liceat
447 3203 734 3290 perpetuas
760 3203 1126 3287 emphyteuscs
1153 3223 1246 3286 agi
1263 3221 1332 3272 ab
1353 3222 1605 3272 oratoriis
1626 3222 1682 3272 in
1703 3236 1821 3273 ora—
1839 3203 1894 3276 Ο

260 3296 427 3352 toria,
457 3295 664 3345 decreto
692 3293 937 3345 videlicet
961 3295 1292 3360 interposito,
1325 3296 1544 3358 excepta
1573 3291 1671 3342 hac
1699 3307 1816 3343 ma-

244 3365 370 3433 jore
399 3364 639 3420 ecclesia.
671 3379 736 3416 ne
761 3368 936 3416 tamen
963 3363 1021 3415 in
1042 3364 1320 3430 privatam
1346 3376 1633 3431 personam
1661 3365 1815 3414 tran-

256 3439 375 3489 seat
400 3435 776 3503 emphyteusis.

259 3555 585 3623 imperator
605 3550 958 3606 Justinianus
983 3554 1269 3622 Augustus
1293 3551 1511 3605 Mennaa
1535 3547 1814 3620 archiepi-

183 3662 364 3717 scopo
392 3644 1052 3714 Constantinopolitano.

258 3741 476 3805 Legem
517 3736 849 3808 scripsimus
883 3736 1102 3790 dudum
1145 3735 1553 3790 ecclesiasticas
1583 3734 1818 3806 quidem

184 3831 572 3887 alienationes
607 3829 1032 3900 prohibentem,
1057 3819 1239 3883 solam
1273 3831 1464 3882 autem
1496 3831 1815 3882 commuta-

181 3927 408 3982 tionem
439 3922 875 3994 permittentem
897 3921 1268 3976 sanctissimis
1293 3920 1564 3988 ecclesiis,
1590 3937 1818 3974 necnon

183 4015 565 4074 sanctissimte
593 4015 802 4085 majori
826 4014 1078 4068 ecclesia:
1111 4013 1281 4084 hujus
1319 4012 1660 4068 felicissima
1684 4012 1816 4068 civi-

183 4111 342 4177 tatis,
363 4109 502 4164 dum
522 4107 831 4178 imperium
849 4106 1106 4177 accipere
1121 4105 1339 4177 aliquid
1356 4105 1427 4160 ab
1439 4105 1632 4176 aliqua
1650 4121 1818 4159 vene-

182 4203 461 4260 rabilium
489 4201 731 4256 domum
769 4199 1030 4255 voluerit.
1080 4201 1284 4254 Postea
1319 4198 1602 4270 siquidem
1642 4198 1816 4254 aliam

185 4295 523 4368 scripsimus
565 4294 778 4364 legem,
839 4309 954 4364 qua
1008 4291 1338 4364 excepimus
1393 4291 1817 4348 sanctissimam

183 4391 477 4460 majorem
517 4386 835 4454 ecclesiam,
870 4385 1268 4457 permittentes
1294 4385 1575 4459 quasdam
1599 4385 1816 4442 aliena-

183 4485 400 4549 tiones,
435 4497 577 4553 quas
605 4479 703 4535 illa
732 4480 820 4534 lex
845 4479 1001 4534 dicit.

1929 1993 2096 2032 omne
2133 1981 2359 2048 tempus
2390 1977 2548 2032 nullo
2577 1977 2750 2032 modo
2788 1977 2914 2031 fieri
2936 1978 3214 2031 volumus.
3249 1975 3363 2031 Sed
3407 1979 3465 2029 et
3507 1975 3553 2029 si

1928 2070 2025 2124 fiat
2037 2070 2294 2141 quolibet
2314 2071 2632 2135 schemate,
2658 2071 2765 2125 hoc
2778 2069 2952 2123 etiam
2975 2069 3273 2123 infirmum
3292 2085 3434 2134 esse,
3451 2071 3554 2122 eta

1927 2163 2282 2216 sanctissima
2310 2163 2530 2232 majore
2551 2163 2788 2216 ecclesia
2811 2161 3224 2232 inperpetuum
3255 2159 3553 2227 vindicari,

1927 2256 2085 2310 nulla
2117 2256 2170 2310 ei
2198 2255 2475 2326 temporis
2517 2255 2944 2326 praescriptione
2985 2254 3044 2308 in
3075 2255 3181 2308 hoc
3213 2253 3551 2324 objicienda.

1993 2348 2136 2402 Illud
2167 2364 2397 2420 quoque
2429 2347 2735 2416 sancimus,
2775 2350 2836 2401 ut
2862 2347 2986 2401 aliis
3027 2347 3295 2402 omnibus
3325 2347 3395 2401 de
3421 2347 3556 2418 jure

1925 2442 2367 2512 emphyteuseos
2397 2441 2646 2508 sancitis,
2671 2445 2729 2496 et
2757 2441 2815 2495 in
2835 2439 3192 2494 sanctissima
3218 2439 3437 2510 majore
3458 2456 3551 2494 ec-

1923 2535 2115 2602 clesia,
2137 2537 2195 2588 et
2210 2533 2268 2588 in
2287 2534 2412 2588 aliis
2429 2533 2698 2588 omnibus
2711 2532 3129 2588 venerabilibus
3146 2533 3413 2587 domibus
3424 2549 3528 2604 pro
3542 2563 3555 2575 -

1923 2627 2114 2698 prium
2140 2626 2316 2680 robur
2341 2627 2706 2694 habentibus,
2733 2626 2964 2680 licentia
2986 2626 3053 2680 sit
3079 2625 3450 2680 sanctissimis
3466 2641 3551 2680 ec-

1923 2719 2106 2774 clesiis
2123 2721 2180 2773 et
2191 2719 2611 2773 venerabilibus
2626 2719 2893 2774 domibus
2906 2719 3225 2774 adinvicem
3239 2722 3296 2773 et
3314 2719 3553 2790 emphy-

1923 2812 2128 2866 teusim
2151 2815 2487 2883 perpetuam
2508 2829 2700 2883 agere,
2727 2812 2956 2868 decreto
2979 2812 3191 2884 quippe
3206 2812 3315 2866 hoc
3333 2811 3545 2866 facien-

1923 2905 2018 2971 do,
2039 2907 2270 2975 excepta
2289 2904 2520 2976 quidem
2553 2906 2660 2959 hac
2691 2905 3047 2959 sanctissima
3061 2905 3280 2975 majore
3293 2905 3546 2959 ecclesia.

1921 2999 1983 3051 In
2015 2997 2126 3052 hoc
2155 3001 2349 3052 autem
2372 2998 2661 3053 celebrata
2681 2998 3065 3070 emphyteusi,
3091 3001 3158 3052 ut
3185 3014 3303 3052 non
3330 2997 3404 3051 ad
3432 2997 3546 3068 pri-

1921 3095 2110 3145 vatam
2155 3107 2464 3160 personam
2495 3091 2724 3146 extendi
2749 3091 2990 3146 omnino
3012 3091 3205 3162 possit.
3228 3091 3347 3145 Tua
3375 3089 3550 3161 igitur

1920 3182 2216 3237 beatitudo
2237 3201 2363 3254 qua!
2377 3184 2536 3254 jussa
2566 3187 2744 3240 sunta
2768 3185 2933 3239 nobis
2959 3183 3258 3251 custodiat,
3279 3183 3434 3238 ethis
3452 3182 3550 3254 qui

1919 3275 2022 3328 sub
2041 3292 2108 3328 ea
2129 3275 2602 3346 metropolitanas
2621 3276 2782 3330 sedes
2803 3276 3205 3331 habentfaciat
3221 3276 3547 3343 manifesta,

1919 3370 1982 3420 ut
2019 3370 2075 3420 et
2115 3367 2225 3438 ipsi
2250 3385 2376 3438 qua:
2407 3368 2573 3422 nobis
2598 3369 2937 3439 placuerunt
2964 3371 3377 3440 cognoscentes
3406 3368 3550 3423 nihil

1919 3460 2125 3514 horum
2151 3461 2507 3531 praevaricari
2541 3463 2912 3532 praesumant.
2942 3461 3062 3515 Erit
3087 3462 3240 3515 enim
3270 3461 3547 3515 universis

1919 3568 1953 3606 a
1983 3553 2100 3606 Dco
2123 3552 2422 3623 judicium,
2456 3556 2514 3608 et
2532 3553 2736 3608 exinde
2763 3570 2954 3624 poena,
2979 3553 3025 3608 si
3045 3553 3178 3624 quid
3206 3555 3418 3624 praeter
3437 3553 3546 3608 hoc

1917 3647 2013 3698 aut
2040 3645 2147 3716 ipsi
2185 3645 2430 3716 egerint,
2463 3649 2561 3700 aut
2589 3646 2682 3717 agi
2720 3646 3106 3718 permiserint.
3145 3647 3270 3702 Dat.
3313 3662 3380 3702 xv
3419 3646 3543 3700 Kal.

1916 3738 2052 3792 Nov.
2107 3738 2566 3810 Constantinop.,
2610 3739 2748 3810 imp.
2802 3739 2858 3793 d.
2901 3756 2958 3794 n.
2999 3739 3203 3794 Justin.
3241 3741 3342 3796 PP.
3394 3742 3541 3810 Aug.

1918 3848 2052 3885 ann.
2086 3833 2142 3886 lt
2180 3835 2309 3903 post
2336 3831 2489 3898 Bilis,
2519 3848 2571 3886 v.
2601 3848 2650 3886 c.
2680 3849 2836 3888 cons.

2483 3951 2801 4006 NOVELLA
2831 3953 2962 4008 LVI.

1924 4045 1992 4099 Ut
2013 4061 2096 4111 ea,
2128 4060 2250 4113 qua
2277 4049 2541 4099 vocantur
2567 4047 2905 4100 insinuativa
2933 4060 3094 4116 super
3123 4045 3326 4100 clericis
3352 4047 3410 4099 in
3433 4059 3550 4099 ma-

1977 4117 2102 4183 jore
2126 4115 2342 4184 quidem
2379 4117 2598 4170 ecclesia
2626 4117 2844 4182 dentur,
2875 4119 2936 4172 in
2959 4115 3085 4172 aliis
3111 4122 3292 4173 autem
3319 4117 3548 4174 ecclesiis

1981 4188 2203 4256 penitus
2229 4202 2334 4240 non
2360 4187 2576 4242 dentur.

1987 4297 2308 4366 Imperator
2328 4297 2683 4352 Justinianus
2698 4300 2986 4370 Augustus
3008 4299 3229 4354 Menum
3267 4296 3542 4370 archiepi-

1917 4403 2087 4459 scopo
2116 4388 2290 4458 regiae
2321 4389 2564 4446 civitatis
2589 4390 3244 4462 Constantinopolitano.

1985 4480 2268 4536 Plurimas
2289 4481 2612 4538 additiones
2631 4483 3002 4554 suscipientes
3021 4483 3170 4538 hanc
3195 4484 3385 4553 legem
3417 4481 3549 4537 diri-

257 4576 408 4642 Quia
431 4589 566 4629 vero
593 4573 964 4644 cognovimus
992 4572 1148 4644 quod
1175 4571 1354 4644 aliqui
1380 4571 1586 4643 prioris
1614 4571 1816 4628 consti-
1833 4566 1893 4639 D
1918 4573 2131 4644 geread
2145 4578 2304 4628 tuam
2317 4573 2720 4630 beatitudinem
2733 4576 2957 4646 justum
2969 4575 3545 4640 existimavimus.Qui

183 4668 430 4726 tutionis
440 4667 771 4739 capitulum,
790 4666 946 4738 quod
963 4666 1032 4721 de
1052 4665 1817 4737 permutationecompeten-

179 4764 334 4819 tium
362 4777 558 4816 rerum
587 4759 959 4815 sanctissimis
985 4759 1249 4815 domibus
1269 4759 1344 4815 ad
1364 4759 1668 4830 imperium
1689 4757 1816 4814 scri-

179 4856 427 4929 psimus,
475 4853 549 4910 ad
605 4856 792 4908 artem
834 4853 946 4924 legi
985 4853 1335 4908 contrariam
1389 4854 1815 4918 converterunt,

181 4949 739 5022 postulaveruntque
765 4963 871 5002 nos
896 4946 1131 5018 quidem
1145 4963 1179 5001 a
1199 4945 1555 5001 sanctissima
1573 4945 1818 5001 Ecclesia

182 5043 468 5114 accipere,
511 5041 600 5095 his
637 5043 831 5095 autem
877 5041 999 5096 haec
1037 5041 1195 5107 dare,
1227 5039 1362 5094 hinc
1394 5038 1649 5110 aggressi
1686 5041 1820 5094 sunt

183 5134 354 5191 multi
397 5133 654 5206 quidam,
693 5133 790 5205 qui
831 5133 1108 5188 similibus
1147 5132 1519 5204 petitionibus
1551 5131 1817 5188 omnibus

182 5231 437 5296 utentes,
465 5243 683 5282 sacram
714 5226 973 5282 nituntur
1005 5226 1418 5282 circumvenire
1460 5225 1819 5280 constitutio-

185 5339 344 5377 nem.
380 5321 748 5392 Quaecunque
780 5337 919 5392 ergo
946 5323 1106 5391 gesta
1135 5323 1268 5375 sunt
1296 5336 1328 5374 a
1356 5318 1522 5374 nobis
1537 5335 1713 5390 usque
1743 5319 1816 5374 ad

182 5416 532 5488 prmsentem
547 5413 722 5481 diem,
736 5413 859 5468 haec
871 5413 974 5468 sub
989 5411 1370 5480 schemate,in
1390 5428 1503 5483 quo
1517 5429 1668 5466 nunc
1687 5414 1818 5466 sunt

182 5522 427 5563 manere
450 5506 731 5574 volumus,
745 5507 904 5560 nulla
931 5505 1314 5577 permutando
1330 5505 1538 5559 horum
1557 5504 1814 5576 quejam

182 5618 218 5655 a
231 5599 396 5655 nobis
405 5615 536 5654 cum
547 5599 892 5654 sanctissima
905 5597 1144 5654 Ecclesia
1157 5598 1216 5652 in
1226 5597 1430 5653 talibus
1441 5597 1818 5652 contractibus

184 5696 352 5765 gesta
368 5695 520 5759 sunt,
543 5696 642 5748 aut
664 5708 794 5747 cum
815 5691 904 5746 his
921 5691 1021 5764 qui
1039 5690 1162 5745 haec
1180 5708 1214 5746 a
1230 5690 1395 5747 nobis
1413 5695 1812 5762 perceperunt.

257 5788 338 5842 De
354 5789 560 5840 caetero
579 5788 773 5841 autem
792 5784 1078 5841 sancimus
1097 5783 1238 5839 nulli
1259 5785 1486 5856 penitus
1500 5783 1673 5839 ullam
1695 5799 1815 5837 esse

183 5879 478 5936 licentiam
512 5877 728 5951 aliquid
758 5879 868 5934 tale
909 5893 1103 5950 agere,
1151 5877 1250 5934 sed
1281 5877 1403 5934 illas
1441 5877 1588 5934 solas
1629 5875 1814 5932 valere

1917 4667 2068 4723 enim
2098 4666 2484 4721 ordinantura
2503 4672 2600 4723 tua
2626 4668 2942 4724 reverentia
2973 4668 3161 4724 clerici
3179 4669 3238 4724 in
3266 4667 3546 4723 sanctissi-

1914 4760 2024 4816 mis
2049 4758 2293 4815 ecclesiis
2321 4759 2553 4832 (absque
2571 4765 2766 4817 tamen
2784 4761 3134 4817 sanctissima
3149 4761 3348 4834 majori
3375 4762 3546 4818 eccle-

1916 4852 2016 4924 sia)
2046 4851 2302 4906 omnium
2322 4852 2614 4923 patiuntur
2633 4853 3039 4922 crudelissima,
3061 4870 3176 4910 non
3196 4853 3546 4925 suscipienti-

1914 4945 2021 5000 bus
2041 4962 2140 5000 eos
2169 4945 2282 5000 illic
2307 4946 2578 5015 ecclesiis,
2599 4951 2913 5018 antequam
2937 4952 3214 5020 quantum
3238 4947 3542 5015 voluerint,

1917 5037 2199 5110 accipiant
2235 5054 2458 5093 aurum.
2495 5040 2562 5094 Et
2603 5039 2865 5095 novimus
2910 5041 3017 5095 hoc
3051 5057 3121 5096 ex
3152 5039 3547 5112 frequentibus

1916 5130 2307 5186 additionibus
2323 5131 2392 5186 de
2407 5131 2515 5187 hoc
2538 5132 2700 5187 factis
2712 5133 2894 5188 nobis.
2914 5133 3212 5190 Sancimus
3231 5133 3306 5205 igi
3315 5137 3405 5188 tur
3414 5133 3547 5188 bea-

1916 5224 2227 5279 titudinem
2266 5227 2426 5279 tuam
2474 5225 2582 5280 hoc
2628 5226 2976 5282 validissime
3023 5227 3327 5283 custodire.
3380 5228 3448 5283 Et
3499 5227 3546 5282 si

1917 5317 2153 5390 quidem
2183 5317 2536 5374 consuetudo
2561 5322 2648 5373 est
2680 5319 2818 5374 dare
2847 5337 2945 5375 eos
2975 5320 3073 5393 qui
3111 5321 3454 5376 ordinantur
3486 5321 3547 5378 in

1916 5410 2271 5466 sanctissima
2298 5411 2518 5482 majore
2547 5412 2809 5482 ecclesia,
2839 5413 2949 5468 hoc
2977 5431 3074 5470 eos
3099 5415 3376 5486 praebere.
3397 5415 3546 5470 Nihil

1917 5503 2074 5560 enim
2093 5504 2163 5559 de
2182 5504 2270 5558 his
2281 5521 2409 5575 quae
2425 5504 2633 5560 dantur
2652 5505 2709 5561 in
2744 5507 3098 5564 sanctissima
3125 5509 3345 5580 majore
3373 5509 3547 5564 eccle-

1916 5597 2020 5663 sia,
2050 5613 2348 5651 novamus.
2371 5599 2655 5654 Prceterea
2675 5616 2809 5655 vero
2838 5600 2894 5655 in
2917 5601 3043 5656 aliis
3067 5603 3356 5668 omnibus,
3377 5601 3546 5656 nullis

1916 5688 1975 5743 in
1987 5689 2069 5744 eis
2097 5689 2430 5746 clericorum
2458 5691 2749 5748 licentiam
2771 5711 2894 5748 esse
2921 5695 3152 5766 penitus
3172 5711 3274 5766 pro
3296 5693 3384 5748 his
3413 5709 3542 5765 quae

1916 5785 2192 5836 vocantur
2239 5781 2584 5839 insinuativa
2628 5787 2845 5859 aliquid
2876 5789 3046 5842 ferre.
3085 5787 3195 5842 Sed
3232 5789 3290 5840 et
3337 5786 3380 5840 si
3417 5787 3544 5857 quis

1917 5875 2030 5929 tale
2059 5873 2274 5946 aliquid
2303 5876 2501 5948 egerit,
2537 5878 2697 5936 illum
2721 5879 2950 5953 quidem
2964 5879 3172 5954 privari
3201 5878 3539 5948 sacerdotio,
