4088 6442
469 467 472 470 ρ
518 393 611 450 θθι

1659 393 1906 450 leiCL'Ll
1948 393 2136 447 SEXTI
2177 391 2727 448 SUPPLEMENTI‘M.

3775 377 3918 447 .992

517 503 576 556 in
622 501 770 556 illius
815 503 1004 556 autem
1041 501 1293 556 officium
1333 501 1564 556 introire
1603 503 1702 574 qui
1762 503 1967 558 missus
2021 506 2124 570 est,
2149 511 2471 584 Amenses,
2512 517 2578 554 ex
2609 515 2721 570 quo
2741 499 2864 552 htec
2885 498 2972 557 lex
2993 495 3284 550 insinuata
3302 491 3505 558 fuerit,
3535 489 3676 543 haec
3706 501 3920 584 corre-

519 600 576 648 et
601 597 745 649 hanc
785 611 916 648 eum
963 596 1209 649 avaritia:
1249 597 1396 648 ferre
1435 596 1779 650 mercedem.
1831 596 2126 651 Custodire

519 704 651 740 vero
683 687 803 740 haec
843 687 1018 740 etiam
1050 689 1164 741 Deo
1196 688 1615 742 amantissimos
1641 689 1970 742 defensores
1997 706 2126 743 san-

519 779 782 832 ctissima:
827 780 1062 850 majoris
1103 781 1372 846 ecclesiae,
1417 797 1640 850 pmnam
1677 782 2054 835 formidantes
2095 799 2130 836 x

519 871 792 926 librarum
842 873 986 939 auri,
1041 874 1084 926 si
1141 873 1280 943 quid
1349 874 1719 942 neglexerint.
1785 874 1895 928 Sed
1958 875 2132 944 gratis

521 965 718 1018 omnia
761 965 1090 1034 procedere.
1123 965 1334 1019 Deinde
1371 965 1580 1019 etenim
1629 966 2026 1019 defunctiones
2075 970 2133 1020 et

522 1057 858 1125 ministeria,
879 1074 994 1112 non
1030 1074 1134 1128 per
1151 1057 1556 1123 venditionem,
1579 1075 1681 1111 nec
1710 1075 1811 1128 per
1839 1059 2134 1113 mereatio-

523 1167 654 1203 nem
699 1151 820 1204 ﬁeri
866 1151 1115 1220 aliquam
1142 1153 1422 1216 volumus,
1472 1151 1572 1204 sed
1614 1167 1752 1220 pure
1795 1157 1850 1205 et
1878 1151 2016 1205 citra
2043 1169 2129 1205 re-

521 1242 928 1312 demptionem.
975 1243 1065 1297 Sic
1091 1243 1246 1296 enim
1277 1243 1355 1296 rei
1387 1243 1543 1312 digni
1581 1243 1719 1296 ﬁent
1753 1245 1906 1297 nulla
1943 1244 2134 1298 vendi-

523 1335 676 1387 tione
704 1351 768 1388 ac
790 1335 1135 1388 mercationc
1175 1335 1450 1388 facienda.
1482 1337 1598 1389 Tua
1630 1335 1802 1404 igitur
1819 1337 2132 1403 beatitudo,

428 1438 438 1448 '
523 1431 577 1479 et
609 1427 705 1496 qui
732 1429 927 1496 postea
957 1427 1014 1480 in
1047 1427 1395 1497 pontificales
1420 1429 1760 1480 accesserint
1792 1428 1974 1495 sedes,
2008 1445 2134 1498 quas

523 1518 742 1571 anobis
768 1518 1027 1572 ordinata
1053 1522 1202 1587 sunt,
1237 1522 1294 1572 et
1335 1535 1440 1588 per
1480 1519 1627 1572 hanc
1672 1519 1958 1574 declarata
2004 1522 2137 1573 sunt

522 1612 730 1679 legem,
775 1610 932 1680 operi
965 1610 1299 1680 effectuique
1351 1611 1576 1664 tradere
1617 1611 1864 1665 festinet.
1907 1613 2030 1666 Dat.
2077 1629 2135 1667 III

524 1703 646 1755 Kal.
676 1703 810 1755 Nov.
842 1703 1133 1756 Constant.
1167 1702 1308 1772 imp.
1337 1703 1391 1756 d.
1423 1720 1478 1756 ιι.
1507 1703 1707 1757 Justin.
1741 1707 1886 1773 Aug.
1919 1719 2013 1758 an.
2047 1707 2132 1772 Il,

523 1797 650 1865 post
675 1793 820 1849 Bilis.
850 1810 902 1848 v.
932 1810 978 1848 c.
1003 1810 1157 1848 cons.
1190 1811 1323 1848 ann.
1353 1799 1404 1849 2.

1080 1897 1395 1950 NOVELLA
1422 1898 1573 1951 LVII.

600 1980 666 2032 Ut
699 1981 756 2031 in
784 1981 1020 2046 privatis
1047 1978 1289 2032 domibus
1315 1995 1470 2033 sacra
1496 1983 1753 2048 mysteria
1778 1996 1882 2034 non
1909 1985 2062 2050 ﬁant.

595 2071 910 2139 Imperator
931 2070 1280 2124 Justinianus
1304 2075 1584 2142 Augustus
1609 2073 1825 2126 Menum
1853 2072 2134 2142 archiepi-

526 2177 696 2230 scopo
721 2161 894 2229 regize
923 2162 1160 2216 civitatis
1187 2165 1838 2234 Constantinopolitano.

597 2254 662 2306 Et
683 2253 880 2322 priscis
900 2255 1176 2308 sancitum
1202 2259 1286 2308 est
1302 2256 1673 2326 legibusﬁiulli
1695 2257 1918 2326 penitus
1940 2273 2058 2311 esse
2081 2256 2140 2310 li-

525 2344 770 2398 centiam
793 2345 950 2398 d'omi
969 2363 1093 2416 quae
1114 2347 1487 2402 sacratissima
1501 2352 1628 2402 sunt
1646 2365 1836 2417 agere,
1853 2349 1950 2402 sed
1963 2349 2141 2418 publi-

527 2453 588 2490 ce
601 2436 786 2490 sinere
801 2439 1112 2506 procedere
1127 2439 1645 2494 incredulitatemet
1657 2441 1750 2494 Dei
1767 2442 2045 2498 culturam
2059 2458 2142 2495 se-

525 2529 770 2582 cundum
792 2530 1142 2584 sanctionem
1165 2532 1235 2585 de
1260 2531 1348 2585 his
1361 2532 1593 2586 sacratis
1614 2533 1830 2586 actibus
1851 2533 2136 2602 traditam,

526 2626 702 2674 etnos
723 2621 894 2675 etiam
916 2623 1062 2676 hanc
1081 2625 1139 2676 in
1161 2626 1427 2694 praesenti
1447 2625 1710 2695 ponimus
1739 2627 1946 2694 legem,
1967 2641 2140 2696 quam

526 2729 654 2766 cum
676 2713 833 2767 omni
849 2715 1068 2768 cautela
1085 2719 1278 2769 tenere
1295 2718 1574 2770 volumus.
1600 2717 1874 2770 Omnibus
1893 2717 2046 2770 enim
2062 2717 2143 2769 in-

525 2804 851 2859 terdicimus
864 2822 1088 2875 magna:
1102 2808 1267 2876 hujus
1280 2808 1512 2862 civitatis
1525 2809 2142 2878 habitatoribus,magis

527 2899 719 2949 autem
743 2896 912 2950 etiam
949 2898 1122 2952 totius
1148 2903 1352 2952 nostra:
1378 2901 1622 2966 ditionis,
1645 2901 1702 2953 in
1731 2901 1989 2953 domibus
2029 2901 2144 2953 suis

529 2987 739 3040 habere
767 2990 1043 3058 quasdam
1070 2991 1230 3060 quasi
1270 2992 1594 3045 'orationum
1633 2992 1856 3056 domos,
1885 2995 1941 3045 et
1969 2992 2027 3044 in
2057 2992 2144 3044 his

529 3095 686 3132 sacra
709 3080 991 3134 celebrare
1007 3083 1298 3150 mysteria,
1313 3087 1369 3136 et
1381 3083 1513 3137 hinc
1528 3084 1648 3137 ﬁeri
1669 3084 1932 3152 qumdam
1947 3084 2141 3138 catho-

2228 594 2429 658 xerint,
2448 596 2505 648 et
2529 593 2602 646 ad
2620 593 2866 662 figuram
2895 606 2928 644 a
2949 588 3111 642 nobis
3133 586 3472 640 ordinatam
3504 579 3917 644 deduxerint,

2230 688 2331 740 sub
2360 686 2627 756 praedicta
2645 701 2810 754 pinna
2840 683 2999 736 ﬁent.
3021 682 3150 734 Haec
3167 682 3363 732 autem
3393 675 3492 745 agi
3513 691 3657 728 cum
3680 673 3916 726 verita-

2229 785 2305 843 te,
2337 795 2451 832 non
2483 774 2584 848 per
2605 777 2858 846 aliquam
2877 773 3228 827 calumniam
3245 771 3544 833 volumus,
3589 765 3918 820 veracium

2232 871 2384 924 enim
2423 869 2786 924 solummodo
2832 883 3027 920 sumus
3061 868 3370 918 amatores.
3411 862 3546 914 Haec
3592 858 3924 912 sancimus

2230 968 2387 1017 tuam
2409 962 2690 1016 custodire
2706 957 3125 1022 celsitudinem,
3143 960 3201 1010 et
3224 955 3368 1008 nihil
3385 954 3507 1007 tale
3530 952 3667 1006 ﬁeri
3692 966 3920 1004 conce-

2233 1055 2554 1109 dere.Scito
2568 1053 2721 1106 enim
2737 1051 2870 1121 quia
2898 1048 3357 1111 sididicerimus,
3387 1045 3496 1099 tibi
3523 1045 3644 1098 tale
3673 1042 3925 1112 aliquid

2234 1146 2655 1210 denuntiatum,
2672 1143 2878 1196 deinde
2902 1158 3016 1196 non
3033 1139 3406 1211 prohibuisti,
3429 1141 3536 1191 aut
3555 1140 3644 1204 tu,
3663 1140 3779 1189 aut
3793 1151 3927 1188 suc-

2233 1253 2482 1292 cessores
2508 1235 2590 1290 tui
2611 1235 2936 1305 quicunque
2952 1231 3151 1298 futuri,
3176 1231 3297 1302 ipse
3317 1229 3567 1300 quidem
3597 1227 3924 1298 quinqua-

2234 1331 2392 1399 ginta
2415 1329 2683 1382 Iibrarum
2701 1327 2825 1380 auri
2849 1341 3105 1394 expones
3127 1339 3386 1393 poenam,
3411 1321 3521 1374 sed
3550 1323 3615 1374 et
3648 1319 3761 1390 qui
3794 1335 3928 1372 suc-

2233 1438 2482 1475 cessores
2513 1419 2727 1488 cinguli
2754 1418 2984 1472 fuerint.
3009 1418 3224 1470 Parens
3245 1417 3448 1468 autem
3481 1413 3593 1466 tibi
3634 1412 3928 1466 officium

2235 1513 2531 1567 sustinebit
2563 1513 2715 1564 idem
2765 1511 3067 1573 damnum,
3103 1508 3146 1561 si
3176 1523 3302 1561 rem
3342 1506 3518 1560 nobis
3567 1505 3928 1558 studiosam

2236 1611 2293 1660 et
2323 1603 2691 1658 sanctissimae
2723 1601 2982 1656 Ecclesiae
3019 1599 3448 1654 custodientem
3486 1597 3832 1662 unitatem,
3870 1600 3933 1650 et

2235 1697 2638 1769 prohibentem
2663 1711 2788 1764 quae
2815 1693 3029 1748 anobis
3055 1696 3256 1762 aperte
3275 1691 3604 1746 interdicta
3621 1693 3800 1754 sunt,
3827 1689 3932 1757 agi

2235 1791 2482 1844 latenter
2519 1803 2747 1858 passum
2779 1790 2884 1852 est,
2923 1789 2982 1839 et
3014 1785 3311 1855 despicere
3363 1782 3810 1847 commissum,
3873 1787 3936 1835 et

2155 1859 2212 1930 B
2236 1883 2383 1936 circa
2396 1882 2580 1951 ipsum
2596 1880 2888 1949 cingulum
2907 1877 3348 1948 periclitabitur,
3373 1875 3630 1946 insuper
3644 1877 3711 1928 et
3728 1875 3933 1944 ipsam

2238 1975 2471 2028 domum
2502 1973 2561 2026 in
2599 1989 2712 2041 qua
2751 1970 2969 2040 aliquid
3009 1969 3123 2023 tale
3152 1969 3369 2038 agitur,
3405 1967 3542 2021 ﬁeri
3575 1967 3931 2038 publicam,

2238 2071 2296 2120 et
2343 2067 2444 2119 sub
2490 2063 2932 2118 sacratissimum
2969 2061 3166 2116 venire
3218 2061 3525 2114 aerarium.
3601 2059 3932 2130 Scriptum

2239 2158 2526 2228 exemplar
2551 2175 2585 2210 a
2615 2157 2777 2209 nobis
2805 2159 2862 2208 et
2899 2155 3267 2208 sanctissimo
3309 2151 3686 2223 patriarchae
3734 2151 3936 2206 felicis

2239 2252 2405 2320 hujus
2447 2249 2618 2314 urbis,
2652 2251 2714 2302 ut
2753 2253 2810 2301 et
2849 2248 2969 2317 ipse
3011 2247 3181 2314 hujus
3213 2248 3400 2316 ponat
3445 2245 3538 2298 rei
3587 2244 3934 2314 providen-

2237 2345 2394 2398 tiam.
2437 2343 2705 2395 Volumus
2743 2339 2898 2394 enim
2939 2338 3382 2392 sacerdotaliter
3435 2341 3498 2390 et
3540 2335 3938 2406 judicialiter

2239 2438 2360 2489 lltBC
2388 2437 2606 2488 servata
2628 2433 2834 2486 durare
2856 2432 2914 2485 in
2930 2431 3220 2500 reliquum
3237 2433 3474 2500 tempus
3507 2435 3571 2484 et
3589 2429 3941 2483 immutila-

2240 2531 2316 2582 ta.
2350 2529 2473 2580 Dat.
2503 2543 2562 2580 ιιι
2593 2542 2643 2580 Ν.
2671 2526 2812 2578 Nov.
2837 2525 3130 2578 Constant.
3167 2523 3312 2594 imp.
3343 2522 3400 2576 d.
3435 2539 3498 2576 ιι.
3547 2522 3789 2577 Justin.
3827 2523 3936 2576 PP.

2239 2624 2406 2689 Aug.,
2441 2635 2575 2672 ann.
2605 2621 2657 2671 Il
2695 2619 2820 2688 p’ost
2848 2616 2996 2670 Bilis.
3021 2632 3072 2668 v.
3097 2631 3145 2668 c.
3177 2632 3337 2669 cons.

2788 2731 3102 2785 NOVELLA
3145 2730 3327 2784 LVIII.

2242 2832 2314 2882 De
2339 2829 2559 2885 clericis,
2590 2828 2736 2893 quia
2765 2827 2878 2877 suis
2909 2823 3235 2876 destiterunt
3255 2823 3524 2876 ecclesiis.
3561 2825 3720 2876 Item
3754 2824 3830 2877 de
3861 2826 3946 2878 his

2706 2897 2800 2963 qui
2825 2897 3066 2947 oratoria
3099 2894 3430 2960 aedificant,

2313 2991 2626 3058 Imperator
2653 2985 3002 3040 Justinianus
3035 2987 3330 3053 Augustus
3381 2984 3629 3038 Mennae
3679 2985 3944 3038 sanctis-

2241 3080 2573 3149 simohujus
2619 3079 2795 3149 regia).
2841 3076 2997 3130 urbis
3045 3076 3516 3146 archiepiscopo,
3565 3080 3632 3130 et
3669 3077 3950 3132 universi

3787 2703 3807 2726 Ι

529 3170 651 3224 Πρω
677 3173 733 3224 et
753 3172 1074 3241 apostolicm
1102 3173 1390 3228 traditioni
1411 3179 1696 3229 extranea.
1719 3176 1825 3230 Sed
1845 3176 1890 3228 si
1909 3175 2140 3245 quidem
2164 3206 2218 3279 Ο
2245 3173 2365 3243 ejus
2393 3175 2606 3226 tractus
2634 3170 2992 3241 patriarchm.

531 3262 736 3316 domos
765 3263 841 3316 ita
867 3264 1196 3335 simpliciter
1217 3267 1388 3336 aliqui
1417 3268 1627 3321 habere
1649 3271 1853 3337 putant
1879 3271 2142 3338 oportere

529 3354 589 3407 in
634 3355 804 3408 sacris
842 3356 976 3422 suis,
1016 3359 1290 3411 orationis
1333 3359 1593 3413 videlicet
1625 3360 1796 3413 solius
1839 3360 2040 3429 gratia,
2089 3362 2145 3413 et

530 3448 685 3500 nullo
721 3447 1065 3503 celebrando
1115 3451 1343 3520 penitus
1383 3451 1607 3518 borum,
1653 3469 1779 3522 qua:
1832 3453 1976 3505 sacri
2015 3455 2147 3505 sunt

529 3539 804 3608 mysterii,
834 3539 940 3592 hoc
972 3541 1054 3594 eis
1085 3543 1488 3611 permittimus.
1530 3543 1745 3598 Invidia
1793 3545 1948 3597 enim
1991 3545 2144 3596 nulla

532 3635 633 3696 est,
657 3630 702 3683 si
719 3631 1066 3687 voluntcitra
1084 3633 1203 3687 haec
1215 3635 1426 3688 habere
1441 3635 1759 3689 habitacula
1780 3636 2066 3706 qua-dam,
2090 3639 2146 3688 et

531 3721 588 3776 in
617 3723 698 3775 eis
723 3727 1000 3794 tanquam
1027 3725 1083 3778 in
1112 3726 1283 3779 sacris
1309 3743 1489 3791 orare,
1517 3727 1639 3780 aliis
1666 3731 1859 3780 autem
1881 3728 2144 3781 omnibus

533 3815 837 3870 abstinere.
871 3817 986 3870 Nisi
1011 3820 1204 3872 tamen
1232 3819 1291 3872 in
1323 3819 1404 3872 eis
1431 3819 1712 3873 voluerint
1741 3821 1956 3890 aliquos
2004 3820 2143 3873 invi-

532 3911 650 3982 tare
678 3908 930 3977 clericos,
964 3909 1053 3963 hic
1081 3910 1315 3980 quidem
1350 3911 1722 3965 sanctissima)
1767 3912 2002 3982 majoris
2051 3929 2144 3965 ec-

532 3977 714 4053 clesiae
749 4003 805 4054 et
831 4000 934 4053 sub
975 4017 1040 4054 ea
1083 4001 1568 4056 sanctissimarum
1607 4003 1904 4070 domuum,
1953 4005 2147 4058 volun-

533 4094 650 4146 tate
670 4108 735 4144 ac
761 4093 1098 4161 probatione
1125 4094 1458 4148 sanctissimi
1488 4095 1896 4166 archiepiscopi
1930 4095 2002 4150 ad
2038 4097 2146 4150 hoc

535 4181 851 4252 deputatos,
874 4183 931 4236 in
957 4185 1248 4254 provincia
1267 4202 1401 4240 vero
1422 4188 1535 4240 Deo
1557 4187 1891 4240 amabilium
1931 4187 2144 4257 episco-

534 4289 755 4343 porum.
781 4275 939 4328 Nulla
963 4276 1209 4330 novitate
1236 4277 1356 4330 sedi
1379 4279 1500 4347 ejus
1519 4278 1886 4332 beatitudinis
1913 4296 1976 4332 ex
2009 4296 2150 4349 prm-

534 4365 675 4418 senti
707 4370 900 4420 nostra
927 4369 1050 4438 lege
1085 4369 1361 4436 facienda,
1385 4371 1533 4423 circa
1563 4370 1855 4424 existentia
1884 4371 1932 4424 ei
1965 4371 2145 4441 quoli-

534 4457 628 4512 bet
671 4459 842 4513 modo
882 4459 939 4512 in
981 4461 1454 4528 ordinationibus,
1503 4466 1601 4515 aut
1642 4463 2148 4531 gubernationibus

2313 3264 2465 3319 Multi
2481 3278 2876 3333 saepenumero
2890 3260 3104 3326 clerici,
3123 3260 3296 3314 certis
3311 3262 3604 3313 vacantes
3621 3266 3817 3318 orato
3827 3263 3951 3329 riis,

2245 3362 2341 3411 aut
2367 3357 2540 3409 etiam
2561 3373 2660 3424 pro
2677 3354 2960 3424 aliquibus
2986 3355 3134 3407 forte
3166 3352 3502 3422 subrogati,
3530 3353 3728 3408 simul
3763 3360 3954 3425 atque

2243 3451 2562 3503 solemnem
2582 3447 2979 3516 erogationem
2999 3448 3422 3516 perceperunt,
3444 3462 3480 3498 a
3503 3446 3711 3500 sacris
3736 3464 3806 3501 se
3831 3465 3960 3518 my-

2245 3541 2428 3594 steriis
2446 3541 2502 3593 in
2521 3539 2849 3593 universum
2873 3541 3190 3608 segregant
3211 3537 3383 3607 (quas
3407 3537 3487 3591 ob
3519 3555 3786 3607 causas,
3825 3558 3956 3595 me-

2246 3633 2351 3686 lius
2379 3631 2485 3702 ipsi
2505 3632 2797 3699 noverunt)
2816 3634 2915 3684 aut
2934 3645 3303 3700 quacumque
3321 3628 3652 3684 occasione
3693 3649 3735 3686 a
3756 3649 3962 3687 sacro-

2245 3729 2436 3778 sancta
2463 3723 2697 3778 omnino
2722 3722 2957 3777 ecclesia
2985 3721 3046 3774 in
3076 3738 3191 3792 qua
3231 3721 3577 3776 consistunt
3609 3726 3958 3780 recedunt.

2247 3817 2539 3872 Sancimus
2565 3816 2742 3886 igitur
2776 3831 2849 3868 ne
2891 3831 3051 3868 sacro
3089 3813 3148 3867 id
3189 3813 3728 3884 impedimentum
3779 3818 3963 3873 mini-

2245 3909 2413 3964 sterio
2440 3909 2751 3977 ingeratur,
2784 3907 2882 3960 sed
2911 3923 2944 3959 a
2977 3906 3075 3960 Dei
3123 3906 3556 3960 amantissimis
3609 3911 3962 3983 cpisc0pis,

2246 4002 2349 4055 sub
2369 4017 2610 4071 quorum
2625 3999 2801 4054 tutela
2819 3999 2908 4052 hie
2927 3998 3177 4052 ecclesia!
3200 3999 3545 4054 constitutas
3577 4008 3765 4070 sunt,
3791 4005 3858 4059 in
3891 4007 3960 4059 il-

2245 4095 2430 4148 lorum
2452 4094 2636 4146 locum
2663 4091 2757 4145 alii
2779 4090 3150 4168 sufficiantur,
3169 4091 3272 4160 qni
3287 4090 3404 4144 ista
3425 4094 3824 4164 percipiant.
3849 4099 3964 4152 Neo

2247 4202 2356 4256 que
2375 4184 2529 4238 enim
2554 4183 2680 4236 ullis
2704 4182 3020 4237 concedere
3046 4183 3316 4235 volumus
3334 4187 3402 4236 ut
3431 4200 3506 4238 ea
3528 4203 3683 4255 quae
3705 4189 3794 4243 ab
3819 4190 3964 4260 ipsis

2245 4280 2342 4330 aut
2372 4293 2473 4347 per
2497 4275 2648 4346 ipsos
2673 4274 3049 4328 sacrosanctis
3086 4274 3210 4343 jam
3251 4276 3523 4329 ecclesiis
3569 4287 3962 4351 erogantur,

2249 4370 2305 4423 in
2333 4385 2499 4422 suum
2533 4369 2756 4422 lucrum
2803 4370 3163 4421 convertant.
3207 4366 3533 4436 Siquidem
3582 4375 3772 4428 nullo
3807 4392 3964 4446 prae-

2248 4465 2402 4515 textu
2429 4465 2528 4515 aut
2559 4460 2854 4514 occasione
2881 4461 3144 4513 volumus
3177 4462 3239 4512 ut
3269 4476 3338 4512 ex
3379 4461 3665 4518 aliorum
3721 4467 3970 4522 defrau-

533 4549 644 4616 hic,
674 4556 770 4605 aut
796 4543 850 4605 in
876 4553 1176 4621 provinciis
1199 4553 1353 4622 jura,
1382 4553 1482 4607 sed
1506 4554 1772 4607 omnibus
1793 4555 1968 4609 etiam
1994 4572 2147 4609 com-
2165 4555 2224 4626 Ι)
2249 4554 2474 4608 datione
2501 4553 2863 4606 aliislucrum
2887 4551 3127 4605 accedat
3151 4569 3164 4615 ;
3185 4552 3287 4606 sed
3306 4555 3370 4606 ut
3392 4558 3964 4622 quemadmodum

531 4644 856 4712 petentibus
873 4645 922 4697 ei
938 4645 1192 4714 quolibet
1207 4646 1378 4700 modo
1394 4649 1449 4700 et
1469 4650 1727 4716 tempore
1754 4647 1889 4700 ratis
1910 4664 2060 4701 nunc
2091 4651 2148 4700 et

535 4735 590 4790 in
606 4751 777 4790 omne
796 4738 1076 4807 reliquum
1101 4742 1320 4808 tempus
1342 4739 1659 4793 servandis:
1685 4739 1967 4792 sancimus
1987 4745 2146 4793 tuam

533 4827 654 4882 haec
685 4845 1022 4883 conservare
1055 4831 1320 4899 gloriam,
1358 4835 1416 4884 et
1440 4831 1737 4885 manifesta
1759 4832 2024 4885 omnibus
2049 4849 2150 4902 per

535 4919 750 4975 litteras
765 4921 1020 4992 proprias
1040 4923 1402 4986 constituere,
1427 4929 1708 4993 quatenus
1722 4941 1822 4994 per
1847 4925 2040 4977 omnia
2062 4941 2150 4978 va-

535 5013 648 5066 leat
675 5013 780 5067 lex.
816 5015 943 5067 llazc
971 5010 1124 5068 enim
1153 5019 1210 5069 et
1235 5015 1644 5084 gloriosissimo
1671 5018 1940 5086 praefecto
1974 5017 2150 5069 felicis

535 5104 702 5173 hujus
723 5105 894 5172 urbis,
929 5110 985 5160 et
1012 5107 1364 5162 sanctissimo
1383 5108 1829 5178 archiepiscopo,
1855 5113 1910 5160 et
1933 5109 2151 5162 univer-

536 5191 636 5248 εειιί
667 5199 998 5266 patriarchas
1022 5199 1399 5270 praecipimus,
1429 5206 1491 5254 ut
1515 5216 1581 5254 ex
1618 5200 1762 5254 civili
1803 5205 1855 5254 et
1900 5202 2152 5255 sacerdo-

536 5288 631 5339 tali
654 5289 856 5343 virtute
883 5291 1002 5344 hmc
1023 5299 1296 5362 perpetue
1331 5292 1740 5347 custodiantur.
1766 5293 1961 5347 Sciant
1999 5295 2152 5348 enim

535 5382 592 5431 ct
627 5378 732 5448 ipsi
783 5382 1057 5438 domuum
1094 5385 1332 5452 domini,
1385 5387 1518 5456 quia
1566 5387 1609 5439 si
1653 5402 1767 5440 non
1811 5387 1928 5440 haec
1973 5389 2154 5440 custo-

536 5469 764 5539 dierint,
797 5472 899 5542 ipsi
940 5475 1172 5542 quidem
1207 5475 1310 5531 sub
1341 5478 1616 5548 imperiali
1660 5479 1799 5532 fient
1830 5482 2009 5547 motu,
2057 5479 2152 5532 do-

534 5578 660 5615 mus
683 5568 876 5618 autem
906 5565 962 5618 in
987 5565 1189 5636 quibus
1211 5570 1424 5640 aliquid
1456 5571 1564 5624 tale
1588 5571 1794 5641 agitur,
1827 5575 1884 5624 et
1913 5571 2152 5642 publica:

534 5653 688 5725 ﬁent,
713 5643 891 5710 et‘sub
922 5658 1364 5716 sacratissimum
1399 5667 1653 5717 nostrum
1679 5663 1944 5718 mrarium
1981 5663 2154 5716 dedu-

535 5751 750 5802 centur.
775 5749 831 5803 Si
855 5753 1049 5804 autem
1079 5755 1135 5804 et
1165 5753 1383 5823 aliquos
1406 5755 1687 5824 contingit
1709 5756 1819 5808 tale
1849 5755 2062 5824 aliquid
2094 5755 2151 5808 in

537 5839 648 5896 Suis
687 5840 897 5896 habere
945 5842 1212 5902 domibus
1259 5845 1451 5917 sciant
1488 5849 1638 5918 quod
1683 5847 1787 5904 nisi
1835 5848 1981 5903 intra
2036 5855 2154 5904 tres

2249 4661 2487 4716 quaeque
2510 4645 2633 4714 jam
2651 4645 2785 4698 inde
2811 4644 2882 4698 ab
2911 4643 3071 4698 initio
3096 4648 3342 4714 erogata
3361 4651 3535 4714 sunt,
3563 4648 3660 4704 ita
3694 4656 3764 4706 et
3784 4671 3969 4724 porro

2246 4738 2458 4807 absque
2483 4738 2596 4790 ulla
2619 4736 2891 4806 temporis
2907 4735 3294 4806 praeﬁnitione
3319 4743 3742 4811 praestentur,
3769 4764 3971 4818 neque

2249 4846 2471 4884 sacrum
2502 4845 2572 4883 ea
2610 4844 2670 4882 rc
2702 4828 3086 4883 ministerium
3125 4834 3562 4899 corrumpatur
3606 4841 3676 4889 et
3719 4839 3973 4894 interci-

2250 4922 2364 4987 dat,
2400 4922 2617 4974 nullam
2653 4921 2943 4975 licentiam
2973 4921 3260 4974 habituris
3288 4921 3383 4974 his
3412 4925 3521 4993 qui
3561 4927 3650 4982 ab
3699 4934 3976 4986 ecclesiis

2250 5015 2610 5080 destiterunt,
2643 5017 2951 5083 postquam
2981 5015 3068 5067 vel
3101 5015 3542 5070 asanctissimo
3584 5025 3974 5090 patriarcha,

2251 5107 2334 5159 vel
2371 5105 2813 5176 provincialibus
2859 5105 3142 5176 episc0pis
3174 5105 3236 5159 in
3277 5106 3533 5164 illorum
3597 5114 3830 5172 locum
3885 5118 3974 5172 alii

2250 5199 2534 5269 subrogati
2577 5201 2725 5265 sunt,
2760 5201 2823 5252 ut
2863 5203 2962 5252 aut
2991 5199 3129 5268 ipsis
3159 5199 3530 5269 subrogatus
3563 5205 3732 5263 inde
3769 5211 3974 5266 detru-

2253 5292 2408 5357 dant,
2438 5290 2481 5343 si
2509 5291 2738 5360 regredi
2759 5291 2956 5357 velint,
2975 5297 3074 5345 aut
3101 5307 3200 5345 eos
3223 5292 3322 5362 qui
3345 5293 3405 5346 id
3439 5302 3864 5366 erogationis
3893 5323 3981 5371 ge-

2253 5399 2357 5437 nus
2373 5383 2674 5451 sustinent,
2709 5383 3144 5454 conduplicatas
3176 5383 3494 5454 impensas
3524 5371 3979 5464 suppeditare,

2253 5478 2309 5528 et
2331 5479 2447 5529 tam
2467 5474 2810 5546 subrogatis,
2830 5492 3007 5546 quam
3025 5476 3164 5546 ipsis
3187 5477 3288 5547 qui
3305 5477 3514 5532 redire
3552 5485 3825 5557 volunt,
3848 5509 3984 5562 prze-

2250 5568 2387 5622 bere
2421 5568 2783 5638 compellant.
2805 5568 2917 5623 Sed
2940 5570 3024 5638 (ut
3055 5568 3500 5640 simplicissime
3537 5574 3883 5654 dicamus,
3915 5584 3983 5638 illi

2253 5659 2506 5730 quidem,
2543 5659 2589 5713 si
2623 5660 2882 5726 redeant,
2927 5662 3502 5735 nonlrccipiantur;
3559 5669 3670 5724 his
3706 5693 3865 5735 vero
3897 5679 3984 5749 Qui

2253 5756 2380 5822 post
2423 5752 2678 5822 priorum
2720 5752 3036 5808 discessum
3075 5754 3302 5810 suffecti
3343 5767 3515 5831 sunt,
3562 5773 3984 5836 praebeantur

2254 5845 2604 5919 provisiones
2631 5845 2987 5918 annonariae,
3023 5847 3180 5904 nullo
3213 5849 3380 5908 lucro
3434 5856 3691 5919 exinde
3741 5867 3847 5924 his
3895 5883 3985 5940 qui
