4088 6426
235 375 339 427 993

1111 365 1481 426 JUSTINIANI
1518 367 1846 424 NOVELLA-I
1883 366 2214 424 SELECTA‘Z.
2255 369 2562 425 NOVELLA
2599 368 2727 426 LIX.

3495 375 3597 428 994

234 477 612 551 suppeditare
634 477 823 533 solent
841 477 1166 532 accedente.
1188 479 1259 531 Ut
1275 476 1372 547 qui
1389 476 1523 530 talia
1543 476 1871 530 lucrifacere
1894 489 1953 562 Α
1973 477 2130 532 litate
2152 495 2254 532 sua
2276 495 2379 549 per
2398 478 2540 533 duas
2559 479 2945 550 pragmaticas
2969 479 3184 534 formas
3205 482 3427 534 certum
3451 480 3598 534 redi-

235 571 674 638 attentaverint,
711 571 867 626 omni
907 570 1081 624 modo
1122 569 1445 640 subrogatis
1479 569 1549 622 ab
1588 569 1723 640 ipsis
1753 575 1872 623 tam

231 664 657 738 promissiones
702 663 1050 718 annonarias
1095 679 1271 734 quam
1305 661 1446 716 alias
1487 662 1870 732 erogationes,

233 762 362 812 tam
387 757 496 828 ipsi
523 773 700 827 quam
726 757 987 811 hazredes
1019 773 1084 810 ac
1114 771 1466 810 successores
1495 772 1696 808 eorum
1724 771 1870 825 prae-

232 850 442 904 beant:
465 849 710 904 scientes
731 849 886 920 quod
903 848 947 902 si
970 849 1143 902 etiam
1164 851 1364 919 postea
1383 847 1870 912 defraudaverint,

234 945 396 996 certa
428 959 495 996 ex
525 942 755 996 illorum
784 941 1130 1012 patrimonio
1160 940 1442 1011 possessio
1472 939 1646 994 sacris
1669 939 1876 993 nostris

232 1035 414 1088 rebus
453 1033 691 1106 privatis
721 1033 1120 1105 segregabitur
1155 1037 1215 1088 ut
1245 1033 1355 1087 illis
1387 1032 1592 1086 exinde
1621 1033 1719 1086 fiat
1747 1049 1871 1086 ero-

236 1127 416 1198 gatio.
449 1127 592 1182 Illud
620 1143 848 1198 quoque
872 1127 946 1180 ad
978 1127 1256 1180 honorem
1287 1129 1547 1180 nostrum
1574 1128 1632 1178 et
1660 1125 1874 1178 cultum

238 1220 395 1275 sedis
412 1225 523 1275 tuae
548 1219 931 1286 decernimus,
951 1223 1013 1273 ut
1034 1218 1078 1272 si
1098 1218 1224 1290 quis
1244 1217 1533 1272 aedificans
1553 1216 1873 1284 ecclesiam,

239 1316 345 1368 aut
370 1312 548 1368 etiam
573 1313 742 1366 aliter
761 1311 1092 1383 expendens
1119 1311 1176 1365 in
1205 1327 1273 1365 ea
1299 1309 1760 1364 ministrantibus
1779 1309 1877 1362 ali-

236 1411 443 1461 menta
473 1405 720 1460 voluerit
759 1405 981 1478 aliquos
1026 1404 1262 1459 clericos
1301 1406 1570 1470 statuere,
1605 1419 1720 1457 non
1755 1417 1874 1456 esse

238 1499 294 1553 ei
326 1499 603 1553 ﬁduciam
634 1499 830 1565 ullam,
864 1515 1008 1568 quos
1032 1499 1151 1550 vult
1180 1514 1284 1568 per
1319 1499 1663 1567 potestatem
1695 1495 1872 1549 dedu-

239 1608 376 1647 cere
399 1597 512 1646 tuae
542 1591 876 1645 reverentiae
904 1591 976 1644 ad
1003 1589 1352 1644 ordinandos
1379 1605 1504 1654 eos;
1538 1588 1638 1642 sed
1660 1587 1873 1641 exami-

239 1685 372 1739 nari
395 1701 429 1738 a
453 1688 553 1738 tua
585 1683 907 1750 sanctitate,
937 1682 1336 1752 sententiaque
1361 1685 1477 1748 tua,
1501 1686 1556 1736 et
1575 1680 1670 1752 qui
1691 1680 1879 1751 ponti-

238 1778 473 1832 ﬁcalem
493 1777 692 1830 sedem
711 1776 990 1844 rexerint,
1021 1791 1250 1845 semper
1268 1775 1373 1829 hos
1403 1775 1688 1845 suscipere
1721 1774 1874 1828 ordi-

239 1869 568 1936 nationem,
610 1869 895 1940 siquidem
946 1873 1060 1922 tuae
1108 1867 1475 1935 beatitudini,
1531 1871 1589 1921 et
1638 1851 1954 1938 posterisB

244 1962 562 2034 opportuni
578 1963 926 2016 videbuntur
946 1961 1202 2027 existere,
1232 1965 1289 2016 et
1315 1959 1416 2015 Dei
1439 1959 1758 2014 ministerio
1789 1959 1876 2013 di-

242 2057 371 2128 gni,
419 2060 484 2110 ut
522 2072 636 2109 non
667 2055 1043 2124 profanentur
1091 2059 1282 2108 sancta
1314 2053 1410 2107 Dei
1453 2053 1578 2122 (hoc
1615 2051 1880 2107 videlicet

244 2149 406 2220 quod
433 2148 606 2204 sacris
634 2148 886 2203 sancitur
919 2147 1197 2219 eloquiis),
1221 2146 1322 2200 sed
1347 2146 1562 2200 intacta
1592 2149 1649 2199 et
1673 2145 1876 2199 ineffa-

241 2242 388 2297 bilia
419 2241 831 2313 tremendaque
863 2241 1188 2306 constituta,
1219 2243 1411 2293 sancte
1437 2243 1497 2292 et
1525 2241 1638 2294 Deo
1667 2237 1882 2292 amabi-

241 2335 381 2390 liter
412 2339 470 2388 et
501 2335 829 2389 venerande
862 2337 1200 2388 tractentur.
1228 2332 1365 2396 Quae
1392 2332 1566 2402 igitur
1580 2330 1746 2386 nobis
1766 2331 1880 2400 pla-

243 2432 514 2494 cuerunt,
547 2431 605 2482 et
632 2443 734 2498 per
763 2427 914 2481 hanc
949 2442 1170 2480 sacram
1219 2424 1622 2496 exprimuntur
1665 2425 1876 2494 legem,

245 2536 320 2575 ea
349 2523 414 2574 ut
441 2519 503 2574 in
533 2523 876 2590 perpetuum
903 2518 1198 2573 beatitudo
1230 2523 1325 2572 tua
1367 2517 1659 2585 custodiat,
1694 2515 1879 2570 sanci-

244 2629 420 2668 mus:
449 2616 606 2667 certo
638 2612 882 2666 scientes
925 2611 1079 2682 quod
1121 2627 1236 2665 non
1286 2610 1476 2664 minus
1506 2609 1670 2664 nobis
1701 2625 1881 2662 sacro-

244 2710 585 2760 sanctamm
624 2703 992 2759 ecclesiarum
1029 2703 1336 2758 commoda
1366 2719 1517 2756 curae
1541 2701 1673 2770 sint,
1707 2717 1879 2772 quam

243 2799 380 2870 ipsa
425 2798 560 2852 vita.
595 2799 720 2852 Dat.
756 2813 825 2851 xv
857 2797 922 2851 K.
970 2798 1202 2850 Novem.
1239 2799 1534 2851 Constant.
1564 2794 1701 2866 imp.
1731 2795 1787 2849 d.
1821 2811 1878 2847 n.

241 2891 454 2948 Justin.
480 2895 648 2962 Aug.,
680 2894 809 2962 post
837 2888 986 2944 Bilis.
1024 2906 1077 2944 v.
1108 2905 1158 2944 c.
1186 2905 1343 2944 cons.
1379 2905 1513 2943 ann.
1543 2891 1594 2942 3.

829 3049 1144 3104 NOVELLA
1171 3049 1295 3104 LIX.

337 3168 413 3221 De
441 3164 733 3232 exsequiis,
763 3177 900 3232 quas
923 3163 1042 3230 ﬁeri
1069 3164 1313 3230 oporteat
1336 3163 1395 3214 in
1421 3159 1798 3227 defunctorum

843 3211 1305 3300 ᾖιῆἔιέἀτὲὀῇέδιὶέζ
1905 3211 1958 3285 C

323 3361 650 3430 Imperator
673 3357 1029 3412 Justinianus
1053 3359 1344 3426 Augustus
1370 3356 1574 3410 Joanni
1600 3357 1884 3410 factorum

247 3470 360 3527 per
385 3452 678 3508 Orientem
707 3451 1112 3522 praetoriorum
1140 3449 1411 3521 praefecto
1439 3449 1645 3504 iterum
1679 3463 1881 3505 excon-

249 3547 377 3602 sule
410 3550 466 3599 et.
494 3544 755 3615 patricio.

327 3639 385 3694 Si
405 3637 682 3709 quidquid
702 3653 946 3708 usquam
967 3640 1052 3690 est
1069 3636 1356 3691 bonorum
1369 3652 1630 3707 operum,
1646 3635 1704 3690 id
1725 3651 1888 3706 opor-

248 3737 338 3789 tet
367 3733 612 3801 (volente
644 3731 776 3800 Deo)
808 3746 911 3800 per
935 3747 1040 3784 nos
1066 3729 1290 3784 initium
1315 3745 1520 3800 capere
1546 3745 1558 3782 :
1590 3729 1890 3784 conveniet

251 3825 400 3881 item
428 3828 491 3878 ut
517 3841 585 3878 ea
612 3823 768 3878 bona
794 3839 921 3894 quae
945 3839 1048 3894 per
1069 3822 1210 3877 alios
1238 3825 1554 3893 coeperunt,
1587 3823 1630 3876 si
1662 3822 1748 3875 his
1777 3821 1884 3876 im-

253 3918 483 3974 mineat
499 3916 757 3985 exitium,
780 3933 884 3988 per
897 3932 1003 3972 nos
1023 3916 1208 3970 denuo
1227 3918 1623 3970 restaurentur
1646 3919 1705 3969 et
1724 3915 1782 3968 in
1801 3932 1888 3969 ve-

254 4016 446 4066 terem
469 4010 816 4064 reducantur
835 4009 1122 4078 ordinem,
1150 4013 1211 4063 ut
1230 4025 1459 4080 semper
1480 4007 1645 4063 nobis
1665 4009 1752 4062 vel
1771 4008 1888 4078 ipsa

253 4105 343 4161 rei
385 4103 764 4168 confectione,
797 4103 887 4156 vel
919 4101 1333 4156 restauratione
1366 4101 1435 4156 ad
1464 4102 1768 4173 praeclaras
1795 4118 1885 4155 ac-

251 4199 448 4254 tiones
468 4195 855 4251 contcndendi
869 4196 1166 4250 facultates
1179 4195 1385 4250 adsint.
1405 4195 1504 4264 Cuj
1515 4194 1736 4249 usmodi
1754 4211 1889 4248 sane

251 4291 535 4364 quiddam
563 4306 693 4344 cum
710 4289 840 4343 etin
863 4289 1266 4343 defunctorum
1293 4288 1751 4342 funerationibus
1766 4305 1890 4358 per-

251 4401 460 4458 peram
484 4383 939 4450 administretur,
971 4381 1260 4453 corrigere
1283 4381 1340 4435 id
1373 4381 1552 4434 visum
1578 4385 1683 4448 est,
1705 4384 1762 4436 et
1785 4381 1886 4436 ho-

252 4477 512 4537 minibus
542 4476 745 4531 exinde
771 4475 988 4546 largiri,
1019 4493 1090 4530 ne
1127 4475 1421 4546 geminam
1449 4475 1888 4529 incommodita-

1973 574 2094 624 tum
2122 571 2494 637 constituerit,
2521 578 2580 626 ut
2605 589 2808 626 aurum
2827 589 2896 626 ex
2918 589 2986 627 eo
3009 573 3190 627 reditu
3220 573 3515 628 redactum
3537 574 3592 627 in

1973 680 2101 718 eam
2114 681 2403 718 summam
2427 665 2702 735 proﬁciat,
2724 682 2850 736 quae
2865 683 2898 719 a
2917 665 3008 720 Dei
3029 665 3437 721 amantissimis
3456 683 3596 722 osco-

1972 757 2155 810 nomis
2177 757 2345 811 datur
2371 758 2457 811 his
2483 758 2578 828 qui
2609 759 2758 811 circa
2780 759 2886 812 hoc
2916 758 3208 813 laborant:
3239 759 3400 813 multi
3424 759 3590 813 undi-

1974 866 2086 919 que
2105 866 2206 903 nos
2219 850 2503 919 adierunt,
2521 851 2774 905 dicentes
2799 867 2918 904 rem
2935 867 3050 905 non
3065 852 3377 922 procedere
3398 869 3593 922 aequa-

1973 941 2181 1008 biliter,
2211 959 2394 1012 neque
2426 943 2827 997 defunctorum
2855 943 3242 998 funerationes
3267 944 3480 1016 absque
3502 962 3596 1016 pa-

1975 1037 2065 1088 cta
2084 1035 2347 1088 mercede
2365 1035 2654 1101 celebrari,
2686 1037 2824 1106 quin
2854 1036 3041 1106 potius
3067 1038 3418 1090 amarulente
3447 1053 3587 1092 mer-

1976 1127 2138 1181 cedes
2161 1127 2329 1197 exigi,
2345 1128 2526 1182 multa
2539 1128 2708 1182 etiam
2730 1129 3077 1183 extrinsecus
3096 1130 3338 1184 inveniri
3360 1131 3598 1185 nomina

1977 1222 2034 1273 et
2051 1219 2309 1290 collegia,
2334 1236 2459 1290 quae
2477 1221 2565 1274 vel
2587 1220 2642 1274 in
2665 1221 2856 1275 medio
2873 1222 3026 1275 luctu
3047 1223 3118 1276 ab
3142 1223 3329 1276 invitis
3345 1223 3594 1293 exigant,

1978 1315 2036 1365 et
2055 1328 2151 1366 eos
2173 1312 2272 1382 qui
2297 1313 2430 1367 dare
2458 1330 2572 1367 non
2605 1314 2843 1384 possint,
2873 1319 2934 1368 ut
2960 1315 3116 1380 dent,
3147 1315 3199 1368 vi
3228 1317 3594 1386 compellant.
3679 1349 3685 1355 -

1977 1405 2104 1458 Haec
2132 1421 2238 1459 nos
2267 1405 2626 1460 convenienti
2652 1407 2999 1461 correctione
3021 1407 3239 1477 dignari
3259 1408 3477 1476 justum
3502 1425 3600 1480 pu—

1975 1497 2239 1552 tavimus.
2285 1497 2417 1552 Inde
2463 1499 2606 1554 adeo
2648 1500 2899 1570 primum
2944 1499 3199 1554 omnium
3231 1506 3600 1556 sacrosancta:

1975 1590 2177 1660 majori
2207 1591 2456 1644 ecclesiae
2478 1592 2733 1646 ofﬁcinas
2756 1609 3031 1663 magnam
3054 1593 3343 1662 jacturam
3367 1599 3424 1648 et
3440 1594 3602 1648 dimi-

1976 1683 2275 1737 nutionem
2295 1700 2592 1754 perpessas
2609 1684 2683 1738 ad
2703 1685 2998 1754 integrum
3028 1701 3336 1740 numerum
3361 1703 3596 1758 reparas

1977 1775 2182 1842 vimus,
2215 1777 2533 1847 conscripta
2559 1776 2628 1831 de
2658 1777 2765 1831 hoc
2796 1794 2955 1831 sacra
2981 1778 3164 1831 forma
3199 1778 3271 1832 ad
3300 1781 3596 1849 praefectu-

1981 1885 2100 1923 ram
2153 1869 2513 1935 urbicariam,
2571 1874 2631 1923 ut
2677 1870 2943 1924 omnibus
2985 1871 3168 1924 modis
3207 1887 3429 1946 canna
3469 1889 3600 1926 cum

1980 1961 2404 2016 obsecundante
2439 1962 2517 2016 illi
2549 1963 2781 2017 cohorte
2819 1963 2976 2017 mille
3003 1965 3061 2016 et
3087 1967 3318 2018 centum
3349 1965 3598 2020 ofﬁcinas

1977 2055 2075 2109 Dei
2092 2055 2498 2109 amantissimis
2510 2055 2902 2110 defensoribus
2921 2059 2978 2110 et
2995 2057 3300 2110 (ecunomis
3319 2059 3599 2128 pra-dictae

1979 2152 2352 2202 sacrosanctae
2395 2149 2644 2203 ecclesiae
2680 2149 2945 2204 tradant:
2979 2150 3322 2219 octingentis
3369 2151 3601 2222 quidem

1981 2241 2225 2295 ofﬁcinis
2247 2258 2376 2295 cum
2400 2242 2728 2312 corporibus
2748 2242 3070 2312 praebendis
3090 2243 3184 2296 Dei
3204 2245 3607 2300 amantissimis

1981 2333 2393 2403 defensoribus,
2428 2335 2692 2389 trecentis
2717 2351 2849 2390 vero
2870 2335 3238 2406 pientissimis
3265 2353 3402 2407 erga
3425 2340 3601 2392 Deum

1978 2427 2336 2481 (economis:
2378 2433 2438 2481 ut
2466 2427 2568 2481 Dei
2612 2429 2840 2498 quidem
2891 2429 3271 2482 amantissimi
3321 2431 3605 2486 (economi

1978 2522 2258 2573 trecentas
2311 2519 2434 2574 illas
2487 2520 2742 2574 officinas
2792 2524 2849 2574 et
2891 2521 3141 2575 reditum
3185 2521 3256 2574 ab
3309 2524 3604 2578 Anastasio

1981 2612 2354 2666 sacratissimo
2394 2612 2648 2684 principe
2691 2613 2970 2667 donatum
3001 2613 3058 2667 in
3098 2614 3284 2668 fructu
3332 2615 3601 2684 habeant,

1982 2703 2124 2758 nihil
2135 2705 2379 2775 amplius
2391 2706 2460 2759 ob
2475 2705 2821 2760 diminutum
2837 2711 3256 2777 conquerentes
3270 2725 3602 2779 numerum,

1981 2797 2081 2851 sed
2105 2797 2162 2852 in
2183 2800 2649 2869 supplementum
2667 2799 2944 2854 habentes
2963 2816 3089 2870 quae
3110 2801 3366 2871 praebent
3379 2806 3603 2857 trecen-

1981 2895 2054 2946 ιω
2077 2891 2340 2958 ofﬁcinae,
2359 2895 2480 2945 tam
2497 2891 2726 2946 decanis
2742 2908 2915 2964 quam
2939 2893 3169 2964 reliquis
3189 2895 3424 2949 coetibus
3452 2912 3608 2950 men-

1983 2989 2267 3039 struarum
2315 2985 2744 3056 praestationum
2788 2985 3172 3057 erogationem
3220 2987 3476 3042 faciant:
3509 2988 3605 3044 Dei

1982 3090 2118 3130 vero
2163 3075 2544 3129 amantissimi
2572 3075 2902 3130 defensores
2937 3074 3011 3128 ad
3046 3092 3284 3130 manum
3332 3076 3609 3132 habentes

1985 3167 2344 3238 octingentas
2395 3167 2670 3234 officinas,
2725 3171 2844 3222 tam
2887 3167 3204 3223 lecticarios
3265 3173 3344 3236 (ut
3389 3171 3610 3242 vocant)

1985 3260 2304 3324 exhibeant,
2337 3277 2510 3331 quam
2539 3261 2824 3330 reliquum
2874 3261 3279 3328 ministerium,
3325 3265 3478 3333 quod
3509 3264 3609 3318 de-

1983 3353 2311 3408 functorum
2325 3353 2604 3423 exsequiaa
2625 3353 2942 3423 requirunt,
2963 3354 3266 3421 sufﬁciant,
3287 3373 3401 3425 quo
3425 3357 3612 3427 magis

1984 3462 2051 3500 ea
2081 3463 2142 3500 re
2171 3446 2470 3500 defunctos
2491 3462 2525 3499 a
2555 3446 2770 3500 damno
2811 3462 3132 3500 asseramus
3161 3451 3218 3500 et
3243 3448 3471 3518 injuria.
3504 3451 3610 3504 Eas
3611 3449 3686 3553 tt

1987 3539 2161 3609 igitur
2185 3538 2486 3610 praedictas
2504 3539 2659 3593 mille
2688 3542 2743 3592 et
2762 3543 2995 3594 centum
3017 3540 3272 3593 ofﬁcinas
3289 3541 3389 3594 Dei
3409 3557 3610 3634 amant

1985 3632 2216 3686 tissimis
2244 3633 2557 3686 oeconomis
2587 3636 2644 3686 et
2673 3632 3068 3686 defensoribus
3092 3634 3302 3704 absque
3335 3635 3446 3688 ulla
3472 3632 3611 3690 tern-

1986 3725 2142 3797 poris
2161 3725 2538 3796 praaﬁnitione
2567 3741 2697 3779 eum
2729 3725 3087 3780 immunitate
3120 3729 3178 3780 et
3204 3727 3344 3780 citra
3369 3725 3613 3792 diminu-

1986 3819 2202 3873 tionem
2225 3818 2516 3887 custodiri,
2533 3819 2650 3872 etsi
2672 3835 3012 3890 quocunque
3033 3820 3206 3874 modo
3228 3820 3418 3892 aliqua
3443 3821 3614 3876 inter-

1987 3911 2156 3978 cidat,
2179 3911 2444 3965 lumenve
2474 3915 2678 3981 mutet,
2702 3915 2800 3966 aut
2825 3913 3260 3980 commercium,
3277 3931 3310 3968 a
3332 3914 3612 3984 gloriosis-

3769 3762 3804 3814 si

3751 3805 3822 3890 Vs»

3766 3884 3776 3896 I

1989 4005 2329 4076 simohujus
2361 4004 2529 4059 almae
2558 3977 2713 4059 urbis
2737 4006 3008 4076 praefecto
3036 3977 3284 4078 suppleri
3311 3977 3612 4078 recupera-
3675 4024 3731 4087 1-...

1989 4098 2150 4170 rique
2182 4103 2427 4169 oportet,
2455 4103 2520 4153 ut
2540 4099 2640 4152 Dei
2673 4099 2907 4170 quidem
2935 4100 3308 4155 amantissimi
3335 4101 3612 4156 oeconomi
3657 4156 3688 4172 η

1987 4156 2322 4260 fundorum,
2347 4156 2442 4264 qui
2469 4156 2775 4264 sepulturis
2793 4193 3051 4247 attributi
3077 4197 3228 4262 sunt,
3257 4193 3615 4249 administra-
3752 4263 3757 4270 l

1991 4285 2204 4340 tionem
2255 4285 2546 4352 habentes,
2595 4286 2869 4340 habentes
2913 4286 3049 4340 item
3091 4291 3149 4341 et
3190 4305 3220 4340 a
3254 4271 3674 4380 vectigalia?“

1989 4378 2356 4448 prarstatione
2377 4378 2668 4432 immunes
2685 4383 2968 4433 trecentas
2990 4379 3263 4446 ofﬁcinas,
3290 4377 3650 4458 defensoﬁi.

1989 4486 2124 4524 vero
2151 4471 2508 4540 octingentas
2537 4471 2765 4538 alteras,
2785 4471 3010 4542 utrique
3037 4471 3431 4526 defunctorum
3458 4459 3634 4539 exili:

253 4576 375 4626 tem
396 4569 732 4633 sustineant,
753 4573 872 4622 tam
891 4585 1022 4623 suos
1038 4568 1365 4623 amittentes
1385 4585 1556 4640 quam
1575 4567 1748 4622 etiam
1771 4568 1889 4621 illo~
1908 4577 1966 4648 D
1991 4563 2153 4634 quias
2172 4563 2278 4617 rite
2297 4563 2638 4633 gubernent.
2656 4564 3002 4620 Omnimodo
3025 4580 3159 4619 sane
3171 4565 3324 4635 quod
3339 4582 3407 4620 ex
3424 4579 3616 4646 annuo

257 4680 394 4720 rum
435 4663 667 4717 nomine
700 4662 1012 4716 subeuntes
1042 4661 1362 4732 dispendia.
1397 4661 1510 4716 Sed
1549 4661 1704 4732 quod
1735 4661 1892 4714 divus

257 4757 529 4831 princeps
565 4755 968 4810 Constantinus
992 4761 1142 4809 recte
1171 4755 1554 4826 excogitatum
1595 4754 1890 4826 disposuit,

260 4855 323 4906 et
341 4833 712 4922 postmodum
731 4848 1056 4903 Anastasius
1075 4847 1460 4920 pientissimus
1480 4847 1748 4920 princeps
1763 4864 1895 4901 con-

258 4943 536 5009 ﬁrmavit,
575 4941 797 5012 adjecto
838 4941 1074 5012 insuper
1107 4945 1163 4996 et
1198 4941 1408 5008 reditu,
1440 4941 1498 4995 id
1531 4957 1635 4994 nos
1665 4941 1892 4995 ruinam

259 5037 543 5093 minitans
574 5039 892 5089 restaurare
917 5035 1105 5100 simul,
1139 5037 1197 5088 et
1241 5035 1491 5106 undique
1521 5033 1595 5088 ad
1621 5033 1890 5089 stabilita-

262 5135 386 5186 tem
415 5129 714 5183 redactum
741 5127 1209 5182 convenientibus
1223 5127 1539 5198 astringere
1553 5126 1895 5196 juramentis

257 5238 667 5298 properamus,
718 5220 1030 5276 efﬁcientes
1070 5237 1137 5275 ea
1180 5237 1240 5275 re
1285 5226 1345 5275 ut
1387 5221 1707 5276 immortale
1763 5237 1890 5292 per-

259 5320 525 5374 maneat.

336 5411 484 5464 Nam
497 5426 628 5465 cum
648 5408 1037 5480 pientissimus
1055 5407 1317 5478 princeps
1331 5408 1740 5462 Constantinus
1757 5424 1898 5462 non-

263 5506 470 5576 gentas
493 5501 914 5574 quinquaginta
961 5499 1218 5554 officinas
1253 5517 1319 5554 ex
1364 5499 1600 5554 diversis
1639 5501 1898 5570 collegiis

261 5597 440 5666 hujus
470 5597 635 5650 almae
667 5595 820 5649 urbis
849 5597 1224 5648 sacrosanctae
1257 5593 1458 5662 majori
1487 5593 1738 5647 ecclesiae
1765 5610 1895 5647 cum

261 5687 633 5746 immunitate
661 5687 903 5754 dederit,
933 5684 1256 5740 Anastasius
1286 5700 1514 5756 quoque
1555 5686 1691 5740 item
1729 5686 1896 5756 pien-

261 5783 521 5839 tissimus
554 5781 823 5852 princeps
855 5796 973 5835 non
1013 5779 1195 5833 solum
1239 5777 1480 5833 ofﬁcinis
1520 5777 1632 5832 illis
1665 5782 1898 5833 centum

265 5875 692 5960 quinquaginta
719 5874 861 5930 alias
879 5872 1228 5947 apposuerit,
1249 5873 1349 5929 sed
1379 5871 1552 5928 etiam
1582 5888 1684 5945 pro
1701 5871 1901 5927 libera-

1991 4656 2301 4710 fundorum
2328 4656 2515 4710 reditu
2547 4656 2824 4726 provenit,
2851 4673 2882 4710 a
2913 4657 3010 4711 Dei
3035 4658 3615 4734 amantissiming-

1991 4749 2179 4803 nomis
2199 4749 2257 4803 in
2278 4749 2696 4819 sepulturarum
2715 4766 2880 4803 usum
2897 4743 3622 4822 conferatur,quemad¥ﬁo—

1993 4841 2130 4896 dum
2157 4841 2393 4896 inferius
2411 4841 2468 4895 in
2486 4859 2794 4913 progressu
2815 4843 3086 4911 dicemus,
3102 4837 3620 4914 apponenlﬂhen—
3653 4843 3656 4846 ’

1991 4935 2134 4990 nihil
2163 4935 2232 4990 de
2259 4938 2640 4990 trecentarum
2687 4935 3052 4994 ofﬁcinarum
3095 4937 3301 5004 reditu,
3331 4919 3502 5008 prout
3549 4939 3617 4994 de

1995 5029 2145 5084 facto
2177 5029 2234 5083 hi
2263 5046 2294 5082 ει
2325 5029 2488 5082 nobis
2535 5045 2737 5100 capere
2786 5029 3086 5100 petierunt.
3118 5033 3192 5084 Ac
3229 5033 3502 5102 quoniaun
3553 5035 3621 5088 de

1995 5122 2149 5176 mille
2171 5126 2226 5177 et
2247 5126 2477 5178 centum
2498 5122 2760 5188 ofﬁcinis,
2783 5139 2910 5193 quae
2932 5123 2991 5177 in
3011 5123 3163 5178 alma
3179 5125 3285 5180 hac
3307 5125 3448 5180 urbe
3469 5109 3618 5193 sunt,

1996 5217 2278 5288 pleraeque
2325 5215 2758 5282 interciderunt,
2790 5217 3149 5288 praecipimus
3177 5219 3236 5272 in
3263 5235 3536 5290 praesens,
3563 5210 3625 5276 ut

1996 5310 2086 5364 hae
2139 5309 2539 5380 suppleantur,
2589 5315 2645 5365 et
2687 5311 2788 5364 Dei
2841 5311 3250 5365 amantissimis
3316 5314 3625 5368 anconomis

1997 5402 2482 5474 pientissimisque
2509 5419 2649 5473 erga
2676 5404 2851 5457 Deum
2874 5403 3266 5458 defensoribus
3295 5406 3426 5477 (quo
3452 5407 3624 5462 modo

1996 5513 2030 5550 a
2070 5497 2231 5551 nobis
2271 5496 2487 5550 dictum
2537 5498 2636 5566 est)
2686 5497 2842 5550 mille
2890 5501 2948 5550 et
2983 5504 3210 5553 centum
3257 5497 3625 5556 officinarum

2001 5607 2275 5644 numerus
2317 5589 2694 5644 indiminutus
2723 5594 2780 5645 et
2809 5590 3226 5662 simplicissime
3259 5593 3468 5648 divisus
3497 5609 3627 5647 con-

1999 5689 2283 5751 servetur,
2335 5700 2408 5738 ne
2475 5700 2590 5755 quo
2651 5688 2817 5755 pacto
2888 5685 3180 5755 pauciores
3240 5683 3442 5739 rdecani
3509 5685 3624 5740 sive

2000 5775 2289 5846 copiastaa,
2319 5793 2490 5848 quam
2515 5777 2848 5848 octingenti,
2870 5777 2970 5832 Dei
2997 5769 3397 5832 amantissimis
3425 5777 3624 5831 defen-

2000 5869 2222 5925 soribus
2253 5871 2513 5927 attributi
2551 5871 2682 5926 sint.
2717 5873 2824 5928 Pro
2853 5871 3120 5952 trecentis
3145 5876 3334 5929 autem
3363 5871 3473 5926 illis
3499 5888 3625 5948 quae

3939 3777 3962 3787 .-
