4088 6442
579 396 678 448 995

1696 386 1944 442 SECULI
1988 384 2176 440 SEXTI
2216 383 2765 440 SUPPLEMENTUM.

3885 375 3988 426 996

577 499 675 555 Dei
711 495 1106 552 amantissimis
1149 493 1280 548 viris
1311 493 1619 548 ceconomi's
1660 493 2043 563 assignantur,
2072 491 2183 545 sive
2205 502 2264 575 Α
2285 491 2372 544 his
2401 491 2662 544 omnibus
2686 505 2880 544 curam
2904 487 3270 558 impertiente
3296 482 3664 540 beatissimo
3693 495 3817 552 pro
3841 484 3988 534 tem-

579 591 832 647 ofﬁcinas
859 590 917 642 in
947 587 1276 658 corporibus
1318 585 1604 657 percipere
1641 586 1834 652 velint,
1859 586 1945 638 vel
1991 601 2188 640 onmes

575 686 663 738 vel
691 682 961 754 quasdam
990 698 1056 734 ex
1093 679 1200 748 his,
1234 679 1348 732 sive
1390 678 1540 732 ferre
1579 693 1683 748 per
1728 693 1948 731 causam
1981 678 2062 746 (ut
2088 695 2186 733 vo-

576 776 721 846 cant)
749 780 1140 829 excusatarum
1170 772 1525 826 ofﬁcinarum
1550 771 1638 823 vel
1657 769 1930 836 omnium,
1948 770 2036 823 vel
2057 787 2191 840 qua-

573 868 837 924 rumdam
859 865 1143 937 pecunias,
1165 865 1528 918 insumantur
1547 866 1604 916 et
1631 863 1718 916 hie
1739 862 1884 916 circa
1904 862 2191 917 defuncto-

574 977 704 1015 rum
730 959 1040 1030 exsequias,
1059 962 1123 1011 ut
1143 974 1210 1010 ex
1229 956 1315 1010 his
1335 955 1589 1026 pecuniis
1616 953 1783 1008 simul
1807 957 1866 1007 et
1882 955 2189 1010 fundorum

572 1052 937 1124 proventibus
983 1049 1299 1104 distributio
1338 1049 1437 1102 fiat
1478 1048 1537 1100 in
1592 1047 1858 1112 decanos,
1901 1047 2186 1115 ascetrias,

575 1145 896 1210 canonicas,
949 1143 1260 1208 acoluthos,
1312 1144 1370 1194 et
1415 1139 1576 1205 alios,
1628 1142 1798 1209 prout
1845 1139 2078 1193 inferius
2129 1141 2188 1194 in

574 1253 870 1309 progressu
913 1234 1327 1289 constituimus.
1357 1233 1500 1286 Nam
1527 1247 1657 1285 cum
1684 1230 1916 1300 digestis
1943 1231 1999 1284 in
2033 1231 2186 1285 ordi-

575 1346 709 1383 nem
738 1327 1047 1382 rationibus
1076 1325 1177 1380 Dei
1203 1324 1574 1380 amantissimi
1617 1324 1896 1378 oeconomi
1927 1325 2184 1378 ostende-

574 1421 689 1476 rint
716 1419 1057 1490 impossibile
1104 1434 1224 1472 esse
1269 1420 1334 1470 ut
1366 1433 1432 1470 ex
1480 1416 1671 1470 fundis
1697 1416 1767 1469 de
1797 1420 2000 1469 caetero
2035 1415 2187 1468 idem

573 1513 790 1566 reditus
817 1511 1131 1580 colligatur,
1159 1509 1360 1564 merito
1384 1511 1767 1562 trecentarum
1797 1525 1895 1560 nos
1926 1508 2183 1562 officina-

573 1621 703 1659 rum
733 1603 1183 1658 additamentum
1213 1601 1345 1654 huic
1376 1600 1517 1670 parti
1548 1599 1928 1666 attribuimus,
1954 1603 2014 1653 ut
2033 1600 2186 1670 quod

572 1697 841 1750 hactenus
882 1695 1028 1748 circa
1070 1693 1404 1747 cadaverum
1445 1692 1750 1746 elationem
1796 1692 2186 1746 laborantibus

572 1788 843 1852 dabatur,
893 1785 1032 1840 citra
1088 1785 1586 1855 reprehensionem
1644 1783 1910 1854 deinceps
1958 1800 2183 1855 quoque

2289 600 2425 654 pore
2475 583 2899 653 archiepiscopo
2943 580 3116 650 hujus
3163 579 3332 633 almae
3385 576 3558 631 urbis
3605 578 3674 628 et
3715 573 3987 627 universi

2290 675 2412 744 ejus
2435 679 2647 730 tractus
2677 673 3029 746 patriarchae,
3071 672 3175 725 sub
3210 671 3378 741 cujus
3407 669 3606 723 tutela
3647 670 3716 720 et
3748 665 3984 720 ditione

2290 773 2588 822 censentur
2610 772 2666 822 et
2695 766 2794 821 Dei
2815 764 3190 820 amantissimi
3224 761 3524 818 oeconomi
3554 765 3624 814 et
3659 759 3985 813 universus

2289 861 2490 926 clerus,
2532 863 2587 913 et
2617 862 2770 913 totus
2801 861 3172 912 sacrosanctm
3213 856 3479 910 ecclesias
3519 853 3711 908 ordo.
3775 853 3884 905 His
3911 854 3985 904 ita

2288 951 2693 1017 evenientibus,
2725 967 2898 1005 nemo
2919 949 3154 1004 omnino
3183 947 3256 1002 ab
3286 948 3476 1002 invito
3497 962 3619 1017 pro
3646 948 3870 999 curato
3894 944 3986 998 de-

2287 1043 2497 1098 mortui
2519 1059 2756 1113 corpore
2777 1042 3089 1113 quidquam
3116 1041 3366 1094 auferat.
3400 1038 3523 1094 Sed
3547 1041 3620 1092 ut
3646 1043 3856 1091 totum
3876 1035 3985 1090 dis-

2288 1151 2608 1202 cernamus,
2636 1134 2920 1188 sancimus
2940 1138 3002 1187 ut
3019 1132 3336 1202 unicuique
3357 1133 3624 1196 feretro,
3647 1129 3825 1201 quod
3847 1145 3981 1198 gra-

2287 1227 2358 1280 tis
2386 1227 2731 1292 conceditur,
2762 1243 2940 1280 unam
2965 1225 3198 1280 accedat
3223 1223 3633 1278 ascetriarum
3658 1225 3776 1276 aut
3805 1237 3980 1276 cano-

2287 1319 2542 1373 nicarum
2566 1318 2926 1386 asceterium,
2951 1333 3067 1372 non
3085 1315 3278 1370 minus
3305 1319 3443 1369 octo
3471 1313 3864 1368 mulieribus
3897 1314 3982 1368 fe-

2285 1417 2502 1466 retrum
2547 1411 3024 1481 przecedentibus,
3079 1414 3137 1462 et
3191 1398 3621 1479 psallentibus,
3670 1411 3736 1460 et
3791 1407 3983 1460 tribus

2286 1503 2584 1571 acoluthis,
2620 1503 2717 1572 qui
2745 1519 2849 1556 nec
2878 1501 2987 1572 ipsi
3011 1500 3335 1571 quidquam
3380 1499 3720 1569 accipient.
3754 1498 3822 1552 Si
3856 1497 3984 1568 quis

2285 1589 2418 1650 vero
2441 1613 2508 1649 ex
2537 1594 2785 1649 defuncti
2815 1593 3072 1665 cognatis
3100 1599 3158 1648 et
3181 1591 3466 1646 affinibus
3499 1591 3612 1662 qui
3649 1592 3982 1646 elationem

2285 1693 2594 1758 procurant
2621 1687 2756 1741 velit
2794 1704 2893 1740 sua
2925 1691 3156 1757 sponte,
3197 1685 3440 1739 nemine
3475 1691 3782 1754 cogente,
3821 1683 3984 1738 aliud

2284 1781 2519 1851 insuper
2546 1781 2883 1834 asceterium
2904 1780 2994 1833 vel
3023 1795 3230 1843 unum,
3253 1779 3346 1830 vel
3372 1778 3522 1844 duo,
3547 1778 3654 1831 vel
3683 1779 3870 1848 plura
3897 1794 3981 1830 as-

567 1879 909 1950 praebeatur,
925 1895 1024 1949 per
1051 1879 1304 1948 singulos
1318 1877 1529 1930 scilicet
1553 1893 1796 1943 menses,
1829 1881 1936 1929 tam
1957 1877 2183 1930 dccanis
2203 1871 2259 1941 B
2284 1890 2528 1938 sumere,
2557 1877 2676 1927 esto
2703 1873 2845 1926 illud
2866 1871 3100 1943 quidem
3127 1871 3188 1925 in
3216 1871 3401 1942 ipsius
3427 1870 3712 1940 positum
3749 1871 3986 1924 muniti-

570 1976 629 2025 et
655 1971 928 2026 acoluthis
946 1987 1116 2040 quam
1143 1969 1429 2023 canonicis
1458 1973 1515 2023 et
1541 1969 1809 2033 ascetriis,
1837 1973 1891 2022 et
1915 1969 2058 2034 aliis,
2087 1986 2187 2038 pro

570 2062 978 2118 consuetudine
1020 2063 1291 2116 hactenus
1329 2061 1481 2130 apud
1527 2060 1678 2130 ipsos
1721 2060 2030 2114 obtinente.
2078 2062 2186 2115 Hoc

571 2159 658 2210 est
699 2152 928 2208 dccanis
982 2154 1214 2224 quidem
1265 2170 1368 2223 per
1409 2153 1658 2222 singulos
1706 2169 1930 2206 menses
1979 2153 2186 2206 solidos

571 2263 735 2312 Lxxn,
772 2245 1022 2300 ascetriis
1051 2249 1109 2299 et
1135 2245 1428 2312 acoluthis,
1471 2245 1631 2298 solid.
1663 2261 1772 2309 xm,
1801 2248 1858 2297 et
1901 2245 2184 2298 canonicis

571 2338 732 2393 solid.
761 2354 942 2393 xxxvn.
982 2339 1085 2401 Qui
1114 2337 1344 2408 quidem
1377 2337 1446 2390 ab
1484 2337 1617 2406 ipsis
1646 2337 1744 2390 Dei
1785 2337 2185 2390 amantissimis

570 2432 911 2501 colligantur
952 2430 1280 2495 uicouomis,
1324 2431 1610 2483 solvantur
1639 2446 1770 2483 vero
1805 2446 1905 2499 per
1935 2429 2185 2498 singulos

568 2540 662 2577 sex
691 2539 934 2589 menses,
967 2523 1170 2593 quibus
1203 2525 1256 2576 et
1295 2525 1463 2576 antea
1508 2521 1722 2590 percipi
1749 2527 2179 2576 consueverunt.

569 2615 806 2686 Oportet
827 2619 1020 2669 autem
1045 2631 1174 2667 eam
1202 2615 1430 2683 quidem
1457 2630 1581 2666 auri
1607 2618 1848 2684 partem,
1874 2630 2000 2684 quae.
2026 2630 2180 2668 asce-

566 2707 686 2760 triis
729 2707 1019 2776 competit,
1051 2723 1084 2760 a
1120 2707 1216 2759 Dei
1249 2705 1653 2759 amantissimis
1688 2705 2000 2760 (rconomis
2035 2723 2178 2775 pra}-

567 2798 716 2854 dicto
751 2798 994 2852 termino
1023 2799 1142 2852 dari
1170 2798 1423 2868 Eugenio
1453 2797 1551 2851 Dei
1577 2797 1962 2852 amantissimo
1992 2798 2179 2852 diaco-

564 2907 660 2958 no,
693 2895 750 2945 et
786 2890 962 2961 ipsius
993 2890 1359 2960 Sampsorum
1391 2889 1668 2959 religiosas
1697 2889 1987 2944 memorias
2017 2906 2182 2943 xeno-

562 2983 670 3050 nis,
697 2984 1050 3053 aliorumque
1071 2999 1103 3035 a
1129 2983 1292 3036 nobis
1323 2983 1403 3036 illi
1433 2981 1965 3036 commendatorum
2002 2999 2177 3036 xeno-

563 3076 764 3144 docho,
789 3079 845 3129 et
871 3075 968 3146 qui
988 3091 1238 3145 unquam
1264 3075 1448 3145 ipsum
1477 3075 1577 3128 Dei
1597 3075 2056 3128 amantissimum
2079 3076 2176 3128 ho-

561 3184 689 3223 rum
717 3185 1007 3222 xenonum
1044 3167 1359 3221 xenodochi
1401 3167 1643 3221 secuturi
1670 3171 1801 3220 sunt
1829 3183 1842 3220 :
1879 3173 2177 3237 propterea

562 3262 714 3331 quod
736 3261 987 3314 ascetrias
1015 3277 1140 3330 quae
1162 3261 1220 3313 in
1251 3261 1398 3314 hunc
1428 3277 1594 3314 usum
1621 3259 1964 3313 adhibentur
1989 3263 2044 3312 et
2071 3260 2174 3313 mi-

559 3353 857 3407 nisterium
880 3356 1169 3424 praestant,
1201 3351 1304 3406 sub
1332 3352 1740 3422 praedictorum
1763 3352 2175 3407 vcnerabilium

558 3462 844 3500 xenonum
871 3463 972 3516 pro
999 3449 1256 3515 tempore
1284 3445 1629 3498 xenodochis
1650 3449 2019 3512 censeantur;
2045 3447 2176 3499 alte-

558 3553 683 3592 ram
711 3555 840 3593 vero
867 3539 1020 3592 illam
1041 3555 1167 3608 quas
1197 3541 1309 3591 tam
1331 3537 1607 3591 acoluthis
1630 3553 1802 3606 quam
1829 3539 2174 3592 reverendis-

555 3631 708 3685 simis
735 3631 1019 3685 canonicis
1053 3631 1324 3700 competit
1353 3647 1364 3684 :
1397 3629 1771 3683 consimiliter
1813 3630 1883 3682 ab
1911 3631 2044 3700 ipsis
2076 3631 2173 3684 Dei

555 3723 963 3777 amantissimis
1001 3723 1312 3776 meonomis
1346 3722 1462 3775 dari
1510 3722 1594 3774 his
1633 3722 1730 3790 qui
1767 3728 1822 3775 et
1861 3723 2026 3776 modo
2065 3723 2173 3777 illis

552 3816 803 3887 praefecti
833 3819 984 3881 sunt,
1015 3818 1072 3868 et
1100 3815 1196 3884 qui
1233 3831 1332 3884 pro
1375 3817 1628 3884 tempore
1670 3830 1920 3884 unquam
1964 3815 2022 3868 in
2065 3816 2172 3869 illis

553 3908 932 3979 principatum
973 3907 1248 3973 obtinent,
1279 3910 1342 3960 ut
1384 3923 1489 3976 per
1516 3905 1666 3976 ipsos
1703 3912 1832 3962 ante
1861 3909 2172 3979 designatis

553 4003 610 4054 et
659 4001 762 4054 sub
815 3999 951 4070 ipsis
1013 3999 1238 4054 censitis
1304 3998 1584 4064 ascetriis,
1644 4005 1702 4053 et
1749 4002 2062 4067 canonicis,
2116 4006 2172 4055 et

550 4088 784 4162 insuper
835 4089 1010 4145 etiam
1055 4091 1334 4145 acoluthis
1390 4091 1708 4146 distributio
1763 4093 1878 4147 fiat.
1929 4094 1985 4148 Si
2037 4111 2169 4148 vero

551 4187 780 4238 moram
827 4183 972 4238 circa
1017 4181 1296 4253 ejusmodi
1341 4184 1681 4239 solutionem
1727 4186 2030 4240 admittant
2072 4187 2167 4241 Dei

550 4275 929 4333 amantissimi
969 4275 1271 4342 (economi,
1310 4275 1479 4347 idque
1517 4277 1731 4330 clarum
1762 4278 1986 4344 existat,
2027 4279 2169 4333 forte

549 4386 644 4424 sex
669 4369 862 4424 alteris
887 4368 1010 4438 jam
1037 4369 1325 4422 mensibus
1350 4374 1478 4438 post
1507 4369 1664 4439 prius
1689 4375 1956 4424 semestre
1977 4372 2170 4426 decur-

548 4463 833 4528 rentibus,
877 4478 1006 4516 cum
1043 4462 1195 4515 nulla
1233 4462 1416 4516 adhuc
1461 4463 1664 4516 solutio
1705 4463 1854 4516 facta
1891 4463 1982 4529 sit,
2033 4470 2168 4519 tunc

2287 1966 2493 2020 centia.
2539 1967 2817 2020 Cmterum
2848 1980 3034 2034 neque
3060 1964 3170 2017 hoc
3197 1963 3768 2018 iudeterminatum
3800 1964 3981 2016 relino

2287 2059 2533 2129 quimus,
2555 2057 2818 2111 eamdem
2839 2057 2931 2110 hic
2945 2073 3179 2128 quoque
3207 2072 3568 2110 mensuram
3593 2057 3662 2108 in
3684 2057 3981 2120 ascetriis,

2285 2151 2570 2205 canonicis
2598 2153 2655 2204 et
2681 2149 2956 2203 acoluthis
2983 2149 3082 2220 qui
3118 2166 3224 2220 per
3274 2149 3795 2203 muniﬁcentiam
3823 2166 3983 2203 assu-

2285 2249 2519 2297 muntur
2557 2259 2676 2296 esse
2708 2242 2959 2296 volentes
3005 2258 3179 2312 quam
3229 2258 3411 2312 supra
3443 2242 3881 2308 definivimus,
3916 2259 3984 2295 ne

2284 2335 2577 2405 pauciores
2609 2334 2821 2388 scilicet
2846 2350 3017 2404 quam
3044 2341 3172 2388 octo
3207 2335 3478 2389 ascetrias
3529 2335 3634 2388 vel
3671 2335 3982 2388 canonica:

2284 2444 2351 2480 ex
2367 2444 2478 2480 uno
2491 2443 2719 2497 quoque
2731 2427 3011 2481 asceterio
3025 2431 3424 2496 assumantur,
3443 2434 3505 2482 et
3527 2433 3662 2482 tres
3675 2429 3760 2482 ad
3776 2446 3985 2482 unum-

2284 2519 2548 2589 quodque
2594 2519 2932 2573 asceterium
2960 2520 3238 2574 acoluthi.
3281 2522 3519 2574 Dentur
3568 2526 3795 2575 autem
3828 2537 3979 2575 asce-

2283 2612 2403 2665 triis
2431 2613 2543 2664 sive
2573 2612 2859 2666 canonicis
2892 2628 3019 2682 quae
3053 2613 3207 2666 ultra
3249 2613 3308 2666 id
3341 2613 3548 2683 ipsum
3581 2616 3982 2680 asceterium,

2283 2704 2435 2774 quod
2468 2705 2643 2774 gratis
2673 2704 3059 2758 ministerium
3109 2706 3476 2760 funerationi
3512 2708 3796 2776 praebet,
3833 2726 3984 2760 assu-

2281 2801 2550 2850 muntur:
2577 2797 2856 2866 siquidem
2901 2797 3053 2850 intra
3089 2813 3272 2852 novos
3317 2815 3534 2853 muros
3567 2799 3772 2870 hujus
3810 2804 3982 2854 alma:

2280 2888 2434 2942 urbis
2459 2888 2629 2942 elatio
2644 2895 2967 2958 peragatur,
2992 2905 3176 2959 usque
3202 2890 3277 2943 ad
3305 2893 3430 2944 tres
3447 2891 3713 2961 solidos,
3737 2895 3896 2948 nihil
3919 2911 3984 2947 ex

2279 2981 2387 3034 hoc
2418 2981 2642 3050 penitus
2665 2981 3055 3034 auferentibus
3079 2983 3390 3050 acoluthis,
3420 3001 3638 3056 neque
3657 2988 3982 3056 partienti-

2278 3072 2382 3126 bus
2411 3073 2516 3126 ista
2543 3089 2671 3126 cum
2699 3074 3186 3128 reverendissimis
3227 3077 3500 3130 ascetriis
3537 3083 3604 3133 et
3643 3082 3982 3135 canonicis.

2278 3165 2383 3219 Sed
2413 3165 2689 3219 acoluthis
2725 3166 2821 3236 qui
2866 3169 2994 3237 post
3037 3172 3154 3220 tres
3200 3167 3328 3222 illos
3369 3170 3567 3240 gratis
3601 3173 3986 3228 funerationi

2278 3258 2662 3312 ministrantes
2680 3263 3068 3326 assumuntur,
3098 3261 3391 3331 siquidem
3429 3267 3564 3317 tres
3597 3266 3715 3320 alii
3744 3268 3872 3320 sint
3897 3268 3985 3321 tri-

2275 3349 2376 3404 bus
2404 3351 2618 3421 siliquis
2643 3353 2958 3418 contentis;
2987 3353 3034 3406 si
3062 3371 3180 3421 sex,
3209 3355 3441 3426 siliquis
3463 3373 3609 3422 sex;
3649 3364 3724 3412 ut
3747 3362 3827 3414 ad
3855 3379 3988 3414 eum

2275 3444 2508 3496 modum
2546 3460 2898 3515 quaecunque
2959 3445 3065 3499 hoc
3107 3453 3479 3503 concernunt
3535 3451 3631 3506 ita
3692 3453 3988 3524 deinceps

2275 3541 2544 3605 gerantur
2563 3537 2781 3591 ordine.
2807 3538 2952 3592 lllud
2977 3555 3112 3592 sane
3141 3541 3545 3597 manifestum
3568 3551 3694 3612 est,
3713 3548 3769 3600 si
3797 3552 3988 3618 majus

2273 3627 2630 3683 intervallum
2654 3631 2744 3696 sit,
2762 3634 2820 3683 et
2846 3632 2947 3700 qui
2972 3632 3188 3686 feretro
3220 3633 3576 3692 inserviunt
3601 3639 3844 3695 decani
3867 3644 3988 3713 plu-

2271 3737 2362 3774 res
2392 3722 2522 3789 sint,
2552 3727 2607 3776 et
2627 3724 2789 3792 plura
2813 3725 3110 3792 asceteria,
3137 3728 3294 3796 quod
3321 3736 3593 3800 propter
3611 3733 3817 3804 hujus
3839 3753 3984 3806 pon-

2273 3813 2376 3867 dus
2390 3813 2596 3884 etipsis
2610 3816 2902 3886 paululum
2925 3818 3172 3887 dabitur,
3197 3821 3271 3874 ad
3293 3821 3806 3882 similitudinem
3838 3846 3986 3883 asce-

2269 3906 2504 3960 triarum
2537 3924 2662 3978 quae
2694 3909 2844 3962 circa
2864 3910 3294 3967 funerationem
3321 3915 3620 3972 laborem
3651 3923 3984 3978 sustinent.

2270 3999 2340 4053 Ut
2385 4007 2620 4070 propter
2657 4003 2985 4057 distantiam
3037 4010 3095 4058 et
3144 4006 3256 4076 ipsi
3298 4010 3601 4078 copiasne
3655 4016 3989 4071 videantur

2269 4093 2468 4146 exinde
2488 4095 2749 4148 nonnihil
2771 4096 2980 4151 habere
2999 4099 3212 4168 solatii,
3229 4099 3565 4159 videantur
3585 4113 3822 4164 autem
3839 4113 3988 4165 intra

2269 4201 2444 4240 novos
2471 4203 2685 4254 muros,
2720 4193 2776 4242 et
2815 4190 3132 4245 terminum
3172 4193 3636 4254 Justinianeum
3683 4209 3750 4257 et
3799 4205 3983 4269 Ficus,

2269 4279 2739 4349 quandoquidem
2784 4299 2897 4336 non
2939 4284 3113 4354 longe
3157 4284 3404 4354 distant,
3443 4306 3669 4362 neque
3708 4313 3875 4368 opus
3907 4302 3985 4352 est

2267 4371 2523 4440 longiore
2545 4375 2822 4444 tempore,
2845 4376 3134 4446 majoreve
3157 4378 3382 4446 labore,
3409 4386 3482 4436 ut
3499 4383 3613 4440 illo
3648 4395 3984 4458 pervenia—

2267 4463 2376 4512 tur.
2406 4459 2464 4513 Si
2495 4476 2628 4514 vero
2657 4465 2811 4516 extra
2857 4479 3036 4519 novos
3083 4482 3287 4522 muros
3330 4469 3528 4542 hujus
3571 4477 3772 4534 almae
3803 4483 3985 4549 urbis,

548 4555 830 4627 quidquid
855 4558 983 4625 post
1011 4555 1168 4626 prius
1197 4560 1467 4609 semestre
1503 4555 1758 4609 debitum
1787 4557 1976 4623 fuerit,
2006 4557 2110 4611 hoc
2133 4575 2165 4611 a
2185 4584 2242 4655 D
2267 4555 2366 4606 aut
2389 4552 2462 4605 ϐἀ
2491 4553 2629 4607 alios
2657 4557 2942 4612 terminos
2966 4574 3141 4628 quam
3183 4561 3414 4618 diei-um
3453 4572 3579 4636 est»
3624 4574 3828 4630 elatio
3862 4578 3980 4643 δεῖ,

548 4649 645 4703 Dei
675 4647 1078 4702 amantissimis
1103 4647 1412 4702 mconomis
1430 4647 1695 4716 exigatur
1718 4664 1846 4702 cum
1869 4649 2166 4704 trientibus

543 4740 734 4795 usuris
774 4739 1045 4809 legitisz
1086 4739 1428 4810 centesimas,
1468 4740 1885 4810 providentiam
1921 4742 1988 4795 in'
2019 4742 2165 4797 hanc

545 4849 669 4888 rem
687 4833 993 4888 collocante
1020 4832 1444 4903 religiosissimo
1472 4849 1577 4904 pro
1609 4837 1869 4904 tempore
1895 4835 2166 4906 archiepi-

545 4943 711 4998 scopo
748 4932 805 4980 et
835 4925 1168 4996 patriarchas
1198 4929 1572 4980 sacrosanctae
1613 4926 1670 4980 in
1702 4927 1809 4980 hac
1835 4927 1988 4981 alma
2026 4928 2162 4983 urbe

545 5018 778 5088 majoris
805 5017 1072 5072 ecclesias.
1105 5017 1161 5074 Si
1195 5034 1328 5071 vero
1357 5022 1414 5072 et
1447 5019 1590 5072 alter
1627 5035 1809 5072 annus
1839 5024 2159 5090 prmtereat,

547 5115 604 5163 et
632 5125 704 5163 ne
733 5113 856 5163 tum
877 5110 1108 5180 quidem
1136 5109 1350 5180 aliquid
1367 5111 1469 5164 Dei
1493 5111 1864 5165 amantissimi
1881 5113 2164 5168 (economi

547 5201 835 5267 solverint,
885 5202 1240 5256 sanctissimo
1271 5219 1372 5273 pro
1412 5206 1669 5273 tempore
1717 5205 2055 5274 patriarchas
2093 5207 2158 5260 li-

551 5293 735 5347 centia
760 5293 830 5346 sit
859 5310 972 5348 non
1003 5295 1180 5348 solum
1211 5295 1366 5366 quod
1392 5296 1876 5351 reverendissimis
1902 5299 2159 5353 mulieri-

545 5383 650 5439 bus
669 5388 726 5437 et
752 5386 1030 5454 pra'dictis
1048 5387 1278 5441 dccanis
1298 5389 1553 5456 debetur,
1577 5405 1610 5442 a
1635 5390 1728 5444 Dei
1755 5391 2162 5446 amantissimis

546 5476 856 5531 mconomis
884 5495 1011 5532 cum
1049 5481 1300 5550 praefatis
1347 5481 1526 5534 usuris
1555 5483 1798 5552 exigere,
1844 5483 1942 5536 sed
1987 5485 2158 5538 etiam

542 5569 700 5641 ipsos
723 5585 924 5639 cogere
956 5575 1018 5624 ut
1048 5572 1237 5625 omnia
1258 5589 1384 5642 quae
1404 5573 1676 5644 deputata
1700 5578 1834 5627 sunt
1858 5579 2156 5644 praestent;

541 5667 597 5716 et
625 5663 671 5716 si
703 5663 1087 5716 sanctissimus
1113 5663 1430 5732 patriarcha
1455 5666 1714 5733 voluerit,
1745 5671 1806 5720 ut
1842 5669 2015 5722 etiam
2046 5671 2155 5723 sol-

544 5755 838 5809 licitudine
868 5753 1180 5809 fundorum
1211 5755 1362 5824 ipsos
1392 5756 1593 5826 ejiciat,
1620 5763 1676 5812 et
1698 5765 1921 5829 repetat
1946 5762 2156 5816 horum

541 5845 976 5918 inspectionem,
1001 5846 1483 5916 quemadmodum
1503 5851 1673 5905 modo
1693 5851 1844 5922 apud
1873 5852 2022 5924 ipsos
2043 5862 2152 5911 est:

2262 4647 2398 4700 tunc
2411 4647 2666 4702 ascetrias
2684 4648 2920 4718 quidem
2938 4653 3054 4706 sive
3067 4655 3374 4710 canonicae
3393 4661 3532 4714 tres
3559 4670 3630 4720 et
3651 4666 3984 4725 dimidium

2263 4737 2508 4792 solidum
2560 4740 2901 4811 percipiant,
2940 4761 3130 4816 neque
3171 4747 3267 4801 hic
3308 4751 3677 4826 quidquam
3729 4765 3982 4818 omnino

2263 4833 2680 4887 communionis
2701 4835 3046 4891 habentibus
3070 4841 3382 4897 acoluthis.
3405 4847 3574 4917 Ipsis
3608 4859 3838 4912 autem
3865 4875 3986 4913 aco-

2262 4924 2435 4978 luthis
2451 4925 2522 4979 ad
2543 4926 2770 4996 singula
2796 4931 3073 4986 asceteria
3093 4937 3416 5004 quaternas
3441 4944 3906 5009 auferentibus
3923 4958 3984 5009 si-

2261 5016 2460 5088 liquas,
2481 5021 2539 5071 et
2562 5025 2846 5090 praeterea
2863 5023 3043 5079 nihil:
3075 5029 3410 5084 secundum
3433 5040 3836 5105 praedictam
3851 5049 3982 5103 divi.

2263 5109 2479 5164 sionem
2507 5113 2779 5168 asceterio
2795 5131 2929 5169 cum
2949 5118 3135 5172 tribus
3157 5121 3464 5180 acoluthis
3491 5129 3826 5196 feretrum
3852 5159 3979 5214 gra-

2261 5203 2344 5308 tis.
2363 5204 2666 5308 praebitum
2693 5214 2992 5308 sequente,
3011 5214 3068 5264 et
3095 5214 3349 5270 omnino
3375 5218 3471 5275 illi
3496 5203 3884 5291 accedentev
3887 5253 3981 5308 per

2262 5301 2386 5350 octo
2412 5298 2681 5352 ascetrias
2709 5300 2824 5354 sive
2865 5305 3176 5360 canonicas
3206 5312 3266 5361 et
3289 5312 3418 5366 tres
3458 5315 3557 5385 (ut
3595 5321 3852 5383 dictum
3883 5298 3979 5384 est.

2259 5389 2564 5458 acoluthos,
2583 5392 2724 5446 nihil
2740 5410 2975 5464 prorsus
2994 5399 3356 5473 auferentes,
3379 5413 3494 5463 aut
3515 5428 3645 5482 per
3659 5389 3981 5478 ἀδίίοηεηί

2259 5497 2555 5537 cercorum
2599 5486 2910 5558 exigentes,
2939 5495 3038 5544 aut
3066 5492 3174 5546 sub
3200 5495 3318 5550 alio
3349 5502 3743 5568 velamento
3781 5533 3982 5588 quem.

2259 5589 2480 5645 cunque
2512 5579 2824 5633 exactionis
2851 5583 3091 5638 modum
3112 5590 3565 5660 excogitantes.
3594 5603 3754 5662 Haec
3788 5579 3980 5666 Ᾱιιίρηι

2257 5668 2449 5722 omnia
2469 5669 2536 5724 de
2552 5671 2640 5724 his
2661 5676 2884 5728 tantum
2907 5676 3246 5747 deﬁnimus,
3264 5685 3367 5756 qui
3389 5703 3527 5744 non
3549 5710 3684 5764 per
3705 5705 3980 5760 ambitio.

2257 5777 2389 5862 nem
2420 5767 2474 5816 et
2496 5765 2946 5823 muniﬁcentiam
2974 5787 3192 5844 magna
3215 5776 3316 5831 illa
3338 5779 3466 5836 duo
3487 5785 3753 5851 feretra
3771 5798 3839 5853 in
3865 5817 3982 5872 pre-

2255 5856 2530 5911 tiosarum
2558 5875 2750 5914 rerum
2763 5861 3037 5920 thesauro
3055 5871 3388 5944 recondita,
3407 5893 3666 5957 nempe
3705 5856 3979 5966 ειοήξηε
