4088 6416
204 359 305 412 997

1068 358 1434 417 JUSTlNIANI
1471 361 1798 418 ΝονΕιιιε
1837 360 2166 420 ΞΕΕΕΟΤᾸΞ.
2209 361 2516 419 NOVELLA
2554 361 2702 419 LXV.

3470 370 3571 424 998

202 463 496 519 memoria:
525 462 730 531 Studii,
768 469 823 522 ct
850 465 1166 539 magniﬁcae
1211 468 1503 524 memoriae
1545 469 1836 541 Stephani,
1862 490 1920 563 Α
1939 469 2174 542 alicujus
2199 471 2550 526 funeratione
2577 470 2760 526 danda
2786 470 2875 527 sit.
2910 469 3070 526 Nulla
3095 471 3245 528 inter
3271 471 3568 530 defuncto-

201 561 524 633 requirunt.
555 562 609 619 Si
641 562 767 634 quis
813 563 966 620 enim
1001 565 1095 620 illa
1134 566 1342 622 habere
1382 566 1590 637 cupiat,
1620 571 1684 622 ut
1712 583 1840 638 quas
1863 561 1918 563 Ὗ
1941 580 2070 618 rum
2096 581 2362 635 personas
2405 565 2761 620 distinctione
2801 565 3246 633 introducenda;
3276 567 3392 622 sive
3423 567 3568 622 divi-

202 659 260 709 et
275 656 472 710 multis
482 655 813 711 hominibus
828 657 942 712 indi
951 663 1203 730 geant,et
1217 659 1490 730 majorem
1505 661 1836 726 custodiam,

199 751 369 819 atque
397 748 455 802 in
483 765 708 803 summa
731 749 960 822 plenam
986 752 1202 824 negotii
1231 753 1665 808 asservationem
1699 753 1841 808 desi-

199 840 420 909 derant,
466 841 576 896 hoc
623 843 906 912 praedictis
955 861 1071 898 non
1111 845 1514 914 connectimus,
1542 847 1638 900 sed
1678 846 1839 917 quasi

198 932 298 1004 qui
338 933 694 989 ambitiosius
722 941 979 991 mortuos
1007 953 1134 991 suos
1157 936 1348 992 efferri
1377 937 1637 1008 gestiant,
1669 938 1834 1009 quid-

196 1025 338 1096 quid
361 1043 466 1096 pro
491 1026 689 1082 labore
719 1045 776 1083 se
803 1028 1052 1100 dccanis,
1075 1033 1174 1084 aut
1193 1029 1675 1085 reverendissimis
1693 1047 1839 1085 asce-

195 1117 318 1186 tris,
348 1123 448 1174 aut
473 1119 760 1175 canonicis
802 1121 1030 1177 daturos
1065 1123 1576 1194 compromiserint,
1616 1127 1837 1178 tantum

196 1215 252 1265 et
269 1217 562 1282 praestent,
593 1219 658 1268 ut
685 1217 876 1268 tamen
907 1215 976 1270 ad
1017 1216 1203 1287 ipsum
1249 1216 1309 1270 in
1352 1215 1571 1270 duobus
1614 1216 1836 1271 feretris

197 1302 403 1360 Studiii
428 1310 484 1360 et
505 1305 778 1378 Stephani
799 1307 1097 1362 duodecim
1123 1307 1430 1363 solidorum
1461 1309 1836 1380 quantitatem

196 1398 470 1453 excedere
494 1404 758 1471 nequeat.
779 1401 887 1455 Pro
903 1417 969 1456 eo
988 1417 1120 1456 vero
1135 1402 1285 1472 quod
1298 1419 1436 1456 auro
1464 1403 1833 1456 intertextum

197 1496 299 1559 est,
330 1492 486 1562 quod
529 1492 589 1546 in
628 1497 982 1548 sacrosancta
1010 1495 1221 1566 majore
1261 1496 1492 1550 ecclesia
1518 1496 1830 1566 reponitur,

196 1583 241 1637 si
269 1585 500 1655 quidem
528 1601 644 1641 uno
669 1587 788 1642 solo
833 1587 891 1641 in
921 1587 1044 1658 ejus
1083 1588 1265 1659 locum
1297 1589 1378 1658 (ut
1403 1588 1698 1659 probabile
1729 1590 1830 1656 est)

195 1679 544 1748 apparando,
590 1686 836 1751 quatuor
896 1679 1120 1749 solidis;
1171 1681 1420 1735 ascetriis
1461 1686 1672 1749 autem,
1719 1680 1832 1734 sive

1939 657 2030 712 tiis
2057 661 2316 723 affluant,
2347 659 2461 712 sive
2492 664 2824 730 premantur
2847 658 3057 730 inepia,
3085 659 3192 713 nisi
3214 658 3358 714 forte
3381 661 3461 728 (ut
3489 661 3574 716 di-

1939 754 2142 824 ximus)
2168 769 2342 808 unam
2369 769 2434 806 ex
2466 751 2646 806 tribus
2671 751 2784 805 illis
2808 752 3029 806 feretris
3054 751 3316 823 diligant,
3339 753 3397 808 in
3435 755 3563 824 qui-

1935 848 2041 902 bus
2087 852 2144 902 et
2183 847 2291 918 ipsi
2318 845 2705 900 convenientia
2753 844 3152 914 disposuimus.
3186 846 3566 918 Volumusque

1936 941 2030 994 illa
2058 946 2113 996 et
2139 939 2208 994 ad
2235 939 2384 993 hunc
2411 937 2664 992 obtinere
2693 937 2949 1007 modum,
2978 942 3036 992 et
3069 938 3280 1008 absque
3309 939 3563 1009 praefini-

1935 1034 2089 1088 tione
2117 1031 2385 1102 temporis
2411 1031 2644 1085 immota
2673 1045 2905 1085 manere
2931 1035 2987 1085 et
3015 1034 3246 1085 aeterna.
3273 1033 3454 1102 Atque
3480 1049 3565 1086 sa-

1936 1142 2031 1180 cra
2080 1125 2186 1180 hac
2239 1123 2585 1195 pragmatica
2643 1122 2768 1194 lege
2821 1123 2882 1178 in
2930 1127 3271 1194 perpetuum
3325 1125 3564 1192 valente,

1934 1217 2212 1290 quamdiu
2239 1215 2498 1270 homines
2523 1219 2674 1281 sunt,
2697 1231 2983 1286 quamque
3009 1215 3105 1270 diu
3131 1231 3404 1287 magnum
3426 1217 3568 1271 illud

1933 1314 1992 1365 et
2037 1311 2205 1380 longe
2231 1307 2662 1364 celeberrimum
2690 1307 3135 1362 Christianorum
3173 1325 3384 1364 nomen
3418 1309 3568 1364 inter

1932 1403 2193 1458 homines
2217 1401 2544 1462 habebitur.
2573 1399 2822 1471 quotidie
2844 1400 3018 1454 etiam
3049 1401 3267 1455 domini
3299 1402 3396 1456 Dei
3415 1401 3568 1456 beni-

1935 1497 2148 1568 gnitate
2175 1495 2593 1550 incrementum
2618 1486 2876 1564 accipiat.
2901 1493 3038 1547 Huic
3061 1493 3317 1548 videlicet
3338 1496 3566 1566 negotio

1930 1605 2050 1660 prae
2089 1586 2613 1643 caeteris-omnibus
2639 1587 2760 1656 ipso
2787 1586 3208 1657 religiosissima
3248 1572 3566 1658 patriarcha

1931 1681 2101 1752 hujus
2123 1681 2286 1735 almte
2315 1679 2472 1734 urbis
2498 1678 2896 1749 prospiciente,
2929 1695 3000 1733 ne
3031 1679 3135 1733 hac
3161 1696 3326 1734 causa
3351 1697 3455 1750 pro
3477 1699 3561 1736 sa-

193 1770 498 1839 cauonicis,
524 1771 660 1826 ‘sivc
703 1771 995 1838 acoluthis,
1027 1773 1198 1844 duplo
1237 1774 1450 1843 majora
1489 1790 1661 1844 quam
1701 1779 1831 1828 ante
1933 1773 2195 1828 cerdotali
2225 1775 2495 1843 potestate
2540 1787 2676 1824 usus
2713 1770 3049 1839 committat,
3081 1774 3147 1825 ut
3187 1771 3257 1825 ab
3288 1773 3404 1826 ulla
3433 1789 3562 1844 per-

194 1863 263 1916 de
313 1863 384 1917 iis
431 1865 842 1935 praefinivimus
890 1865 1203 1920 ferentibus
1233 1883 1246 1920 :
1279 1871 1340 1921 ut
1365 1864 2070 1938 videlicctipsumBsona
2109 1867 2195 1920 vel
2243 1863 2592 1933 sacerdotali,
2639 1863 2728 1916 vel
2777 1863 3112 1934 magistratu
3157 1864 3436 1933 decorata,
3473 1866 3561 1921 vel

191 1972 420 2027 quoque
487 1958 855 2013 ascetriarum
898 1975 998 2013 seu
1029 1959 1435 2014 canonicarum
1473 1960 1827 2029 asceterium,
1929 1965 2286 2032 quacunque,
2315 1959 2373 2012 in
2401 1960 2593 2012 nostra
2621 1956 2982 2028 delinquatur
3009 1957 3331 2012 constituta.
3361 1958 3468 2014 Sed
3505 1965 3560 2014 et

192 2050 345 2120 quod
378 2051 553 2122 gratis
571 2057 774 2106 caetera
802 2051 1012 2107 feretra
1037 2052 1332 2124 praecedit,
1362 2053 1622 2108 eamdem
1647 2069 1827 2124 quan-

189 2141 418 2197 titatem
447 2143 720 2216 percipiat
745 2161 918 2216 quam
954 2149 1011 2200 et
1052 2145 1269 2218 reliqua
1299 2147 1588 2202 asceteria.
1619 2147 1828 2202 Eodem

187 2234 315 2304 hoc,
343 2237 496 2308 quod
545 2237 934 2309 prtediximus,
981 2244 1037 2292 et
1078 2237 1138 2292 in
1157 2238 1432 2293 acoluthis
1457 2239 1824 2308 observando,

187 2335 253 2383 ut
278 2334 336 2384 et
359 2329 419 2382 hi
451 2329 690 2400 duplum
715 2347 914 2386 eorum
939 2348 1068 2402 quae
1087 2332 1212 2403 jam
1241 2348 1274 2386 a
1299 2332 1462 2387 nobis
1505 2333 1826 2388 constitutas

188 2427 321 2477 sunt
338 2421 603 2477 auferant
625 2441 638 2478 :
662 2423 937 2478 nimirum
950 2425 994 2478 si
1021 2424 1078 2478 id
1103 2425 1162 2479 in
1179 2441 1290 2496 quo
1306 2425 1585 2480 funeratio
1604 2442 1737 2496 pera
1745 2425 1830 2496 gi-

185 2518 302 2584 tur,
333 2531 519 2570 unum
549 2517 620 2571 de
647 2517 826 2572 tribus
853 2517 960 2572 illis
985 2517 1208 2572 feretris
1229 2518 1319 2583 sit,
1347 2518 1452 2572 hoc
1479 2517 1688 2572 scilicet
1725 2535 1822 2573 vo-

184 2607 336 2663 lente
363 2625 429 2663 eo
448 2609 540 2662 cui
559 2609 932 2665 funerationis
953 2627 1087 2664 cura
1111 2610 1408 2666 incumbit.
1429 2611 1824 2666 Necessitatem

184 2701 399 2755 scilicet
449 2703 844 2758 tantummodo
894 2703 1233 2758 habentibus
1281 2703 1379 2758 Dei
1422 2703 1826 2758 amantissimis

184 2794 598 2862 defensoribus,
630 2801 692 2850 ut
729 2796 1071 2851 decanorum
1108 2813 1342 2869 corpora
1386 2814 1454 2852 ex
1486 2796 1825 2868 octingentis

183 2885 296 2941 illis
325 2887 588 2957 ofﬁcinis,
611 2905 750 2960 quas
777 2889 910 2960 ipsis
935 2889 1366 2961 assignavimus,
1390 2897 1445 2944 et
1461 2890 1601 2945 item
1619 2891 1826 2944 feretra

184 2980 514 3049 exhibeant,
540 2997 656 3035 non
683 2987 874 3036 autem
905 2987 968 3037 ut
991 2987 1286 3053 sumptum
1319 2983 1566 3054 aliquem
1594 2983 1818 3054 impen-

184 3072 344 3128 dant.
377 3073 474 3128 Dei
499 3089 635 3128 vero
672 3075 1078 3130 amantissimis
1115 3076 1419 3130 (economis
1457 3075 1742 3148 cogendis,
1761 3080 1826 3130 ut

181 3169 305 3220 tam
336 3182 408 3220 ex
438 3167 625 3222 reditu
650 3184 682 3222 a
707 3167 1083 3223 sacratissimo
1109 3168 1366 3240 principe
1409 3168 1702 3223 Anastasio
1731 3185 1819 3223 re-

179 3257 336 3329 licto,
369 3275 543 3330 quam
573 3277 642 3315 ex
671 3261 933 3316 trecentis
965 3261 1204 3316 ofﬁcinis
1235 3262 1294 3316 in
1314 3261 1606 3332 prazdictas
1633 3278 1823 3332 perso-

180 3368 304 3420 nas,
334 3352 651 3408 secundum
667 3370 698 3407 a
714 3354 876 3408 nobis
890 3355 948 3408 in
963 3355 1226 3409 omnibus
1251 3355 1616 3409 constitutam
1640 3354 1823 3409 distri-

179 3444 502 3516 butionem,
521 3463 716 3501 omnes
736 3447 1000 3519 praefatas
1021 3447 1303 3520 impensas
1329 3448 1554 3503 faciant.
1579 3450 1657 3502 Ita
1676 3447 1821 3503 nihil

179 3538 693 3594 indeterminatum
719 3541 848 3611 erit,
875 3541 970 3595 sed
1001 3545 1055 3596 et
1079 3541 1177 3612 qui
1204 3541 1610 3596 moderatiores
1638 3542 1821 3613 sepul-

176 3636 338 3686 turas
367 3631 491 3686 fieri
519 3633 735 3701 volunt,
763 3649 833 3688 ex
881 3634 985 3688 hac
1029 3634 1394 3705 dispositione
1433 3634 1683 3690 fructum
1722 3651 1816 3689 ca-

175 3725 382 3797 pient;
411 3730 467 3780 et
491 3725 588 3797 qui
615 3726 685 3780 ad
705 3726 1070 3782 ambitionem
1083 3727 1542 3800 respiciunt,non
1567 3729 1818 3800 perinde

180 3818 415 3888 magnis
437 3817 794 3874 involventur
811 3819 1138 3890 dispendiis,
1159 3821 1254 3875 sed
1283 3821 1429 3876 intra
1454 3826 1672 3876 certum
1699 3837 1821 3876 mo-

178 3910 321 3965 dum
349 3911 605 3966 munifici
645 3917 832 3967 erunt.
866 3913 992 3968 Haec
1016 3929 1120 3967 nos
1147 3913 1322 3984 igitur
1346 3919 1463 3969 tam
1487 3915 1556 3970 de
1583 3914 1818 3969 officinis

177 4020 361 4075 quam
389 4004 686 4072 reditibus,
717 4008 774 4060 et
793 4006 1061 4061 funerum
1090 4006 1448 4075 elationibus,
1478 4007 1592 4062 sive
1621 4009 1815 4079 gratis,

177 4097 298 4152 sive
327 4113 461 4152 cum
473 4097 719 4169 quadam
730 4099 1038 4154 ambitione
1061 4106 1425 4172 peragantur,
1440 4100 1816 4157 deﬁnivimus.

178 4191 253 4246 Ut
277 4195 474 4244 autem
489 4191 848 4246 officinarum
866 4208 1140 4247 numerus
1155 4195 1312 4249 nullo
1333 4211 1584 4266 unquam
1605 4200 1820 4266 tempo-

177 4299 241 4338 re
268 4283 715 4339 diminutionem
745 4285 1012 4356 patiatur,
1051 4287 1307 4342 custodes
1341 4288 1461 4358 ejus
1501 4289 1582 4342 rei
1607 4289 1816 4343 consti-

175 4377 324 4431 tuim
334 4394 418 4445 us,
437 4393 552 4432 non
577 4381 797 4432 tantum
816 4378 1282 4450 gloriosissimum
1297 4381 1394 4451 huj
1403 4381 1646 4449 usalmze
1663 4381 1819 4436 urbis

174 4471 536 4543 prmfectum,
585 4475 639 4525 et
691 4471 1186 4542 obtemperantem
1235 4473 1316 4526 illi
1363 4474 1672 4542 cohortem,
1723 4475 1818 4530 sed

175 4564 357 4618 etiam
380 4564 562 4618 multo
575 4563 757 4636 magis
772 4565 1160 4620 excellentiam
1180 4568 1357 4634 tuam,
1373 4571 1430 4622 et
1447 4567 1546 4639 qui
1559 4584 1815 4640 unquam
1837 4594 1896 4665 D
1917 4567 2046 4638 post
2073 4563 2225 4618 Bilis.
2255 4579 2308 4618 v.
2341 4578 2390 4617 c.
2414 4577 2566 4616 cons.
2597 4577 2749 4616 anno
2775 4565 2832 4616 2.

174 4656 287 4712 hoc
313 4656 610 4729 dignitatis
634 4657 945 4730 fastigium,
975 4658 1064 4713 cui
1089 4663 1152 4714 tu
1189 4660 1360 4715 modo
1386 4677 1587 4732 praees,
1615 4665 1816 4716 tenue-

171 4750 316 4806 rint.
350 4751 418 4806 Et
461 4749 695 4822 insuper
741 4767 967 4823 poenam
1005 4751 1223 4807 cohorti
1251 4758 1366 4808 tuae
1407 4754 1818 4826 quinquaginta

170 4844 370 4916 pondo
401 4843 527 4898 auri
567 4843 904 4916 irrogamus,
934 4844 980 4899 si
1007 4845 1388 4917 negligentius
1425 4846 1606 4919 egerit
1633 4863 1646 4901 :
1680 4846 1816 4902 item

172 4937 468 5009 duplicem
497 4939 691 4991 contra
721 4953 818 4992 eos
845 4938 943 5010 qui
969 4955 1224 5010 unquam
1249 4939 1518 4995 thronum
1539 4943 1703 4994 tuum
1728 4957 1817 4994 su-

173 5030 430 5102 scepturi
455 5035 606 5100 sunt,
635 5047 750 5102 quo
778 5031 970 5085 minus
989 5033 1350 5088 committant
1374 5039 1437 5088 ut
1457 5033 1765 5088 secundum
1783 5050 1815 5087 a

169 5123 342 5178 nobis
367 5123 574 5179 dictam
605 5123 936 5179 divisionem
960 5125 1112 5180 mille
1135 5129 1192 5181 et
1217 5132 1444 5182 centum
1464 5127 1814 5182 ofﬁcinarum

169 5233 456 5272 numerus
484 5216 723 5273 deﬁciat.
759 5217 866 5273 Sed
905 5218 951 5272 si
994 5219 1104 5272 hoc
1154 5218 1442 5287 doceatur,
1465 5226 1529 5275 ut
1557 5221 1643 5274 vel
1673 5220 1812 5292 ipse,

170 5311 262 5366 vel
289 5326 639 5366 successores
661 5311 764 5379 tui,
791 5311 851 5365 in
877 5311 1022 5366 hanc
1049 5327 1172 5366 rem
1197 5312 1610 5384 providentiam
1629 5314 1816 5368 confe-

168 5404 334 5471 ratis,
353 5403 785 5476 procuretisque
813 5410 986 5476 utper
999 5404 1187 5459 omnia
1213 5405 1258 5459 is
1275 5404 1394 5460 sine
1412 5406 1810 5475 diminutione,

169 5497 296 5552 sine
323 5514 520 5563 onere,
541 5497 662 5552 sine
691 5498 1108 5553 machinatione
1131 5498 1338 5569 aliqua,
1359 5503 1482 5553 tum
1509 5516 1611 5570 per
1635 5499 1814 5554 excel-

169 5591 414 5646 lentiam
437 5596 618 5658 tuam,
645 5595 766 5645 tum
795 5609 898 5662 per
915 5591 1173 5664 quamvis
1189 5592 1356 5646 aliam
1371 5609 1668 5662 personam
1690 5609 1813 5664 per-

169 5689 440 5740 maneat:
471 5699 544 5739 ne
567 5683 771 5739 exinde
795 5701 939 5740 nova
958 5685 1245 5740 oboriatur
1262 5686 1500 5757 occasio,
1523 5689 1590 5741 ut
1605 5691 1814 5757 praeter

171 5777 571 5836 deﬁnitionem
618 5783 868 5834 nostram
911 5779 1098 5836 denuo
1138 5794 1353 5835 merces
1410 5796 1515 5852 pro
1557 5795 1812 5852 personae

1928 2059 1992 2108 ut
2017 2053 2139 2124 ipsa
2166 2052 2430 2122 majestas
2457 2049 2821 2120 imperatoria
2848 2049 2906 2102 in
2945 2052 3061 2103 tam
3100 2051 3351 2121 amplam
3381 2051 3563 2122 digni-

1926 2145 2055 2201 tatis
2081 2151 2138 2200 et
2181 2143 2412 2199 honoris
2452 2143 2646 2198 sedem
2693 2142 2972 2214 conversis
3013 2143 3210 2210 oculis,
3239 2143 3562 2215 quicunque

1926 2239 2156 2293 tandem
2193 2235 2422 2308 imperii
2449 2241 2669 2306 sceptra
2717 2234 2952 2304 tenebit,
2982 2235 3114 2290 huic
3142 2236 3224 2290 rei
3253 2237 3560 2307 provideat,

1925 2330 2299 2386 decernimus.
2329 2330 2520 2399 Neque
2548 2327 2702 2381 enim
2723 2344 2824 2398 pro
2845 2327 3123 2382 defunctis
3146 2331 3366 2382 tantum
3391 2329 3560 2395 istud,

1925 2423 2023 2478 sed
2049 2423 2219 2477 etiam
2246 2439 2349 2493 pro
2377 2420 2706 2486 viventium,
2733 2419 2986 2490 adeoque
3006 2420 3452 2490 imperitantium
3479 2439 3562 2476 sa—

1924 2516 2038 2570 lute
2069 2520 2172 2584 est,
2204 2519 2268 2568 ut
2293 2513 2624 2569 omnimodo
2658 2512 2766 2583 piae
2795 2512 3042 2567 actiones
3072 2513 3142 2568 ad
3171 2513 3433 2569 effectum
3454 2515 3553 2570 de-

1923 2609 2222 2676 ducantur,
2243 2623 2426 2678 neque
2446 2607 2714 2678 praeclara
2735 2605 3022 2676 majorum
3049 2605 3308 2661 instituta
3334 2624 3436 2678 per
3463 2625 3561 2664 ne-

1925 2701 2256 2774 gligentiam
2299 2703 2660 2772 posterorum
2710 2699 3038 2770 depereant.
3065 2700 3556 2764 Quemadmodum

1922 2801 2113 2850 autem
2141 2799 2368 2849 centum
2411 2793 2531 2847 illas
2559 2797 2613 2846 et
2640 2791 2793 2846 mille
2825 2791 3077 2846 officinas
3107 2792 3476 2848 indiminutas
3503 2802 3558 2850 et

1923 2889 2208 2943 immunes
2241 2886 2506 2942 custodiri
2536 2884 2936 2956 disposuimus,
2965 2885 3043 2938 ita
3089 2902 3286 2940 omnes
3311 2887 3555 2960 reliquas

1925 2982 2176 3036 ofﬁcinas
2217 2979 2519 3052 praestandi
2545 2978 2910 3050 vectigalibus
2935 2979 3215 3033 sancimus
3239 2996 3356 3034 esse
3379 2981 3553 3036 obno-

1923 3074 2042 3130 xias
2071 3091 2084 3129 :
2114 3072 2342 3128 nemine
2371 3072 2610 3128 omnino
2637 3071 2929 3126 licentiam
2959 3071 3202 3126 habente
3231 3078 3294 3128 ut
3317 3089 3410 3127 eas
3434 3073 3551 3129 exi-

1922 3171 2059 3237 mat,
2089 3167 2204 3222 sive
2241 3167 2310 3221 ad
2355 3182 2542 3221 sacras
2580 3165 2746 3232 aedes,
2779 3164 2893 3218 sive
2936 3165 3007 3219 ad
3048 3181 3314 3232 xenonas,
3343 3167 3457 3222 sive
3485 3167 3554 3222 ad

1923 3260 2214 3326 asceteria,
2259 3260 2371 3314 sive
2401 3257 2762 3326 monasteria,
2796 3257 2910 3311 sive
2957 3258 3336 3330 quodcunque
3379 3260 3550 3330 aliud,

1920 3353 2016 3408 sed
2042 3369 2228 3424 neque
2257 3353 2300 3406 si
2328 3353 2397 3406 ad
2428 3351 2618 3422 regias
2649 3354 2872 3404 nostras
2892 3349 3118 3419 domus,
3151 3353 3236 3406 vel
3261 3353 3556 3423 magistra-

1919 3450 2002 3514 tu,
2032 3450 2131 3500 aut
2153 3444 2404 3516 potentia
2435 3444 2703 3515 praeditos
2739 3443 3102 3514 pertineant;
3150 3444 3246 3497 sed
3281 3461 3350 3498 ex
3387 3462 3551 3516 sequo

1921 3538 2186 3593 omnibus
2227 3536 2464 3592 officinis
2507 3534 2868 3603 vectigalium
2924 3535 3340 3606 praestationem
3380 3554 3552 3609 agno‘

1919 3632 2224 3701 scentibus,
2253 3647 2324 3685 ne
2352 3631 2398 3684 si
2424 3629 2699 3700 paulatim
2733 3628 3116 3698 unusquisque
3147 3635 3464 3698 excusetur,
3495 3638 3550 3686 et

1919 3724 2155 3796 quisque
2191 3740 2294 3778 sua
2343 3723 2570 3790 relevet,
2616 3720 2807 3792 paucis
2841 3721 3196 3792 quibusdam,
3239 3723 3336 3793 qui
3384 3725 3549 3780 relin-

1917 3822 2183 3889 quantur,
2231 3821 2414 3872 totum
2454 3814 2880 3887 prastationum
2923 3831 3064 3868 onus
3104 3814 3447 3886 imponatur,
3489 3823 3548 3872 et

1917 3927 2196 3982 magnum
2249 3909 2454 3964 exinde
2505 3907 2866 3982 dispendium
2915 3907 3228 3963 sustineant
3260 3908 3320 3962 hi
3358 3910 3456 3981 qui
3489 3911 3546 3965 id

1920 4005 2069 4060 ferre
2097 4007 2404 4076 nequeant.

1987 4098 2123 4162 Quae
2152 4097 2328 4168 igitur
2361 4111 2462 4168 per
2489 4099 2831 4166 praesentem
2881 4111 3097 4150 sacram
3132 4093 3543 4168 pragmaticam

1916 4191 2159 4246 formam
2212 4190 2377 4246 nobis
2426 4189 2784 4260 placuerunt,
2835 4204 2897 4244 ea
2947 4192 3066 4244 tam
3099 4189 3429 4244 excellentia
3453 4195 3548 4246 tua

1917 4301 2089 4356 quam
2121 4283 2219 4355 qui
2249 4286 2375 4354 post
2408 4288 2462 4338 te
2492 4281 2759 4336 eumdem
2785 4265 3182 4354 magistratum
3233 4282 3548 4356 suscepturi

1917 4382 2071 4444 sunt,
2099 4382 2155 4431 et
2179 4378 2582 4446 obtemperans
2609 4375 2710 4430 tibi
2741 4376 2943 4430 cohors
2969 4377 3303 4431 custodient.
3331 4378 3449 4432 Dat.
3482 4379 3548 4433 lli

1917 4472 2050 4525 Nov.
2080 4473 2350 4527 Constant
2376 4469 2515 4539 imp.
2554 4469 2611 4524 d.
2653 4485 2713 4523 n.
2739 4469 2944 4524 Justin.
2977 4470 3080 4523 PP.
3109 4471 3254 4540 Aug.
3286 4486 3421 4526 ann.
3457 4473 3542 4538 11,

2484 4711 2798 4770 NOVELLA
2825 4711 2973 4770 LXV.

2127 4811 2202 4864 De
2229 4808 2312 4863 his
2341 4823 2460 4878 qua
2482 4808 2672 4862 relicta
2701 4812 2832 4863 sunt
2861 4807 3092 4863 ecclesia?
3116 4806 3327 4877 Mysiae.

1986 4937 2204 4993 Scimus
2230 4940 2395 4992 antea
2418 4937 2626 5008 legem,
2655 4940 2762 4992 etc.
2807 4937 3017 4992 Relicta
3068 4937 3316 4994 ecclesiae
3357 4940 3544 5012 Mysiae

1915 5031 1985 5086 ad
2031 5030 2477 5102 redemptioncm
2523 5031 2873 5100 captivorum
2925 5035 2982 5086 et
3032 5048 3345 5104 pauperum
3407 5035 3542 5091 sub-

1917 5125 2313 5181 stentationem
2371 5124 2710 5193 venduntor,
2762 5124 2809 5178 si
2853 5125 3077 5196 longius
3115 5125 3184 5180 ab
3229 5143 3296 5180 eo
3337 5128 3458 5183 loco
3483 5129 3543 5184 in

1915 5219 2130 5274 aedibus
2178 5222 2276 5272 aut
2324 5217 2502 5272 vineis
2547 5217 2858 5272 consistant
2908 5234 2922 5272 :
2972 5223 3037 5273 ut
3085 5224 3277 5274 tamen
3327 5223 3425 5294 qui
3480 5239 3547 5279 ea

1914 5311 2164 5383 reliquit,
2215 5327 2282 5365 ex
2335 5310 2658 5365 venditione
2702 5311 3024 5366 relictorum
3064 5312 3300 5382 jusserit
3345 5332 3545 5388 eroga-

1911 5405 2127 5460 tionem
2157 5404 2296 5458 fieri.
2332 5406 2380 5458 Is
2406 5404 2506 5475 qui
2547 5403 2604 5457 in
2642 5403 2774 5474 jure
2805 5405 3142 5476 postulatur,
3187 5407 3233 5460 si
3263 5423 3322 5463 se
3343 5409 3543 5466 absen-

1912 5503 2010 5565 tet,
2041 5498 2465 5566 condemnator,
2499 5497 2758 5552 videlicet
2783 5498 2992 5552 malam
3021 5516 3142 5554 rem
3167 5517 3362 5572 agens,
3390 5503 3542 5574 quod

1913 5596 2216 5645 contestata
2257 5591 2351 5644 lite
2389 5594 2446 5644 et
2472 5591 2726 5661 legitime
2768 5595 3015 5661 vocatus,
3047 5610 3162 5648 non
3185 5595 3541 5665 obtempera-

1911 5685 2074 5739 verit.
2099 5683 2226 5751 PP.,
2256 5700 2449 5738 mense
2479 5683 2679 5756 Aprili,
2709 5701 2860 5740 anno
2891 5685 3114 5759 imperii
3159 5687 3213 5743 d.
3245 5686 3541 5743 Iustiniani

1913 5781 2000 5846 l2,
2029 5779 2244 5834 Joanne
2268 5793 2322 5832 v.
2355 5794 2407 5833 c.
2445 5793 2559 5838 cos.
