4088 6500
545 325 646 378 999

1083 431 1388 487 NOVELLA
1416 432 1612 488 LXVII.

545 529 624 583 Ne
647 527 766 592 quis
792 525 1086 577 oratorium
1111 527 1247 578 citra
1272 527 1546 578 scientiam
1577 529 1807 594 episcopi
1831 527 2066 595 aediﬁcet.
2090 530 2159 582 Et

616 601 674 646 ut
696 597 854 662 prius
879 595 1102 662 deﬁniat
1123 611 1243 663 quae
1261 597 1335 648 ad
1363 610 1548 648 curam
1565 603 1614 649 et
1641 599 2024 650 institutionem
2044 613 2162 649 ora-

613 666 739 718 torii
763 664 1067 730 aediﬁcandi
1109 668 1403 717 necessaria
1431 669 1626 732 futura
1668 670 1796 719 sint.
1831 670 1895 720 Et
1927 683 1992 720 ne
2029 670 2162 734 epis-

611 735 728 800 copi
755 734 932 786 absint
962 750 994 785 (ι
1021 737 1130 787 suis
1161 736 1426 796 Ecclesiis,
1463 753 1526 788 ac
1547 737 1612 789 de
1635 737 1954 790 alienatione
1980 740 2160 791 immo-

611 805 796 856 bitium
825 819 1004 856 rerum
1024 806 1518 858 ecclesiasticarum.

611 905 920 974 Imperator
949 905 1295 958 Justinianus
1321 907 1604 975 Augustus
1631 907 1846 960 Mcnnae
1875 907 2156 960 sanctissi-

537 1013 632 1051 mo
658 1001 712 1050 et
735 996 1053 1050 beatissimo
1079 998 1500 1069 archiepiscopo
1538 999 2158 1068 Constantinopolitano

539 1095 596 1142 et
621 1089 863 1142 universi
894 1089 1014 1157 ejus
1039 1093 1248 1144 tractus
1279 1090 1635 1160 patriarchae.

609 1183 940 1251 Quanquam
965 1182 1154 1235 multis
1171 1183 1290 1252 jam
1309 1183 1530 1252 legibus
1555 1199 1617 1236 ea
1639 1199 1764 1254 quae
1787 1189 2158 1236 sacrosanctas

535 1277 883 1327 concernunt
940 1275 1214 1340 ecclesias,
1245 1275 1794 1344 comprehendimus,
1839 1275 2157 1345 indigemus

534 1369 726 1420 tamen
780 1366 965 1419 adhuc
1005 1367 1118 1419 alia
1154 1367 1415 1436 quadam,
1449 1383 1576 1438 quae
1615 1368 1684 1421 ad
1729 1372 2078 1437 emergentes
2103 1371 2158 1420 et

539 1459 725 1512 denuo
751 1463 1100 1513 renascentes
1119 1476 1276 1513 casus
1302 1459 1561 1513 sufﬁciat.
1580 1459 1735 1514 Multi
1757 1460 1910 1512 enim
1940 1477 2156 1530 compa-

537 1551 703 1604 randi
728 1551 973 1605 nominis
1003 1567 1138 1622 ergo
1163 1551 1416 1604 animum
1451 1552 1638 1605 solent
1675 1552 1744 1605 ad
1783 1557 2153 1605 sacrosancta-

537 1659 666 1696 rum
695 1643 1052 1696 ecclesiarum
1078 1643 1488 1698 extructiouem
1519 1643 1824 1714 appellere,
1873 1643 2156 1714 simulque

539 1739 602 1788 ut
625 1751 715 1788 cas
742 1735 1180 1801 exaediﬁcarunt,
1211 1736 1426 1789 nullam
1456 1739 1730 1806 praeterea
1754 1752 1948 1790 curam
1993 1737 2152 1790 adhi-

1677 323 1928 380 SECULI
1967 324 2155 380 SEXTl
2195 321 2743 384 SUPPLEMENTUM.

2179 465 2236 537 Α
2257 437 2564 507 provincias
2588 453 2905 492 oeconomos
2932 451 3208 506 expensas
3237 433 3352 489 sibi
3407 432 3881 499 transmittere,
3915 442 3960 488 et

3829 327 3850 378 1
3864 321 3962 377 000

2257 531 2604 583 sanctissima
2635 530 2868 583 ecclesia
2886 528 3173 598 expendat
3201 527 3478 598 quidem,
3515 527 3691 596 quod
3729 526 3863 596 ipse
3896 527 3965 579 ei-

2257 638 2366 692 que
2408 623 2537 675 inde
2579 622 2879 676 observare
2910 639 3022 674 non
3053 621 3329 691 patiatur.
3362 621 3710 674 Sanciinus
3758 619 3963 688 igitur,

2249 714 2368 782 jam
2395 730 2426 766 a
2453 714 2612 767 nobis
2630 713 3064 784 positamlegem
3087 712 3146 766 in
3169 730 3270 765 sua
3295 729 3557 766 manere
3593 713 3763 764 virtu
3775 717 3830 764 te
3855 713 3963 764 sive

2257 805 2498 860 defuerit
2525 807 2634 859 Deo
2665 806 2924 860 amabilis
2957 806 3258 876 episcopus
3307 804 3612 858 Ecclesia:
3659 821 3818 870 sure,
3857 806 3964 859 sive

2256 897 2497 968 amplius
2520 901 2744 968 tempus
2761 899 2976 951 nullam
3000 898 3051 951 ei
3075 897 3222 951 mitti
3246 914 3595 967 expensam
3629 898 3706 952 de
3730 900 3968 968 provin-

2257 990 2364 1056 cia,
2398 991 2491 1044 sed
2525 991 2677 1044 illam
2705 990 2935 1060 quidem
2974 991 3123 1043 circa
3169 995 3336 1044 actus
3383 990 3523 1060 pios
3561 996 3627 1044 ct
3657 992 3964 1044 sanctissi-

2256 1098 2408 1136 mam
2435 1083 2734 1136 Ecclesiam
2765 1083 3028 1152 expendi,
3063 1082 3252 1152 ipsum
3302 1099 3450 1136 vero
3501 1083 3615 1137 hic
3657 1091 3965 1138 errantem

2257 1190 2368 1227 non
2403 1175 2661 1244 expensis
2691 1175 3103 1228 sanctissimam
3137 1175 3460 1229 Ecclesiam
3514 1193 3922 1247 praegravare
3953 1195 3964 1230 :

2256 1282 2384 1319 cum
2417 1272 2632 1320 certum
2659 1267 2728 1320 sit
2777 1267 2927 1336 quod
2969 1267 3014 1320 si
3059 1267 3322 1338 plurimo
3357 1273 3652 1338 tempore
3684 1269 3966 1336 defuerit,

2255 1375 2380 1428 qua:
2401 1359 2521 1428 jam
2540 1359 2744 1412 anobis
2757 1376 2928 1429 super
2947 1359 3170 1413 eisdem
3194 1361 3421 1414 sancita
3446 1368 3625 1428 sunt,
3653 1362 3967 1417 valebunt.

2254 1450 2528 1514 Quoniam
2557 1467 2686 1505 vero
2723 1452 3003 1522 contingit
3039 1451 3162 1520 jam
3211 1470 3320 1506 nos
3351 1453 3638 1508 sanxisse
3669 1461 3747 1508 ut
3776 1456 3826 1508 si
3861 1473 3970 1526 qua

2256 1542 2312 1596 in
2333 1543 2635 1613 provinciis
2659 1543 2926 1596 alienatio
2958 1545 3039 1598 rei
3059 1545 3380 1598 immobilis
3419 1548 3870 1602 ecclesiastica:
3900 1550 3974 1601 fa-

2255 1633 2452 1688 cienda
2481 1641 2581 1703 est,
2612 1635 2922 1689 secundum
2951 1636 3251 1690 decretum
3285 1639 3444 1692 hanc
3476 1641 3863 1711 procedere,
3900 1645 3968 1695 si-

2255 1727 2367 1780 cuti
2393 1727 2608 1781 dudum
2639 1729 2854 1798 prolata
2877 1729 3090 1782 anobis
3121 1731 3473 1784 constitutio
3498 1733 3684 1802 dicit,
3712 1735 3818 1804 agi
3840 1751 3970 1788 vero

535 1827 816 1898 bere,quo
845 1828 1102 1882 decentes
1131 1829 1262 1881 item
1293 1835 1548 1898 sumptus
1577 1829 1682 1882 illis
1708 1835 1828 1882 tum
1860 1829 1926 1882 ad
1960 1829 2152 1882 incen-
2175 1811 2230 1882 B
2257 1818 2544 1873 decretum
2572 1837 2684 1874 non
2713 1821 2894 1874 solum
2917 1828 3202 1892 praesente
3234 1823 3350 1877 Deo
3379 1825 3654 1879 amabili
3685 1827 3972 1898 episcopo

540 1919 724 1972 dcnda
751 1919 1075 1986 luminaria,
1107 1925 1226 1974 tum
1249 1921 1314 1974 ad
1344 1921 1803 1974 sustentationem
1832 1938 2028 1974 eorum
2057 1921 2156 1991 qui

535 2010 642 2065 illis
666 2018 864 2065 vacent
890 2018 944 2066 et
971 2013 1270 2078 assideant,
1299 2029 1484 2083 neque
1515 2031 1625 2066 non
1653 2014 1723 2066 ad
1755 2031 1974 2066 sacrum
1996 2013 2155 2066 mini-

537 2104 770 2157 sterium
799 2105 1101 2170 deﬁniant;
1135 2106 1230 2158 sed
1263 2105 1590 2175 relinquunt
1618 2123 1710 2158 eas
1739 2107 1794 2159 in
1822 2106 1987 2159 nudis
2016 2107 2153 2159 mdi-

537 2196 696 2264 ﬂciis,
742 2197 826 2250 vel
853 2197 1060 2252 iterum
1088 2197 1468 2263 destruendus,
1499 2199 1585 2252 vel
1613 2214 1768 2251 sacro
1793 2199 2012 2251 orbatae
2043 2199 2149 2251 mi-

540 2289 791 2343 nisterio.

607 2381 900 2435 Sancimus
925 2380 1098 2450 igitur
1126 2385 1185 2434 ut
1209 2385 1337 2434 ante
1366 2383 1555 2435 omnia
1577 2382 1804 2451 quidem
1833 2383 1965 2436 illud
1999 2399 2154 2452 pera-

539 2478 725 2544 gatur,
755 2489 826 2526 ne
851 2474 976 2544 quis
1015 2473 1302 2526 licentiam
1338 2474 1540 2527 habeat
1567 2475 1648 2527 vel
1681 2475 2030 2543 monasterii,
2065 2475 2150 2528 vel

537 2566 801 2632 ecclesiae,
835 2567 922 2619 vel
961 2565 1186 2618 oratorii
1227 2565 1652 2620 aedificationem
1697 2567 1963 2636 incipere,
1993 2568 2151 2637 prius

536 2674 705 2729 quam
736 2657 828 2711 Dei
871 2658 1286 2710 amantissimus
1315 2658 1548 2712 civitatis
1585 2659 1874 2729 cpiscopus
1912 2659 2147 2712 interve-

536 2751 718 2818 niens,
745 2751 803 2802 in
832 2750 949 2802 loco
977 2765 1169 2820 preces
1197 2749 1414 2815 fundat,
1441 2753 1496 2802 et
1519 2750 1743 2819 publico
1779 2751 1908 2804 illuc
1935 2767 2153 2820 proces-

535 2859 602 2896 su
626 2842 903 2908 instituto,
927 2858 1151 2894 crucem
1181 2841 1337 2911 ligat,
1369 2845 1426 2894 et
1447 2843 1660 2895 factum
1686 2843 1948 2896 omnibus
1979 2843 2151 2896 mani-

535 2933 743 2987 festum
791 2934 1008 2987 reddat.
1047 2933 1200 2987 Multi
1249 2933 1406 2986 enim
1456 2934 1782 2988 simulantes
1822 2951 1878 2988 se
1907 2936 2151 2989 oratoria

533 3024 918 3090 fabricaturos,
947 3025 1060 3076 suis
1111 3024 1496 3094 obsequuntur
1526 3025 1813 3078 affectibus
1845 3031 1902 3078 et
1941 3027 2150 3080 morbis

535 3115 736 3183 animi,
766 3132 880 3168 non
911 3120 974 3169 ut
997 3115 1440 3169 orthodoxarum
1467 3117 1847 3184 ecclesiarum,
1873 3119 1966 3172 sed
1995 3119 2149 3172 illici-

532 3210 720 3262 tarum
745 3207 1138 3278 speluncarum
1167 3208 1485 3261 conditores
1512 3210 1644 3262 sint.
1674 3211 1880 3262 Deinde
1901 3227 1970 3264 ne
1989 3211 2152 3264 aliter

534 3299 603 3354 de
629 3316 775 3354 novo
803 3299 1092 3353 ecclesiam
1119 3300 1372 3367 aediﬁcet,
1401 3317 1574 3370 quam
1601 3317 1726 3354 cum
1758 3303 1856 3355 Dei
1888 3303 2152 3356 amantis-

533 3393 676 3446 simo
704 3393 961 3463 episcopo
989 3410 1052 3446 ea
1071 3393 1138 3446 de
1159 3410 1217 3446 re
1247 3393 1416 3446 verba
1444 3394 1626 3462 faciat,
1653 3399 1707 3448 et
1725 3399 1838 3448 tam
1867 3396 1936 3448 ad
1966 3396 2151 3450 incen-

534 3485 717 3539 denda
743 3485 1040 3538 luminaria
1070 3488 1128 3538 et
1147 3485 1214 3538 ad
1241 3501 1459 3538 sacrum
1479 3487 1874 3556 ministerium,
1899 3505 2068 3558 quam
2093 3493 2151 3541 ut

533 3578 680 3632 aedes
701 3581 846 3630 sarta
876 3583 1016 3630 tecta
1043 3579 1332 3646 habeatur,
1361 3583 1415 3630 et
1451 3579 1519 3630 ad
1559 3580 2018 3634 sustentationem
2055 3598 2147 3634 eo-

531 3685 660 3724 rum
689 3671 786 3740 qui
829 3669 932 3722 illis
959 3673 1160 3723 vacent
1205 3674 1260 3722 et
1298 3669 1592 3736 assideant,
1637 3677 1852 3724 certum
1898 3673 2150 3742 pecuniae

532 3763 768 3817 modum
809 3761 1032 3816 ﬁnierit.
1063 3765 1136 3816 Ac
1187 3761 1232 3814 si
1274 3761 1528 3816 sufficere
1561 3763 1833 3828 videatur,
1887 3770 1950 3818 ut
1999 3766 2151 3834 prius

533 3870 731 3908 eorum
776 3871 900 3925 quae
942 3855 1258 3924 deputanda
1303 3857 1434 3908 sunt
1485 3856 1839 3910 donationem
1890 3857 2147 3926 celebret,

532 3951 657 4001 tum
679 3947 909 4000 demum
935 3963 1149 4000 sacram
1171 3946 1352 4000 aedem
1373 3951 1634 4002 exstruat.
1652 3951 1926 4002 Castorum
1948 3949 1990 4001 si
2022 3966 2151 4002 cum

533 4038 661 4110 quis
678 4040 746 4092 ad
765 4039 818 4092 id
840 4055 951 4092 non
966 4038 1220 4108 sulliciat,
1241 4038 1380 4092 nihil
1402 4040 1594 4093 ominu
1607 4057 1628 4092 ε
1647 4045 1830 4094 tamen
1848 4041 2150 4111 cupiditate

533 4135 591 4186 et
617 4148 806 4186 amore
837 4131 1199 4202 comparandi
1230 4131 1494 4199 nominis,
1524 4137 1588 4186 ut
1617 4133 1823 4187 scilicet
1843 4133 1959 4204 ipse
1984 4136 2152 4188 eccle-

530 4224 628 4278 sim
647 4224 904 4279 conditor
928 4224 1261 4295 appelletur,
1286 4224 1391 4278 hoc
1418 4225 1549 4278 velit
1574 4225 1782 4294 facere,
1812 4225 1944 4295 quia
1971 4227 2149 4279 multa

530 4324 663 4376 sunt
691 4319 822 4371 hinc
853 4317 1001 4385 inde,
1045 4322 1163 4370 tam
1206 4317 1257 4369 in
1308 4317 1411 4370 hac
1462 4317 1622 4386 regia
1671 4317 1833 4382 urbe,
1881 4334 2050 4388 quam
2091 4318 2148 4372 in

525 4411 824 4485 provinciis
850 4409 1115 4478 ecclesiae,
1147 4403 1202 4463 in
1233 4409 1439 4480 quibus
1471 4409 1700 4462 tametsi
1751 4410 2150 4465 convenienter

528 4506 716 4561 omnia
745 4505 1020 4558 obeantur
1048 4503 1376 4567 ministeria,
1409 4507 1600 4555 tamen
1626 4502 1940 4572 periculum
1973 4509 2055 4558 est
2077 4521 2146 4558 ne

524 4616 644 4672 prae
673 4601 948 4652 vetustate
991 4596 1304 4664 concidant,
1337 4599 1434 4648 aut
1455 4595 1622 4648 etiam
1665 4612 1850 4666 parvae
1879 4596 2142 4665 existant,

526 4697 626 4746 aut
652 4691 874 4745 minore
902 4692 1102 4742 ornatu
1134 4704 1303 4758 quam
1333 4689 1565 4758 cupiant
1589 4688 1649 4742 hi
1677 4689 1773 4758 qui
1801 4705 1956 4742 sacra
1983 4689 2039 4742 in
2083 4689 2147 4742 iis

525 4789 770 4838 tractant
793 4782 1068 4848 manibus,
1089 4781 1275 4835 licebit
1297 4797 1429 4834 sane
1457 4781 1509 4833 ei
1531 4796 1706 4834 unam
1726 4798 1792 4834 ex
1819 4782 2143 4851 hujusmodi

526 4877 772 4932 ecclesiis
797 4877 1109 4942 desumere,
1140 4877 1196 4926 et
1228 4873 1374 4926 hanc
1401 4872 1770 4941 exaediﬁcare,
1803 4873 1892 4926 hic
1920 4882 2143 4944 quoque

523 4986 652 5024 cum
705 4968 936 5022 scientia
979 4973 1034 5020 et
1069 4982 1342 5020 consensu
1388 4966 1484 5020 Dei
1543 4966 1915 5020 amantissimi
1960 4967 2145 5020 ortho-

526 5058 804 5112 doxorum
823 5055 1064 5126 episc0pi
1084 5071 1148 5108 ea
1172 5070 1232 5108 re
1247 5053 1700 5108 conﬁcienda.lta
1721 5054 1870 5117 enim
1885 5057 2141 5109 futurum

527 5157 611 5205 est
635 5153 700 5203 ut
727 5155 782 5202 et
805 5165 974 5202 sacrm
1005 5148 1138 5202 tedis
1185 5147 1450 5200 conditor
1487 5147 1822 5217 appelletur,
1850 5164 2035 5218 neque
2075 5149 2142 5202 de

527 5259 629 5296 suo
662 5242 969 5311 quidquam
1008 5245 1279 5311 prmterea
1306 5245 1561 5310 sumptus
1611 5240 1796 5308 addat,
1829 5241 2143 5310 sumptibus

526 5351 632 5405 pro
659 5350 812 5386 more
837 5334 956 5402 jam
979 5333 1048 5386 ad
1073 5334 1176 5387 hoc
1209 5333 1484 5403 deputatis
1513 5332 1937 5403 suppeditandis
1961 5334 2030 5388 ab
2058 5334 2144 5387 his

527 5427 625 5498 qui
652 5425 810 5496 prius
835 5442 1054 5495 quoque
1074 5443 1164 5479 eas
1195 5425 1550 5496 erogationes
1575 5425 1868 5479 faciebant.

598 5517 738 5572 Illud
761 5533 982 5588 quoque
1013 5518 1309 5584 sancimus,
1333 5521 1610 5587 quatenus
1639 5517 1944 5572 secundum
1963 5519 2082 5588 jam
2111 5537 2143 5574 a

524 5611 686 5666 nobis
714 5610 986 5680 prolatam
1012 5610 1219 5679 legem,
1243 5609 1353 5662 Deo
1378 5609 1645 5662 amabiles
1671 5609 1916 5680 episcopi
1939 5611 1995 5664 in
2027 5612 2141 5665 suis

526 5703 782 5760 Ecclesiis
808 5707 1070 5756 maneant
1089 5706 1144 5754 et
1171 5716 1285 5753 non
1311 5700 1631 5774 relinquant
1645 5702 1871 5772 quidem
1898 5720 2008 5772 eas,
2039 5720 2142 5774 per

529 5799 756 5869 tempus
779 5810 910 5849 vero
936 5793 1179 5849 multum
1229 5791 1316 5845 hic
1353 5798 1664 5863 morentur,
1709 5800 1764 5848 et
1803 5801 2004 5867 cogant
2041 5813 2142 5869 per

2171 3163 2225 3237 C

2254 1911 2490 1965 civitatis
2519 1913 2751 1982 ejusque
2783 1913 2951 1980 clero,
2983 1914 3082 1968 sed
3129 1916 3305 1968 etiam
3364 1919 3815 1988 meerpolc-os
3861 1923 3973 1991 epi-

2255 2021 2438 2074 scopo,
2470 2021 2574 2058 nec
2605 2022 2718 2058 non
2750 2011 2806 2058 et
2833 2007 2970 2060 illud
3002 2007 3242 2076 insuper
3271 2015 3360 2062 est
3414 2011 3772 2080 sancitum,
3825 2020 3896 2068 ut
3933 2016 3974 2066 si

2255 2099 2628 2166 metropoleos
2656 2098 3041 2152 sanctissimus
3085 2101 3402 2171 episcopus
3456 2103 3727 2158 futurus
3759 2111 3854 2159 est.
3883 2123 3970 2160 ve-

2252 2190 2529 2257 nundare,
2562 2191 2676 2243 sive
2727 2191 2848 2260 ejus
2898 2193 3148 2245 ecclesiae
3199 2195 3583 2250 sanctissimi
3637 2202 3973 2268 oeconomi,

2253 2281 2387 2351 quid
2412 2287 2664 2351 oporteat
2691 2283 2832 2350 fieri,
2863 2283 3033 2337 etiam
3071 2285 3178 2338 hoc
3209 2285 3572 2356 adjicimus,
3625 2296 3706 2344 ut
3744 2293 3870 2345 duo
3908 2311 3974 2346 ex

2253 2375 2463 2443 synodo
2489 2391 2617 2444 quae
2644 2376 2746 2428 sub
2769 2392 2834 2428 eo
2859 2380 2943 2429 est
2971 2378 3086 2430 Deo
3117 2379 3476 2433 amabilium
3499 2383 3972 2456 episcoporum,

2253 2469 2884 2539 quoscunqueelegerit,
2902 2468 3320 2540 ipsiintersint,
3343 2475 3550 2527 etalia
3575 2478 3761 2531 omni
3777 2479 3973 2533 obser-

2250 2558 2470 2612 vatione
2502 2560 2796 2625 custodita,
2815 2578 2940 2630 qua).
2955 2562 3078 2631 jam
3092 2563 3313 2617 sancita
3330 2571 3443 2634 est,
3467 2571 3824 2636 praesentia
3844 2572 3976 2625 duo-

2251 2667 2380 2705 rum
2395 2653 2504 2704 Deo
2521 2652 2844 2706 amabilium
2862 2654 3270 2724 episc0porum
3298 2657 3645 2727 adjiciatur
3678 2669 3755 2717 ut
3778 2682 3956 2719 secum

2252 2743 2387 2796 dum
2413 2761 2468 2797 se
2492 2744 2746 2798 videatur
2767 2762 2899 2799 cum
2923 2763 3022 2799 sua
3051 2749 3274 2818 synodo
3304 2766 3443 2805 rem
3479 2769 3684 2823 agere
3718 2764 3784 2812 et
3836 2759 3978 2812 sicut

2251 2835 2368 2905 ipse
2397 2853 2516 2890 rem
2543 2837 2673 2891 facit
2697 2839 3044 2906 credibilem,
3076 2843 3134 2894 et
3159 2842 3577 2900 sufficientem
3615 2849 3678 2902 ei
3730 2853 3841 2922 qui
3879 2853 3976 2905 sub

2250 2943 2314 2981 eo
2339 2929 2675 2982 constitutus
2702 2935 2802 2995 est,
2843 2931 2982 2985 dum
3010 2949 3270 3002 praesens
3312 2941 3428 3005 est,
3468 2938 3560 2993 ita
3595 2948 3662 2996 et
3701 2945 3823 3014 ipsi
3857 2964 3980 3016 qnze

2250 3021 2353 3074 sub
2393 3037 2456 3074 eo
2495 3027 2578 3074 est
2625 3023 2870 3091 synodus
2915 3041 3170 3094 prcrsens
3215 3043 3325 3098 per
3363 3029 3526 3085 duos
3579 3033 3715 3089 Deo
3763 3041 3981 3092 amabi-

2249 3113 2386 3166 lium
2412 3114 2805 3184 episcoporum
2835 3116 3122 3171 videbitur
3151 3136 3280 3174 rem
3311 3124 3618 3192 praebere
3660 3133 3980 3186 sanctissi-

2251 3221 2401 3258 mam
2429 3213 2684 3260 sumente
2723 3224 2791 3261 ex
2823 3208 3158 3279 hujusmodi
3185 3215 3420 3282 synodo
3447 3220 3924 3279 testimonium.

2322 3299 2470 3352 lianc
2497 3315 2624 3352 vero
2650 3306 2902 3354 nostram
2944 3302 3156 3372 legem,
3190 3309 3314 3360 tam
3341 3308 3420 3362 ad
3457 3313 3689 3368 sedem
3729 3317 3990 3373 beatitu-

2251 3389 2396 3444 diuis
2419 3397 2532 3444 tua:
2557 3409 2727 3462 quam
2747 3393 2814 3446 ad
2843 3399 3078 3448 caeteros
3107 3399 3538 3458 transmissum
3564 3411 3985 3476 patriarchas.

2251 3482 2351 3552 ipsi
2367 3485 2730 3554 perproprias
2745 3486 2958 3539 litteras
2983 3488 3087 3541 sub
3106 3490 3270 3543 vobis
3288 3498 3658 3554 constitutis
3677 3509 3989 3576 nieti‘opo-

2249 3574 2434 3628 litanis
2453 3577 2810 3630 manifestam
2837 3578 3074 3634 facietis.
3104 3581 3212 3644 Qui
3231 3600 3493 3642 rursum
3522 3594 3645 3646 sub
3674 3613 3748 3648 se
3780 3574 3989 3668 positis

2250 3667 2523 3738 episcopis
2552 3685 2674 3722 eam
2703 3671 3584 3747 divulgabunt,nequidlateat
3607 3667 3842 3746 eorum
3863 3711 3989 3764 quae

2247 3776 2279 3812 a
2338 3759 2503 3814 nobis
2549 3763 2846 3815 constituta
2886 3770 3039 3818 sunt.
3095 3766 3200 3820 Dat
3246 3769 3314 3824 K.
3372 3772 3553 3830 Maii.
3590 3759 3987 3839 Constantii].

2248 3851 2384 3922 imp.
2417 3853 2511 3907 dn.
2535 3854 2732 3907 Justin.
2757 3855 2859 3909 PP.
2884 3858 3030 3927 Aug.
3057 3875 3198 3913 ann.
3228 3864 3622 3927 12.10anne.
3651 3890 3714 3930 v.
3745 3893 3806 3932 c.
3831 3896 3988 3933 cons.

2774 3993 3100 4049 NOMELLA
3153 3997 3360 4056 LXXV.

2247 4083 2371 4136 Haec
2396 4085 2696 4165 constitutio
2726 4087 3124 4165 interpretatur
3146 4095 3414 4165 priorem
3465 4110 3968 4165 constitutionem

2319 4169 2436 4236 qua)
2456 4153 2527 4236 ‘dc
2555 4154 2637 4236 [tis
2662 4155 2776 4208 lata
2798 4153 2894 4218 esti,
2924 4161 3022 4226 qui
3044 4153 3475 4227 ingrediuntur

2319 4224 2796 4314 suostanttas‘suas
2815 4237 3149 4292 consecrant,
3166 4237 3218 4286 et
3237 4251 3310 4288 ea:
3338 4254 3464 4306 quo
3498 4245 3707 4314 ipsum
3741 4259 3920 4314 tenuit

3771 4269 3986 4324 erupere.

2317 4294 2497 4346 valere
2523 4301 2784 4363 oporteat.

2321 4408 2472 4462 Idem
2505 4408 2816 4479 imperator
2832 4412 3038 4473 Joanni
3067 4415 3529 4485 gloriosissimo
3569 4432 3988 4496 Orientalium

2167 4522 2224 4593 D
2246 4501 2642 4572 praetoriorum
2661 4503 2953 4572 praefecto,
2984 4505 3197 4562 iterum
3215 4525 3579 4579 exconsule
3615 4535 3682 4582 et.
3710 4535 3988 4602 patricio.

2316 4595 2486 4646 Causa
2516 4595 2641 4647 talis
2670 4595 2740 4648 ad
2785 4613 2887 4650 nos
2913 4600 3199 4670 pervenit,
3241 4622 3445 4676 quam
3479 4595 3992 4682 existimavimus

2245 4690 2504 4756 Oportere
2517 4688 2862 4758 competenti
2882 4689 2970 4743 uti
2987 4709 3016 4744 a
3043 4694 3210 4749 nobis
3232 4697 3796 4775 interpretatione
3822 4725 3990 4776 simu}

2245 4783 2300 4832 et
2313 4779 2611 4848 adjutorio.
2629 4781 3010 4852 Cognovimus
3026 4789 3244 4844 etenim
3263 4795 3417 4864 quia
3433 4816 3501 4854 m
3514 4805 3689 4864 ulier
3706 4816 3992 4883 quaedam

2244 4871 2458 4926 habens
2486 4872 2688 4941 filium,
2717 4876 2822 4930 sibi
2850 4895 2920 4932 ex
2947 4882 3166 4952 nuptiis
3193 4884 3512 4956 legitimis
3558 4871 3986 4970 procreatum.

2242 4963 2417 5018 voluit
2440 4964 2668 5034 quidem
2699 4984 3001 5041 segregare
3033 4991 3094 5027 se
3129 4991 3159 5028 a
3188 4989 3533 5042 communi
3558 4963 3710 5050 ista
3740 4963 3987 5056 conv-er;

2243 5056 2474 5124 satione,
2503 5058 2633 5112 etin
2665 5063 2912 5130 quodam
2931 5067 3254 5124 mulierum
3281 5088 3700 5144 monasterio
3728 5109 3990 5150 cumma-

2241 5164 2398 5218 nere,
2419 5149 2662 5220 plurima
2691 5153 2838 5208 bona
2865 5157 3082 5214 faciens
3111 5163 3490 5227 mulieribus
3525 5149 3987 5244 reverendissi-

2242 5241 2348 5294 mis
2373 5241 2582 5297 ibidem
2609 5251 2994 5319 congregatis.
3026 5253 3096 5307 Et
3118 5258 3422 5326 quoniam
3463 5279 3725 5332 nostra:

2242 5333 2327 5352 1.Δ
2364 5351 2374 5352 κ
2400 5351 2403 5352 ,
2439 5335 2470 5352 1-
2709 5339 2718 5350 ο
3131 5347 3162 5352 -.
3248 5351 3257 5352 κ
3978 5331 3988 5338 ⁵

2241 5333 2331 5387 lex
2362 5335 2480 5388 vult
2508 5353 2601 5390 eos
2625 5339 2722 5409 qui
2754 5357 2812 5394 se
2834 5347 3198 5402 monasteriis
3226 5351 3629 5435 dedi‘carint,
3663 5333 3788 5429 sed

2242 5443 2340 5480 seu
2363 5429 2649 5498 mulieres,
2681 5439 2988 5506 antequam
3015 5438 3460 5510 ingrediantur
3489 5429 3972 5526 monasterium

2241 5535 2308 5573 eo
2333 5536 2444 5590 quo
2471 5523 2751 5579 voluerint
2778 5528 2946 5582 modo
2971 5548 3103 5601 quae
3130 5551 3235 5588 sua
3272 5549 3424 5598 sunt
3459 5516 3988 5623 disponereiii:

2239 5621 2725 5686 posse,postquam
2740 5619 3153 5691 ingrediuntur
3181 5609 3698 5716 monasteriiim,

2239 5720 2407 5775 agere
2432 5708 2844 5807 quidquamde
2883 5718 3154 5789 propriis,
3187 5726 3253 5778 ut
3284 5735 3434 5797 pote
3468 5708 3985 5807 domini—reruni

2239 5813 2354 5854 non
2401 5800 2638 5857 ulterius
2675 5804 3000 5881 existentes,
3033 5826 3102 5866 eo
3129 5817 3299 5888 quod
3363 5824 3456 5882 sic
3516 5800 3988 5904 sanciee—g‘ljg;
