4088 6452
176 435 286 489 1001

965 430 1328 490 JUSTINIANI
1367 431 1694 490 NOVELLE
1732 425 2067 488 SELECTE.
2109 430 2416 488 NOVELLA
2453 426 2674 486 LXXIX.

3372 425 3504 492 1002

169 542 470 616 hujusmodi
501 543 651 598 viros
677 548 732 597 et
757 543 1020 598 mulieres
1054 560 1187 598 cum
1217 558 1452 614 corpore
1495 547 1553 598 et
1582 543 1774 598 anima
1793 555 1854 628 Α
1873 559 2046 614 quam
2067 548 2132 598 ut
2156 545 2255 614 qui
2284 543 2411 598 fidei
2443 549 2653 598 nostrae
2691 560 2723 596 a
2767 541 2995 598 domino
3036 543 3146 598 Deo
3198 546 3505 600 concrediti

167 638 278 708 ipso
303 638 556 708 ingressu
587 637 656 698 ad
681 635 1088 690 monasterium
1132 635 1390 695 dedicare
1435 640 1492 690 Se
1535 652 1774 706 suasque
1874 642 2023 706 sunt,
2047 638 2282 691 honeste
2311 638 2519 706 vivant,
2565 642 2622 690 et
2667 637 2788 706 ejus
2830 637 3278 692 benevolentiam
3320 639 3508 693 deme-

166 730 504 798 substantias,
535 733 592 784 et
617 729 895 799 siquidem
922 729 1299 794 discesserint,
1327 744 1556 783 manere
1598 729 1774 783 etiam
1873 733 2125 796 reantur,
2150 731 2466 801 praesertim
2490 747 2619 782 cum
2645 729 2744 782 Dei
2771 746 2903 800 erga
2932 730 3190 784 homines
3214 747 3374 786 amor
3392 750 3505 786 non

165 824 236 877 sic
259 839 443 877 eorum
475 821 816 876 substantias
842 821 901 875 in
927 821 1352 890 monasterium,
1385 838 1452 876 eo
1479 823 1630 892 quod
1673 823 1774 876 do-

164 916 298 970 mini
323 917 525 970 harum
556 915 794 970 ulterius
820 931 938 969 non
962 915 1211 969 existunt
1237 931 1249 968 :
1277 913 1410 968 hinc
1439 918 1628 968 autem
1654 931 1774 968 me-

161 1015 328 1079 tuere,
373 1025 445 1064 ne
493 1008 636 1064 forte
673 1008 949 1080 (quamvis
987 1012 1179 1062 nostra
1223 1007 1546 1062 constitutio
1594 1008 1776 1060 multo

163 1101 420 1172 posterior
449 1101 524 1155 sit
565 1117 737 1172 quam
779 1117 910 1155 cum
935 1101 996 1155 in
1023 1099 1356 1172 praedictam
1400 1099 1779 1166 venerabilem

161 1194 380 1248 domum
410 1194 666 1264 ingressa
691 1198 776 1248 est
804 1193 1000 1264 (aliqui
1042 1193 1379 1264 prohibeant
1403 1207 1527 1246 eam
1555 1191 1776 1262 prospi-

163 1303 280 1341 cere
305 1303 402 1341 suo
427 1287 562 1354 ﬁlio,
581 1289 639 1340 et
667 1291 926 1358 oportere
947 1291 1178 1357 propter
1205 1285 1542 1356 praedictum
1561 1288 1778 1340 metum

162 1380 276 1434 haec
298 1379 674 1450 interpretari,
699 1383 756 1433 et
773 1379 898 1450 lege
927 1383 1120 1434 nostra
1150 1378 1274 1434 fieri
1305 1377 1624 1442 manifesta,
1644 1377 1779 1448 quia

159 1473 294 1527 nihil
321 1474 452 1527 laesa
478 1472 571 1540 sit,
598 1477 698 1526 aut
742 1472 865 1542 ipsa
897 1481 996 1526 aut
1029 1472 1178 1525 tilius
1211 1473 1332 1542 ejus
1372 1471 1523 1525 circa
1561 1470 1685 1540 ejus
1713 1486 1779 1524 ex

159 1569 460 1620 memorata
519 1565 915 1620 constitutione
977 1565 1407 1620 successionem.
1474 1565 1779 1634 Pr0pterea

159 1658 449 1727 sancimus,
477 1658 524 1712 si
554 1659 681 1729 quis
721 1658 1127 1712 monasterium
1173 1656 1509 1710 habitaverit
1552 1655 1638 1708 vir
1681 1659 1782 1710 aut

155 1752 350 1806 mulier
376 1755 508 1805 ante
536 1751 874 1822 prmdictam
903 1754 1156 1804 nostram
1183 1747 1661 1813 constitutionem,
1681 1752 1781 1801 aut

156 1845 416 1898 hactenus
442 1843 679 1911 habitat,
712 1846 770 1898 et
792 1843 1038 1896 maxime
1061 1841 1193 1896 tiliis
1217 1840 1583 1896 existentibus
1605 1882 1619 1907 ,
1645 1841 1776 1894 nul-

1873 823 2187 890 interitum,
2217 823 2316 877 sed
2345 822 2765 894 conversionem
2790 839 2854 876 ac
2881 824 3116 878 salutem
3142 825 3296 892 velit;
3327 831 3384 878 et
3411 843 3508 880 eos

1876 915 1974 986 qui
1998 916 2203 969 alicubi
2235 916 2610 984 offenderunt,
2645 917 2788 970 Deus
2812 917 2979 970 simul
3008 924 3178 988 atque
3209 919 3507 989 eriguntur

1877 1007 2018 1062 etin
2045 1009 2193 1062 viam
2221 1009 2478 1078 redeunt,
2513 1009 2798 1079 suscipiat.
2835 1011 2955 1073 Qua
2987 1011 3156 1063 etiam
3183 1010 3250 1065 de
3289 1027 3348 1066 re
3381 1027 3505 1066 om-

1877 1117 1977 1155 nes
2005 1101 2388 1170 cohortamur,
2408 1107 2470 1156 ut
2487 1101 2585 1156 Dei
2600 1101 2867 1156 timorem
2887 1103 2947 1156 in
2965 1103 3154 1157 animo
3167 1104 3506 1175 concipiant,

1878 1198 1936 1248 et
1959 1194 2080 1264 ejus
2104 1193 2406 1264 implorent
2430 1194 2858 1264 benignitatem.
2900 1197 2966 1250 Et
2991 1196 3202 1250 scimus
3226 1197 3382 1268 quod
3409 1199 3507 1269 qui

1878 1287 2057 1340 Deum
2083 1286 2344 1356 diligunt,
2375 1286 2584 1358 quique
2611 1288 2732 1356 ejus
2769 1289 3163 1357 praestolamur
3185 1289 3507 1348 misericor-

1879 1379 2058 1448 diam,
2090 1379 2194 1432 hoc
2223 1383 2416 1450 agant.
2448 1379 2587 1442 Quia
2621 1395 2752 1434 vero
2787 1379 3059 1434 diabolica
3097 1382 3329 1452 quidam
3357 1383 3514 1438 insti-

1881 1473 2103 1541 gatione
2132 1473 2368 1540 detenti,
2399 1472 2753 1542 gravioribus
2779 1473 2990 1543 seipsos
3019 1474 3256 1528 luxuriis
3283 1476 3514 1530 commi-

1879 1568 2092 1633 serunt,
2127 1569 2183 1619 et
2210 1564 2318 1635 ipsi
2345 1570 2563 1619 naturae
2586 1565 2867 1620 contraria
2885 1567 3118 1634 faciunt,
3141 1568 3513 1624 adhortamur

1879 1662 1936 1711 et
1955 1658 2139 1724 hosce,
2162 1662 2224 1712 ut
2245 1657 2342 1710 Dei
2371 1657 2630 1711 timorem
2650 1662 2706 1711 et
2722 1657 2978 1712 futurum
2992 1659 3274 1730 judicium
3300 1661 3358 1715 in
3383 1663 3509 1716 ani-

1877 1766 1973 1804 mo
1999 1750 2335 1822 concipiant,
2365 1756 2421 1804 et
2449 1750 2765 1804 istiusmodi
2797 1751 3088 1806 diabolicis
3121 1757 3178 1806 et
3195 1754 3399 1808 illicitis
3416 1755 3506 1808 lu-

1881 1843 2057 1897 xuriis
2085 1842 2424 1910 abstineant,
2454 1858 2524 1897 ne
2547 1859 2650 1914 per
2674 1849 2790 1896 tam
2818 1843 2992 1915 impia
3027 1845 3277 1900 facinora
3300 1864 3332 1900 a
3354 1847 3510 1916 justa

153 1937 262 1993 lam
302 1937 510 1992 habere
549 1935 944 1990 necessitatem
974 1951 1126 1989 nunc
1173 1951 1371 1989 eorum
1407 1919 1856 1990 substantiamB
1881 1936 1976 1990 Dei
2004 1935 2090 1989 ira
2115 1935 2204 1988 vel
2243 1935 2411 1989 urbes
2452 1951 2583 1989 cum
2621 1936 2736 1989 suis
2773 1935 2970 1990 incolis
2997 1953 3224 2007 pessum
3249 1939 3332 1992 ire
3358 1939 3510 1994 inve-

153 2031 211 2085 in
234 2029 658 2096 monasterium,
689 2029 786 2084 sed
810 2027 925 2082 filio
953 2033 1054 2082 aut
1082 2028 1212 2081 tiliae
1240 2026 1652 2094 transmittere,
1684 2030 1782 2080 aut
1881 2028 2128 2082 niantur.
2179 2030 2282 2081 Per
2334 2034 2554 2081 sanctas
2609 2029 2763 2082 enim
2808 2029 3126 2099 Scripturas
3181 2032 3506 2102 edocemur,

153 2129 322 2178 totam
355 2128 454 2177 aut
487 2123 662 2177 etiam
693 2108 916 2192 partem
956 2137 1072 2175 suae
1103 2120 1459 2186 substantias,
1489 2123 1587 2174 aut
1610 2120 1781 2173 etiam
1879 2121 2032 2191 quod
2064 2121 2136 2175 ob
2183 2125 2299 2174 tam
2342 2120 2516 2190 impia
2558 2121 2805 2174 facinora
2845 2121 3016 2175 etiam
3046 2124 3210 2178 urbes
3235 2141 3349 2178 una
3379 2141 3510 2180 cum

151 2233 260 2288 quo
289 2215 528 2270 voluerit
554 2215 726 2269 modo
767 2231 856 2269 res
895 2231 1022 2268 suas
1057 2214 1355 2284 disponere
1385 2229 1399 2266 :
1432 2217 1628 2283 utpote
1659 2212 1778 2282 pri-
1880 2213 2202 2268 hominibus
2230 2213 2520 2283 perierint.
2572 2215 2806 2284 Insuper
2851 2215 2985 2286 quia
3023 2217 3172 2270 ultra
3215 2218 3512 2287 praedictos

150 2326 302 2364 mam
324 2309 480 2362 illam
497 2309 685 2379 legem
705 2308 816 2361 alia
839 2312 1035 2361 nostra
1054 2306 1161 2360 hac
1183 2306 1583 2360 constitutione
1610 2303 1782 2358 inter—
1879 2306 2110 2377 quidam
2138 2305 2497 2360 exsecrabilia
2516 2307 2688 2362 etiam
2701 2307 2872 2360 verba
2891 2313 2947 2362 et
2964 2309 3282 2377 juramenta
3306 2312 3375 2364 de
3400 2313 3510 2365 “eo

149 2406 402 2472 pretante
419 2401 531 2468 (eos
551 2400 703 2455 enim
715 2400 812 2471 qui
833 2399 1005 2454 semel
1021 2405 1151 2454 ante
1172 2402 1545 2452 memoratam
1564 2397 1780 2452 dudum
1879 2400 2192 2469 proferunt,
2225 2401 2404 2453 Deum
2437 2405 2802 2468 provocantes
2833 2400 2906 2454 ad
2934 2400 3305 2471 iracundiam,
3335 2404 3512 2457 consi-

147 2500 395 2549 nostram
417 2492 1325 2564 legemmonasteriaintraverint,
1347 2491 1579 2545 innullo
1600 2490 1782 2560 posita
1878 2492 2115 2546 militelk
2139 2496 2196 2546 et
2244 2491 2350 2544 hos
2391 2492 2782 2560 admonemus,
2821 2498 2886 2547 ut
2925 2496 3040 2546 tam
3077 2495 3511 2565 exsecrabilibus

145 2591 335 2659 postea
358 2587 450 2641 lex
476 2585 894 2654 contristatura,
925 2589 1025 2639 aut
1052 2585 1308 2638 ablatura
1335 2589 1420 2638 est
1449 2583 1537 2636 his
1558 2599 1621 2636 ea
1650 2597 1778 2653 qum
1877 2585 2082 2653 verbis,
2101 2589 2157 2639 et
2180 2584 2319 2638 item
2339 2601 2442 2655 per
2457 2583 2742 2654 capillum,
2768 2588 2823 2638 et
2841 2589 3010 2656 caput
3033 2586 3504 2657 adjurationibus,

144 2681 300 2751 prius
329 2680 429 2746 eis,
463 2685 526 2734 ut
566 2679 716 2746 licet,
752 2679 882 2732 data
925 2681 1096 2745 sunt),
1139 2693 1324 2748 neque
1370 2677 1528 2748 prius
1569 2679 1779 2730 nostrae
1879 2683 1935 2732 et
1973 2677 2029 2732 id
2069 2694 2250 2748 genus
2275 2677 2397 2731 aliis
2433 2677 2616 2732 verbis
2655 2677 2992 2732 abstineant.
3022 2679 3160 2733 Nam
3188 2679 3230 2732 si
3257 2681 3507 2736 convicia

145 2773 286 2844 legis
311 2772 785 2843 impedimentum
803 2771 1027 2841 penitus
1052 2771 1309 2838 faciente,
1329 2785 1396 2824 eo
1415 2769 1567 2840 quod
1592 2783 1779 2839 neque
1879 2771 2206 2826 hominibus
2232 2771 2451 2842 ingesta
2495 2771 2694 2824 saltem
2725 2770 2902 2825 inulta
2928 2787 3041 2825 non
3081 2773 3506 2844 relinquuntur,

143 2865 407 2937 possibile
425 2865 499 2919 sit
521 2864 632 2918 hoc
657 2864 803 2932 ﬁeri,
827 2869 892 2917 ut
911 2863 1256 2934 Oportuisset
1279 2863 1436 2933 prius
1457 2862 1775 2932 disponere,
1877 2865 2058 2918 multo
2087 2863 2266 2934 magis
2292 2864 2390 2934 qui
2427 2863 2679 2917 divinum
2723 2880 2937 2918 numen
2979 2866 3240 2920 conviciis
3279 2867 3510 2922 incessit

143 2964 199 3014 et
221 2959 304 3012 ita
326 2957 553 3028 ingredi
589 2957 1014 3011 monasterium.
1045 2956 1104 3011 Si
1143 2971 1276 3010 vero
1307 2957 1464 3010 nulla
1500 2960 1635 3010 tunc
1679 2953 1779 3008 tali
1878 2959 2084 3028 dignus
2112 2963 2196 3011 est
2213 2957 2311 3027 qui
2341 2956 2682 3028 supplicium
2703 2957 2994 3012 sustineat.
3017 2960 3318 3029 Propterea
3337 2960 3512 3030 igitur

139 3053 266 3123 lege
300 3051 486 3122 posita
512 3050 572 3104 in
597 3049 1007 3104 monasterium
1049 3049 1304 3120 ingressa
1344 3054 1464 3116 est,
1497 3047 1778 3118 quomodo
1877 3067 2072 3104 omnes
2114 3050 2442 3120 hujusmodi
2485 3050 2868 3116 cohortamur,
2903 3055 2968 3105 ut
3006 3052 3262 3122 przet‘atis
3297 3052 3512 3108 delictis

141 3145 265 3198 ﬁeri
291 3143 806 3215 potueritconverti
829 3142 1088 3196 ordinem
1111 3141 1275 3212 legis,
1295 3140 1588 3210 etexigere
1605 3139 1778 3210 utqui
1878 3143 2212 3211 abstineant,
2243 3148 2298 3196 et
2323 3143 2423 3196 Dei
2449 3143 2714 3198 timorem
2760 3144 2819 3196 in
2867 3143 3120 3198 animum
3168 3151 3422 3215 sumant,
3455 3148 3513 3200 et

136 3238 300 3308 prius
327 3237 570 3308 ingressi
598 3241 730 3290 sunt
771 3235 1176 3290 monasterium
1196 3276 1209 3301 ,
1261 3234 1358 3286 illa
1393 3233 1601 3286 faciant
1647 3248 1778 3303 quae
1801 3286 1850 3310 η
1877 3251 1968 3290 eos
1993 3236 2092 3307 qui
2116 3237 2350 3290 honeste
2369 3237 2543 3290 vitam
2570 3236 2910 3306 transigunt,
2943 3237 3258 3292 imitentur.
3280 3241 3512 3310 Propter

135 3331 297 3402 prius
322 3330 604 3401 ignorata,
633 3336 828 3400 postea
851 3345 956 3400 per
982 3343 1198 3382 sacram
1220 3331 1477 3381 nostram
1507 3325 1774 3379 constitu-
1798 3325 1852 3360 υ
1879 3328 2211 3399 hujusmodi
2235 3329 2388 3382 enim
2419 3328 2623 3382 delicta
2645 3334 2700 3382 et
2731 3328 2939 3397 fames,
2972 3333 3029 3383 et
3053 3336 3422 3399 terraemotus,
3454 3335 3513 3386 et

132 3425 355 3478 tionem
383 3428 516 3477 sunt
555 3423 842 3476 innovata.
879 3420 989 3477 Sed
1021 3435 1486 3491 unumquemque
1511 3419 1781 3488 competit
1878 3422 2213 3493 pestilentiae
2241 3421 2597 3474 oboriuntur.
2629 3425 2808 3491 Atque
2845 3421 2951 3474 hoc
2981 3437 3160 3492 genus
3203 3423 3508 3480 hominum

133 3517 457 3571 secundum
500 3531 604 3570 sua
643 3520 904 3586 tempora
939 3519 1263 3584 exspectare
1301 3529 1400 3582 ea;
1445 3516 1504 3566 et
1549 3511 1778 3582 quidem
1879 3517 2273 3586 propterea,ut
2289 3515 2616 3568 memoratis
2635 3513 3504 3586 illicitisactionibusabstineant,

131 3625 264 3682 quae
285 3611 417 3680 post
435 3609 622 3678 legem
642 3612 793 3676 sunt,
808 3609 886 3662 ita
903 3623 1158 3678 quaerere
1188 3606 1330 3674 ﬁeri,
1357 3605 1502 3660 sicut
1527 3604 1619 3658 lex
1639 3604 1776 3658 vult.
1878 3609 2269 3674 admonemus,
2315 3623 2388 3661 ne
2431 3623 2558 3660 suas
2595 3606 2847 3676 ipsorum
2881 3607 3096 3661 animas
3121 3608 3420 3678 conjiciant
3444 3611 3505 3664 in

132 3703 189 3758 Si
220 3702 366 3774 quid
391 3706 583 3756 autem
607 3704 738 3756 ante
759 3701 948 3771 legem
977 3700 1340 3754 subsecutum
1366 3702 1480 3764 est,
1508 3697 1617 3751 hoc
1661 3712 1780 3751 non
1878 3701 2190 3756 interitum.
2223 3701 2361 3754 Nam
2385 3699 2432 3752 si
2463 3701 2589 3770 post
2617 3700 2763 3754 hanc
2789 3705 3042 3754 nostram
3065 3701 3508 3757 admonitionem

130 3810 522 3862 commovere,
551 3810 736 3866 neque
764 3793 1138 3864 perscrutari,
1179 3792 1276 3847 sed
1301 3792 1361 3846 in
1387 3789 1568 3862 priori
1597 3790 1780 3860 figura
1877 3794 2078 3848 iisdem
2141 3793 2418 3846 inhaerere
2478 3792 2693 3847 delictis
2740 3792 2916 3863 aliqui
2991 3793 3504 3864 deprehendantur,

129 3890 486 3961 relinquere.
519 3889 647 3942 Haec
676 3887 858 3959 igitur
900 3887 992 3941 lex
1024 3902 1128 3957 pro
1159 3883 1624 3955 interpretatione
1652 3881 1780 3936 utili
1878 3887 2156 3959 principio
2191 3885 2419 3956 quidem
2458 3885 2722 3956 indignos
2766 3902 2823 3940 se
2863 3886 3197 3958 praebebunt
3243 3887 3337 3942 Dei
3373 3904 3509 3959 erga

127 3985 322 4056 posita
348 3983 424 4037 sit
449 3981 651 4053 prioris
678 3987 887 4036 nostrae
923 3979 1074 4035 illius
1123 3977 1565 4044 constitutionis,
1593 3979 1661 4030 ut
1683 3975 1780 4030 illa
1879 3979 2138 4035 homines
2164 3995 2376 4048 amore,
2417 3978 2620 4034 deinde
2645 3978 2926 4050 legitimas
2955 3979 3124 4035 etiam
3153 3980 3512 4036 sustinebunt

124 4079 188 4133 in
219 4075 638 4148 posterioribus
667 4073 1039 4146 temporibus,
1063 4089 1128 4128 ex
1151 4088 1265 4143 quo
1289 4071 1434 4126 facta
1459 4075 1562 4136 est,
1589 4070 1778 4124 locum
1877 4091 2092 4146 poenas.
2133 4073 2398 4128 Dedimus
2434 4073 2649 4127 etenim
2692 4073 3094 4144 gloriosissimo
3133 4073 3307 4145 regiae
3353 4074 3510 4129 urbis

88 4203 90 4206 ν
124 4171 384 4236 habeat;
411 4173 468 4224 et
499 4168 588 4224 his
612 4169 711 4240 qui
733 4173 929 4240 postea
954 4169 1374 4232 convertentur,
1399 4163 1532 4217 viris
1557 4179 1622 4217 ac
1645 4178 1776 4217 mu-
1879 4167 2144 4239 prafecto
2171 4166 2490 4238 negotium,
2510 4170 2573 4220 ut
2595 4183 2688 4220 eos
2707 4167 2807 4236 qui
2825 4171 2952 4238 post
2973 4167 3118 4221 hanc
3139 4173 3389 4222 nostram
3409 4169 3507 4223 ads

122 4265 378 4320 lieribus
405 4263 586 4334 posita
615 4262 720 4332 sit,
759 4261 976 4334 sibique
1001 4262 1335 4332 potestatem
1361 4257 1422 4312 in
1451 4257 1565 4311 illis
1593 4261 1777 4312 custo-
1878 4259 2249 4315 monitionem
2294 4258 2577 4331 praedictis
2622 4259 2829 4314 illicitis
2865 4265 2922 4314 et
2973 4260 3164 4330 impiis
3200 4261 3512 4316 actionibus

120 4359 267 4424 diat,
302 4357 466 4412 nullo
493 4356 702 4410 horum
729 4371 857 4428 quae
888 4359 1054 4410 antea
1086 4351 1300 4408 fuerint
1323 4349 1729 4424 perscrutanda
1760 4365 1774 4404 :
1878 4353 2158 4408 inhaerere
2182 4369 2299 4407 non
2324 4352 2722 4422 dubitaverint,
2745 4356 2802 4406 et
2819 4354 3285 4424 comprehendat,
3308 4361 3364 4408 et
3386 4355 3512 4408 ulti-

119 4467 264 4506 cum
293 4449 529 4504 licentia
548 4449 621 4502 sit
647 4448 932 4520 prioribus
951 4447 1084 4502 viris
1102 4462 1167 4500 ac
1192 4444 1525 4500 mulieribus
1548 4443 1649 4516 qui
1675 4444 1776 4498 ha-
1879 4463 1973 4502 mo
2002 4447 2294 4502 submittat
2319 4445 2592 4516 supplicio
2615 4461 2628 4499 :
2651 4461 2722 4500 ne
2751 4446 2974 4516 quando
3000 4461 3070 4500 ex
3095 4446 3292 4501 talium
3315 4461 3511 4517 pecca-

109 4544 170 4598 bi
183 4549 481 4612 taverunt,
501 4545 602 4596 aut
637 4541 810 4596 etiam
830 4541 1101 4596 hactenus
1121 4539 1384 4594 habitant
1409 4537 1470 4592 in
1495 4541 1775 4592 monaste-
1877 4545 2066 4596 torum
2082 4542 2431 4610 contemptu,
2453 4555 2557 4610 per
2571 4544 2687 4593 tam
2702 4539 2878 4610 impia
2895 4539 3170 4609 facinora,
3184 4539 3508 4594 inveniatur

113 4639 246 4705 riis,
272 4642 336 4692 et
355 4635 608 4690 maxime
629 4635 758 4690 ﬁliis
778 4633 1167 4702 existentibus,
1183 4649 1312 4687 suas
1328 4648 1418 4688 res
1451 4647 1566 4704 quo
1586 4630 1781 4686 volunt
1798 4657 1858 4729 Β
1879 4639 1995 4690 tam
2014 4634 2136 4705 ipsa
2161 4633 2281 4688 haec
2297 4632 2508 4700 civitas,
2531 4647 2701 4704 quam
2721 4638 2838 4686 tota
2859 4632 3094 4686 civilitas
3115 4638 3170 4686 et
3195 4632 3508 4704 respublica

113 4733 448 4803 disponere
478 4729 664 4784 modo.
696 4729 814 4784 Tua
845 4729 1021 4800 igitur
1045 4727 1354 4782 eminentia
1383 4742 1512 4798 quae.
1550 4725 1776 4797 placue-
1798 4725 1843 4729 —
1879 4727 2154 4783 sustinere
2184 4725 2472 4796 injuriam.
2521 4725 2576 4780 Si
2615 4725 2847 4795 quidem
2891 4729 2948 4779 et
2990 4726 3036 4778 si
3065 4731 3190 4796 post
3214 4726 3358 4779 hanc
3399 4742 3502 4780 no-

109 4832 268 4881 runt
297 4824 488 4895 nobis,
523 4829 580 4878 et
597 4840 700 4894 per
724 4824 870 4878 hanc
889 4839 1104 4877 sacram
1122 4821 1398 4877 declarata
1419 4823 1552 4875 sunt
1570 4821 1775 4890 legem,
1878 4828 2048 4877 stram
2069 4819 2514 4876 cohortationem
2534 4819 2707 4890 aliqui
2725 4819 2866 4874 tales
2899 4819 3268 4889 invenientes,
3297 4835 3394 4874 eos
3419 4836 3510 4874 oc-

88 4919 474 4974 .solemniter
519 4934 624 4989 per
674 4920 1096 4989 programmata
1143 4931 1244 4970 sua
1283 4915 1548 4970 omnibus
1592 4913 1779 4968 facere
1878 4913 2230 4982 cultaverint,
2275 4911 2645 4968 consimiliter
2678 4915 2736 4966 et
2773 4911 2881 4983 ipsi
2906 4929 2940 4966 a
2966 4895 3202 4967 Domino
3227 4913 3342 4967 Deo
3367 4928 3502 4968 con‘

88 5014 448 5069 'manit‘esta
481 5011 726 5068 festinet.
770 5011 894 5066 Dat.
926 5011 1002 5066 ld.
1037 5011 1258 5079 Octob.,
1286 5010 1427 5082 imp.
1458 5010 1514 5065 d.
1545 5025 1604 5064 n.
1634 5010 1774 5064 Just.
1879 5009 2316 5066 damnabantur.
2345 5006 2453 5062 Sed
2483 5011 2539 5062 et
2563 5006 2682 5078 ipse
2703 5006 3139 5078 gloriosissimus
3181 5007 3501 5078 praefectus,

99 5115 224 5167 PP.
260 5114 426 5181 Aug.
455 5124 590 5163 ann.
621 5111 707 5177 Ii,
734 5107 948 5162 Joanne
975 5123 1026 5160 v.
1057 5122 1106 5162 c.
1135 5121 1312 5176 cons.,
1341 5105 1460 5160 ind.
1490 5108 1542 5160 2.
1879 5104 1926 5158 si
1946 5119 2090 5175 quos
2117 5102 2226 5157 tale
2249 5100 2464 5171 aliquid
2485 5099 2813 5170 delinquere
2833 5099 3287 5170 deprehenderit,
3323 5116 3508 5172 neque

662 5233 974 5290 NOVELLA
1012 5232 1244 5286 LXXV“.
1879 5199 1988 5256 illis
2029 5195 2340 5253 secundum
2386 5194 2544 5290 leges
2584 5199 2810 5290 nostras
2845 5193 3149 5290 vindictam
3193 5192 3502 5263 induxerit,

88 5297 182 5398 f'l’t
217 5329 330 5398 qui
362 5332 558 5383 contra
585 5285 1247 5388 naturamiluaiuriantur,
1276 5330 1326 5380 et
1347 5340 1450 5394 per
1477 5325 1643 5380 Deum
1671 5322 1775 5378 ad-
1877 5291 2158 5396 Ρνίηθίρξο
2189 5291 2420 5398 Ἷυίάθξῐξ
2450 5287 2787 5398 98i,l:“di‘fi,°
2817 5285 3097 5389 omni"?
3130 5287 3269 5398 ,εἴη’
3301 5287 3508 5344 deinde

88 5381 134 5430 ί*
165 5381 426 5467 ῤ’ἇναηε,
453 5381 1006 5471 imitamina-as
1049 5401 1110 5452 in
1149 5381 1313 5452 Deum
1340 5381 1614 5463 ingerunt,
1659 5396 1775 5462 afﬁ-
1877 5405 2010 5444 vero
2037 5387 2206 5442 etiam
2235 5401 2269 5440 a
2291 5383 2452 5439 nobis
2479 5381 2931 5453 indignationem
2961 5381 3222 5451 excipiet.

87 5487 99 5524 ι
183 5473 436 5524 οἱα-πται·
459 5471 748 5542 supplicio.
1620 5517 1628 5533 ι

2413 5485 2722 5542 NOVELLA
2765 5483 2971 5538 LXXIX.

87 5589 101 5620 ι
183 5583 536 5652 Imperator
568 5580 916 5636 Justinianus
943 5584 1228 5652 Augustus
1269 5579 1776 5650 Constantinopoli-
1913 5578 2083 5650 Apud
2109 5591 2238 5648 quos
2271 5575 2512 5644 oporteat
2547 5571 2761 5636 litigare
2788 5568 3075 5623 monachos
3112 5575 3162 5624 et
3195 5571 3470 5630 ascetrz'as.

88 5674 298 5729 uanis.
1951 5674 2263 5744 Imperator
2295 5665 2636 5722 Iustinianus
2673 5664 2959 5734 Augustus
2982 5663 3200 5718 Mennae
3227 5663 3507 5736 archiepi-

88 5805 91 5814 ι
179 5773 490 5831 Omnibus
519 5773 642 5844 jam
664 5771 988 5828 hominibus
1015 5767 1115 5843 qui
1139 5774 1289 5825 recte
1313 5769 1558 5841 sapiunt,
1589 5767 1776 5824 mani-
1879 5782 2048 5838 scopo
2074 5758 2688 5848 Constantinopolitano
2714 5798 2728 5825 ,
2761 5759 2817 5811 et
2842 5755 3092 5811 universi
3139 5756 3261 5826 ejus
3298 5760 3507 5813 tractus

87 5873 344 5928 5’estum
370 5885 496 5924 esse
515 5873 804 5940 putamus,
833 5862 893 5921 in
913 5866 1126 5920 nullam
1149 5881 1250 5919 nos
1268 5879 1386 5919 rem
1409 5877 1567 5934 atque
1588 5863 1776 5918 omnia
1879 5859 2232 5932 patriai-clue.

88 5967 407 6025 ironferre
434 5939 637 6030 studia,
661 5965 761 6015 aut
780 5960 1017 6031 perinde
1045 5952 1260 6030 aliquid
1288 5957 1346 6012 in
1375 5958 1520 6013 votis
1548 5957 1774 6020 habere,
1949 5953 2088 6008 Rem
2116 5952 2514 6021 cognoscentes
2554 5959 2668 6001 non
2705 5951 2918 6001 rectam
2961 5941 3080 5997 ﬁeri
3127 5939 3184 5996 in
3224 5941 3324 5995 hac
3353 5941 3507 6014 regia

513 6060 789 6124 PATROL.
840 6057 1072 6121 LXXII.
3112 6043 3188 6102 32
