4088 6496
616 398 751 452 1003

1755 392 2005 448 S/ECULI
2046 391 2236 447 SEXT]
2275 389 2825 448 SUPPLEMENTUM.
3348 443 3354 447 .

611 503 828 557 civitate
845 540 859 565 ,
892 495 1174 554 communi
1219 497 1344 568 lege
1373 495 1814 553 existimavimus
1850 501 1954 553 hoc
1979 499 2219 566 mederi,
2244 512 2303 584 Α
2323 499 2526 554 bilibus
2546 498 2904 555 monasteriis
2921 495 3306 552 habitantium
3321 493 3622 551 habuerit
3645 509 3924 548 causam.
3946 495 4014 547 De
4078 549 4079 572 η

3894 386 4014 440 1004
4077 386 4079 470 i

609 595 934 648 inchoantes
977 591 1208 660 quidem
1245 589 1315 644 ab
1358 590 1463 644 hac
1497 591 1818 645 felicissima
1863 591 2085 645 civitate
2105 633 2120 658 ,
2163 591 2223 646 in
2322 592 2536 647 clericis
2554 593 2765 647 etenim
2789 597 2846 646 et
2872 590 3070 646 ordine
3090 587 3506 644 conventionis
3529 603 3771 642 eorum
3793 587 3921 658 jam
3944 588 4010 640 le-

610 683 762 740 omni
788 700 917 738 vero
945 683 1065 737 loco
1103 699 1165 736 ea
1193 698 1322 753 quae
1363 681 1612 752 subjecta
1651 689 1784 738 sunt
1823 683 2219 738 distendentes.

607 777 844 842 Quidam
869 775 1024 830 enim
1059 775 1303 829 volentes
1341 791 1703 846 corrumpere
1738 775 2066 830 orthodoxae
2091 775 2224 830 ﬁdei

605 869 978 938 honestatem,
1019 867 1065 920 si
1105 867 1334 938 quidem
1368 867 1524 921 litem
1563 867 1865 922 habuerint
1897 869 2056 940 quasi
2091 884 2222 922 cum

607 961 896 1016 monachis
939 965 1036 1014 aut
1073 958 1338 1027 ascetriis,
1372 959 1557 1014 civiles
1583 959 1802 1030 judices
1840 960 2218 1031 interpellant.

606 1057 678 1108 At
719 1053 800 1107 illi
840 1052 1075 1106 mittunt
1117 1054 1470 1106 exsecutores
1515 1057 1924 1122 praesumentes
1960 1053 2220 1108 accedere

605 1146 753 1200 intra
787 1145 909 1199 loca
945 1149 1152 1211 sancta,
1193 1149 1249 1198 et
1285 1144 1588 1198 monachos
1625 1145 1869 1214 trahere,
1908 1147 2076 1216 atque
2105 1161 2220 1198 mo-

607 1242 862 1311 nastrias,
888 1243 975 1297 vel
999 1241 1259 1296 ascetrias
1284 1241 1599 1312 inquietare
1625 1242 1811 1297 forsan
1839 1259 1930 1298 eas
1953 1259 2077 1313 quae
2101 1259 2218 1297 non

604 1335 882 1390 videntur.
912 1335 979 1389 Et
1004 1335 1135 1389 hinc
1169 1334 1437 1404 injuriam
1456 1339 1512 1389 et
1535 1335 1921 1390 confusionem
1943 1351 2061 1389 non
2085 1352 2216 1406 par-

603 1444 733 1482 vam
757 1427 1137 1482 adorabilibus
1173 1427 1294 1482 tieri
1327 1427 1480 1481 locis.
1511 1429 1810 1498 Pr0pterea
1841 1427 2016 1497 igitur
2047 1429 2219 1482 sanci-

603 1535 765 1590 mus,
818 1519 866 1572 si
909 1520 1035 1590 quis
1079 1535 1473 1590 quamcunque
1518 1519 1778 1573 habuerit
1828 1535 2051 1574 causam
2089 1537 2220 1574 cum

603 1613 882 1684 aliquibus
906 1611 1312 1666 venerabilibus
1337 1611 1870 1681 sanctimonialibus,
1913 1617 2013 1666 aut
2049 1613 2220 1666 sacris

600 1705 944 1777 virginibus,
983 1709 1081 1758 aut
1126 1703 1454 1758 mulieribus
1492 1703 1725 1758 omnino
1770 1703 1830 1758 in
1865 1704 2220 1759 monasteriis

605 1797 1053 1864 consistentibus,
1087 1797 1198 1850 Deo
1222 1796 1520 1850 amabilem
1554 1796 1790 1850 civitatis
1826 1797 1973 1851 illius
2014 1796 2218 1868 episco-

2323 701 2420 756 ges
2443 685 2878 755 conscripsimus
2899 725 2914 751 ,
2957 699 3102 755 quas
3131 683 3319 737 valere
3347 685 3410 736 et
3439 681 3672 735 ﬁrmas
3698 696 3836 734 esse
3868 681 4015 734 omni

2319 778 2576 832 volumus
2617 777 2807 832 modo.
2843 775 3130 847 Scriptum
3160 775 3476 846 exemplar
3515 773 3663 828 viro
3697 773 4014 827 clarissimo

2318 869 2518 924 Joanni
2547 870 2810 940 praefecto
2839 885 3132 924 sacrorum
3161 867 3404 924 orientis
3433 865 3776 939 praetorio,
3811 866 4015 920 iterum

2319 963 2619 1017 exconsule
2647 962 2932 1017 ordinario
2961 966 3017 1017 et
3043 961 3302 1032 patricio.
3349 960 3685 1032 Scriptum
3718 960 4016 1030 exemplar

2320 1055 2541 1110 Basilidi
2571 1055 2970 1126 gloriosissimo
2995 1053 3274 1126 magistro
3292 1068 3630 1107 sacrorum
3659 1051 4015 1106 ofﬁciorum.

2317 1147 2599 1218 Scriptum
2627 1127 2918 1219 exemplar
2953 1146 3210 1218 Longino
3253 1144 3718 1216 gloriosissimo
3749 1145 4018 1216 praefecto

2315 1239 2464 1294 urbi.
2508 1240 2628 1293 Dat.
2661 1256 2717 1295 v1
2757 1239 2838 1294 ld.
2881 1240 3064 1308 Mart,
3105 1239 3331 1304 Const.,
3377 1237 3541 1309 imp.
3581 1237 3652 1292 d.
3713 1255 3783 1293 n.
3817 1239 4018 1293 Justin.

2315 1333 2417 1388 PP.
2448 1335 2592 1404 Aug.
2623 1349 2757 1388 ann.
2790 1335 2874 1402 15,
2901 1332 3109 1388 Arione
3136 1347 3192 1386 v.
3222 1347 3273 1386 c.
3304 1347 3476 1386 cons.

2844 1445 3157 1500 NOVELLA
3207 1446 3428 1502 LXXXI.

2354 1541 2693 1603 Constitutio,
2731 1555 2850 1610 quae
2870 1555 2973 1608 per
3001 1539 3305 1608 dignitates
3329 1543 3387 1592 et
3417 1539 3772 1608 episcopale
3795 1553 3994 1593 munus

2693 1611 2834 1678 ﬁlias
2862 1611 3055 1664 liberat
3077 1614 3353 1679 potestate
3378 1611 3619 1678 patria.

2385 1703 2696 1772 Imperator
2715 1701 3063 1756 Justinianus
3088 1703 3386 1773 Augustus
3416 1717 3605 1756 sacro
3642 1702 3849 1774 regias
3878 1702 4025 1756 urbis

2316 1793 2553 1848 senatui.

603 1906 744 1962 pum
771 1889 1106 1960 interpellet.
1139 1888 1234 1942 llle
1259 1904 1388 1943 vero
1414 1888 1619 1958 mittat,
1638 1893 1695 1942 et
1718 1904 1848 1942 cum
1874 1888 2029 1942 omni
2047 1889 2219 1943 hone-
2237 1877 2294 1948 Β
2387 1885 2446 1940 Si
2481 1885 2617 1957 quid
2643 1885 2716 1940 ad
2741 1885 3048 1940 utilitatem
3071 1890 3128 1942 et
3152 1885 3333 1941 decus
3363 1887 3622 1942 traditae
3655 1887 3844 1943 nobis
3866 1906 3898 1942 a
3922 1891 4028 1944 Deo

605 1986 748 2038 state
773 1997 900 2053 quas
945 1985 1077 2035 sunt
1118 1980 1186 2034 de
1217 1996 1583 2050 personarum
1615 1981 1910 2052 praesentia
1943 1981 2217 2052 disponat,

608 2075 722 2130 sive
751 2078 970 2144 oportet
1005 2089 1108 2144 per
1147 2073 1392 2141 abbates,
1423 2073 1537 2127 sive
1565 2089 1668 2144 per
1694 2075 2038 2144 responsales
2061 2115 2075 2143 ,
2107 2073 2220 2128 sive

605 2186 710 2242 per
733 2170 871 2224 alios
889 2169 1165 2240 quoslibet
1187 2169 1292 2223 hoc
1327 2169 1472 2224 ﬁeri.
1505 2171 1624 2239 Ipse
1656 2185 1786 2224 vero
1805 2185 1936 2224 cum
1954 2169 2110 2224 omni
2132 2185 2220 2224 ve-

606 2262 901 2318 neratione
928 2261 1256 2316 sacerdotali
1280 2277 1504 2316 causam
1526 2261 1805 2316 examinet
1823 2267 1880 2317 et
1899 2263 2134 2333 judicet,
2165 2267 2222 2317 et

607 2355 791 2409 civiles
827 2371 940 2408 non
977 2354 1089 2408 sint
1123 2353 1348 2424 penitus
1371 2355 1492 2424 ejus
1511 2354 1758 2424 judices,
1785 2371 1966 2425 neque
1991 2355 2221 2409 confun-

605 2447 738 2502 dant
755 2463 952 2502 eorum
977 2447 1349 2514 honestatem,
1375 2463 1506 2500 cum
1529 2447 1714 2502 idonei
1738 2447 1850 2501 sint
1877 2447 1988 2501 Deo
2013 2447 2221 2502 amabi-

599 2539 682 2594 les
725 2539 1075 2610 singularum
1115 2539 1403 2592 civitatum
1441 2539 1708 2610 episcopi,
1757 2543 1813 2592 et
1852 2555 1980 2610 qua:
2018 2540 2087 2594 de
2121 2540 2220 2594 lite

603 2635 756 2699 sunt,
779 2636 836 2686 et
859 2633 928 2686 de
944 2632 1162 2685 cautela
1176 2631 1522 2701 judiciorum
1539 2631 1855 2701 disponere,
1881 2636 1938 2685 et
1942 2633 2215 2702 judicare,

602 2725 836 2779 honeste
863 2729 1029 2794 atque
1055 2723 1488 2789 sacerdotaliter,
1523 2729 1578 2778 et
1597 2724 1905 2778 secundum
1931 2725 2084 2795 leges
2110 2741 2215 2778 no-

601 2822 744 2871 stras
763 2823 821 2870 et
835 2815 1230 2870 sacratissimas
1243 2817 1485 2886 regulas.
1500 2815 1589 2870 Sic
1601 2816 1753 2870 enim
1773 2820 1828 2870 et
1847 2816 1945 2888 qui
1970 2817 2218 2886 aliquam

599 2908 1080 2963 ratiocinationem
1111 2908 1318 2962 habere
1342 2911 1631 2977 putantur,
1659 2908 2028 2963 merebuntur
2045 2909 2214 2978 justi-

601 2997 760 3064 tiam,
793 3001 851 3049 et
885 2996 1146 3050 honestas
1189 3001 1534 3048 sacratorum
1573 2995 1854 3064 inviolata,
1882 2996 2216 3068 integraque

601 3087 938 3142 servabitur.
953 3087 1282 3142 Communis
1300 3087 1474 3156 igitur
1487 3087 1557 3142 sit
1573 3087 1685 3156 lex,
1703 3089 2016 3160 habeatque
2041 3096 2216 3144 custo-

601 3181 753 3235 diam
781 3197 814 3234 a
841 3179 1250 3250 gloriosissimis
1275 3180 1568 3249 praefectis,
1600 3181 1696 3251 qui
1723 3198 1823 3250 per
1847 3188 2074 3236 cunctas
2091 3183 2210 3236 exi-

600 3277 758 3328 stunt
769 3272 1029 3327 dioecese's
1045 3274 1120 3339 (et
1134 3271 1334 3342 lllyrici
1350 3271 1604 3340 dicimus,
1621 3277 1678 3326 et
1699 3274 1883 3342 Libyas
1909 3275 2210 3345 Italiaeque,

601 3371 657 3420 et
682 3365 919 3420 Orientis
938 3365 1120 3434 totius)
1141 3369 1198 3418 et
1226 3380 1260 3417 a
1281 3364 1690 3435 gloriosissimis
1709 3366 1987 3436 praefectis
2008 3367 2210 3421 utrius-

597 3473 710 3530 que
722 3458 934 3523 Romze,
949 3461 1004 3511 et
1013 3455 1564 3528 magniﬁcentissimo
1583 3461 1824 3528 praetore
1843 3451 2210 3529 populorum,

598 3555 654 3606 et
673 3549 958 3620 judicibus
989 3549 1264 3620 gentium,
1292 3565 1600 3620 eorumque
1626 3549 1842 3620 ofﬁciis,
1868 3555 1925 3605 et
1951 3551 2110 3605 nulla
2133 3552 2212 3606 eis

595 3641 696 3697 ﬁat
721 3642 952 3697 omnino
982 3641 1292 3712 corruptio,
1308 3641 1405 3695 sed
1433 3641 1650 3712 integra
1669 3642 1738 3696 ad
1761 3643 2042 3698 honorem
2061 3659 2212 3698 reve-

593 3734 1057 3790 rendissimorum
1077 3733 1487 3787 monachorum
1500 3734 1866 3790 custodiatur.
1883 3736 2008 3789 Haec
2021 3743 2212 3790 autem

596 3827 768 3883 etiam
794 3831 894 3881 tua
916 3825 1206 3880 beatitudo
1231 3841 1570 3897 cognoscens
1585 3867 1599 3896 ,
1629 3831 1686 3880 et
1708 3827 1828 3898 ipsa
1852 3828 2128 3883 custodiat
2151 3829 2212 3884 in

596 3919 700 3974 hac
720 3917 1043 3974 felicissima
1063 3917 1284 3972 civitate
1298 3923 1354 3972 et
1371 3919 1492 3989 ejus
1507 3919 1780 3974 conﬁniis.
1805 3921 2001 3976 Utatur
2017 3924 2210 3976 autem

595 4012 666 4066 ad
691 4012 805 4066 Deo
833 4010 1106 4066 amabiles
1141 4009 1428 4066 civitatum
1454 4012 1931 4083 metropolitanos,
1969 4029 2213 4084 quorum

593 4104 714 4174 ipse
740 4102 1030 4173 suscepisti
1051 4102 1487 4172 ordinationem,
1508 4121 1829 4175 proponens
1849 4107 2090 4176 propriis
2115 4106 2208 4162 lit-

594 4195 732 4251 teris
753 4196 901 4250 hanc
925 4198 1172 4249 nostram
1195 4211 1407 4250 sacram
1439 4196 1645 4266 legem.
1671 4199 1872 4252 Verum
1901 4197 1992 4253 ille
2017 4199 2120 4254 sub
2153 4215 2210 4254 se

596 4288 908 4344 constitutis
936 4288 1208 4359 episcopis
1231 4288 1354 4342 hac
1381 4289 1664 4352 nuntient,
1685 4297 1750 4346 ut
1768 4307 1838 4345 ex
1856 4291 2050 4362 paucis
2068 4292 2212 4347 litte-

592 4381 672 4437 ris
701 4398 816 4436 una
839 4381 1182 4436 continuatio
1206 4381 1344 4452 legis
1371 4382 1440 4436 ad
1470 4398 1698 4438 omnem
1721 4384 2014 4454 perveniat
2037 4384 2206 4440 ditio-

593 4491 750 4530 nem.
784 4474 892 4530 Sed
917 4473 1090 4528 etiam
1113 4475 1421 4529 accelerare
1453 4475 1576 4530 lites
1611 4476 1887 4530 sancimus
1919 4478 2210 4532 monachis

2233 3227 2288 3301 C

2317 1981 2530 2049 spectat
2546 1978 2892 2050 reipublicae,
2913 1977 2975 2032 id
2993 1994 3224 2050 semper
3239 1995 3381 2033 cum
3401 1995 3670 2036 summa
3689 1983 3893 2037 animi
3929 1983 4031 2036 ala-

2319 2071 2513 2124 critate
2537 2071 2828 2125 studemus
2855 2070 2928 2125 ad
2955 2071 3226 2126 effectum
3257 2071 3596 2128 deducere.
3627 2075 3786 2129 Inde
3809 2075 3961 2130 adeo
3982 2080 4029 2128 et

2311 2163 2436 2233 jam
2461 2168 2624 2218 antea
2659 2163 2850 2234 legem
2899 2162 2969 2218 de
3011 2163 3452 2235 gloriosissimis
3481 2167 3735 2222 nostris
3777 2169 4034 2240 patriciis

2319 2255 2774 2327 conscripsimus,
2797 2272 2928 2327 quae
2953 2256 3180 2312 datione
3196 2257 3512 2329 dignitatis
3541 2261 3925 2316 ostenderet
3942 2279 4032 2316 eos

2317 2348 2498 2419 patria
2515 2347 2777 2402 liberatos
2805 2365 2922 2404 esse
2958 2353 3262 2420 potestate.
3305 2351 3692 2408 lndecorum
3712 2356 3888 2410 enim
3920 2372 4034 2410 ese

2315 2441 2659 2512 putavimus,
2687 2444 2750 2495 ut
2769 2441 2830 2495 hi
2850 2441 2953 2496 sub
2983 2443 3219 2497 alterius
3249 2442 3484 2514 degant
3517 2451 3870 2517 potestate,
3895 2465 4033 2520 quos

2316 2533 2379 2587 in
2401 2533 2522 2587 loco
2545 2550 2648 2588 nos
2666 2540 2968 2604 parentum
2988 2535 3274 2590 ducimus.
3297 2537 3453 2591 Nam
3478 2538 3535 2592 si
3558 2543 3750 2594 actus
3775 2542 4030 2597 emanci-

2315 2625 2574 2696 pationis,
2596 2627 2694 2698 qui
2719 2627 2852 2682 olim
2881 2627 2984 2682 sub
3011 2628 3155 2699 legis
3181 2628 3449 2685 actiones
3495 2631 3596 2695 (ut
3625 2639 3881 2705 vocant)
3905 2652 4032 2688 con-

2315 2717 2666 2786 stituebatur,
2685 2720 2772 2774 vel
2791 2736 2924 2774 cum
2949 2721 3320 2776 contumeliis
3347 2727 3410 2778 et
3425 2724 3658 2796 alapis,
3687 2727 3803 2799 huj
3813 2729 4036 2784 usmodi

2317 2827 2410 2864 eos
2435 2810 2669 2866 vinculis
2693 2812 2988 2880 liberabat,
3017 2815 3320 2884 quomodo
3357 2832 3491 2870 non
3538 2819 3707 2874 item
3750 2823 4034 2890 codicilli,

2315 2904 2412 2974 qui
2433 2904 2694 2959 omnibus
2717 2905 3048 2960 hominibus
3071 2907 3364 2978 dignitate
3392 2916 3739 2982 praestant,
3787 2915 3926 2970 dari
3955 2934 4036 2968 so-

2312 2995 2399 3050 liti
2443 3012 2478 3049 a
2517 2997 2814 3067 majestate
2864 2999 3258 3070 imperatoria,
3309 3019 3454 3074 quae
3499 3021 3794 3064 summae
3843 3027 4039 3064 rerum

2312 3087 2594 3158 praesidet,
2623 3089 2820 3159 patriae
2837 3091 3136 3161 potestatis
3157 3093 3295 3162 jure
3314 3093 3486 3164 ipsos
3508 3097 3806 3156 libarent
3822 3103 3854 3156 Ἰ
3886 3077 4040 3156 Nunc

2311 3195 2442 3234 vero
2465 3197 2596 3236 cum
2621 3182 3020 3238 humaniorem
3047 3185 3373 3256 quamdam
3401 3194 3470 3243 et
3499 3191 3658 3262 plus
3685 3195 4041 3267 amplitudi-

2311 3274 2398 3327 nis
2447 3273 2744 3329 allaturam
2790 3275 3120 3346 reipublicae
3163 3281 3548 3337 sententiam
3609 3288 3940 3358 agitemus
3991 3291 4044 3344 in

2309 3365 2517 3434 animo,
2546 3367 2718 3422 etiam
2761 3367 2831 3422 de
2860 3369 3286 3440 gloriosissimis
3315 3377 3704 3434 consulibus
3723 3423 3739 3451 ,
3781 3385 3897 3454 qui
3927 3391 4044 3454 post

2309 3458 2422 3528 maj
2431 3463 2662 3514 estatem
2684 3459 3117 3531 imperatoriam
3137 3479 3364 3520 nomen
3401 3485 3606 3526 suum
3639 3474 3894 3530 addunt
3913 3483 4047 3532 tem-

2309 3549 2455 3620 pori,
2471 3566 2656 3622 neque
2675 3568 2789 3606 non
2808 3552 2880 3607 de
2901 3553 2990 3608 his
3019 3555 3122 3626 qui
3145 3559 3584 3618 consularibus
3607 3569 4050 3625 tantummodo

2309 3643 2664 3698 honorantur
2701 3645 2990 3713 codicillis,
3036 3652 3217 3718 atque
3263 3653 3762 3724 magistratibus
3804 3679 3846 3717 a
3899 3681 4048 3719 nexu

2309 3734 2477 3790 curiae
2502 3735 2738 3792 liberare
2766 3739 3134 3810 queuntibus,
3163 3741 3279 3797 hoc
3323 3750 3423 3800 est
3453 3751 3862 3818 praefectura
3883 3759 4052 3828 juxta

2309 3837 2366 3886 et
2388 3832 2712 3904 magisterio
2741 3834 2987 3890 militum
3004 3836 3121 3908 (qui
3147 3841 3360 3896 tamen
3382 3843 3455 3898 in
3488 3845 3655 3919 ipsis
3676 3853 3940 3909 thronis
3969 3861 4049 3909 at-

2309 3941 2419 3995 que
2441 3930 2569 3980 actu
2586 3925 2800 3982 fuerint
2828 3928 3085 4001 cogniti),
3113 3930 3224 3986 hoc
3247 3931 3422 3991 idem
3453 3944 3822 4018 sancimus,
3837 3955 3916 4005 ut
3931 3967 4053 4004 om-

2307 4017 2396 4072 nis
2420 4017 2700 4088 ejusmodi
2719 4019 2968 4091 dignitas
2989 4021 3236 4095 talisque
3251 4030 3691 4100 magistratus
3709 4017 4050 4108 nonnullis,

2307 4125 2448 4182 quos
2472 4109 2581 4180 ipsi
2610 4127 2712 4166 nos
2737 4113 3191 4185 probaverimus,
3224 4121 3613 4198 acquisitus,
3648 4134 3766 4203 qui
3797 4141 3869 4190 et
3893 4155 3930 4191 a
3971 4154 4054 4190 cu-

2307 4202 2398 4301 ria
2415 4202 2567 4301 ipsos
2591 4203 2799 4260 liberos
2838 4206 3064 4277 reddit,
3099 4209 3148 4301 is
3187 4211 3392 4267 valeat
3423 4219 3641 4278 etiam
3663 4202 3820 4295 jure
3851 4232 4052 4301 patriae

2308 4297 2410 4350 aut
2443 4296 2606 4392 avitae
2632 4312 2728 4352 eos
2754 4301 3052 4370 potestatis
3077 4300 3357 4360 liberare.
3399 4308 3471 4364 Si
3503 4315 3695 4372 enim
3724 4296 3876 4392 lege
3907 4325 4054 4377 cavi-

2305 4405 2432 4444 mus
2461 4393 2522 4443 ut
2550 4389 2598 4444 si
2625 4405 2817 4446 servus
2857 4391 3064 4464 aliquis
3102 4395 3326 4453 sciente
3370 4400 3661 4464 domino
3701 4389 3941 4470 militia
3969 4425 4055 4470 au:

2304 4481 2492 4581 aliqua
2517 4481 2964 4581 forte‘dignitate
2996 4503 3032 4540 a
3055 4487 3368 4558 majestate
3399 4495 3736 4570 dignatus
3769 4508 3858 4563 sit
3885 4510 4060 4581 ὶωῖιςο

591 4567 850 4638 illibatis,
885 4571 946 4622 ut
986 4584 1101 4623 non
1137 4583 1300 4622 mens
1333 4583 1529 4623 eorum
1571 4575 1874 4640 occupetur
1911 4571 2059 4625 circa
2095 4571 2285 4660 litisD
2309 4575 2534 4642 ratoria,
2561 4576 2822 4646 protinus
2850 4577 3152 4650 liberetur,
3181 4587 3242 4637 et
3273 4585 3354 4640 ad
3390 4567 3624 4660 ipsam
3660 4600 3959 4671 rapiatur
3979 4567 4060 4658 tu]-

594 4660 1051 4727 sollicitudinem,
1081 4661 1176 4715 sed
1215 4660 1480 4716 velociter
1507 4661 1728 4716 liberati
1753 4663 1922 4717 sacris
1947 4664 2207 4735 operibus

591 4753 988 4808 obsecundent.
1019 4753 1205 4809 Sciant
1242 4753 1418 4824 igitur
1456 4754 1553 4824 qui
1597 4760 1806 4825 praeter
1845 4756 1967 4811 haec
1995 4759 2209 4829 aliquid

592 4845 830 4918 egerint,
860 4845 906 4899 si
933 4845 1164 4916 quidem
1184 4845 1362 4915 judex
1389 4845 1461 4899 sit
1485 4845 1583 4918 qui
1604 4846 1774 4901 talem
1803 4849 2052 4918 proferre
2075 4867 2204 4907 sen-

589 4939 824 4994 tentiam
862 4937 1304 5010 praesumpserit,
1337 4938 1488 5010 quod
1509 4939 1578 4992 ab
1599 4938 2084 4998 administratione
2110 4961 2203 5000 re-

587 5027 830 5103 pelletur
867 5035 1134 5102 tanquam
1159 5029 1438 5086 Divinitati
1465 5033 1860 5087 contumeliam
1887 5034 2116 5103 faciens,
2148 5041 2208 5094 et

589 5136 758 5190 poma
782 5120 975 5176 decem
999 5120 1271 5174 librarum
1294 5119 1416 5174 auri
1445 5136 1555 5173 una
1581 5135 1712 5174 cum
1739 5121 1919 5176 ofﬁcio
1944 5141 2042 5178 suo
2062 5127 2206 5180 mul-

591 5213 818 5279 tabitur,
843 5211 1216 5267 sacratissimo
1242 5216 1437 5266 nostro
1464 5213 1647 5268 danda
1667 5215 1883 5271 aerario.
1907 5217 2204 5274 Exsecuto-

589 5320 682 5359 res
709 5309 806 5358 aut
831 5310 1235 5375 praesumentes
1255 5305 1456 5360 offerre
1473 5306 1706 5361 omnino
1731 5307 2200 5380 admonitionem,

590 5397 660 5450 ab
689 5397 825 5467 ipsis
869 5397 983 5450 Deo
1020 5397 1347 5452 amabilibus
1380 5397 1657 5470 episcopis
1694 5399 2120 5472 prohibeantur,
2148 5407 2204 5459 et

590 5487 954 5544 retrudantur
971 5487 1029 5540 in
1048 5488 1180 5542 locis
1199 5505 1325 5560 quae
1346 5491 1609 5545 decanica
1636 5498 2068 5563 nuncupantur:
2089 5511 2202 5567 poe-

585 5597 688 5638 nas
707 5584 1092 5651 competentes
1121 5583 1358 5651 passuri,
1380 5583 1732 5639 exactionem
1760 5586 1978 5640 nullam
1996 5588 2063 5643 de
2089 5605 2198 5643 cae-

583 5681 707 5732 tero
725 5689 893 5746 agere
909 5670 1290 5744 permittendi.
1315 5675 1424 5729 Hac
1449 5677 1664 5731 valente
1683 5678 1827 5748 lege,
1854 5680 1898 5732 si
1919 5680 2043 5752 quis
2071 5697 2201 5736 cum

583 5770 776 5842 aliquo
811 5763 1408 5823 reverendissimorum
1441 5769 1874 5840 monachorum,
1903 5777 2002 5827 aut
2025 5773 2198 5845 virgi-

585 5877 745 5934 num,
773 5864 876 5916 aut
901 5857 1207 5914 mulierum
1231 5857 1464 5913 omnino
1483 5875 1788 5935 sacrarum,
1814 5866 1872 5918 et
1893 5864 1955 5921 in
1975 5883 2203 5924 venera-

2307 4669 2676 4769 genuitatem,
2692 4671 2980 4769 quomodo
2988 4675 3369 4769 nonjustum
3389 4682 3608 4744 fuerit
3633 4669 3794 4748 eum
3818 4715 4058 4769 quoque

2421 4763 2776 4863 tam-amplis
2807 4764 3079 4863 codicillis
3099 4767 3385 4863 dignatus
3419 4777 3532 4848 sit,
3573 4783 3660 4840 ab
3690 4763 3933 4846 alienae
3969 4763 4058 4863 is...

2303 4856 2517 4956 testatis
2539 4855 2673 4956 jure
2708 4855 2957 4956 liberum
2997 4859 3169 4916 ﬁeri?
3206 4864 3287 4918 Ea
3329 4878 3620 4942 propter
3677 4855 4058 4956 amplissima

2303 4949 2412 5004 hac
2439 4949 2566 5019 lege
2589 4949 2698 5018 usi,
2729 4951 3013 5007 sancimus
3046 4955 3112 5007 ut
3149 4957 3453 5016 ordinarii
3486 4949 3822 5036 consules:
3835 5021 3852 5042 ,
3889 4982 3940 5034 si
3970 4980 4060 5034 sui-

2305 5041 2532 5140 alterius
2553 5045 2835 5140 potestate
2863 5043 3100 5140 degant,
3131 5063 3252 5104 una
3285 5067 3436 5110 cum
3457 5057 3680 5133 dicto,
3703 5042 3896 5140 quod
3915 5073 4060 5128 hunc

2303 5133 2596 5234 dignitatis
2636 5136 2878 5234 gradum
2923 5137 3062 5209 ipsis
3107 5140 3388 5215 largitur,
3439 5152 3528 5206 ad
3565 5133 4063 5234 suae-potestati»

2301 5225 2598 5331 arbitrium
2619 5227 2966 5331 deferantur.
2997 5231 3242 5331 Insuper
3257 5243 3329 5331 ut
3351 5239 3452 5295 his
3473 5225 3776 5324 quoque.
3791 5262 3910 5331 qui
3934 5278 4060 5315 mn-

2301 5317 2582 5422 sularibus
2595 5319 2864 5425 codicillis
2880 5339 2914 5376 a
2932 5325 3236 5395 majestate
3258 5317 3716 5401 honestantiir
3741 5317 4064 5425 imperat.»

2300 5409 2419 5504 ria,
2439 5411 2722 5480 siquidem
2746 5414 2851 5468 sub
2879 5431 3060 5471 manu
3086 5423 3337 5489 patrum
3365 5435 3734 5496 constituti
3766 5409 3954 5504 sunt.
3984 5467 4010 5502 ε·

2301 5502 2518 5559 dicillus
2563 5506 3032 5578 emancipationis
3076 5511 3201 5566 loco
3245 5516 3347 5572 sit.
3401 5521 3615 5584 Porro
3658 5493 3734 5590 et
3766 5493 4060 5614 tsi-ut;qu;

2299 5595 2610 5668 cuicunque
2639 5598 2846 5652 harum
2870 5601 3489 5685 administrationum,
3534 5626 3810 5692 quibus
3851 5595 4064 5706 3110;”-

2299 5687 2500 5744 sissimi
2535 5690 2788 5760 praefecti
2826 5709 3129 5752 sacrorum
3169 5687 3578 5766 nostrorum-
3603 5687 4061 5789 pp&10:ig,:1—,ﬁ_

2297 5785 2568 5852 praesunt,
2608 5782 3033 5853 praefecerimus
3058 5831 3074 5858 ,
3117 5797 3222 5846 aut
3259 5795 3337 5850 ad
3380 5782 3820 5875 urbicaiiam

2298 5875 2516 5930 cturam
2525 5874 2820 5948 utriusque
2841 5877 3046 5936 Romae
3067 5885 3593 5973 produxerimus,
3613 5874 4062 5985 magna};
