4088 6442
189 435 309 491 10ὒεῖ

181 633 390 689 testatis
413 630 755 685 efficiantur.
775 632 918 685 Nam
938 630 1063 684 utis
1080 630 1176 700 qui
1196 633 1280 684 tot
1300 631 1631 684 hominibus
1651 646 1789 701 pra!-

182 728 348 782 iturus
376 727 462 778 est
488 722 758 793 imperio,
801 725 998 794 totque
1049 723 1381 777 hominibus
1425 723 1660 776 daturus
1706 727 1788 776 est

181 817 460 882 mandata,
495 816 598 870 sub
621 815 858 869 alterius
884 816 1206 870 etiamnum
1228 819 1511 886 potestate
1531 819 1786 881 maneat,

180 927 356 982 neque
374 909 527 963 inter
541 911 738 980 patres
763 908 1113 962 familiarum
1135 913 1452 975 censeatur,
1475 908 1698 978 legibus
1714 907 1785 960 si-

177 1004 290 1059 mul
323 1005 380 1056 et
406 1001 636 1055 sedibus
657 1000 866 1055 nostris
895 1000 1202 1072 indignum
1233 1001 1516 1054 duximus.
1559 1003 1703 1055 Sane
1731 1001 1788 1053 in

176 1111 378 1168 genere
413 1093 608 1166 (prout
636 1093 854 1148 dictum
887 1097 987 1164 est)
1019 1095 1306 1150 sancimus
1342 1096 1404 1146 ut
1431 1107 1788 1164 quascunque

178 1185 768 1260 dignitas,quicunque
785 1187 1277 1258 magistratus,qui
1289 1203 1323 1240 a
1339 1185 1788 1240 curialiberandi

174 1283 506 1353 potestatem
537 1279 733 1346 habet,
767 1278 814 1332 is
845 1281 905 1332 et
933 1295 1048 1334 sum
1094 1279 1394 1351 potestatis
1415 1278 1510 1348 jus
1547 1277 1604 1331 in
1639 1294 1783 1348 prae-

173 1373 346 1429 mium
361 1372 484 1444 ipso
509 1371 810 1427 honoratis
827 1371 1102 1444 praebeat.
1127 1375 1242 1428 Hoc
1264 1375 1414 1426 certe
1445 1374 1636 1441 patres
1652 1387 1790 1441 quo-

173 1483 275 1538 que
295 1465 740 1520 venerabiliores
753 1464 966 1533 reddit,
981 1481 1112 1520 cum
1135 1465 1337 1520 talium
1357 1468 1548 1534 patres
1565 1463 1679 1517 sint
1689 1463 1787 1534 qui

86 1567 88 1602 ε
173 1558 247 1613 ita
267 1559 336 1613 ab
364 1557 742 1630 imperatoria
768 1557 1072 1628 majestate
1100 1557 1430 1612 afﬁciuntur
1450 1555 1783 1616 honoribus.

171 1652 355 1722 Neque
381 1649 538 1706 enim
560 1653 862 1722 tantopere
883 1650 1091 1706 horum
1109 1651 1346 1706 nomine
1373 1649 1634 1720 precibus
1671 1665 1788 1703 ma-

86 1735 88 1768 ί
164 1743 420 1814 jestatem
449 1743 796 1814 fatigassent
839 1743 1296 1814 imperatoriam,
1335 1742 1444 1796 nisi
1471 1743 1788 1814 conjunctis

169 1836 360 1891 studiis
385 1853 502 1892 una
534 1853 666 1890 cum
693 1835 824 1890 ﬁliis
863 1835 923 1890 id
973 1835 1423 1891 contendissent.
1475 1834 1636 1890 Unde
1669 1835 1783 1890 sive

167 1929 270 1984 hoc
303 1933 570 2002 tempore
616 1929 821 2000 aliquis
852 1928 1242 1984 filiusfamilias
1286 1927 1440 1983 hisce
1473 1907 1863 1983 honoribusB

168 2027 258 2078 aut
273 2021 704 2094 magistratibus
728 2021 954 2088 fruitur,
975 2037 1118 2092 quos
1137 2024 1271 2075 ante
1294 2020 1782 2089 enumeravimus,

166 2114 273 2170 sive
302 2116 478 2170 etiam
507 2118 713 2186 postea
746 2114 1023 2169 fruiturus
1049 2118 1152 2181 est,
1183 2113 1554 2184 consequitor
1584 2131 1788 2168 omnes

85 2205 88 2238 λ
165 2208 325 2264 hosce
349 2209 657 2282 potestatis
683 2225 797 2262 sua:
806 2207 920 2278 jus,
949 2207 1104 2278 quod
1133 2207 1244 2262 illis
1270 2211 1329 2262 et
1353 2208 1642 2278 peculium
1670 2207 1783 2262 lar-

167 2301 363 2372 giatur,
379 2305 437 2357 et
453 2303 694 2374 plenam
714 2301 935 2356 arbitrii
955 2301 1283 2356 libertatem
1299 2301 1529 2367 tribuat,
1547 2291 1610 2354 iit
1624 2301 1788 2356 etho-

85 2391 88 2426 λ
165 2411 320 2464 nore,
343 2399 401 2449 et
421 2394 714 2466 imperiali
741 2393 812 2448 de
841 2393 978 2465 ipsis
999 2392 1219 2464 judicio
1253 2393 1432 2464 digna
1457 2393 1688 2448 faciant.
1705 2395 1788 2449 Ita

164 2487 310 2542 enim
336 2488 606 2559 patribus
629 2486 838 2558 majori
864 2503 934 2541 ea
959 2503 1050 2540 res
1075 2486 1230 2541 laudi
1261 2487 1388 2554 erit,
1423 2491 1481 2541 et
1508 2502 1783 2558 magnam

86 2579 89 2614 1
163 2580 238 2634 eis
266 2581 480 2636 Iustitia:
503 2597 712 2636 ansam
741 2579 1043 2651 prabebit.

227 2673 338 2729 Sed
365 2677 423 2728 et
445 2673 844 2746 illudinsuper
867 2674 996 2744 lege
1023 2672 1348 2742 statuimus,
1369 2689 1442 2728 ne
1467 2671 1786 2729 istiusmodi

85 2769 88 2802 λ
159 2782 271 2821 sua:
295 2767 604 2838 potestatis
617 2766 751 2838 jura
771 2765 1094 2821 consimilia
1119 2765 1460 2837 largiantur,
1483 2769 1657 2837 atque
1674 2767 1788 2821 alia

159 2875 280 2930 quas
309 2877 414 2932 per
428 2859 934 2932 emancipationes
947 2859 1326 2930 proveniunt;
1350 2859 1452 2913 sed
1482 2859 1788 2930 imperato-

85 2955 90 2992 ι
157 2951 239 3007 ria
264 2954 544 3024 majestas
573 2969 679 3024 per
705 2952 1038 3023 hujusmodi
1066 2969 1181 3007 suae
1201 2951 1510 3023 'potestatis
1526 2953 1662 3023 jura
1680 2952 1789 3008 exi-

154 3045 332 3100 mium
360 3046 666 3118 quoddam
691 3062 902 3101 munus
929 3045 1202 3116 praebeat.
1232 3046 1426 3116 Neque
1449 3044 1606 3100 enim
1637 3047 1789 3101 volu-

86 3149 88 3182 i
156 3153 278 3193 mus
305 3142 370 3194 ut
390 3140 496 3211 qui
519 3155 592 3194 eo
613 3139 790 3194 modo
815 3137 1233 3210 paterfamilias
1258 3138 1440 3193 factus
1460 3141 1564 3207 est,
1589 3142 1688 3194 aut
1703 3141 1786 3208 fit,

155 3231 369 3303 aliquid
394 3231 651 3303 legitimi
661 3231 810 3303 juris
827 3231 1074 3297 amittat,
1103 3231 1205 3286 sed
1219 3233 1337 3286 tam
1354 3231 1592 3286 familiae
1605 3231 1679 3286 ad
1697 3233 1785 3304 ip-
1808 3267 1864 3343 C

154 3339 243 3378 sos
268 3341 448 3396 quam
477 3325 620 3397 ipsis
649 3324 724 3379 ad
753 3324 1034 3380 familiam
1053 3323 1314 3395 legitima
1345 3324 1516 3378 simul
1543 3329 1599 3380 et
1620 3329 1786 3380 natu-

149 3417 285 3473 ralia
305 3418 444 3489 jura
474 3417 698 3474 intacta
726 3421 928 3487 sunto;
953 3421 1012 3472 et
1039 3417 1140 3472 ﬁlii
1167 3433 1368 3472 eorum
1389 3420 1519 3489 post
1547 3433 1788 3474 avorum

150 3515 399 3566 mortem
424 3512 486 3567 in
518 3511 780 3583 ipsorum
811 3513 1159 3583 potestatem
1189 3510 1489 3566 recidunto
1516 3511 1671 3566 haud
1693 3511 1790 3566 ali-

148 3609 234 3660 ter
261 3621 447 3677 quam
476 3605 529 3660 si
543 3605 754 3660 horum
769 3607 960 3676 patres
987 3607 1172 3658 morte
1197 3620 1431 3659 suorum
1459 3608 1785 3676 parentum,

85 3333 92 3372 ι

85 3427 92 3480 β

85 3520 93 3560 ι

85 3615 92 3656 ι

939 425 1304 486 JUSTINIANI
1343 425 1672 484 NOVELLzE
1708 425 2040 484 SELECTAZ.
2083 423 2392 482 NOVELLA
2436 421 2718 482 LXXXIII.

180 560 241 596 ve
259 537 484 610 aliquod
531 535 800 602 militum,
827 541 888 590 ut
913 537 971 590 hi
994 553 1224 608 quoque
1251 537 1514 608 protinus
1539 551 1657 592 suae
1683 553 1789 608 po-
1812 549 1870 622 Α

3382 426 3398 481 l
3413 428 3513 481 006

2392 551 2705 607 NOVELLA
2754 551 3007 604 LXXXIII.

1893 649 1957 702 Ut
1981 647 2163 701 clerici
2187 648 2338 716 apud
2362 647 2610 716 proprios
2636 647 2902 714 episcopos
2928 648 3160 712 primum
3189 649 3514 699 con-venian-

2159 723 2268 779 tur,
2300 723 2351 771 et
2375 723 2502 786 post
2531 719 2624 770 hoc
2653 716 2805 784 apud
2829 716 3012 768 civiles
3027 716 3256 784 judices.

1959 815 2118 868 Idem
2135 816 2421 884 Augustus
2439 812 2645 868 Joanni
2665 811 3071 882 gloriosissimo
3089 829 3192 882 per
3217 811 3508 866 Orientem

1887 907 2288 978 praetoriorum
2318 906 2614 978 prafecto,
2647 905 2856 959 iterum
2887 905 3190 959 exconsule
3223 905 3510 959 ordinario

1889 1003 1948 1054 et
1976 999 2232 1070 patricio.

1959 1091 2240 1146 Plurimas
2259 1109 2446 1146 sacras
2471 1092 2785 1147 scribentes
2813 1093 2988 1163 leges,
3013 1095 3071 1146 et
3099 1091 3170 1147 de
3201 1092 3318 1148 Deo
3347 1107 3505 1146 ama-

1887 1183 2099 1238 bilibus
2127 1185 2424 1257 episcopis,
2453 1189 2511 1240 et
2553 1185 2776 1256 reliquo
2819 1185 2978 1240 omni
3015 1185 3355 1253 sacerdotio,
3401 1201 3508 1239 nec

1887 1294 2005 1332 non
2029 1277 2100 1332 de
2117 1277 2606 1332 reverendissimis
2632 1279 2929 1333 monachis
2945 1282 3004 1333 et
3019 1296 3206 1351 nuper
3217 1279 3325 1334 hoc
3338 1294 3511 1349 agen-

1887 1372 1993 1437 tes,
2035 1369 2095 1424 in
2125 1371 2332 1441 quibus
2357 1371 2619 1424 volumus
2654 1371 3164 1426 reverendissimos
3200 1371 3516 1426 monachos

1886 1462 2039 1533 apud
2069 1464 2219 1518 solos
2243 1463 2486 1517 civitatis
2517 1462 2833 1535 episcOpos,
2861 1464 2965 1518 sub
2993 1464 3197 1536 quibus
3223 1468 3358 1517 sunt
3382 1479 3508 1517 mo-

1887 1555 2156 1622 nasteria,
2179 1555 2588 1610 conventiones
2603 1556 2889 1628 suscipere
2909 1556 3076 1628 petiti
3093 1573 3291 1611 sumus
3311 1573 3343 1609 a
3363 1557 3511 1612 Men-

1887 1664 1964 1702 na
1986 1649 2104 1704 Deo
2131 1647 2368 1703 amabili
2394 1647 2823 1720 archiepiscopo
2856 1649 3025 1721 hujus
3056 1650 3397 1710 felicissimae
3430 1655 3510 1710 ci-

1885 1741 2092 1808 vitatis,
2135 1745 2194 1796 et
2243 1740 2549 1796 universali
2599 1741 2955 1812 patriarcha,
3011 1747 3509 1804 reverendissimis

1887 1834 2104 1889 clericis
2142 1835 2250 1889 hoc
2280 1833 2419 1889 dare
2463 1833 2846 1906 privilegium,
2876 1840 2938 1890 ut
2968 1835 3013 1889 si
3043 1836 3170 1908 quis
3195 1839 3374 1895 habet
3402 1843 3507 1897 ad-

1885 1943 2079 1982 versus
2109 1945 2208 1982 eos
2226 1927 2544 1999 quemlibet
2561 1927 2958 1998 pecuniariam
2983 1947 3234 1998 causam,
3257 1934 3417 2003 prius
3435 1936 3510 1990 ad

1885 2021 2004 2076 Deo
2025 2021 2335 2075 amabilem
2355 2020 2849 2091 archiepiscopum
2871 2027 3094 2092 pergat,
3116 2025 3220 2078 sub
3242 2041 3356 2096 quo
3379 2045 3510 2082 con-

1886 2114 2115 2169 stitutus
2145 2117 2247 2180 est,
2269 2116 2325 2167 et
2348 2113 2678 2183 interpellet
2697 2130 2850 2180 eum,
2871 2119 2928 2168 et
2957 2131 3022 2168 ex
3049 2133 3165 2170 non
3198 2119 3407 2190 scripto
3421 2121 3510 2192 ju-

1887 2206 2100 2262 dicium
2133 2210 2444 2262 mereatur.
2479 2207 2545 2260 Et
2572 2207 2616 2261 si
2643 2207 2752 2261 hoc
2789 2207 2908 2277 fiat,
2940 2225 3011 2262 ne
3042 2225 3174 2264 eum
3206 2211 3508 2284 inquietat,

1888 2317 1994 2354 nec
2024 2300 2216 2354 trahat
2245 2299 2318 2354 ad
2354 2299 2640 2354 auditoria
2669 2299 2872 2366 civilia,
2903 2317 3092 2372 neque
3125 2320 3158 2356 a
3189 2315 3345 2360 sacro
3377 2323 3508 2361 eum

1885 2409 2088 2447 vacare
2115 2392 2288 2447 faciat
2313 2391 2651 2459 ministerio,
2684 2391 2780 2446 sed
2817 2409 2880 2446 ex
2912 2409 3023 2447 non
3054 2395 3262 2466 scripto
3290 2400 3504 2454 exami-

1888 2489 2058 2540 netur
2081 2485 2378 2556 negotium
2397 2485 2518 2538 sine
2541 2484 2786 2552 damnis,
2803 2489 2860 2538 et
2879 2485 3120 2557 accipiat
3134 2489 3374 2544 formam
3399 2493 3508 2547 for-

1887 2596 1988 2634 san
2005 2579 2175 2632 etiam
2194 2577 2483 2648 scriptam,
2499 2577 2543 2630 si
2559 2577 2666 2632 hoc
2685 2594 2912 2649 quoque
2925 2583 3114 2649 partes
3128 2583 3429 2653 voluerint,
3451 2591 3509 2640 et

1885 2671 2269 2742 poposcerint,
2300 2673 2357 2724 et
2377 2669 2693 2724 liberentur
2722 2673 2922 2725 mutuo
2945 2674 3278 2730 certamine.
3297 2675 3356 2730 Si
3375 2693 3509 2732 vero

1886 2769 1986 2820 aut
2015 2768 2249 2836 prOpter
2279 2779 2464 2818 causa:
2492 2766 2782 2844 naturam,
2815 2767 2914 2818 aut
2938 2769 3172 2836 prepter
3194 2769 3504 2838 quamdam

1886 2859 2033 2912 forte
2063 2858 2463 2912 difficultatem
2484 2873 2602 2911 non
2631 2857 2804 2911 fuerit
2830 2857 3097 2928 possibile
3128 2859 3241 2915 Deo
3273 2864 3508 2919 amabili

1889 2951 2154 3023 episcopo
2173 2950 2439 3006 decidere
2469 2949 2790 3021 negotium,
2819 2954 2953 3004 tunc
2981 2951 3274 3008 licentiam
3297 2973 3422 3010 esse
3453 2962 3512 3013 et

1887 3044 1959 3098 ad
2005 3043 2195 3098 civiles
2231 3043 2454 3114 judices
2501 3059 2762 3116 pergere,
2791 3047 2849 3097 et
2884 3043 3198 3116 privilegiis
3239 3048 3507 3104 omnibus

1889 3137 2204 3204 custoditis,
2238 3153 2367 3208 quas
2399 3135 2889 3191 reverendissiinis
2915 3136 3134 3192 clericis
3159 3156 3333 3196 sacrae
3363 3158 3507 3213 pra:-

1889 3232 2039 3284 stent
2078 3229 2532 3296 constitutiones,
2567 3233 2624 3282 et
2647 3229 2894 3299 litigare,
2939 3235 2996 3284 et
3021 3231 3509 3290 examinationem

1887 3323 2032 3389 ﬁeri,
2059 3326 2118 3376 et
2147 3322 2461 3376 terminum
2497 3321 2719 3392 imponi
2752 3321 2856 3389 liti,
2890 3325 2948 3375 et
2980 3322 3061 3376 ita
3105 3323 3348 3380 liberam
3379 3329 3507 3382 fieri

1888 3431 2139 3481 causam,
2161 3413 2779 3484 clarissimisjudicibus
2791 3414 3105 3469 secundum
3121 3423 3347 3472 nostras
3369 3435 3505 3474 con-

1887 3509 2229 3576 stitutiones,
2252 3509 2339 3562 vel
2370 3508 2526 3578 leges
2555 3506 2934 3574 studentibus,
2961 3523 3093 3562 cum
3115 3511 3506 3580 magnanimi-

1887 3604 2005 3656 tate
2032 3604 2090 3654 et
2119 3599 2389 3655 velociter
2413 3601 2538 3654 lites
2569 3599 2856 3666 decidere,
2880 3602 2946 3654 ut
2969 3616 3086 3654 non
3125 3606 3363 3674 propter
3397 3605 3504 3660 hu-

87 3713 93 3744 ι
149 3713 264 3753 non
285 3703 492 3754 autem
515 3715 586 3754 ex
601 3697 874 3770 praesenti
901 3697 1051 3752 forte
1069 3697 1199 3768 lege
1225 3700 1416 3768 patres
1435 3697 1786 3753 familiarum
1880 3693 2136 3766 jusmodi
2157 3709 2354 3748 causas
2369 3692 2544 3748 sacris
2564 3695 2940 3748 amoveantur
2959 3693 3278 3764 obsequiis;
3301 3701 3507 3754 etcum

85 3805 92 3846 ε
146 3791 279 3848 {acti
291 3795 517 3863 essent,
533 3795 594 3847 et
607 3791 816 3846 merito
833 3790 981 3846 filios
997 3806 1130 3845 suos
1144 3793 1276 3862 post
1290 3794 1540 3847 mortem
1555 3808 1790 3847 suorum

85 3903 94 3946 ι
145 3884 464 3951 parentum
483 3881 550 3936 in
581 3883 866 3952 potestate
891 3879 1195 3948 haberent,
1214 3882 1278 3934 ut
1300 3879 1362 3934 in
1389 3880 1548 3934 nullo
1575 3896 1644 3934 ea
1660 3896 1788 3952 quae

85 4003 92 4040 ι
143 3989 178 4029 a
205 3975 528 4048 majestate
551 3970 901 4046 proveniunt
915 3969 1310 4044 imperatoria,
1327 3972 1544 4044 aliquid
1563 3972 1700 4044 ipsis
1714 3973 1789 4027 vi-

85 4093 95 4136 ι
145 4063 394 4124 deantur
425 4067 716 4136 adimere,
753 4082 886 4122 cum
913 4064 1193 4138 quidquid
1219 4065 1332 4120 sive
1362 4083 1392 4120 a
1437 4067 1576 4135 Deo,
1609 4066 1724 4122 sive
1755 4083 1790 4122 a

86 4197 93 4228 μ
141 4161 458 4233 majestate
479 4159 853 4232 imperatoria
868 4160 1047 4216 Deum
1070 4159 1334 4214 imitante
1355 4159 1684 4216 hominibus
1703 4177 1790 4216 ac-

85 4287 94 4326 ,
143 4253 316 4322 cedit,
343 4255 580 4310 bonum
603 4253 693 4323 sit,
727 4256 785 4308 et
813 4253 1014 4308 deceat
1047 4268 1169 4308 esse
1198 4268 1556 4321 mansurum,
1585 4259 1644 4310 et
1664 4269 1787 4310 om-

85 4381 94 4418 ,
139 4347 228 4402 nis
254 4347 513 4404 malitiae
541 4349 601 4402 et
618 4345 1018 4402 diminutionis
1043 4347 1402 4402 extraneum.
1429 4345 1627 4402 Palam
1653 4365 1789 4404 vero

85 4475 96 4516 ι
141 4445 227 4496 est
251 4441 572 4497 neminem
597 4439 838 4495 existere
869 4439 965 4511 qui
985 4439 1216 4510 ignoret
1233 4456 1354 4512 prae
1383 4439 1652 4496 omnibus
1679 4441 1787 4496 uti-

86 4582 94 4605 ,
140 4551 252 4606 que
278 4532 745 4607 religiosissimis
773 4531 947 4588 etiam
965 4532 1246 4604 episcopis
1266 4549 1381 4588 una
1406 4549 1536 4589 cum
1565 4533 1792 4589 ordina-

1889 3789 2153 3858 oporteat
2191 3787 2366 3840 Deum
2411 3785 2644 3857 placari,
2673 3788 2730 3840 et
2755 3784 3016 3841 decentia
3045 3803 3080 3842 a
3121 3789 3510 3846 sacerdotibus

1889 3880 2002 3952 agi,
2031 3879 2329 3935 auditoriis
2359 3881 2418 3934 et
2445 3879 2674 3934 illorum
2703 3878 2880 3934 turbis
2907 3879 3293 3953 detineantur,
3335 3891 3508 3958 atque

1888 3973 2140 4028 tumultu
2164 3973 2513 4044 litigantium
2535 3973 2884 4028 inhaarentes
2915 3981 3165 4031 noceant
3185 3979 3506 4035 animabus.

1889 4067 1948 4122 Si
1977 4071 2172 4122 tamen
2197 4065 2268 4121 de
2301 4065 2638 4122 criminibus
2669 4065 3100 4136 conveniantur,
3123 4070 3408 4142 siquidem
3432 4073 3507 4128 ci-

1887 4159 2111 4227 vilibus,
2135 4159 2227 4215 hic
2252 4160 2486 4232 quidem
2511 4163 2903 4231 competentes
2923 4161 3168 4232 judices,
3200 4163 3259 4219 in
3290 4167 3516 4237 provin-

1887 4253 1988 4308 ciis
2017 4256 2212 4308 autem
2240 4269 2440 4308 earum
2469 4252 2742 4324 praasides
2771 4253 2885 4308 sint
2915 4254 3173 4326 judices:
3204 4274 3321 4313 non
3351 4263 3508 4316 tran-

1889 4347 2199 4402 scendente
2229 4347 2326 4402 lite
2354 4347 2643 4402 mensium
2665 4346 2910 4401 duorum
2945 4349 3210 4418 spatium,
3231 4367 3295 4405 ex
3311 4367 3426 4422 quo
3444 4354 3508 4408 li-

1889 4439 1962 4494 tis
1987 4439 2326 4495 contestatio
2352 4440 2436 4506 ﬁt,
2461 4445 2742 4510 quatenus
2765 4439 2949 4494 brevis
2969 4440 3302 4512 imponatur
3325 4461 3512 4500 causae

1891 4533 2192 4588 terminus.
2234 4531 2375 4586 Illud
2407 4533 2599 4602 palam
2629 4535 2734 4600 est,
2777 4531 2821 4586 si
2854 4549 3018 4586 reum
3052 4550 3173 4588 esse
3205 4537 3512 4606 provinciae

86 4665 96 4704 ρ
136 4627 298 4684 tione
331 4645 462 4684 sua:
495 4625 798 4700 potestatis
818 4625 914 4697 jus
933 4625 1222 4681 accedere.
1246 4627 1390 4681 Nam
1417 4626 1868 4711 quiomniumD
1889 4641 2102 4698 praeses
2136 4623 2420 4696 putaverit
2449 4641 2582 4679 eum
2620 4623 2716 4696 qui
2747 4625 3102 4694 convenitur,
3135 4631 3194 4682 et
3225 4645 3396 4698 paena
3417 4630 3510 4702 ju-

85 4713 94 4800 ξ
135 4721 438 4792 spiritales
467 4723 671 4794 patres
695 4722 848 4787 sunt,
872 4719 1161 4791 quomodo
1191 4719 1434 4775 aliorum
1467 4720 1655 4776 adhuc
1682 4737 1787 4793 po-

85 4841 96 4896 ,
132 4813 334 4870 testati
369 4809 600 4870 subditi
626 4811 778 4868 sint?
810 4812 924 4868 Sed
953 4811 1221 4868 convenit
1258 4813 1411 4885 ipsos
1443 4831 1671 4886 quoque
1693 4813 1793 4868 tali

85 4949 96 4992 ί
133 4907 371 4966 honore
401 4907 656 4980 perfrui,
690 4911 861 4978 atque
890 4906 1044 4960 hunc
1061 4923 1127 4961 ex
1157 4905 1518 4978 legislatione
1549 4907 1656 4962 hac
1693 4923 1794 4963 no-

85 5049 96 5090 ,
135 5007 258 5057 stra
288 5003 564 5058 fructum
591 4999 908 5072 percipere.
949 4999 1085 5064 Quae
1117 4997 1292 5070 igitur
1327 4999 1494 5056 nobis
1521 5000 1595 5055 ad
1631 5015 1791 5056 reve-

86 5143 94 5170 ,
132 5095 404 5152 rentiam
452 5094 866 5164 honoremque
891 5094 1168 5161 vestrum,
1201 5092 1540 5164 amplissimi
1579 5096 1792 5166 patres,

85 5247 90 5264 ι
131 5189 526 5261 placuerunt,
556 5203 626 5242 ea
640 5185 700 5242 in
717 5189 1062 5258 perpetuum
1077 5187 1360 5254 volumus,
1387 5190 1511 5242 tum
1533 5187 1607 5242 ad
1630 5204 1798 5244 orna-

85 5273 94 5374 ;
133 5287 262 5339 tum
288 5286 591 5348 vestrum,
611 5285 736 5336 tum
761 5279 1180 5350 adlargitatem
1203 5283 1482 5350 nostram,
1507 5297 1681 5353 quam
1701 5299 1798 5354 pa-

131 5377 326 5432 tribus
383 5373 630 5445 nostris,
673 5372 1000 5430 consulibus
1042 5376 1101 5428 et
1131 5373 1524 5430 sacerdotibus
1553 5375 1798 5430 contuli-

130 5486 294 5540 mus,
333 5465 892 5534 demonstrandam,
926 5471 1134 5522 nostra:
1167 5467 1339 5522 decus
1365 5467 1578 5524 addere
1607 5468 1796 5540 reipu-

85 5543 95 5649 ξ
128 5563 328 5619 blicaa.
353 5562 498 5616 Dat.
525 5575 592 5614 xv
611 5560 679 5615 K.
700 5558 900 5630 April.,
924 5559 1141 5627 Const.,
1160 5559 1299 5630 imp.
1326 5559 1382 5615 d.
1407 5561 1797 5617 n..lustin.PP.

86 5655 98 5729 μ
128 5659 318 5729 Aug.,
343 5652 582 5710 Arione
610 5669 664 5710 v.
693 5669 744 5709 c.
775 5669 931 5709 cons.

765 5825 1164 5840 .-———-——-.-

85 5715 98 5758 3

85 5814 100 5851 β

85 5901 100 5950 5

1891 4717 2164 4800 dicaverit
2182 4717 2445 4787 dignum,
2464 4717 2622 4788 prius
2641 4717 2794 4772 hunc
2815 4717 3050 4789 spoliari
3076 4735 3110 4773 a
3137 4721 3254 4775 Deo
3279 4724 3513 4779 amabili

1892 4811 2159 4883 episcopo
2190 4811 2522 4866 sacerdotali
2537 4810 2839 4882 dignitate,
2859 4815 2916 4866 et
2943 4811 3023 4865 ita
3045 4813 3150 4867 sub
3179 4815 3374 4885 legum
3390 4817 3514 4872 ﬁeri

1893 4921 2092 4960 manu.
2124 4904 2182 4960 Si
2201 4919 2336 4959 vero
2365 4903 2807 4958 ecclesiasticum
2839 4902 2909 4960 sit
2929 4904 3220 4975 delictum,
3239 4923 3416 4979 egens
3431 4928 3517 4967 ca-

1895 4997 2204 5070 stigatione
2231 4997 2611 5052 ecclesiastica
2641 5001 2700 5051 et
2729 4999 2932 5064 multa,
2960 4998 3077 5052 Deo
3104 5001 3364 5056 amabilis
3394 5005 3513 5076 epi-

1896 5107 2101 5162 scopus
2116 5091 2224 5146 hoc
2241 5090 2548 5157 discernat,
2565 5089 2702 5144 nihil
2717 5090 3271 5148 communicantibus
3283 5096 3522 5153 clarissi-

1897 5185 2006 5239 mis
2035 5183 2339 5255 provinciae
2351 5182 2658 5254 judicibus.
2689 5183 2883 5254 Neque
2911 5183 3064 5238 enim
3095 5187 3357 5243 volumus
3383 5193 3521 5250 talia

1898 5277 2130 5350 negotia
2159 5276 2395 5332 omnino
2424 5275 2566 5332 scire
2605 5275 2824 5331 sciviles
2848 5276 3088 5348 judices,
3119 5296 3250 5335 cum
3293 5289 3524 5355 oportet

1897 5371 2035 5426 talia
2050 5370 2426 5426 ecclesiastica
2445 5369 2778 5436 examinari,
2801 5374 2859 5424 et
2873 5372 3175 5428 emendari
3187 5376 3411 5434 animas
3431 5381 3524 5436 de-

1900 5464 2284 5536 linquentium
2315 5479 2418 5536 per
2442 5463 2884 5518 ecclesiasticam
2926 5466 3167 5522 multam
3211 5474 3524 5529 secundum

1902 5573 2092 5612 sacras
2121 5563 2179 5612 et
2205 5557 2424 5612 divinas
2453 5557 2702 5628 regulas,
2736 5574 2880 5629 quas
2913 5558 3088 5614 etiam
3126 5567 3336 5620 nostra;
3361 5569 3522 5638 sequi

1901 5667 2019 5707 non
2053 5649 2442 5722 dedignantur
2467 5651 2646 5723 leges.
2677 5651 2734 5707 Si
2763 5669 2896 5708 vero
2923 5651 3188 5725 quaedam
3213 5657 3368 5728 prius
3396 5675 3527 5714 con-

1903 5749 2120 5802 testata
2159 5748 2292 5800 sunt
2328 5743 2476 5812 lites,
2523 5745 2613 5800 ha».
2641 5749 2915 5801 maneant
2957 5745 3018 5802 in
3056 5747 3181 5819 ipso
3213 5751 3520 5818 schemate,

1906 5843 2158 5896 velocem
2201 5838 2544 5908 accipientes
2581 5838 2780 5906 tinem,
2831 5837 3095 5895 omnibus
3143 5855 3269 5910 qua:
3309 5843 3434 5911 jam
3491 5863 3526 5901 a
