4088 6438
555 433 686 486 1007

1676 421 1928 476 ΒΑΞῈΠΙᾸ
1967 417 2162 474 SEXTI
2199 415 2751 473 SUPPLEMENTUM.

3856 403 4015 459 1008

551 537 715 592 nobis
742 535 958 590 sancita
977 537 1128 599 sunt,
1154 533 1266 586 sive
1297 545 1468 601 super
1493 527 1866 584 sanctissimis
1886 525 2159 592 ecclesiis,
2183 540 2242 612 Α
2261 525 2359 578 ciae
2387 523 2626 594 praeside
2654 519 3010 576 audientiam
3039 515 3492 581 accommodet,
3522 517 3594 568 et
3615 512 3894 582 utrique
3916 511 4015 562 vel

555 635 668 688 sive
692 647 862 702 super
891 631 1006 684 Deo
1039 627 1379 684 amabilibus
1397 625 1694 696 episcopis,
1724 624 1838 677 sive
1867 638 2034 693 super
2058 622 2164 675 cle-

554 725 701 790 ricis,
735 724 846 777 sive
888 739 1056 794 super
1092 719 1388 776 monachis
1429 717 1720 789 propriam
1751 717 2016 770 virtutem
2062 713 2163 768 ha-

553 815 837 872 bentibus.

623 910 739 964 Tua
780 907 958 978 igitur
996 905 1315 960 eminentia
1351 919 1479 974 qua
1523 902 1862 973 placuerunt
1897 898 2078 965 nobis,
2113 903 2170 952 et

555 1017 659 1072 per
677 1001 826 1054 hanc
840 1014 1059 1052 sacram
1083 998 1369 1050 declarata
1391 997 1524 1048 sunt
1539 995 1748 1064 legem,
1763 1008 1866 1062 per
1881 1006 2172 1062 program-

557 1096 714 1147 mata
739 1091 968 1162 propria
980 1090 1284 1144 manifesta
1303 1088 1474 1142 faciat
1494 1085 1788 1150 universis,
1813 1089 1870 1138 et
1887 1084 1946 1136 in
1974 1099 2173 1154 perpe-

558 1189 720 1240 tuum
762 1183 988 1238 studeat
1029 1181 1318 1237 custodiri.
1358 1181 1482 1234 Dat.
1526 1195 1593 1232 xv
1631 1178 1752 1230 Kal.
1791 1176 1987 1246 April.,
2021 1177 2169 1230 Con-

560 1277 892 1348 stantinop.,
924 1275 1063 1346 imp.
1093 1275 1150 1329 d.
1181 1291 1236 1328 n.
1264 1273 1469 1329 Justin.
1491 1272 1592 1325 PP.
1619 1271 1788 1339 Aug.,
1815 1268 2023 1322 Arione
2049 1283 2100 1321 v.
2120 1283 2168 1320 c.

562 1385 717 1424 cons'
1071 1433 1387 1488 NOVELLA
1414 1433 1664 1488 LXXXVI.

770 1531 1118 1572 IMPERATORIS
1149 1530 1448 1570 Jt’STlNlANl
1475 1527 1701 1567 AUGUSTI
1731 1525 1980 1564 EDICTUM.

573 1614 640 1668 Ut
663 1610 940 1680 prmities,
971 1611 1068 1680 qui
1092 1607 1487 1680 interpellantis
1526 1605 1762 1680 allegata
1791 1599 2172 1680 audire-diﬁc:

636 1671 785 1741 runt,
817 1671 1202 1746 compellantur
1225 1671 1296 1729 id
1321 1678 1501 1741 facere
1527 1675 1594 1728 ab
1631 1675 1904 1746 episcopis.
1949 1673 2016 1725 Et
2045 1671 2178 1746 utsi

636 1753 755 1820 quis
776 1741 1052 1818 praesidem
1073 1753 1372 1820 suspectum
1398 1741 1667 1820 habet,_i1i
1687 1743 2035 1820 cognitionem
2067 1741 2178 1820 litis

637 1814 891 1874 adhibeat
913 1820 1172 1886 societque
1201 1819 1360 1870 etiam
1380 1817 1614 1868 civitatis
1634 1817 1954 1886 episcopum.
1969 1814 2100 1886 item
2117 1814 2180 1863 ut

637 1892 732 1960 qui
769 1906 802 1942 a
829 1881 1442 1960 ‘praoside'o/fensionem
1473 1881 1772 1960 patiuntur
1806 1887 1856 1936 et
1899 1881 2176 1960 iniuriam,

637 1953 854 2014 adeant
867 1974 928 2011 ea
958 1958 1022 2010 de
1040 1972 1097 2010 re
1123 1953 1442 2024 episcopum.
1465 1958 1641 2024 Deque
1669 1955 1784 2007 alia
1807 1953 2182 2024 cautela,_quze

639 2031 708 2084 ab
735 2030 994 2151 epoidscgpis
1027 2021 1239 2081 omnino
1273 2021 1626 2087 corroborari,
1663 2026 1780 2092 ﬁeri
1806 2037 1929 2076 vero
1961 2021 2113 2075 debet
2148 2036 2184 2074 a

639 2113 800 2151 praes:
844 2115 861 2150 ι
898 2113 979 2151 us.

634 2113 979 2170 praestamus.

639 2192 716 2246 Ex
748 2206 860 2260 quo
893 2191 1038 2244 Deus
1068 2205 1172 2244 nos
1202 2189 1593 2243 Romanorum
1631 2183 1886 2257 przefecit
1918 2183 2181 2255 imperio,

575 2299 802 2353 semper
827 2298 1054 2336 summo
1069 2281 1432 2335 elaboramus
1447 2278 1655 2345 studio,
1676 2281 1737 2332 ut
1756 2277 1954 2332 omnia
1971 2293 2097 2347 quas
2111 2276 2187 2330 ad

573 2375 932 2430 subditorum
954 2391 988 2427 a
1007 2373 1120 2427 Deo
1149 2372 1312 2426 nobis
1334 2371 1674 2426 concreditae
1694 2369 2017 2440 reipublicae
2043 2369 2187 2422 utili-

571 2471 751 2521 tatem
763 2467 1008 2521 tendunt
1023 2482 1276 2535 agamus,
1293 2479 1642 2534 agamusque
1662 2463 1758 2516 illa
1771 2479 1897 2533 quae
1911 2462 2067 2516 omni
2089 2478 2188 2515 eos

575 2559 931 2624 difﬁcultate,
950 2559 1180 2611 laesione
1199 2557 1561 2610 etattritione
1578 2555 1842 2622 libarent,
1867 2571 1938 2607 ne
1962 2553 2188 2623 quando

571 2669 678 2723 per
705 2668 932 2706 causam
953 2650 1138 2704 litium
1169 2652 1226 2702 et
1252 2649 1361 2702 alia
1386 2647 1714 2718 hujusmodi
1732 2664 1763 2700 e
1790 2663 1890 2700 sua
1914 2649 2190 2715 cogantur

572 2744 849 2816 proficisci
881 2743 1088 2813 patria,
1112 2741 1246 2795 etin
1271 2741 1576 2811 peregrino
1605 2741 1724 2794 solo
1749 2739 1990 2793 miseriis
2016 2739 2186 2792 affici.

575 2837 892 2907 Eapropter
918 2839 976 2888 et
1005 2834 1063 2888 in
1092 2834 1397 2904 praesentia
1426 2833 1609 2886 visum
1639 2831 1805 2886 nobis
1833 2835 1918 2885 est
1940 2847 2190 2900 praesens

578 2928 828 2984 edictum
845 2928 903 2980 in
926 2927 1249 2980 universam
1275 2925 1499 2996 imperii
1529 2924 1709 2979 nostri
1737 2923 2013 2977 ditionem
2033 2923 2194 2976 emit-

576 3023 721 3086 tere,
754 3025 810 3072 et
838 3018 1099 3072 omnium
1131 3017 1420 3071 civitatum
1449 3033 1514 3071 ac
1545 3032 1824 3086 pagorum
1853 3015 2052 3069 incolis
2078 3015 2188 3068 cla-

581 3127 710 3166 rum
727 3112 938 3165 facere:
965 3126 1171 3179 nempe
1197 3110 1244 3162 si
1261 3109 1384 3180 quis
1405 3125 1534 3163 cum
1553 3111 1731 3162 altero
1749 3107 1957 3162 habeat
1973 3111 2195 3162 contro-

580 3203 845 3269 versiam,
875 3203 988 3256 sive
1017 3202 1086 3256 de
1119 3201 1448 3272 pecuniaria
1475 3217 1662 3266 causa,
1686 3201 1798 3254 sive
1821 3200 1974 3270 quod
1999 3218 2088 3253 res
2115 3200 2195 3254 illi

583 3296 825 3350 mobiles
855 3295 1245 3364 abreptmsint,
1268 3295 1356 3347 vel
1378 3293 1724 3358 immobiles,
1748 3294 1831 3346 vel
1847 3293 2058 3363 seipsas
2077 3309 2196 3348 mo-

582 3391 798 3453 ventes,
834 3388 947 3441 sive
979 3386 1048 3441 de
1079 3386 1487 3451 criminalibus,
1520 3389 1581 3439 ut
1606 3385 1760 3456 prius
1789 3401 1856 3438 ea
1882 3385 1952 3438 de
1989 3402 2050 3439 re
2078 3387 2194 3440 ela-

583 3480 874 3536 rissimum
906 3478 1210 3550 provinciae
1241 3478 1542 3548 prazsidem
1569 3478 1755 3542 adeat,
1797 3495 1908 3548 quo
1931 3479 2115 3548 magis
2141 3483 2199 3532 et

583 3572 671 3628 his
688 3589 814 3643 qua
841 3573 897 3626 in
921 3572 1084 3625 litem
1106 3572 1451 3636 referuntur,
1471 3569 1784 3624 secundum
1800 3570 1956 3640 leges
1977 3575 2199 3625 nostras

585 3664 1066 3720 examinationem
1084 3663 1432 3734 interponat,
1453 3666 1510 3716 et
1525 3662 1726 3733 cuique
1733 3661 1827 3731 jus
1845 3677 2009 3716 suum
2023 3679 2201 3717 reser-

583 3761 697 3813 vet.
738 3757 795 3814 Si
820 3772 950 3812 vero
979 3755 1182 3826 aliquis
1212 3771 1342 3810 cum
1371 3755 1676 3825 provinciae
1706 3755 2008 3826 prmsidem
2031 3755 2198 3810 adiis-

587 3853 694 3916 set,
739 3851 835 3920 jus
883 3865 1049 3903 suum
1097 3865 1214 3904 non
1264 3847 1533 3914 obtinuit,
1564 3851 1698 3902 tunc
1722 3847 1993 3918 jubemus
2032 3852 2094 3902 ut
2127 3848 2203 3903 ad

587 3941 1081 4014 religiosissimum
1112 3941 1232 4010 ejus
1273 3940 1380 3994 loci
1419 3941 1746 4010 episcopum
1790 3940 2041 4008 accedat,
2075 3945 2132 3994 et
2157 3941 2204 3996 is

590 4033 664 4090 ad
713 4035 1092 4089 clarissimum
1140 4031 1446 4103 provincia:
1492 4032 1797 4103 praesidem
1844 4033 2053 4102 mittat,
2109 4039 2207 4090 aut

591 4127 761 4181 etiam
805 4142 908 4196 per
943 4143 1001 4180 se
1033 4125 1153 4195 ipse
1203 4125 1621 4194 progrediatur,
1655 4128 1713 4178 et
1756 4130 2041 4196 procuret,
2093 4143 2206 4196 quo

595 4217 784 4274 modis
807 4215 1075 4272 omnibus
1100 4216 1410 4270 adeuntem
1437 4217 1651 4284 audiat,
1681 4221 1739 4271 et
1745 4218 1897 4288 juste
1918 4234 2047 4272 eum
2066 4219 2202 4274 libe-

593 4314 684 4366 ret
709 4309 1022 4364 secundum
1053 4312 1276 4363 nostras
1303 4309 1476 4380 leges,
1500 4325 1573 4362 ne
1605 4315 1840 4380 cogatur
1867 4328 2104 4383 peregre
2135 4313 2206 4367 de

595 4421 697 4458 sua
720 4401 996 4475 proficisci
1030 4402 1231 4472 patria.

666 4497 722 4552 Si
737 4513 868 4550 vero
889 4495 1060 4550 etiam
1083 4495 1436 4549 sanctissimo
1458 4495 1722 4566 episcopo
1739 4496 2039 4567 praesidem
2059 4515 2212 4554 com-

595 4589 866 4660 pelleute,
883 4587 1254 4642 nihilominus
1276 4604 1486 4658 praeses
1507 4589 1818 4643 secundum
1827 4589 1922 4658 jus
1939 4589 2208 4646 dirimere

598 4681 932 4736 adeuntium
968 4680 1200 4752 negotia
1245 4680 1490 4748 differat,
1527 4685 1625 4735 aut
1663 4681 1940 4752 disceptet
1979 4683 2213 4754 quidem

597 4773 1062 4840 controversiam,
1094 4790 1210 4828 non
1241 4789 1371 4828 vero
1401 4773 1522 4843 ejus
1553 4790 1612 4828 se
1633 4773 1846 4842 judicio
1870 4775 2210 4845 permitten-

596 4865 748 4921 tibus
779 4871 1010 4921 tueatur
1031 4865 1125 4935 jus
1172 4881 1357 4932 suum,
1397 4865 1756 4936 praecipimus
1784 4867 2211 4938 religiosissima

598 4959 750 5014 illius
783 4958 1022 5014 civitatis
1063 4959 1327 5029 episcopo
1357 4962 1420 5012 ut
1447 4958 1498 5012 ei
1527 4958 1623 5030 qui
1644 4959 1740 5029 jus
1771 4977 1936 5014 suum
1967 4978 2082 5015 non
2111 4962 2212 5016 ob-

599 5051 770 5106 tinuit
813 5051 910 5105 det
935 5050 1008 5105 ad
1039 5067 1143 5105 nos
1168 5050 1407 5118 litteras,
1441 5067 1569 5121 quae
1607 5050 1898 5105 declarent
1921 5053 2074 5124 quod
2104 5054 2214 5108 im-

599 5143 795 5214 pulsus
815 5143 886 5197 ab
899 5143 1022 5214 ipso
1041 5159 1253 5213 praeses
1266 5143 1577 5197 adeuntem
1593 5143 1811 5212 audire,
1832 5148 1889 5198 et
1907 5161 2030 5216 qua:
2047 5146 2218 5201 inter-

601 5231 790 5304 ipsum
819 5239 877 5289 et
902 5237 1145 5289 alterum
1172 5235 1440 5290 adversus
1467 5253 1640 5306 quem
1665 5237 2083 5292 accusationem
2117 5241 2214 5292 ha-

603 5325 700 5381 bet
725 5330 1218 5381 controvertantur
1239 5327 1550 5398 disceptare
1575 5329 1818 5396 differat,
1835 5333 1896 5384 ut
1921 5348 2044 5397 nos,
2066 5331 2218 5388 hisce

607 5419 868 5488 cognitis,
897 5419 1198 5490 provincia
1227 5421 1452 5490 praesidi
1499 5421 1821 5491 irrogemus
1856 5425 2215 5494 supplicium,

607 5529 673 5567 eo
702 5510 856 5581 quod
885 5514 942 5564 et
967 5510 1037 5564 ab
1052 5510 1260 5580 injuria
1282 5512 1483 5567 affecto
1505 5514 1712 5580 aditus,
1732 5518 1790 5568 et
1814 5532 1847 5568 a
1875 5516 2221 5586 religiosissi-

607 5620 702 5660 mo
717 5603 982 5676 episcopo
995 5601 1066 5654 ad
1086 5601 1142 5654 id
1161 5602 1480 5672 inclinatus,
1495 5611 1858 5662 controversa
1878 5625 1991 5663 non
2010 5610 2222 5682 discep-

603 5696 826 5753 taverit.
857 5693 1018 5759 Quod
1041 5693 1086 5746 si
1105 5708 1206 5747 usu
1220 5696 1412 5751 veniat
1433 5702 1493 5752 ut
1515 5703 1839 5754 nostrorum
1863 5702 2220 5758 subditorum

604 5791 807 5861 aliquis
833 5787 1134 5860 praesidem
1159 5793 1480 5858 suspectum
1508 5791 1736 5861 habeat,
1759 5792 2030 5862 jubemus
2055 5799 2115 5850 ut
2140 5813 2223 5851 reo

607 5881 1001 5955 ligiosissimus
1028 5880 1324 5952 episcopus
1358 5896 1464 5934 una
1495 5899 1621 5937 cum
1649 5884 1960 5940 clarissimo
1993 5891 2220 5957 provin-

2264 615 2550 670 amicabili
2587 611 2980 668 conciliatione
3023 614 3420 665 controversa
3455 605 3875 675 transigant,
3919 604 4014 656 vel

2265 725 2369 779 per
2381 707 2818 761 annotationem
2837 704 3046 774 scripto
3061 702 3620 773 comprehensam,
3646 701 3765 751 aut
3786 713 3870 750 co
3879 696 4016 766 gni~

2267 800 2556 854 tionaliter
2584 799 2906 868 disceptent
2933 812 3004 850 ea
3037 795 3108 850 de
3139 795 3358 865 quibus
3407 793 3590 846 inter
3637 789 4017 859 litigatores

2268 891 2556 947 contentio
2582 895 2685 956 est,
2711 894 2768 943 et
2795 905 2980 943 causa“:
3011 888 3267 942 formam
3301 886 3461 940 dent
3476 883 3625 954 juri
3659 886 3724 936 et
3751 882 4014 952 legibus

2269 983 2725 1048 convenientem,
2762 998 2835 1035 ne
2876 997 2980 1051 per
3023 978 3378 1050 hujusmodi
3435 992 3719 1030 causam
3768 974 4014 1028 subditi

2268 1075 2448 1131 nostri
2497 1091 2602 1128 sua
2639 1076 2921 1144 cogantur
2949 1071 3231 1126 excedere
3279 1069 3520 1140 patria.
3563 1069 3911 1123 Caeterum
3969 1067 4018 1119 si

2272 1168 2397 1238 quis
2413 1169 2567 1220 ratus
2581 1166 3038 1237 qualemcunque
3051 1181 3111 1217 se
3127 1163 3422 1217 adversus
3443 1161 3750 1232 aliquem
3764 1159 4017 1213 habere

2273 1259 2581 1326 actionem,
2614 1274 2800 1328 neque
2831 1257 3224 1311 clarissimum
3259 1254 3614 1326 provincia
3658 1253 4016 1325 prasidem

2271 1352 2459 1418 adeat,
2513 1367 2702 1422 neque
2750 1349 3080 1420 alloquatur
3123 1347 3691 1419 religiosissimum
3744 1345 4020 1400 civitatis

2276 1445 2621 1515 episcopum,
2644 1447 2814 1514 atque
2858 1443 2932 1496 ita
2962 1441 3391 1512 progrediatur
3423 1442 3560 1496 huc
3599 1441 3746 1494 sine
3785 1439 4018 1494 litteris

2273 1535 2684 1606 religiosissimi
2709 1534 2984 1606 episcopi,
3009 1538 3204 1588 certus
3225 1537 3356 1588 esto
3376 1533 3658 1588 easdem
3691 1550 3762 1586 se
3790 1549 4021 1604 pmnas

2275 1629 2594 1682 subiturum
2621 1644 2762 1698 quas
2783 1627 3148 1681 sustinuisset
3163 1643 3412 1697 presses,
3432 1627 3485 1680 si
3502 1627 3592 1680 ab
3613 1626 3761 1697 ipso
3777 1625 4018 1692 aditus,

2269 1721 2364 1792 jus
2393 1721 2472 1774 illi
2501 1736 2666 1774 suum
2697 1720 2845 1774 tueri
2877 1736 2994 1774 non
3025 1719 3376 1774 studuisset.
3416 1720 3570 1774 Haec
3609 1723 3842 1773 autem
3877 1735 4020 1772 om-

2278 1813 2374 1867 nia
2400 1813 2620 1867 sancire
2645 1813 2828 1866 visum
2857 1815 2946 1866 est
2969 1814 3214 1882 propter
3245 1827 3473 1866 eorum
3509 1811 3882 1866 utilitatem
3917 1812 4020 1881 qui

2199 1901 2256 1972 B
2280 1906 2445 1960 urbes
2465 1909 2523 1959 et
2548 1921 2729 1976 pagos
2749 1905 3032 1972 incolunt,
3067 1920 3141 1958 ne
3160 1903 3207 1957 si
3229 1903 3470 1974 patrias
3498 1921 3656 1958 suas
3687 1904 4020 1968 deserant,

2282 2002 2340 2052 et
2363 1999 2467 2068 ipsi
2495 1998 2552 2052 in
2582 1997 2891 2068 peregrino
2917 1996 3038 2050 solo
3069 1995 3451 2068 afﬂigantur,
3486 2001 3557 2050 et
3602 1997 3882 2052 interim
3925 2014 4020 2050 res

2284 2107 2484 2145 eorum
2506 2090 2804 2144 familiaris
2838 2105 3070 2160 pessum
3096 2092 3211 2143 eat.
3243 2090 3603 2160 Propterea
3641 2091 3830 2144 enim
3880 2107 4015 2144 ma-

2285 2185 2552 2254 gistratus
2567 2183 2742 2254 gratis
2754 2181 3177 2249 constituimus,
3192 2185 3254 2236 et
3259 2183 3284 2252 j
3294 2183 3387 2252 usj
3397 2183 3613 2237 urand
3623 2199 3740 2237 um
3756 2184 4022 2255 insuper

2284 2281 2436 2350 ipsds
2468 2277 2658 2331 subire
2677 2275 2968 2346 jubemus,
2993 2277 3056 2328 ut
3074 2274 3406 2345 unicuique
3425 2276 3612 2346 ipsos
3637 2277 3937 2341 adeunti,
3965 2277 4020 2330 id

2287 2371 2437 2443 quod
2457 2371 2678 2440 justum
2705 2370 2810 2430 est,
2839 2366 3162 2420 secundum
3187 2367 3354 2437 leges
3388 2373 3656 2422 nostras
3687 2374 4020 2424 tueantur.

2285 2467 2460 2519 Porro
2482 2462 2527 2515 si
2541 2460 2841 2529 contingat
2861 2459 3226 2513 subditorum
3245 2463 3626 2514 nostrorum
3654 2461 3956 2532 aliquem
3989 2478 4020 2514 ει

2286 2554 2598 2610 clarissimo
2629 2552 2936 2623 provinciae
2954 2551 3203 2622 praeside
3225 2551 3464 2622 injuria
3491 2554 3702 2619 afﬁci,
3721 2555 4022 2624 jubemus

2285 2653 2352 2704 ut
2369 2646 2810 2716 religiosissima:
2835 2644 3077 2698 civitatis
3099 2645 3254 2697 illius
3269 2645 3658 2716 episcopum
3676 2647 3902 2715 adeat,
3926 2649 4022 2717 qui

2289 2742 2436 2795 inter
2465 2738 2844 2792 clarissimum
2875 2737 3188 2807 praesidem
3227 2738 3526 2809 interque
3563 2757 3731 2794 eum
3763 2742 3878 2811 qui
3914 2741 4021 2794 sibi

2291 2834 2360 2887 ab
2382 2833 2506 2903 ipso
2525 2832 2741 2885 illatam
2756 2833 2918 2901 putat
2937 2830 3014 2900 inj
3025 2830 3216 2884 uriam
3233 2829 3569 2902 disceptet.
3588 2837 3684 2888 Ac
3705 2834 4022 2905 siquidem

2291 2926 2583 2994 contingat
2606 2922 2912 2993 przesidem
2942 2938 2976 2975 a
3012 2922 3478 2992 religiosissimo
3511 2925 3836 2997 episcopo
3881 2927 4023 2996 legi-

2291 3018 2431 3071 time
2462 3020 2562 3070 aut
2571 3016 2724 3086 juste
2741 3014 3144 3081 condemnari,
3165 3015 3336 3069 omni
3361 3017 3566 3072 modo
3595 3019 3658 3072 ei
3684 3020 3802 3089 qui
3831 3019 3910 3073 de
3938 3020 4021 3072 in-

2286 3109 2438 3180 juria
2450 3109 2638 3180 ipsum
2653 3107 2974 3178 postulavit,
2995 3107 3341 3162 satisfaciat.
3363 3109 3430 3164 Si
3451 3109 3522 3164 id
3540 3111 3772 3166 facere
3801 3129 4028 3184 praeses

2293 3205 2535 3267 recuset,
2555 3216 2736 3270 eaque
2748 3216 2921 3254 causa
2932 3199 3007 3254 ad
3027 3217 3135 3254 nos
3152 3201 3564 3272 perveniat,si
3574 3205 3856 3274 quidem
3868 3207 4026 3260 inve-

2295 3294 2549 3348 nerimus
2570 3293 2724 3362 juste
2744 3293 2932 3362 ipsum
2951 3294 3278 3348 secundum
3299 3295 3482 3366 leges
3514 3301 3786 3352 nostras
3819 3315 3860 3353 a
3893 3300 4026 3352 reli-

2297 3386 2617 3457 giosissimo
2649 3385 2916 3456 episcopo
2945 3386 3420 3441 condemnatum
3447 3389 3755 3458 judicata
3787 3409 3924 3446 non
3955 3393 4032 3444 fe-

2297 3479 2458 3545 cisse,
2474 3478 2672 3531 ultimo
2685 3477 2836 3531 hunc
2848 3478 3130 3548 supplicio
3149 3478 3326 3533 subdi
3337 3480 3362 3549 j
3373 3481 3754 3549 ubebimus,
3771 3489 4032 3556 prOpter

2299 3588 2367 3625 ea
2395 3569 2550 3640 quod
2587 3586 2718 3623 cum
2754 3569 2896 3624 alios
2933 3569 3149 3640 injuria
3195 3587 3539 3642 oppressos
3582 3576 3926 3634 vindicare
3977 3582 4029 3630 et

2300 3663 2610 3718 defendere
2633 3661 2942 3728 debuisset,
2973 3663 3096 3734 ipse
3119 3662 3346 3733 injuria
3375 3669 3794 3738 oppressisse
3821 3670 4033 3741 depre-

2300 3756 2512 3809 hensus
2531 3755 2622 3809 sit.
2643 3754 3164 3825 Obtemperantem
3187 3773 3443 3828 quoque
3467 3760 3571 3814 illi
3591 3763 3960 3828 cohortem,
3978 3768 4030 3816 et

2303 3848 2628 3918 quicunque
2649 3847 2978 3901 clarissimis
2997 3848 3356 3918 praesidibus
3379 3851 3448 3906 in
3468 3855 3858 3912 ministerio
3879 3861 4029 3919 sunt,

2295 3940 2566 4010 jubemus
2593 3943 2655 3993 ut
2673 3939 2883 3994 horum
2911 3940 3043 3994 lites
3073 3927 3374 4012 qui'illum
3405 3943 3670 4002 adeunt
3699 3949 3924 4005 dirimi
3948 3951 4027 4003 fa-

2305 4033 2478 4100 ciant,
2508 4032 2650 4086 nihil
2681 4033 3032 4104 accipientes
3071 4035 3226 4088 ultra
3256 4051 3333 4090 ea
3363 4053 3520 4108 qua:
3555 4043 3808 4097 nostris
3844 4043 4028 4099 conti-

2305 4129 2516 4180 nentur
2532 4125 3048 4180 constitutionibus.
3076 4127 3137 4181 Si
3156 4143 3302 4184 vero
3327 4129 3471 4186 haec
3491 4148 3640 4190 non
3659 4137 4027 4198 custodiant,

2307 4217 2472 4273 subdi
2491 4217 2764 4288 jubemus
2795 4219 3111 4289 suppliciis.

2375 4310 2536 4364 Certe
2557 4309 2603 4363 si
2621 4327 2796 4381 quem
2825 4311 3420 4382 religiosissimorum
3453 4319 3926 4393 episcoporum
3947 4324 4030 4377 de-

2307 4402 2806 4475 prehenderimus,
2837 4403 2896 4458 in
2927 4403 3180 4474 gratiam
3208 4406 3498 4478 alicujus,
3527 4419 3962 4471 contemnere
3983 4414 4031 4468 id

2311 4495 2464 4567 quod
2483 4496 2670 4549 facere
2680 4496 2904 4565 justum
2923 4499 3029 4566 est,
3045 4499 3408 4554 canonicam
3427 4502 3526 4558 illi
3546 4509 4028 4580 castigationem

2311 4589 2510 4643 inferri
2522 4588 2813 4658 jubemus,
2843 4606 2959 4660 quo
2982 4590 3176 4660 magis
3196 4607 3338 4646 cum
3366 4595 3622 4654 timore
3644 4603 3764 4656 Dei
3773 4605 3940 4674 juste
3956 4604 4032 4670 juc

2312 4681 2500 4736 dicare
2529 4681 2810 4749 studeant,
2845 4699 2918 4736 ne
2951 4683 2997 4736 si
3027 4683 3126 4753 jus
3165 4701 3345 4740 suum
3377 4687 3704 4749 homines
3737 4713 3872 4752 non
3903 4696 4031 4751 obti-

2311 4777 2506 4841 neant,
2544 4779 2828 4845 cogantur
2856 4775 3128 4830 deserere
3155 4794 3294 4832 suas
3324 4781 3549 4852 urbes,
3586 4790 3956 4858 provincias
3979 4805 4031 4841 ac

2315 4867 2478 4921 sedes
2505 4869 2564 4921 et
2604 4867 2715 4921 huc
2745 4883 3067 4924 accurrere.
3109 4872 3177 4925 ln
3217 4871 3444 4942 quibus
3477 4893 3646 4934 vero
3699 4883 4029 4938 civitatibus

2314 4959 2584 5032 praesides
2617 4964 2827 5031 prtesto
2858 4979 2978 5016 non
3004 4967 3161 5031 sunt,
3188 4963 3513 5036 jubemus,
3562 4975 3643 5026 ut
3667 4977 3790 5046 qui
3821 4974 4027 5047 aliquid

2315 5052 2716 5108 controversias
2765 5055 3004 5122 habent,
3041 5055 3102 5110 hi
3130 5055 3356 5112 adeant
3398 5061 3873 5136 defensorem,
3903 5074 3958 5122 et
3996 5069 4030 5119 is

2317 5145 2594 5216 disceptet
2621 5163 2749 5217 qua:
2777 5147 2931 5202 inter
2959 5148 3117 5219 ipsos
3154 5154 3768 5218 controvertuntur.
3801 5163 3969 5228 Quod
3993 5177 4028 5212 si

2317 5238 2416 5308 qui
2439 5255 2571 5294 cum
2598 5239 2759 5294 litem
2785 5241 3025 5309 habent,
3045 5257 3167 5298 non
3193 5243 3640 5320 defensorem,
3670 5258 3794 5311 sed
3820 5257 4030 5325 religio-

2318 5331 2604 5386 sissimum
2623 5332 2887 5402 judicare
2906 5335 3090 5390 velint
3109 5337 3490 5410 episcopum,
3509 5343 3853 5414 jubemus
3872 5356 3926 5404 et
3945 5350 4030 5401 hoc

2318 5425 2462 5479 ﬁeri.

2390 5516 2504 5572 Sed
2516 5531 2702 5588 neque
2718 5521 3098 5590 monachum,
3113 5539 3312 5594 neque
3328 5527 3645 5588 clericum
3657 5577 3676 5602 ,
3708 5554 3920 5610 neque
3938 5535 4030 5604 epi‘

2320 5625 2558 5680 scepum
2595 5611 2868 5682 jubemus
2907 5614 3021 5668 huc
3071 5617 3359 5672 accedere
3395 5621 3538 5676 sine
3587 5629 4026 5701 religiosissimi

2319 5703 2660 5772 patriarchae
2680 5705 2764 5758 sui
2782 5705 3005 5772 litteris,
3023 5711 3124 5761 aut
3142 5710 3290 5764 certi
3307 5716 3498 5768 sunto
3519 5722 3723 5787 quod
3747 5725 4026 5795 religionis

2321 5795 2519 5849 habitu
2545 5796 2890 5868 seindignos
2906 5798 3142 5855 facient.
3167 5802 3478 5860 Praeterea
3507 5808 3564 5863 si
3593 5815 3760 5883 quis
3782 5819 4026 5887 magiste-

2323 5889 2537 5957 rianus,
2568 5893 2667 5944 aut
2702 5892 3128 5962 prmfectianus,
3165 5899 3270 5952 aut
3305 5899 3779 5981 cujuscunque
3820 5909 4024 5966 tandem
