4088 6414
168 352 296 414 1009

1029 361 1391 416 JUSTINIAN‘I
1431 359 1762 418 NOVELLJﬂ
1803 365 2136 422 SELECT.E.
2178 363 2488 426 NOVELLA
2525 369 2654 428 CIX.

3386 373 3520 431 tOlO

162 467 426 528 fortuna,
451 463 760 534 ampliores
774 465 1056 534 sportulas
1071 482 1245 536 quam
1268 467 1441 520 sacris
1472 469 1676 522 nostris
1693 469 1786 522 de-
1807 484 1864 556 Α
1886 488 1974 525 sos
2002 473 2072 526 ab
2100 475 2229 528 ovili
2257 477 2354 530 Dei
2401 485 2728 549 segregant,
2771 480 2997 551 quando
3036 481 3269 553 quidem
3295 479 3522 552 justum

162 557 330 612 ﬁnita
371 559 506 610 sunt
543 557 1046 612 constitutionibus
1079 560 1381 629 acceperit,
1415 561 1687 630 jubemus
1725 565 1787 616 ut

164 667 369 721 praeses
407 649 716 721 provincia
743 668 844 705 suo
867 652 1119 721 periculo
1139 653 1452 707 secundum
1469 654 1660 725 legem
1683 673 1787 709 no-

163 749 335 796 stram
373 743 563 797 modis
577 744 842 796 omnibus
867 745 974 798 hoc
990 745 1257 814 vindicet,
1274 749 1330 800 et
1358 747 1788 816 castigationem

165 837 245 890 his
273 837 370 906 qui
403 836 539 890 talia
572 837 1040 907 prasumpserint
1067 838 1295 893 inferat.
1345 839 1400 893 Si
1432 857 1639 910 praeses
1671 858 1787 895 non

162 928 546 996 vindicaverit,
602 929 894 984 licentiam
935 931 1140 984 damus
1172 932 1598 1001 religiosissime
1640 934 1789 987 illius

162 1022 396 1076 civitatis
445 1022 736 1092 episcopo,
780 1023 1052 1077 certiores
1078 1040 1183 1078 nos
1226 1024 1398 1078 dehis
1439 1026 1703 1093 reddere,
1734 1029 1791 1080 et

164 1116 388 1186 qualem
425 1118 711 1184 praeterea
734 1115 998 1169 militiam
1029 1120 1127 1170 aut
1146 1117 1483 1187 dignitatem
1511 1119 1718 1173 habeat
1746 1119 1791 1173 is

164 1208 255 1278 qui
278 1209 400 1261 hac
422 1209 808 1278 praesumpsit,
841 1209 1103 1279 adjicere,
1136 1214 1199 1263 ut
1227 1213 1284 1264 et
1307 1212 1533 1281 prasidi
1562 1213 1789 1283 pericu-

161 1301 273 1354 lum
299 1301 645 1370 irrogemus,
692 1301 788 1371 qui
830 1302 948 1355 hac
987 1303 1342 1371 concesserit,
1391 1307 1450 1358 et
1477 1305 1791 1373 jussionem

162 1400 406 1447 nostram
438 1394 776 1464 despexerit,
809 1399 865 1448 et
883 1395 1069 1464 ipsum
1090 1396 1189 1467 qui
1211 1396 1343 1450 talia
1367 1399 1794 1469 prasumpserit

157 1486 451 1556 jubeamus
477 1486 631 1540 afﬁci
658 1487 954 1557 supplicio.

741 1635 1047 1690 NOVELLA
1083 1636 1206 1691 CIX.

544 1731 616 1783 De
647 1729 963 1783 mulieribus
990 1729 1095 1797 ﬁde
1124 1730 1406 1785 hareticis.

228 1863 543 1932 Imperator
566 1861 910 1916 Justinianus
939 1863 1227 1931 Augustus
1261 1863 1460 1917 Joanni
1506 1863 1788 1934 gloriosis-
1811 1841 1868 1914 B

163 1955 295 2008 simo
348 1954 725 2008 Orientalium
780 1955 1180 2024 praetoriorum
1218 1956 1524 2026 praefecto,
1582 1956 1792 2011 iterum

165 2047 456 2101 exconsule
479 2047 765 2101 ordinario
793 2052 848 2101 et
874 2047 1129 2117 patricio.

230 2141 463 2195 Unicum
509 2139 672 2193 nobis
713 2141 990 2194 auxilium
1034 2157 1137 2210 per
1178 2157 1344 2196 omne
1386 2141 1793 2196 administrata

164 2233 483 2304 reipublica
514 2232 772 2303 gestique
801 2250 834 2286 a
877 2233 1040 2287 nobis
1074 2234 1299 2304 imperii
1341 2239 1584 2305 tempus,
1634 2251 1792 2305 spem

164 2333 217 2384 in
250 2332 422 2384 Deum
450 2347 572 2384 esse
599 2330 936 2384 conﬁdimus
967 2347 980 2384 :
1015 2331 1256 2385 scientes
1293 2332 1442 2402 quod
1485 2332 1590 2385 hoc
1630 2333 1793 2386 nobis

163 2424 326 2493 ipsius
355 2425 531 2478 etiam
558 2424 762 2477 anima
791 2425 1030 2478 salutem
1051 2424 1320 2494 praebeat.
1356 2425 1508 2478 Unde
1535 2425 1794 2479 convenit

161 2522 221 2570 ut
245 2523 297 2571 et
341 2517 724 2586 legislationes
767 2523 991 2571 nostras
1035 2517 1238 2570 exinde
1275 2517 1578 2587 pendeant,
1627 2523 1682 2571 et
1725 2534 1790 2572 eo

161 2611 474 2682 respiciant,
504 2615 560 2664 et
588 2611 696 2664 hoc
737 2626 934 2664 eorum
972 2609 1312 2680 principium
1344 2610 1544 2677 simul,
1575 2613 1632 2664 et
1667 2626 1788 2664 me-

161 2704 332 2771 dium,
369 2709 544 2774 atque
572 2703 702 2756 ﬁnis
732 2703 823 2757 sit.

228 2798 433 2852 Omnes
479 2798 656 2867 igitur
679 2800 963 2850 noverunt
992 2797 1144 2866 quod
1176 2797 1272 2866 qui
1305 2799 1436 2849 ante
1467 2813 1570 2851 nos
1601 2798 1788 2868 impe-

163 2893 302 2945 rium
331 2895 626 2957 rexerunt,
671 2894 727 2944 et
766 2890 1012 2942 maxime
1059 2891 1165 2943 Leo
1212 2889 1323 2959 pia
1366 2891 1688 2954 memoria,
1738 2895 1794 2946 et

162 2985 563 3039 sacratissimus
589 2983 850 3054 princeps
873 2982 1124 3036 Justinus
1149 2988 1310 3052 pater
1331 2986 1540 3049 noster,
1571 2985 1627 3037 in
1656 3001 1790 3037 con-

162 3079 540 3133 stitutionibus
583 3077 698 3130 suis
737 3077 795 3130 in
833 3076 1165 3130 universum
1209 3076 1472 3129 omnibus
1511 3077 1792 3130 hareticis

162 3171 570 3235 interdixerint,
597 3186 669 3224 ne
695 3185 868 3240 quam
898 3168 1001 3238 ipsi
1023 3169 1108 3221 vel
1136 3168 1397 3222 militiam
1414 3174 1787 3239 capesserent,

160 3265 237 3317 vel
259 3265 315 3317 in
339 3263 586 3335 publicis
618 3261 1086 3316 sollicitudinibus
1113 3261 1293 3314 ullam
1328 3262 1791 3316 communionem

162 3358 426 3411 haberent
457 3373 471 3410 :
500 3356 810 3426 quominus
837 3354 1123 3408 occasione
1142 3360 1262 3408 tum
1293 3354 1644 3422 militiarum,
1667 3360 1791 3409 tum

161 3451 485 3504 tractatione
511 3449 744 3518 insuper
771 3448 1128 3517 publicorum
1163 3447 1527 3516 negotiorum
1551 3489 1563 3515 ,
1588 3453 1792 3501 sancta

159 3543 439 3597 catholica
455 3546 511 3596 et
525 3541 850 3613 apostolica
864 3541 961 3594 Dei
979 3541 1237 3593 Ecclesia
1258 3545 1446 3610 partes
1466 3541 1794 3594 viderentur

159 3652 541 3707 corrumpere.
567 3636 634 3689 Et
653 3651 754 3688 nos
772 3650 996 3705 quoque
1023 3634 1128 3686 hoc
1149 3633 1336 3704 ipsum
1359 3633 1612 3701 fecimus,
1638 3634 1791 3687 hisce

160 3746 254 3798 per
281 3729 587 3784 constituta
616 3734 812 3782 nostra
839 3726 1232 3781 corroboratis.
1266 3727 1569 3780 Hareticos
1603 3731 1792 3780 autem

159 3823 230 3876 illi
257 3823 544 3888 dixerunt,
570 3827 628 3876 et
653 3836 759 3876 nos
788 3819 1026 3874 dicimus
1044 3861 1057 3884 ,
1087 3820 1410 3891 quicunque
1440 3819 1793 3873 diversarum

160 3922 431 3970 sectarum
445 3920 597 3969 sunt.
612 3914 826 3978 Quibus
838 3915 1226 3968 connectimus
1243 3918 1298 3967 et
1316 3929 1794 3967 connumeramus

159 4026 246 4062 eos
271 4025 503 4080 quoque
528 4008 628 4078 qui
667 4007 956 4061 Judaicam
993 4007 1231 4062 Nestorii
1279 4011 1599 4076 sequuntur
1631 4022 1792 4059 vesa-

162 4102 325 4169 niam,
355 4108 413 4156 et
442 4100 910 4170 Eutychianistas,
928 4105 984 4154 et
1003 4100 1401 4170 Acephalos,et
1415 4099 1512 4170 qui
1533 4114 1797 4169 perversa

162 4196 399 4249 Dioscori
414 4199 471 4248 et
483 4194 669 4248 Severi
683 4193 951 4263 opinione
963 4193 1342 4263 laborant,qui
1361 4192 1796 4247 Manichaeorum

163 4293 212 4342 et
227 4287 570 4358 Apollinaris
589 4287 943 4357 impietatem
965 4289 1334 4352 renovarunt;
1353 4288 1409 4340 et
1426 4286 1659 4356 insuper
1673 4285 1798 4355 qui-

157 4397 374 4452 cunque
392 4381 721 4435 membrum
745 4383 955 4433 sancta
982 4380 1074 4433 Dei
1095 4379 1384 4433 catholica
1407 4377 1796 4448 etapostolica

163 4475 414 4528 Ecclesia
441 4489 555 4527 non
583 4479 732 4539 sunt,
749 4472 808 4525 in
837 4489 950 4542 qua
978 4478 1032 4525 et
1057 4488 1254 4526 omnes
1275 4471 1799 4526 sanctissimitotius

1887 580 2004 619 non
2033 570 2117 619 est
2143 573 2208 621 ut
2233 571 2541 640 aequalibus
2571 573 2878 644 privilegiis
2904 575 3196 628 haereticos
3213 575 3523 643 dignemur

1888 674 2017 712 cum
2043 661 2380 730 orthodoxis,
2416 672 2712 735 eapropter
2754 672 2808 720 et
2849 668 2918 720 ad
2949 675 3288 737 prasentem
3333 669 3522 738 legem

1888 752 2256 821 respeximus.
2285 757 2360 809 Ex
2391 774 2500 826 quo
2528 760 2680 812 enim
2717 761 3147 829 prarogativam
3180 761 3522 816 mulieribus

1889 843 2146 899 dedimus
2175 846 2232 900 in
2262 848 2486 903 dotibus
2515 850 2764 921 quidem,
2798 857 2862 906 ut
2897 853 3309 923 antiquioribus
3336 854 3522 909 credi-

1891 937 2104 990 toribus
2122 941 2510 1012 praeferantur,
2538 948 2594 997 et
2621 945 2854 998 meliore
2882 946 3004 999 loco
3034 947 3166 1013 sint,
3187 963 3520 1018 quanquam

1891 1033 2147 1100 tempore
2192 1033 2514 1104 vincantur;
2558 1037 2616 1090 in
2659 1037 3059 1092 donationibus
3111 1056 3244 1093 vero
3289 1044 3527 1112 propter

1890 1124 2115 1192 nuptias
2134 1167 2146 1190 ,
2180 1131 2242 1179 ut
2269 1143 2372 1196 pro
2398 1129 2613 1184 ratione
2639 1135 2960 1201 temporum
2988 1133 3192 1203 quibus
3221 1133 3380 1187 facta
3410 1134 3526 1188 sint

1891 1215 2341 1286 hypothecarum
2372 1221 2468 1289 jus
2512 1222 2793 1286 habeant;
2827 1225 3088 1278 omnibus
3130 1226 3187 1278 in
3224 1227 3526 1296 praesentia

1891 1325 1994 1378 per
2014 1310 2159 1364 hanc
2178 1327 2391 1366 sacram
2415 1314 2600 1384 legem
2624 1321 2875 1370 nostram
2893 1323 3088 1371 notum
3118 1316 3355 1372 facim'us
3373 1319 3526 1390 quod

1892 1407 1949 1456 et
2003 1403 2148 1456 hanc
2201 1406 2656 1475 praerogativam,
2709 1412 2764 1462 et
2803 1409 2999 1462 tacitas
3049 1411 3413 1480 hypotbecas,
3471 1414 3530 1465 et

1892 1495 2082 1548 omnia
2124 1495 2235 1550 alia
2263 1514 2391 1568 qua
2421 1500 2753 1554 mulieribus
2783 1501 2842 1554 in
2880 1502 3111 1556 diversis
3149 1503 3458 1574 privilegiis
3497 1519 3531 1557 a

1891 1588 2098 1642 nostris
2119 1605 2380 1644 concessa
2399 1596 2528 1646 sunt
2559 1594 2800 1662 legibus,
2830 1593 2918 1648 his
2943 1595 3075 1648 solis
3095 1596 3434 1666 prabemus,
3464 1598 3532 1651 ut

1895 1697 1964 1734 ex
1994 1681 2079 1734 his
2102 1682 2348 1737 fructum
2387 1686 2631 1756 capiant,
2663 1687 3006 1758 illorumque
3043 1693 3279 1743 utantur
3305 1689 3524 1744 beneﬁ-

1895 1774 2013 1840 ciis,
2042 1793 2170 1846 qua
2197 1776 2549 1846 diligentiam
2581 1778 2870 1844 adhibent,
2893 1796 3006 1850 quo
3026 1780 3208 1852 magis
3233 1787 3442 1835 rectam
3470 1785 3530 1837 et

1891 1869 2240 1923 adorandam
2266 1869 2436 1924 ﬁdem
2460 1877 2710 1925 nostram
2741 1872 2964 1942 (nempe
2986 1874 3275 1928 catholica
3303 1878 3360 1928 et
3385 1891 3526 1945 apo-

1892 1961 2100 2016 stolica
2128 1963 2402 2029 Ecclesia)
2430 1963 2739 2032 retineant,
2762 1971 2819 2019 et
2839 1966 3174 2036 participent
3202 1967 3434 2021 salutari
3451 1967 3526 2024 ‘in

1892 2070 1957 2108 ea
1994 2055 2416 2110 communione.
2471 2057 2604 2120 Qua
2653 2058 2807 2112 enim
2855 2074 2887 2111 a
2937 2062 3126 2112 sancta
3162 2059 3434 2114 catholica
3473 2063 3530 2115 et

1891 2148 2195 2216 apostolica
2217 2148 2312 2202 Dei
2338 2150 2580 2203 Ecclesia
2599 2151 2810 2220 seipsas
2840 2155 3100 2221 separant
3125 2168 3310 2222 neque
3329 2153 3528 2207 incon-

1893 2241 2165 2294 taminata
2197 2242 2252 2294 in
2281 2259 2347 2296 ca
2377 2243 2776 2296 communione
2820 2261 2945 2297 cum
2989 2245 3088 2298 Dei
3126 2245 3530 2300 amantissimis

1893 2334 2063 2403 hujus
2089 2335 2473 2389 sacerdotibus
2508 2337 2846 2407 participare
2876 2338 3184 2404 sustinent,
3218 2355 3308 2391 eas
3340 2341 3527 2394 neuti-

1891 2443 2061 2496 quam
2092 2427 2348 2480 volumus
2368 2429 2694 2498 hujusmodi
2721 2430 3034 2499 privilegiis
3055 2431 3290 2500 perfrui.
3322 2433 3458 2486 Nam
3482 2433 3528 2489 si

1894 2536 1927 2573 a
1953 2521 2052 2573 Dei
2079 2537 2134 2573 se
2158 2521 2488 2574 muneribus
2509 2527 2790 2592 separant,
2823 2526 2880 2575 et
2906 2539 2938 2575 a
2971 2529 3160 2577 sancta
3185 2529 3240 2578 et
3268 2523 3525 2580 inconta-

1892 2613 2109 2667 minata
2129 2631 2187 2667 se
2214 2615 2614 2668 communione
2643 2616 2853 2668 alienas
2880 2615 3114 2682 faciunt,
3135 2619 3315 2671 multo
3343 2619 3529 2689 magis

1892 2722 2076 2776 neque
2118 2723 2219 2760 nos
2261 2707 2704 2761 concesserimus
2746 2711 2810 2761 ut
2850 2709 3159 2779 privilegiis
3200 2710 3389 2781 digna
3419 2711 3522 2765 ha-

1892 2799 2150 2867 beantur,
2185 2803 2352 2870 atque
2379 2816 2445 2853 ex
2472 2801 2665 2870 legum
2693 2804 3011 2854 nostrarum
3045 2802 3321 2872 applausu
3347 2819 3412 2857 ac
3441 2804 3526 2857 fa-

1892 2908 2021 2945 vore
2047 2892 2294 2946 fructum
2323 2894 2659 2963 percipiant.
2686 2894 2830 2956 Quin
2859 2895 3045 2964 potius
3074 2895 3346 2949 beneﬁcia
3381 2913 3412 2948 e
3443 2897 3526 2951 le-

1895 2985 2056 3054 gibus
2081 2987 2334 3055 profecta
2361 2987 2588 3056 penitus
2617 2985 2751 3056 ipsis
2778 2987 3056 3040 inaccessa
3083 2993 3272 3055 sunto,
3295 2993 3350 3042 et
3371 2989 3529 3044 omni

1892 3078 2191 3148 privilegio
2222 3096 2253 3132 a
2297 3079 2796 3134 constitutionibus
2842 3080 3046 3133 nostris
3089 3081 3224 3151 ipsis
3267 3097 3529 3137 concesso

1892 3171 2286 3241 privabuntur.
2322 3172 2532 3226 Licebit
2555 3177 2745 3226 autem
2775 3172 2884 3240 eis,
2935 3173 3029 3226 ubi
3070 3173 3367 3228 meliorem
3399 3192 3529 3230 sen-

1892 3265 2129 3318 tentiam
2149 3265 2445 3334 amplexa,
2471 3269 2529 3317 et
2551 3269 3086 3336 rectamneramque
3105 3265 3275 3320 ﬁdem
3298 3283 3530 3322 exoscu-

1891 3356 2036 3424 lata,
2062 3373 2243 3426 neque
2263 3373 2373 3410 non
2396 3357 2682 3409 mordicus
2709 3373 3114 3427 usquequaque
3137 3375 3262 3412 eam
3284 3360 3531 3414 retinere

1891 3454 2104 3502 conata
2132 3450 2376 3516 fuerint,
2409 3449 2724 3502 istiusmodi
2765 3450 3096 3503 muneribus
3126 3456 3182 3504 et
3215 3451 3532 3522 privilegiis

1892 3542 2130 3614 perfrui.
2173 3543 2264 3595 His
2294 3558 2396 3612 per
2424 3542 2743 3595 universam
2775 3541 3002 3612 imperii
3039 3543 3217 3596 nostri
3256 3543 3531 3598 ditionem

1893 3635 2278 3689 obtinentibus
2316 3641 2371 3688 et
2409 3635 2767 3688 observandis
2806 3634 3197 3705 principaliter
3225 3636 3461 3706 quidem
3493 3653 3528 3690 a

1894 3729 1989 3782 Dei
2020 3727 2424 3782 amantissimis
2457 3727 2858 3796 sacerdotibus,
2893 3727 3096 3782 deinde
3124 3745 3253 3782 vero
3280 3733 3337 3782 et
3363 3747 3395 3783 a
3424 3745 3528 3783 no-

1893 3821 2018 3875 stris
2047 3821 2471 3892 magistratibus
2511 3826 2568 3874 et
2599 3820 2906 3890 judicibus,
2949 3822 3064 3874 sive
3107 3821 3368 3891 majores,
3415 3822 3531 3876 sive

1894 3913 2143 3968 minores
2188 3914 2449 3979 existant,
2493 3917 2551 3967 et
2581 3913 2810 3983 insuper
2838 3914 2908 3967 ab
2938 3914 3268 3968 excellentia
3311 3918 3428 3980 tua,
3459 3915 3531 3970 ad

1894 4025 2064 4078 quam
2094 4011 2150 4060 et
2174 4013 2514 4079 prasentem
2541 4007 2728 4077 legem
2755 4007 3116 4077 proferimus.
3148 4008 3303 4062 Unde
3335 4024 3533 4063 conve-

1896 4101 2056 4154 niens
2082 4105 2167 4154 est
2196 4103 2260 4154 ut
2294 4100 2514 4170 judices
2541 4101 2693 4170 apud
2720 4117 2861 4171 quos
2888 4101 2975 4154 vel
3004 4105 3200 4154 contra
3225 4101 3492 4156 mulieres
3516 4143 3530 4171 ,

1897 4195 2043 4248 vela
2073 4194 2410 4248 mulieribus
2453 4193 2713 4264 quaedam
2758 4194 2862 4248 sibi
2907 4193 3202 4265 privilegia
3250 4195 3533 4250 vindicare

1897 4287 2228 4352 volentibus,
2259 4286 2462 4356 aliqua
2488 4290 2792 4340 moventur
2820 4287 2965 4354 lites,
2989 4287 3056 4341 ad
3078 4288 3372 4357 prasentis
3392 4287 3536 4358 legis

1899 4379 2205 4451 respiciant
2225 4380 2497 4450 vigorem,
2529 4385 2584 4433 et
2608 4380 2944 4449 potentiam.
2981 4381 3045 4433 Et
3069 4380 3117 4432 si
3155 4379 3538 4449 deprehende—

1900 4473 2014 4527 rint
2040 4489 2132 4527 eas
2157 4473 2486 4527 orthodoxae
2512 4472 2640 4526 ﬁdei
2669 4489 2783 4525 non
2813 4489 2953 4536 esse,
2983 4488 3170 4542 neque
3200 4472 3538 4525 incontami-

161 4567 386 4621 habitati
442 4566 593 4619 orbis
648 4565 1004 4636 patriarcha,
1041 4571 1156 4619 tam
1194 4567 1389 4620 Roma
1437 4564 1793 4618 occidentalis
1812 4571 1871 4642 ι)
1897 4572 2024 4621 nata
2046 4571 2103 4620 et
2129 4565 2417 4619 adoranda
2436 4565 2531 4618 illa
2553 4565 2960 4618 communione
2981 4565 3038 4617 in
3056 4570 3244 4617 sancta
3263 4564 3537 4618 catholica

160 4676 327 4728 quam
351 4660 525 4730 hujus
546 4659 717 4728 regia
738 4657 912 4724 urbis,
931 4663 988 4711 et
1006 4658 1378 4725 Alexandria,
1397 4663 1453 4712 et
1471 4657 1792 4728 Theopolis,

160 4759 212 4806 et
237 4753 782 4822 Hierosolymorum,
813 4756 871 4806 et
898 4768 1093 4806 omnes
1123 4751 1226 4805 sub
1257 4752 1326 4805 iis
1356 4751 1643 4805 constituti
1673 4750 1796 4805 reli-

161 4846 460 4912 giosissimi
491 4845 756 4916 episcopi,
779 4861 890 4899 uno
907 4861 1004 4899 ore
1030 4845 1394 4915 apostolicam
1423 4844 1592 4898 ﬁdem
1613 4849 1668 4897 et
1687 4849 1798 4896 tra-

161 4939 431 4994 ditionem
459 4939 784 5009 pradicant.
815 4939 922 5002 Qui
946 4938 1122 5009 igitur
1146 4938 1593 4992 incontaminata
1633 4952 1794 4990 com-

163 5034 428 5086 munione
456 5033 516 5086 in
542 5032 816 5086 catholica
843 5033 1073 5085 ecclesia
1109 5047 1239 5085 cum
1267 5033 1365 5085 Dei
1393 5029 1798 5085 amantissimis

164 5125 330 5194 hujus
359 5125 745 5179 sacerdotibus
769 5141 884 5179 non
916 5124 1276 5195 participant,
1307 5125 1525 5196 Optimo
1549 5123 1680 5193 jure
1707 5139 1798 5176 vo-

165 5235 356 5273 camus
386 5219 701 5273 hareticos.
736 5219 982 5272 Tametsi
1017 5217 1170 5271 enim
1206 5218 1662 5272 Christianorum
1695 5215 1799 5271 sibi

165 5328 370 5366 nomen
391 5312 712 5382 imponunt,
733 5328 798 5365 eo
818 5315 1008 5364 tamen
1028 5311 1148 5380 ipso
1167 5311 1317 5382 quod
1333 5328 1366 5363 a
1382 5327 1512 5364 vera
1527 5310 1798 5365 Christia-

165 5421 372 5458 norum
398 5404 508 5458 ﬁde
537 5405 750 5475 pariter
769 5407 826 5458 et
850 5403 1250 5457 communione
1281 5404 1490 5473 seipsos
1516 5406 1800 5474 separant,

167 5498 261 5552 Dei
288 5514 346 5552 se
365 5497 579 5567 judicio
599 5497 762 5551 subdi
779 5500 1148 5566 cognoscunt.
1165 5500 1239 5550 Ac
1254 5497 1409 5566 leges
1421 5496 1652 5567 quidem
1674 5512 1804 5567 qua

168 5591 234 5644 de
246 5591 526 5647 hareticis
545 5589 922 5662 promulgata
935 5595 1086 5657 sunt,
1102 5589 1366 5642 omnibus
1378 5589 1675 5643 manifeste
1693 5589 1806 5644 exi-

170 5687 342 5738 stunt.
379 5684 486 5738 Nos
507 5700 641 5738 vero
670 5699 802 5736 cum
831 5698 924 5736 eos
958 5682 1056 5752 qui
1085 5681 1457 5735 orthodoxam
1484 5684 1807 5737 exosculan-

172 5781 264 5829 tur
298 5777 490 5840 ﬁdem,
521 5780 576 5830 et
601 5775 886 5830 mordicus
921 5791 1046 5828 eam
1071 5773 1316 5828 retinere
1354 5777 1650 5842 conantur,
1681 5791 1804 5830 am-

181 5869 322 5938 plius
340 5869 703 5943 privilegium
725 5868 936 5924 habere
961 5868 1217 5932 velimus,
1240 5883 1414 5940 quam
1433 5883 1532 5923 eos
1550 5867 1648 5939 qui
1668 5867 1811 5940 seip-

1894 4665 1949 4713 et
1974 4659 2275 4730 apostolica
2303 4658 2545 4712 Ecclesia
2579 4674 2708 4711 cum
2736 4657 3228 4710 venerandissimis
3255 4657 3421 4728 hujus
3447 4675 3535 4710 sa-

1895 4751 2216 4806 cerdotibus
2244 4742 2608 4821 participare,
2628 4767 2742 4803 non
2775 4750 3085 4804 concedant
3103 4750 3258 4803 hisce
3284 4755 3344 4804 ut
3375 4749 3540 4820 privi-

1897 4845 2058 4915 legiis
2078 4861 2108 4899 e
2127 4844 2333 4898 nostris
2362 4843 2854 4898 constitutionibus
2877 4843 3136 4913 profectis
3153 4843 3535 4914 perfruantur.

1966 4935 2100 4998 Qua
2128 4933 2302 5004 igitur
2332 4933 2493 4986 nobis
2527 4933 2896 5004 placuerunt,
2933 4936 2988 4985 et
3016 4947 3118 5001 per
3144 4931 3287 4984 hanc
3324 4947 3538 4985 sacram

1899 5028 2258 5082 declarantur
2299 5027 2505 5096 legem,
2547 5042 2613 5079 ea
2659 5040 3000 5094 cognoscens
3038 5024 3366 5078 excellentia
3418 5029 3536 5093 tua,

1899 5122 2066 5175 simul
2091 5137 2241 5174 cura
2256 5119 2482 5184 habeto,
2506 5123 2570 5172 ut
2586 5119 2643 5172 in
2662 5117 2955 5172 movendis
2975 5117 3124 5188 apud
3147 5117 3326 5187 ipsam
3348 5117 3542 5172 litibus

1901 5215 2172 5282 observet,
2201 5219 2258 5268 et
2285 5213 2505 5268 effectui
2537 5229 2601 5266 ac
2627 5211 2726 5265 ﬁni
2771 5210 2954 5264 tradat
2979 5252 2992 5276 ,
3034 5210 3198 5264 simul
3247 5227 3350 5281 per
3380 5211 3544 5266 solita

1903 5309 2084 5362 edicta
2115 5313 2170 5360 et
2192 5306 2450 5377 proprias
2475 5305 2755 5377 jussiones
2784 5303 3049 5358 omnibus
3088 5304 3387 5359 manifesta
3415 5305 3546 5358 faci-

1907 5406 1982 5471 to,
2015 5405 2129 5454 tam
2160 5401 2216 5454 in
2245 5400 2391 5453 alma
2435 5400 2542 5454 hac
2586 5399 2749 5464 urbe,
2792 5413 2964 5469 quam
3009 5397 3068 5450 in
3107 5397 3408 5467 provinciis
3433 5440 3446 5464 ,
3483 5404 3545 5452 ut

1905 5510 2103 5549 omnes
2129 5498 2470 5564 cognoscant
2494 5497 2770 5563 quantum
2798 5491 2958 5544 nobis
2984 5507 3134 5544 cura
3156 5492 3249 5559 sit,
3273 5495 3394 5546 tum
3417 5508 3546 5545 vera

1906 5590 1964 5643 in
1993 5587 2296 5642 Dominum
2319 5586 2601 5640 Christum
2629 5601 2827 5640 verum
2855 5586 3034 5639 Deum
3063 5584 3225 5652 ﬁdes,
3259 5590 3379 5639 tum
3412 5585 3542 5637 sub-

1907 5682 2157 5737 ditorum
2186 5683 2511 5736 nostrorum
2537 5681 2706 5734 salus.
2739 5681 2857 5734 Dat.
2890 5696 2926 5734 ιι
2952 5678 3185 5734 Kalend.
3212 5679 3358 5746 Maii,
3401 5678 3546 5732 Con-

1909 5780 2104 5846 stant.,
2133 5775 2190 5830 d.
2218 5791 2278 5830 ιι.
2308 5773 2448 5829 Just.
2476 5775 2536 5828 P.
2567 5775 2627 5828 P.
2660 5775 2832 5844 Aug.,
2861 5772 3026 5827 Basil.
3055 5787 3108 5824 v.
3141 5787 3187 5824 c.
3219 5786 3368 5823 cons.
