4088 6434
576 333 700 385 1011

1140 438 1445 494 NOVELLA
1483 437 1608 494 CXI.

641 537 715 587 De
739 539 966 602 tempore
1002 533 1270 586 actionum
1299 546 1416 600 quae
1439 533 1609 587 sacris
1637 533 1761 587 locis
1789 537 2109 602 competunt.

642 646 954 714 Imperator
969 641 1320 697 Justinianus
1346 646 1629 714 Augustus
1663 644 1952 698 Theodoto
1985 644 2182 699 Orien-

566 735 764 792 talium
793 735 1192 806 praatoriorum
1221 735 1502 806 praefecto.

635 828 792 892 Quod
819 827 1226 882 medicamenta
1251 827 1479 898 morbis,
1506 829 1613 883 hoc
1637 828 1906 883 exhibent
1922 829 2054 900 jura
2077 846 2182 884 ne-

569 921 751 992 gotiis.
780 920 935 976 Unde
961 919 1326 991 consequitur
1359 924 1421 974 ut
1457 936 1864 992 nonnunquam
1902 937 1934 975 a
1969 921 2184 992 judicio

568 1009 843 1064 discordet
868 1008 1114 1074 effectus,
1143 1013 1197 1062 et
1225 1007 1375 1078 quod
1402 1008 1664 1063 credebat.
1685 1009 2010 1079 conjectura
2049 1026 2181 1081 pro-

565 1101 740 1168 desse,
766 1101 1154 1172 experimento
1179 1100 1496 1155 inveniatur
1522 1099 1746 1156 inutile.
1780 1101 1981 1156 Probat
2011 1101 2186 1172 igitur

565 1195 670 1248 hoc
689 1193 979 1264 prmsentis
996 1193 1165 1247 etiam
1190 1193 1484 1247 necessitas
1500 1193 1822 1259 sanctionis,
1856 1193 1917 1247 in
1933 1209 2044 1264 qua
2063 1195 2181 1264 pri-

562 1286 832 1358 vilegium
859 1301 928 1341 ex
955 1285 1216 1356 religioso
1240 1285 1524 1356 proposito
1547 1285 1908 1339 sacrosanctis
1939 1287 2184 1342 ecclesiis

565 1378 665 1434 Dei
691 1382 746 1432 et
769 1377 1147 1443 monasteriis,
1177 1377 1412 1447 aliisque
1439 1376 1714 1447 religiosis
1739 1377 1898 1446 locis,
1918 1379 2185 1433 constitu-

563 1471 714 1527 tione
739 1475 930 1524 nostra
959 1485 1144 1540 nuper
1169 1469 1474 1538 indultum,
1509 1469 1814 1523 necessaria
1838 1470 2183 1526 correctione

563 1562 982 1634 distinguimus.
1008 1561 1230 1616 Dudum
1255 1561 1299 1614 si
1326 1561 1554 1632 quidem
1576 1561 1924 1631 jusseramus
1949 1562 2018 1616 ad
2046 1579 2181 1617 cen-

563 1661 684 1710 tum
713 1655 820 1708 illis
849 1669 1025 1708 annos
1050 1653 1394 1724 exceptionis
1433 1654 1735 1724 prapagari
1778 1653 2056 1708 curricula
2079 1671 2184 1724 per

559 1753 718 1822 cujus
730 1751 1015 1805 licentiam
1028 1749 1326 1804 sanationis
1341 1751 1572 1822 negotia
1587 1750 1816 1822 quidem
1835 1751 2013 1806 multa
2033 1767 2182 1806 com-

1695 334 1945 390 SECULI
1982 333 2166 389 SEXTI
2203 333 2755 390 SUPPLEMENTUM.

2207 449 2266 523 Α
2286 439 2766 510 emphyteusibus,
2795 444 2852 494 et
2869 439 3265 506 locationibus,
3296 442 3359 492 et
3383 437 3640 507 reliqua
3667 449 3900 489 rerum
3923 449 4004 488 ec-

3850 329 3991 381 1012

2285 531 2719 586 clesiasticarum
2746 531 3239 586 administratione
3268 529 3697 601 promulgatas
3734 526 3889 590 sint,
3919 525 4002 580 vi-

2282 639 2406 676 sum
2434 623 2594 678 nobis
2625 627 2706 678 est
2743 623 2934 678 omnia
2959 627 3250 695 praesente
3277 620 3614 692 complecti
3657 620 3834 690 lege.
3859 619 4002 674 San-

2285 715 2464 770 cimus
2503 715 2678 786 igitur
2713 717 2902 788 utqui
2943 720 3325 770 sacrosancta:
3368 716 3434 768 in
3477 713 3653 768 urbe
3683 712 3864 782 regia
3891 727 4002 766 ma-

2275 807 2419 878 joris
2445 807 2714 872 ecclesias,
2766 813 2865 862 aut
2897 807 3383 879 orphanotrophii
3411 847 3429 876 ,
3460 809 3579 861 aut
3609 804 4001 871 xenodochii,

2283 905 2380 955 aut
2405 900 2846 971 ptochotrOphii,
2877 905 2976 954 aut
2995 900 3338 968 nosocomii,
3367 903 3482 954 aut
3513 898 3788 952 alterius
3825 913 4002 951 vene.

2283 992 2474 1046 rabilis
2511 993 2714 1047 domus
2752 993 2810 1046 in
2849 993 3008 1064 regia
3042 993 3290 1059 civitate,
3336 996 3450 1047 aut
3501 991 3655 1062 ejus
3699 991 4005 1045 territorio

2281 1085 2595 1139 constitutae
2636 1085 2900 1155 (exceptis
2933 1085 3361 1140 venerabilibus
3411 1081 3858 1152 monasteriis)
3913 1099 4004 1137 res

2284 1177 2622 1246 gubernant,
2650 1177 2709 1231 hi
2733 1177 2948 1232 nullam
2973 1177 3266 1232 licentiam
3294 1177 3581 1232 habeant
3607 1177 3887 1231 vendere
3907 1179 4008 1230 aut

2282 1269 2510 1338 donare,
2536 1273 2636 1326 aut
2658 1275 3004 1342 permutare,
3031 1275 3132 1324 aut
3157 1261 3645 1325 remunerandus
3666 1270 4006 1324 donationis

2283 1361 2460 1431 gratia
2497 1361 2649 1430 dare,
2679 1366 2780 1416 aut
2811 1378 3152 1433 quacunque
3193 1363 3309 1418 alia
3345 1363 3556 1418 forma
3603 1362 3889 1416 alienare
3919 1361 4005 1416 vel

2280 1469 2404 1507 rem
2430 1453 2800 1521 immobilem,
2827 1456 2912 1508 vel
2946 1454 3166 1509 civilem
3195 1471 3536 1520 annonam,
3566 1457 3672 1510 vel
3715 1455 4006 1509 rusticum

2279 1545 2648 1618 mancipium,
2669 1546 2779 1600 nisi
2805 1563 2934 1600 cum
2955 1546 3246 1618 imperiali
3265 1547 3455 1602 domo
3473 1547 3864 1602 instituatur
3879 1563 4006 1618 per-

2280 1639 2537 1706 mutatio,
2569 1638 2878 1710 etquidem
2899 1639 3102 1692 solum.
3130 1639 3241 1694 Sed
3273 1655 3478 1710 neque
3517 1640 3852 1694 colonario
3871 1641 4007 1709 jure

2279 1730 2398 1784 dari
2418 1730 2630 1802 aliquid
2655 1730 3060 1802 permittimus.
3102 1732 3557 1804 Emphyteuses
3585 1749 3743 1788 vero
3779 1751 3814 1787 a
3851 1749 4007 1804 prae-

562 1799 644 1822 ""d
656 1799 714 1806 “’””
730 1799 1015 1805 ’“““”“““”““”
1029 1799 1324 1804 '“_""""
1341 1799 1571 1822 _'O""
1592 1799 1816 1822 Ὶ“““⁷’⁹”
1835 1799 2013 1806 “’““’“’”“
2036 1799 2158 1806 ’⁷⁷⁸⁵⁸
2511 1799 2529 1802 ⁷
2656 1799 2675 1802 “
3210 1799 3231 1804 '
3299 1799 3313 1802 '
3851 1799 3874 1804 ’-

560 1848 710 1898 mota
747 1846 898 1912 sunt,
928 1846 984 1897 et
1007 1843 1158 1897 velut
1189 1843 1550 1914 antiquorum
1585 1843 1883 1898 vulnerum
1923 1799 2256 1899 obducta];
2280 1822 2425 1876 dicta
2443 1825 2792 1877 sacrosancta
2812 1823 2990 1894 regias
3014 1823 3178 1878 urbis
3207 1825 3440 1894 majore
3475 1825 3753 1880 ecclesia
3784 1830 3848 1880 et
3891 1842 4008 1880 me-

561 1939 863 2007 patuerunt
891 1935 1097 1990 iterum
1121 1934 1422 1990 cicatrices.
1453 1934 1559 1990 Sed
1585 1951 1781 1990 eorum
1813 1935 2020 1990 sanitas
2043 1951 2179 2006 pro-

562 2028 750 2084 venire
769 2044 886 2082 non
905 2027 1108 2098 potuit,
1123 2027 1522 2098 probationum
1538 2027 1744 2082 scilicet
1763 2026 2183 2082 difﬁcultatibus

559 2121 850 2190 impedita,
882 2119 1148 2190 quoniam
1180 2135 1286 2191 per
1311 2122 1534 2174 tantum
1571 2119 1758 2174 saeculi
1793 2120 1973 2190 magis
2012 2136 2184 2192 quam

561 2212 832 2284 temporis
879 2212 1145 2283 spatium,
1183 2229 1284 2266 nec
1331 2211 1682 2266 documentis
1721 2212 2035 2283 integritas,
2076 2229 2183 2266 nec

561 2305 695 2360 actis
719 2304 876 2370 fides,
901 2321 1003 2358 nec
1029 2308 1163 2358 astas
1188 2304 1334 2358 valet
1361 2303 1594 2358 testibus
1627 2303 1942 2375 suffragari.
1973 2305 2180 2358 Verum

560 2397 691 2468 quia
709 2397 956 2468 largitati
976 2400 1180 2452 nostra:
1197 2412 1493 2452 causarum
1510 2413 1629 2452 non
1644 2397 1885 2451 occurrit
1901 2397 2178 2467 angustia,

559 2505 690 2546 cum
715 2489 930 2545 ratione
956 2489 1124 2544 simul
1151 2505 1214 2544 ac
1239 2489 1511 2560 religione
1530 2493 1830 2544 tractantes
1849 2489 2183 2560 praedictum

557 2582 919 2654 privilegium
945 2597 1126 2652 usque
1155 2581 1226 2636 ad
1267 2581 1590 2652 possibilem
1623 2581 1855 2636 modum
1885 2581 2178 2651 deducere,

557 2675 944 2746 experimento
971 2673 1325 2729 retraximus.
1349 2675 1413 2728 Et
1425 2673 1696 2744 jubemus
1714 2674 1776 2728 in
1797 2673 2040 2744 negotiis
2053 2690 2182 2746 quae

557 2772 686 2822 ante
711 2767 816 2821 hac
841 2766 1075 2838 triginta
1093 2782 1373 2820 annorum
1393 2766 1720 2820 removebat
1736 2765 2007 2836 exceptio,
2029 2781 2182 2820 nunc

559 2858 970 2914 venerabilibus
995 2857 1260 2926 ecclesiis,
1289 2857 1644 2912 monasteriis
1662 2900 1676 2923 ,
1707 2863 1762 2912 et
1786 2857 2179 2925 xenodochiis,

561 2967 779 3006 necnon
805 2949 1303 3020 orphanotrOphiis
1322 2989 1336 3015 ,
1365 2954 1422 3004 et
1447 2949 1909 3020 brephotrophiis
1933 2991 1946 3015 ,
1973 2953 2029 3004 et
2056 2953 2179 3020 pto-

559 3027 702 3098 chiis
743 3042 1118 3114 quadraginta
1171 3057 1454 3096 annorum
1503 3041 1800 3112 protelatio
1840 3041 2179 3109 conferatur,

559 3136 708 3190 salva
737 3134 949 3190 scilicet
975 3133 1122 3188 circa
1160 3134 1297 3187 alias
1343 3149 1604 3204 personas
1641 3139 1697 3188 et
1739 3150 1932 3188 causas
1977 3133 2255 3226 virtuteCI

559 3244 729 3300 quam
758 3243 979 3298 semper
1001 3225 1326 3280 tricennalis
1341 3225 1444 3280 sibi
1464 3226 1811 3298 praescriptio
1837 3227 2176 3296 vindicabat,

558 3319 828 3391 quoniam
859 3319 1000 3373 hanc
1025 3319 1218 3374 decem
1237 3334 1516 3372 annorum
1551 3317 1922 3388 adjectionem
1942 3319 2073 3373 solis
2099 3319 2183 3389 (ut

557 3413 769 3467 dictum
797 3411 897 3480 est)
929 3410 1207 3482 religiosis
1234 3411 1386 3478 locis,
1421 3427 1732 3482 eorumque
1765 3411 1904 3481 juri,
1935 3411 2021 3466 vel
2049 3428 2182 3466 con-

557 3505 824 3559 tractibus
848 3503 1232 3574 indulgemus,
1255 3505 1320 3556 ut
1340 3503 1534 3574 sopitae
1571 3504 1674 3558 hoc
1701 3503 1971 3574 temporis
2001 3504 2180 3575 spatio

558 3602 672 3651 tam
701 3596 1022 3667 personales
1049 3611 1217 3667 quam
1250 3595 1672 3666 hypothecariae
1699 3595 1941 3650 actiones
1970 3596 2028 3650 in
2057 3612 2182 3667 per-

555 3694 789 3759 petuum
819 3689 1236 3760 conquiescant,
1266 3687 1410 3742 nihil
1435 3689 1660 3759 penitus
1687 3688 1810 3742 aliis
1841 3689 2181 3760 exceptioni-

553 3782 660 3836 bus
687 3783 1043 3853 derogantes,
1073 3781 1170 3835 sed
1203 3785 1323 3836 tam
1349 3781 1411 3835 in
1429 3781 1552 3834 aliis
1581 3797 1752 3851 quam
1783 3781 2031 3836 triennio
2065 3781 2179 3836 vim

554 3874 838 3945 roburque
861 3873 1204 3928 tenentibus.
1234 3875 1296 3926 In
1320 3873 1429 3926 illis
1455 3889 1698 3945 namque
1729 3873 1811 3943 (ut
1835 3873 2048 3928 dictum
2075 3873 2177 3946 est)

555 3974 776 4023 tantum
795 3967 1038 4038 negotiis
1064 3967 1353 4038 religiosos
1381 3972 1697 4022 contractus
1717 3971 2031 4023 memorato
2046 3985 2180 4040 qua-

556 4061 817 4132 draginta
856 4076 1137 4114 annorum
1179 4059 1473 4131 privilegio
1523 4059 1782 4115 volumus
1825 4061 2071 4132 perfrui,
2117 4061 2178 4116 in

553 4153 762 4224 quibus
775 4152 856 4206 eis
871 4157 1098 4206 centum
1109 4168 1389 4208 annorum
1407 4153 1837 4226 praerogativam
1855 4153 2178 4208 constitutio

552 4248 740 4299 nostra
765 4245 1095 4300 contulerat.
1135 4244 1190 4300 Si
1237 4261 1374 4316 quas
1419 4245 1583 4316 plane
1627 4261 1816 4299 causas
1858 4250 1990 4300 ante
2032 4246 2177 4301 hanc

551 4341 797 4392 nostram
824 4337 1282 4392 constitutionem
1305 4338 1376 4392 ab
1393 4337 1640 4393 ecclesiis
1659 4337 1986 4408 caeterisque
2005 4337 2177 4393 sacris
2208 4365 2223 4377 -

551 4429 684 4484 locis
724 4429 1049 4500 ubicunque
1083 4436 1425 4500 commotas,
1464 4430 1746 4501 judicialis
1776 4430 2051 4485 sententia
2078 4435 2178 4486 aut

2279 1914 2512 1968 moratis
2549 1914 2963 1970 venerabilibus
3001 1916 3274 1971 domibus
3319 1917 3642 1972 celebrari
3686 1918 4004 1988 jubemus,

2279 2017 2403 2066 tum
2427 2011 2484 2066 in
2513 2029 2748 2082 persona
2769 2012 2891 2083 ejus
2911 2013 3010 2084 qui
3041 2015 3285 2084 accepit,
3309 2019 3448 2069 tum
3483 2016 3557 2070 in
3591 2017 3738 2074 aliis
3769 2018 4008 2074 duobus

2281 2103 2474 2159 ordine
2513 2104 2863 2172 heredibus,
2911 2110 2974 2160 ut
3014 2109 3209 2160 tamen
3251 2107 3415 2162 ultra
3460 2113 3724 2166 sextam
3772 2118 4006 2183 partem

2279 2197 2632 2250 subsistentis
2647 2197 2876 2251 canonis
2895 2197 3038 2252 nihil
3053 2199 3108 2252 ei
3128 2199 3229 2270 qui
3249 2201 3738 2272 emphyteusim
3760 2206 4012 2277 suscipit

2279 2289 2660 2359 indulgeatur.
2695 2291 2770 2344 De
2801 2291 3143 2345 suburbanis
3165 2296 3369 2348 autem
3403 2311 3555 2365 quae
3577 2297 3665 2352 ad
3688 2315 4008 2352 sacrosan-

2281 2385 2428 2435 ctam
2471 2381 2749 2452 majorem
2797 2381 3095 2437 ecclesiam
3146 2389 3204 2438 et
3245 2386 3581 2456 praedictas
3626 2391 4012 2446 venerabiles

2281 2473 2476 2528 domos
2520 2473 2580 2527 in
2625 2473 2768 2529 urbe
2801 2474 2963 2545 regia
3003 2476 3095 2530 vel
3122 2477 3248 2546 ejus
3279 2480 3602 2535 territorio
3644 2485 4011 2539 constitutas

2279 2565 2584 2636 pertinent,
2601 2566 2870 2637 jubemus
2890 2571 2955 2620 ut
2979 2567 3268 2639 siquidem
3293 2572 3668 2628 suburbana
3691 2576 4008 2649 integrum

2280 2660 2338 2712 et
2361 2657 2603 2712 solidum
2633 2674 2911 2714 canonem
2938 2659 3189 2716 habeant
3213 2661 3276 2716 in
3305 2664 3544 2735 reditu,
3572 2667 3661 2722 ab
3692 2669 3800 2723 his
3821 2671 3929 2742 qui
3949 2688 4012 2725 ea

2279 2749 2399 2820 ipsa
2447 2751 2789 2806 venerabilia
2829 2752 2952 2806 loca
2997 2753 3352 2825 gubernant,
3403 2757 3654 2814 dentur
3711 2763 4010 2834 praedicto

2281 2842 2446 2896 modo
2471 2842 2530 2896 in
2561 2843 2980 2914 emphyteusim
2999 2887 3013 2914 ,
3055 2851 3180 2900 tam
3205 2848 3573 2920 suscipienti
3598 2894 3616 2922 ,
3651 2871 3856 2927 quam
3889 2857 4012 2911 aliis

2279 2933 2496 2989 duabus
2527 2936 2992 3006 successionibus,
3022 2953 3212 3010 neque
3243 2941 3448 3013 aliqua
3493 2943 3564 2999 in
3611 2963 3688 3002 re
3719 2948 3838 3005 ﬁat
3861 2951 4012 3006 rele-

2279 3025 2445 3094 vatio,
2486 3027 2582 3082 sed
2620 3028 2806 3098 potius
2828 3035 3231 3100 augmentum.
3279 3033 3338 3089 Si
3375 3051 3449 3089 ea
3481 3038 3868 3097 suburbana
3904 3044 4010 3098 ali-

2281 3135 2452 3190 quem
2481 3121 2714 3174 omnino
2743 3121 2993 3177 reditum
3024 3140 3141 3178 non
3170 3125 3460 3196 habeant,
3493 3130 3842 3190 licentiam
3870 3154 4015 3208 prae-

2279 3211 2478 3267 bemus
2514 3214 2920 3269 venerabilium
2973 3215 3235 3272 locorum
3291 3219 3857 3291 dispensatoribus
3911 3231 4015 3286 sub

2279 3311 2429 3359 certa
2455 3305 2764 3376 quantitate
2791 3307 2896 3376 (uti
2921 3309 3266 3379 prtedictum
3296 3313 3410 3384 est)
3456 3315 3621 3374 dare
3673 3337 3752 3376 ea
3783 3323 3857 3378 in
3890 3341 4016 3380 em-

2277 3397 2619 3489 phyteusim.
2657 3399 2830 3454 Porro
2859 3399 2905 3454 si
2931 3402 3259 3471 quamlibet
3290 3421 3427 3462 rem
3473 3409 3557 3465 ab
3590 3413 3824 3486 aliquo
3859 3435 4016 3489 prae-

2279 3488 2557 3582 dictorum
2601 3491 3011 3547 venerabilium
3057 3495 3326 3562 locorum
3357 3488 3874 3575 emphyteutico
3883 3511 4021 3582 jure

2279 3581 2418 3648 dari,
2439 3582 2526 3636 vel
2552 3582 2620 3637 ad
2643 3583 2882 3638 domum
2900 3585 3291 3658 imperialem,
3312 3597 3423 3647 aut
3447 3611 3718 3655 sacrum
3733 3581 4020 3659 nostrum

2279 3674 2562 3742 aerarium,
2607 3681 2707 3730 aut
2749 3675 3042 3733 civitatem
3085 3681 3373 3754 aliquam,
3411 3692 3531 3744 aut
3585 3695 3851 3752 curiam
3871 3740 3890 3764 ,
3923 3703 4023 3752 aut

2277 3765 2445 3821 aliam
2483 3783 2881 3840 quamcunque
2925 3772 3319 3830 venerabilem
3361 3777 3644 3838 domum
3689 3792 4022 3858 pervenire

2278 3859 2597 3929 contigerit,
2610 3859 2899 3916 licentiam
2911 3865 3242 3934 praebemus
3252 3873 3729 3934 venerabilium
3744 3882 4025 3939 locorum

2278 3951 2774 4050 dispensatoribus,
2787 3970 2821 4050 a
2835 3955 3043 4026 quibus
3065 3957 3234 4014 initio
3252 3963 3574 4023 celebrata
3595 3971 3726 4028 fuit
3757 3979 4020 4050 empby-

2277 4044 2468 4112 tensis,
2491 4045 2718 4141 quando
2739 4046 3004 4141 adpunam
3027 4051 3290 4123 aliquam
3319 4059 3804 4126 praedictarum
3828 4037 4023 4141 perso-

2279 4153 2481 4191 narum
2506 4137 2831 4208 hujusmodi
2856 4143 3118 4211 pervenit
3135 4147 3596 4222 emphyteusis,
3616 4165 3693 4214 ut
3714 4137 3912 4218 sua—tn
3931 4165 4021 4218 da

2277 4229 2492 4284 clarent
2505 4231 2844 4326 sententiam
2861 4231 3011 4289 intra
3030 4235 3341 4294 biennium
3354 4245 3676 4306 ,velintne
3691 4257 3880 4326 apud
3896 4258 4022 4314 illos

2277 4336 2402 4376 eam
2439 4338 2562 4376 rem
2603 4321 2946 4394 relinquere,
2987 4327 3060 4382 ad
3085 4343 3232 4400 quos
3258 4339 3588 4407 pervenit,
3635 4350 3704 4401 et
3735 4321 4022 4406 annuum

2276 4413 2522 4468 reditum
2549 4414 2649 4486 qui
2675 4422 2840 4486 pacto
2867 4421 3328 4490 comprehensus
3357 4433 3458 4485 est
3490 4435 3794 4510 auferre,
3823 4460 3906 4499 an
3933 4461 4018 4499 re-

550 4521 989 4576 transactionum
1025 4523 1322 4578 conventio
1352 4522 1704 4588 terminavit,
1730 4523 1996 4578 nolumus
2019 4522 2164 4577 refri-

2410 4511 2455 4560 ta
2481 4507 2870 4578 emphyteusi,
2902 4511 3049 4568 hanc
3087 4515 3377 4589 recipere,
3416 4523 3470 4578 si
3511 4505 3885 4600 expediens
3924 4540 4024 4592 hoc

551 4614 684 4682 cari,
723 4615 820 4668 red
854 4615 910 4670 in
939 4615 1218 4686 reliquum
1263 4615 1372 4669 illis
1416 4615 1562 4670 hanc
1599 4615 1762 4686 ohjici
1805 4614 2172 4682 sanctionem,

549 4723 689 4778 quas
721 4707 953 4761 antehas
981 4708 1189 4778 sopitas
1219 4712 1342 4762 octo
1371 4709 1677 4763 lustrorum
1707 4708 1928 4762 silentio
1960 4707 2174 4762 moveri

550 4800 820 4854 hactenus
843 4804 938 4855 aut
961 4804 1140 4854 motas
1168 4799 1462 4854 terminari
1488 4817 1603 4854 non
1642 4800 1896 4870 contigit.
1936 4800 2172 4854 lllustris

547 4892 723 4961 igitur
747 4897 804 4946 et
829 4892 1128 4964 magniﬁca
1152 4893 1456 4948 auctoritas
1479 4899 1604 4962 tua,
1633 4908 1759 4963 quae
1784 4908 1886 4962 per
1914 4893 2055 4946 hanc
2083 4908 2172 4963 ge-

547 4986 797 5039 neralem
821 4985 1008 5056 legem
1034 4988 1228 5040 nostra
1253 4985 1450 5040 statuit
1475 4985 1756 5040 aeternitas
1777 5025 1791 5051 ,
1819 4984 2018 5040 edictis
2044 5001 2172 5056 pro-

546 5077 739 5146 positis
779 5077 849 5131 ad
895 5076 1150 5132 omnium
1192 5077 1446 5132 notitiam
1489 5077 1654 5133 faciat
1681 5077 1993 5148 pervenire.
2045 5077 2164 5132 Dat.

548 5169 737 5222 Kalen.
765 5169 966 5237 Iuniis,
983 5170 1406 5241 ConstantinOp.
1434 5170 1677 5242 imperii,
1695 5170 1752 5225 d.
1784 5187 1844 5224 n.
1869 5169 2168 5224 Iustiniani

549 5264 608 5314 Α.
644 5263 744 5316 ΡΡ.
772 5279 924 5317 anno
951 5265 1034 5326 l5,
1070 5262 1270 5324 Basilio
1298 5278 1352 5316 v.
1381 5279 1430 5318 c.
1461 5279 1572 5318 cos.

1109 5409 1416 5466 NOVELLA
1449 5411 1594 5467 CXX.

544 5503 616 5554 De
657 5499 980 5554 aliazatione
1006 5504 1057 5553 et
1094 5503 1424 5570 emphyteusi
1455 5519 1634 5559 rerum
1666 5504 2162 5560 ecclesiasticarum.

615 5616 926 5686 Imperator
963 5613 1307 5671 Justinianus
1343 5620 1630 5690 Augustus
1673 5620 1836 5674 Petro
1887 5618 2165 5690 gloriosis-

541 5709 682 5760 simo
709 5707 1080 5764 Orientalium
1103 5709 1495 5777 praetoriorum
1522 5711 1807 5782 praefecto.

610 5801 751 5855 Cum
780 5802 969 5858 multa:
991 5799 1332 5875 diversasque
1361 5803 1516 5873 leges
1536 5803 1604 5858 de
1629 5803 2076 5876 alienationibus,
2106 5809 2161 5861 et

2271 4598 2411 4671 ipsis
2439 4614 2558 4654 esse
2584 4602 2929 4671 putaverint.
2974 4604 3032 4660 Si
3061 4622 3178 4677 qua
3217 4625 3362 4667 vero
3407 4614 3562 4674 loca
3603 4598 3801 4697 sunt,
3836 4633 3931 4685 vel
3959 4632 4024 4684 ad

2273 4697 2676 4748 sacrosanctam
2719 4694 2996 4764 majorem
3051 4700 3390 4775 ecclesiam,
3430 4713 3534 4766 vel
3597 4717 3688 4773 ad
3751 4694 4024 4796 aliquam

2270 4784 2666 4854 praedictarum
2694 4788 3116 4847 venerabilium
3154 4794 3458 4856 domuum
3492 4784 3934 4883 pertinentia,
3969 4819 4021 4872 in

2271 4876 2474 4982 quibus
2499 4877 2748 4980 antiquae
2775 4880 2981 4982 domus
3020 4885 3288 4982 collapsas
3322 4893 3640 4972 existant,
3681 4923 3766 4962 ex
3807 4876 4022 4982 quibus

2271 4971 2459 5024 nullus
2485 4970 2720 5024 omnino
2744 4973 2964 5028 reditus
2990 4978 3350 5048 praebeatur,
3383 4970 3792 5056 memorata;
3825 4970 4018 5060 ᾇυωιη

2267 5061 2618 5161 venerabiles
2643 5063 2864 5131 domus,
2897 5068 2969 5122 ad
3001 5085 3146 5140 quas
3181 5073 3312 5130 haec
3343 5076 3481 5136 loca
3519 5091 3900 5161 pertinent,
3936 5115 4025 5152 ex-

2269 5153 2546 5209 aediﬁcare
2573 5171 2666 5210 eas
2695 5165 3011 5230 nequeant,
3052 5163 3356 5224 licentiam
3404 5153 3651 5238 dazﬁus
3691 5193 3768 5243 ut
3812 5153 4022 5245 ha'mm

2266 5251 2552 5345 curatores
2598 5265 2664 5303 ea
2705 5250 2828 5305 loca
2863 5259 3146 5324 perpetuo
3165 5257 3308 5328 jure
3353 5271 3890 5345 emphytenseos
3915 5289 4021 5340 tra-

2266 5339 2426 5443 dant.
2469 5342 2552 5394 lta
2575 5345 2789 5410 tamen,
2817 5349 2882 5400 ut
2909 5349 3314 5449 emphyteusis
3354 5339 3591 5419 autiinv
3620 5374 3833 5431 tertia
3862 5384 4019 5449 parte

2263 5433 2622 5538 pensionum,
2661 5451 2792 5538 quae
2817 5453 2906 5538 ex”
2923 5440 3142 5538 sedibus
3167 5445 3366 5504 adhuc
3399 5457 3745 5521 stantibus
3773 5433 4016 5538 collige-

2263 5525 2582 5635 bantur,‘es
2606 5528 2942 5635 primordiis
2967 5535 3399 5606 emphyteutici
3433 5550 3777 5625 temporis
3810 5525 4014 5635 pmze-

2262 5617 2386 5730 dat‘;
2415 5622 2521 5730 aut
2536 5619 2584 5673 si
2613 5621 3003 5730 emphyteu‘tan
3019 5641 3085 5681 ea
3125 5632 3481 5694 conditione
3535 5617 3689 5704 16m

2261 5710 2544 5813 maluerit,
2575 5716 2638 5767 ut
2672 5713 2830 5813 prius
2855 5716 3119 5787 aedificet,
3150 5726 3214 5776 et
3243 5723 3588 5794 dimidiam
3623 5710 4014 5813 pem—ﬁsi];

2259 5808 2480 5876 partem
2496 5819 2624 5877 quae
2641 5805 2846 5864 exinde
2866 5809 3260 5875 aestimatione
3277 5819 3442 5881 inita
3464 5805 3844 5915 accedunt,
3867 5805 4011 5920 ﬁt;
