4088 6418
191 354 329 407 1013

1049 354 1410 410 JUSTINIANI
1447 356 1774 411 NOVELL/E
1811 356 2147 413 SELECTrE.
2190 359 2500 416 NOVELLA
2538 364 2691 417 CXX.

3417 361 3551 419 1014

184 462 296 511 stet
324 456 380 511 ei
406 457 719 513 venerabili
751 457 946 513 domui
982 476 1015 513 a
1042 476 1155 530 qua
1177 477 1242 515 ea
1265 460 1387 533 ipsa
1415 464 1535 517 loca
1573 464 1823 537 suscipit,
1847 476 1907 549 Α
1927 467 2210 538 conjuncti
2238 471 2531 539 sunt,post
2554 469 2805 539 ipsorum
2823 470 3067 523 mortem
3082 470 3151 524 ad
3168 468 3553 525 venerabilem

185 556 240 605 et
284 550 401 605 hoc
435 550 563 605 ﬁeri
604 552 983 608 concedimus.
1023 555 1224 609 Utatur
1261 559 1452 610 autem
1502 556 1823 612 istiusmodi

183 644 562 714 emphyteuta
599 661 666 699 ex
704 645 905 700 dirutis
953 646 1121 702 etiam
1167 647 1382 703 adibus
1437 648 1553 703 illic
1580 650 1822 705 inventis

186 736 534 791 materiebus
561 754 626 792 ac
651 738 972 794 ruderibus.
1016 742 1298 796 Caterum
1335 741 1381 795 si
1425 742 1551 812 quis
1581 742 1823 797 voluerit

182 845 593 901 quamcunque
623 846 745 885 rem
776 831 1123 887 immobilem
1150 849 1287 888 usus
1314 833 1546 889 nomine
1574 852 1607 888 a
1630 851 1819 889 sacro-

183 926 383 976 sancta
407 923 582 994 regia
610 924 767 979 urbis
793 925 1006 995 majore
1023 926 1273 994 ecclesia,
1292 930 1391 981 aut
1408 944 1519 981 una
1542 944 1822 983 memora-

182 1017 375 1069 tarum
388 1016 800 1071 venerabilium
812 1018 1088 1073 domuum
1097 1019 1489 1091 accipere,non
1500 1020 1663 1074 aliter
1675 1021 1823 1075 hanc

180 1108 469 1179 percipito
509 1109 622 1164 nisi
654 1110 914 1181 protinus
952 1112 1191 1167 alteram
1231 1128 1353 1167 rem
1387 1112 1697 1167 venerabili
1726 1113 1824 1168 do-

183 1201 303 1255 mui
325 1217 361 1255 a
386 1218 504 1273 qua
525 1218 650 1257 eam
669 1218 793 1257 rem
818 1203 1067 1275 suscipit,
1083 1204 1213 1275 jure
1233 1205 1472 1259 dominii
1491 1205 1818 1277 prabuerit,

182 1311 312 1366 qua
342 1299 407 1349 et
430 1296 790 1351 tantumdem
826 1296 1039 1352 reditus
1083 1298 1305 1366 habeat,
1339 1303 1619 1369 quantum
1652 1299 1824 1355 habet

183 1404 271 1442 res
301 1405 438 1459 qua
464 1388 548 1442 illi
569 1389 755 1457 datur,
776 1406 960 1461 neque
988 1390 1299 1461 majoribus
1320 1391 1558 1462 publicis
1577 1408 1823 1463 praegra-

182 1484 309 1535 vata
334 1481 412 1535 sit
436 1482 908 1553 prastationibus,
929 1482 1006 1537 ita
1030 1488 1095 1538 ut
1114 1488 1239 1554 post
1266 1488 1533 1551 mortem,
1555 1489 1653 1539 aut
1678 1484 1823 1540 illud

185 1579 415 1645 tempus
444 1574 506 1629 in
528 1575 678 1645 quod
707 1591 842 1629 usus
869 1575 1018 1630 datio
1042 1579 1207 1648 pacto
1246 1577 1525 1643 convenit,
1557 1578 1709 1649 quod
1732 1582 1818 1633 ta-

183 1683 320 1722 men
347 1667 687 1739 accipientis
714 1668 891 1723 vitam
918 1685 1033 1724 non
1060 1670 1436 1739 transcendat,
1459 1672 1702 1741 utraque
1731 1686 1823 1725 res

1926 560 2159 615 domum
2184 561 2337 616 unde
2362 578 2483 616 rem
2510 565 2900 633 susceperunt,
2931 562 3232 633 pervenire
3254 562 3544 633 jubemus.

1919 655 2100 724 Atque
2126 654 2248 708 hac
2274 653 2505 725 quidem
2542 655 2611 708 de
2646 658 2997 709 sacrosancta
3035 656 3248 725 majore
3290 654 3543 725 ecclesia,

1920 751 1976 800 et
2002 746 2283 817 pradictis
2312 747 2725 802 venerabilibus
2752 748 3014 802 domibus
3052 748 3112 802 in
3138 749 3296 819 regia
3318 748 3459 803 urbe
3491 752 3549 803 et

1921 838 2042 908 ejus
2082 840 2365 894 territorio
2413 841 2843 895 consistentibus
2880 840 3280 911 disposuimus.
3335 842 3545 897 Conse-

1921 936 2161 1002 quenter
2198 937 2387 987 autem
2418 938 2473 987 et
2511 932 2571 988 in
2609 934 2731 988 aliis
2772 934 3134 989 sacrosanctis
3176 934 3441 1003 ecclesiis,
3491 938 3550 990 et

1921 1025 2293 1092 monasteriis,
2324 1031 2381 1081 et
2400 1026 2732 1096 xenonibus,
2763 1031 2819 1081 et
2835 1026 3198 1093 nosocomiis,
3220 1044 3285 1081 ac
3313 1028 3547 1099 reliquis

1922 1117 2329 1173 venerabilibus
2359 1119 2617 1173 domibus
2641 1119 2699 1174 in
2720 1120 2983 1175 omnibus
3006 1120 3309 1192 provinciis
3334 1123 3545 1177 nostra

1920 1210 2249 1282 reipublica
2268 1211 2483 1282 positis,
2509 1228 2695 1283 neque
2720 1229 2836 1267 non
2863 1212 3035 1267 etiam
3056 1214 3410 1269 monasteriis
3429 1218 3546 1269 tam

1920 1302 1979 1357 in
2010 1304 2149 1358 urbe
2176 1303 2336 1374 regia
2361 1320 2535 1374 quam
2554 1305 2838 1359 territorio
2854 1305 2976 1375 ejus
2997 1306 3430 1361 consistentibus
3454 1307 3553 1361 de-

1921 1396 2083 1451 ﬁnire
2109 1397 2270 1450 nobis
2298 1396 2481 1451 visum
2514 1402 2618 1451 est.
2651 1397 2963 1452 Licentiam
3010 1398 3188 1469 igitur
3227 1399 3551 1469 praebemus

1922 1489 2208 1561 pradictis
2227 1489 2638 1544 venerabilibus
2653 1489 2933 1559 domibus,
2951 1506 3067 1544 non
3083 1492 3266 1545 solum
3284 1493 3349 1544 ut
3359 1506 3553 1546 rerum

1919 1581 2299 1636 immobilium
2314 1582 2386 1636 ad
2402 1598 2459 1637 se
2476 1583 2883 1653 pertinentium
2896 1584 3302 1654 temporariam
3313 1585 3553 1656 emphy-

1920 1674 2124 1729 teusim
2148 1675 2503 1741 contrahant,
2538 1676 2633 1730 sed
2672 1675 2843 1729 etiam
2888 1678 2952 1729 ut
2985 1675 3045 1729 in
3077 1681 3418 1746 perpetuum
3458 1693 3551 1732 eas

184 1761 243 1815 in
269 1761 549 1828 solidum,
568 1766 687 1816 tam
708 1762 1070 1833 proprietate,
1098 1779 1271 1834 quam
1289 1762 1581 1818 usufructu
1602 1764 1673 1817 ad
1693 1779 1820 1818 eam
1846 1833 1891 1839 _
1917 1767 2046 1838 jure
2073 1768 2494 1838 emphyteutico
2529 1768 2754 1823 tradant
2779 1768 3118 1823 volentibus.
3148 1769 3218 1822 Et
3244 1769 3475 1839 quidem
3504 1769 3553 1825 si

184 1854 576 1911 venerabilem
618 1855 854 1909 domum
892 1856 1202 1926 perveniat.
1234 1856 1557 1911 Locationes
1598 1872 1825 1927 quoque
1846 1833 1901 1905 B
1924 1864 2290 1915 sacrosancta
2327 1860 2440 1915 sint
2477 1861 2745 1928 ecclesia,
2792 1865 2889 1915 aut
2916 1861 3040 1916 alia
3071 1862 3421 1916 venerabiles
3446 1862 3550 1917 do-

185 1948 253 2001 ab
282 1947 491 2002 iisdem
518 1948 937 2003 venerabilibus
967 1948 1232 2003 domibus
1276 1949 1534 2004 contrahi
1558 1950 1821 2005 concedi-

184 2058 331 2110 mus,
349 2041 427 2095 ad
452 2043 818 2113 quotcunque
834 2058 1010 2095 annos
1038 2042 1501 2097 contrahentibus
1520 2042 1821 2113 placuerit,

184 2134 281 2205 qui
308 2140 508 2190 tamen
536 2134 776 2205 triginta
802 2150 1082 2189 annorum
1111 2135 1358 2206 spatium
1383 2152 1502 2191 non
1530 2139 1822 2191 transcen-

184 2227 342 2282 dant.
372 2227 536 2291 Quod
561 2227 609 2280 si
633 2243 735 2281 usu
760 2226 950 2281 veniat
976 2230 1042 2281 ut
1069 2227 1259 2298 aliqua
1292 2229 1701 2298 pradictarum
1724 2246 1821 2283 ve-

185 2319 535 2374 nerabilium
556 2319 815 2374 locorum
838 2319 1069 2374 nomine
1088 2320 1445 2391 publicarum
1462 2321 1826 2377 contributio-

186 2429 349 2479 num,
383 2415 485 2467 aut
511 2414 583 2467 ob
609 2413 921 2484 quamlibet
948 2414 1115 2467 aliam
1140 2415 1442 2469 venerabili
1464 2415 1657 2470 domui
1678 2415 1822 2469 inci-

185 2508 422 2561 dentem
452 2506 844 2561 necessitatem
868 2506 1125 2575 indigeat
1154 2506 1429 2577 pecuniis,
1458 2508 1676 2562 licitum
1705 2512 1824 2563 esto

185 2601 360 2671 hujus
388 2599 873 2671 dispensatoribus
914 2598 1271 2654 immobilem
1311 2616 1436 2654 rem
1461 2601 1733 2673 obligare,
1767 2604 1826 2656 et

187 2695 242 2747 in
268 2693 513 2763 speciale
537 2692 747 2763 pignus
776 2692 931 2760 dare,
970 2698 1033 2746 ut
1062 2692 1307 2747 creditor
1336 2693 1513 2764 ipsam
1539 2710 1662 2748 rem
1690 2711 1820 2765 pos-

186 2787 391 2856 sideat,
421 2791 479 2840 et
517 2786 653 2840 inde
696 2786 913 2840 fructus
952 2786 1193 2856 colligat,
1225 2802 1430 2857 eosque
1466 2787 1571 2841 sibi
1605 2791 1719 2841 tam
1763 2789 1824 2843 in

184 2882 372 2952 ipsam
405 2879 678 2934 creditam
720 2879 1019 2950 pecuniam
1062 2884 1306 2950 reputet,
1346 2896 1517 2951 quam
1556 2880 1730 2935 etiam
1762 2882 1824 2936 in

184 2990 395 3028 usuras
422 2988 540 3027 non
568 2972 873 3043 ampliores
899 2972 1310 3043 quadrantibus
1334 2973 1604 3044 legitima
1630 2980 1821 3029 cente-

184 3068 371 3122 sima.
402 3066 459 3121 Si
478 3081 611 3120 vero
639 3082 715 3119 as
741 3066 990 3120 alienum
1010 3066 1132 3136 ejus
1146 3066 1480 3120 venerabilis
1500 3067 1703 3121 domus
1728 3084 1826 3122 an-

184 3161 347 3216 tistes
392 3159 769 3227 dissolverint,
814 3162 914 3212 aut
955 3158 1224 3213 creditori
1263 3158 1605 3213 satisfactum
1642 3160 1716 3215 sit
1758 3176 1823 3215 ex

182 3253 486 3317 fructibus,
510 3252 792 3307 recurrito
819 3267 883 3306 ea
908 3268 999 3306 res
1020 3252 1209 3307 denuo
1233 3252 1305 3306 ad
1324 3252 1704 3307 venerabilem
1732 3253 1827 3307 do-

182 3362 350 3401 mum
371 3346 528 3400 unde
549 3350 607 3399 et
632 3345 760 3400 data
773 3346 901 3399 fuit.
926 3346 1138 3399 Verum
1158 3346 1313 3399 enim
1331 3360 1465 3399 vero
1493 3346 1827 3417 emphyteu-

183 3434 296 3508 ses,
319 3444 380 3493 et
404 3438 774 3509 hypothecas,
810 3443 867 3491 et
890 3438 1355 3509 quinquennium
1379 3438 1712 3493 excedentes
1736 3439 1824 3493 lo-

183 3534 442 3589 cationes
470 3532 729 3586 contrahi
746 3532 1026 3597 volumus,
1048 3548 1081 3585 a
1107 3537 1457 3586 sacrosancta
1484 3532 1713 3603 quidem
1742 3548 1827 3587 re-

185 3628 299 3700 gia
336 3626 503 3680 urbis
548 3625 761 3695 majore
813 3625 1063 3691 ecclesia,
1116 3625 1396 3679 sententia
1448 3628 1505 3679 et
1550 3641 1827 3679 consensu

181 3718 504 3775 beatissimi
528 3718 700 3788 hujus
715 3718 1142 3788 'archiepiscopi
1168 3723 1223 3772 et
1246 3718 1602 3789 patriarcha,
1626 3718 1826 3787 juran-

184 3814 340 3869 tibus
366 3814 491 3883 ipso
519 3814 801 3883 prasente
845 3814 903 3865 et
931 3811 1305 3877 chartulariis,
1335 3814 1392 3866 et
1419 3811 1511 3865 Dei
1551 3812 1822 3865 amantis-

180 3906 350 3962 simis
395 3906 519 3976 ejus
563 3908 927 3959 sacrosancta
968 3904 1197 3975 majoris
1227 3904 1473 3959 ecclesia
1497 3904 1821 3972 aconomis,

181 4016 331 4072 quos
350 4000 400 4054 is
424 4001 752 4053 contractus
768 4014 884 4052 non
904 3998 975 4052 ad
997 3997 1255 4052 fraudem
1281 4002 1339 4052 et
1360 3996 1826 4068 circumscriptio-

180 4109 322 4148 nem
373 4092 496 4162 ejus
527 4091 748 4162 jurium
787 4090 904 4146 ﬁat.
939 4092 996 4145 In
1035 4090 1160 4145 aliis
1191 4094 1383 4145 autem
1410 4090 1825 4145 venerabilibus

180 4186 454 4242 domibus
500 4183 786 4255 siquidem
828 4182 1153 4238 chartularii
1194 4184 1325 4251 sint,
1364 4184 1596 4253 juranto
1629 4187 1687 4238 et
1713 4184 1823 4254 ipsi

180 4277 469 4335 consimili
496 4277 665 4331 modo
684 4282 961 4347 prasente
979 4276 1313 4331 venerabilis
1332 4276 1533 4331 domus
1549 4276 1819 4332 antistite.

180 4374 239 4428 Si
269 4369 604 4427 chartularii
627 4386 745 4424 non
772 4370 906 4436 sint,
938 4369 1043 4440 ipsi
1066 4368 1473 4423 venerabilium
1518 4370 1823 4424 domorum

179 4464 469 4521 antistites
495 4462 801 4534 pr0positis
830 4462 1198 4517 sacrosanctis
1236 4462 1552 4534 Evangeliis
1595 4466 1820 4517 contra-

1922 1970 2069 2020 mus,
2099 1970 2340 2024 quarum
2371 1954 2842 2024 gubernationem
2861 1954 3120 2009 locorum
3140 1954 3440 2027 episcopus
3462 1956 3553 2011 vel

1922 2064 2025 2119 per
2040 2063 2118 2112 se,
2150 2047 2237 2101 vel
2269 2062 2371 2117 per
2395 2046 2777 2101 venerabilem
2800 2046 2923 2117 ejus
2951 2048 3165 2102 clerum
3186 2052 3549 2118 exsequatur,

1924 2141 2204 2195 sententia
2227 2156 2290 2193 ac
2316 2156 2589 2194 consensu
2609 2140 2732 2209 ejus
2748 2139 3073 2210 hujusmodi
3089 2145 3404 2195 contractus
3430 2157 3556 2211 per-

1922 2234 2122 2300 ficitor,
2150 2233 2479 2303 jurantibus
2506 2238 2787 2303 prasente
2817 2249 2884 2288 eo
2913 2234 3220 2288 oeconomia
3249 2238 3305 2288 et
3330 2234 3556 2304 dispen-

1922 2326 2218 2394 satoribus,
2251 2330 2307 2380 et
2326 2326 2681 2380 chartulariis
2711 2326 3045 2380 venerabilis
3069 2326 3191 2396 ejus
3217 2326 3369 2390 cleri,
3399 2327 3557 2397 quod

1924 2435 1992 2473 ex
2021 2435 2089 2473 ea
2124 2419 2487 2489 emphyteusi
2516 2419 2662 2473 nihil
2691 2419 2885 2474 damni
2931 2419 3234 2473 venerabili
3278 2419 3555 2473 inferatur

1923 2511 2133 2566 domui.
2152 2511 2311 2575 Quod
2339 2512 2385 2565 si
2406 2511 2651 2581 ptochia,
2673 2516 2770 2565 aut
2789 2527 3059 2577 xenones,
3081 2514 3179 2565 aut
3204 2511 3550 2581 nosocomia,

1922 2610 2019 2659 aut
2041 2604 2165 2658 alia
2190 2604 2543 2658 venerabiles
2570 2603 2776 2658 domus
2813 2604 2943 2672 sint,
2972 2620 3100 2675 qua
3129 2604 3419 2675 propriam
3445 2620 3553 2675 gu-

1922 2697 2313 2752 bernationem
2339 2696 2603 2763 habeant,
2637 2696 2920 2767 siquidem
2950 2702 3140 2751 sancta
3158 2697 3235 2751 ibi
3262 2696 3555 2768 contingat

1924 2806 2044 2845 esse
2095 2790 2356 2857 oratoria,
2402 2789 2678 2844 sententia
2717 2790 2947 2859 majoris
2990 2789 3169 2861 partis
3214 2789 3554 2845 clericorum

1922 2883 2037 2938 illic
2064 2882 2528 2951 ministrantium,
2560 2898 2747 2953 neque
2775 2899 2891 2937 non
2931 2883 3101 2937 etiam
3127 2884 3377 2937 locorum
3402 2882 3553 2938 anti-

1923 2978 2139 3031 stitum.
2169 2977 2223 3032 Si
2250 2975 2605 3031 solummodo
2634 2991 2843 3044 xenon,
2866 2980 2963 3030 aut
2988 2975 3302 3047 ptochium,
3330 2980 3429 3031 aut
3454 2992 3557 3030 no-

1924 3070 2264 3136 socomium,
2302 3074 2402 3124 aut
2439 3069 2548 3123 alia
2590 3068 2924 3124 venerabilis
2966 3069 3169 3123 domus
3198 3069 3286 3137 sit,
3328 3069 3556 3124 antistes

1925 3164 2180 3217 locorum
2197 3166 2546 3217 contractum
2570 3162 2869 3231 celebrato,
2893 3162 3220 3233 jurantibus
3245 3178 3447 3216 earum
3466 3178 3559 3218 ve-

1925 3257 2265 3311 nerabilium
2313 3255 2615 3309 domorum
2654 3255 3135 3326 dispensatoribus
3166 3256 3228 3309 in
3257 3255 3556 3325 prasentia

1927 3350 2023 3404 Dei
2050 3347 2420 3403 amantissimi
2469 3348 2737 3418 episcOpi,
2781 3364 2815 3401 a
2856 3363 2969 3417 quo
3000 3348 3087 3401 vel
3122 3353 3552 3417 promoventur,

1925 3442 2011 3497 vel
2039 3442 2397 3505 ordinantur,
2428 3440 2581 3510 quod
2608 3440 2754 3493 nihil
2782 3439 2839 3492 in
2871 3454 2938 3493 eo
2966 3441 3255 3493 contractu
3275 3440 3336 3494 sd
3368 3439 3553 3495 Iasio-

1925 3551 2059 3589 nem
2083 3539 2180 3588 aut
2203 3532 2780 3603 circumscriptionem
2807 3547 3004 3586 earum
3026 3532 3432 3586 venerabilium
3459 3532 3556 3586 do-

1927 3643 2126 3681 muum
2155 3627 2269 3681 ﬁat.
2292 3627 2351 3680 In
2376 3624 2791 3680 venerabilibus
2809 3628 3000 3679 autem
3026 3624 3382 3679 monasteriis
3406 3641 3551 3695 pra-

1925 3720 2074 3774 sules
2110 3735 2306 3773 eorum
2348 3734 2478 3773 cum
2518 3718 2732 3788 majore
2773 3719 2934 3787 parte
2985 3716 3401 3771 monachorum
3440 3717 3553 3773 illic

1923 3812 2235 3866 ministeria
2257 3810 2590 3865 obeuntium
2619 3814 2973 3865 contractum
2990 3809 3350 3881 perﬁciunto.
3369 3812 3551 3881 Atque

1923 3905 1982 3960 in
2012 3904 2293 3975 pradictis
2318 3919 2452 3958 sane
2481 3903 2745 3958 omnibus
2763 3903 3033 3973 jubemus
3074 3906 3136 3956 ut
3169 3918 3300 3957 cum
3335 3903 3555 3973 jureju-

1925 3998 2099 4052 rando
2125 3997 2474 4051 describatur
2511 3996 2574 4051 in
2616 3996 2995 4051 instrumento
3026 3996 3178 4067 quod
3217 4012 3332 4050 non
3358 3996 3429 4051 ad
3457 3996 3553 4050 1a-

1924 4091 2138 4145 sionem
2200 4092 2300 4143 aut
2365 4089 2944 4160 circumscriptionem
2996 4088 3401 4144 venerabilium
3450 4088 3551 4144 do-

1924 4199 2123 4237 muum
2166 4182 2463 4253 negotium
2497 4181 2841 4250 conﬁciatar,
2870 4186 2926 4237 et
2954 4198 3019 4236 ea
3058 4182 3445 4237 observatione
3475 4183 3555 4237 sic

1923 4276 2279 4346 procedente,
2310 4274 2577 4329 relevatio
2604 4290 2719 4329 non
2744 4275 2899 4329 ultra
2932 4279 3149 4329 sextam
3175 4275 3391 4329 reditus
3419 4290 3551 4347 par-

1922 4372 2040 4423 tem
2066 4367 2183 4437 ﬁat,
2215 4383 2385 4439 quem
2415 4384 2503 4422 res
2529 4367 2588 4421 in
2615 4367 3033 4438 emphyteusim
3059 4367 3184 4421 data
3212 4368 3405 4422 habet.

1992 4462 2126 4525 Qua
2151 4476 2284 4515 vero
2309 4461 2378 4514 de
2423 4461 2681 4530 collapsis
2711 4460 2927 4514 adibus
2953 4460 3023 4513 ad
3065 4460 3412 4514 venerabiles
3458 4460 3557 4514 do-

176 4564 340 4615 ctum
371 4557 714 4621 celebrante,
760 4556 1140 4610 describentes
1170 4555 1229 4609 in
1272 4556 1405 4610 talia
1446 4556 1823 4611 instrumenta
1840 4554 1901 4627 Ι)
1924 4570 2050 4609 mus
2075 4554 2135 4608 in
2162 4554 2271 4608 hac
2296 4553 2457 4623 regia
2476 4553 2616 4607 urbe
2632 4553 2838 4622 positas
2853 4552 3267 4623 pertinentibus
3290 4553 3551 4622 superius

178 4664 318 4703 cum
349 4644 752 4717 jurejurando,
780 4644 934 4715 quod
960 4647 1279 4700 contractus
1301 4644 1372 4699 ad
1413 4644 1700 4699 lasionem
1723 4648 1823 4699 aut

178 4737 1115 4809 circumscriptionemvenerabilis
1135 4738 1337 4792 domus
1361 4754 1476 4793 non
1501 4738 1619 4792 ﬁat.
1645 4737 1822 4791 (Eco-

178 4834 374 4890 nomis
399 4836 573 4900 certe,
600 4836 657 4886 et
675 4830 1170 4903 orphanotrOphis,
1200 4836 1257 4885 et
1282 4830 1629 4903 reliquarum
1658 4845 1823 4886 vene-

182 4927 325 4982 rabil
334 4926 455 4980 ium
469 4925 746 4979 domuum
759 4923 1259 4994 dispensatoribus,
1274 4928 1442 4995 atque
1454 4924 1687 4993 insuper
1695 4938 1820 4978 om-

181 5022 348 5075 nium
396 5015 777 5083 chartulariis,
830 5022 887 5073 et
930 5016 1135 5070 horum
1181 5016 1507 5087 parentibus
1547 5016 1715 5070 simul
1766 5020 1824 5071 et

180 5111 398 5179 liberis,
427 5115 484 5164 et
510 5109 635 5163 aliis
673 5110 762 5163 vel
792 5124 999 5180 genere
1038 5108 1194 5180 ipsis,
1237 5110 1325 5163 vel
1358 5110 1489 5179 jure
1530 5108 1820 5164 afﬁnitatis

179 5204 527 5277 conjunctis,
556 5202 948 5258 interdicimus
985 5218 1060 5257 ne
1090 5203 1511 5274 emphyteuses,
1542 5206 1642 5257 aut
1667 5203 1816 5257 loca-

179 5299 391 5363 tiones,
420 5302 519 5351 aut
552 5295 895 5367 hypothecas
934 5311 1127 5350 rerum
1162 5296 1360 5350 iisdem
1405 5294 1823 5351 venerabilibus

182 5391 451 5447 domibus
479 5388 949 5460 competentium,
977 5389 1063 5443 vel
1085 5404 1190 5459 per
1219 5404 1297 5455 se,
1333 5389 1421 5443 vel
1447 5404 1553 5459 per
1576 5388 1824 5459 interpo-

184 5487 357 5540 sitam
396 5498 702 5553 personam
739 5481 1056 5552 percipiant
1091 5498 1105 5535 :
1138 5480 1363 5535 scituris
1403 5481 1537 5552 ipsis
1576 5482 1729 5552 quod
1775 5481 1821 5536 si

184 5577 325 5649 quid
357 5576 481 5646 ejus
509 5573 734 5646 generis
762 5574 973 5628 factum
1001 5574 1092 5641 sit,
1127 5589 1241 5627 non
1269 5574 1453 5628 solum
1482 5574 1593 5628 hoc
1617 5573 1816 5628 invali-

186 5671 327 5725 dum
341 5668 572 5736 erit,sed
588 5667 761 5721 etiam
780 5665 1111 5720 universum
1123 5665 1530 5737 patrimonium
1544 5667 1817 5737 ipsorum,

186 5768 303 5816 tam
332 5760 737 5832 accipientium
766 5774 937 5829 quam
967 5775 1409 5827 aconomorum,
1442 5763 1497 5813 et
1525 5758 1816 5816 chartula-

188 5856 428 5925 riorum,
459 5859 517 5911 et
544 5853 1015 5924 dispensatorum,
1042 5851 1250 5926 quibus
1278 5851 1341 5908 hi
1366 5851 1636 5926 praedicto
1654 5854 1823 5911 modo

1922 4646 2317 4718 disposuimus,
2364 4662 2431 4699 ea
2468 4649 2525 4700 et
2569 4645 2684 4699 illic
2733 4645 2791 4699 in
2829 4644 3245 4699 venerabilibus
3290 4645 3549 4699 domibus

1922 4740 2176 4794 obtinere
2213 4738 2493 4793 volumus.
2525 4738 2631 4793 Sed
2674 4742 2731 4791 et
2775 4737 2881 4791 hoc
2919 4737 2987 4791 de
3015 4736 3427 4791 venerabilibus
3453 4739 3551 4792 do-

1920 4833 2111 4887 minus
2135 4832 2430 4902 disponere
2458 4830 2620 4885 nobis
2645 4830 2831 4884 visum
2857 4833 2959 4898 est,
3004 4832 3071 4883 ut
3111 4829 3157 4883 si
3196 4846 3323 4900 qua
3361 4846 3429 4884 ex
3458 4830 3546 4901 ip-

1922 4926 2017 4993 sis,
2046 4925 2160 4980 sive
2180 4941 2285 4995 pro
2311 4924 2538 4979 tributis
2564 4923 2824 4993 publicis,
2858 4923 2971 4976 sive
3008 4938 3075 4976 ex
3102 4922 3210 4976 alia
3237 4924 3551 4979 necessaria

1923 5018 1975 5073 ei
2019 5018 2213 5073 domui
2243 5034 2429 5085 causa,
2458 5016 2660 5071 debitis
2705 5016 3015 5070 reddantur
3046 5015 3323 5082 obnoxia,
3361 5032 3549 5087 neque

1922 5111 2043 5166 ﬁeri
2071 5112 2247 5182 possit
2272 5114 2338 5165 ut
2364 5126 2435 5165 ex
2473 5108 2774 5164 mobilibus
2809 5108 2977 5162 rebus
3013 5124 3080 5162 ea
3115 5107 3303 5163 debita
3346 5109 3548 5164 dissol-

1921 5208 2145 5272 vantur,
2177 5203 2362 5275 primo
2398 5202 2628 5274 quidem
2665 5202 2785 5255 loco
2824 5200 3088 5255 creditori
3113 5217 3202 5255 res
3240 5201 3551 5257 immobilis

1923 5298 1981 5352 in
2010 5296 2246 5368 speciale
2270 5296 2478 5367 pignus
2511 5295 2693 5358 dator,
2734 5298 2797 5349 ut
2821 5293 3067 5348 collectis
3101 5294 3223 5365 ejus
3248 5294 3546 5366 fructibus,

1922 5394 2149 5461 reputet
2172 5405 2265 5444 eos
2292 5388 2399 5443 sibi
2422 5388 2628 5459 partim
2652 5387 2711 5442 in
2736 5387 2916 5457 ipsam
2942 5386 3211 5441 creditam
3227 5390 3547 5458 pecuniam,

1924 5483 2129 5554 partim
2156 5482 2215 5536 in
2231 5497 2431 5536 usuras
2441 5496 2561 5535 non
2586 5480 2827 5551 majores
2849 5480 3262 5550 quadrantibus
3278 5481 3549 5553 legitima

1922 5575 2265 5631 centesima.
2298 5574 2353 5629 Si
2370 5589 2438 5628 eo
2464 5574 2635 5629 modo
2650 5573 2907 5628 debitum
2922 5572 3225 5629 dissolvere
3241 5580 3545 5645 nequeant,

1915 5670 2183 5741 jubemus
2222 5674 2283 5722 ut
2319 5667 2390 5721 ab
2430 5667 2518 5722 his
2551 5667 2785 5739 quidem
2826 5666 2924 5738 qui
2959 5684 2993 5720 a
3041 5667 3404 5722 sanctissimis
3450 5683 3545 5720 or-

1923 5761 2191 5817 dinantur
2215 5759 2565 5832 patriarchis,
2598 5760 2712 5815 sive
2738 5759 3176 5831 metropolitani,
3206 5759 3319 5812 sive
3338 5758 3548 5827 episco-

1924 5856 2003 5930 pi,
2048 5854 2163 5913 sive
2210 5852 2672 5912 archimandrita
2696 5854 2929 5925 fuerint,
2957 5853 3072 5911 sive
3099 5850 3550 5924 orphanotrophi
