4088 6450
559 356 650 414 101
663 360 694 412 3
1682 351 1930 411 SECULI
1967 354 2156 409 SEXTI

2372 347 2741 408 LEMENTUM.
3846 337 3868 392 1
3883 337 3948 392 01
3959 335 3986 392 6

552 462 667 517 sive
681 459 1228 532 ptochotropbi,sive
1241 461 1573 530 xenodochi,
1603 467 1702 516 aut
1729 460 2032 528 nosocomi,
2064 462 2161 514 aut
2179 463 2396 543 Atent,
2425 457 2532 512 nisi
2580 456 2736 527 prius
2776 453 3134 508 ostenderint
3171 452 3333 522 quod
3377 450 3445 504 in
3486 463 3652 502 usus
3702 444 3990 543 praefatae

551 555 788 608 aliarum
815 552 1220 607 venerabilium
1245 553 1519 608 domuum
1545 554 1974 624 dispensatores,
2007 551 2160 621 apud
2180 537 2239 543 ﬂ
2258 549 2592 605 venerabilis
2609 549 2809 602 domus
2839 547 2963 599 haec
2989 543 3420 614 processerint;
3453 555 3680 610 neque
3713 537 3992 592 creditor

550 642 698 713 ipsos
723 640 1102 694 sanctissimos
1142 641 1504 712 patriarchas,
1533 658 1566 696 a
1595 641 1796 712 quibus
1827 641 2160 695 ordinantur
2256 648 2355 696 aut
2377 640 2630 696 haeredes
2650 641 2772 710 ejus
2789 639 3040 708 aliquam
3067 653 3171 708 pro
3191 637 3263 690 iis
3291 640 3514 689 contra
3548 630 3990 686 venerabilem

548 739 644 788 aut
685 737 1106 804 promoventur,
1149 737 1401 788 actorum
1449 738 1815 788 monumenta
1863 731 2155 787 confician-
2258 735 2490 789 domum
2542 733 2820 786 actionem
2857 730 3126 797 habeant,
3183 728 3297 782 nisi
3355 727 3537 798 prius
3590 723 3992 778 ostenderint

547 831 660 892 tur,
685 826 894 892 etzcum
913 826 1284 896 jurejurando
1311 826 1756 896 dispensatorum
1794 830 1848 879 et
1887 841 2159 878 consensu
2258 827 2410 898 quod
2435 825 2494 880 in
2514 841 2708 878 causas
2729 822 3038 878 venerabili
3059 821 3259 876 domui
3285 823 3734 890 competentes
3767 817 3873 871 ha:
3899 833 3992 887 pe.-

549 919 780 988 majoris
809 918 979 988 partis
1015 935 1211 972 eorum
1241 919 1338 988 qui
1382 919 1440 972 in
1472 919 1561 972 his
1589 919 1800 972 obeunt
1849 917 2160 971 ministeria
2257 919 2437 973 cunis:
2463 917 2837 988 profecerint;
2868 916 2964 970 sed
2991 915 3246 968 actiones
3267 930 3408 966 suas
3427 915 3658 966 contra
3685 926 3846 964 eum
3871 925 3992 962 mo-

549 1011 801 1066 debitum
829 1011 1168 1079 insinuetur,
1197 1011 1456 1081 quodque
1483 1027 1552 1064 ex
1579 1027 1638 1064 re
1665 1009 1862 1064 mobili
1885 1009 1955 1062 ad
1977 1009 2161 1079 ipsum
2259 1015 2422 1066 veant
2445 1010 2542 1081 qui
2574 1008 2838 1079 pecunias
2859 1011 3060 1061 mutuo
3089 1007 3363 1076 sumpsit,
3390 1008 3506 1058 aut
3536 1003 3822 1058 heredes
3841 1002 3990 1071 ejus.

549 1103 771 1158 dissolvi
800 1108 1064 1174 nequeat.
1095 1103 1160 1157 Hi
1185 1119 1336 1171 vero,
1365 1102 1462 1173 qui
1503 1119 1534 1156 a
1558 1101 2003 1172 metrOpolitanis
2037 1102 2158 1172 epi-
2331 1105 2443 1158 Hoc
2483 1118 2706 1173 quoque
2739 1101 3032 1170 jubemus,
3061 1103 3128 1153 ut
3157 1101 3412 1168 excepta
3443 1099 3862 1150 sacrosancta
3897 1111 3990 1149 re-

551 1196 732 1266 scopis
762 1195 1112 1264 ordinantur,
1139 1196 1251 1250 sive
1277 1195 1520 1265 episcopi
1541 1199 1691 1262 sunt,
1712 1195 1826 1248 sive
1849 1193 2163 1248 archiman—
2262 1197 2369 1267 giae
2397 1194 2549 1249 urbis
2574 1194 2784 1263 majore
2813 1192 3068 1258 ecclesia,
3101 1194 3161 1245 et
3188 1189 3528 1244 venerabili
3563 1189 3988 1258 orphanotro-

551 1287 733 1354 dritze,
785 1288 897 1342 sive
949 1286 1412 1358 orphanotrophi,
1471 1287 1584 1341 sive
1638 1286 2009 1358 ptocotrophi,
2065 1289 2162 1341 aut
2260 1289 2413 1359 phio,
2445 1291 2502 1340 et
2536 1285 2868 1351 xenonibus,
2914 1289 2971 1338 et
3015 1284 3268 1354 ptochiis
3318 1283 3383 1359 in
3429 1282 3596 1335 urbe
3649 1281 3834 1350 regia
3891 1286 3992 1334 aut

558 1381 794 1436 aliarum
821 1379 1224 1434 venerabilium
1251 1381 1525 1434 domuum
1567 1379 1998 1449 dispensatores,
2025 1395 2157 1432 con-
2259 1380 2540 1435 territorio
2590 1380 2712 1448 ejus
2765 1377 3159 1443 existentibus,
3203 1377 3384 1430 liceat
3441 1374 3751 1428 omnibus
3799 1390 3990 1426 sacro-

551 1473 808 1527 similiter
830 1473 978 1542 apud
1003 1473 1153 1542 ipsos
1176 1472 1634 1542 metropolitanos
1660 1472 1944 1541 episcopos
1971 1471 2164 1540 hujus-
2260 1473 2464 1528 sanctis
2503 1471 2766 1539 ecclesiis,
2809 1475 2865 1524 et
2906 1469 3336 1524 venerabilibus
3400 1468 3729 1532 domibus,
3787 1483 3988 1536 neque

553 1566 707 1620 modi
753 1567 1120 1619 monumenta
1168 1564 1580 1618 conscribunto.
1645 1564 1807 1634 Apud
1870 1579 1964 1617 eos
2024 1563 2161 1617 item
2262 1582 2374 1620 non
2401 1565 2570 1619 etiam
2598 1563 2972 1630 monasteriis,
3006 1566 3126 1615 tam
3165 1561 3230 1615 in
3276 1561 3431 1615 urbe
3481 1561 3666 1631 regia
3698 1576 3900 1630 quam
3929 1561 3990 1613 in

551 1657 860 1728 episcopos,
905 1656 1002 1726 qui
1031 1656 1174 1710 vela
1211 1655 1558 1725 patriarchis,
1599 1655 1684 1708 vel
1719 1654 2162 1724 metropolitanis
2260 1657 2492 1714 diversis
2541 1655 2838 1727 provinciis
2881 1655 3098 1726 positis,
3141 1653 3644 1725 permutationes
3697 1653 3878 1707 inter
3929 1669 3989 1706 se

552 1749 822 1820 episcopis
849 1748 1197 1815 ordinantur,
1221 1751 1277 1802 et
1295 1748 1505 1802 habent
1529 1747 1630 1801 sub
1651 1747 2040 1818 jurisdictione
2063 1763 2163 1801 sua
2263 1766 2454 1804 rerum
2478 1749 2679 1816 facere,
2709 1765 2840 1802 cum
2886 1748 3116 1818 utrique
3159 1746 3497 1801 venerabili
3551 1745 3781 1801 domui
3841 1761 3987 1798 con-

550 1846 646 1896 aut
673 1841 1030 1908 monasteria,
1077 1845 1171 1894 aut
1211 1841 1454 1909 ptochia,
1487 1843 1587 1893 aut
1627 1855 1891 1905 xenonas,
1919 1844 2016 1893 aut
2057 1855 2160 1892 no-
2184 1824 2238 1894 Β
2262 1846 2514 1896 servatur
2539 1841 2876 1896 indemnitas
2897 1839 3400 1894 consentientibus
3434 1839 3503 1892 in
3538 1839 3716 1893 hunc
3756 1843 3991 1892 contra-

551 1933 795 1988 socomia
820 1937 918 1987 aut
943 1932 1076 1986 alias
1101 1932 1440 1986 venerabiles
1462 1931 1675 1998 domos,
1698 1931 1973 1986 consimili
1993 1931 2160 1985 modo
2263 1939 2434 2001 ctum,
2465 1933 2576 1988 sive
2607 1933 3020 1987 interveniente
3050 1932 3364 2002 scriptura,
3396 1931 3530 1986 sive
3587 1947 3705 2002 per
3750 1932 3988 1985 confes-

548 2029 916 2079 monumenta
944 2023 1329 2078 conﬁciuntor.
1356 2026 1432 2078 Ita
1452 2029 1662 2091 tamen,
1683 2028 1748 2077 ut
1765 2024 1875 2078 sive
1893 2024 2041 2094 apud
2068 2040 2164 2094 pa-
2261 2026 2443 2080 siones
2470 2026 2621 2096 apud
2662 2031 2852 2078 sancta
2894 2025 2988 2078 Dei
3031 2024 3262 2094 eloquia
3290 2025 3680 2094 propositas,
3722 2041 3863 2079 non
3908 2041 3991 2077 so-

549 2117 840 2183 triarcbas,
873 2117 984 2170 sive
1011 2117 1158 2186 apud
1189 2115 1672 2186 metropolitanos,
1713 2116 1826 2169 sive
1854 2117 2002 2186 apud
2029 2117 2163 2168 alios
2263 2119 2379 2172 lum
2426 2119 2718 2188 utriusque
2757 2117 3099 2172 venerabilis
3153 2117 3364 2172 domus
3413 2117 3985 2188 dispensatoribus,

553 2209 840 2279 episcopos
867 2209 922 2262 id
953 2225 1128 2278 genus
1151 2213 1519 2262 monumenta
1541 2208 1924 2275 conficiantur,
1943 2207 2163 2261 nullum
2261 2211 2360 2264 sed
2389 2211 2560 2264 etiam
2589 2211 2804 2279 majore
2853 2215 3014 2281 parte
3063 2225 3266 2263 eorum
3296 2210 3406 2280 qui
3436 2209 3528 2263 ibi
3560 2211 3988 2264 ministerium

523 2297 652 2372 ‘pro
675 2301 743 2354 iis
771 2301 1126 2371 dispendium
1152 2305 1249 2354 aut
1277 2305 1567 2370 sumptum
1597 2300 1934 2354 venerabiles
1961 2301 2162 2353 domus
2261 2303 2504 2357 habent.
2546 2305 2681 2366 Quae
2715 2320 2850 2356 vero
2888 2320 2921 2355 a
2957 2303 3130 2356 domo
3154 2302 3462 2373 imperiali
3492 2303 3578 2357 ad
3619 2320 3982 2374 quamcum-

555 2395 885 2448 sustineant.
924 2395 1224 2463 PrOpterea
1261 2393 1412 2446 enim
1449 2393 1718 2447 nolumus
1759 2396 1823 2446 ut
1849 2393 1918 2447 de
1959 2397 2162 2446 caetero
2260 2412 2369 2466 que
2396 2396 2778 2450 venerabilem
2821 2396 3060 2449 domum
3087 2399 3525 2466 pervenerunt,
3561 2401 3682 2450 aut
3729 2399 3984 2467 posthac

549 2485 700 2556 apud
723 2485 1143 2556 provinciarum
1173 2485 1460 2556 praesides,
1493 2489 1589 2539 aut
1613 2486 1863 2539 locorum
1900 2485 2158 2539 defenso-
2261 2493 2612 2558 perventura;
2652 2493 2802 2557 sunt,
2840 2505 2936 2543 eas
2975 2489 3138 2543 nullo
3181 2489 3362 2543 modo
3391 2490 3709 2559 vendere,
3755 2497 3869 2544 aut
3909 2491 3988 2560 pi-

550 2590 638 2628 res
685 2589 718 2626 a
763 2573 1091 2627 memoratis
1139 2573 1392 2643 personis
1439 2589 1539 2627 seu
1589 2573 1846 2628 domibus
1885 2572 2160 2642 ejusmodi
2262 2581 2866 2652 gnoriopponere,aut
2885 2585 3364 2652 permutare,aut
3392 2584 3674 2638 omnino
3719 2584 3985 2639 alienare

550 2669 916 2720 monumenta
940 2665 1326 2734 conﬁciantur,
1348 2681 1420 2719 ne
1444 2667 1593 2736 quod
1619 2666 1820 2720 exinde
1849 2665 2162 2720 sustineant
2260 2675 2638 2740 concedimus,
2669 2690 2856 2744 neqne
2883 2674 2932 2728 si
2969 2675 3329 2728 venerabiles
3367 2675 3431 2729 id
3461 2676 3708 2732 domus
3737 2679 3905 2731 inter
3930 2694 3984 2732 se

549 2757 927 2828 dispendium.
956 2757 1128 2812 Simul
1150 2763 1317 2828 atque
1349 2774 1480 2811 vero
1506 2759 1627 2812 haec
1653 2758 1732 2812 ita
1756 2758 1907 2828 apud
1941 2774 2158 2812 memo-
2259 2765 2484 2820 faciant.
2523 2766 2664 2830 Quia
2709 2782 2842 2820 vero
2879 2767 3255 2837 cognovimus
3301 2767 3475 2837 quod
3526 2769 3616 2823 ab
3676 2770 3984 2842 aliquibus

550 2857 696 2906 ratos
741 2850 1119 2904 sanctissimos
1165 2851 1530 2920 patriarchas,
1575 2855 1630 2904 et
1677 2850 2158 2920 metropolitanos,
2261 2858 2729 2912 monasteriorum
2755 2875 2986 2929 quoque
3011 2859 3398 2915 alienationes
3429 2862 3599 2916 ﬁant
3630 2863 3703 2918 in
3735 2865 3880 2930 hoc,
3915 2868 3978 2916 ut

546 2946 644 2998 aut
683 2941 817 2995 alios
883 2943 1173 3013 episcOpos
1221 2948 1409 2996 secuta
1457 2941 1688 3008 fuerint,
1726 2945 1860 2996 tunc
1908 2941 2162 3012 praedicti
2259 2955 2526 3004 asacrata
2551 2951 2734 3005 forma
2759 2952 2830 3006 ad
2867 2952 3149 3022 privatam
3196 2957 3255 3007 et
3289 2954 3628 3023 profanam
3683 2958 3980 3012 transfor-

550 3050 660 3088 wre
702 3033 884 3087 alieno
926 3050 1207 3104 oppressa:
1246 3033 1580 3087 venerabilis
1627 3034 1827 3088 domus
1869 3034 2157 3104 dispensa-
2259 3049 2486 3097 mentm»
2503 3044 3007 3113 conversationem,
3036 3051 3093 3100 ει
3122 3046 3234 3100 hoc
3255 3047 3550 3101 omnibus
3583 3051 3805 3105 modis
3851 3068 3980 3122 pro-

549 3131 696 3184 tores
721 3141 822 3195 per
839 3125 1038 3194 viginti
1058 3125 1177 3178 dies
1204 3125 1476 3194 scriptum
1498 3125 1726 3196 aliquod
1752 3125 1810 3178 in
1831 3125 2056 3196 publico
2083 3125 2159 3179 ci-
2181 3173 2232 3213 ρ
2261 3135 2539 3190 bibemus.
2575 3137 2732 3200 Quod
2781 3137 2827 3190 si
2869 3139 2981 3192 tale
3029 3137 3252 3209 aliquid
3299 3139 3537 3195 factum
3601 3143 3982 3213 inveniatur,

555 3173 693 3184 ""'
721 3173 812 3195 1'"
852 3173 1038 3194 ””Ο’““““
1062 3173 1173 3178 —"'
1205 3173 1476 3194 ”’““Γ’“-’
1499 3173 1726 3196 ""1""-
1752 3173 1810 3178 “““
1831 3173 2052 3196 ι’““-⁷·”’
2086 3173 2130 3179 *⁵

549 3218 731 3271 vitatis
767 3218 886 3270 loco
923 3222 1298 3286 preponunto,
1333 3222 1388 3271 et
1424 3234 1488 3270 eo
1532 3218 1702 3272 modo
1741 3234 1862 3271 rem
1898 3217 2158 3272 immobi-

2370 3173 2539 3190 ....ua.
2575 3173 2732 3200 καυυι
2781 3173 2827 3190 οι
2873 3173 2981 3192 υαιυ
3029 3173 3252 3209 ciuiuus
3299 3173 3537 3195 ιαυυυω
3602 3173 3982 3213 ιιινυιιιᾱιυι,

2370 3227 2576 3282 abemus
2597 3228 2885 3283 licentiam
2915 3230 3357 3300 religiosissimo
3380 3233 3517 3304 ejus
3537 3234 3674 3290 loci
3703 3239 3984 3309 episcopo

550 3311 664 3364 lem
702 3325 890 3364 emere
921 3309 1163 3364 volentes
1193 3315 1548 3379 provocante,
1578 3315 1642 3364 ut
1679 3309 1776 3380 qui
1805 3310 1929 3381 plus
1955 3311 2157 3380 praebi-

2369 3321 2403 3374 d
2429 3321 2839 3376 monasterium
2867 3322 3138 3392 vindicet,
3173 3329 3232 3378 et
3270 3325 3346 3379 ad
3379 3329 3678 3384 veterem
3721 3331 3983 3386 formam

549 3407 709 3457 turus
735 3407 834 3468 est,
866 3403 912 3455 i5
959 3402 1176 3456 caeteris
1214 3401 1564 3472 Pl‘ﬂefel‘atllr-
1592 3403 1726 3466 Quae
1760 3403 1804 3456 Si
1848 3403 2039 3457 omnia
2084 3405 2162 3458 ita
2259 3412 2506 3466 reducat.
2544 3414 2715 3467 Porro
2757 3414 2804 3466 si
2855 3431 2968 3484 qua
3018 3416 3443 3486 praedictarum
3521 3425 3987 3478 venerabilium

546 3493 935 3566 processerint,
964 3494 1273 3548 celebrator
1297 3495 1561 3562 venditio,
1593 3495 1774 3566 pretio
1800 3495 1882 3549 rei
1901 3495 2160 3550 omnibus
2259 3505 2534 3559 domuum
2565 3510 2686 3560 tum
2716 3506 2776 3560 in
2801 3507 2962 3578 regia
2989 3507 3150 3574 urbe,
3193 3514 3326 3564 tum
3373 3511 3440 3566 in
3473 3516 3838 3584 provinciis
3875 3517 3987 3572 exi.

546 3587 725 3641 mOdiS
748 3603 850 3656 Ριό
890 3603 1000 3640 aere
1029 3587 1213 3640 alieno
1249 3587 1452 3654 dando»
1483 3591 1544 3641 ιιι
1586 3592 1806 3658 emptor
1848 3604 1962 3642 11οη
1998 3589 2161 3642 aliter
2259 3597 2546 3666 stantium,
2588 3603 2824 3669 excepta
2869 3605 3225 3655 sacrosancta
3275 3604 3467 3674 regias
3516 3609 3714 3664 urbis
3757 3613 3986 3682 majore

549 3696 674 3733 eam
717 3695 839 3733 rem
881 3678 1119 3733 ﬁrmiter
1149 3682 1341 3734 tenere
1386 3679 1576 3750 possit,
1619 3679 1724 3734 nisi
1765 3680 2011 3750 pretium
2057 3697 2159 3750 pro
2259 3689 2510 3755 ecclesia,
2539 3691 2949 3760 possessionem
2975 3693 3186 3748 habeat
3231 3697 3441 3752 multis
3469 3678 3984 3770 prastaﬁonibus

546 3771 669 3841 ipso
697 3771 946 3825 solvatur
981 3771 1192 3840 debito,
1226 3775 1282 3826 et
1325 3771 1428 3826 hoc
1462 3789 1723 3843 expresse
1769 3789 1898 3826 cum
1932 3773 2155 3844 jureju-
2259 3781 2494 3850 publicis
2521 3787 2831 3852 gravatam,
2861 3801 2931 3838 ex
2971 3801 3086 3856 qua
3123 3787 3325 3843 nullus
3375 3791 3631 3848 reditus
3685 3797 3985 3853 inferatur

545 3864 718 3918 rando
749 3864 808 3917 in
832 3865 1218 3935 syngrapham
1245 3864 1550 3935 emptionis
1575 3865 1944 3932 describatur,
1977 3866 2156 3936 quod-
2260 3873 2562 3928 venerabili
2589 3875 2802 3942 domui,
2833 3877 3125 3933 licentiam
3152 3883 3506 3950 praebemus
3536 3888 3692 3958 ejus
3732 3908 3980 3948 venena-

545 3972 654 4026 que
682 3956 824 4010 nihil
846 3957 917 4010 ad
941 3957 1230 4010 laesionem
1249 3960 1347 4010 aut
1365 3955 1979 4028 circumpscriptionem
1997 3974 2159 4013 vene—
2257 3965 2383 4020 bilis
2409 3967 2609 4021 domus
2638 3968 3117 4040 dispensatoribus
3159 3979 3229 4027 ut
3265 3975 3454 4030 talem
3487 3955 3980 4051 possessionem,

547 4048 740 4102 rabilis
769 4049 967 4102 domus
987 4048 1098 4101 liat.
1131 4048 1188 4102 Si
1215 4049 1484 4118 praedicto
1512 4050 1680 4104 modo
1705 4051 1824 4120 ejus
1849 4050 1932 4104 rei
1961 4051 2155 4104 vendi-
2258 4075 2594 4130 quocunque
2615 4061 2792 4116 velint
2832 4063 3022 4131 moda,
3051 4065 3126 4119 ad
3155 4067 3286 4134 ejus
3329 4073 3731 4131 venerabilis
3779 4048 3983 4134 domu;

544 4144 638 4194 tor
659 4155 774 4194 non
803 4140 974 4194 fuerit
1009 4140 1286 4208 inventus,
1323 4141 1588 4210 jubemus
1631 4147 1691 4196 ut
1732 4142 1822 4196 cui
1865 4143 1934 4196 ab
1975 4143 2160 4214 aliqua
2257 4151 2558 4206 utilitatem
2585 4153 2833 4208 alienant
2859 4171 2874 4208 :
2903 4159 3304 4213 monumentis
3333 4161 3638 4222 videlicet
3671 4176 3740 4224 et
3783 4172 3852 4226 in
3881 4173 3978 4226 hac

546 4227 938 4298 praedictarum
969 4228 1240 4282 domuum
1261 4229 1513 4296 debetur,
1538 4229 1587 4282 is
1621 4246 1686 4284 eo
1709 4229 1858 4300 jure,
1887 4231 2033 4301 quod
2057 4248 2158 4301 pro

2361 4243 2590 4298 natione
2625 4245 2780 4316 apud
2815 4262 2912 4300 eos
2955 4248 3350 4322 conﬁciendis,
3384 4271 3423 4308 a
3463 4259 3726 4327 quibus
3771 4265 3975 4336 hujus-

545 4319 726 4374 soluto
741 4320 962 4388 dicitur,
992 4321 1134 4374 hanc
1153 4321 1328 4391 ipsam
1345 4321 1751 4393 possessionem
1775 4323 1980 4393 capiat,
2004 4323 2158 4394 justa
2257 4335 2413 4390 modi
2439 4337 2693 4390 locorum
2738 4337 3158 4408 dispensatores
3201 4319 3697 4422 promoventur,
3743 4319 3876 4413 aut”
3892 4319 3978 4413 or-

545 4418 600 4516 et
641 4414 915 4516 exquisita
962 4414 1330 4516 aestimatione
1370 4414 1530 4516 inita,
1569 4414 1757 4516 addita
1797 4415 1933 4516 item
1979 4417 2157 4486 pretio
2257 4423 2558 4489 dinantur;
2589 4429 2645 4478 et
2666 4425 2738 4478 ad
2763 4433 2984 4482 sanctas
3013 4428 3342 4500 Scripturas
3373 4414 3805 4516 jurantibus,
3862 4451 3977 4502 tam

545 4505 758 4560 decima
787 4509 942 4577 parte
983 4506 1154 4560 totius
1179 4506 1563 4561 aestimationis
1591 4506 1663 4560 ad
1689 4507 1943 4562 eamdem
1975 4526 2154 4580 quan-
2174 4528 2234 4600 D
2257 4515 2534 4584 ejusmodi
2567 4517 2896 4573 venerabilis
2931 4520 3136 4576 domus
3173 4526 3580 4601 antistitibus,
3619 4505 3824 4608 quam
3855 4558 3975 4594 ma-

542 4598 757 4704 titatem
789 4617 802 4652 :
833 4599 1128 4700 capiatque
1178 4616 1299 4653 rem
1345 4599 1586 4704 creditor
1617 4616 1720 4669 pro
1763 4598 2214 4704 soluto,:ti1'mo_
2249 4607 2375 4677 jore
2417 4612 2575 4679 parte
2611 4625 2813 4704 eorum
2848 4613 2949 4683 qui
2989 4613 3071 4668 ibi
3107 4616 3441 4676 ministeria
3481 4598 3783 4701 obelint,
3830 4634 3980 4704 quod

543 4707 667 4746 eam
695 4691 922 4745 domino
960 4707 1332 4762 posscssurus.
1390 4693 1467 4745 [ta
1507 4694 1715 4758 tamen,
1758 4697 1822 4746 ut
1865 4693 2152 4764 dispensa-
2257 4716 2440 4771 neque
2484 4717 2586 4772 per
2626 4703 3031 4775 proditionem,
3074 4723 3269 4780 neque
3310 4712 3388 4767 ad
3433 4691 3978 4798 gratiam,'noque

539 4789 687 4838 tores
714 4783 900 4879 debito
948 4783 1584 4879 oppresseevenerabilis
1615 4785 1835 4879 domus,
1871 4791 1936 4879 et
1973 4789 2158 4856 major
2256 4793 2510 4862 qualibet
2549 4795 3076 4868 circumscriptione
3121 4801 3224 4857 ﬁat
3248 4783 3573 4879 alienatio,
3609 4783 3753 4872 sed,
3790 4825 3855 4874 ut
3890 4783 3982 4874 ‘m.

541 4893 671 4947 pars
710 4876 768 4930 in
802 4894 870 4930 ea
905 4876 1348 4930 ministrantium
1389 4877 1714 4946 hujusmodi
1743 4878 2156 4935 venditionibus
2255 4884 2537 4939 demnitas
2589 4887 2641 4940 ei
2690 4889 2996 4944 venerabili
3045 4892 3250 4948 domui
3295 4876 3752 4964 conservetur.
3809 4912 3976 4982 Atqui

541 4969 910 5025 consentiant.
939 4970 1073 5032 Qua;
1109 4984 1238 5022 vero
1272 4968 1576 5024 immobilis
1617 4987 1706 5024 res
1739 4971 1798 5024 in
1847 4971 1953 5025 hoc
1979 4973 2152 5026 tradi-
2254 4979 2571 5044 oeconomis,
2623 4985 2679 5034 et
2727 4980 3234 5055 dispensatoribus,
3277 4995 3339 5044 et
3367 4992 3796 5059 chartulariis
3838 4968 3973 5078 (11:3-

541 5066 652 5129 tur,
680 5077 744 5115 ea
782 5078 896 5115 non
933 5061 1002 5116 ad
1052 5061 1342 5132 optionem
1389 5062 1704 5131 creditoris,
1748 5063 1842 5117 sed
1893 5065 2154 5135 aequabili
2256 5086 2605 5142 rumcunque
2643 5073 3061 5130 venerabilium
3103 5079 3428 5151 domuum,
3460 5104 3692 5163 neque
3729 5061 3972 5154 non‘eu-

541 5153 922 5258 mediocritate
941 5154 1148 5258 partim
1174 5154 1320 5210 inter
1351 5155 1584 5258 fertiles,
1627 5156 1838 5258 partim
1859 5156 2006 5211 inter
2041 5163 2149 5212 ste-
2255 5163 2755 5258 rum-parentibus,
2805 5182 2868 5220 ac
2893 5167 3110 5236 liberis,
3141 5177 3199 5226 et
3226 5174 3378 5243 aliis,
3417 5183 3538 5252 qui
3573 5153 3854 5258 genere:
3883 5197 3974 5246 aut

541 5245 669 5298 riles
697 5245 1026 5300 venerabilis
1065 5247 1264 5302 domos
1300 5248 1696 5318 possessiones,
1726 5253 1782 5302 et
1824 5249 2029 5304 harum
2062 5267 2151 5304 re-
2253 5253 2539 5309 afﬁnitatis
2569 5256 2700 5325 jure
2745 5258 2852 5312 illis
2891 5261 3187 5330 conjuncti
3233 5275 3398 5338 sunt,
3435 5245 3853 5340 .locavtione;
3893 5287 3972 5340 vel

541 5336 708 5436 ditus,
749 5354 1082 5436 nequernon
1112 5340 1474 5436 tributorum,
1509 5345 1572 5436 et
1614 5341 1818 5412 reliqui
1862 5347 2036 5397 status
2089 5361 2152 5398 ac
2253 5347 2666 5417 emphyteuses,
2695 5351 2780 5404 vel
2810 5329 3154 5424 emptiones,
3183 5360 3276 5413 vel
3320 5329 3970 5436 hvpoth;;;:;rox;

539 5429 824 5500 qualitatis
867 5431 1046 5484 detur.
1095 5434 1162 5486 At
1210 5433 1254 5487 si
1283 5434 1408 5505 quis
1433 5433 1744 5504 episcopus,
1792 5441 1890 5490 aut
1936 5451 2153 5492 cecono-
2253 5438 2628 5496 immobilium
2651 5442 2722 5498 ad
2751 5459 2846 5498 eas
2871 5448 3228 5505 venerabiles
3255 5429 3481 5514 domos
3513 5429 3969 5534 periise—1,5;

537 5539 686 5586 mus,
729 5525 830 5575 aut
869 5522 1219 5592 dispensator
1241 5526 1642 5597 Lcujuscunque
1690 5528 2018 5583 venerabilis
2047 5530 2148 5584 do-
2251 5527 2440 5586 subire
2468 5533 2550 5586 vel
2587 5551 2695 5606 per
2741 5552 2821 5603 se,
2864 5539 2952 5592 vel
2989 5555 3094 5609 per
3134 5522 3575 5617 interpositam
3627 5522 3950 5633 [νέξ-ἐξιξδέ

537 5631 683 5684 mus,
715 5613 828 5669 sive
867 5615 926 5670 in
965 5616 1118 5688 regia
1147 5617 1305 5686 urbe,
1337 5619 1451 5673 sive
1487 5618 1547 5674 in
1582 5619 1888 5690 provinciis
1930 5623 2146 5693 positas,
2251 5625 2733 5695 quemadmodum
2757 5633 2814 5684 et
2841 5629 2899 5684 in
2925 5630 2996 5685 iis
3023 5634 3127 5704 qui
3152 5635 3216 5691 in
3244 5611 3430 5714 regia.
3465 5611 3968 5718 ιιι-δεινξῶῗέξὶ

535 5707 800 5777 pecunias
828 5714 1026 5763 mutuo
1054 5709 1447 5778 desumpserit,
1479 5715 1578 5764 aut
1606 5713 1836 5782 posthac
1865 5713 2145 5782 desumet,
2248 5716 2378 5772 dem
2403 5719 2581 5788 poenis
2599 5719 3010 5779 interdicimus.
3052 5703 3059 5704 ί
3319 5703 3356 5714 ν
3499 5703 3639 5713 ﬁ“
3674 5703 3848 5730 “an,

478 5819 484 5824 ·
525 5800 794 5874 jubemus
816 5805 883 5858 ut
907 5816 1096 5872 neque
1122 5800 1229 5871 ipsi
1259 5801 1561 5858 venerabili
1587 5803 1693 5858 hoc
1735 5805 1928 5860 domui
1953 5805 2144 5878 impu-
2317 5809 2372 5865 Si
2407 5811 2534 5881 quis
2576 5827 2708 5869 vero
2743 5815 2994 5885 colonus,
3043 5825 3146 5879 aut
3189 5831 3616 5906 emphyteuta
3668 5863 3753 5905 ex
3797 5851 3964 5908 rebus
