4088 6428
219 369 342 428 l0”

1048 362 1419 422 JUSTlNlANI
1455 365 1783 422 NOVELLIE
1820 363 2156 422 SELECTA‘J.
2197 366 2506 422 NOVELLA
2541 359 2692 421 CXX.

3415 357 3548 422 1018

215 479 294 533 vel
319 476 388 533 ad
410 475 830 530 sacrosanctam
857 474 1145 544 majorem
1165 473 1488 543 ecclesiam,
1527 475 1614 529 vel
1643 473 1821 529 aliam
1841 484 1902 559 Α
1923 490 2054 544 qua
2081 477 2140 530 et
2159 474 2520 530 tantumdem
2547 473 2768 529 reditus
2790 472 3005 528 habeat
3031 475 3316 545 quantum
3340 489 3432 528 res
3451 475 3566 530 ha-l

213 569 585 627 venerabilem
603 569 842 623 domum
855 567 1200 638 ubicumque
1215 568 1471 622 locorum
1492 573 1701 622 nostra
1718 568 1825 622 rei-

213 663 442 736 publica
463 662 706 732 positam
727 660 1151 731 pertinentibus
1169 659 1439 730 aliquam,
1465 677 1642 732 quam
1658 677 1819 716 acce-

213 759 306 829 pit,
347 759 444 810 aut
472 755 709 826 posthac
745 754 1048 824 acceperit,
1088 753 1436 808 deteriorem
1481 754 1700 822 fecerit,
1733 754 1823 808 vel

212 867 308 922 per
334 847 629 903 biennium
659 847 988 902 confessum
1029 851 1088 900 et
1116 849 1283 917 pacto
1319 850 1664 901 conventum
1695 863 1818 900 em-

211 941 610 1014 phyteuticum,
635 944 736 995 aut
757 939 1190 1011 pensionarium
1212 955 1494 994 canonem
1523 955 1638 994 non
1668 939 1818 994 intu-

209 1036 350 1100 lerit,
383 1034 585 1088 damus
613 1033 906 1088 licentiam
937 1032 1251 1087 venerabili
1283 1032 1501 1099 domui,
1529 1050 1563 1086 a
1601 1049 1714 1104 quo
1745 1033 1824 1088 lo-

209 1128 346 1182 catio
373 1130 470 1181 aut
495 1126 888 1197 emphyteusis
909 1125 1197 1180 celebrata
1227 1125 1352 1192 fuit,
1383 1129 1446 1179 ut
1472 1131 1592 1180 tam
1613 1131 1820 1196 prate-

207 1219 294 1274 riti
313 1219 586 1290 temporis
601 1219 815 1283 debita,
836 1220 894 1272 et
909 1222 1160 1272 veterem
1178 1221 1389 1272 statum
1404 1235 1470 1272 ac
1483 1219 1822 1288 qualitatem

207 1315 395 1367 locata
424 1329 523 1366 seu
563 1311 622 1365 in
661 1311 1088 1382 emphyteusim
1123 1311 1269 1365 data
1297 1311 1380 1364 rei
1407 1311 1616 1382 exigat,
1647 1329 1820 1382 quam

207 1403 556 1476 emphyteusi
587 1408 686 1458 aut
714 1403 998 1458 locatione
1039 1403 1289 1474 depellat
1318 1420 1451 1458 eum
1489 1405 1586 1474 qui
1630 1421 1820 1474 neque

205 1497 662 1552 meliorationum
710 1497 946 1552 nomine
986 1502 1187 1550 contra
1221 1496 1577 1576 venerabiles
1619 1497 1821 1552 domos

205 1590 481 1645 actionem
501 1589 754 1660 aliquam
784 1606 1014 1644 movere
1039 1590 1235 1660 possit.
1258 1591 1541 1644 Caterum
1567 1590 1614 1644 si
1635 1590 1822 1661 depel-

205 1685 314 1738 lere
341 1699 474 1737 eum
501 1683 1148 1753 dispensatoresharum
1179 1682 1382 1748 nolint,
1409 1682 1560 1754 exigi
1583 1683 1819 1754 quidem

204 1775 268 1830 ab
299 1792 364 1830 eo
394 1775 761 1846 pracipimus
793 1792 861 1829 ea
891 1792 1018 1846 qua
1045 1792 1109 1829 ex
1140 1775 1518 1830 conductione
1561 1779 1660 1829 aut
1698 1793 1816 1830 em-

205 1843 456 1939 phyteusi
483 1843 698 1922 debere
720 1843 1102 1938 cognoscitur.
1125 1867 1422 1938 Tantisper
1449 1871 1664 1936 autem,
1683 1869 1821 1924 dum
1839 1843 1897 1916 B

203 1961 538 2032 praeﬁnitum
587 1965 810 2031 tempus
845 1963 1027 2026 exeat,
1068 1960 1266 2015 datam
1297 1961 1402 2015 sibi
1439 1977 1560 2015 rem
1595 1963 1641 2015 is
1669 1963 1818 2016 obti-

203 2058 347 2121 neat,
377 2055 424 2108 si
460 2059 631 2125 pacto
663 2057 941 2108 conventa
978 2057 1228 2124 prastat.
1261 2057 1332 2108 At
1363 2055 1407 2108 si
1435 2054 1718 2124 diifugiat,
1752 2055 1817 2110 li-

200 2147 439 2202 centiam
477 2147 808 2218 prabemus
847 2163 1048 2202 earum
1088 2146 1506 2202 venerabilium
1539 2147 1818 2202 domuum

201 2240 560 2307 antistitibus,
587 2243 649 2294 ut
669 2240 1089 2294 venerabilibus
1111 2239 1381 2294 domibus
1400 2257 1464 2293 ex
1488 2241 1634 2294 illius
1654 2241 1822 2296 bonis

200 2333 639 2388 indemnitatem
672 2339 947 2399 asseraut,
986 2336 1314 2404 nequeunte
1347 2349 1415 2387 eo
1445 2351 1514 2387 ne
1554 2334 1661 2388 hac
1691 2335 1817 2406 qui-

199 2426 324 2480 dem
343 2430 506 2498 parte
539 2426 755 2497 aliquid
781 2427 851 2481 de
882 2425 1377 2480 meliorationibus
1403 2443 1750 2500 pi'Oponere.

264 2515 650 2570 Sacrosanctis
681 2515 930 2569 ecclesiis
977 2515 1172 2568 Odessi
1210 2519 1264 2570 et
1295 2515 1594 2569 Tomensis
1624 2515 1816 2570 civita-

199 2613 311 2662 tum
337 2608 752 2679 permittimus,
777 2611 950 2661 utres
976 2607 1302 2662 immobiles
1325 2625 1430 2680 pro
1459 2610 1817 2680 captivorum

197 2702 590 2772 redemptione
619 2701 894 2768 alienent,
923 2700 1030 2754 nisi
1070 2718 1140 2755 ea
1171 2702 1501 2756 conditione
1531 2703 1817 2774 quapiam

196 2795 324 2865 ipsis
349 2794 742 2866 possessiones
768 2794 917 2850 data
948 2798 1100 2860 sunt,
1129 2812 1200 2848 ne
1235 2795 1349 2850 ullo
1377 2800 1542 2866 pacto
1570 2796 1821 2850 alienen-

193 2893 296 2942 tur.
327 2889 444 2943 Hoc
470 2904 706 2960 quoque
733 2887 1116 2954 concedimus,
1149 2892 1211 2942 ut
1236 2894 1596 2944 sacrosancta
1625 2889 1819 2944 Hiero-

195 2983 543 3053 solymorum
573 2981 821 3036 Ecclesia
851 2981 1141 3036 licentiam
1181 2982 1394 3036 habeat
1418 2982 1622 3037 domos
1658 2983 1731 3036 ad
1760 2999 1819 3036 se

191 3075 564 3145 pertinentes,
598 3078 654 3128 et
682 3074 739 3128 in
785 3075 908 3145 ipsa
957 3079 1150 3128 sancta
1190 3074 1411 3129 civitate
1451 3075 1666 3146 positas
1692 3093 1819 3130 ven-

193 3168 351 3236 dere;
375 3169 478 3223 sed
500 3185 621 3223 non
649 3167 874 3222 minore
895 3168 1078 3238 pretio
1106 3183 1280 3238 quam
1305 3172 1585 3238 quantum
1609 3173 1666 3223 et
1684 3169 1820 3239 ipsis
1839 3206 1896 3280 Ο

191 3262 563 3332 pensionibus
591 3277 698 3333 per
729 3260 1154 3332 quinquaginta
1178 3277 1360 3314 annos
1387 3261 1566 3330 possit
1606 3261 1817 3332 colligi,

191 3360 250 3408 ut
285 3373 351 3409 ex
384 3356 600 3410 harum
633 3355 819 3425 pretio
845 3354 1117 3408 meliores
1137 3354 1354 3408 reditus
1385 3358 1817 3425 comparentur.

189 3449 494 3504 Enimvero
525 3449 571 3503 si
617 3447 714 3518 qui
751 3447 1070 3518 cuicunque
1101 3447 1413 3502 venerabili
1455 3447 1670 3512 domui,
1701 3448 1818 3502 sive

187 3541 243 3596 in
275 3543 434 3612 regia
461 3541 715 3607 civitate,
758 3540 872 3595 sive
912 3541 970 3594 in
1001 3539 1310 3611 provinciis
1354 3541 1553 3612 posita
1599 3541 1820 3596 steriles

187 3635 579 3704 possessiones
617 3633 978 3699 donaverint,
1021 3635 1121 3686 aut
1149 3633 1528 3700 vendiderint,
1569 3639 1667 3689 aut
1704 3635 1818 3689 alio

187 3729 356 3782 modo
378 3725 780 3800 praestiterint,
811 3731 909 3780 aut
935 3725 1293 3796 reliquerint,
1313 3726 1583 3796 jubemus
1611 3730 1673 3780 ut
1699 3729 1820 3782 nul-

183 3822 298 3876 lum
341 3838 469 3906 pro‘
492 3821 563 3875 iis
595 3819 766 3874 rebus
796 3818 1077 3874 damnum
1111 3807 1464 3874 venerabilis
1503 3819 1712 3875 domus
1746 3821 1820 3875 ad

183 3927 356 3981 quam
387 3909 524 3965 talis
554 3907 821 3980 pervenit
856 3905 1136 3978 possessio
1168 3907 1476 3977 sustineat,
1507 3911 1608 3963 aut
1635 3909 1818 3964 tribu-

181 4007 370 4060 torum
406 4003 674 4068 nomine,
708 4001 795 4054 vel
831 4015 1191 4072 quacumque
1225 4000 1338 4054 alia
1367 4000 1438 4054 de
1478 4017 1648 4055 causa
1678 4018 1821 4072 pra-

179 4102 470 4167 gravetur,
513 4094 620 4150 sed
660 4109 836 4148 omne
876 4092 934 4147 id
971 4110 1116 4147 onus
1161 4093 1219 4147 in
1259 4109 1357 4148 eos
1392 4093 1490 4165 qui
1535 4094 1820 4150 dederunt

177 4189 514 4246 haredesve
566 4203 770 4242 eorum
813 4185 1173 4253 devolvatur,
1225 4185 1512 4256 cogendos
1565 4187 1818 4259 recipere

178 4283 272 4355 huj
283 4282 516 4338 usmodi
549 4280 961 4352 possessiones,
976 4282 1036 4333 et
1051 4279 1119 4334 de
1149 4279 1496 4350 patrimonio
1519 4297 1620 4335 suo
1642 4297 1820 4337 omne

178 4377 554 4448 dispendium
583 4373 894 4428 venerabili
923 4373 1120 4428 domui
1159 4389 1224 4426 ex
1253 4373 1360 4428 hac
1389 4373 1471 4428 illi
1497 4391 1668 4429 causa
1693 4391 1822 4446 pro-

176 4471 418 4525 veniens
443 4467 777 4524 restituere.
811 4466 926 4522 Sed
957 4471 1015 4522 et
1037 4466 1080 4520 si
1115 4466 1445 4537 hujusmodi
1473 4467 1636 4522 dolus
1664 4468 1722 4523 in
1752 4485 1820 4524 ea

1921 569 2019 624 bet
2041 585 2168 640 qua
2194 568 2301 639 ipsi
2332 568 2520 635 datur,
2553 584 2741 639 neque
2771 565 3126 638 gravioribus
3160 566 3546 638 prastationi-

1921 663 2026 716 bus
2063 661 2304 732 publicis
2335 664 2570 734 gravata
2599 661 2688 727 sit,
2717 666 2779 716 ut
2809 664 2939 732 post
2968 660 3116 714 illius
3146 663 3415 727 mortem,
3449 663 3551 716 aut

1920 760 2148 826 tempus
2175 755 2248 809 ad
2278 755 2434 825 quod
2462 755 2661 809 datum
2692 771 2855 808 usum
2895 753 3103 807 durare
3158 753 3388 824 placuit,
3428 771 3547 808 non

1923 849 2337 903 transcendens
2380 847 2646 902 videlicet
2677 847 3010 918 accipientis
3047 847 3255 912 vitam,
3305 851 3548 918 utraque

1923 957 2014 995 res
2039 946 2156 996 tam
2185 941 2534 1012 proprietate
2556 957 2732 1012 quam
2752 941 3049 994 usufructu
3071 939 3143 995 ad
3173 939 3440 994 eamdem
3457 956 3548 994 ve-

1925 1033 2242 1088 nerabilem
2259 1034 2498 1088 domum
2519 1034 2834 1104 perveniat.
2857 1035 3044 1104 Atque
3071 1034 3194 1087 hac
3217 1033 3456 1104 quidem
3473 1032 3545 1087 de

1923 1127 2316 1182 immobilibus
2337 1127 2506 1182 rebus
2526 1126 2920 1198 praecepimus.
2949 1127 3026 1180 De
3049 1127 3224 1182 sacris
3245 1143 3380 1181 vero
3402 1125 3548 1180 vasis

1924 1241 2052 1296 qua
2069 1224 2142 1279 ad
2161 1225 2426 1280 eamdem
2439 1229 2861 1279 sacrosanctam
2879 1224 3055 1296 regiae
3079 1225 3234 1280 urbis
3260 1224 3546 1296 majorem

1923 1323 2243 1390 ecclesiam,
2285 1327 2385 1378 aut
2411 1323 2482 1377 ad
2511 1323 2622 1377 alia
2655 1322 2904 1377 oratoria
2932 1323 3258 1394 ubicunque
3285 1324 3546 1378 locorum

1923 1428 2129 1478 nostra
2155 1422 2482 1493 reipublicae
2509 1421 2696 1493 posita
2722 1421 3034 1492 pertinent,
3055 1421 3402 1492 generaliter
3431 1421 3547 1476 dis-

1920 1521 2188 1593 ponimus
2209 1525 2404 1574 utnon
2427 1520 2592 1574 aliter
2606 1519 2730 1573 haec
2749 1518 3092 1585 vendantur,
3113 1523 3550 1590 apponanturve

1919 1617 2170 1690 pignori,
2197 1633 2372 1688 quam
2404 1633 2506 1688 pro
2545 1616 2904 1687 captivorum
2933 1616 3354 1687 redemptione.
3397 1617 3548 1672 Sane

1919 1717 1965 1770 si
1986 1717 2148 1787 plura
2160 1732 2293 1770 vasa
2321 1715 2380 1770 in
2411 1731 2524 1770 una
2552 1715 2745 1785 aliqua
2771 1717 3226 1768 memoratarum
3245 1715 3547 1770 venerabi-

1921 1813 2060 1868 lium
2104 1813 2380 1867 domuum
2413 1812 2545 1880 sint,
2575 1828 2703 1883 qua
2748 1812 3130 1866 necessarium
3163 1812 3232 1866 de
3278 1829 3336 1864 se
3381 1829 3549 1867 nsum

1922 1924 2040 1960 non
2084 1905 2398 1977 praebeant,
2431 1909 2487 1960 et
2527 1922 2630 1958 usu
2656 1905 2867 1972 veniat,
2908 1909 2968 1960 ut
3007 1904 3282 1975 ejusmodi
3313 1921 3551 1960 venera-

1921 1999 2048 2053 bilis
2091 1999 2246 2054 locus
2293 2015 2406 2052 are
2437 1997 2622 2052 alieno
2666 2003 2954 2068 gravetur,
3011 2014 3198 2068 neque
3245 2000 3550 2068 suppetant

1921 2097 2048 2151 alia
2069 2113 2160 2149 res
2191 2096 2454 2163 mobiles,
2486 2111 2550 2148 ex
2579 2095 2786 2166 quibus
2815 2112 2890 2148 as
2921 2094 3172 2148 alienum
3201 2095 3428 2148 restitui
3455 2094 3550 2148 de-

1919 2193 2072 2261 beat,
2097 2193 2393 2248 licentiam
2427 2193 2508 2247 eis
2539 2193 2742 2247 damus
2769 2196 2831 2246 ut
2873 2191 3152 2246 confectis
3198 2192 3361 2260 (sicut
3389 2209 3550 2262 supe-

1919 2291 2039 2344 rius
2082 2291 2297 2346 dictum
2349 2291 2450 2358 est)
2492 2293 2750 2344 actorum
2797 2289 3206 2356 monumentis,
3246 2305 3372 2360 qua
3416 2305 3550 2342 vasa

1921 2403 2266 2459 supervacua
2307 2387 2698 2454 inveniuntur,
2741 2403 2805 2440 ea
2851 2390 2951 2440 aut
2993 2386 3101 2439 iliis
3128 2385 3553 2440 venerabilibus

1920 2486 2059 2540 locis
2077 2500 2202 2556 qua
2221 2485 2306 2538 his
2327 2501 2470 2554 opus
2486 2483 2982 2550 habentvendant,
3002 2488 3100 2537 aut
3117 2482 3388 2548 conflent,
3405 2486 3462 2536 et
3479 2483 3548 2536 si-

1920 2581 2134 2636 militer
2152 2581 2420 2648 Vendant,
2437 2581 2796 2652 pretiumque
2815 2596 3016 2634 eorum
3029 2580 3100 2634 ad
3124 2579 3546 2634 dissolvendum

1919 2697 1994 2734 as
2013 2679 2262 2733 alienum
2291 2678 2598 2744 conferant,
2626 2694 2698 2732 ne
2729 2694 2821 2732 res
2851 2677 3172 2732 immobiles
3205 2676 3542 2732 alienentur.

1989 2795 2045 2849 Si
2067 2799 2268 2849 contra
2287 2811 2356 2848 ea
2387 2810 2516 2865 qua
2544 2798 2873 2864 prasentea
2903 2793 3067 2848 nobis
3087 2793 3213 2862 lege
3239 2790 3548 2846 interdicta

1918 2892 2052 2942 sunt
2088 2891 2415 2942 contractus
2454 2887 2660 2958 aliquis
2687 2886 2746 2941 in
2776 2886 2946 2941 rebus
2976 2885 3283 2941 mobilibus
3315 2901 3445 2956 qua
3472 2883 3546 2939 ad

1921 2998 2093 3036 unam
2115 2981 2366 3052 aliquam
2397 2980 2802 3052 pradictarum
2827 2979 3242 3034 venerabilium
3264 2979 3546 3034 domuum

1918 3075 2213 3146 pertinent
2227 3074 2566 3141 celebretur,
2589 3089 2706 3128 non
2733 3079 2956 3129 tantum
2978 3075 3354 3128 sacrosancta
3375 3072 3550 3126 eccle-

1921 3168 2036 3236 sia,
2065 3169 2166 3222 aut
2195 3166 2506 3220 venerabili
2543 3166 2741 3221 domui
2777 3183 2848 3220 ea
2875 3183 2985 3234 res,
3023 3166 3082 3220 in
3121 3183 3233 3236 qua
3261 3166 3376 3220 tale
3408 3163 3551 3235 quid

1921 3261 2287 3316 subsecutum
2317 3263 2420 3326 est,
2445 3276 2574 3314 cum
2601 3259 2774 3314 medii
2796 3261 3070 3332 temporis
3089 3259 3366 3314 fructibus
3390 3257 3551 3312 resti-

1919 3354 2112 3419 tuitor,
2145 3353 2244 3406 sed
2285 3353 2456 3407 etiam
2482 3353 2752 3423 pretium,
2787 3358 2885 3407 aut
2917 3352 3070 3424 quod
3099 3351 3548 3406 remuneranda

1919 3445 2266 3511 donationis,
2311 3448 2408 3499 aut
2450 3445 2909 3516 permutationis,
2955 3449 3053 3500 aut
3091 3445 3324 3499 alterius
3353 3444 3544 3514 cujus-

1918 3557 2140 3612 cunque
2167 3555 2348 3593 causa
2375 3539 2606 3592 nomine
2635 3539 2832 3592 datum
2860 3542 2964 3606 est,
2985 3539 3135 3610 apud
3154 3537 3339 3608 ipsam
3363 3553 3547 3592 rema-

1919 3638 2072 3688 neto.
2103 3632 2268 3698 Quod
2298 3631 2342 3686 si
2371 3631 2761 3702 emphyteusis
2791 3638 2989 3686 contra
3019 3630 3326 3686 interdicta
3353 3631 3546 3684 nostra

1917 3730 2148 3799 peracta
2179 3725 2269 3792 sit,
2291 3725 2562 3796 jubemus
2594 3728 2658 3779 ut
2684 3729 2741 3780 et
2764 3727 3138 3780 sacrosancta
3165 3723 3416 3778 ecclesia
3447 3725 3548 3778 aut

1919 3819 2334 3876 venerabilibus
2352 3817 2489 3873 locis
2515 3835 2585 3872 ea
2616 3833 2706 3872 res
2727 3817 3020 3885 reddatur,
3039 3821 3098 3872 et
3116 3820 3398 3888 praterea
3427 3831 3547 3870 em-

1917 3911 2332 3986 phyteuticum,
2357 3911 2675 3966 secundum
2702 3911 2856 3982 quod
2883 3912 3156 3982 placitum
3177 3914 3280 3976 est,
3313 3911 3548 3982 praste-

1921 4011 2033 4074 tur,
2063 4005 2408 4076 finiaturque
2436 4009 2666 4076 pactum
2688 4004 3003 4060 secundum
3023 4005 3293 4059 virtutem
3309 4003 3548 4076 emphy—

1921 4099 2276 4154 teuticalium
2291 4099 2820 4154 instrumentorum.
2847 4099 2907 4154 Si
2927 4115 3016 4154 res
3033 4097 3436 4168 ecclesiastica,
3449 4097 3550 4152 aut

1919 4192 2152 4248 alterius
2181 4192 2521 4247 venerabilis
2553 4193 2760 4248 domus
2798 4192 3015 4248 donata
3044 4192 3135 4260 sit,
3167 4195 3287 4247 tam
3315 4191 3435 4264 ipsa
3465 4190 3546 4245 ei-

1919 4287 2051 4342 dem
2077 4291 2450 4341 sacrosancta
2481 4286 2691 4357 majori
2720 4286 2994 4354 ecclesia,
3021 4290 3122 4341 aut
3151 4285 3278 4341 aliis
3309 4301 3544 4340 venera-

1920 4379 2127 4434 bilibus
2154 4379 2426 4434 domibus
2449 4397 2580 4434 cum
2614 4378 2791 4434 medii
2819 4378 3098 4450 temporis
3123 4379 3400 4433 fructibus
3425 4377 3550 4432 red-

1922 4472 2110 4542 datur,
2139 4489 2312 4544 quam
2340 4473 2514 4527 etiam
2543 4473 2786 4528 alterum
2817 4475 3062 4539 tantum,
3108 4471 3263 4542 quod
3297 4470 3544 4525 astima-

176 4582 234 4619 re
275 4564 696 4634 subsequatur,
738 4563 800 4614 ut
825 4576 930 4632 pro
961 4577 1029 4614 eo
1066 4561 1382 4615 venerabili
1428 4561 1628 4616 domui
1664 4567 1897 4644 certaD
1923 4565 2074 4620 tione
2101 4582 2229 4620 eam
2257 4581 2379 4620 rem
2409 4569 2617 4636 aquet.
2651 4565 2704 4620 Si
2735 4565 2854 4620 hac
2884 4563 3320 4636 contra~pignus
3349 4563 3548 4618 datum

175 4657 344 4712 detur
368 4654 642 4728 pecunia
673 4668 920 4720 summa,
949 4653 1224 4724 jubemus
1247 4656 1311 4708 ut
1336 4657 1393 4707 et
1430 4655 1577 4709 hanc
1607 4655 1712 4709 sibi
1751 4672 1821 4710 ea

172 4749 528 4806 venerabilis
547 4748 758 4802 domus
777 4747 936 4802 lucro
956 4746 1181 4802 habeat.
1200 4747 1432 4803 Steriles
1451 4753 1642 4803 autem
1657 4765 1748 4803 res
1765 4748 1820 4802 ei

171 4845 269 4916 qui
287 4844 458 4899 dedit
489 4843 596 4897 aut
615 4839 773 4895 omni
794 4840 968 4895 modo
1001 4840 1330 4894 haredibus
1349 4841 1470 4912 ejus
1493 4842 1816 4896 restituant.

170 4939 256 4993 Ad
277 4939 406 4994 hac
419 4937 709 5008 jubemus
727 4939 789 4988 ut
813 4934 970 4988 nulla
999 4934 1374 4989 sacrosanctis
1411 4935 1685 5002 ecclesiis,
1721 4939 1822 4990 aut

171 5031 297 5085 aliis
318 5026 758 5085 venerabilibus
779 5025 937 5093 locis,
963 5029 1080 5080 tam
1109 5027 1168 5080 in
1200 5027 1360 5098 regia
1385 5028 1524 5082 urbe
1553 5044 1728 5099 quam
1760 5029 1820 5082 in

170 5125 449 5180 omnibus
469 5119 808 5192 reipublica
827 5123 1037 5175 nostra
1056 5119 1363 5191 provinciis
1381 5121 1599 5192 positis,
1628 5138 1822 5176 neces-

169 5219 307 5273 sitas
341 5217 668 5272 inducatur
701 5216 762 5268 ut
790 5213 1012 5268 steriles
1048 5217 1148 5268 aut
1182 5213 1399 5268 fertiles
1433 5214 1821 5285 possessiones

166 5312 512 5382 ubicunque
529 5310 794 5362 locorum
816 5306 951 5361 sitas
971 5309 1190 5375 emant,
1205 5322 1277 5360 ne
1295 5323 1400 5378 per
1417 5307 1564 5362 hanc
1577 5308 1822 5363 occasio-

168 5422 306 5460 nem
333 5405 426 5459 vel
448 5419 554 5459 eas
577 5415 720 5471 quas
737 5399 974 5465 habent,
1005 5399 1260 5472 obligare
1287 5400 1817 5472 deprehendantur.

163 5501 416 5570 Insuper
441 5496 493 5551 si
533 5494 665 5566 quis
690 5509 816 5548 rem
849 5493 1213 5548 immobilem
1242 5493 1379 5548 velit
1422 5511 1556 5549 usus
1586 5495 1820 5550 nomine

165 5592 237 5646 ab
249 5591 457 5662 aliqua
473 5585 890 5660 pradictarum
902 5585 1315 5640 venerabilium
1327 5586 1605 5642 domuum
1626 5588 1820 5660 (quem

165 5683 499 5742 admodum
537 5683 600 5735 et
621 5681 881 5751 superius
908 5679 980 5734 de
1013 5678 1438 5734 venerabilibus
1468 5680 1734 5736 domibus
1758 5682 1819 5736 in

163 5779 324 5849 regia
365 5777 518 5832 urbe
567 5772 766 5844 positis
804 5771 1208 5844 disposuimus)
1240 5787 1465 5842 capere,
1497 5789 1611 5827 non
1653 5775 1822 5829 aliter

162 5872 318 5930 hanc
355 5870 582 5942 capito,
623 5865 728 5920 nisi
769 5865 1030 5938 protinus
1069 5867 1308 5920 alteram
1357 5881 1478 5922 rem
1507 5867 1820 5923 venerabili

164 5965 371 6022 domui
399 5981 436 6019 a
467 5976 592 6034 qua
615 5976 743 6015 eam
768 5976 893 6016 rem
918 5959 1087 6032 capit,
1112 5960 1245 6032 jure
1279 5959 1520 6016 dominii
1543 5960 1813 6032 praebeat,

1919 4658 2109 4726 fuerit,
2141 4658 2392 4712 creditor
2435 4661 2494 4713 et
2533 4658 2787 4714 debitum
2835 4657 3104 4724 amittito,
3149 4663 3207 4712 et
3253 4674 3382 4712 eam
3421 4672 3548 4712 rem

1919 4751 2227 4807 venerabili
2247 4751 2446 4806 domui
2468 4751 2772 4818 restituito,
2803 4751 3202 4806 tabellionibus
3227 4751 3324 4822 qui
3351 4754 3550 4805 contra

1918 4846 2067 4900 hanc
2091 4849 2346 4900 nostram
2375 4846 2565 4915 legem
2599 4845 2808 4900 talibus
2849 4845 3120 4900 inservire
3151 4844 3544 4900 instrumentis

1919 4938 2406 5010 prasumpserint,
2434 4941 2712 5010 perpetuo
2741 4937 3197 4994 condemnandis
3218 4937 3548 4993 exsilio.Po-

1921 5032 2134 5082 stremo
2166 5027 2210 5080 si
2241 5027 2380 5099 quid
2404 5031 2537 5081 ante
2581 5028 2729 5082 hanc
2757 5029 2944 5099 legem
2981 5026 3293 5081 secundum
3324 5030 3548 5082 veteres

1921 5119 2362 5175 constitutiones
2393 5120 2610 5175 factum
2639 5124 2742 5187 est,
2768 5120 3036 5192 jubemus
3067 5125 3132 5174 ut
3153 5120 3264 5174 hoc
3281 5119 3550 5175 omnibus

1919 5212 2106 5268 modis
2127 5229 2293 5267 suum
2315 5213 2490 5268 robur
2509 5213 2785 5268 obtineat.
2807 5213 3010 5269 Omnia
3032 5229 3167 5268 vero
3193 5229 3320 5284 qua
3349 5218 3551 5270 contra

1920 5311 2139 5361 veteres
2173 5307 2326 5361 facta
2361 5311 2494 5361 sunt
2519 5307 2694 5378 leges,
2733 5306 2978 5362 subverti
3009 5307 3331 5378 sancimus;
3366 5310 3424 5362 et
3459 5324 3552 5362 res

1922 5415 2050 5472 qua
2075 5403 2274 5455 contra
2305 5416 2504 5454 earum
2531 5401 2794 5454 tenorem
2831 5399 2980 5454 data
3020 5401 3271 5468 fuerunt,
3308 5417 3549 5455 venera-

1919 5493 2127 5548 bilibus
2171 5493 2434 5548 domibus
2476 5493 2718 5548 restitui.
2772 5495 2847 5548 De
2879 5497 3087 5549 catero
3133 5499 3327 5550 autem
3358 5495 3551 5550 omnia

1922 5587 2238 5642 secundum
2266 5591 2607 5658 prasentem
2651 5587 2778 5642 ﬁeri
2817 5587 3011 5659 legem
3044 5589 3426 5653 decernimus,
3461 5603 3550 5642 va-

1921 5681 2182 5736 cantibus
2197 5681 2436 5753 posthac
2455 5679 2719 5736 omnibus
2741 5681 2866 5736 aliis
2881 5681 3399 5748 constitutionibus,
3420 5696 3548 5750 qua

1920 5775 1977 5828 in
2011 5774 2339 5846 hujusmodi
2369 5774 2591 5829 casibus
2618 5777 2788 5829 antea
2815 5775 3198 5847 promulgata
3224 5775 3374 5827 sunt.
3414 5773 3548 5837 Qua

1919 5867 2094 5938 igitur
2119 5884 2220 5940 per
2239 5871 2580 5940 praesentem
2603 5867 2658 5923 in
2677 5875 3020 5940 perpetuum
3037 5867 3336 5924 valituram
3351 5866 3548 5935 legem

1919 5963 2112 6018 nostra
2157 5962 2338 6018 sanxit
2384 5962 2786 6034 tranquillitas,
2829 5979 2892 6018 ea
2938 5961 3167 6018 studeto
3215 5961 3546 6016 excellentia
