4088 6428
621 361 749 418 1019

1739 357 1990 414 ΜΚ]οΜ
2027 357 2216 412 SEXTI
2252 356 2802 414 SUPPLEMENTUM.

3881 350 3907 403 1
3919 346 4035 404 0'20

611 473 707 522 tua
735 467 987 522 insaucia
1030 471 1089 520 et
1115 465 1442 520 inconvulsa
1471 479 1826 531 conservare,
1863 462 2060 520 edictis
2085 479 2220 519 con-
2244 474 2304 547 Α
2323 463 2550 534 placare
2571 463 2752 517 Deum
2767 459 3085 532 poterunt?
3101 459 3262 523 Quod
3291 472 3432 512 vero
3453 455 3907 512 ordinationes
3929 469 4028 508 sa-

614 559 788 614 suetis
821 563 878 612 et
915 557 1264 612 solemnibus
1303 557 1438 612 locis
1475 572 1581 626 per
1623 556 1818 611 decem
1859 556 1978 610 dies
2007 571 2222 626 propo-

613 652 832 718 nendis,
865 649 1032 704 nullis
1057 655 1248 704 tamen
1281 649 1630 719 jussionibus
1659 665 1762 719 per
1799 649 1947 702 hanc
1997 663 2224 702 causam

613 745 668 798 iu
697 743 1012 813 provincias
1043 741 1412 796 destinandis.
1457 742 1567 794 Nos
1610 741 1761 794 enim
1799 739 2226 810 providebimus

612 835 898 906 quomodo
916 835 1127 904 absque
1146 834 1501 888 subditorum
1520 834 1974 902 collatorumque
1994 831 2225 886 laesione

612 927 876 982 omnibus
899 943 1148 996 przesens
1185 931 1376 980 nostra
1417 925 1696 996 generalis
1727 924 2055 979 constitutio
2086 923 2224 977 insi-

616 1024 838 1073 nuetur.
872 1021 996 1073 Dat.
1025 1035 1098 1073 vn
1125 1018 1204 1074 ld.
1239 1019 1386 1084 Maii‘,
1412 1017 1866 1089 C0nstantin0p.,
1899 1016 1954 1071 d.
1988 1033 2044 1071 [ι.
2077 1017 2221 1071 Just.

617 1114 713 1167 PP.
736 1113 904 1183 Aug,
935 1111 1138 1166 Basilio
1169 1129 1221 1165 v.
1249 1127 1297 1164 c.
1327 1127 1480 1166 cons.

1129 1210 1444 1268 NOVELLA
1486 1211 1703 1266 CXXIII.

918 1299 987 1350 De
1008 1295 1376 1349 ecclesiasticis
1401 1293 1624 1348 diversis
1653 1293 1925 1362 capitulis.

684 1391 1006 1458 Imperator
1031 1386 1375 1440 Justinianus
1394 1387 1680 1456 Augustus
1703 1387 1868 1440 Petro
1899 1383 2228 1454 gloriosissi-

613 1492 707 1529 mo
730 1476 1005 1545 magistro
1027 1491 1318 1530 sacrorum
1347 1479 1670 1528 nostrorum
1698 1473 2038 1528 officiorum.

685 1569 763 1622 De
792 1567 1230 1638 dispensatione,
1259 1571 1316 1620 et
1354 1565 1678 1637 privilegiis,
1713 1565 1952 1635 aliisque
1997 1563 2228 1618 diversis

613 1659 869 1731 capitulis
892 1675 1089 1713 earum
1105 1675 1297 1712 rerum
1323 1675 1448 1728 quae
1467 1658 1534 1712 ad
1557 1662 1942 1711 sacrosanctae
1967 1655 2228 1710 ecclesias

611 1757 666 1806 et
688 1753 826 1806 alias
839 1751 1190 1805 venerabiles
1207 1748 2013 1820 domospertinent,nonnulla
2023 1748 2143 1818 jam
2157 1748 2228 1802 ad

2323 555 2620 610 cerdotum
2649 553 2954 609 conveniat
2973 567 3105 606 cum
3128 566 3362 605 summa
3382 549 3518 604 fieri
3534 548 3904 618 diligentia,
3930 545 4036 600 do-

2279 659 2287 662 ·
2323 651 2413 702 cet
2440 664 2544 701 nos
2585 647 2736 700 inter
2764 648 2987 700 sanctos
3021 643 3250 698 habitus
3277 641 3609 720 Gregorius
3629 639 4033 710 Theologus,

2325 743 2549 794 sanctos
2567 739 2851 808 apostolos
2867 741 2924 791 et
2941 753 3130 791 sacros
3150 740 3380 790 secutus
3403 749 3699 790 canones.
3725 735 3826 786 Ita
3859 731 4035 786 enim

2326 831 2459 886 dicit
2477 832 2533 884 in
2557 847 2768 901 magno
2783 829 3180 901 Apologetico:
3202 849 3230 876 ‹‹
3247 827 3389 892 Quis
3411 830 3625 881 autem
3651 825 3737 880 ad
3758 823 3952 880 Pauli
3973 841 4037 878 se

2326 925 2551 994 regulas
2577 927 2633 976 et
2654 922 2982 993 praescripta
3007 921 3320 976 dimetiens
3355 935 3494 990 quas
3521 919 3600 972 de
3623 917 3957 988 episcopis
3978 920 4040 970 et

2325 1016 2667 1088 presbyteris
2687 1015 2840 1080 fecit,
2861 1013 3112 1068 utsobrii
3133 1014 3242 1066 sint
3255 1054 3268 1078 ,
3281 1011 3568 1077 modesti,
3585 1027 3718 1064 non
3737 1010 4034 1064 vinolen-

2329 1111 2390 1177 ti,
2409 1125 2525 1163 non
2546 1123 2926 1178 percussores,
2947 1106 3213 1161 instructi
3233 1105 3310 1159 ad
3333 1105 3712 1169 docendum,
3739 1103 4032 1173 irrepre-

2328 1200 2635 1256 hensibiles
2656 1200 2715 1253 in
2731 1199 3016 1264 omnibus,
3041 1203 3099 1252 et
3116 1197 3262 1252 nihil
3285 1213 3424 1251 cum
3446 1195 3759 1266 improbis
3783 1195 4036 1249 haben-

2329 1298 2414 1348 tes
2439 1291 2790 1358 commercii,
2823 1308 2936 1346 non
2967 1289 3376 1361 deprehendat
3404 1289 3678 1342 multum
3704 1305 3773 1342 se
3805 1287 3888 1342 ab
3920 1289 4037 1342 hac

2329 1386 2660 1456 regularum
2681 1365 3024 1438 rectitudine
3057 1381 3437 1452 discrepare?
3455 1401 3484 1431 »
3510 1383 3584 1436 Et
3607 1397 3834 1435 rursus
3866 1380 4037 1435 idem

2330 1478 2406 1532 sic
2419 1477 2583 1530 dicit:
2612 1497 2638 1524 ‹‹
2658 1475 2930 1530 Mundum
2951 1475 3109 1546 prius
3131 1490 3257 1528 esse
3285 1476 3551 1544 oportet,
3580 1473 3819 1527 deinde
3858 1490 4038 1527 mun-

2329 1571 2465 1624 dare
2482 1586 2494 1634 ;
2511 1569 2850 1622 instructum
2871 1567 3180 1638 sapientia,
3213 1569 3394 1636 atque
3417 1565 3503 1620 ita
3531 1565 3614 1619 ad
3641 1565 4037 1636 sapientiam

2329 1662 2642 1730 instruere;
2664 1661 2850 1715 lucem
2873 1659 3019 1726 ﬁeri,
3041 1663 3100 1714 et
3117 1659 3488 1727 illuminare;
3513 1659 4036 1729 appropinquare

2331 1756 2468 1822 Deo,
2502 1757 2559 1808 et
2588 1753 2728 1808 alios
2756 1753 2830 1808 ad
2857 1754 3038 1808 Deum
3069 1751 3400 1818 adducere;
3448 1755 3742 1806 sanctum
3772 1769 3941 1818 esse,
3979 1753 4041 1805 et

611 1850 826 1898 certam
847 1843 1172 1913 redegimus
1190 1843 1433 1897 formam.
1462 1845 1521 1897 In
1544 1838 1844 1913 praesentia
1864 1857 1998 1907 vero
2013 1857 2081 1894 ea
2103 1857 2228 1911 quae
2250 1823 2305 1894 B
2329 1847 2676 1902 sanctiﬁcare
2701 1864 2714 1912 ;
2743 1845 3050 1912 deducere,
3071 1844 3173 1898 sed
3187 1861 3324 1898 cum
3346 1843 3644 1899 manibus
3669 1861 3684 1910 ',
3708 1843 3866 1898 dare
3902 1860 4040 1898 con-

611 1937 1065 2007 religiosissimos
1081 1939 1431 1990 concernunt
1445 1935 1760 2006 episcopos,
1777 1933 2030 2000 clericos,
2045 1937 2101 1986 et
2115 1949 2230 1987 mo-

614 2030 843 2095 nachos,
869 2029 928 2082 in
967 2027 1200 2081 diversis
1233 2027 1458 2098 pridem
1500 2025 1774 2098 disposita
1816 2025 2230 2080 constitutioni-

612 2123 736 2188 bus,
753 2121 856 2176 hac
873 2121 998 2189 lege
1019 2136 1148 2174 cum
1161 2122 1526 2189 competente
1541 2117 1703 2173 nobis
1716 2117 2068 2172 correctione
2080 2133 2231 2170 com-

613 2213 782 2284 plecti
810 2213 992 2266 visum
1015 2215 1120 2266 est.
1144 2215 1287 2267 Nam
1314 2211 1359 2264 si
1387 2212 1539 2281 leges
1561 2211 1768 2276 civiles,
1787 2225 2032 2281 quarum
2051 2212 2230 2280 potes-

613 2308 789 2359 tatem
810 2305 944 2358 fidei
962 2310 1166 2359 nostrze
1187 2305 1331 2358 Deus
1356 2320 1458 2374 pro
1475 2319 1576 2358 suo
1597 2319 1736 2373 erga
1757 2302 2015 2356 homines
2035 2317 2228 2356 amore

613 2397 981 2464 concredidit,
1005 2413 1110 2468 per
1136 2397 1330 2451 omnia
1348 2396 1540 2450 ﬁrmas
1563 2407 1626 2450 ac
1653 2393 1884 2449 stabiles
1903 2393 2228 2449 conservari

611 2495 681 2550 ad
709 2495 1059 2549 subditorum
1105 2494 1464 2548 securitatem
1509 2493 1824 2561 studemus,
1857 2497 2071 2563 quanto
2104 2491 2230 2562 plus

613 2587 782 2642 studii
807 2588 1080 2642 debemus
1097 2587 1243 2642 circa
1265 2603 1548 2640 sacrarum
1578 2585 1906 2656 regularum
1933 2588 1989 2638 et
2017 2583 2232 2638 divina-

613 2697 742 2734 rum
771 2681 965 2750 legum
987 2679 1442 2733 observationem
1465 2693 1762 2750 reponere,
1786 2693 1914 2750 quas
1929 2693 2032 2747 pro
2049 2677 2228 2730 salute

615 2774 937 2828 animarum
965 2777 1288 2826 nostrarum
1315 2771 1563 2826 deﬁnitae
1602 2775 1658 2824 et
1693 2769 2016 2824 constitutae
2063 2769 2231 2823 sunt?

615 2865 724 2930 Qui
757 2865 912 2919 enim
947 2880 1136 2919 sacros
1171 2864 1468 2918 observant
1495 2879 1760 2930 canones,
1786 2861 1845 2915 hi
1873 2860 2102 2916 Domini
2133 2859 2233 2915 Dei

614 2957 911 3027 potiuntur
941 2955 1188 3010 auxilio:
1220 2961 1276 3008 et
1301 2955 1398 3024 qui
1419 2955 1477 3008 in
1510 2955 1683 3008 hosce
1708 2954 2166 3024 praevaricantur,
2191 2952 2232 3007 ii

614 3048 830 3118 seipsos
851 3045 1312 3101 condemnationi
1328 3045 1651 3116 subjiciunt.
1676 3045 1868 3114 Majori
1886 3049 2075 3099 autem
2103 3061 2234 3098 con-

615 3139 971 3194 demnationi
985 3138 1211 3192 obnoxii
1225 3141 1391 3192 erunt
1403 3137 1809 3208 religiosissimi
1824 3136 2232 3208 episcopi,quo—

614 3249 740 3286 rum
763 3231 896 3285 ﬁdei
919 3231 1215 3286 commissa
1235 3233 1320 3284 est
1347 3245 1630 3284 canonum
1658 3228 1950 3299 inquisitio
1970 3234 2026 3282 et
2042 3233 2230 3283 custo-

615 3325 725 3389 dia,
745 3325 790 3378 si
811 3323 948 3394 quid
970 3325 1028 3377 in
1057 3323 1144 3376 his
1170 3329 1586 3392 transgressum
1607 3322 1852 3376 inultum
1872 3321 2226 3392 reliquerint.

614 3417 799 3472 Sacris
825 3431 960 3470 sane
981 3415 1295 3470 canonibus
1318 3430 1435 3470 non
1467 3413 1798 3483 observatis,
1821 3414 2007 3468 varias
2032 3417 2229 3468 contra

613 3510 866 3576 clericos,
893 3512 951 3563 et
979 3508 1312 3573 monachos,
1333 3523 1398 3562 ac
1415 3507 1719 3562 nonnullos
1739 3507 2036 3578 episcopos
2051 3506 2229 3562 inter-

614 3603 951 3673 pellationes
973 3601 1346 3672 suscepimus,
1364 3600 1517 3671 quod
1535 3599 1844 3654 secundum
1863 3615 2051 3654 sacros
2067 3615 2233 3653 cano-

613 3711 718 3749 nes
733 3695 906 3748 vitam
930 3710 1045 3748 non
1066 3693 1382 3747 instituant.
1405 3693 1511 3746 Alii
1535 3693 1710 3747 etiam
1733 3707 1804 3746 ne
1824 3691 1972 3762 ipsas
1994 3691 2231 3762 quidem

613 3803 781 3841 sacrae
815 3785 1120 3842 oblationis
1141 3790 1196 3840 et
1219 3786 1364 3838 sacri
1384 3784 1738 3856 baptismatis
1766 3800 1959 3854 preces
1985 3783 2126 3838 scire
2145 3783 2229 3838 di-

613 3883 841 3934 cuntur.
858 3877 954 3934 Dei
970 3878 1166 3948 itaque
1185 3876 1467 3948 judicium
1486 3877 1835 3930 revolventes
1850 3876 1912 3930 in
1933 3876 2148 3942 animo,
2171 3875 2230 3930 in

612 3987 960 4042 unoquoque
982 3971 1187 4024 horum
1215 3985 1341 4039 qua:
1369 3968 1695 4023 renuntiata
1714 3968 1879 4023 nobis
1906 3971 2059 4038 sunt,
2082 3985 2233 4039 quie-

613 4063 857 4118 stionem
879 4067 936 4117 et
975 4061 1386 4116 correctionem
1422 4061 1692 4116 canonice
1723 4061 1996 4132 jussimus
2029 4077 2230 4132 proce-

615 4155 766 4210 dere.
783 4157 924 4209 Nam
941 4155 984 4208 si
1005 4155 1298 4224 generales
1314 4153 1469 4224 leges
1486 4170 1552 4207 ea
1569 4170 1694 4224 quae
1713 4170 2014 4224 perperam
2033 4153 2234 4208 admit-

617 4252 814 4302 tuntur
835 4263 866 4300 a
883 4247 1036 4301 laicis
1050 4264 1165 4300 non
1188 4246 1506 4300 concedunt
1520 4246 1640 4300 sine
1665 4246 1977 4318 quaestione
1991 4245 2234 4300 etvindi-

613 4344 704 4394 cta
736 4340 996 4410 relinqui,
1021 4339 1308 4410 quomodo
1333 4355 1400 4392 ea
1435 4355 1560 4410 quae
1587 4355 1621 4392 a
1640 4339 1850 4393 sanctis
1878 4337 2145 4410 apostolis
2175 4342 2233 4392 et

611 4433 868 4503 patribus
889 4433 962 4486 ad
991 4432 1244 4487 ﬁdelium
1267 4431 1569 4486 hominum
1610 4431 1851 4485 salutem
1893 4430 2232 4501 regulariter

2329 1939 2536 2006 silium,
2560 1939 2657 1992 sed
2677 1954 2807 1992 cum
2819 1937 3149 2008 prudentia.
3169 1958 3198 1986 ››
3223 1939 3294 1992 Et
3307 1953 3520 1991 rursus
3533 1936 3706 1992 idem
3719 1937 3785 1991 in
3805 1937 4040 1991 sanctis

2327 2033 2553 2086 habitus
2569 2031 2876 2102 Gregorius
2911 2031 2982 2084 de
3015 2029 3223 2083 iisdem
3245 2029 3308 2083 in
3336 2029 3560 2084 eadem
3589 2029 3882 2084 oratione
3915 2031 4033 2084 hoc

2329 2124 2546 2179 scribit:
2575 2145 2603 2174 «
2619 2124 2775 2190 Quis,
2803 2122 3065 2189 obsecro,
3085 2121 3254 2193 quasi
3273 2121 3493 2193 ﬁglina
3513 2139 3644 2177 uno
3672 2123 4034 2194 eodemque

2329 2217 2419 2272 die
2441 2218 2623 2288 ﬁngat
2636 2216 2756 2270 veri
2774 2215 3079 2270 ministerii
3097 2215 3450 2282 antistitem,
3468 2215 3745 2285 quicum
3767 2216 3915 2270 aliis
3935 2232 4045 2270 an-

2331 2309 2468 2380 gelis
2495 2309 2771 2364 stationes
2795 2309 3024 2375 habeat,
3053 2324 3186 2361 cum
3218 2307 3614 2378 archangelis
3657 2309 3882 2363 laudes
3913 2310 4039 2364 Deo

2331 2403 2498 2468 dicat,
2514 2418 2642 2456 cum
2657 2401 2879 2456 Christo
2891 2401 3233 2454 sacerdotali
3255 2400 3554 2471 fungatur
3583 2418 3856 2458 munere
3873 2403 3905 2456 ‘?
3923 2424 3952 2452 ››
3973 2405 4041 2458 Et

2329 2512 2432 2566 per
2451 2496 2570 2548 haec
2598 2493 2831 2564 quidem
2856 2493 3108 2548 ostendit
3122 2494 3464 2564 Theologus
3484 2493 3712 2564 quales
3735 2495 3815 2549 ad
3844 2512 4040 2548 sacer-

2330 2587 2548 2642 dotium
2567 2586 2895 2658 promoveri
2927 2589 3216 2656 oporteat.
3245 2587 3330 2640 De
3353 2587 3448 2640 his
3469 2603 3622 2640 vero
3646 2587 3757 2658 qui
3775 2588 4038 2658 indigne

2332 2679 2689 2748 ordinantur,
2707 2679 2861 2734 idem
2882 2679 3002 2733 haec
3026 2678 3166 2732 dicit
3181 2678 3241 2732 in
3259 2678 3481 2732 eadem
3509 2680 3807 2734 oratione
3829 2697 3846 2736 :
3874 2703 3906 2730 ‹‹
3927 2681 4042 2744 Qui

2331 2789 2458 2826 cum
2483 2771 2623 2824 nihil
2639 2775 2809 2825 antea
2832 2771 2890 2824 in
2919 2786 3146 2824 sacrum
3169 2771 3274 2825 Dei
3299 2771 3539 2826 alveare
3565 2772 3930 2842 intulerint,
3961 2774 4043 2827 ni-

2332 2865 2411 2919 hil
2438 2866 2607 2918 antea
2622 2863 2831 2917 laboris
2858 2863 2930 2916 ad
2953 2863 3008 2917 id
3035 2863 3194 2934 quod
3225 2863 3558 2934 pulchrum
3584 2869 3684 2920 est
3709 2883 4044 2938 assequen-

2335 2957 2470 3010 dum
2491 2955 2884 3022 sustinuerint,
2908 2955 3076 3009 simul
3105 2955 3378 3026 discipuli
3401 2960 3464 3010 et
3481 2959 3784 3028 magistri
3804 2960 4046 3030 pietatis

2333 3049 2728 3118 designantur,
2747 3050 2804 3102 et
2823 3048 2981 3117 prius
2999 3064 3174 3118 quam
3192 3053 3540 3118 purgentur
3567 3051 3710 3121 ipsi,
3729 3057 4041 3123 purgant:

2331 3141 2454 3194 heri
2467 3155 2757 3194 sacrorum
2775 3139 3114 3210 direptores,
3129 3140 3308 3195 hodie
3326 3141 3687 3198 sacerdotes
3707 3162 3724 3209 ;
3750 3145 3892 3200 heri
3909 3164 3945 3199 a
3964 3163 4046 3201 sa-

2331 3232 2828 3298 crisalieni,hodie
2843 3249 3136 3286 sacrorum
3160 3233 3498 3304 principes:
3531 3239 3833 3292 veterani
3865 3240 4043 3293 mali-

2329 3326 2428 3392 tia,
2454 3331 2685 3395 tyrones
2705 3323 2942 3394 pietate,
2975 3325 3262 3380 beneﬁcio
3291 3327 3591 3384 humanas
3629 3331 3891 3400 gratias,
3921 3350 4044 3388 non

2329 3417 2576 3488 spiritus.
2594 3437 2622 3466 »
2641 3416 2806 3480 Quod
2821 3422 3016 3472 autem
3031 3434 3128 3472 eos
3152 3419 3252 3488 qui
3268 3419 3529 3476 alteram
3554 3422 3887 3480 duxerunt
3897 3443 4045 3481 uxo-

2329 3526 2452 3564 rem
2471 3509 2615 3563 sacri
2633 3525 2878 3563 canones
2894 3510 3132 3564 clericos
3146 3528 3273 3564 esse
3297 3513 3702 3582 prohibeant,
3720 3517 3794 3572 in
3814 3521 4043 3574 sanctis

2331 3601 2504 3655 etiam
2531 3601 2761 3656 habitus
2793 3601 3034 3656 Basilius
3067 3603 3306 3672 docens,
3337 3605 3424 3660 ita
3446 3605 3701 3678 inquit:
3733 3613 3912 3666 «Eos
3947 3613 4044 3682 qui

2332 3693 2554 3764 nuptias
2582 3693 2882 3758 iterarunt,
2901 3710 3091 3749 canon
3115 3697 3363 3750 exclusit
3385 3698 3774 3756 ministerio.
3793 3725 3826 3752 ι»
3849 3707 4043 3775 Atque

2329 3786 2449 3840 haec
2465 3785 2701 3856 quidem
2721 3785 2872 3840 inter
2883 3791 3113 3841 sanctos
3127 3787 3370 3842 habitus
3397 3790 3681 3848 Basilius.
3711 3797 3788 3850 In
3804 3799 4044 3851 tantum

2328 3881 2523 3931 autem
2541 3877 2723 3932 sancti
2737 3879 2933 3932 Patres
2959 3893 3063 3948 pro
3088 3881 3425 3936 sacerdotio
3446 3893 3792 3954 gesserunt
3815 3906 4044 3955 ciu-am,

2331 3973 2392 4025 ut
2401 3970 2460 4024 hi
2473 3969 2568 4040 qui
2580 3970 2762 4024 Niceae
2775 3975 3171 4025 convenerunt
3190 3972 3273 4026 ita
3289 3990 3351 4027 se
3367 3975 3644 4032 habente
3655 3995 3718 4033 m
3736 3997 4043 4038 canonem

2329 4062 2646 4118 ediderint:
2667 4063 3078 4118 «lnterdixitin
3109 4065 3459 4121 universum
3473 4085 3717 4141 magna
3745 4076 4041 4144 synodus,

2331 4171 2402 4209 ne
2429 4155 2516 4208 cui
2542 4155 2628 4208 vel
2657 4155 2944 4226 episcopo,
2969 4156 3058 4209 vel
3087 4157 3461 4228 presbytero,
3491 4165 3593 4216 vel
3630 4164 3934 4235 diacono,
3960 4169 4042 4221 vel

2329 4247 2425 4318 qui
2447 4246 2682 4301 omnino
2710 4247 2772 4300 in
2801 4248 2954 4302 clero
2983 4249 3338 4304 constitutus
3360 4252 3460 4318 sit,
3490 4255 3687 4311 liceat
3709 4261 4040 4316 ascititiam

2331 4355 2524 4393 secum
2540 4355 2775 4394 uxorem
2801 4340 3041 4407 habere,
3069 4346 3285 4412 praeter
3301 4348 3600 4415 matrem,
3621 4355 3740 4406 aut
3763 4356 4043 4416 amitam.

2330 4434 2789 4498 materteramve,
2821 4435 2920 4486 aut
2945 4449 3076 4503 quae
3111 4435 3248 4488 solae
3283 4453 3570 4506 personae
3623 4415 4043 4516 suspicionem

613 4526 887 4596 disposita
902 4529 1052 4591 sunt,
1069 4524 1284 4596 despici
1301 4523 1682 4578 sustineamus
1694 4523 1722 4577 ἰ)
1737 4523 1936 4578 Multos
1949 4525 2230 4593 praeterea
2249 4528 2308 4600 Β
2331 4523 2440 4578 eﬁ‘u
2451 4523 2632 4593 giunt.
2662 4542 2692 4574 »

613 4635 677 4672 ex
698 4619 806 4672 hoc
829 4617 1308 4688 deprehendimus
1331 4616 1388 4670 in
1406 4619 1638 4687 peccata
1660 4615 1939 4682 incidisse,
1964 4615 2116 4686 quod
2138 4632 2230 4686 sy-

614 4710 744 4764 nodi
787 4710 1348 4780 religiosissimorum
1395 4709 1757 4763 sacerdotum
1801 4707 2116 4762 secundum
2161 4725 2233 4762 ea

611 4821 738 4874 quae
763 4821 796 4857 a
817 4801 1024 4856 sanctis
1050 4801 1317 4873 apostolis
1338 4805 1393 4856 et
1413 4801 1620 4854 sanctis
1654 4800 1912 4855 Patribus
1946 4800 2232 4870 praeﬁnita

611 4900 742 4950 sunt
764 4912 878 4950 non
907 4895 1284 4950 celebrentur.
1301 4895 1558 4964 Namque
1581 4894 1624 4946 si
1642 4893 1701 4947 id
1719 4893 2081 4947 observatum
2099 4892 2232 4946 fuis-

610 4992 713 5052 set,
739 4989 1126 5058 unusquisque
1143 4987 1418 5044 reveritus
1439 4986 1792 5040 subeundam
1807 5003 1840 5039 a
1860 5002 1918 5039 se
1940 4985 1996 5038 in
2013 4985 2230 5055 synodo

607 5081 1091 5150 redargutionem,
1122 5079 1424 5134 studuisset
1459 5078 1655 5149 utique
1691 5081 1748 5131 et
1785 5093 1939 5131 sacra
1979 5077 2228 5132 ediscere

609 5172 944 5238 ministeria,
962 5178 1018 5226 et
1034 5173 1268 5226 honeste
1281 5172 1484 5236 vivere,
1504 5174 1561 5224 et
1581 5169 2041 5224 condemnationi
2064 5170 2231 5240 subji-

608 5267 834 5317 ceretur
849 5280 1140 5318 sacrorum
1155 5281 1438 5319 canonum
1450 5262 1576 5318 .Sed
1591 5267 1647 5316 et
1658 5262 1798 5316 illud
1813 5263 2098 5332 plerisque
2111 5279 2228 5316 non

609 5371 836 5424 parvam
865 5355 1232 5426 delinquendi
1261 5357 1615 5411 occasionem
1637 5355 1899 5425 praebuit,
1925 5355 2075 5424 quod
2107 5354 2228 5424 epi-

611 5447 768 5516 scopi
802 5463 866 5499 ac
900 5447 1234 5518 presbyteri,
1280 5465 1464 5520 neque
1491 5464 1609 5502 non
1641 5447 1887 5513 diaconi,
1929 5451 1986 5502 et
2023 5447 2230 5518 reliqui

615 5537 796 5592 clerici
821 5539 941 5592 sine
965 5541 1383 5595 examinatione
1407 5545 1464 5594 et
1483 5541 1722 5594 derecta
1747 5539 1860 5592 ﬁde
1889 5543 1948 5593 et
1964 5539 2094 5593 vitae
2125 5539 2228 5593 ho-

609 5634 828 5685 nestate
853 5631 1179 5686 testimonio
1203 5633 1559 5687 ordinentur.
1576 5633 1714 5686 Nam
1737 5631 1782 5686 si
1807 5631 1891 5685 illi
1909 5631 2113 5701 quibus
2136 5647 2232 5686 ne-

610 5724 824 5793 gotium
849 5724 1042 5777 (latum
1068 5727 1149 5776 cst
1167 5723 1371 5777 orandi
1406 5740 1506 5792 pro
1529 5723 1754 5793 populo,
1783 5723 2004 5792 indigni
2026 5723 2227 5778 minis-

613 5815 759 5870 terio
774 5815 873 5871 Dei
895 5815 1112 5871 inventi
1129 5813 1362 5884 fuerint,
1377 5815 1664 5888 quomodo
1681 5832 1785 5888 pro
1803 5815 1999 5888 populi
2011 5815 2227 5874 delictis

2401 4617 2716 4686 Sequentes
2735 4616 2914 4686 igitur
2933 4633 3003 4672 ea
3026 4633 3159 4688 quae
3179 4621 3364 4675 sacris
3396 4624 3674 4686 deﬁnita
3700 4638 3856 4690 sunt
3874 4653 4045 4691 cano-

2333 4709 2518 4778 nibus,
2541 4709 2959 4780 pragmaticam
2977 4711 3167 4778 legem
3182 4711 3466 4786 facimus,
3499 4737 3624 4790 per
3650 4741 3852 4796 quam
3867 4729 4046 4784 sanci-

2329 4818 2458 4856 mus
2468 4805 2528 4855 ut
2539 4801 2763 4872 quoties
2779 4819 2923 4872 opus
2936 4803 3110 4857 fuerit
3121 4805 3408 4864 ordinare
3423 4813 3806 4889 episcopum
3818 4826 4048 4890 ,coeant

2330 4894 2388 4948 in
2403 4911 2581 4948 unum
2595 4894 2783 4948 clerici
2799 4897 2858 4948 et
2871 4895 3149 4964 primates
3167 4897 3448 4970 civitatis,
3466 4909 3568 4961 cui
3596 4912 3941 4986 episcopus
3959 4933 4041 4971 or-

2330 4985 2614 5081 dinandus
2640 4988 3148 5081 est,et_propositis
3168 4989 3547 5066 Evangeliis,
3584 5003 3670 5059 de
3697 4985 3905 5063 tribus
3929 5026 4044 5081 per-

2329 5078 2482 5134 sonis
2494 5079 2721 5134 decreta
2735 5079 2945 5134 faciant
2959 5097 2972 5144 ;
2988 5085 3308 5157 etquisque
3322 5103 3547 5147 eorum
3556 5095 3748 5165 juret
3759 5118 3876 5171 per
3890 5078 4042 5156 sacra

2331 5170 2577 5241 eloquia,
2591 5170 2766 5241 idque
2779 5171 2916 5242 ipsis
2931 5173 3180 5231 decretis
3195 5178 3498 5252 inserant,
3523 5193 3710 5258 quod
3729 5211 3936 5267 neque
3949 5210 4044 5266 per

2327 5263 2414 5318 131‘
2417 5263 2714 5333 ἕίῗίοηθῐη,
2734 5279 2919 5336 neque
2939 5270 3428 5342 promissionem,
3451 5284 3568 5334 aut
3581 5263 3934 5344 amicitiam
3953 5263 4040 5343 aut

2329 5355 3112 5430 gratiam,autquamcunque
3127 5363 3310 5420 aliam
3333 5368 3758 5435 affectionem
3774 5383 3879 5438 sed
3897 5382 4039 5454 quod

2328 5448 2506 5502 sciant
2528 5449 2680 5518 ipsos
2698 5453 2864 5504 rectae
2885 5453 2942 5504 et
2956 5453 3259 5510 catholicae
3279 5459 3452 5530 ﬁdei,
3475 5481 3554 5520 ac
3582 5468 3875 5531 honesta:
3899 5448 4038 5535 vitae.

2329 5556 2450 5594 esse
2468 5543 2526 5594 et
2541 5556 2715 5612 supra
2729 5541 3086 5599 tricesimum
3103 5548 3393 5617 quintum
3417 5561 3634 5616 aetatis
3663 5581 3930 5632 annum,
3945 5571 4036 5623 hoc

2329 5632 2636 5734 elegerint;
2658 5636 2887 5734 etquod
2914 5653 3103 5734 neque
3117 5656 3396 5712 uxorem,
3417 5665 3646 5724 neque
3661 5659 4033 5734 ﬁliosquem-

2325 5723 2744 5796 piamipsorum
2760 5727 2971 5781 habere
2986 5730 3194 5797 sciant,
3212 5741 3319 5790 aut
3333 5746 3810 5822 concubinam,
3831 5723 3929 5810 aut
3955 5771 4036 5808 na-

2326 5818 2539 5875 turales
2557 5817 2767 5876 liberos
2795 5820 3066 5879 noverint
3083 5823 3242 5898 ipsos
3281 5829 3616 5915 habuisse,
3645 5853 3761 5906 am
3794 5817 4031 5916 habere;
