4088 6438
201 375 340 432 1021

1035 372 1400 434 JUSTINIANI
1436 371 1764 430 NOVELLE
1801 367 2136 429 SELECTJ‘I.
2179 366 2486 428 NOVELLA
2523 362 2753 421 CXXIII.

3438 353 3573 410 l022

195 481 301 537 sed
322 487 384 538 et
412 482 461 537 si
485 483 612 556 quis
637 485 892 554 ipsorum
905 482 1065 555 prius
1086 497 1323 538 uxorem
1350 481 1634 548 habuerit,
1654 485 1844 535 tamen
1863 487 1924 562 Α
1943 477 2219 549 impedire
2253 473 2686 542 ordinationem,
2719 467 2972 526 diﬂ‘ertor
2999 461 3331 537 bujusmodi
3353 458 3574 562 ordina-

197 590 331 628 eam
353 575 552 646 solam,
571 579 629 630 et
645 592 832 648 neque
850 575 1104 646 viduam,
1116 591 1304 646 neque
1321 575 1632 646 sejunctam
1651 589 1685 626 a
1698 573 1837 641 viro,

195 679 392 736 neque
411 665 583 719 sacris
601 665 910 719 canonibus
931 665 1286 720 interdictam
1306 663 1599 730 habuerit;
1617 661 1714 716 sed
1734 677 1837 716 ne-

194 773 315 828 que
355 757 532 812 curia
561 757 893 814 muneribus
919 757 1204 813 addictum
1226 799 1241 824 ,
1269 773 1457 828 neque
1493 755 1841 810 cohortalem

193 865 325 904 esse
355 849 604 922 aliquem
625 867 696 904 ex
721 851 809 904 his
824 850 1088 906 noverint
1112 851 1212 922 qui
1237 851 1472 905 decretis
1491 848 1700 904 electus
1714 851 1832 900 est:

193 952 592 1019 praterquam
612 948 658 1002 si
677 947 850 1002 curia
878 947 1209 1002 muneribus
1227 947 1504 1016 addictus,
1533 951 1632 1000 aut
1647 933 1841 1000 cohor-

191 1045 352 1114 talis,
379 1062 497 1101 non
526 1046 718 1101 minus
751 1047 913 1101 annis
950 1045 1308 1118 quindecim,
1348 1044 1743 1100 monachicam
1779 1045 1840 1099 in

191 1139 547 1194 monasterio
567 1139 737 1195 vitam
761 1144 922 1195 extra
947 1155 1175 1194 omnem
1196 1139 1536 1194 calumniam
1554 1142 1841 1208 transege-

193 1232 277 1287 rit
305 1231 570 1288 videlicet
599 1249 613 1287 :
645 1233 1029 1288 observatione
1055 1249 1182 1303 qua
1223 1232 1382 1304 prius
1412 1249 1447 1286 a
1487 1231 1650 1286 nobis
1692 1231 1839 1285 dicta

191 1331 305 1394 est,
337 1342 443 1397 per
468 1325 724 1380 facienda
747 1327 816 1380 de
845 1326 981 1396 ipsis
1010 1326 1262 1395 decreta,
1293 1329 1349 1379 et
1372 1325 1432 1380 in
1459 1324 1546 1379 his
1580 1323 1838 1396 personis

189 1418 586 1488 custodienda,
618 1423 684 1474 ut
711 1435 780 1474 ex
805 1419 988 1474 tribus
1019 1419 1132 1472 illis
1162 1419 1420 1490 personis
1446 1434 1574 1490 qua
1599 1416 1840 1472 decretis

190 1511 307 1566 hoc
339 1513 510 1566 modo
537 1513 846 1584 eliguntur,
882 1513 1086 1568 melior
1127 1513 1436 1580 ordinetur,
1483 1511 1752 1566 electione
1779 1513 1838 1564 et

180 1604 410 1674 judicio
424 1606 547 1675 ejus
559 1605 657 1676 qui
679 1605 974 1660 ordinandi
992 1605 1088 1676 jus
1107 1595 1296 1660 habet.
1321 1605 1560 1659 Curialis
1585 1620 1718 1658 vero
1746 1604 1836 1658 vel

189 1697 453 1752 ofﬁcialis
499 1697 598 1768 qui
631 1695 798 1770 (sicut
831 1698 1045 1753 dictum
1085 1701 1185 1767 est)
1227 1697 1549 1769 quindecim
1584 1697 1746 1751 annis
1777 1696 1836 1752 in

189 1790 546 1844 monasterio
573 1793 932 1845 conversatus
960 1795 1064 1859 est,
1095 1795 1152 1845 et
1185 1791 1258 1844 ad
1281 1790 1663 1862 episcopatum
1699 1806 1829 1861 pro-

1939 571 2040 640 tio,
2083 574 2142 626 et
2181 567 2556 640 interponitor
2601 565 2756 637 prius
2798 559 3137 618 examinatio
3179 553 3571 618 accusationis,

1936 667 2217 735 prasente
2238 662 2412 718 etiam
2440 663 2778 724 accusatore,
2807 661 2864 710 et
2891 671 2957 710 ea
2993 669 3119 724 qua
3146 651 3216 706 ab
3241 649 3364 720 ipso
3389 648 3450 702 in
3468 645 3573 700 cri-

1936 773 2070 812 men
2096 755 2279 811 delata
2321 759 2455 810 sunt
2495 753 2568 807 ad
2603 749 2913 806 terminum
2955 761 3135 818 usque
3173 743 3568 814 persequente.

1941 851 2055 904 lmo
2068 847 2322 921 quamvis
2343 851 2632 902 accusator
2657 859 2716 898 se
2733 843 3006 909 absentet,
3035 843 3135 894 aut
3159 852 3344 892 moras
3359 836 3566 900 nectat,

1936 943 2311 998 nihilominus
2333 941 2412 996 sic
2438 955 2664 1013 quoque
2686 937 2735 992 is
2755 935 2851 1009 qui
2873 931 3292 989 ordinationem
3317 928 3570 982 facturus

1938 1040 2039 1104 est,
2069 1035 2218 1088 intra
2257 1050 2481 1090 menses
2524 1035 2657 1099 tres,
2686 1028 3093 1085 exactissimam
3135 1041 3201 1079 ea
3228 1023 3297 1078 de
3321 1037 3382 1076 re
3409 1034 3568 1092 qua-

1937 1129 2178 1183 stionem
2201 1127 2422 1182 habeto.
2459 1128 2523 1180 Et
2549 1123 2824 1195 siquidem
2855 1136 2989 1176 eum
3017 1118 3117 1189 qui
3138 1112 3491 1171 accusatione
3510 1111 3572 1166 in

1937 1221 2152 1276 crimen
2183 1223 2410 1274 vocatus
2432 1219 2561 1286 fuit,
2591 1217 2704 1271 sive
2739 1213 3051 1271 secundum
3078 1225 3261 1265 sacros
3289 1221 3532 1261 canones
3551 1243 3567 1270 ,

1935 1315 2050 1369 sive
2064 1313 2380 1368 secundum
2394 1316 2616 1367 nostras
2631 1309 2786 1379 leges
2802 1305 3112 1361 obnoxium
3132 1300 3426 1369 invenerit,
3445 1312 3575 1367 pro-

1936 1407 2158 1462 hibetor
2181 1405 2478 1460 ordinatio.
2509 1403 2567 1458 Si
2595 1417 2728 1456 vero
2753 1399 3021 1454 innoxius
3053 1394 3398 1466 apparuerit,
3425 1392 3566 1446 cele-

1933 1501 2125 1555 brator
2150 1497 2430 1552 ordinatio
2449 1537 2463 1563 ,
2495 1496 2610 1550 sive
2638 1497 2912 1565 praesente
2931 1533 2944 1559 ,
2983 1490 3097 1544 sive
3139 1488 3371 1542 absente
3401 1500 3570 1538 accu-

1933 1597 2136 1646 satore.
2167 1594 2472 1645 Accusator
2497 1593 2707 1652 autem,
2727 1587 2841 1640 sive
2872 1598 3124 1654 prasens
3151 1596 3269 1635 non
3297 1577 3569 1649 probave-

1931 1684 2026 1753 rit,
2041 1683 2155 1738 sive
2179 1682 2494 1738 institutam
2512 1678 2926 1734 accusationem
2939 1671 3270 1739 deseruerit,
3291 1669 3572 1741 siquidem

1931 1777 2167 1832 clericus
2187 1776 2278 1843 sit,
2299 1773 2530 1846 proprio
2559 1771 2738 1843 gradu
2757 1767 3082 1840 depellitor;
3111 1765 3156 1819 si
3183 1764 3378 1828 laicus,
3410 1777 3566 1815 com-

185 1885 450 1950 vocatus,
478 1883 620 1938 liber
645 1899 680 1938 a
703 1883 932 1954 propria
956 1857 1185 1938 fortuna
1209 1883 1282 1938 sit
1351 1882 1428 1936 ita
1453 1857 1663 1950 tamen,
1685 1857 1750 1936 ut
1773 1882 1835 1936 li-
1853 1868 1910 1940 B
1935 1875 2222 1942 Petelith
2248 1866 2641 1922 οοθτείῐίοηθω
2668 1863 2963 1917 δυεὶὶιιθῐο-
3005 1863 3070 1954 Ai
3096 1857 3297 1928 siquis
3339 1869 3566 1954 δςεουεξξ·

188 1975 475 2030 beratusa
498 1975 674 2036 curia.
706 1981 966 2047 quartam
987 1976 1316 2030 substantiae
1337 1992 1453 2030 sua
1478 1981 1700 2047 partem
1727 1975 1835 2030 sibi

185 2069 462 2137 retineat,
481 2068 716 2140 reliquis
727 2070 848 2140 ejus
866 2070 1034 2124 rebus
1051 2069 1364 2124 secundum
1383 2074 1634 2124 nostram
1647 2069 1833 2140 legem

187 2161 374 2216 curiae
401 2167 455 2216 et
479 2162 707 2233 publico
727 2161 1092 2218 vindicandis.
1117 2163 1322 2218 Damus
1341 2165 1534 2217 autem
1550 2163 1832 2217 licentiam

185 2255 423 2309 decreta
467 2254 802 2310 facientibus
823 2297 836 2324 ,
867 2255 914 2310 si
941 2255 1568 2327 quempiamJaicorum
1593 2254 1832 2326 dignum

186 2352 514 2404 memorata
541 2348 812 2404 electione
841 2364 960 2403 esse
987 2351 1219 2420 putant,
1258 2351 1321 2403 ut
1360 2349 1512 2403 hunc
1554 2364 1681 2402 cum
1712 2347 1834 2402 aliis

183 2441 418 2497 duobus
445 2441 662 2496 clericis
689 2446 787 2496 aut
812 2443 1105 2496 monachis
1131 2443 1376 2513 eligant,
1408 2459 1521 2513 quo
1559 2441 1742 2514 magis
1787 2440 1834 2496 si

185 2531 371 2584 laicus
394 2531 503 2585 hoc
541 2531 710 2586 modo
747 2531 816 2586 ad
849 2531 1234 2602 episcopatum
1268 2531 1530 2602 eligatur,
1577 2547 1692 2586 non
1739 2547 1829 2585 re-

185 2627 367 2694 pente
396 2623 692 2694 episcopus
733 2625 1052 2692 ordinetur;
1097 2625 1190 2678 sed
1237 2624 1422 2695 primo
1465 2623 1678 2678 clericis
1715 2641 1830 2678 non

185 2716 388 2770 minus
413 2716 595 2771 tribus
619 2717 903 2772 mensibus
929 2720 1393 2786 connumeretur,
1429 2720 1488 2771 et
1511 2717 1589 2770 ita
1614 2721 1831 2772 sanctas

185 2809 424 2882 regulas
444 2814 501 2864 et
517 2809 908 2882 quotidianum
922 2810 1167 2866 ecclesia
1178 2810 1557 2866 ministerium
1577 2810 1826 2878 edoctus,

182 2903 492 2974 episcopus
521 2903 831 2959 ordinetur.
873 2905 980 2968 Qui
1016 2903 1168 2958 enim
1211 2904 1350 2958 alios
1389 2903 1558 2958 debet
1607 2904 1826 2971 docere,

184 3001 326 3069 post
355 2996 770 3052 ordinationem
793 2997 863 3051 ab
887 2997 1010 3051 aliis
1041 2997 1227 3052 doceri
1266 3014 1382 3052 non
1407 2997 1592 3053 debet.
1624 2997 1678 3052 Si
1699 3013 1830 3051 vero

181 3091 275 3158 (ut
301 3089 507 3160 evenit)
541 3089 600 3144 in
627 3090 966 3162 quibusdam
995 3083 1128 3144 locis
1169 3107 1283 3144 non
1319 3091 1682 3144 inveniantur
1717 3095 1831 3143 tres

178 3199 454 3256 persona
483 3183 554 3238 ad
583 3183 756 3238 talem
787 3183 1118 3238 electionem
1144 3187 1499 3255 opportuna,
1533 3183 1699 3238 liceat
1727 3183 1826 3237 de-

179 3281 344 3332 creta
367 3275 700 3331 facientibus
723 3277 782 3332 in
809 3277 1024 3332 duabus
1050 3281 1107 3332 et
1132 3278 1189 3331 in
1219 3293 1332 3331 una
1362 3293 1602 3346 persona
1633 3276 1826 3331 decre-

180 3369 317 3420 tum
341 3364 548 3430 facere,
568 3381 780 3420 omnes
809 3368 998 3420 tamen
1018 3366 1164 3420 dicta
1199 3384 1232 3419 a
1261 3365 1420 3420 nobis
1447 3365 1716 3420 habentes
1740 3368 1826 3420 te-

179 3458 478 3513 stimonia.
520 3457 575 3514 Si
599 3474 732 3513 vero
758 3459 858 3530 qui
887 3458 1095 3514 debent
1131 3459 1458 3530 episc0pum
1482 3459 1691 3530 eligere
1717 3459 1828 3513 cito

180 3554 310 3624 ipsa
343 3551 570 3606 decreta
595 3551 743 3606 intra
770 3567 996 3606 menses
1023 3569 1116 3606 sex
1149 3552 1208 3606 id
1231 3552 1416 3624 ipsum
1445 3569 1562 3607 non
1586 3553 1824 3620 faciant,

177 3651 328 3700 tunc
351 3644 604 3715 periculo
621 3645 865 3716 propria
891 3645 1098 3699 anima
1113 3645 1205 3699 ille
1223 3662 1396 3718 quem
1415 3646 1677 3700 ordinare
1697 3663 1830 3700 con-

179 3737 345 3793 venit
365 3737 692 3808 episcOpum
715 3737 957 3813 ordinet,
979 3738 1243 3793 omnibus
1265 3739 1388 3792 aliis
1405 3755 1534 3811 qua
1555 3739 1824 3810 pradixi-

178 3847 318 3886 mus
345 3829 723 3885 observandis.
755 3831 1028 3901 Exigatur
1044 3833 1238 3887 autem
1257 3832 1415 3903 prius
1435 3832 1506 3887 ab
1539 3849 1606 3888 eo
1623 3833 1722 3904 qui
1741 3849 1828 3887 or-

177 3923 475 3980 dinandus
495 3927 598 3992 est,
623 3939 726 3994 per
749 3939 882 3979 eum
906 3924 1004 3996 qui
1034 3925 1276 3994 ordinat,
1294 3925 1516 3980 libellus
1540 3942 1671 3981 cum
1689 3943 1824 3998 pro-

175 4017 314 4090 pria
332 4015 484 4071 illius
499 4015 1066 4089 subscriptione,qua
1079 4017 1354 4074 rationem
1370 4025 1538 4075 recta
1557 4019 1680 4090 ejus
1694 4019 1826 4074 fidei

176 4109 654 4181 comprehendat.
702 4110 1036 4166 Pronuntiet
1080 4116 1272 4167 autem
1308 4111 1355 4166 is
1393 4129 1608 4167 sacram
1651 4112 1826 4168 etiam

174 4201 537 4259 oblationem
563 4219 692 4274 qua
723 4203 781 4257 in
806 4207 996 4258 sancta
1025 4205 1098 4259 sit
1132 4205 1532 4262 communione
1550 4248 1564 4274 ,
1609 4211 1667 4262 et
1693 4223 1825 4262 cum

175 4295 408 4353 cateris
434 4295 692 4366 precibus
713 4313 805 4352 eas
821 4313 1050 4369 quoque
1065 4314 1194 4370 qua
1207 4299 1266 4353 in
1282 4315 1440 4354 sacro
1456 4299 1826 4370 proferuntur

173 4387 544 4461 baptismate.
567 4389 774 4445 Subest
789 4390 1024 4462 insuper
1040 4391 1089 4446 is
1101 4391 1199 4463 qui
1227 4391 1523 4447 ordinatur
1527 4393 1643 4465 jusj
1650 4409 1823 4448 uran-

173 4485 326 4539 dum
357 4497 462 4552 per
484 4486 703 4537 sanctas
732 4483 1066 4554 Scripturas,
1083 4485 1234 4556 quod
1258 4501 1443 4558 neque
1471 4502 1574 4558 per
1609 4503 1688 4555 se,
1719 4502 1822 4542 ne-

179 4591 304 4649 que
327 4591 437 4647 per
457 4575 625 4630 aliam
652 4592 950 4647 personam
975 4577 1288 4650 quidquam
1315 4579 1550 4649 dederit,
1573 4584 1672 4634 aut
1690 4597 1824 4653 pro—

178 4668 430 4737 miserit,
445 4673 544 4724 aut
558 4671 747 4740 postea
757 4669 994 4726 daturus
1005 4671 1186 4739 sit,vel
1199 4672 1248 4728 ei
1265 4673 1363 4744 qui
1377 4673 1564 4745 ipsum
1579 4673 1823 4746 ordinat,

177 4762 276 4818 vel
307 4761 416 4831 his,
431 4761 528 4833 qui
548 4778 652 4834 pro
677 4761 799 4834 ipso
823 4763 1046 4819 decreta
1060 4765 1442 4836 confecerunt,
1457 4767 1546 4821 vel
1561 4767 1827 4840 cuiquam

173 4854 284 4913 alii
315 4855 602 4925 omnium,
633 4855 989 4912 conferenda
1015 4856 1075 4912 in
1103 4857 1294 4928 ipsum
1321 4859 1691 4916 ordinationis
1718 4878 1822 4916 no-

175 4949 364 5006 mine.
407 4948 464 5003 Si
483 4948 610 5020 quis
631 4953 824 5004 contra
843 4956 1215 5006 memoratam
1233 4952 1683 5008 observationem
1710 4955 1824 5026 epi-

171 5058 388 5113 scopus
449 5041 739 5097 ordinatus
774 5043 966 5112 fuerit,
1001 5049 1118 5100 tam
1161 5045 1280 5116 ipse
1318 5047 1582 5101 omnibus
1643 5047 1824 5104 modis

168 5136 506 5208 episcopatu
535 5135 812 5206 ejiciatur,
843 5153 1015 5208 quam
1042 5138 1211 5193 etiam
1258 5138 1304 5193 is
1332 5141 1432 5211 qui
1482 5141 1600 5194 hac
1629 5145 1824 5196 contra

168 5229 445 5286 ordinare
469 5230 918 5300 praesumpserit,
939 5235 1274 5302 segregetur
1297 5249 1447 5287 anno
1465 5251 1580 5288 uno
1605 5251 1638 5288 a
1665 5251 1822 5289 sacro

168 5321 518 5389 ministerio,
550 5327 608 5378 et
646 5322 832 5378 omnis
868 5323 990 5394 ejus
1028 5325 1338 5380 substantia
1358 5368 1372 5393 ,
1402 5343 1533 5398 qua
1571 5327 1824 5398 quolibet

165 5425 442 5486 tempore
483 5417 582 5468 aut
622 5415 794 5470 modo
838 5415 898 5470 in
927 5417 1051 5488 ejus
1087 5417 1404 5473 dominium
1434 5419 1673 5475 deducta
1713 5424 1818 5491 est,

166 5511 416 5584 propter
444 5507 690 5580 culpam,
719 5524 896 5580 quam
923 5509 1072 5578 fecit,
1103 5511 1354 5565 dominio
1376 5513 1820 5584 ecclesia,cujus

165 5602 476 5675 episcopus
523 5605 628 5668 est,
655 5600 995 5657 vindicetur.
1039 5603 1318 5658 Caterum
1364 5604 1412 5658 si
1450 5605 1576 5676 quis
1626 5612 1822 5662 contra

165 5711 306 5752 eum
333 5693 434 5764 qui
462 5693 755 5765 episcopus
789 5699 888 5749 aut
915 5695 1228 5767 presbyter,
1257 5701 1356 5751 aut
1395 5697 1688 5766 diaconus,
1719 5706 1820 5756 aut

164 5789 319 5844 alius
336 5785 705 5854 clericus,aut
717 5789 886 5842 etiam
911 5789 1116 5860 prasul
1131 5789 1458 5844 monasterii
1473 5791 1818 5847 ordinandus

163 5886 257 5940 est
275 5923 292 5952 ,
331 5879 746 5937 accusationem
785 5881 1041 5954 aliquam
1078 5881 1336 5940 instituat
1371 5899 1708 5957 quacunque
1745 5885 1817 5942 de

163 5991 358 6042 causa,
389 5990 515 6046 qua
554 5971 734 6046 possit
762 5975 1073 6032 secundum
1111 5977 1264 6049 leges
1301 5981 1400 6034 aut
1423 5993 1662 6035 canones
1689 5979 1812 6050 ejus

1933 1967 2056 2017 tum
2091 1967 2221 2016 ante
2247 1957 2724 2015 examinationem
2750 1951 3112 2017 ordinaverit,
3141 1953 3262 2004 tam
3293 1947 3391 2019 qui
3415 1944 3564 2000 ordi-

1932 2056 2088 2110 navit
2132 2071 2306 2126 quam
2349 2051 2450 2124 qui
2487 2051 2780 2106 ordinatus
2817 2051 2920 2114 est,
2969 2049 3208 2116 uterque
3259 2039 3566 2096 sacerdotio

1933 2148 2253 2220 depellitor.

2002 2289 2122 2342 Pra
2152 2285 2415 2342 omnibus
2439 2287 2630 2338 autem
2673 2281 2812 2336 illud
2847 2275 3114 2334 custodiri
3157 2273 3440 2330 sancimus
3463 2312 3476 2337 ,
3503 2273 3571 2325 ut

1931 2397 2101 2436 nemo
2128 2395 2231 2450 per
2252 2377 2610 2450 largitionem
2651 2373 2775 2429 auri
2799 2377 2897 2426 aut
2933 2369 3175 2424 aliarum
3202 2381 3397 2422 rerum
3421 2363 3568 2419 ordi-

1930 2473 2098 2523 netur
2121 2467 2434 2538 episcopus.
2469 2463 2527 2519 Si
2557 2462 2693 2534 quid
2731 2461 2836 2515 tale
2875 2459 3256 2529 delinquatur,
3305 2457 3419 2507 tam
3464 2451 3566 2522 qui

1930 2568 2064 2622 dant
2089 2581 2263 2636 quam
2287 2562 2385 2634 qui
2409 2559 2723 2631 accipiunt,
2757 2562 2812 2612 et
2837 2555 3175 2610 mediatores
3201 2567 3424 2617 eorum,
3457 2548 3566 2619 ipsi

1931 2664 2142 2736 seipsos
2172 2657 2628 2715 condemnationi
2661 2640 2971 2710 Secundum
2996 2651 3213 2707 divinas
3249 2649 3564 2720 Scripturas

1929 2762 1984 2812 et
2011 2771 2193 2811 sacros
2219 2769 2458 2808 canones
2485 2749 2809 2821 subjiciunt.
2827 2749 2906 2801 Ac
2935 2748 3233 2818 propterea
3256 2747 3375 2797 tam
3403 2741 3446 2795 is
3462 2739 3563 2812 qui

1929 2850 2024 2906 dat
2052 2865 2222 2920 quam
2250 2846 2348 2918 qui
2377 2843 2598 2916 accipit,
2625 2847 2680 2897 et
2710 2824 2986 2895 mediator
3011 2837 3257 2893 existens
3277 2879 3290 2904 ,
3324 2851 3357 2888 a
3383 2849 3564 2888 sacer-

1927 2941 2078 2998 dotio
2106 2945 2204 2996 aut
2229 2937 2472 2994 clericali
2506 2937 2725 2991 honore
2754 2938 3089 2988 removetor.
3117 2929 3279 2995 Quod
3305 2944 3432 2982 vero
3463 2941 3566 2998 per

1928 3037 2073 3090 hanc
2099 3049 2324 3088 causam
2361 3032 2557 3086 datum
2599 3028 2793 3095 fuerit,
2836 3027 2920 3081 illi
2963 3024 3212 3080 ecclesia
3254 3021 3568 3076 vindicator

1928 3129 2088 3200 cujus
2120 3125 2492 3182 sacerdotium
2514 3122 2690 3177 voluit
2707 3120 3006 3176 redimere.
3038 3117 3094 3174 Si
3117 3115 3442 3172 mundanus
3470 3113 3563 3183 sit,

1849 3229 1906 3304 ρ
1931 3221 2026 3293 qui
2055 3237 2158 3292 per
2185 3219 2330 3274 hanc
2359 3233 2586 3272 causam
2605 3214 2828 3286 accipit,
2850 3215 2950 3267 aut
2963 3211 3242 3266 mediator
3261 3209 3320 3264 in
3339 3206 3566 3278 negotio

1927 3316 2105 3369 factus
2131 3316 2234 3382 est,
2261 3311 2417 3366 datas
2442 3325 2532 3364 res
2558 3309 2616 3363 in
2643 3308 2880 3378 duplum
2909 3305 2980 3359 ab
3005 3321 3070 3360 eo
3103 3303 3256 3374 exigi
3272 3301 3562 3373 jubemus,

1929 3406 2289 3462 vindicandas
2315 3402 2525 3458 scilicet
2551 3399 2820 3456 ecclesia.
2859 3400 2979 3452 Non
3010 3397 3196 3451 solum
3221 3400 3412 3449 autem
3438 3409 3566 3465 qua

1925 3502 2033 3556 hoc
2061 3498 2228 3554 modo
2255 3497 2382 3552 data
2409 3499 2542 3550 sunt
2568 3487 2837 3548 vindicari
2863 3489 3242 3562 praecipimus,
3265 3489 3363 3542 sed
3390 3486 3565 3540 etiam

1928 3609 2158 3650 omnem
2179 3589 2501 3646 cautionem
2530 3605 2632 3660 pro
2659 3587 2765 3640 hoc
2791 3599 3130 3656 quocunque
3157 3581 3328 3636 modo
3349 3579 3565 3651 exposi-

1927 3693 2063 3756 tam,
2094 3689 2150 3740 et
2182 3683 2490 3756 pignorum
2519 3697 2581 3735 ac
2611 3677 2954 3750 fidejussoris
2980 3675 3409 3747 obligationem,
3437 3678 3562 3726 om-

1925 3797 2058 3834 nem
2080 3778 2326 3848 denique
2339 3776 2504 3830 aliain
2522 3787 2921 3846 quamcunque
2934 3769 3213 3824 actionem
3231 3781 3426 3820 vacare
3442 3781 3564 3819 san-

1925 3873 2126 3928 cimus.
2159 3873 2341 3941 Atque
2366 3869 2600 3939 insuper
2633 3865 2732 3938 qui
2767 3862 3192 3936 promissionem
3215 3859 3524 3932 acceptavit
3546 3899 3561 3926 ,

1925 3982 2040 4021 non
2065 3965 2249 4020 solum
2277 3960 2687 4018 confessionem
2723 3957 2962 4025 reddito,
2991 3955 3089 4010 sed
3118 3955 3288 4010 etiam
3319 3953 3564 4008 alterum

1923 4061 2148 4115 tantum
2197 4059 2477 4130 quantum
2527 4051 2876 4108 confessione
2923 4049 3246 4105 continetur
3298 4045 3560 4119 exigitor,

1923 4155 2076 4230 quod
2102 4155 2290 4228 ipsum
2335 4153 2457 4209 dari
2497 4151 2664 4208 debet
2691 4149 2962 4206 ecclesia.
3008 4148 3067 4204 Si
3106 4145 3234 4220 quis
3261 4150 3452 4202 tamen
3491 4159 3564 4200 ex

1924 4249 2222 4322 episcopis,
2251 4248 2366 4303 sive
2397 4249 2526 4303 ante
2547 4243 2965 4301 ordinationem
2989 4258 3170 4311 suam,
3192 4239 3306 4296 sive
3329 4243 3456 4313 post
3479 4254 3566 4293 or-

1923 4342 2295 4410 dinationem,
2317 4340 2555 4396 voluerit
2579 4337 2838 4412 prOprias
2861 4353 2950 4392 res
2975 4353 3102 4392 suas
3129 4339 3228 4390 aut
3258 4351 3329 4388 ex
3353 4333 3421 4390 iis
3439 4349 3566 4406 par-

1922 4441 2040 4492 tem
2072 4435 2318 4490 ecclesia
2343 4433 2504 4505 cujus
2535 4431 2909 4488 sacerdotium
2939 4429 3184 4501 suscepit
3211 4427 3433 4494 offerre,
3449 4441 3564 4480 non

1929 4529 2110 4584 solum
2135 4529 2196 4584 id
2217 4545 2333 4582 non
2358 4525 2746 4599 prohibemus,
2780 4527 2838 4579 et
2867 4522 3024 4578 omni
3054 4539 3186 4576 eum
3211 4520 3558 4575 condemna-

1844 4593 1905 4666 D
1925 4624 2080 4679 tione
2095 4639 2157 4677 ac
2179 4638 2344 4694 poena
2370 4619 2665 4692 prasentis
2690 4617 2833 4690 legis
2851 4617 3096 4672 liberum
3113 4631 3233 4670 esse
3254 4613 3556 4680 sancimus,

1926 4717 2026 4772 sed
2051 4715 2222 4771 etiam
2254 4713 2410 4768 omni
2451 4712 2619 4768 laude
2649 4711 2889 4784 dignum
2911 4710 3236 4782 judicamus
3255 4750 3269 4779 ,
3300 4707 3556 4781 quando-

1925 4809 2156 4883 quidem
2183 4807 2242 4862 id
2265 4823 2378 4862 non
2405 4805 2642 4879 emptio,
2673 4805 2770 4860 sed
2795 4803 3001 4860 oblatio
3028 4807 3130 4860 est.

1996 4954 2101 5007 Pro
2129 4948 2636 5006 consuetudinibus
2673 4964 2806 5004 vero
2850 4947 2947 5002 illa
2993 4947 3178 5001 solum
3215 4946 3286 5000 ab
3327 4945 3417 5000 his
3457 4945 3560 5016 qui

1923 5044 2172 5118 episcopi
2199 5044 2536 5098 ordinantur
2560 5041 2804 5114 praberi
2819 5040 3194 5108 concedimus,
3213 5055 3343 5111 qua
3359 5038 3559 5094 ordine

1923 5139 2188 5210 deinceps
2216 5141 2496 5210 praesente
2519 5135 3079 5207 comprehenduntur
3103 5133 3249 5204 lege.
3285 5131 3560 5188 Jubemus

1923 5233 2098 5304 igitur
2123 5235 2190 5286 ut
2215 5229 2518 5286 beatissimi
2543 5229 2777 5300 quidem
2810 5227 3218 5298 archiepiscopi
3243 5233 3299 5282 et
3323 5225 3560 5298 patriar-

1921 5327 2064 5394 cha,
2141 5325 2248 5380 hoc
2313 5328 2397 5378 est
2451 5322 2686 5378 senioris
2740 5325 2951 5390 Roma,
3027 5319 3558 5393 Constantinopolis,

1920 5417 2298 5484 Alexandria,
2325 5415 2646 5488 Theopolis,
2677 5419 2738 5470 et
2763 5414 3302 5486 Hierosolymorum,
3343 5414 3392 5469 si
3433 5430 3562 5468 con-

1921 5512 2160 5568 suetudo
2179 5511 2393 5566 habeat
2417 5515 2479 5564 ut
2497 5508 2776 5580 cpiscOpis
2800 5513 2899 5564 aut
2924 5508 3141 5564 clericis
3163 5508 3226 5562 in
3253 5524 3452 5564 eorum
3472 5523 3560 5561 or-

1919 5605 2210 5660 dinatione
2237 5605 2426 5659 minus
2452 5619 2625 5674 quam
2669 5603 2869 5674 viginti
2897 5602 3059 5656 libra
3086 5602 3209 5656 auri
3238 5603 3464 5665 dentur,
3492 5615 3560 5654 ea

1919 5699 2034 5753 sola
2063 5699 2354 5770 prabeant
2377 5713 2505 5768 quae
2525 5695 2876 5750 consuetudo
2899 5695 3173 5766 agnoscit.
3199 5695 3253 5750 Si
3279 5694 3406 5764 plus
3425 5695 3558 5745 ante

1917 5793 2064 5846 hanc
2093 5790 2455 5862 prabebatur
2481 5790 2686 5860 legem,
2715 5806 2787 5844 ne
2817 5789 2952 5860 quid
2981 5789 3128 5843 ultra
3150 5787 3352 5855 viginti
3384 5786 3556 5839 libras

1917 5884 2040 5940 auri
2066 5884 2406 5956 prabeatur.
2434 5882 2844 5956 Metropolitani
2875 5897 3008 5938 vero
3035 5880 3133 5952 qui
3159 5895 3194 5934 a
3216 5878 3428 5951 synodo
3454 5893 3556 5934 sua

1917 5980 2005 6034 vel
2032 5993 2066 6035 a
2091 5975 2424 6034 beatissimis
2452 5977 2788 6033 ordinantur
2815 5973 3179 6046 patriarchis,
3209 5989 3397 6046 neque
3442 5989 3554 6028 non
