4088 6488
520 361 654 425 1023

1639 360 1888 420 secum
1926 357 2116 417 sexu
2142 321 2714 416 'SUPPLEMENTUM.

3808 333 3958 401 4024
4028 284 4029 302 Ν

511 489 708 529 omnes
725 472 842 543 alii,
859 472 955 544 qui
973 473 1114 527 auta
1140 471 1488 542 patriarchis,
1506 474 1606 526 aut
1625 487 1659 524 a
1683 468 2129 539 metropolitanis
2149 478 2210 550 Α
2226 469 2442 537 fecerit,
2469 469 2690 524 nullum
2710 484 2781 524 ex
2806 466 2917 521 hoc
2942 460 3345 536 prejudicium
3369 457 3535 514 circa
3553 451 3762 510 aliam
3791 455 3960 550 tutef

512 567 865 632 ordinantur,
885 566 930 618 si
945 565 1172 636 quidem
1194 565 1314 635 ejus
1333 565 1562 619 ecclesia
1581 562 1679 634 qui
1700 563 1996 616 ordinatur
2019 579 2136 616 non

513 659 700 712 minus
745 659 805 712 in
849 658 1033 712 reditu
1082 657 1282 712 habeat
1306 673 1480 727 quam
1517 655 1752 726 triginta
1786 655 1952 708 libras
1989 655 2132 723 auri,

513 751 649 804 dent
673 765 777 820 pro
806 749 1241 803 enthroniastico
1261 749 1491 820 quidem
1526 748 1726 801 solidos
1741 751 1966 800 centum
1990 764 2006 814 ;
2039 763 2136 800 no-

514 842 666 894 tariis
709 857 841 894 vero
869 841 1176 895 ordinantis
1204 847 1260 895 et
1287 841 1409 894 aliis
1455 839 1552 910 qui
1594 839 1671 892 illi
1719 839 1778 891 in
1822 838 2136 892 ministerio

513 937 662 1000 sunt,
689 937 743 986 et
763 949 831 987 ex
865 949 1024 987 more
1051 933 1297 1003 capiunt,
1326 933 1486 985 solid.
1510 947 1624 986 ccc.
1652 930 1708 984 Si
1735 946 1865 984 vero
1893 929 2138 984 ecclesias

511 1025 722 1080 reditus
744 1025 930 1078 minus
962 1026 1190 1096 quidem
1209 1025 1267 1078 in
1287 1041 1496 1078 annum
1526 1025 1822 1078 conferunt
1840 1038 2010 1092 quam
2036 1023 2133 1076 tri-

513 1117 667 1187 ginta
697 1117 862 1170 libras
888 1116 1030 1182 auri,
1060 1133 1174 1171 non
1204 1117 1392 1170 minus
1411 1120 1601 1170 autem
1621 1115 1776 1169 libris
1796 1115 2013 1181 decem,
2034 1130 2138 1184 pro

512 1209 958 1262 enthroniasticis
993 1210 1224 1279 quidem
1265 1209 1424 1262 solid.
1455 1225 1545 1276 cc;
1578 1208 1700 1260 aliis
1734 1213 1921 1260 autem
1948 1205 2135 1260 omni-

512 1297 616 1350 bus
641 1298 740 1368 qui
767 1314 830 1351 ex
861 1313 1018 1350 more
1043 1299 1311 1368 capiunt,
1344 1297 1499 1350 solid.
1533 1313 1584 1352 c.
1623 1296 1718 1351 Sin
1756 1296 1944 1349 minus
1967 1311 2138 1366 quam

513 1390 727 1454 decem,
753 1406 866 1442 non
902 1389 1091 1443 minus
1115 1394 1307 1444 autem
1339 1389 1588 1460 quinque
1623 1389 1745 1442 auri
1779 1387 1934 1440 libris
1969 1387 2139 1440 eccle-

513 1482 609 1535 siae
645 1481 856 1536 reditus
887 1497 1006 1535 esse
1033 1481 1351 1552 contingat,
1394 1481 1528 1535 dent
1560 1497 1662 1550 pro
1694 1479 2140 1534 enthroniasticis

513 1573 747 1644 quidem
777 1573 936 1627 solid.
966 1590 1026 1642 L;
1055 1573 1316 1627 omnibus
1349 1578 1544 1626 autem
1582 1572 1704 1626 aliis
1734 1572 1830 1642 qui
1873 1588 1943 1625 ex
1979 1587 2138 1625 more

514 1665 760 1736 capiunt,
791 1665 948 1719 solid.
980 1681 1136 1720 Lxxv.
1165 1665 1220 1720 Si
1253 1664 1442 1719 minus
1485 1681 1657 1736 quam
1696 1663 1978 1734 quinque,
2021 1679 2138 1717 non

515 1757 702 1812 minus
721 1762 910 1812 autem
927 1757 1105 1811 tribus
1129 1756 1428 1811 libris‘auri
1450 1757 1507 1811 in
1521 1757 1709 1811 reditu
1734 1756 1956 1825 habeat,
1988 1771 2135 1826 prae-

516 1850 684 1904 beant
720 1849 950 1921 quidem
977 1866 1080 1920 pro
1109 1849 1558 1904 enthroniasticis
1579 1849 1736 1902 solid.
1769 1864 1923 1914 xv1u;
1952 1847 2138 1901 omni-
2159 1829 2216 1900 Β

513 1942 617 1996 bus
645 1947 834 1996 autem
870 1941 994 1995 aliis
1023 1942 1120 2012 qui
1151 1958 1220 1994 ex
1247 1957 1403 1995 more
1434 1941 1681 2011 capiunt,
1721 1940 1878 1994 solid.
1907 1955 2057 1994 xnv.
2085 1938 2140 1994 Si

514 2034 703 2088 minus
723 2034 924 2101 tribus,
939 2049 1052 2088 non
1067 2033 1254 2087 minus
1274 2037 1472 2107 autem.
1487 2033 1704 2086 duabus
1729 2032 1886 2086 libris
1900 2031 1955 2086 in
1969 2047 2142 2102 quan-

514 2127 674 2180 titate
692 2127 978 2179 redituum
1007 2125 1254 2180 ecclesia:
1277 2125 1616 2190 inveniatur,
1633 2125 1771 2179 dent
1794 2140 1895 2194 pro
1917 2124 2142 2178 enthro-

516 2218 744 2272 niastico
769 2218 1018 2290 quidem,
1065 2218 1222 2271 solid.
1255 2234 1358 2282 xu;
1387 2234 1488 2288 pro
1525 2217 1678 2271 omni
1717 2233 1848 2270 vero
1883 2217 1992 2270 alia
2017 2231 2144 2269 con-

516 2311 834 2376 suetudine,
866 2311 1026 2364 solid.
1060 2327 1134 2364 γι.
1173 2310 1505 2380 Episcopum
1531 2310 1685 2363 enim
1727 2309 1972 2362 ecclesiae
2014 2324 2142 2379 quae

517 2402 706 2456 minus
731 2402 790 2455 in
829 2403 1015 2456 reditu
1043 2402 1214 2456 habet
1239 2417 1414 2472 quam
1454 2401 1590 2454 duas
1616 2400 1736 2454 auri
1765 2401 1932 2454 libras
1956 2415 2142 2470 neque

517 2510 622 2565 pro
656 2493 1132 2562 entbroniasticis,
1163 2509 1349 2563 neque
1375 2510 1478 2562 pro
1508 2509 1843 2564 quacunque
1871 2492 1979 2545 alia
2007 2507 2141 2544 con-

517 2587 815 2640 suetudine
841 2587 975 2640 dare
1003 2586 1213 2657 aliquid
1234 2585 1613 2640 concedimus.
1650 2586 1778 2638 llaec
1801 2589 1991 2638 autem
2017 2599 2145 2654 quae

519 2679 761 2750 praeberi
815 2679 1210 2750 disposuimus,
1243 2677 1462 2749 primus
1502 2677 1799 2748 presbyter
1837 2675 2144 2729 ordinantis

523 2771 769 2841 episcopi
797 2777 851 2825 et
878 2771 1300 2824 archidiaconus
1325 2770 1715 2839 suscipientes,
1753 2769 1901 2822 inter
1933 2783 2025 2821 eos
2049 2766 2144 2838 qui

519 2881 587 2920 ex
608 2880 763 2918 more
789 2863 1021 2934 capiunt
1045 2863 1354 2917 dividunto.
1386 2863 1512 2916 Haec
1543 2861 1718 2932 igitur
1738 2861 2005 2931 jubemus
2031 2877 2148 2913 om-

519 2957 684 3010 nibus
713 2955 998 3010 observari
1027 2956 1226 3022 modis,
1255 2971 1325 3008 ne
1352 2971 1454 3023 per
1479 2953 1804 3023 hujusmodi
1833 2952 2147 3006 occasiones

521 3047 766 3102 ecclesiae
793 3053 1220 3118 prtegraventur
1239 3045 1461 3112 debitis,
1487 3049 1544 3099 et
1563 3045 1866 3099 sacerdotia
1888 3045 2026 3098 ﬁant
2049 3061 2144 3098 ve-

519 3141 688 3196 nalia.
717 3142 881 3195 Certe
907 3141 952 3192 si
982 3140 1106 3210 quis
1131 3140 1279 3192 ultra
1315 3137 1686 3209 quantitatem
1709 3154 1741 3190 a
1761 3137 1920 3190 nobis
1945 3137 2142 3190 defini-

523 3236 660 3298 tam,
685 3232 1244 3286 enthroniasticorum
1265 3235 1364 3284 aut
1389 3229 1861 3284 consuetudinum
1893 3229 2140 3291 nomine,

522 3341 857 3396 quocunque
880 3325 1048 3378 modo
1067 3339 1268 3394 capere
1290 3322 1501 3394 aliquid
1524 3321 1967 3394 praesumpserit,
1984 3321 2146 3391 jube-

522 3434 647 3473 mus
671 3417 898 3488 utquod
913 3417 1157 3488 amplius
1175 3416 1468 3486 acceperit,
1492 3415 1546 3468 id
1569 3415 1626 3468 in
1648 3415 1884 3486 triplum
1901 3431 1969 3468 ex
1983 3413 2144 3468 bonis

522 3511 640 3580 ejus
668 3510 982 3564 vindicetur
1007 3509 1252 3563 ecclesia:
1281 3508 1430 3562 illius
1465 3507 1562 3578 qui
1603 3506 1776 3560 dedit.
1810 3510 1991 3578 Atque
2022 3506 2145 3560 haec

521 3603 752 3674 quidem
785 3603 852 3656 de
879 3602 1228 3656 ordinatione
1253 3601 1645 3672 episcoporum
1672 3599 1816 3652 dicta
1841 3603 1988 3652 sunt.
2013 3600 2143 3651 Post

523 3695 934 3750 ordinationem
947 3711 1076 3749 vero
1091 3697 1205 3748 tam
1222 3693 1405 3747 servili
1418 3709 1588 3763 quam
1601 3691 1909 3762 ascriptitia
1922 3691 2146 3745 fortuna

523 3789 806 3859 episcopos
835 3788 1038 3842 liberos
1069 3803 1188 3841 esse
1212 3786 1500 3856 jubemus,
1532 3783 1639 3838 nisi
1671 3783 1897 3838 decurio
1929 3786 2026 3836 aut
2050 3800 2145 3836 co-

522 3880 752 3936 hortalis
793 3883 1002 3950 praeter
1029 3879 1354 3950 prtedictam
1381 3876 1827 3931 observationem
1855 3875 2148 3930 ordinatus

521 3974 611 4029 sit.
637 3972 926 4044 Ejusmodi
957 3971 1109 4025 enim
1131 3973 1382 4024 remotos
1409 3970 1478 4024 ab
1498 3969 1841 4040 episcopatu,
1862 3969 2033 4022 curiae
2053 3971 2150 4022 aut

522 4065 739 4120 cohorti
768 4081 884 4118 suae
910 4063 1129 4117 restitui
1154 4063 1451 4132 jubemus,
1480 4079 1550 4116 ne
1574 4078 1685 4132 qua
1709 4078 1776 4115 ex
1799 4060 1895 4114 tali
1924 4060 2148 4114 fortuna

524 4157 834 4212 sacerdotio
853 4155 1140 4210 oboriatur
1158 4154 1514 4209 contumelia.
1548 4154 1678 4210 lllos
1697 4159 1887 4208 autem
1903 4153 2001 4222 qui
2021 4157 2149 4206 ante

526 4251 670 4303 hanc
697 4254 947 4302 nostram
967 4248 1148 4318 legem
1172 4264 1240 4300 ex
1262 4248 1456 4301 curiali
1477 4247 1705 4301 fortuna
1719 4245 1963 4299 ordinati
1989 4244 2148 4298 inve-

524 4343 762 4395 niuntur
785 4341 1052 4412 episcopi,
1071 4341 1349 4394 sancimus
1371 4339 1598 4410 quidem
1614 4341 1678 4392 ut
1698 4335 2021 4406 hujusmodi
2045 4337 2152 4390 for-

523 4439 659 4489 tuna
681 4434 842 4488 liberi
883 4434 1011 4498 sint,
1043 4433 1137 4486 sed
1175 4432 1486 4502 legitimam
1515 4433 1732 4502 partem
1757 4445 1823 4484 ex
1847 4429 2012 4482 bonis
2040 4428 2152 4482 suis

521 4527 812 4598 assignent
837 4526 1007 4580 curias
1033 4531 1088 4580 et
1114 4525 1359 4596 publico.
1386 4525 1463 4578 lta
1490 4539 1641 4586 sane,
1659 4527 1723 4576 ut
1738 4522 1958 4576 nullum
1981 4521 2149 4574 eccle-
2167 4533 2224 4603 D

523 4619 737 4673 siastica
765 4619 899 4689 jura
925 4617 1328 4671 detrimentum
1367 4615 1678 4669 sustineant
1707 4613 1764 4667 in
1793 4613 1980 4680 rebus,
2010 4628 2148 4683 quas

520 4715 648 4780 post
678 4711 1059 4781 episcOpatum
1088 4709 1319 4779 insuper
1349 4708 1608 4778 quaesitas
1647 4707 1717 4760 ad
1745 4721 1938 4759 eorum
1969 4705 2146 4759 eccle-

521 4804 658 4857 siam
689 4804 971 4874 pertinere
1001 4801 1400 4872 disposuimus.
1433 4799 1593 4864 Quod
1632 4799 1679 4852 si
1705 4799 1992 4868 contingat
2017 4809 2078 4850 ut
2103 4797 2150 4851 is

521 4897 618 4966 qui
650 4897 945 4950 ordinatur
971 4896 1271 4964 episcopus
1301 4894 1403 4947 sub
1434 4892 1610 4963 patris
1648 4891 1734 4945 sui
1759 4894 2034 4962 potestate
2060 4890 2148 4957 sit,

521 5005 589 5043 ex
619 4989 736 5058 ipsa
763 4988 1115 5043 ordinatione
1147 4987 1232 5040 sui
1254 4985 1400 5056 juris
1427 4991 1568 5039 esto.

596 5083 770 5136 Porro
815 5081 907 5134 Dei
953 5080 1370 5133 amantissimos
1417 5079 1703 5148 episc0pos
1748 5081 1804 5130 et
1845 5075 2154 5129 monachos

526 5173 677 5225 nulla
701 5175 823 5243 lege
847 5177 1057 5226 tutores
1083 5176 1180 5225 aut
1191 5174 1478 5225 curatores
1496 5170 1882 5239 cujuscunque
1901 5184 2154 5238 persona:

523 5264 646 5318 ﬁeri
669 5265 1047 5318 concedimus.
1081 5264 1435 5334 Presbyteros
1463 5266 1677 5326 autem,
1707 5265 1765 5314 et
1789 5261 2068 5327 diaconos,
2101 5263 2156 5314 et

526 5355 912 5420 subdiaconos,
934 5357 976 5409 si
991 5357 1120 5425 jure
1133 5373 1195 5410 ac
1207 5357 1332 5426 lege
1354 5354 1701 5425 cognationis
1720 5352 1787 5406 ad
1812 5353 2045 5406 tutelam
2058 5354 2159 5406 aut

526 5463 720 5502 curam
749 5452 1033 5512 vocentur,
1057 5448 1336 5517 ejusmodi
1365 5463 1574 5501 munus
1595 5444 1876 5515 suscipere
1895 5443 2154 5498 concedi-

530 5557 676 5605 mus,
699 5538 746 5592 si
767 5543 958 5592 tamen
979 5539 1128 5592 intra
1147 5555 1368 5593 menses
1383 5544 1625 5610 quatuor
1639 5537 1840 5592 exinde
1857 5553 2158 5590 numeran-

531 5633 632 5687 dos
663 5649 731 5686 ex
762 5647 876 5702 quo
905 5631 1077 5685 vocati
1109 5637 1271 5698 sunt,
1299 5632 1447 5700 apud
1474 5634 1889 5700 competentem
1907 5629 2158 5698 judicem

530 5725 738 5796 scripto
767 5724 1171 5778 declaraverint
1209 5723 1266 5775 id
1293 5738 1351 5773 se
1381 5739 1585 5775 munus
1610 5721 1839 5792 propria
1873 5723 2160 5776 voluntate

549 5816 852 5886 uscepisse.
889 5817 951 5870 Et
979 5816 1024 5868 si
1055 5815 1134 5882 (ut
1167 5813 1453 5883 probabile
1477 5817 1576 5880 est)
1606 5829 1802 5868 eorum
1821 5813 2025 5884 aliquis
2050 5813 2158 5868 hoc

2166 3178 2220 3253 C

2235 565 2348 618 lam
2379 567 2476 616 aut
2493 578 2687 616 curam
2707 560 3005 614 sustinete.
3019 557 3126 612 Sed
3143 569 3337 626 neque
3356 555 3836 621 susceptorem,
3852 549 3958 598 aut

2235 659 2550 710 exactorem
2582 653 2939 724 publicarum
2982 647 3522 710 contributionum,
3549 646 3666 696 aut
3709 638 3958 694 condu-

2235 752 2444 800 ctorem
2473 744 2852 815 vectigalium,
2870 743 2960 796 vel
2978 741 3295 795 alienarum
3315 735 3826 808 possessionum,
3846 733 3955 783 aut

2235 845 2552 893 curatorem
2580 837 2828 902 familiae,
2861 839 2961 889 aut
2984 834 3471 904 dispensatorem,
3497 831 3613 882 aut.
3643 840 3958 897 procura-

2235 937 2416 986 torem
2445 930 2577 998 litis,
2599 933 2698 984 aut
2726 928 3122 998 ﬁdejussorem
3157 940 3262 995 pro
3293 923 3388 977 his
3413 921 3616 976 causis
3641 933 3788 974 esse
3823 917 3960 987 epi-

2235 1041 2464 1093 scopum
2491 1063 2505 1088 ,
2549 1027 2646 1077 aut
2680 1035 3059 1084 meonomum,
3103 1021 3204 1071 aut
3241 1015 3673 1085 cujuscunque
3722 1010 3959 1081 gradus

2237 1117 2412 1170 alium
2429 1115 2696 1169 clericum
2715 1117 2814 1168 aut
2829 1112 3198 1176 monachum,
3214 1107 3635 1172 concedimus,
3657 1105 3795 1158 sive
3821 1119 3957 1170 suo,

2236 1209 2349 1262 sive
2373 1207 2641 1272 ecclesiae,
2675 1209 2774 1260 aut
2797 1202 3128 1259 monasterii
3172 1200 3418 1256 nomine
3456 1199 3523 1252 id
3571 1197 3835 1262 subeat,
3881 1211 3959 1250 ne

2236 1317 2338 1372 per
2363 1301 2505 1354 hanc
2523 1315 2750 1354 causam
2768 1297 2940 1351 sacris
2952 1295 3168 1350 uadibus
3189 1293 3506 1363 inﬂigatur
3525 1291 3874 1355 damnum,
3901 1292 3961 1342 et

2237 1393 2424 1449 divina
2453 1392 2834 1462 impediantur
2879 1387 3216 1443 ministeria.
3248 1387 3558 1441 Caeterum
3587 1383 3643 1436 si
3675 1381 3961 1437 ecclesiis

2238 1491 2336 1540 aut
2360 1483 2713 1539 monasteriis
2737 1483 2941 1553 aliqua).
2970 1481 3231 1550 adjacere
3271 1477 3678 1532 inveniantur
3707 1490 3955 1546 posses-

2238 1579 2440 1645 siones,
2479 1577 2758 1646 velintque
2795 1573 3210 1629 venerabilium
3258 1571 3566 1625 domuum
3622 1569 3956 1638 dispensa-

2237 1675 2389 1726 tores
2413 1669 2471 1724 in
2489 1668 2920 1723 conductionem
2933 1669 3035 1720 aut
3046 1663 3494 1735 emphyteusim
3517 1677 3625 1716 eas
3646 1660 3956 1731 accipere,

2237 1766 2373 1818 tunc
2394 1761 2439 1816 si
2455 1777 2650 1815 omnes
2669 1759 2855 1814 clerici
2875 1763 2930 1813 et
2948 1757 3225 1812 monachi
3243 1757 3316 1811 de
3339 1754 3710 1826 hujusmodi
3733 1753 3957 1821 causis,

2238 1860 2336 1909 aut
2357 1855 2414 1908 in
2444 1854 2565 1924 ipso
2582 1853 2978 1920 instrumento,
2998 1855 3098 1905 aut
3111 1849 3218 1904 sub
3237 1853 3518 1903 actorum
3531 1846 3957 1914 confectione,

2238 1952 2294 2002 et
2316 1946 2694 2010 consentiant,
2727 1949 2784 1998 et
2814 1943 3124 2010 declarent,
3155 1941 3232 1995 ad
3260 1941 3598 1995 utilitatem
3622 1938 3958 1994 venerabi-

2236 2040 2377 2094 lium
2402 2039 2678 2092 domuum
2701 2037 2808 2091 hoc
2835 2035 2980 2104 ﬁeri,
3008 2034 3326 2106 procedere
3355 2038 3419 2087 et
3461 2033 3528 2087 id
3565 2049 3778 2104 genus
3810 2048 3960 2086 con-

2239 2131 2515 2186 ductionis
2535 2147 2630 2184 seu
2658 2129 3098 2199 emphyteuseos
3122 2126 3538 2181 concedimus.
3577 2125 3696 2180 Sed
3724 2129 3793 2179 et
3815 2124 3962 2196 ipsis

2241 2223 2604 2277 sacrosanctis
2632 2220 2878 2276 ecclesiis
2899 2225 2955 2274 et
2980 2219 3220 2290 reliquis
3251 2217 3723 2278 venerabilibus
3755 2217 3959 2272 domi-

2241 2317 2346 2370 bus
2362 2315 2648 2370 licentiam
2669 2314 2871 2368 damus
2897 2317 2959 2366 ut
2977 2309 3395 2380 conductiones
3417 2316 3482 2365 et
3503 2312 3865 2382 emphyteu
3875 2327 3964 2363 ses

2244 2410 2389 2463 inter
2417 2424 2473 2462 se
2493 2407 2814 2461 celebrent:
2839 2404 3216 2459 consimiliter
3237 2407 3297 2457 et
3322 2403 3591 2472 clericis,
3609 2409 3684 2458 ut
3701 2420 3962 2458 suarum

2243 2496 2606 2551 ecclesiarum
2645 2494 3032 2565 possessiones
3075 2493 3412 2547 conducant
3455 2497 3520 2547 et
3571 2493 3961 2563 gubernent,

2243 2589 2521 2643 sententia
2560 2593 2752 2642 tamen
2785 2586 3032 2657 episcopi
3071 2590 3130 2640 et
3171 2585 3478 2640 oeconomi
3527 2586 3960 2652 concedimus,

2245 2681 2488 2752 exceptis
2512 2679 2764 2751 personis
2790 2695 2929 2749 quas
2955 2695 3060 2749 per
3084 2679 3329 2732 alteram
3359 2678 3578 2747 legem
3601 2679 3735 2733 hoc
3767 2679 3964 2733 facere

2241 2773 2655 2844 prohibuimus.
2685 2772 2740 2828 Si
2766 2772 2894 2842 quis
2922 2777 3118 2825 contra
3145 2770 3436 2841 praedicta
3464 2771 3720 2842 aliquid
3745 2773 3963 2842 egerit,

2244 2867 2289 2920 si
2319 2867 2546 2937 quidem
2571 2865 2867 2936 episcopus
2899 2864 2990 2931 sit,
3014 2879 3217 2918 omnes
3246 2879 3338 2917 res
3364 2863 3497 2934 ejus
3519 2880 3675 2934 quae
3713 2881 3794 2919 ex
3817 2881 3963 2936 qua-

2243 2975 2465 3030 cunque
2496 2974 2664 3012 causa
2709 2961 2808 3011 aut
2838 2973 3103 3026 persona,
3153 2957 3271 3010 sive
3303 2961 3446 3010 ante
3489 2957 3965 3029 episcopatum,

2245 3053 2356 3106 sive
2388 3055 2514 3121 post
2540 3049 2930 3120 episcopatum
2959 3049 3032 3102 ad
3065 3048 3258 3119 ipsum
3288 3052 3968 3119 pervenerunt,eccle-

2245 3144 2342 3197 sia)
2369 3144 2488 3212 ejus
2517 3141 2788 3196 vindicari
2808 3142 3116 3195 sancimus.
3133 3141 3190 3196 Si
3209 3157 3348 3196 vero
3369 3143 3716 3208 oeconomi,
3733 3151 3846 3199 aut
3868 3144 3970 3198 alii

2244 3235 2433 3289 clerici
2464 3235 2596 3302 sint,
2618 3234 2791 3304 quiin
2813 3234 2918 3288 hoc
2940 3233 3338 3304 deliquerunt,
3356 3250 3538 3304 poena
3561 3235 3644 3290 ab
3671 3236 3836 3308 ipsis
3863 3255 3970 3308 pe-

2241 3327 2511 3392 cuniaria,
2531 3343 2701 3398 quam
2724 3327 3022 3396 episcopus
3039 3341 3246 3380 eorum
3263 3326 3645 3396 probaverit,
3665 3331 3968 3402 exigitor,

2242 3420 2573 3474 vindicanda
2591 3419 2862 3487 ecclesiae,
2881 3419 3112 3490 quando
3133 3423 3191 3474 et
3205 3419 3267 3472 hi
3290 3420 3395 3490 qui
3416 3422 3856 3493 vectigaJium
3871 3431 3976 3479 aut

2246 3513 2627 3584 cujuscunque
2646 3511 3016 3582 possessionis
3036 3511 3514 3583 conductionem,
3535 3520 3657 3569 aut
3683 3518 3970 3588 publico-

2243 3623 2373 3660 rum
2400 3605 2746 3660 tributorum
2775 3603 3196 3674 susceptionem
3215 3605 3846 3678 protligationemve,
3877 3614 3976 3664 aut

2244 3714 2435 3752 curam
2463 3697 2692 3752 familiae
2713 3697 2946 3752 illorum
2962 3697 3096 3752 ﬁdei
3119 3697 3538 3764 crediderunt,
3564 3707 3685 3756 aut
3710 3721 3836 3775 pro
3858 3721 3976 3759 me-

2245 3789 2476 3845 moratis
2505 3789 2686 3844 causis
2717 3788 3084 3860 ﬁdejussores
3127 3805 3226 3844 eos
3255 3799 3638 3862 acceperunt
3662 3837 3682 3864 ,
3743 3797 3976 3851 nullam

2247 3886 2436 3937 contra
2457 3882 2772 3947 ecclesiam,
2796 3886 2896 3936 aut
2913 3882 3365 3951 monasterium,
3396 3888 3508 3938 aut
3529 3902 3642 3940 res
3675 3890 3850 3959 ejus,
3880 3895 3979 3945 aut

2247 3976 2674 4046 dispensatores,
2701 3978 2800 4028 aut
2819 3974 2992 4029 etiam
3019 3978 3225 4029 contra
3257 3991 3362 4029 eas
3381 3992 3696 4048 personas
3712 4000 3976 4054 quarum

2246 4067 2416 4122 ﬁdem
2448 4070 2651 4121 secutae
2694 4069 2848 4134 sunt,
2883 4069 2983 4120 aut
3029 4067 3353 4137 facultates,
3403 4074 3519 4124 aut
3569 4072 3978 4145 fidejussores

2250 4175 2446 4214 earum
2475 4160 2756 4213 actionem
2782 4159 3033 4213 habituri
3066 4159 3204 4214 sint.
3233 4161 3391 4224 Quin
3433 4162 3488 4216 si
3522 4165 3686 4234 quid
3738 4169 3978 4240 publico

2249 4251 2437 4306 damni
2464 4251 2870 4318 obvenerit,illi
2890 4251 2990 4322 qui
3013 4251 3389 4322 publicarum
3418 4259 3972 4317 contributionum

2249 4351 2346 4399 aut
2388 4343 2746 4414 vectigalium
2789 4344 3238 4415 susceptionem,
3287 4350 3396 4400 aut
3455 4350 3972 4420 conductionem,

2249 4438 2346 4487 aut
2372 4431 2832 4503 profligationem
2859 4433 3192 4487 memoratis
3224 4437 3505 4504 personis
3541 4442 3972 4510 crediderunt,

2247 4530 2344 4580 aut
2371 4525 2724 4594 fidejussores
2749 4540 2843 4578 eos
2871 4529 3272 4595 susceperunt,
3308 4527 3426 4583 hoc
3454 4530 3681 4600 ipsum
3717 4553 3799 4592 ex
3843 4554 3976 4609 pro-

2247 4617 2372 4689 pria
2396 4616 2704 4670 substantia
2729 4616 3026 4671 restituere
3053 4619 3524 4688 compellentur.

2319 4713 2596 4764 Praeterea
2623 4707 2764 4762 nulli
2797 4709 3247 4778 magistratuum
3277 4711 3496 4770 licebit
3526 4717 3644 4774 Dei
3693 4725 3978 4778 amantis-

2250 4803 2424 4857 simos
2459 4801 2748 4871 episcopos
2787 4818 3026 4871 cogere,
3078 4808 3142 4857 ut
3195 4805 3577 4874 perhibendi
3643 4816 3976 4872 testimonii

2251 4912 2413 4948 causa
2440 4894 2500 4948 in
2521 4894 2644 4962 ejus
2669 4894 2973 4963 prodeant;
3004 4895 3104 4950 sed
3117 4895 3305 4966 judex
3340 4899 3587 4958 mittito
3629 4908 3714 4962 ad
3744 4927 3853 4964 eos
3881 4911 3977 4963 ali-

2253 4987 2404 5058 quod
2422 5003 2490 5040 ex
2511 4987 2764 5055 personis
2783 4985 2890 5056 ipsi
2909 4989 3353 5058 apparentibus,
3378 4997 3450 5047 ut
3487 5003 3844 5070 propositis
3864 5019 3979 5055 san-

2254 5081 2354 5134 ctis
2383 5079 2714 5148 Evangeliis,
2750 5085 2922 5149 prout
2959 5081 3286 5136 sacerdotes
3320 5085 3537 5158 decet,
3589 5092 3818 5151 dicant
3858 5111 3978 5166 quze

2257 5175 2554 5226 noverunt.
2579 5171 2895 5242 Sedneque
2918 5176 2982 5225 ut
3000 5173 3308 5246 episcopus
3337 5194 3454 5248 pro
3480 5189 3868 5251 pecuniaria
3893 5189 3980 5240 ali-

2255 5281 2368 5335 qua
2393 5269 2489 5317 aut
2515 5263 2796 5317 criminali
2822 5280 2992 5318 causa
3023 5267 3096 5320 ad
3123 5267 3366 5324 civilem
3395 5273 3838 5336 militaremve
3865 5298 3978 5335 ma-

2261 5357 2562 5428 gistratum
2573 5355 2782 5410 invitus
2796 5358 3169 5426 perducatur,
3186 5361 3516 5423 sistaturve
3532 5369 3678 5427 sine
3697 5373 3981 5446 imperiali

2250 5448 2503 5518 jussione
2540 5449 2948 5504 concedimus:
2994 5452 3091 5505 sed
3133 5454 3549 5524 magistratus
3593 5467 3714 5536 qui
3750 5469 3864 5523 hoc
3904 5467 3982 5519 vel

2259 5541 2468 5634 scripto
2491 5541 2578 5634 vel
2607 5540 2728 5634 sine
2758 5541 2966 5611 scripto
2988 5545 3268 5600 mandare
3293 5562 3796 5628 praesumpserit
3821 5603 3836 5627 ,
3867 5565 3982 5634 post

2258 5633 2474 5704 cinguli
2500 5632 2910 5688 detractionem
2941 5635 3148 5705 viginti
3199 5638 3516 5700 librarum
3562 5653 3718 5707 auri
3763 5632 3982 5726 penam

2257 5721 2581 5791 persolvite,
2609 5721 2858 5776 dandam
2883 5723 3140 5779 ecclesia:
3169 5728 3346 5797 cujus
3389 5733 3745 5812 episcopus
3769 5721 3982 5814 per-du.

2260 5819 2402 5883 ctus,
2425 5816 2524 5869 aut
2541 5814 2658 5868 sisti
2671 5814 2866 5884 jussus
2881 5821 2970 5871 est
2989 5831 3005 5870 :
3029 5817 3438 5880 consimiliter
3463 5841 3846 5894 exsecutore
3865 5851 3985 5908 quo-
