  <div class='ocr_page' id='page_1' title='image "/cluster/home/n/w/nwhite01/storage/ocr_20150623/72/umn.31951002477365o/520.png"; bbox 0 0 4088 6422; ppageno 0'>
   <div class='ocr_carea' id='block_1_1' title="bbox 184 408 316 466">
    <p class='ocr_par' dir='ltr' id='par_1_1' title="bbox 184 408 316 466">
     <span class='ocr_line' id='line_1_1' title="bbox 184 408 316 466; baseline 0 0"><span class='ocrx_word' id='word_1_1' title='bbox 184 408 316 466; x_wconf 70' lang='grc'>1025</span> 
     </span>
    </p>
   </div>
   <div class='ocr_carea' id='block_1_2' title="bbox 997 407 2715 472">
    <p class='ocr_par' dir='ltr' id='par_1_2' title="bbox 997 407 2715 472">
     <span class='ocr_line' id='line_1_2' title="bbox 997 407 2715 472; baseline 0.002 -5"><span class='ocrx_word' id='word_1_2' title='bbox 997 407 1364 468; x_wconf 80' lang='lat' dir='ltr'>JUSTINIANI</span> <span class='ocrx_word' id='word_1_3' title='bbox 1400 411 1728 468; x_wconf 71' lang='lat' dir='ltr'>NOVELL£</span> <span class='ocrx_word' id='word_1_4' title='bbox 1766 410 2102 470; x_wconf 71' lang='lat' dir='ltr'>SELECT.E.</span> <span class='ocrx_word' id='word_1_5' title='bbox 2143 415 2452 471; x_wconf 85' lang='lat' dir='ltr'>NOVELLA</span> <span class='ocrx_word' id='word_1_6' title='bbox 2490 413 2715 472; x_wconf 83' lang='lat' dir='ltr'>CXXIII.</span> 
     </span>
    </p>
   </div>
   <div class='ocr_carea' id='block_1_3' title="bbox 3410 419 3544 471">
    <p class='ocr_par' dir='ltr' id='par_1_3' title="bbox 3410 419 3544 471">
     <span class='ocr_line' id='line_1_3' title="bbox 3410 419 3544 471; baseline 0.007 -1"><span class='ocrx_word' id='word_1_7' title='bbox 3410 421 3428 470; x_wconf 80' lang='lat' dir='ltr'>l</span> <span class='ocrx_word' id='word_1_8' title='bbox 3441 419 3544 471; x_wconf 82' lang='lat' dir='ltr'>O26</span> 
     </span>
    </p>
   </div>
   <div class='ocr_carea' id='block_1_4' title="bbox 172 518 3551 608">
    <p class='ocr_par' dir='ltr' id='par_1_4' title="bbox 172 518 3551 608">
     <span class='ocr_line' id='line_1_4' title="bbox 172 518 3551 608; baseline 0.001 -33"><span class='ocrx_word' id='word_1_9' title='bbox 172 538 290 592; x_wconf 85' lang='lat' dir='ltr'>que</span> <span class='ocrx_word' id='word_1_10' title='bbox 319 523 454 592; x_wconf 89' lang='lat' dir='ltr'>post</span> <span class='ocrx_word' id='word_1_11' title='bbox 471 518 685 590; x_wconf 90' lang='lat' dir='ltr'>cinguli</span> <span class='ocrx_word' id='word_1_12' title='bbox 715 519 1136 575; x_wconf 79' lang='lat' dir='ltr'>detractionem</span> <span class='ocrx_word' id='word_1_13' title='bbox 1163 525 1283 576; x_wconf 88' lang='lat' dir='ltr'>tam</span> <span class='ocrx_word' id='word_1_14' title='bbox 1303 523 1610 578; x_wconf 82' lang='lat' dir='ltr'>tormentis</span> <span class='ocrx_word' id='word_1_15' title='bbox 1638 523 1806 594; x_wconf 88' lang='lat' dir='ltr'>subji-</span> <span class='ocrx_word' id='word_1_16' title='bbox 1828 538 1886 608; x_wconf 81' lang='grc' dir='ltr'><strong>Α</strong></span> <span class='ocrx_word' id='word_1_17' title='bbox 1906 526 2029 579; x_wconf 90' lang='lat' dir='ltr'>Non</span> <span class='ocrx_word' id='word_1_18' title='bbox 2071 529 2296 580; x_wconf 89' lang='lat' dir='ltr'>tantum</span> <span class='ocrx_word' id='word_1_19' title='bbox 2337 529 2532 579; x_wconf 89' lang='lat' dir='ltr'>autem</span> <span class='ocrx_word' id='word_1_20' title='bbox 2582 526 2703 578; x_wconf 68' lang='lat' dir='ltr'>haec</span> <span class='ocrx_word' id='word_1_21' title='bbox 2736 527 3068 596; x_wconf 77' lang='lat' dir='ltr'>quaerantur</span> <span class='ocrx_word' id='word_1_22' title='bbox 3096 519 3154 578; x_wconf 89' lang='lat' dir='ltr'>in</span> <span class='ocrx_word' id='word_1_23' title='bbox 3185 523 3418 594; x_wconf 87' lang='lat' dir='ltr'>synodis</span> <span class='ocrx_word' id='word_1_24' title='bbox 3445 540 3551 594; x_wconf 91' lang='lat' dir='ltr'>per</span> 
     </span>
    </p>
   </div>
   <div class='ocr_carea' id='block_1_5' title="bbox 179 611 1309 682">
    <p class='ocr_par' dir='ltr' id='par_1_5' title="bbox 179 611 1309 682">
     <span class='ocr_line' id='line_1_5' title="bbox 179 611 1309 682; baseline 0.002 -16"><span class='ocrx_word' id='word_1_25' title='bbox 179 611 406 679; x_wconf 90' lang='lat' dir='ltr'>ciendo,</span> <span class='ocrx_word' id='word_1_26' title='bbox 431 628 606 682; x_wconf 90' lang='lat' dir='ltr'>quam</span> <span class='ocrx_word' id='word_1_27' title='bbox 627 611 686 665; x_wconf 91' lang='lat' dir='ltr'>in</span> <span class='ocrx_word' id='word_1_28' title='bbox 715 612 978 667; x_wconf 83' lang='lat' dir='ltr'>exislium</span> <span class='ocrx_word' id='word_1_29' title='bbox 1004 614 1309 669; x_wconf 88' lang='lat' dir='ltr'>mittendo.</span> 
     </span>
    </p>
   </div>
   <div class='ocr_carea' id='block_1_6' title="bbox 251 705 1806 780">
    <p class='ocr_par' dir='ltr' id='par_1_6' title="bbox 251 705 1806 780">
     <span class='ocr_line' id='line_1_6' title="bbox 251 705 1806 780; baseline 0.003 -22"><span class='ocrx_word' id='word_1_30' title='bbox 251 705 652 759; x_wconf 90' lang='lat' dir='ltr'>lnterdicimus</span> <span class='ocrx_word' id='word_1_31' title='bbox 663 709 858 760; x_wconf 90' lang='lat' dir='ltr'>autem</span> <span class='ocrx_word' id='word_1_32' title='bbox 870 706 971 760; x_wconf 90' lang='lat' dir='ltr'>Dei</span> <span class='ocrx_word' id='word_1_33' title='bbox 985 707 1394 761; x_wconf 85' lang='lat' dir='ltr'>amantissimis</span> <span class='ocrx_word' id='word_1_34' title='bbox 1420 707 1718 780; x_wconf 88' lang='lat' dir='ltr'>episcopis,</span> <span class='ocrx_word' id='word_1_35' title='bbox 1736 726 1806 762; x_wconf 93' lang='lat' dir='ltr'>ne</span> 
     </span>
    </p>
   </div>
   <div class='ocr_carea' id='block_1_7' title="bbox 178 797 1811 872">
    <p class='ocr_par' dir='ltr' id='par_1_7' title="bbox 178 797 1811 872">
     <span class='ocr_line' id='line_1_7' title="bbox 178 797 1811 872; baseline 0.002 -19"><span class='ocrx_word' id='word_1_36' title='bbox 178 798 440 870; x_wconf 89' lang='lat' dir='ltr'>proprias</span> <span class='ocrx_word' id='word_1_37' title='bbox 466 797 738 852; x_wconf 86' lang='lat' dir='ltr'>deserant</span> <span class='ocrx_word' id='word_1_38' title='bbox 753 799 1039 868; x_wconf 86' lang='lat' dir='ltr'>ecclesias,</span> <span class='ocrx_word' id='word_1_39' title='bbox 1063 803 1120 854; x_wconf 90' lang='lat' dir='ltr'>et</span> <span class='ocrx_word' id='word_1_40' title='bbox 1141 800 1200 854; x_wconf 92' lang='lat' dir='ltr'>in</span> <span class='ocrx_word' id='word_1_41' title='bbox 1222 801 1362 855; x_wconf 88' lang='lat' dir='ltr'>alias</span> <span class='ocrx_word' id='word_1_42' title='bbox 1377 801 1811 872; x_wconf 88' lang='lat' dir='ltr'>proﬁciscantur</span> 
     </span>
    </p>
   </div>
   <div class='ocr_carea' id='block_1_8' title="bbox 179 890 1810 964">
    <p class='ocr_par' dir='ltr' id='par_1_8' title="bbox 179 890 1810 964">
     <span class='ocr_line' id='line_1_8' title="bbox 179 890 1810 964; baseline 0.001 -19"><span class='ocrx_word' id='word_1_43' title='bbox 179 890 518 963; x_wconf 86' lang='lat' dir='ltr'>provincias.</span> <span class='ocrx_word' id='word_1_44' title='bbox 551 891 664 946; x_wconf 90' lang='lat' dir='ltr'>Sed</span> <span class='ocrx_word' id='word_1_45' title='bbox 691 894 749 945; x_wconf 91' lang='lat' dir='ltr'>et</span> <span class='ocrx_word' id='word_1_46' title='bbox 777 891 824 945; x_wconf 91' lang='lat' dir='ltr'>si</span> <span class='ocrx_word' id='word_1_47' title='bbox 855 893 1024 962; x_wconf 85' lang='lat' dir='ltr'>hujus</span> <span class='ocrx_word' id='word_1_48' title='bbox 1056 893 1269 964; x_wconf 82' lang='lat' dir='ltr'>agendi</span> <span class='ocrx_word' id='word_1_49' title='bbox 1300 893 1810 964; x_wconf 85' lang='lat' dir='ltr'>necessitasaliqua</span> 
     </span>
    </p>
   </div>
   <div class='ocr_carea' id='block_1_9' title="bbox 178 983 1808 1051">
    <p class='ocr_par' dir='ltr' id='par_1_9' title="bbox 178 983 1808 1051">
     <span class='ocr_line' id='line_1_9' title="bbox 178 983 1808 1051; baseline 0.001 -13"><span class='ocrx_word' id='word_1_50' title='bbox 178 983 438 1050; x_wconf 88' lang='lat' dir='ltr'>incidiat,</span> <span class='ocrx_word' id='word_1_51' title='bbox 466 1001 584 1038; x_wconf 90' lang='lat' dir='ltr'>non</span> <span class='ocrx_word' id='word_1_52' title='bbox 609 984 796 1051; x_wconf 86' lang='lat' dir='ltr'>aliter,</span> <span class='ocrx_word' id='word_1_53' title='bbox 830 985 942 1038; x_wconf 90' lang='lat' dir='ltr'>nisi</span> <span class='ocrx_word' id='word_1_54' title='bbox 970 1001 1100 1040; x_wconf 93' lang='lat' dir='ltr'>cum</span> <span class='ocrx_word' id='word_1_55' title='bbox 1133 986 1338 1040; x_wconf 88' lang='lat' dir='ltr'>litteris</span> <span class='ocrx_word' id='word_1_56' title='bbox 1364 986 1680 1041; x_wconf 85' lang='lat' dir='ltr'>beatissimi</span> <span class='ocrx_word' id='word_1_57' title='bbox 1711 1003 1808 1040; x_wconf 90' lang='lat' dir='ltr'>eo-</span> 
     </span>
    </p>
   </div>
   <div class='ocr_carea' id='block_1_10' title="bbox 179 1076 1808 1149">
    <p class='ocr_par' dir='ltr' id='par_1_10' title="bbox 179 1076 1808 1149">
     <span class='ocr_line' id='line_1_10' title="bbox 179 1076 1808 1149; baseline 0.001 -19"><span class='ocrx_word' id='word_1_58' title='bbox 179 1093 306 1131; x_wconf 88' lang='lat' dir='ltr'>rum</span> <span class='ocrx_word' id='word_1_59' title='bbox 323 1076 666 1147; x_wconf 75' lang='lat' dir='ltr'>patriarchze</span> <span class='ocrx_word' id='word_1_60' title='bbox 695 1079 794 1130; x_wconf 91' lang='lat' dir='ltr'>aut</span> <span class='ocrx_word' id='word_1_61' title='bbox 819 1077 1268 1148; x_wconf 87' lang='lat' dir='ltr'>metropolitani,</span> <span class='ocrx_word' id='word_1_62' title='bbox 1293 1083 1391 1132; x_wconf 90' lang='lat' dir='ltr'>aut</span> <span class='ocrx_word' id='word_1_63' title='bbox 1419 1078 1703 1149; x_wconf 88' lang='lat' dir='ltr'>imperiali</span> <span class='ocrx_word' id='word_1_64' title='bbox 1729 1079 1808 1132; x_wconf 91' lang='lat' dir='ltr'>vi-</span> 
     </span>
    </p>
   </div>
   <div class='ocr_carea' id='block_1_11' title="bbox 182 1169 1812 1242">
    <p class='ocr_par' dir='ltr' id='par_1_11' title="bbox 182 1169 1812 1242">
     <span class='ocr_line' id='line_1_11' title="bbox 182 1169 1812 1242; baseline 0 -18"><span class='ocrx_word' id='word_1_65' title='bbox 182 1169 662 1240; x_wconf 91' lang='lat' dir='ltr'>delicetjussione</span> <span class='ocrx_word' id='word_1_66' title='bbox 688 1170 797 1223; x_wconf 91' lang='lat' dir='ltr'>hoc</span> <span class='ocrx_word' id='word_1_67' title='bbox 824 1171 1065 1224; x_wconf 88' lang='lat' dir='ltr'>faciant:</span> <span class='ocrx_word' id='word_1_68' title='bbox 1099 1170 1175 1224; x_wconf 79' lang='lat' dir='ltr'>ita</span> <span class='ocrx_word' id='word_1_69' title='bbox 1195 1187 1354 1238; x_wconf 89' lang='lat' dir='ltr'>sane,</span> <span class='ocrx_word' id='word_1_70' title='bbox 1379 1174 1443 1224; x_wconf 93' lang='lat' dir='ltr'>ut</span> <span class='ocrx_word' id='word_1_71' title='bbox 1463 1188 1536 1224; x_wconf 91' lang='lat' dir='ltr'>ne</span> <span class='ocrx_word' id='word_1_72' title='bbox 1563 1171 1673 1224; x_wconf 91' lang='lat' dir='ltr'>illis</span> <span class='ocrx_word' id='word_1_73' title='bbox 1693 1171 1812 1242; x_wconf 90' lang='lat' dir='ltr'>qui-</span> 
     </span>
    </p>
   </div>
   <div class='ocr_carea' id='block_1_12' title="bbox 183 1263 1812 1336">
    <p class='ocr_par' dir='ltr' id='par_1_12' title="bbox 183 1263 1812 1336">
     <span class='ocr_line' id='line_1_12' title="bbox 183 1263 1812 1336; baseline 0.001 -19"><span class='ocrx_word' id='word_1_74' title='bbox 183 1263 314 1317; x_wconf 89' lang='lat' dir='ltr'>dem</span> <span class='ocrx_word' id='word_1_75' title='bbox 335 1264 618 1336; x_wconf 87' lang='lat' dir='ltr'>episcopis</span> <span class='ocrx_word' id='word_1_76' title='bbox 635 1264 731 1334; x_wconf 89' lang='lat' dir='ltr'>qui</span> <span class='ocrx_word' id='word_1_77' title='bbox 751 1264 853 1318; x_wconf 91' lang='lat' dir='ltr'>sub</span> <span class='ocrx_word' id='word_1_78' title='bbox 875 1264 1206 1319; x_wconf 87' lang='lat' dir='ltr'>beatissimo</span> <span class='ocrx_word' id='word_1_79' title='bbox 1228 1265 1656 1336; x_wconf 89' lang='lat' dir='ltr'>archiepiscopo</span> <span class='ocrx_word' id='word_1_80' title='bbox 1669 1266 1812 1321; x_wconf 90' lang='lat' dir='ltr'>Con-</span> 
     </span>
    </p>
   </div>
   <div class='ocr_carea' id='block_1_13' title="bbox 182 1356 1810 1428">
    <p class='ocr_par' dir='ltr' id='par_1_13' title="bbox 182 1356 1810 1428">
     <span class='ocr_line' id='line_1_13' title="bbox 182 1356 1810 1428; baseline 0.001 -18"><span class='ocrx_word' id='word_1_81' title='bbox 182 1356 692 1428; x_wconf 84' lang='lat' dir='ltr'>stantinopolitano</span> <span class='ocrx_word' id='word_1_82' title='bbox 726 1360 784 1410; x_wconf 90' lang='lat' dir='ltr'>et</span> <span class='ocrx_word' id='word_1_83' title='bbox 821 1357 1147 1428; x_wconf 86' lang='lat' dir='ltr'>patriarcha</span> <span class='ocrx_word' id='word_1_84' title='bbox 1175 1358 1471 1412; x_wconf 88' lang='lat' dir='ltr'>constituti</span> <span class='ocrx_word' id='word_1_85' title='bbox 1499 1361 1651 1426; x_wconf 91' lang='lat' dir='ltr'>sunt,</span> <span class='ocrx_word' id='word_1_86' title='bbox 1689 1358 1810 1412; x_wconf 91' lang='lat' dir='ltr'>sine</span> 
     </span>
    </p>
   </div>
   <div class='ocr_carea' id='block_1_14' title="bbox 184 1450 1811 1522">
    <p class='ocr_par' dir='ltr' id='par_1_14' title="bbox 184 1450 1811 1522">
     <span class='ocr_line' id='line_1_14' title="bbox 184 1450 1811 1522; baseline 0.001 -20"><span class='ocrx_word' id='word_1_87' title='bbox 184 1450 302 1519; x_wconf 90' lang='lat' dir='ltr'>ejus</span> <span class='ocrx_word' id='word_1_88' title='bbox 330 1450 632 1517; x_wconf 91' lang='lat' dir='ltr'>mandatu,</span> <span class='ocrx_word' id='word_1_89' title='bbox 655 1453 753 1504; x_wconf 90' lang='lat' dir='ltr'>aut</span> <span class='ocrx_word' id='word_1_90' title='bbox 768 1454 964 1504; x_wconf 88' lang='lat' dir='ltr'>nostra</span> <span class='ocrx_word' id='word_1_91' title='bbox 985 1451 1242 1520; x_wconf 91' lang='lat' dir='ltr'>jussione</span> <span class='ocrx_word' id='word_1_92' title='bbox 1265 1451 1338 1505; x_wconf 91' lang='lat' dir='ltr'>ad</span> <span class='ocrx_word' id='word_1_93' title='bbox 1369 1451 1591 1522; x_wconf 82' lang='lat' dir='ltr'>regiam</span> <span class='ocrx_word' id='word_1_94' title='bbox 1615 1451 1811 1505; x_wconf 90' lang='lat' dir='ltr'>venire</span> 
     </span>
    </p>
   </div>
   <div class='ocr_carea' id='block_1_15' title="bbox 183 1543 1812 1616">
    <p class='ocr_par' dir='ltr' id='par_1_15' title="bbox 183 1543 1812 1616">
     <span class='ocr_line' id='line_1_15' title="bbox 183 1543 1812 1616; baseline 0.001 -20"><span class='ocrx_word' id='word_1_95' title='bbox 183 1543 382 1597; x_wconf 86' lang='lat' dir='ltr'>urbem</span> <span class='ocrx_word' id='word_1_96' title='bbox 406 1543 595 1598; x_wconf 88' lang='lat' dir='ltr'>liceat.</span> <span class='ocrx_word' id='word_1_97' title='bbox 622 1543 786 1608; x_wconf 87' lang='lat' dir='ltr'>Quod</span> <span class='ocrx_word' id='word_1_98' title='bbox 806 1543 853 1597; x_wconf 91' lang='lat' dir='ltr'>si</span> <span class='ocrx_word' id='word_1_99' title='bbox 869 1559 938 1598; x_wconf 91' lang='lat' dir='ltr'>eo</span> <span class='ocrx_word' id='word_1_100' title='bbox 964 1544 1140 1598; x_wconf 92' lang='lat' dir='ltr'>modo</span> <span class='ocrx_word' id='word_1_101' title='bbox 1157 1544 1812 1616; x_wconf 88' lang='lat' dir='ltr'>episcopusquocunque</span> 
     </span>
    </p>
   </div>
   <div class='ocr_carea' id='block_1_16' title="bbox 182 1635 1811 1708">
    <p class='ocr_par' dir='ltr' id='par_1_16' title="bbox 182 1635 1811 1708">
     <span class='ocr_line' id='line_1_16' title="bbox 182 1635 1811 1708; baseline 0.001 -18"><span class='ocrx_word' id='word_1_102' title='bbox 182 1635 288 1690; x_wconf 91' lang='lat' dir='ltr'>loci</span> <span class='ocrx_word' id='word_1_103' title='bbox 307 1636 733 1708; x_wconf 89' lang='lat' dir='ltr'>peregrinetur,</span> <span class='ocrx_word' id='word_1_104' title='bbox 769 1652 887 1690; x_wconf 92' lang='lat' dir='ltr'>non</span> <span class='ocrx_word' id='word_1_105' title='bbox 915 1637 1161 1708; x_wconf 88' lang='lat' dir='ltr'>amplius</span> <span class='ocrx_word' id='word_1_106' title='bbox 1182 1653 1296 1692; x_wconf 91' lang='lat' dir='ltr'>uno</span> <span class='ocrx_word' id='word_1_107' title='bbox 1328 1653 1482 1692; x_wconf 91' lang='lat' dir='ltr'>anno</span> <span class='ocrx_word' id='word_1_108' title='bbox 1516 1635 1811 1692; x_wconf 89' lang='lat' dir='ltr'>ecclesiam</span> 
     </span>
    </p>
   </div>
   <div class='ocr_carea' id='block_1_17' title="bbox 183 1729 1814 1800">
    <p class='ocr_par' dir='ltr' id='par_1_17' title="bbox 183 1729 1814 1800">
     <span class='ocr_line' id='line_1_17' title="bbox 183 1729 1814 1800; baseline 0.001 -18"><span class='ocrx_word' id='word_1_109' title='bbox 183 1745 341 1782; x_wconf 90' lang='lat' dir='ltr'>suam</span> <span class='ocrx_word' id='word_1_110' title='bbox 370 1729 704 1800; x_wconf 90' lang='lat' dir='ltr'>relinquito.</span> <span class='ocrx_word' id='word_1_111' title='bbox 743 1729 1003 1800; x_wconf 87' lang='lat' dir='ltr'>Episcopi</span> <span class='ocrx_word' id='word_1_112' title='bbox 1039 1746 1196 1796; x_wconf 90' lang='lat' dir='ltr'>vero,</span> <span class='ocrx_word' id='word_1_113' title='bbox 1237 1730 1333 1800; x_wconf 87' lang='lat' dir='ltr'>qui</span> <span class='ocrx_word' id='word_1_114' title='bbox 1375 1730 1448 1784; x_wconf 90' lang='lat' dir='ltr'>ad</span> <span class='ocrx_word' id='word_1_115' title='bbox 1479 1730 1702 1800; x_wconf 86' lang='lat' dir='ltr'>regiam</span> <span class='ocrx_word' id='word_1_116' title='bbox 1734 1731 1814 1800; x_wconf 83' lang='lat' dir='ltr'>(ut</span> 
     </span>
    </p>
   </div>
   <div class='ocr_carea' id='block_1_18' title="bbox 183 1821 1810 1894">
    <p class='ocr_par' dir='ltr' id='par_1_18' title="bbox 183 1821 1810 1894">
     <span class='ocr_line' id='line_1_18' title="bbox 183 1821 1810 1894; baseline 0.001 -19"><span class='ocrx_word' id='word_1_117' title='bbox 183 1821 395 1876; x_wconf 90' lang='lat' dir='ltr'>dictum</span> <span class='ocrx_word' id='word_1_118' title='bbox 418 1825 522 1890; x_wconf 85' lang='lat' dir='ltr'>est)</span> <span class='ocrx_word' id='word_1_119' title='bbox 557 1823 761 1876; x_wconf 89' lang='lat' dir='ltr'>urbem</span> <span class='ocrx_word' id='word_1_120' title='bbox 788 1822 1153 1890; x_wconf 88' lang='lat' dir='ltr'>accesserint,</span> <span class='ocrx_word' id='word_1_121' title='bbox 1182 1823 1573 1894; x_wconf 88' lang='lat' dir='ltr'>cujuscunque</span> <span class='ocrx_word' id='word_1_122' title='bbox 1601 1823 1810 1877; x_wconf 84' lang='lat' dir='ltr'>dioece-</span> 
     </span>
    </p>
   </div>
   <div class='ocr_carea' id='block_1_19' title="bbox 1907 615 3544 688">
    <p class='ocr_par' dir='ltr' id='par_1_19' title="bbox 1907 615 3544 688">
     <span class='ocr_line' id='line_1_19' title="bbox 1907 615 3544 688; baseline -0.001 -18"><span class='ocrx_word' id='word_1_123' title='bbox 1907 617 2160 688; x_wconf 88' lang='lat' dir='ltr'>singulos</span> <span class='ocrx_word' id='word_1_124' title='bbox 2186 634 2366 672; x_wconf 91' lang='lat' dir='ltr'>annos</span> <span class='ocrx_word' id='word_1_125' title='bbox 2397 617 2756 670; x_wconf 89' lang='lat' dir='ltr'>celebrandis</span> <span class='ocrx_word' id='word_1_126' title='bbox 2788 633 2801 670; x_wconf 87' lang='lat'><strong>:</strong></span> <span class='ocrx_word' id='word_1_127' title='bbox 2836 616 2936 670; x_wconf 90' lang='lat' dir='ltr'>sed</span> <span class='ocrx_word' id='word_1_128' title='bbox 2969 615 3145 670; x_wconf 90' lang='lat' dir='ltr'>etiam</span> <span class='ocrx_word' id='word_1_129' title='bbox 3177 615 3544 686; x_wconf 88' lang='lat' dir='ltr'>quotiescun-</span> 
     </span>
    </p>
   </div>
   <div class='ocr_carea' id='block_1_20' title="bbox 1911 708 3548 781">
    <p class='ocr_par' dir='ltr' id='par_1_20' title="bbox 1911 708 3548 781">
     <span class='ocr_line' id='line_1_20' title="bbox 1911 708 3548 781; baseline -0.002 -17"><span class='ocrx_word' id='word_1_130' title='bbox 1911 727 2021 780; x_wconf 91' lang='lat' dir='ltr'>que</span> <span class='ocrx_word' id='word_1_131' title='bbox 2049 710 2254 781; x_wconf 91' lang='lat' dir='ltr'>aliquis</span> <span class='ocrx_word' id='word_1_132' title='bbox 2272 711 2357 764; x_wconf 88' lang='lat' dir='ltr'>vel</span> <span class='ocrx_word' id='word_1_133' title='bbox 2381 709 2768 776; x_wconf 84' lang='lat' dir='ltr'>sacerdotum,</span> <span class='ocrx_word' id='word_1_134' title='bbox 2800 709 2888 762; x_wconf 90' lang='lat' dir='ltr'>vel</span> <span class='ocrx_word' id='word_1_135' title='bbox 2903 708 3267 774; x_wconf 90' lang='lat' dir='ltr'>clericorum,</span> <span class='ocrx_word' id='word_1_136' title='bbox 3300 709 3386 762; x_wconf 90' lang='lat' dir='ltr'>vel</span> <span class='ocrx_word' id='word_1_137' title='bbox 3410 725 3548 779; x_wconf 72' lang='lat' dir='ltr'>pras-</span> 
     </span>
    </p>
   </div>
   <div class='ocr_carea' id='block_1_21' title="bbox 1909 801 3543 871">
    <p class='ocr_par' dir='ltr' id='par_1_21' title="bbox 1909 801 3543 871">
     <span class='ocr_line' id='line_1_21' title="bbox 1909 801 3543 871; baseline -0.001 -15"><span class='ocrx_word' id='word_1_138' title='bbox 1909 805 2116 870; x_wconf 91' lang='lat' dir='ltr'>sulum,</span> <span class='ocrx_word' id='word_1_139' title='bbox 2162 804 2251 857; x_wconf 87' lang='lat' dir='ltr'>vel</span> <span class='ocrx_word' id='word_1_140' title='bbox 2293 803 2736 868; x_wconf 89' lang='lat' dir='ltr'>monachornm,</span> <span class='ocrx_word' id='word_1_141' title='bbox 2770 803 2857 854; x_wconf 89' lang='lat' dir='ltr'>vel</span> <span class='ocrx_word' id='word_1_142' title='bbox 2897 801 2966 854; x_wconf 94' lang='lat' dir='ltr'>de</span> <span class='ocrx_word' id='word_1_143' title='bbox 2995 801 3130 867; x_wconf 88' lang='lat' dir='ltr'>ﬁde,</span> <span class='ocrx_word' id='word_1_144' title='bbox 3164 801 3252 854; x_wconf 93' lang='lat' dir='ltr'>vel</span> <span class='ocrx_word' id='word_1_145' title='bbox 3289 801 3359 855; x_wconf 89' lang='lat' dir='ltr'>de</span> <span class='ocrx_word' id='word_1_146' title='bbox 3392 801 3543 871; x_wconf 86' lang='lat' dir='ltr'>turpi</span> 
     </span>
    </p>
   </div>
   <div class='ocr_carea' id='block_1_22' title="bbox 1909 893 3539 966">
    <p class='ocr_par' dir='ltr' id='par_1_22' title="bbox 1909 893 3539 966">
     <span class='ocr_line' id='line_1_22' title="bbox 1909 893 3539 966; baseline -0.001 -19"><span class='ocrx_word' id='word_1_147' title='bbox 1909 895 2038 962; x_wconf 81' lang='lat' dir='ltr'>vita,</span> <span class='ocrx_word' id='word_1_148' title='bbox 2065 897 2152 949; x_wconf 92' lang='lat' dir='ltr'>vel</span> <span class='ocrx_word' id='word_1_149' title='bbox 2173 896 2327 966; x_wconf 88' lang='lat' dir='ltr'>quod</span> <span class='ocrx_word' id='word_1_150' title='bbox 2349 898 2549 949; x_wconf 89' lang='lat' dir='ltr'>contra</span> <span class='ocrx_word' id='word_1_151' title='bbox 2571 911 2760 948; x_wconf 89' lang='lat' dir='ltr'>sacros</span> <span class='ocrx_word' id='word_1_152' title='bbox 2781 893 2996 964; x_wconf 90' lang='lat' dir='ltr'>aliquid</span> <span class='ocrx_word' id='word_1_153' title='bbox 3023 909 3272 947; x_wconf 87' lang='lat' dir='ltr'>canones</span> <span class='ocrx_word' id='word_1_154' title='bbox 3298 909 3539 964; x_wconf 84' lang='lat' dir='ltr'>perege-</span> 
     </span>
    </p>
   </div>
   <div class='ocr_carea' id='block_1_23' title="bbox 1911 986 3545 1057">
    <p class='ocr_par' dir='ltr' id='par_1_23' title="bbox 1911 986 3545 1057">
     <span class='ocr_line' id='line_1_23' title="bbox 1911 986 3545 1057; baseline -0.001 -17"><span class='ocrx_word' id='word_1_155' title='bbox 1911 987 2002 1054; x_wconf 91' lang='lat' dir='ltr'>rit,</span> <span class='ocrx_word' id='word_1_156' title='bbox 2035 992 2329 1042; x_wconf 86' lang='lat' dir='ltr'>accusatus</span> <span class='ocrx_word' id='word_1_157' title='bbox 2359 989 2551 1042; x_wconf 87' lang='lat' dir='ltr'>fuerit.</span> <span class='ocrx_word' id='word_1_158' title='bbox 2586 989 2654 1041; x_wconf 88' lang='lat' dir='ltr'>Et</span> <span class='ocrx_word' id='word_1_159' title='bbox 2683 987 2730 1040; x_wconf 89' lang='lat' dir='ltr'>si</span> <span class='ocrx_word' id='word_1_160' title='bbox 2756 986 2992 1057; x_wconf 88' lang='lat' dir='ltr'>quidem</span> <span class='ocrx_word' id='word_1_161' title='bbox 3033 987 3082 1040; x_wconf 88' lang='lat' dir='ltr'>is</span> <span class='ocrx_word' id='word_1_162' title='bbox 3115 987 3212 1057; x_wconf 89' lang='lat' dir='ltr'>qui</span> <span class='ocrx_word' id='word_1_163' title='bbox 3246 989 3545 1040; x_wconf 86' lang='lat' dir='ltr'>accusatur</span> 
     </span>
    </p>
   </div>
   <div class='ocr_carea' id='block_1_24' title="bbox 1911 1079 3541 1152">
    <p class='ocr_par' dir='ltr' id='par_1_24' title="bbox 1911 1079 3541 1152">
     <span class='ocr_line' id='line_1_24' title="bbox 1911 1079 3541 1152; baseline -0.001 -18"><span class='ocrx_word' id='word_1_164' title='bbox 1911 1081 2210 1152; x_wconf 89' lang='lat' dir='ltr'>episcopus</span> <span class='ocrx_word' id='word_1_165' title='bbox 2231 1081 2402 1135; x_wconf 90' lang='lat' dir='ltr'>fuerit</span> <span class='ocrx_word' id='word_1_166' title='bbox 2420 1081 2588 1150; x_wconf 89' lang='lat' dir='ltr'>hujus</span> <span class='ocrx_word' id='word_1_167' title='bbox 2605 1080 3096 1150; x_wconf 88' lang='lat' dir='ltr'>metropolitanus,</span> <span class='ocrx_word' id='word_1_168' title='bbox 3117 1096 3186 1133; x_wconf 87' lang='lat' dir='ltr'>ea</span> <span class='ocrx_word' id='word_1_169' title='bbox 3199 1096 3326 1150; x_wconf 72' lang='lat' dir='ltr'>quas</span> <span class='ocrx_word' id='word_1_170' title='bbox 3347 1079 3480 1150; x_wconf 85' lang='lat' dir='ltr'>prof</span> <span class='ocrx_word' id='word_1_171' title='bbox 3483 1096 3541 1132; x_wconf 85' lang='lat' dir='ltr'>e-</span> 
     </span>
    </p>
   </div>
   <div class='ocr_carea' id='block_1_25' title="bbox 1911 1172 3537 1244">
    <p class='ocr_par' dir='ltr' id='par_1_25' title="bbox 1911 1172 3537 1244">
     <span class='ocr_line' id='line_1_25' title="bbox 1911 1172 3537 1244; baseline -0.001 -17"><span class='ocrx_word' id='word_1_172' title='bbox 1911 1177 2114 1228; x_wconf 85' lang='lat' dir='ltr'>rentur</span> <span class='ocrx_word' id='word_1_173' title='bbox 2144 1173 2498 1240; x_wconf 83' lang='lat' dir='ltr'>examinato;</span> <span class='ocrx_word' id='word_1_174' title='bbox 2533 1174 2578 1226; x_wconf 91' lang='lat' dir='ltr'>si</span> <span class='ocrx_word' id='word_1_175' title='bbox 2609 1190 2744 1228; x_wconf 90' lang='lat' dir='ltr'>vero</span> <span class='ocrx_word' id='word_1_176' title='bbox 2767 1172 3244 1244; x_wconf 88' lang='lat' dir='ltr'>metropolitanus</span> <span class='ocrx_word' id='word_1_177' title='bbox 3274 1172 3537 1226; x_wconf 88' lang='lat' dir='ltr'>beatissi-</span> 
     </span>
    </p>
   </div>
   <div class='ocr_carea' id='block_1_26' title="bbox 1911 1265 3542 1337">
    <p class='ocr_par' dir='ltr' id='par_1_26' title="bbox 1911 1265 3542 1337">
     <span class='ocr_line' id='line_1_26' title="bbox 1911 1265 3542 1337; baseline -0.001 -17"><span class='ocrx_word' id='word_1_178' title='bbox 1911 1283 2040 1320; x_wconf 88' lang='lat' dir='ltr'>mus</span> <span class='ocrx_word' id='word_1_179' title='bbox 2065 1265 2524 1337; x_wconf 87' lang='lat' dir='ltr'>archiepiscopus</span> <span class='ocrx_word' id='word_1_180' title='bbox 2545 1266 2647 1319; x_wconf 91' lang='lat' dir='ltr'>sub</span> <span class='ocrx_word' id='word_1_181' title='bbox 2672 1282 2786 1336; x_wconf 92' lang='lat' dir='ltr'>quo</span> <span class='ocrx_word' id='word_1_182' title='bbox 2817 1269 3112 1331; x_wconf 86' lang='lat' dir='ltr'>censetur;</span> <span class='ocrx_word' id='word_1_183' title='bbox 3147 1265 3192 1318; x_wconf 90' lang='lat' dir='ltr'>si</span> <span class='ocrx_word' id='word_1_184' title='bbox 3221 1265 3542 1336; x_wconf 86' lang='lat' dir='ltr'>presbyter,</span> 
     </span>
    </p>
   </div>
   <div class='ocr_carea' id='block_1_27' title="bbox 1913 1358 3540 1428">
    <p class='ocr_par' dir='ltr' id='par_1_27' title="bbox 1913 1358 3540 1428">
     <span class='ocr_line' id='line_1_27' title="bbox 1913 1358 3540 1428; baseline -0.002 -15"><span class='ocrx_word' id='word_1_185' title='bbox 1913 1362 2012 1413; x_wconf 88' lang='lat' dir='ltr'>aut</span> <span class='ocrx_word' id='word_1_186' title='bbox 2059 1358 2355 1426; x_wconf 85' lang='lat' dir='ltr'>diaconus,</span> <span class='ocrx_word' id='word_1_187' title='bbox 2389 1362 2488 1412; x_wconf 87' lang='lat' dir='ltr'>aut</span> <span class='ocrx_word' id='word_1_188' title='bbox 2515 1358 2659 1412; x_wconf 90' lang='lat' dir='ltr'>alius</span> <span class='ocrx_word' id='word_1_189' title='bbox 2681 1358 2940 1424; x_wconf 87' lang='lat' dir='ltr'>clericus,</span> <span class='ocrx_word' id='word_1_190' title='bbox 2975 1362 3075 1411; x_wconf 89' lang='lat' dir='ltr'>aut</span> <span class='ocrx_word' id='word_1_191' title='bbox 3103 1358 3306 1428; x_wconf 66' lang='lat' dir='ltr'>praesul</span> <span class='ocrx_word' id='word_1_192' title='bbox 3339 1374 3540 1411; x_wconf 76' lang='lat' dir='ltr'>mona-</span> 
     </span>
    </p>
   </div>
   <div class='ocr_carea' id='block_1_28' title="bbox 1913 1450 3542 1521">
    <p class='ocr_par' dir='ltr' id='par_1_28' title="bbox 1913 1450 3542 1521">
     <span class='ocr_line' id='line_1_28' title="bbox 1913 1450 3542 1521; baseline -0.001 -15"><span class='ocrx_word' id='word_1_193' title='bbox 1913 1453 2089 1520; x_wconf 90' lang='lat' dir='ltr'>sterii,</span> <span class='ocrx_word' id='word_1_194' title='bbox 2109 1456 2210 1506; x_wconf 89' lang='lat' dir='ltr'>aut</span> <span class='ocrx_word' id='word_1_195' title='bbox 2233 1452 2570 1517; x_wconf 88' lang='lat' dir='ltr'>monachus,</span> <span class='ocrx_word' id='word_1_196' title='bbox 2599 1450 3061 1521; x_wconf 88' lang='lat' dir='ltr'>religiosissimus</span> <span class='ocrx_word' id='word_1_197' title='bbox 3087 1451 3404 1521; x_wconf 88' lang='lat' dir='ltr'>episcopus,</span> <span class='ocrx_word' id='word_1_198' title='bbox 3441 1450 3542 1504; x_wconf 91' lang='lat' dir='ltr'>sub</span> 
     </span>
    </p>
   </div>
   <div class='ocr_carea' id='block_1_29' title="bbox 1913 1542 3541 1611">
    <p class='ocr_par' dir='ltr' id='par_1_29' title="bbox 1913 1542 3541 1611">
     <span class='ocr_line' id='line_1_29' title="bbox 1913 1542 3541 1611; baseline -0.001 -13"><span class='ocrx_word' id='word_1_199' title='bbox 1913 1561 2027 1600; x_wconf 90' lang='lat' dir='ltr'>uno</span> <span class='ocrx_word' id='word_1_200' title='bbox 2059 1545 2116 1598; x_wconf 92' lang='lat' dir='ltr'>hi</span> <span class='ocrx_word' id='word_1_201' title='bbox 2137 1549 2421 1611; x_wconf 86' lang='lat' dir='ltr'>censetur,</span> <span class='ocrx_word' id='word_1_202' title='bbox 2445 1544 2633 1598; x_wconf 89' lang='lat' dir='ltr'>delata</span> <span class='ocrx_word' id='word_1_203' title='bbox 2653 1543 2712 1598; x_wconf 90' lang='lat' dir='ltr'>in</span> <span class='ocrx_word' id='word_1_204' title='bbox 2743 1543 3171 1598; x_wconf 88' lang='lat' dir='ltr'>accusationem</span> <span class='ocrx_word' id='word_1_205' title='bbox 3194 1542 3541 1597; x_wconf 84' lang='lat' dir='ltr'>examinato.</span> 
     </span>
    </p>
   </div>
   <div class='ocr_carea' id='block_1_30' title="bbox 1913 1635 3545 1708">
    <p class='ocr_par' dir='ltr' id='par_1_30' title="bbox 1913 1635 3545 1708">
     <span class='ocr_line' id='line_1_30' title="bbox 1913 1635 3545 1708; baseline -0.002 -16"><span class='ocrx_word' id='word_1_206' title='bbox 1913 1639 1980 1692; x_wconf 83' lang='lat' dir='ltr'>Et</span> <span class='ocrx_word' id='word_1_207' title='bbox 2009 1638 2246 1692; x_wconf 86' lang='lat' dir='ltr'>veritate</span> <span class='ocrx_word' id='word_1_208' title='bbox 2269 1637 2665 1708; x_wconf 86' lang='lat' dir='ltr'>comprobata,</span> <span class='ocrx_word' id='word_1_209' title='bbox 2690 1637 3081 1708; x_wconf 88' lang='lat' dir='ltr'>unusquisque</span> <span class='ocrx_word' id='word_1_210' title='bbox 3110 1653 3214 1706; x_wconf 89' lang='lat' dir='ltr'>pro</span> <span class='ocrx_word' id='word_1_211' title='bbox 3243 1636 3419 1690; x_wconf 91' lang='lat' dir='ltr'>modo</span> <span class='ocrx_word' id='word_1_212' title='bbox 3445 1635 3545 1689; x_wconf 91' lang='lat' dir='ltr'>de-</span> 
     </span>
    </p>
   </div>
   <div class='ocr_carea' id='block_1_31' title="bbox 1911 1728 3548 1799">
    <p class='ocr_par' dir='ltr' id='par_1_31' title="bbox 1911 1728 3548 1799">
     <span class='ocr_line' id='line_1_31' title="bbox 1911 1728 3548 1799; baseline -0.002 -14"><span class='ocrx_word' id='word_1_213' title='bbox 1911 1730 2049 1798; x_wconf 88' lang='lat' dir='ltr'>licti,</span> <span class='ocrx_word' id='word_1_214' title='bbox 2082 1729 2372 1784; x_wconf 88' lang='lat' dir='ltr'>canonicis</span> <span class='ocrx_word' id='word_1_215' title='bbox 2409 1729 2661 1784; x_wconf 88' lang='lat' dir='ltr'>censuris</span> <span class='ocrx_word' id='word_1_216' title='bbox 2699 1729 2994 1799; x_wconf 89' lang='lat' dir='ltr'>subjicitor</span> <span class='ocrx_word' id='word_1_217' title='bbox 3021 1728 3241 1799; x_wconf 89' lang='lat' dir='ltr'>judicio</span> <span class='ocrx_word' id='word_1_218' title='bbox 3291 1729 3414 1798; x_wconf 85' lang='lat' dir='ltr'>ejus</span> <span class='ocrx_word' id='word_1_219' title='bbox 3451 1728 3548 1798; x_wconf 92' lang='lat' dir='ltr'>qui</span> 
     </span>
    </p>
   </div>
   <div class='ocr_carea' id='block_1_32' title="bbox 1915 1821 3545 1892">
    <p class='ocr_par' dir='ltr' id='par_1_32' title="bbox 1915 1821 3545 1892">
     <span class='ocr_line' id='line_1_32' title="bbox 1915 1821 3545 1892; baseline -0.002 -14"><span class='ocrx_word' id='word_1_220' title='bbox 1915 1840 2099 1878; x_wconf 67' lang='lat' dir='ltr'>causa:</span> <span class='ocrx_word' id='word_1_221' title='bbox 2127 1823 2620 1878; x_wconf 85' lang='lat' dir='ltr'>examinationem</span> <span class='ocrx_word' id='word_1_222' title='bbox 2640 1821 3058 1877; x_wconf 86' lang='lat' dir='ltr'>accommodat.</span> <span class='ocrx_word' id='word_1_223' title='bbox 3075 1823 3260 1892; x_wconf 83' lang='lat' dir='ltr'>Atque</span> <span class='ocrx_word' id='word_1_224' title='bbox 3286 1821 3406 1875; x_wconf 63' lang='lat' dir='ltr'>haec</span> <span class='ocrx_word' id='word_1_225' title='bbox 3421 1837 3545 1875; x_wconf 88' lang='lat' dir='ltr'>om-</span> 
     </span>
    </p>
   </div>
   <div class='ocr_carea' id='block_1_33' title="bbox 185 1901 3544 1988">
    <p class='ocr_par' dir='ltr' id='par_1_33' title="bbox 185 1901 3544 1988">
     <span class='ocr_line' id='line_1_33' title="bbox 185 1901 3544 1988; baseline -0 -20"><span class='ocrx_word' id='word_1_226' title='bbox 185 1930 307 1969; x_wconf 91' lang='lat' dir='ltr'>seos</span> <span class='ocrx_word' id='word_1_227' title='bbox 338 1915 472 1982; x_wconf 89' lang='lat' dir='ltr'>sint,</span> <span class='ocrx_word' id='word_1_228' title='bbox 497 1918 632 1969; x_wconf 87' lang='lat' dir='ltr'>ante</span> <span class='ocrx_word' id='word_1_229' title='bbox 661 1915 860 1969; x_wconf 88' lang='lat' dir='ltr'>omnia</span> <span class='ocrx_word' id='word_1_230' title='bbox 895 1915 1291 1970; x_wconf 87' lang='lat' dir='ltr'>beatissimum</span> <span class='ocrx_word' id='word_1_231' title='bbox 1321 1916 1815 1988; x_wconf 89' lang='lat' dir='ltr'>archiepiscopum</span> <span class='ocrx_word' id='word_1_232' title='bbox 1837 1901 1892 1973; x_wconf 88' lang='grc' dir='ltr'><strong>Β</strong></span> <span class='ocrx_word' id='word_1_233' title='bbox 1917 1917 2012 1970; x_wconf 88' lang='lat' dir='ltr'>nia</span> <span class='ocrx_word' id='word_1_234' title='bbox 2041 1933 2156 1971; x_wconf 91' lang='lat' dir='ltr'>non</span> <span class='ocrx_word' id='word_1_235' title='bbox 2183 1920 2405 1970; x_wconf 89' lang='lat' dir='ltr'>tantum</span> <span class='ocrx_word' id='word_1_236' title='bbox 2433 1915 2734 1970; x_wconf 89' lang='lat' dir='ltr'>obtinento</span> <span class='ocrx_word' id='word_1_237' title='bbox 2755 1915 2817 1968; x_wconf 92' lang='lat' dir='ltr'>in</span> <span class='ocrx_word' id='word_1_238' title='bbox 2835 1915 2902 1968; x_wconf 92' lang='lat' dir='ltr'>iis</span> <span class='ocrx_word' id='word_1_239' title='bbox 2923 1913 3202 1985; x_wconf 90' lang='lat' dir='ltr'>episcopis</span> <span class='ocrx_word' id='word_1_240' title='bbox 3221 1917 3281 1968; x_wconf 92' lang='lat' dir='ltr'>et</span> <span class='ocrx_word' id='word_1_241' title='bbox 3306 1913 3544 1980; x_wconf 91' lang='lat' dir='ltr'>clericis,</span> 
     </span>
    </p>
   </div>
   <div class='ocr_carea' id='block_1_34' title="bbox 182 2007 1814 2080">
    <p class='ocr_par' dir='ltr' id='par_1_34' title="bbox 182 2007 1814 2080">
     <span class='ocr_line' id='line_1_34' title="bbox 182 2007 1814 2080; baseline -0.001 -17"><span class='ocrx_word' id='word_1_242' title='bbox 182 2009 426 2064; x_wconf 90' lang='lat' dir='ltr'>Constan</span> <span class='ocrx_word' id='word_1_243' title='bbox 433 2007 881 2078; x_wconf 90' lang='lat' dir='ltr'>tinopolitanum</span> <span class='ocrx_word' id='word_1_244' title='bbox 895 2012 952 2062; x_wconf 93' lang='lat' dir='ltr'>et</span> <span class='ocrx_word' id='word_1_245' title='bbox 962 2007 1352 2079; x_wconf 89' lang='lat' dir='ltr'>patriarcham</span> <span class='ocrx_word' id='word_1_246' title='bbox 1363 2009 1470 2064; x_wconf 90' lang='lat' dir='ltr'>ade</span> <span class='ocrx_word' id='word_1_247' title='bbox 1477 2012 1814 2080; x_wconf 90' lang='lat' dir='ltr'>unto,atque</span> 
     </span>
    </p>
   </div>
   <div class='ocr_carea' id='block_1_35' title="bbox 184 2100 1817 2174">
    <p class='ocr_par' dir='ltr' id='par_1_35' title="bbox 184 2100 1817 2174">
     <span class='ocr_line' id='line_1_35' title="bbox 184 2100 1817 2174; baseline 0.001 -20"><span class='ocrx_word' id='word_1_248' title='bbox 184 2100 260 2155; x_wconf 89' lang='lat' dir='ltr'>ita</span> <span class='ocrx_word' id='word_1_249' title='bbox 283 2117 386 2173; x_wconf 93' lang='lat' dir='ltr'>per</span> <span class='ocrx_word' id='word_1_250' title='bbox 413 2101 606 2172; x_wconf 90' lang='lat' dir='ltr'>ipsum</span> <span class='ocrx_word' id='word_1_251' title='bbox 633 2101 707 2155; x_wconf 89' lang='lat' dir='ltr'>ad</span> <span class='ocrx_word' id='word_1_252' title='bbox 732 2104 991 2156; x_wconf 88' lang='lat' dir='ltr'>nostram</span> <span class='ocrx_word' id='word_1_253' title='bbox 1014 2101 1420 2172; x_wconf 87' lang='lat' dir='ltr'>ingrediuntor</span> <span class='ocrx_word' id='word_1_254' title='bbox 1439 2101 1817 2174; x_wconf 85' lang='lat' dir='ltr'>tranquillita-</span> 
     </span>
    </p>
   </div>
   <div class='ocr_carea' id='block_1_36' title="bbox 184 2193 1817 2266">
    <p class='ocr_par' dir='ltr' id='par_1_36' title="bbox 184 2193 1817 2266">
     <span class='ocr_line' id='line_1_36' title="bbox 184 2193 1817 2266; baseline 0.001 -19"><span class='ocrx_word' id='word_1_255' title='bbox 184 2197 317 2248; x_wconf 87' lang='lat' dir='ltr'>tem.</span> <span class='ocrx_word' id='word_1_256' title='bbox 347 2194 456 2258; x_wconf 87' lang='lat' dir='ltr'>Qui</span> <span class='ocrx_word' id='word_1_257' title='bbox 476 2210 612 2248; x_wconf 92' lang='lat' dir='ltr'>vero</span> <span class='ocrx_word' id='word_1_258' title='bbox 634 2198 835 2248; x_wconf 88' lang='lat' dir='ltr'>contra</span> <span class='ocrx_word' id='word_1_259' title='bbox 861 2198 1118 2248; x_wconf 91' lang='lat' dir='ltr'>nostram</span> <span class='ocrx_word' id='word_1_260' title='bbox 1141 2193 1576 2265; x_wconf 89' lang='lat' dir='ltr'>dispositionem</span> <span class='ocrx_word' id='word_1_261' title='bbox 1601 2196 1690 2249; x_wconf 91' lang='lat' dir='ltr'>vel</span> <span class='ocrx_word' id='word_1_262' title='bbox 1721 2211 1817 2266; x_wconf 85' lang='lat' dir='ltr'>pe-</span> 
     </span>
    </p>
   </div>
   <div class='ocr_carea' id='block_1_37' title="bbox 185 2287 1814 2359">
    <p class='ocr_par' dir='ltr' id='par_1_37' title="bbox 185 2287 1814 2359">
     <span class='ocr_line' id='line_1_37' title="bbox 185 2287 1814 2359; baseline 0.001 -19"><span class='ocrx_word' id='word_1_263' title='bbox 185 2287 573 2358; x_wconf 87' lang='lat' dir='ltr'>regrinantur,</span> <span class='ocrx_word' id='word_1_264' title='bbox 595 2290 694 2341; x_wconf 92' lang='lat' dir='ltr'>aut</span> <span class='ocrx_word' id='word_1_265' title='bbox 717 2287 868 2342; x_wconf 89' lang='lat' dir='ltr'>ultra</span> <span class='ocrx_word' id='word_1_266' title='bbox 877 2287 1225 2358; x_wconf 70' lang='lat' dir='ltr'>praeﬁnitum</span> <span class='ocrx_word' id='word_1_267' title='bbox 1242 2287 1381 2342; x_wconf 91' lang='lat' dir='ltr'>anni</span> <span class='ocrx_word' id='word_1_268' title='bbox 1409 2291 1636 2359; x_wconf 89' lang='lat' dir='ltr'>tempus</span> <span class='ocrx_word' id='word_1_269' title='bbox 1656 2292 1814 2342; x_wconf 80' lang='lat' dir='ltr'>extra</span> 
     </span>
    </p>
   </div>
   <div class='ocr_carea' id='block_1_38' title="bbox 187 2380 1813 2452">
    <p class='ocr_par' dir='ltr' id='par_1_38' title="bbox 187 2380 1813 2452">
     <span class='ocr_line' id='line_1_38' title="bbox 187 2380 1813 2452; baseline 0.001 -18"><span class='ocrx_word' id='word_1_270' title='bbox 187 2381 482 2435; x_wconf 88' lang='lat' dir='ltr'>ecclesiam</span> <span class='ocrx_word' id='word_1_271' title='bbox 539 2396 703 2435; x_wconf 89' lang='lat' dir='ltr'>suam</span> <span class='ocrx_word' id='word_1_272' title='bbox 755 2380 890 2434; x_wconf 90' lang='lat' dir='ltr'>alibi</span> <span class='ocrx_word' id='word_1_273' title='bbox 943 2384 1396 2448; x_wconf 89' lang='lat' dir='ltr'>commorantur,</span> <span class='ocrx_word' id='word_1_274' title='bbox 1443 2381 1532 2435; x_wconf 92' lang='lat' dir='ltr'>his</span> <span class='ocrx_word' id='word_1_275' title='bbox 1566 2381 1813 2452; x_wconf 88' lang='lat' dir='ltr'>primum</span> 
     </span>
    </p>
   </div>
   <div class='ocr_carea' id='block_1_39' title="bbox 188 2473 1816 2544">
    <p class='ocr_par' dir='ltr' id='par_1_39' title="bbox 188 2473 1816 2544">
     <span class='ocr_line' id='line_1_39' title="bbox 188 2473 1816 2544; baseline 0.001 -17"><span class='ocrx_word' id='word_1_276' title='bbox 188 2473 417 2544; x_wconf 90' lang='lat' dir='ltr'>quidem</span> <span class='ocrx_word' id='word_1_277' title='bbox 435 2490 554 2528; x_wconf 90' lang='lat' dir='ltr'>non</span> <span class='ocrx_word' id='word_1_278' title='bbox 576 2473 1082 2529; x_wconf 85' lang='lat' dir='ltr'>subministrantor</span> <span class='ocrx_word' id='word_1_279' title='bbox 1095 2475 1166 2528; x_wconf 91' lang='lat' dir='ltr'>ab</span> <span class='ocrx_word' id='word_1_280' title='bbox 1189 2474 1440 2528; x_wconf 67' lang='lat' dir='ltr'>ecclesias</span> <span class='ocrx_word' id='word_1_281' title='bbox 1462 2491 1578 2528; x_wconf 70' lang='lat' dir='ltr'>suae</span> <span class='ocrx_word' id='word_1_282' title='bbox 1590 2491 1816 2529; x_wconf 75' lang='lat' dir='ltr'>oecono-</span> 
     </span>
    </p>
   </div>
   <div class='ocr_carea' id='block_1_40' title="bbox 185 2566 1811 2638">
    <p class='ocr_par' dir='ltr' id='par_1_40' title="bbox 185 2566 1811 2638">
     <span class='ocr_line' id='line_1_40' title="bbox 185 2566 1811 2638; baseline 0 -18"><span class='ocrx_word' id='word_1_283' title='bbox 185 2567 290 2620; x_wconf 90' lang='lat' dir='ltr'>mis</span> <span class='ocrx_word' id='word_1_284' title='bbox 328 2571 622 2638; x_wconf 89' lang='lat' dir='ltr'>sumptus:</span> <span class='ocrx_word' id='word_1_285' title='bbox 666 2566 877 2620; x_wconf 92' lang='lat' dir='ltr'>deinde</span> <span class='ocrx_word' id='word_1_286' title='bbox 923 2567 1170 2622; x_wconf 90' lang='lat' dir='ltr'>citantor</span> <span class='ocrx_word' id='word_1_287' title='bbox 1195 2567 1557 2622; x_wconf 90' lang='lat' dir='ltr'>sacerdotum</span> <span class='ocrx_word' id='word_1_288' title='bbox 1587 2567 1811 2636; x_wconf 89' lang='lat' dir='ltr'>litteris,</span> 
     </span>
    </p>
   </div>
   <div class='ocr_carea' id='block_1_41' title="bbox 187 2659 1815 2730">
    <p class='ocr_par' dir='ltr' id='par_1_41' title="bbox 187 2659 1815 2730">
     <span class='ocr_line' id='line_1_41' title="bbox 187 2659 1815 2730; baseline 0.002 -18"><span class='ocrx_word' id='word_1_289' title='bbox 187 2659 284 2713; x_wconf 92' lang='lat' dir='ltr'>sub</span> <span class='ocrx_word' id='word_1_290' title='bbox 315 2660 522 2730; x_wconf 91' lang='lat' dir='ltr'>quibus</span> <span class='ocrx_word' id='word_1_291' title='bbox 548 2663 872 2726; x_wconf 87' lang='lat' dir='ltr'>censentur,</span> <span class='ocrx_word' id='word_1_292' title='bbox 897 2663 959 2713; x_wconf 88' lang='lat' dir='ltr'>ut</span> <span class='ocrx_word' id='word_1_293' title='bbox 984 2660 1057 2714; x_wconf 91' lang='lat' dir='ltr'>ad</span> <span class='ocrx_word' id='word_1_294' title='bbox 1080 2660 1350 2714; x_wconf 87' lang='lat' dir='ltr'>ecclesias</span> <span class='ocrx_word' id='word_1_295' title='bbox 1377 2677 1507 2714; x_wconf 91' lang='lat' dir='ltr'>suas</span> <span class='ocrx_word' id='word_1_296' title='bbox 1524 2665 1815 2715; x_wconf 88' lang='lat' dir='ltr'>revertan-</span> 
     </span>
    </p>
   </div>
   <div class='ocr_carea' id='block_1_42' title="bbox 188 2753 1816 2820">
    <p class='ocr_par' dir='ltr' id='par_1_42' title="bbox 188 2753 1816 2820">
     <span class='ocr_line' id='line_1_42' title="bbox 188 2753 1816 2820; baseline 0.002 -16"><span class='ocrx_word' id='word_1_297' title='bbox 188 2755 292 2806; x_wconf 88' lang='lat' dir='ltr'>tur.</span> <span class='ocrx_word' id='word_1_298' title='bbox 327 2753 380 2808; x_wconf 92' lang='lat' dir='ltr'>Si</span> <span class='ocrx_word' id='word_1_299' title='bbox 406 2753 616 2806; x_wconf 90' lang='lat' dir='ltr'>reverti</span> <span class='ocrx_word' id='word_1_300' title='bbox 639 2753 926 2820; x_wconf 80' lang='lat' dir='ltr'>ditferant,</span> <span class='ocrx_word' id='word_1_301' title='bbox 952 2753 1268 2808; x_wconf 89' lang='lat' dir='ltr'>secundum</span> <span class='ocrx_word' id='word_1_302' title='bbox 1291 2770 1480 2808; x_wconf 90' lang='lat' dir='ltr'>sacros</span> <span class='ocrx_word' id='word_1_303' title='bbox 1507 2757 1816 2809; x_wconf 88' lang='lat' dir='ltr'>evocantor</span> 
     </span>
    </p>
   </div>
   <div class='ocr_carea' id='block_1_43' title="bbox 188 2845 1811 2918">
    <p class='ocr_par' dir='ltr' id='par_1_43' title="bbox 188 2845 1811 2918">
     <span class='ocr_line' id='line_1_43' title="bbox 188 2845 1811 2918; baseline 0.001 -19"><span class='ocrx_word' id='word_1_304' title='bbox 188 2861 454 2900; x_wconf 85' lang='lat' dir='ltr'>canones.</span> <span class='ocrx_word' id='word_1_305' title='bbox 491 2847 558 2899; x_wconf 88' lang='lat' dir='ltr'>Et</span> <span class='ocrx_word' id='word_1_306' title='bbox 583 2845 691 2900; x_wconf 90' lang='lat' dir='ltr'>nisi</span> <span class='ocrx_word' id='word_1_307' title='bbox 719 2846 868 2900; x_wconf 88' lang='lat' dir='ltr'>intra</span> <span class='ocrx_word' id='word_1_308' title='bbox 898 2849 1126 2917; x_wconf 88' lang='lat' dir='ltr'>tempus</span> <span class='ocrx_word' id='word_1_309' title='bbox 1148 2864 1182 2901; x_wconf 92' lang='lat' dir='ltr'>a</span> <span class='ocrx_word' id='word_1_310' title='bbox 1212 2847 1604 2901; x_wconf 89' lang='lat' dir='ltr'>sacerdotibus</span> <span class='ocrx_word' id='word_1_311' title='bbox 1621 2849 1811 2918; x_wconf 71' lang='lat' dir='ltr'>prmﬁ-</span> 
     </span>
    </p>
   </div>
   <div class='ocr_carea' id='block_1_44' title="bbox 189 2937 1813 3011">
    <p class='ocr_par' dir='ltr' id='par_1_44' title="bbox 189 2937 1813 3011">
     <span class='ocr_line' id='line_1_44' title="bbox 189 2937 1813 3011; baseline 0.002 -19"><span class='ocrx_word' id='word_1_312' title='bbox 189 2938 366 2993; x_wconf 90' lang='lat' dir='ltr'>nitum</span> <span class='ocrx_word' id='word_1_313' title='bbox 392 2937 468 2993; x_wconf 90' lang='lat' dir='ltr'>ad</span> <span class='ocrx_word' id='word_1_314' title='bbox 501 2939 768 2993; x_wconf 88' lang='lat' dir='ltr'>ecclesias</span> <span class='ocrx_word' id='word_1_315' title='bbox 800 2956 928 2993; x_wconf 88' lang='lat' dir='ltr'>suas</span> <span class='ocrx_word' id='word_1_316' title='bbox 960 2942 1340 3008; x_wconf 86' lang='lat' dir='ltr'>revertantur,</span> <span class='ocrx_word' id='word_1_317' title='bbox 1360 2940 1719 3011; x_wconf 89' lang='lat' dir='ltr'>ipsiquidem</span> <span class='ocrx_word' id='word_1_318' title='bbox 1743 2941 1813 2995; x_wconf 92' lang='lat' dir='ltr'>ab</span> 
     </span>
    </p>
   </div>
   <div class='ocr_carea' id='block_1_45' title="bbox 1914 2006 3544 2081">
    <p class='ocr_par' dir='ltr' id='par_1_45' title="bbox 1914 2006 3544 2081">
     <span class='ocr_line' id='line_1_45' title="bbox 1914 2006 3544 2081; baseline -0.002 -17"><span class='ocrx_word' id='word_1_319' title='bbox 1914 2027 2104 2081; x_wconf 89' lang='lat' dir='ltr'>neque</span> <span class='ocrx_word' id='word_1_320' title='bbox 2134 2027 2252 2064; x_wconf 90' lang='lat' dir='ltr'>non</span> <span class='ocrx_word' id='word_1_321' title='bbox 2279 2009 2635 2080; x_wconf 78' lang='lat' dir='ltr'>praesulibus,</span> <span class='ocrx_word' id='word_1_322' title='bbox 2682 2008 2780 2079; x_wconf 92' lang='lat' dir='ltr'>qui</span> <span class='ocrx_word' id='word_1_323' title='bbox 2824 2008 3062 2078; x_wconf 89' lang='lat' dir='ltr'>posthac</span> <span class='ocrx_word' id='word_1_324' title='bbox 3101 2006 3544 2073; x_wconf 87' lang='lat' dir='ltr'>ordinabuntur,</span> 
     </span>
    </p>
   </div>
   <div class='ocr_carea' id='block_1_46' title="bbox 1917 2099 3550 2173">
    <p class='ocr_par' dir='ltr' id='par_1_46' title="bbox 1917 2099 3550 2173">
     <span class='ocr_line' id='line_1_46' title="bbox 1917 2099 3550 2173; baseline -0.002 -17"><span class='ocrx_word' id='word_1_325' title='bbox 1917 2103 2018 2157; x_wconf 91' lang='lat' dir='ltr'>sed</span> <span class='ocrx_word' id='word_1_326' title='bbox 2039 2103 2214 2158; x_wconf 90' lang='lat' dir='ltr'>etiam</span> <span class='ocrx_word' id='word_1_327' title='bbox 2241 2103 2299 2156; x_wconf 91' lang='lat' dir='ltr'>in</span> <span class='ocrx_word' id='word_1_328' title='bbox 2332 2102 2400 2156; x_wconf 90' lang='lat' dir='ltr'>iis</span> <span class='ocrx_word' id='word_1_329' title='bbox 2431 2102 2528 2173; x_wconf 93' lang='lat' dir='ltr'>qui</span> <span class='ocrx_word' id='word_1_330' title='bbox 2559 2101 2732 2156; x_wconf 92' lang='lat' dir='ltr'>modo</span> <span class='ocrx_word' id='word_1_331' title='bbox 2761 2104 2912 2167; x_wconf 91' lang='lat' dir='ltr'>sunt,</span> <span class='ocrx_word' id='word_1_332' title='bbox 2947 2101 2992 2154; x_wconf 90' lang='lat' dir='ltr'>si</span> <span class='ocrx_word' id='word_1_333' title='bbox 3037 2100 3166 2170; x_wconf 91' lang='lat' dir='ltr'>quis</span> <span class='ocrx_word' id='word_1_334' title='bbox 3208 2099 3382 2170; x_wconf 91' lang='lat' dir='ltr'>(quod</span> <span class='ocrx_word' id='word_1_335' title='bbox 3415 2099 3550 2153; x_wconf 87' lang='lat' dir='ltr'>licet</span> 
     </span>
    </p>
   </div>
   <div class='ocr_carea' id='block_1_47' title="bbox 1915 2194 3547 2267">
    <p class='ocr_par' dir='ltr' id='par_1_47' title="bbox 1915 2194 3547 2267">
     <span class='ocr_line' id='line_1_47' title="bbox 1915 2194 3547 2267; baseline -0.002 -17"><span class='ocrx_word' id='word_1_336' title='bbox 1915 2197 2218 2267; x_wconf 91' lang='lat' dir='ltr'>conjicere)</span> <span class='ocrx_word' id='word_1_337' title='bbox 2252 2195 2324 2249; x_wconf 92' lang='lat' dir='ltr'>de</span> <span class='ocrx_word' id='word_1_338' title='bbox 2355 2195 2525 2249; x_wconf 89' lang='lat' dir='ltr'>certis</span> <span class='ocrx_word' id='word_1_339' title='bbox 2553 2194 2740 2248; x_wconf 91' lang='lat' dir='ltr'>causis</span> <span class='ocrx_word' id='word_1_340' title='bbox 2770 2211 2874 2264; x_wconf 91' lang='lat' dir='ltr'>per</span> <span class='ocrx_word' id='word_1_341' title='bbox 2922 2209 3110 2248; x_wconf 90' lang='lat' dir='ltr'>sacros</span> <span class='ocrx_word' id='word_1_342' title='bbox 3153 2209 3402 2248; x_wconf 87' lang='lat' dir='ltr'>canones</span> <span class='ocrx_word' id='word_1_343' title='bbox 3443 2207 3547 2246; x_wconf 86' lang='lat' dir='ltr'>no-</span> 
     </span>
    </p>
   </div>
   <div class='ocr_carea' id='block_1_48' title="bbox 1915 2285 3544 2360">
    <p class='ocr_par' dir='ltr' id='par_1_48' title="bbox 1915 2285 3544 2360">
     <span class='ocr_line' id='line_1_48' title="bbox 1915 2285 3544 2360; baseline -0.003 -16"><span class='ocrx_word' id='word_1_344' title='bbox 1915 2293 2176 2360; x_wconf 88' lang='lat' dir='ltr'>strasque</span> <span class='ocrx_word' id='word_1_345' title='bbox 2199 2291 2356 2359; x_wconf 85' lang='lat' dir='ltr'>leges</span> <span class='ocrx_word' id='word_1_346' title='bbox 2375 2287 2680 2360; x_wconf 89' lang='lat' dir='ltr'>prohibitis</span> <span class='ocrx_word' id='word_1_347' title='bbox 2700 2290 3014 2342; x_wconf 88' lang='lat' dir='ltr'>accusetur.</span> <span class='ocrx_word' id='word_1_348' title='bbox 3041 2287 3134 2340; x_wconf 84' lang='lat' dir='ltr'>His</span> <span class='ocrx_word' id='word_1_349' title='bbox 3162 2287 3319 2340; x_wconf 90' lang='lat' dir='ltr'>enim</span> <span class='ocrx_word' id='word_1_350' title='bbox 3344 2286 3422 2340; x_wconf 86' lang='lat' dir='ltr'>ita</span> <span class='ocrx_word' id='word_1_351' title='bbox 3444 2285 3544 2340; x_wconf 88' lang='lat' dir='ltr'>ob-</span> 
     </span>
    </p>
   </div>
   <div class='ocr_carea' id='block_1_49' title="bbox 1915 2379 3548 2452">
    <p class='ocr_par' dir='ltr' id='par_1_49' title="bbox 1915 2379 3548 2452">
     <span class='ocr_line' id='line_1_49' title="bbox 1915 2379 3548 2452; baseline -0.003 -16"><span class='ocrx_word' id='word_1_352' title='bbox 1915 2383 2168 2450; x_wconf 88' lang='lat' dir='ltr'>servatis,</span> <span class='ocrx_word' id='word_1_353' title='bbox 2185 2381 2312 2436; x_wconf 89' lang='lat' dir='ltr'>laici</span> <span class='ocrx_word' id='word_1_354' title='bbox 2334 2398 2564 2452; x_wconf 89' lang='lat' dir='ltr'>quoque</span> <span class='ocrx_word' id='word_1_355' title='bbox 2583 2397 2862 2451; x_wconf 89' lang='lat' dir='ltr'>magnum</span> <span class='ocrx_word' id='word_1_356' title='bbox 2883 2380 3032 2434; x_wconf 89' lang='lat' dir='ltr'>circa</span> <span class='ocrx_word' id='word_1_357' title='bbox 3053 2384 3268 2434; x_wconf 88' lang='lat' dir='ltr'>rectam</span> <span class='ocrx_word' id='word_1_358' title='bbox 3290 2379 3464 2432; x_wconf 89' lang='lat' dir='ltr'>ﬁdem</span> <span class='ocrx_word' id='word_1_359' title='bbox 3491 2383 3548 2432; x_wconf 91' lang='lat' dir='ltr'>et</span> 
     </span>
    </p>
   </div>
   <div class='ocr_carea' id='block_1_50' title="bbox 1915 2472 3550 2544">
    <p class='ocr_par' dir='ltr' id='par_1_50' title="bbox 1915 2472 3550 2544">
     <span class='ocr_line' id='line_1_50' title="bbox 1915 2472 3550 2544; baseline -0.003 -14"><span class='ocrx_word' id='word_1_360' title='bbox 1915 2477 2217 2530; x_wconf 90' lang='lat' dir='ltr'>honestam</span> <span class='ocrx_word' id='word_1_361' title='bbox 2246 2475 2420 2528; x_wconf 86' lang='lat' dir='ltr'>vitam</span> <span class='ocrx_word' id='word_1_362' title='bbox 2443 2475 2786 2544; x_wconf 88' lang='lat' dir='ltr'>profectum,</span> <span class='ocrx_word' id='word_1_363' title='bbox 2820 2476 2990 2544; x_wconf 91' lang='lat' dir='ltr'>atque</span> <span class='ocrx_word' id='word_1_364' title='bbox 3025 2473 3082 2527; x_wconf 93' lang='lat' dir='ltr'>in</span> <span class='ocrx_word' id='word_1_365' title='bbox 3113 2472 3321 2526; x_wconf 88' lang='lat' dir='ltr'>melius</span> <span class='ocrx_word' id='word_1_366' title='bbox 3353 2488 3550 2526; x_wconf 89' lang='lat' dir='ltr'>emen-</span> 
     </span>
    </p>
   </div>
   <div class='ocr_carea' id='block_1_51' title="bbox 1915 2565 3544 2640">
    <p class='ocr_par' dir='ltr' id='par_1_51' title="bbox 1915 2565 3544 2640">
     <span class='ocr_line' id='line_1_51' title="bbox 1915 2565 3544 2640; baseline -0.003 -17"><span class='ocrx_word' id='word_1_367' title='bbox 1915 2569 2207 2624; x_wconf 89' lang='lat' dir='ltr'>dationem</span> <span class='ocrx_word' id='word_1_368' title='bbox 2229 2567 2730 2640; x_wconf 90' lang='lat' dir='ltr'>promerebuntur.</span> <span class='ocrx_word' id='word_1_369' title='bbox 2744 2566 2831 2620; x_wconf 81' lang='lat' dir='ltr'>Ad</span> <span class='ocrx_word' id='word_1_370' title='bbox 2849 2565 3251 2636; x_wconf 61' lang='lat' dir='ltr'>hiecjubemus</span> <span class='ocrx_word' id='word_1_371' title='bbox 3263 2569 3324 2619; x_wconf 95' lang='lat' dir='ltr'>ut</span> <span class='ocrx_word' id='word_1_372' title='bbox 3340 2581 3544 2619; x_wconf 91' lang='lat' dir='ltr'>omnes</span> 
     </span>
    </p>
   </div>
   <div class='ocr_carea' id='block_1_52' title="bbox 1915 2657 3544 2733">
    <p class='ocr_par' dir='ltr' id='par_1_52' title="bbox 1915 2657 3544 2733">
     <span class='ocr_line' id='line_1_52' title="bbox 1915 2657 3544 2733; baseline -0.003 -17"><span class='ocrx_word' id='word_1_373' title='bbox 1915 2662 2166 2733; x_wconf 88' lang='lat' dir='ltr'>episcopi</span> <span class='ocrx_word' id='word_1_374' title='bbox 2190 2661 2405 2733; x_wconf 90' lang='lat' dir='ltr'>pariter</span> <span class='ocrx_word' id='word_1_375' title='bbox 2437 2665 2494 2714; x_wconf 91' lang='lat' dir='ltr'>et</span> <span class='ocrx_word' id='word_1_376' title='bbox 2523 2659 2842 2731; x_wconf 83' lang='lat' dir='ltr'>presbyteri</span> <span class='ocrx_word' id='word_1_377' title='bbox 2872 2676 2990 2713; x_wconf 87' lang='lat' dir='ltr'>non</span> <span class='ocrx_word' id='word_1_378' title='bbox 3008 2659 3181 2712; x_wconf 89' lang='lat' dir='ltr'>tacito</span> <span class='ocrx_word' id='word_1_379' title='bbox 3213 2658 3412 2725; x_wconf 91' lang='lat' dir='ltr'>modo,</span> <span class='ocrx_word' id='word_1_380' title='bbox 3443 2657 3544 2711; x_wconf 91' lang='lat' dir='ltr'>sed</span> 
     </span>
    </p>
   </div>
   <div class='ocr_carea' id='block_1_53' title="bbox 1913 2751 3546 2825">
    <p class='ocr_par' dir='ltr' id='par_1_53' title="bbox 1913 2751 3546 2825">
     <span class='ocr_line' id='line_1_53' title="bbox 1913 2751 3546 2825; baseline -0.004 -15"><span class='ocrx_word' id='word_1_381' title='bbox 1913 2757 2066 2810; x_wconf 90' lang='lat' dir='ltr'>clara</span> <span class='ocrx_word' id='word_1_382' title='bbox 2095 2771 2252 2820; x_wconf 89' lang='lat' dir='ltr'>voce,</span> <span class='ocrx_word' id='word_1_383' title='bbox 2287 2771 2414 2825; x_wconf 62' lang='lat' dir='ltr'>quae</span> <span class='ocrx_word' id='word_1_384' title='bbox 2445 2770 2479 2807; x_wconf 92' lang='lat' dir='ltr'>a</span> <span class='ocrx_word' id='word_1_385' title='bbox 2515 2753 2671 2807; x_wconf 91' lang='lat' dir='ltr'>ﬁdeli</span> <span class='ocrx_word' id='word_1_386' title='bbox 2696 2753 2910 2824; x_wconf 90' lang='lat' dir='ltr'>populo</span> <span class='ocrx_word' id='word_1_387' title='bbox 2943 2751 3298 2818; x_wconf 90' lang='lat' dir='ltr'>exaudiatur,</span> <span class='ocrx_word' id='word_1_388' title='bbox 3322 2767 3546 2805; x_wconf 87' lang='lat' dir='ltr'>sacram</span> 
     </span>
    </p>
   </div>
   <div class='ocr_carea' id='block_1_54' title="bbox 1916 2843 3546 2918">
    <p class='ocr_par' dir='ltr' id='par_1_54' title="bbox 1916 2843 3546 2918">
     <span class='ocr_line' id='line_1_54' title="bbox 1916 2843 3546 2918; baseline -0.004 -16"><span class='ocrx_word' id='word_1_389' title='bbox 1916 2847 2268 2902; x_wconf 89' lang='lat' dir='ltr'>oblationem</span> <span class='ocrx_word' id='word_1_390' title='bbox 2298 2851 2357 2900; x_wconf 91' lang='lat' dir='ltr'>et</span> <span class='ocrx_word' id='word_1_391' title='bbox 2383 2863 2583 2918; x_wconf 88' lang='lat' dir='ltr'>preces</span> <span class='ocrx_word' id='word_1_392' title='bbox 2603 2845 2662 2899; x_wconf 91' lang='lat' dir='ltr'>in</span> <span class='ocrx_word' id='word_1_393' title='bbox 2681 2849 2878 2900; x_wconf 89' lang='lat' dir='ltr'>sancto</span> <span class='ocrx_word' id='word_1_394' title='bbox 2899 2845 3240 2916; x_wconf 86' lang='lat' dir='ltr'>baptismate</span> <span class='ocrx_word' id='word_1_395' title='bbox 3263 2843 3546 2898; x_wconf 91' lang='lat' dir='ltr'>adhibitas</span> 
     </span>
    </p>
   </div>
   <div class='ocr_carea' id='block_1_55' title="bbox 1915 2937 3550 3011">
    <p class='ocr_par' dir='ltr' id='par_1_55' title="bbox 1915 2937 3550 3011">
     <span class='ocr_line' id='line_1_55' title="bbox 1915 2937 3550 3011; baseline -0.003 -16"><span class='ocrx_word' id='word_1_396' title='bbox 1915 2941 2224 3008; x_wconf 89' lang='lat' dir='ltr'>celebrent,</span> <span class='ocrx_word' id='word_1_397' title='bbox 2259 2957 2372 3011; x_wconf 91' lang='lat' dir='ltr'>quo</span> <span class='ocrx_word' id='word_1_398' title='bbox 2401 2939 2623 3010; x_wconf 89' lang='lat' dir='ltr'>majore</span> <span class='ocrx_word' id='word_1_399' title='bbox 2663 2937 2864 2992; x_wconf 83' lang='lat' dir='ltr'>exinde</span> <span class='ocrx_word' id='word_1_400' title='bbox 2899 2938 3200 2992; x_wconf 87' lang='lat' dir='ltr'>devotione</span> <span class='ocrx_word' id='word_1_401' title='bbox 3245 2937 3303 2991; x_wconf 92' lang='lat' dir='ltr'>in</span> <span class='ocrx_word' id='word_1_402' title='bbox 3341 2937 3550 3006; x_wconf 80' lang='lat' dir='ltr'>depro~</span> 
     </span>
    </p>
   </div>
   <div class='ocr_carea' id='block_1_56' title="bbox 190 3029 3544 3104">
    <p class='ocr_par' dir='ltr' id='par_1_56' title="bbox 190 3029 3544 3104">
     <span class='ocr_line' id='line_1_56' title="bbox 190 3029 3544 3104; baseline -0 -20"><span class='ocrx_word' id='word_1_403' title='bbox 190 3031 518 3103; x_wconf 87' lang='lat' dir='ltr'>episcopatu</span> <span class='ocrx_word' id='word_1_404' title='bbox 539 3031 922 3102; x_wconf 89' lang='lat' dir='ltr'>depelluntor,</span> <span class='ocrx_word' id='word_1_405' title='bbox 959 3033 1053 3086; x_wconf 90' lang='lat' dir='ltr'>alii</span> <span class='ocrx_word' id='word_1_406' title='bbox 1077 3038 1269 3088; x_wconf 91' lang='lat' dir='ltr'>autem</span> <span class='ocrx_word' id='word_1_407' title='bbox 1288 3033 1558 3088; x_wconf 91' lang='lat' dir='ltr'>meliores</span> <span class='ocrx_word' id='word_1_408' title='bbox 1576 3033 1635 3087; x_wconf 89' lang='lat' dir='ltr'>in</span> <span class='ocrx_word' id='word_1_409' title='bbox 1661 3033 1813 3104; x_wconf 88' lang='lat' dir='ltr'>ipso-</span> <span class='ocrx_word' id='word_1_410' title='bbox 1873 3034 2144 3088; x_wconf 53' lang='lat' dir='ltr'>tmendis</span> <span class='ocrx_word' id='word_1_411' title='bbox 2171 3033 2398 3088; x_wconf 89' lang='lat' dir='ltr'>Domini</span> <span class='ocrx_word' id='word_1_412' title='bbox 2425 3032 2523 3087; x_wconf 91' lang='lat' dir='ltr'>Dei</span> <span class='ocrx_word' id='word_1_413' title='bbox 2543 3031 2810 3086; x_wconf 91' lang='lat' dir='ltr'>laudibus</span> <span class='ocrx_word' id='word_1_414' title='bbox 2831 3031 3190 3085; x_wconf 90' lang='lat' dir='ltr'>audientium</span> <span class='ocrx_word' id='word_1_415' title='bbox 3211 3029 3390 3084; x_wconf 90' lang='lat' dir='ltr'>animi</span> <span class='ocrx_word' id='word_1_416' title='bbox 3409 3029 3544 3084; x_wconf 77' lang='lat' dir='ltr'>eﬁ‘e-</span> 
     </span>
    </p>
   </div>
   <div class='ocr_carea' id='block_1_57' title="bbox 189 3125 1810 3198">
    <p class='ocr_par' dir='ltr' id='par_1_57' title="bbox 189 3125 1810 3198">
     <span class='ocr_line' id='line_1_57' title="bbox 189 3125 1810 3198; baseline 0.002 -21"><span class='ocrx_word' id='word_1_417' title='bbox 189 3140 313 3178; x_wconf 86' lang='lat' dir='ltr'>rum</span> <span class='ocrx_word' id='word_1_418' title='bbox 343 3126 535 3180; x_wconf 88' lang='lat' dir='ltr'>locum</span> <span class='ocrx_word' id='word_1_419' title='bbox 565 3125 905 3180; x_wconf 89' lang='lat' dir='ltr'>ordinantor</span> <span class='ocrx_word' id='word_1_420' title='bbox 935 3141 1041 3196; x_wconf 89' lang='lat' dir='ltr'>pro</span> <span class='ocrx_word' id='word_1_421' title='bbox 1079 3129 1280 3180; x_wconf 90' lang='lat' dir='ltr'>tenore</span> <span class='ocrx_word' id='word_1_422' title='bbox 1309 3127 1610 3198; x_wconf 80' lang='lat' dir='ltr'>praesentis</span> <span class='ocrx_word' id='word_1_423' title='bbox 1650 3127 1810 3197; x_wconf 88' lang='lat' dir='ltr'>legis.</span> 
     </span>
    </p>
   </div>
   <div class='ocr_carea' id='block_1_58' title="bbox 191 3217 1814 3290">
    <p class='ocr_par' dir='ltr' id='par_1_58' title="bbox 191 3217 1814 3290">
     <span class='ocr_line' id='line_1_58' title="bbox 191 3217 1814 3290; baseline 0.001 -18"><span class='ocrx_word' id='word_1_424' title='bbox 191 3217 401 3272; x_wconf 88' lang='lat' dir='ltr'>Eodem</span> <span class='ocrx_word' id='word_1_425' title='bbox 441 3219 550 3272; x_wconf 92' lang='lat' dir='ltr'>hoc</span> <span class='ocrx_word' id='word_1_426' title='bbox 591 3218 898 3273; x_wconf 88' lang='lat' dir='ltr'>obtenturo</span> <span class='ocrx_word' id='word_1_427' title='bbox 943 3223 1001 3273; x_wconf 92' lang='lat' dir='ltr'>et</span> <span class='ocrx_word' id='word_1_428' title='bbox 1039 3219 1098 3272; x_wconf 91' lang='lat' dir='ltr'>in</span> <span class='ocrx_word' id='word_1_429' title='bbox 1148 3219 1386 3286; x_wconf 90' lang='lat' dir='ltr'>clericis,</span> <span class='ocrx_word' id='word_1_430' title='bbox 1427 3219 1814 3290; x_wconf 91' lang='lat' dir='ltr'>cujuscunque</span> 
     </span>
    </p>
   </div>
   <div class='ocr_carea' id='block_1_59' title="bbox 189 3310 1817 3383">
    <p class='ocr_par' dir='ltr' id='par_1_59' title="bbox 189 3310 1817 3383">
     <span class='ocr_line' id='line_1_59' title="bbox 189 3310 1817 3383; baseline 0.001 -19"><span class='ocrx_word' id='word_1_431' title='bbox 189 3310 398 3380; x_wconf 90' lang='lat' dir='ltr'>gradus</span> <span class='ocrx_word' id='word_1_432' title='bbox 423 3312 639 3366; x_wconf 88' lang='lat' dir='ltr'>fuerint</span> <span class='ocrx_word' id='word_1_433' title='bbox 663 3328 763 3366; x_wconf 93' lang='lat' dir='ltr'>seu</span> <span class='ocrx_word' id='word_1_434' title='bbox 787 3312 1112 3366; x_wconf 89' lang='lat' dir='ltr'>ministerii.</span> <span class='ocrx_word' id='word_1_435' title='bbox 1143 3311 1286 3376; x_wconf 85' lang='lat' dir='ltr'>Quia</span> <span class='ocrx_word' id='word_1_436' title='bbox 1315 3329 1449 3366; x_wconf 92' lang='lat' dir='ltr'>vero</span> <span class='ocrx_word' id='word_1_437' title='bbox 1483 3312 1638 3383; x_wconf 90' lang='lat' dir='ltr'>quod</span> <span class='ocrx_word' id='word_1_438' title='bbox 1669 3329 1703 3366; x_wconf 89' lang='lat' dir='ltr'>a</span> <span class='ocrx_word' id='word_1_439' title='bbox 1733 3330 1817 3366; x_wconf 89' lang='lat' dir='ltr'>sa-</span> 
     </span>
    </p>
   </div>
   <div class='ocr_carea' id='block_1_60' title="bbox 189 3403 1814 3478">
    <p class='ocr_par' dir='ltr' id='par_1_60' title="bbox 189 3403 1814 3478">
     <span class='ocr_line' id='line_1_60' title="bbox 189 3403 1814 3478; baseline 0.002 -21"><span class='ocrx_word' id='word_1_440' title='bbox 189 3403 291 3458; x_wconf 89' lang='lat' dir='ltr'>cris</span> <span class='ocrx_word' id='word_1_441' title='bbox 311 3405 532 3459; x_wconf 91' lang='lat' dir='ltr'>dictum</span> <span class='ocrx_word' id='word_1_442' title='bbox 549 3408 635 3459; x_wconf 92' lang='lat' dir='ltr'>est</span> <span class='ocrx_word' id='word_1_443' title='bbox 650 3405 967 3460; x_wconf 87' lang='lat' dir='ltr'>canonibus</span> <span class='ocrx_word' id='word_1_444' title='bbox 983 3405 1054 3459; x_wconf 92' lang='lat' dir='ltr'>de</span> <span class='ocrx_word' id='word_1_445' title='bbox 1083 3405 1574 3460; x_wconf 89' lang='lat' dir='ltr'>sanctissimorum</span> <span class='ocrx_word' id='word_1_446' title='bbox 1597 3407 1814 3478; x_wconf 57' lang='lat' dir='ltr'>episcoc</span> 
     </span>
    </p>
   </div>
   <div class='ocr_carea' id='block_1_61' title="bbox 188 3499 1820 3570">
    <p class='ocr_par' dir='ltr' id='par_1_61' title="bbox 188 3499 1820 3570">
     <span class='ocr_line' id='line_1_61' title="bbox 188 3499 1820 3570; baseline 0.001 -18"><span class='ocrx_word' id='word_1_447' title='bbox 188 3513 391 3568; x_wconf 90' lang='lat' dir='ltr'>porum</span> <span class='ocrx_word' id='word_1_448' title='bbox 427 3499 676 3570; x_wconf 90' lang='lat' dir='ltr'>synodis,</span> <span class='ocrx_word' id='word_1_449' title='bbox 718 3515 845 3570; x_wconf 73' lang='lat' dir='ltr'>quae</span> <span class='ocrx_word' id='word_1_450' title='bbox 876 3515 979 3570; x_wconf 91' lang='lat' dir='ltr'>per</span> <span class='ocrx_word' id='word_1_451' title='bbox 1013 3499 1265 3570; x_wconf 88' lang='lat' dir='ltr'>singulas</span> <span class='ocrx_word' id='word_1_452' title='bbox 1295 3499 1574 3554; x_wconf 88' lang='lat' dir='ltr'>celebrari</span> <span class='ocrx_word' id='word_1_453' title='bbox 1603 3499 1820 3554; x_wconf 90' lang='lat' dir='ltr'>debent</span> 
     </span>
    </p>
   </div>
   <div class='ocr_carea' id='block_1_62' title="bbox 188 3591 1817 3663">
    <p class='ocr_par' dir='ltr' id='par_1_62' title="bbox 188 3591 1817 3663">
     <span class='ocr_line' id='line_1_62' title="bbox 188 3591 1817 3663; baseline 0.002 -19"><span class='ocrx_word' id='word_1_454' title='bbox 188 3591 524 3660; x_wconf 90' lang='lat' dir='ltr'>provincias,</span> <span class='ocrx_word' id='word_1_455' title='bbox 557 3591 852 3663; x_wconf 89' lang='lat' dir='ltr'>hucusque</span> <span class='ocrx_word' id='word_1_456' title='bbox 889 3593 1254 3648; x_wconf 89' lang='lat' dir='ltr'>observatum</span> <span class='ocrx_word' id='word_1_457' title='bbox 1284 3609 1401 3647; x_wconf 90' lang='lat' dir='ltr'>non</span> <span class='ocrx_word' id='word_1_458' title='bbox 1435 3596 1541 3660; x_wconf 90' lang='lat' dir='ltr'>est,</span> <span class='ocrx_word' id='word_1_459' title='bbox 1567 3593 1817 3647; x_wconf 83' lang='lat' dir='ltr'>maxime</span> 
     </span>
    </p>
   </div>
   <div class='ocr_carea' id='block_1_63' title="bbox 189 3684 1815 3742">
    <p class='ocr_par' dir='ltr' id='par_1_63' title="bbox 189 3684 1815 3742">
     <span class='ocr_line' id='line_1_63' title="bbox 189 3684 1815 3742; baseline 0.001 -4"><span class='ocrx_word' id='word_1_460' title='bbox 189 3684 572 3739; x_wconf 85' lang='lat' dir='ltr'>necessarium</span> <span class='ocrx_word' id='word_1_461' title='bbox 601 3685 774 3739; x_wconf 87' lang='lat' dir='ltr'>fuerit</span> <span class='ocrx_word' id='word_1_462' title='bbox 803 3685 874 3740; x_wconf 92' lang='lat' dir='ltr'>ad</span> <span class='ocrx_word' id='word_1_463' title='bbox 903 3689 1120 3740; x_wconf 89' lang='lat' dir='ltr'>rectam</span> <span class='ocrx_word' id='word_1_464' title='bbox 1157 3685 1216 3740; x_wconf 92' lang='lat' dir='ltr'>id</span> <span class='ocrx_word' id='word_1_465' title='bbox 1246 3685 1437 3742; x_wconf 91' lang='lat' dir='ltr'>denuo</span> <span class='ocrx_word' id='word_1_466' title='bbox 1462 3686 1615 3740; x_wconf 91' lang='lat' dir='ltr'>viam</span> <span class='ocrx_word' id='word_1_467' title='bbox 1644 3685 1815 3740; x_wconf 90' lang='lat' dir='ltr'>redu-</span> 
     </span>
    </p>
   </div>
   <div class='ocr_carea' id='block_1_64' title="bbox 190 3777 1821 3850">
    <p class='ocr_par' dir='ltr' id='par_1_64' title="bbox 190 3777 1821 3850">
     <span class='ocr_line' id='line_1_64' title="bbox 190 3777 1821 3850; baseline 0.001 -19"><span class='ocrx_word' id='word_1_468' title='bbox 190 3792 336 3834; x_wconf 87' lang='lat' dir='ltr'>cere.</span> <span class='ocrx_word' id='word_1_469' title='bbox 369 3780 453 3833; x_wconf 79' lang='lat' dir='ltr'>Ac</span> <span class='ocrx_word' id='word_1_470' title='bbox 483 3777 664 3832; x_wconf 89' lang='lat' dir='ltr'>sancti</span> <span class='ocrx_word' id='word_1_471' title='bbox 691 3777 928 3849; x_wconf 90' lang='lat' dir='ltr'>quidem</span> <span class='ocrx_word' id='word_1_472' title='bbox 963 3779 1206 3850; x_wconf 86' lang='lat' dir='ltr'>apostoli</span> <span class='ocrx_word' id='word_1_473' title='bbox 1253 3783 1312 3834; x_wconf 91' lang='lat' dir='ltr'>et</span> <span class='ocrx_word' id='word_1_474' title='bbox 1347 3781 1544 3834; x_wconf 89' lang='lat' dir='ltr'>Patres</span> <span class='ocrx_word' id='word_1_475' title='bbox 1584 3779 1821 3834; x_wconf 81' lang='lat' dir='ltr'>deﬁnie-</span> 
     </span>
    </p>
   </div>
   <div class='ocr_carea' id='block_1_65' title="bbox 189 3871 1817 3944">
    <p class='ocr_par' dir='ltr' id='par_1_65' title="bbox 189 3871 1817 3944">
     <span class='ocr_line' id='line_1_65' title="bbox 189 3871 1817 3944; baseline 0.001 -19"><span class='ocrx_word' id='word_1_476' title='bbox 189 3874 320 3926; x_wconf 91' lang='lat' dir='ltr'>runt</span> <span class='ocrx_word' id='word_1_477' title='bbox 350 3876 415 3926; x_wconf 91' lang='lat' dir='ltr'>ut</span> <span class='ocrx_word' id='word_1_478' title='bbox 433 3871 518 3926; x_wconf 89' lang='lat' dir='ltr'>bis</span> <span class='ocrx_word' id='word_1_479' title='bbox 539 3888 643 3942; x_wconf 93' lang='lat' dir='ltr'>per</span> <span class='ocrx_word' id='word_1_480' title='bbox 664 3871 920 3943; x_wconf 90' lang='lat' dir='ltr'>singulos</span> <span class='ocrx_word' id='word_1_481' title='bbox 937 3889 1121 3927; x_wconf 89' lang='lat' dir='ltr'>annos</span> <span class='ocrx_word' id='word_1_482' title='bbox 1140 3873 1700 3944; x_wconf 89' lang='lat' dir='ltr'>religiosissimorum</span> <span class='ocrx_word' id='word_1_483' title='bbox 1729 3889 1817 3926; x_wconf 91' lang='lat' dir='ltr'>sa-</span> 
     </span>
    </p>
   </div>
   <div class='ocr_carea' id='block_1_66' title="bbox 189 3965 1820 4038">
    <p class='ocr_par' dir='ltr' id='par_1_66' title="bbox 189 3965 1820 4038">
     <span class='ocr_line' id='line_1_66' title="bbox 189 3965 1820 4038; baseline 0.001 -20"><span class='ocrx_word' id='word_1_484' title='bbox 189 3965 486 4021; x_wconf 87' lang='lat' dir='ltr'>cerdotum</span> <span class='ocrx_word' id='word_1_485' title='bbox 507 3981 606 4020; x_wconf 93' lang='lat' dir='ltr'>seu</span> <span class='ocrx_word' id='word_1_486' title='bbox 627 3965 1027 4037; x_wconf 89' lang='lat' dir='ltr'>episcoporum</span> <span class='ocrx_word' id='word_1_487' title='bbox 1049 3966 1108 4020; x_wconf 95' lang='lat' dir='ltr'>in</span> <span class='ocrx_word' id='word_1_488' title='bbox 1123 3982 1349 4038; x_wconf 91' lang='lat' dir='ltr'>quaque</span> <span class='ocrx_word' id='word_1_489' title='bbox 1365 3967 1660 4038; x_wconf 88' lang='lat' dir='ltr'>provincia</span> <span class='ocrx_word' id='word_1_490' title='bbox 1678 3967 1820 4021; x_wconf 85' lang='lat' dir='ltr'>cele-</span> 
     </span>
    </p>
   </div>
   <div class='ocr_carea' id='block_1_67' title="bbox 188 4056 1821 4131">
    <p class='ocr_par' dir='ltr' id='par_1_67' title="bbox 188 4056 1821 4131">
     <span class='ocr_line' id='line_1_67' title="bbox 188 4056 1821 4131; baseline 0.001 -19"><span class='ocrx_word' id='word_1_491' title='bbox 188 4056 494 4114; x_wconf 88' lang='lat' dir='ltr'>brarentur</span> <span class='ocrx_word' id='word_1_492' title='bbox 521 4059 746 4130; x_wconf 87' lang='lat' dir='ltr'>synodi,</span> <span class='ocrx_word' id='word_1_493' title='bbox 785 4063 843 4113; x_wconf 92' lang='lat' dir='ltr'>et</span> <span class='ocrx_word' id='word_1_494' title='bbox 866 4076 994 4131; x_wconf 65' lang='lat' dir='ltr'>quas</span> <span class='ocrx_word' id='word_1_495' title='bbox 1023 4061 1498 4131; x_wconf 88' lang='lat' dir='ltr'>suppullularent,</span> <span class='ocrx_word' id='word_1_496' title='bbox 1531 4059 1821 4114; x_wconf 83' lang='lat' dir='ltr'>examina-</span> 
     </span>
    </p>
   </div>
   <div class='ocr_carea' id='block_1_68' title="bbox 190 4153 1821 4224">
    <p class='ocr_par' dir='ltr' id='par_1_68' title="bbox 190 4153 1821 4224">
     <span class='ocr_line' id='line_1_68' title="bbox 190 4153 1821 4224; baseline 0.001 -19"><span class='ocrx_word' id='word_1_497' title='bbox 190 4156 406 4221; x_wconf 90' lang='lat' dir='ltr'>rentur,</span> <span class='ocrx_word' id='word_1_498' title='bbox 443 4153 879 4224; x_wconf 90' lang='lat' dir='ltr'>potirenturque</span> <span class='ocrx_word' id='word_1_499' title='bbox 905 4153 1258 4224; x_wconf 91' lang='lat' dir='ltr'>competenti</span> <span class='ocrx_word' id='word_1_500' title='bbox 1289 4153 1643 4208; x_wconf 86' lang='lat' dir='ltr'>correctione</span> <span class='ocrx_word' id='word_1_501' title='bbox 1670 4170 1682 4207; x_wconf 94' lang='lat'><strong>:</strong></span> <span class='ocrx_word' id='word_1_502' title='bbox 1712 4153 1821 4208; x_wconf 89' lang='lat' dir='ltr'>hoc</span> 
     </span>
    </p>
   </div>
   <div class='ocr_carea' id='block_1_69' title="bbox 191 4246 1816 4318">
    <p class='ocr_par' dir='ltr' id='par_1_69' title="bbox 191 4246 1816 4318">
     <span class='ocr_line' id='line_1_69' title="bbox 191 4246 1816 4318; baseline 0.001 -20"><span class='ocrx_word' id='word_1_503' title='bbox 191 4249 274 4299; x_wconf 89' lang='lat' dir='ltr'>est</span> <span class='ocrx_word' id='word_1_504' title='bbox 311 4248 497 4301; x_wconf 90' lang='lat' dir='ltr'>altera</span> <span class='ocrx_word' id='word_1_505' title='bbox 521 4246 757 4318; x_wconf 90' lang='lat' dir='ltr'>quidem</span> <span class='ocrx_word' id='word_1_506' title='bbox 797 4251 997 4318; x_wconf 88' lang='lat' dir='ltr'>quarta</span> <span class='ocrx_word' id='word_1_507' title='bbox 1038 4247 1176 4302; x_wconf 85' lang='lat' dir='ltr'>feria</span> <span class='ocrx_word' id='word_1_508' title='bbox 1208 4252 1412 4302; x_wconf 63' lang='lat' dir='ltr'>sanctas</span> <span class='ocrx_word' id='word_1_509' title='bbox 1448 4249 1816 4316; x_wconf 86' lang='lat' dir='ltr'>Pentecostes,</span> 
     </span>
    </p>
   </div>
   <div class='ocr_carea' id='block_1_70' title="bbox 190 4339 1822 4412">
    <p class='ocr_par' dir='ltr' id='par_1_70' title="bbox 190 4339 1822 4412">
     <span class='ocr_line' id='line_1_70' title="bbox 190 4339 1822 4412; baseline 0.001 -19"><span class='ocrx_word' id='word_1_510' title='bbox 190 4339 363 4394; x_wconf 87' lang='lat' dir='ltr'>altera</span> <span class='ocrx_word' id='word_1_511' title='bbox 388 4356 538 4405; x_wconf 34' lang='lat' dir='ltr'>,vero</span> <span class='ocrx_word' id='word_1_512' title='bbox 567 4340 627 4394; x_wconf 91' lang='lat' dir='ltr'>in</span> <span class='ocrx_word' id='word_1_513' title='bbox 655 4357 854 4396; x_wconf 90' lang='lat' dir='ltr'>mense</span> <span class='ocrx_word' id='word_1_514' title='bbox 890 4341 1239 4412; x_wconf 89' lang='lat' dir='ltr'>Septembri.</span> <span class='ocrx_word' id='word_1_515' title='bbox 1274 4343 1385 4396; x_wconf 90' lang='lat' dir='ltr'>Nos</span> <span class='ocrx_word' id='word_1_516' title='bbox 1409 4344 1602 4396; x_wconf 91' lang='lat' dir='ltr'>autem</span> <span class='ocrx_word' id='word_1_517' title='bbox 1625 4357 1691 4395; x_wconf 84' lang='lat' dir='ltr'>ex</span> <span class='ocrx_word' id='word_1_518' title='bbox 1720 4341 1822 4394; x_wconf 89' lang='lat' dir='ltr'>hu-</span> 
     </span>
    </p>
   </div>
   <div class='ocr_carea' id='block_1_71' title="bbox 184 4429 1820 4506">
    <p class='ocr_par' dir='ltr' id='par_1_71' title="bbox 184 4429 1820 4506">
     <span class='ocr_line' id='line_1_71' title="bbox 184 4429 1820 4506; baseline 0.001 -21"><span class='ocrx_word' id='word_1_519' title='bbox 184 4429 808 4505; x_wconf 89' lang='lat' dir='ltr'>jusmodinegligentia</span> <span class='ocrx_word' id='word_1_520' title='bbox 825 4435 1039 4490; x_wconf 90' lang='lat' dir='ltr'>multos</span> <span class='ocrx_word' id='word_1_521' title='bbox 1058 4435 1228 4490; x_wconf 88' lang='lat' dir='ltr'>variis</span> <span class='ocrx_word' id='word_1_522' title='bbox 1250 4434 1556 4506; x_wconf 90' lang='lat' dir='ltr'>implicitos</span> <span class='ocrx_word' id='word_1_523' title='bbox 1576 4432 1820 4505; x_wconf 89' lang='lat' dir='ltr'>peccatis</span> 
     </span>
    </p>
   </div>
   <div class='ocr_carea' id='block_1_72' title="bbox 191 4523 1820 4598">
    <p class='ocr_par' dir='ltr' id='par_1_72' title="bbox 191 4523 1820 4598">
     <span class='ocr_line' id='line_1_72' title="bbox 191 4523 1820 4598; baseline 0 -19"><span class='ocrx_word' id='word_1_524' title='bbox 191 4523 596 4595; x_wconf 86' lang='lat' dir='ltr'>invenerimus,</span> <span class='ocrx_word' id='word_1_525' title='bbox 611 4527 882 4598; x_wconf 88' lang='lat' dir='ltr'>jubemus</span> <span class='ocrx_word' id='word_1_526' title='bbox 911 4532 974 4582; x_wconf 91' lang='lat' dir='ltr'>ut</span> <span class='ocrx_word' id='word_1_527' title='bbox 999 4529 1264 4583; x_wconf 89' lang='lat' dir='ltr'>omnibus</span> <span class='ocrx_word' id='word_1_528' title='bbox 1289 4528 1478 4582; x_wconf 91' lang='lat' dir='ltr'>modis</span> <span class='ocrx_word' id='word_1_529' title='bbox 1506 4527 1563 4582; x_wconf 90' lang='lat' dir='ltr'>in</span> <span class='ocrx_word' id='word_1_530' title='bbox 1591 4543 1820 4598; x_wconf 91' lang='lat' dir='ltr'>quaque</span> 
     </span>
    </p>
   </div>
   <div class='ocr_carea' id='block_1_73' title="bbox 1837 3266 1892 3340">
    <p class='ocr_par' dir='ltr' id='par_1_73' title="bbox 1837 3266 1892 3340">
     <span class='ocr_line' id='line_1_73' title="bbox 1837 3266 1892 3340; baseline 0 0"><span class='ocrx_word' id='word_1_531' title='bbox 1837 3266 1892 3340; x_wconf 88' lang='lat' dir='ltr'>C</span> 
     </span>
    </p>
   </div>
   <div class='ocr_carea' id='block_1_74' title="bbox 1915 3123 3547 3195">
    <p class='ocr_par' dir='ltr' id='par_1_74' title="bbox 1915 3123 3547 3195">
     <span class='ocr_line' id='line_1_74' title="bbox 1915 3123 3547 3195; baseline -0.004 -13"><span class='ocrx_word' id='word_1_532' title='bbox 1915 3131 2134 3182; x_wconf 89' lang='lat' dir='ltr'>rantur.</span> <span class='ocrx_word' id='word_1_533' title='bbox 2168 3129 2250 3181; x_wconf 85' lang='lat' dir='ltr'>ita</span> <span class='ocrx_word' id='word_1_534' title='bbox 2281 3127 2440 3181; x_wconf 88' lang='lat' dir='ltr'>enim</span> <span class='ocrx_word' id='word_1_535' title='bbox 2471 3129 2529 3180; x_wconf 91' lang='lat' dir='ltr'>et</span> <span class='ocrx_word' id='word_1_536' title='bbox 2559 3124 2721 3179; x_wconf 90' lang='lat' dir='ltr'>divus</span> <span class='ocrx_word' id='word_1_537' title='bbox 2748 3125 3047 3195; x_wconf 86' lang='lat' dir='ltr'>Apostolus</span> <span class='ocrx_word' id='word_1_538' title='bbox 3068 3124 3252 3192; x_wconf 89' lang='lat' dir='ltr'>docet,</span> <span class='ocrx_word' id='word_1_539' title='bbox 3273 3123 3468 3177; x_wconf 89' lang='lat' dir='ltr'>dicens</span> <span class='ocrx_word' id='word_1_540' title='bbox 3489 3123 3547 3176; x_wconf 92' lang='lat' dir='ltr'>in</span> 
     </span>
    </p>
   </div>
   <div class='ocr_carea' id='block_1_75' title="bbox 1916 3217 3550 3292">
    <p class='ocr_par' dir='ltr' id='par_1_75' title="bbox 1916 3217 3550 3292">
     <span class='ocr_line' id='line_1_75' title="bbox 1916 3217 3550 3292; baseline -0.002 -18"><span class='ocrx_word' id='word_1_541' title='bbox 1916 3221 2106 3292; x_wconf 88' lang='lat' dir='ltr'>prima</span> <span class='ocrx_word' id='word_1_542' title='bbox 2124 3221 2198 3274; x_wconf 91' lang='lat' dir='ltr'>ad</span> <span class='ocrx_word' id='word_1_543' title='bbox 2233 3219 2560 3277; x_wconf 88' lang='lat' dir='ltr'>Corinthios</span> <span class='ocrx_word' id='word_1_544' title='bbox 2585 3219 2870 3289; x_wconf 90' lang='lat' dir='ltr'>Epistola:</span> <span class='ocrx_word' id='word_1_545' title='bbox 2905 3217 3071 3272; x_wconf 89' lang='lat' dir='ltr'>Enim</span> <span class='ocrx_word' id='word_1_546' title='bbox 3092 3234 3224 3272; x_wconf 86' lang='lat' dir='ltr'>vero</span> <span class='ocrx_word' id='word_1_547' title='bbox 3257 3217 3301 3270; x_wconf 89' lang='lat' dir='ltr'>si</span> <span class='ocrx_word' id='word_1_548' title='bbox 3343 3217 3550 3271; x_wconf 56' lang='lat' dir='ltr'>solum.</span> 
     </span>
    </p>
   </div>
   <div class='ocr_carea' id='block_1_76' title="bbox 1916 3310 3548 3382">
    <p class='ocr_par' dir='ltr' id='par_1_76' title="bbox 1916 3310 3548 3382">
     <span class='ocr_line' id='line_1_76' title="bbox 1916 3310 3548 3382; baseline -0.002 -14"><span class='ocrx_word' id='word_1_549' title='bbox 1916 3314 2091 3368; x_wconf 92' lang='lat' dir='ltr'>modo</span> <span class='ocrx_word' id='word_1_550' title='bbox 2125 3313 2434 3368; x_wconf 83' lang='lat' dir='ltr'>benedicas</span> <span class='ocrx_word' id='word_1_551' title='bbox 2474 3311 3000 3382; x_wconf 88' lang='lat' dir='ltr'>spiritu,quomodo</span> <span class='ocrx_word' id='word_1_552' title='bbox 3017 3311 3111 3382; x_wconf 92' lang='lat' dir='ltr'>qui</span> <span class='ocrx_word' id='word_1_553' title='bbox 3137 3310 3340 3381; x_wconf 88' lang='lat' dir='ltr'>privati</span> <span class='ocrx_word' id='word_1_554' title='bbox 3360 3311 3548 3364; x_wconf 91' lang='lat' dir='ltr'>locum</span> 
     </span>
    </p>
   </div>
   <div class='ocr_carea' id='block_1_77' title="bbox 1917 3403 3548 3478">
    <p class='ocr_par' dir='ltr' id='par_1_77' title="bbox 1917 3403 3548 3478">
     <span class='ocr_line' id='line_1_77' title="bbox 1917 3403 3548 3478; baseline -0.004 -16"><span class='ocrx_word' id='word_1_555' title='bbox 1917 3408 2120 3478; x_wconf 90' lang='lat' dir='ltr'>implet</span> <span class='ocrx_word' id='word_1_556' title='bbox 2134 3406 2285 3460; x_wconf 90' lang='lat' dir='ltr'>dicet</span> <span class='ocrx_word' id='word_1_557' title='bbox 2303 3406 2377 3459; x_wconf 91' lang='lat' dir='ltr'>ad</span> <span class='ocrx_word' id='word_1_558' title='bbox 2395 3404 2714 3476; x_wconf 87' lang='lat' dir='ltr'>gratiarum</span> <span class='ocrx_word' id='word_1_559' title='bbox 2731 3403 3017 3459; x_wconf 89' lang='lat' dir='ltr'>actionem</span> <span class='ocrx_word' id='word_1_560' title='bbox 3039 3407 3199 3456; x_wconf 90' lang='lat' dir='ltr'>tuam</span> <span class='ocrx_word' id='word_1_561' title='bbox 3222 3404 3340 3456; x_wconf 92' lang='lat' dir='ltr'>Deo</span> <span class='ocrx_word' id='word_1_562' title='bbox 3358 3403 3548 3472; x_wconf 91' lang='lat' dir='ltr'>ipsum</span> 
     </span>
    </p>
   </div>
   <div class='ocr_carea' id='block_1_78' title="bbox 1919 3495 3550 3571">
    <p class='ocr_par' dir='ltr' id='par_1_78' title="bbox 1919 3495 3550 3571">
     <span class='ocr_line' id='line_1_78' title="bbox 1919 3495 3550 3571; baseline -0.004 -16"><span class='ocrx_word' id='word_1_563' title='bbox 1919 3505 2120 3567; x_wconf 88' lang='lat' dir='ltr'>Amen,</span> <span class='ocrx_word' id='word_1_564' title='bbox 2148 3498 2620 3571; x_wconf 90' lang='lat' dir='ltr'>quandoquidem</span> <span class='ocrx_word' id='word_1_565' title='bbox 2645 3497 2782 3568; x_wconf 90' lang='lat' dir='ltr'>quid</span> <span class='ocrx_word' id='word_1_566' title='bbox 2803 3497 2958 3551; x_wconf 90' lang='lat' dir='ltr'>dicas</span> <span class='ocrx_word' id='word_1_567' title='bbox 2978 3513 3096 3550; x_wconf 89' lang='lat' dir='ltr'>non</span> <span class='ocrx_word' id='word_1_568' title='bbox 3116 3495 3310 3550; x_wconf 82' lang='lat' dir='ltr'>videt?</span> <span class='ocrx_word' id='word_1_569' title='bbox 3330 3497 3410 3550; x_wconf 89' lang='lat' dir='ltr'>Tu</span> <span class='ocrx_word' id='word_1_570' title='bbox 3428 3495 3550 3566; x_wconf 76' lang='lat' dir='ltr'>qui-</span> 
     </span>
    </p>
   </div>
   <div class='ocr_carea' id='block_1_79' title="bbox 1920 3588 3543 3665">
    <p class='ocr_par' dir='ltr' id='par_1_79' title="bbox 1920 3588 3543 3665">
     <span class='ocr_line' id='line_1_79' title="bbox 1920 3588 3543 3665; baseline -0.004 -17"><span class='ocrx_word' id='word_1_571' title='bbox 1920 3593 2052 3648; x_wconf 91' lang='lat' dir='ltr'>dem</span> <span class='ocrx_word' id='word_1_572' title='bbox 2076 3593 2311 3665; x_wconf 89' lang='lat' dir='ltr'>pulchre</span> <span class='ocrx_word' id='word_1_573' title='bbox 2347 3591 2560 3663; x_wconf 89' lang='lat' dir='ltr'>gratias</span> <span class='ocrx_word' id='word_1_574' title='bbox 2585 3590 2730 3661; x_wconf 88' lang='lat' dir='ltr'>agis,</span> <span class='ocrx_word' id='word_1_575' title='bbox 2759 3591 2905 3645; x_wconf 89' lang='lat' dir='ltr'>alter</span> <span class='ocrx_word' id='word_1_576' title='bbox 2924 3593 3116 3644; x_wconf 90' lang='lat' dir='ltr'>autem</span> <span class='ocrx_word' id='word_1_577' title='bbox 3143 3605 3261 3644; x_wconf 90' lang='lat' dir='ltr'>non</span> <span class='ocrx_word' id='word_1_578' title='bbox 3294 3588 3543 3642; x_wconf 68' lang='lat' dir='ltr'>aediﬁca-</span> 
     </span>
    </p>
   </div>
   <div class='ocr_carea' id='block_1_80' title="bbox 1917 3680 3546 3754">
    <p class='ocr_par' dir='ltr' id='par_1_80' title="bbox 1917 3680 3546 3754">
     <span class='ocr_line' id='line_1_80' title="bbox 1917 3680 3546 3754; baseline -0.004 -14"><span class='ocrx_word' id='word_1_579' title='bbox 1917 3690 2029 3740; x_wconf 91' lang='lat' dir='ltr'>tur.</span> <span class='ocrx_word' id='word_1_580' title='bbox 2074 3687 2144 3740; x_wconf 89' lang='lat' dir='ltr'>Et</span> <span class='ocrx_word' id='word_1_581' title='bbox 2171 3701 2368 3740; x_wconf 85' lang='lat' dir='ltr'>rursus</span> <span class='ocrx_word' id='word_1_582' title='bbox 2399 3685 2457 3738; x_wconf 91' lang='lat' dir='ltr'>in</span> <span class='ocrx_word' id='word_1_583' title='bbox 2491 3683 2736 3754; x_wconf 89' lang='lat' dir='ltr'>epistola</span> <span class='ocrx_word' id='word_1_584' title='bbox 2763 3682 2834 3737; x_wconf 92' lang='lat' dir='ltr'>ad</span> <span class='ocrx_word' id='word_1_585' title='bbox 2867 3684 3159 3738; x_wconf 82' lang='lat' dir='ltr'>Romanos</span> <span class='ocrx_word' id='word_1_586' title='bbox 3189 3681 3269 3734; x_wconf 90' lang='lat' dir='ltr'>sic</span> <span class='ocrx_word' id='word_1_587' title='bbox 3306 3680 3498 3751; x_wconf 90' lang='lat' dir='ltr'>inquit</span> <span class='ocrx_word' id='word_1_588' title='bbox 3532 3697 3546 3734; x_wconf 88' lang='lat'><strong>:</strong></span> 
     </span>
    </p>
   </div>
   <div class='ocr_carea' id='block_1_81' title="bbox 1918 3775 3552 3850">
    <p class='ocr_par' dir='ltr' id='par_1_81' title="bbox 1918 3775 3552 3850">
     <span class='ocr_line' id='line_1_81' title="bbox 1918 3775 3552 3850; baseline -0.005 -15"><span class='ocrx_word' id='word_1_589' title='bbox 1918 3780 2101 3837; x_wconf 89' lang='lat' dir='ltr'>Corde</span> <span class='ocrx_word' id='word_1_590' title='bbox 2134 3779 2371 3850; x_wconf 89' lang='lat' dir='ltr'>quidem</span> <span class='ocrx_word' id='word_1_591' title='bbox 2405 3777 2656 3833; x_wconf 87' lang='lat' dir='ltr'>creditur</span> <span class='ocrx_word' id='word_1_592' title='bbox 2685 3777 2758 3832; x_wconf 90' lang='lat' dir='ltr'>ad</span> <span class='ocrx_word' id='word_1_593' title='bbox 2777 3776 3078 3846; x_wconf 88' lang='lat' dir='ltr'>justitiam,</span> <span class='ocrx_word' id='word_1_594' title='bbox 3111 3792 3208 3830; x_wconf 91' lang='lat' dir='ltr'>ore</span> <span class='ocrx_word' id='word_1_595' title='bbox 3247 3778 3440 3830; x_wconf 90' lang='lat' dir='ltr'>autem</span> <span class='ocrx_word' id='word_1_596' title='bbox 3487 3775 3552 3828; x_wconf 88' lang='lat' dir='ltr'>ﬁt</span> 
     </span>
    </p>
   </div>
   <div class='ocr_carea' id='block_1_82' title="bbox 1919 3867 3553 3942">
    <p class='ocr_par' dir='ltr' id='par_1_82' title="bbox 1919 3867 3553 3942">
     <span class='ocr_line' id='line_1_82' title="bbox 1919 3867 3553 3942; baseline -0.006 -13"><span class='ocrx_word' id='word_1_597' title='bbox 1919 3874 2200 3930; x_wconf 84' lang='lat' dir='ltr'>confessio</span> <span class='ocrx_word' id='word_1_598' title='bbox 2235 3872 2308 3926; x_wconf 91' lang='lat' dir='ltr'>ad</span> <span class='ocrx_word' id='word_1_599' title='bbox 2337 3872 2601 3926; x_wconf 86' lang='lat' dir='ltr'>salutem.</span> <span class='ocrx_word' id='word_1_600' title='bbox 2641 3871 2735 3924; x_wconf 84' lang='lat' dir='ltr'>His</span> <span class='ocrx_word' id='word_1_601' title='bbox 2763 3869 2939 3942; x_wconf 91' lang='lat' dir='ltr'>igitur</span> <span class='ocrx_word' id='word_1_602' title='bbox 2965 3869 3036 3923; x_wconf 90' lang='lat' dir='ltr'>de</span> <span class='ocrx_word' id='word_1_603' title='bbox 3068 3868 3253 3924; x_wconf 89' lang='lat' dir='ltr'>causis</span> <span class='ocrx_word' id='word_1_604' title='bbox 3281 3867 3553 3922; x_wconf 89' lang='lat' dir='ltr'>convenit</span> 
     </span>
    </p>
   </div>
   <div class='ocr_carea' id='block_1_83' title="bbox 1919 3961 3552 4036">
    <p class='ocr_par' dir='ltr' id='par_1_83' title="bbox 1919 3961 3552 4036">
     <span class='ocr_line' id='line_1_83' title="bbox 1919 3961 3552 4036; baseline -0.003 -15"><span class='ocrx_word' id='word_1_605' title='bbox 1919 3971 1982 4022; x_wconf 93' lang='lat' dir='ltr'>ut</span> <span class='ocrx_word' id='word_1_606' title='bbox 1998 3967 2150 4022; x_wconf 91' lang='lat' dir='ltr'>inter</span> <span class='ocrx_word' id='word_1_607' title='bbox 2167 3969 2403 4021; x_wconf 68' lang='lat' dir='ltr'>caeteras</span> <span class='ocrx_word' id='word_1_608' title='bbox 2419 3981 2616 4036; x_wconf 89' lang='lat' dir='ltr'>preces</span> <span class='ocrx_word' id='word_1_609' title='bbox 2643 3967 2700 4018; x_wconf 92' lang='lat' dir='ltr'>et</span> <span class='ocrx_word' id='word_1_610' title='bbox 2726 3981 2792 4018; x_wconf 91' lang='lat' dir='ltr'>ea</span> <span class='ocrx_word' id='word_1_611' title='bbox 2814 3981 2940 4035; x_wconf 68' lang='lat' dir='ltr'>quin</span> <span class='ocrx_word' id='word_1_612' title='bbox 2961 3963 3019 4016; x_wconf 92' lang='lat' dir='ltr'>in</span> <span class='ocrx_word' id='word_1_613' title='bbox 3043 3965 3239 4017; x_wconf 91' lang='lat' dir='ltr'>sancta</span> <span class='ocrx_word' id='word_1_614' title='bbox 3259 3961 3552 4016; x_wconf 83' lang='lat' dir='ltr'>oblatione</span> 
     </span>
    </p>
   </div>
   <div class='ocr_carea' id='block_1_84' title="bbox 1921 4055 3555 4129">
    <p class='ocr_par' dir='ltr' id='par_1_84' title="bbox 1921 4055 3555 4129">
     <span class='ocr_line' id='line_1_84' title="bbox 1921 4055 3555 4129; baseline -0.004 -13"><span class='ocrx_word' id='word_1_615' title='bbox 1921 4062 2206 4128; x_wconf 89' lang='lat' dir='ltr'>dicuntur,</span> <span class='ocrx_word' id='word_1_616' title='bbox 2243 4061 2398 4114; x_wconf 91' lang='lat' dir='ltr'>clara</span> <span class='ocrx_word' id='word_1_617' title='bbox 2439 4075 2572 4114; x_wconf 92' lang='lat' dir='ltr'>voce</span> <span class='ocrx_word' id='word_1_618' title='bbox 2613 4075 2648 4112; x_wconf 92' lang='lat' dir='ltr'>a</span> <span class='ocrx_word' id='word_1_619' title='bbox 2687 4057 3128 4129; x_wconf 90' lang='lat' dir='ltr'>religiosissimis</span> <span class='ocrx_word' id='word_1_620' title='bbox 3170 4055 3450 4127; x_wconf 90' lang='lat' dir='ltr'>episcopis</span> <span class='ocrx_word' id='word_1_621' title='bbox 3497 4058 3555 4109; x_wconf 89' lang='lat' dir='ltr'>et</span> 
     </span>
    </p>
   </div>
   <div class='ocr_carea' id='block_1_85' title="bbox 1921 4150 3554 4232">
    <p class='ocr_par' dir='ltr' id='par_1_85' title="bbox 1921 4150 3554 4232">
     <span class='ocr_line' id='line_1_85' title="bbox 1921 4150 3554 4232; baseline -0.004 -22"><span class='ocrx_word' id='word_1_622' title='bbox 1921 4153 2268 4227; x_wconf 87' lang='lat' dir='ltr'>presbyteris</span> <span class='ocrx_word' id='word_1_623' title='bbox 2291 4152 2533 4209; x_wconf 91' lang='lat' dir='ltr'>Domino</span> <span class='ocrx_word' id='word_1_624' title='bbox 2572 4155 2768 4232; x_wconf 72' lang='lat' dir='ltr'>nostro</span> <span class='ocrx_word' id='word_1_625' title='bbox 2789 4153 2920 4207; x_wconf 88' lang='lat' dir='ltr'>Jesu</span> <span class='ocrx_word' id='word_1_626' title='bbox 2952 4150 3175 4208; x_wconf 87' lang='lat' dir='ltr'>Christo</span> <span class='ocrx_word' id='word_1_627' title='bbox 3205 4151 3324 4204; x_wconf 93' lang='lat' dir='ltr'>Deo</span> <span class='ocrx_word' id='word_1_628' title='bbox 3357 4153 3554 4204; x_wconf 90' lang='lat' dir='ltr'>nostro</span> 
     </span>
    </p>
   </div>
   <div class='ocr_carea' id='block_1_86' title="bbox 1921 4242 3556 4317">
    <p class='ocr_par' dir='ltr' id='par_1_86' title="bbox 1921 4242 3556 4317">
     <span class='ocr_line' id='line_1_86' title="bbox 1921 4242 3556 4317; baseline -0.005 -13"><span class='ocrx_word' id='word_1_629' title='bbox 1921 4265 2050 4304; x_wconf 91' lang='lat' dir='ltr'>cum</span> <span class='ocrx_word' id='word_1_630' title='bbox 2079 4250 2243 4302; x_wconf 89' lang='lat' dir='ltr'>Patre</span> <span class='ocrx_word' id='word_1_631' title='bbox 2287 4250 2346 4301; x_wconf 92' lang='lat' dir='ltr'>et</span> <span class='ocrx_word' id='word_1_632' title='bbox 2383 4251 2580 4301; x_wconf 89' lang='lat' dir='ltr'>sancto</span> <span class='ocrx_word' id='word_1_633' title='bbox 2626 4245 2841 4317; x_wconf 90' lang='lat' dir='ltr'>Spiritu</span> <span class='ocrx_word' id='word_1_634' title='bbox 2875 4245 3244 4316; x_wconf 90' lang='lat' dir='ltr'>proferantur</span> <span class='ocrx_word' id='word_1_635' title='bbox 3277 4260 3291 4298; x_wconf 89' lang='lat'><strong>:</strong></span> <span class='ocrx_word' id='word_1_636' title='bbox 3333 4242 3556 4297; x_wconf 87' lang='lat' dir='ltr'>scituris</span> 
     </span>
    </p>
   </div>
   <div class='ocr_carea' id='block_1_87' title="bbox 1920 4338 3549 4413">
    <p class='ocr_par' dir='ltr' id='par_1_87' title="bbox 1920 4338 3549 4413">
     <span class='ocr_line' id='line_1_87' title="bbox 1920 4338 3549 4413; baseline -0.004 -16"><span class='ocrx_word' id='word_1_637' title='bbox 1920 4341 2366 4413; x_wconf 88' lang='lat' dir='ltr'>religiosissimis</span> <span class='ocrx_word' id='word_1_638' title='bbox 2395 4339 2786 4395; x_wconf 90' lang='lat' dir='ltr'>sacerdotibus</span> <span class='ocrx_word' id='word_1_639' title='bbox 2802 4339 2953 4410; x_wconf 92' lang='lat' dir='ltr'>quod</span> <span class='ocrx_word' id='word_1_640' title='bbox 2984 4339 3028 4392; x_wconf 91' lang='lat' dir='ltr'>si</span> <span class='ocrx_word' id='word_1_641' title='bbox 3053 4338 3190 4409; x_wconf 89' lang='lat' dir='ltr'>quid</span> <span class='ocrx_word' id='word_1_642' title='bbox 3217 4338 3422 4392; x_wconf 88' lang='lat' dir='ltr'>horum</span> <span class='ocrx_word' id='word_1_643' title='bbox 3448 4352 3549 4390; x_wconf 58' lang='lat' dir='ltr'>nea</span> 
     </span>
    </p>
   </div>
   <div class='ocr_carea' id='block_1_88' title="bbox 1921 4429 3552 4507">
    <p class='ocr_par' dir='ltr' id='par_1_88' title="bbox 1921 4429 3552 4507">
     <span class='ocr_line' id='line_1_88' title="bbox 1921 4429 3552 4507; baseline -0.005 -17"><span class='ocrx_word' id='word_1_644' title='bbox 1921 4435 2220 4507; x_wconf 80' lang='lat' dir='ltr'>glexerint,</span> <span class='ocrx_word' id='word_1_645' title='bbox 2253 4438 2309 4488; x_wconf 90' lang='lat' dir='ltr'>et</span> <span class='ocrx_word' id='word_1_646' title='bbox 2338 4435 2397 4488; x_wconf 88' lang='lat' dir='ltr'>in</span> <span class='ocrx_word' id='word_1_647' title='bbox 2429 4432 2718 4488; x_wconf 87' lang='lat' dir='ltr'>horrendo</span> <span class='ocrx_word' id='word_1_648' title='bbox 2732 4432 2952 4502; x_wconf 91' lang='lat' dir='ltr'>judicio</span> <span class='ocrx_word' id='word_1_649' title='bbox 2975 4429 3175 4500; x_wconf 88' lang='lat' dir='ltr'>magni</span> <span class='ocrx_word' id='word_1_650' title='bbox 3205 4431 3306 4484; x_wconf 92' lang='lat' dir='ltr'>Dei</span> <span class='ocrx_word' id='word_1_651' title='bbox 3335 4433 3393 4483; x_wconf 92' lang='lat' dir='ltr'>et</span> <span class='ocrx_word' id='word_1_652' title='bbox 3422 4429 3552 4484; x_wconf 49' lang='lat' dir='ltr'>Ser‘</span> 
     </span>
    </p>
   </div>
   <div class='ocr_carea' id='block_1_89' title="bbox 1921 4522 3554 4589">
    <p class='ocr_par' dir='ltr' id='par_1_89' title="bbox 1921 4522 3554 4589">
     <span class='ocr_line' id='line_1_89' title="bbox 1921 4522 3554 4589; baseline -0.005 -6"><span class='ocrx_word' id='word_1_653' title='bbox 1921 4529 2134 4584; x_wconf 91' lang='lat' dir='ltr'>vatoris</span> <span class='ocrx_word' id='word_1_654' title='bbox 2159 4528 2337 4582; x_wconf 90' lang='lat' dir='ltr'>nostri</span> <span class='ocrx_word' id='word_1_655' title='bbox 2365 4529 2497 4582; x_wconf 87' lang='lat' dir='ltr'>Jesu</span> <span class='ocrx_word' id='word_1_656' title='bbox 2529 4525 2737 4581; x_wconf 89' lang='lat' dir='ltr'>Christi</span> <span class='ocrx_word' id='word_1_657' title='bbox 2755 4525 2827 4578; x_wconf 92' lang='lat' dir='ltr'>de</span> <span class='ocrx_word' id='word_1_658' title='bbox 2861 4525 2947 4578; x_wconf 89' lang='lat' dir='ltr'>his</span> <span class='ocrx_word' id='word_1_659' title='bbox 2978 4524 3260 4578; x_wconf 87' lang='lat' dir='ltr'>rationem</span> <span class='ocrx_word' id='word_1_660' title='bbox 3286 4522 3554 4589; x_wconf 84' lang='lat' dir='ltr'>reddent,</span> 
     </span>
    </p>
   </div>
   <div class='ocr_carea' id='block_1_90' title="bbox 191 4615 3555 4705">
    <p class='ocr_par' dir='ltr' id='par_1_90' title="bbox 191 4615 3555 4705">
     <span class='ocr_line' id='line_1_90' title="bbox 191 4615 3555 4705; baseline -0.001 -32"><span class='ocrx_word' id='word_1_661' title='bbox 191 4619 480 4689; x_wconf 88' lang='lat' dir='ltr'>provincia</span> <span class='ocrx_word' id='word_1_662' title='bbox 518 4637 622 4692; x_wconf 91' lang='lat' dir='ltr'>per</span> <span class='ocrx_word' id='word_1_663' title='bbox 660 4622 916 4692; x_wconf 90' lang='lat' dir='ltr'>singulos</span> <span class='ocrx_word' id='word_1_664' title='bbox 955 4639 1160 4689; x_wconf 91' lang='lat' dir='ltr'>annos,</span> <span class='ocrx_word' id='word_1_665' title='bbox 1207 4623 1296 4676; x_wconf 89' lang='lat' dir='ltr'>vel</span> <span class='ocrx_word' id='word_1_666' title='bbox 1341 4621 1399 4676; x_wconf 90' lang='lat' dir='ltr'>in</span> <span class='ocrx_word' id='word_1_667' title='bbox 1433 4637 1632 4676; x_wconf 90' lang='lat' dir='ltr'>mense</span> <span class='ocrx_word' id='word_1_668' title='bbox 1655 4620 1822 4686; x_wconf 88' lang='lat' dir='ltr'>Julio,</span> <span class='ocrx_word' id='word_1_669' title='bbox 1843 4632 1903 4705; x_wconf 85' lang='lat' dir='ltr'><strong>D</strong></span> <span class='ocrx_word' id='word_1_670' title='bbox 1927 4639 2114 4693; x_wconf 92' lang='lat' dir='ltr'>neque</span> <span class='ocrx_word' id='word_1_671' title='bbox 2148 4638 2252 4675; x_wconf 91' lang='lat' dir='ltr'>nos</span> <span class='ocrx_word' id='word_1_672' title='bbox 2279 4621 2399 4675; x_wconf 72' lang='lat' dir='ltr'>haec</span> <span class='ocrx_word' id='word_1_673' title='bbox 2429 4620 2846 4690; x_wconf 88' lang='lat' dir='ltr'>cognoscentes</span> <span class='ocrx_word' id='word_1_674' title='bbox 2861 4616 3354 4688; x_wconf 87' lang='lat' dir='ltr'>conquiescemus,</span> <span class='ocrx_word' id='word_1_675' title='bbox 3382 4615 3555 4669; x_wconf 90' lang='lat' dir='ltr'>relin-</span> 
     </span>
    </p>
   </div>
   <div class='ocr_carea' id='block_1_91' title="bbox 192 4713 1820 4786">
    <p class='ocr_par' dir='ltr' id='par_1_91' title="bbox 192 4713 1820 4786">
     <span class='ocr_line' id='line_1_91' title="bbox 192 4713 1820 4786; baseline 0.002 -22"><span class='ocrx_word' id='word_1_676' title='bbox 192 4713 277 4766; x_wconf 91' lang='lat' dir='ltr'>vel</span> <span class='ocrx_word' id='word_1_677' title='bbox 299 4713 645 4786; x_wconf 90' lang='lat' dir='ltr'>Septembri,</span> <span class='ocrx_word' id='word_1_678' title='bbox 674 4732 789 4770; x_wconf 91' lang='lat' dir='ltr'>una</span> <span class='ocrx_word' id='word_1_679' title='bbox 821 4716 1069 4786; x_wconf 89' lang='lat' dir='ltr'>synodus</span> <span class='ocrx_word' id='word_1_680' title='bbox 1123 4715 1463 4782; x_wconf 88' lang='lat' dir='ltr'>celebretur,</span> <span class='ocrx_word' id='word_1_681' title='bbox 1504 4717 1820 4785; x_wconf 89' lang='lat' dir='ltr'>coeantque</span> 
     </span>
    </p>
   </div>
   <div class='ocr_carea' id='block_1_92' title="bbox 193 4803 1821 4882">
    <p class='ocr_par' dir='ltr' id='par_1_92' title="bbox 193 4803 1821 4882">
     <span class='ocr_line' id='line_1_92' title="bbox 193 4803 1821 4882; baseline 0.001 -23"><span class='ocrx_word' id='word_1_682' title='bbox 193 4803 251 4860; x_wconf 89' lang='lat' dir='ltr'>in</span> <span class='ocrx_word' id='word_1_683' title='bbox 264 4823 444 4863; x_wconf 90' lang='lat' dir='ltr'>unum</span> <span class='ocrx_word' id='word_1_684' title='bbox 457 4808 611 4879; x_wconf 92' lang='lat' dir='ltr'>apud</span> <span class='ocrx_word' id='word_1_685' title='bbox 623 4808 987 4864; x_wconf 90' lang='lat' dir='ltr'>beatissimos</span> <span class='ocrx_word' id='word_1_686' title='bbox 1009 4809 1243 4881; x_wconf 90' lang='lat' dir='ltr'>quidem</span> <span class='ocrx_word' id='word_1_687' title='bbox 1255 4808 1606 4882; x_wconf 86' lang='lat' dir='ltr'>patriarchas</span> <span class='ocrx_word' id='word_1_688' title='bbox 1624 4806 1703 4861; x_wconf 91' lang='lat' dir='ltr'>illi</span> <span class='ocrx_word' id='word_1_689' title='bbox 1725 4806 1821 4878; x_wconf 92' lang='lat' dir='ltr'>qui</span> 
     </span>
    </p>
   </div>
   <div class='ocr_carea' id='block_1_93' title="bbox 196 4899 1824 4974">
    <p class='ocr_par' dir='ltr' id='par_1_93' title="bbox 196 4899 1824 4974">
     <span class='ocr_line' id='line_1_93' title="bbox 196 4899 1824 4974; baseline 0 -20"><span class='ocrx_word' id='word_1_690' title='bbox 196 4899 265 4953; x_wconf 88' lang='lat' dir='ltr'>ab</span> <span class='ocrx_word' id='word_1_691' title='bbox 301 4901 371 4955; x_wconf 93' lang='lat' dir='ltr'>iis</span> <span class='ocrx_word' id='word_1_692' title='bbox 412 4902 774 4970; x_wconf 88' lang='lat' dir='ltr'>ordinantur,</span> <span class='ocrx_word' id='word_1_693' title='bbox 803 4921 993 4974; x_wconf 90' lang='lat' dir='ltr'>neque</span> <span class='ocrx_word' id='word_1_694' title='bbox 1018 4903 1113 4974; x_wconf 91' lang='lat' dir='ltr'>jus</span> <span class='ocrx_word' id='word_1_695' title='bbox 1142 4903 1359 4958; x_wconf 88' lang='lat' dir='ltr'>habent</span> <span class='ocrx_word' id='word_1_696' title='bbox 1389 4903 1530 4957; x_wconf 91' lang='lat' dir='ltr'>alios</span> <span class='ocrx_word' id='word_1_697' title='bbox 1560 4901 1824 4956; x_wconf 89' lang='lat' dir='ltr'>ordinare</span> 
     </span>
    </p>
   </div>
   <div class='ocr_carea' id='block_1_94' title="bbox 197 4993 1828 5068">
    <p class='ocr_par' dir='ltr' id='par_1_94' title="bbox 197 4993 1828 5068">
     <span class='ocr_line' id='line_1_94' title="bbox 197 4993 1828 5068; baseline 0.001 -22"><span class='ocrx_word' id='word_1_698' title='bbox 197 4993 525 5067; x_wconf 86' lang='lat' dir='ltr'>episcopos;</span> <span class='ocrx_word' id='word_1_699' title='bbox 561 4996 714 5067; x_wconf 89' lang='lat' dir='ltr'>apud</span> <span class='ocrx_word' id='word_1_700' title='bbox 741 4997 1204 5068; x_wconf 89' lang='lat' dir='ltr'>religiosissimos</span> <span class='ocrx_word' id='word_1_701' title='bbox 1229 5014 1363 5052; x_wconf 89' lang='lat' dir='ltr'>vero</span> <span class='ocrx_word' id='word_1_702' title='bbox 1395 4997 1669 5068; x_wconf 91' lang='lat' dir='ltr'>cujusque</span> <span class='ocrx_word' id='word_1_703' title='bbox 1701 5011 1828 5067; x_wconf 88' lang='lat' dir='ltr'>pro-</span> 
     </span>
    </p>
   </div>
   <div class='ocr_carea' id='block_1_95' title="bbox 197 5085 1822 5163">
    <p class='ocr_par' dir='ltr' id='par_1_95' title="bbox 197 5085 1822 5163">
     <span class='ocr_line' id='line_1_95' title="bbox 197 5085 1822 5163; baseline 0.002 -23"><span class='ocrx_word' id='word_1_704' title='bbox 197 5085 394 5143; x_wconf 65' lang='lat' dir='ltr'>vincire</span> <span class='ocrx_word' id='word_1_705' title='bbox 437 5089 916 5162; x_wconf 89' lang='lat' dir='ltr'>metropolitanos</span> <span class='ocrx_word' id='word_1_706' title='bbox 951 5091 1008 5146; x_wconf 91' lang='lat' dir='ltr'>hi</span> <span class='ocrx_word' id='word_1_707' title='bbox 1041 5091 1139 5163; x_wconf 91' lang='lat' dir='ltr'>qui</span> <span class='ocrx_word' id='word_1_708' title='bbox 1175 5091 1246 5146; x_wconf 91' lang='lat' dir='ltr'>ab</span> <span class='ocrx_word' id='word_1_709' title='bbox 1275 5091 1410 5162; x_wconf 89' lang='lat' dir='ltr'>ipsis</span> <span class='ocrx_word' id='word_1_710' title='bbox 1441 5089 1822 5146; x_wconf 87' lang='lat' dir='ltr'>ordinantur:</span> 
     </span>
    </p>
   </div>
   <div class='ocr_carea' id='block_1_96' title="bbox 200 5182 1826 5255">
    <p class='ocr_par' dir='ltr' id='par_1_96' title="bbox 200 5182 1826 5255">
     <span class='ocr_line' id='line_1_96' title="bbox 200 5182 1826 5255; baseline 0.002 -22"><span class='ocrx_word' id='word_1_711' title='bbox 200 5193 312 5248; x_wconf 90' lang='lat' dir='ltr'>quo</span> <span class='ocrx_word' id='word_1_712' title='bbox 331 5182 514 5252; x_wconf 87' lang='lat' dir='ltr'>magis</span> <span class='ocrx_word' id='word_1_713' title='bbox 542 5185 712 5238; x_wconf 65' lang='lat' dir='ltr'>mota:</span> <span class='ocrx_word' id='word_1_714' title='bbox 739 5199 945 5250; x_wconf 65' lang='lat' dir='ltr'>causae,</span> <span class='ocrx_word' id='word_1_715' title='bbox 969 5187 1026 5238; x_wconf 94' lang='lat' dir='ltr'>et</span> <span class='ocrx_word' id='word_1_716' title='bbox 1047 5199 1176 5255; x_wconf 66' lang='lat' dir='ltr'>quae</span> <span class='ocrx_word' id='word_1_717' title='bbox 1207 5184 1279 5238; x_wconf 91' lang='lat' dir='ltr'>ab</span> <span class='ocrx_word' id='word_1_718' title='bbox 1299 5183 1583 5254; x_wconf 87' lang='lat' dir='ltr'>aliquibus</span> <span class='ocrx_word' id='word_1_719' title='bbox 1603 5182 1826 5236; x_wconf 47' lang='lat' dir='ltr'>denun‘</span> 
     </span>
    </p>
   </div>
   <div class='ocr_carea' id='block_1_97' title="bbox 200 5271 1828 5348">
    <p class='ocr_par' dir='ltr' id='par_1_97' title="bbox 200 5271 1828 5348">
     <span class='ocr_line' id='line_1_97' title="bbox 200 5271 1828 5348; baseline 0.003 -23"><span class='ocrx_word' id='word_1_720' title='bbox 200 5271 413 5328; x_wconf 89' lang='lat' dir='ltr'>tiantur</span> <span class='ocrx_word' id='word_1_721' title='bbox 430 5276 518 5330; x_wconf 94' lang='lat' dir='ltr'>vel</span> <span class='ocrx_word' id='word_1_722' title='bbox 535 5277 834 5331; x_wconf 90' lang='lat' dir='ltr'>occasione</span> <span class='ocrx_word' id='word_1_723' title='bbox 851 5277 1004 5344; x_wconf 90' lang='lat' dir='ltr'>ﬁdei,</span> <span class='ocrx_word' id='word_1_724' title='bbox 1029 5277 1115 5332; x_wconf 94' lang='lat' dir='ltr'>vel</span> <span class='ocrx_word' id='word_1_725' title='bbox 1135 5277 1542 5332; x_wconf 87' lang='lat' dir='ltr'>canonicarum</span> <span class='ocrx_word' id='word_1_726' title='bbox 1560 5275 1828 5348; x_wconf 76' lang='lat' dir='ltr'>quaestio-</span> 
     </span>
    </p>
   </div>
   <div class='ocr_carea' id='block_1_98' title="bbox 204 5369 1831 5437">
    <p class='ocr_par' dir='ltr' id='par_1_98' title="bbox 204 5369 1831 5437">
     <span class='ocr_line' id='line_1_98' title="bbox 204 5369 1831 5437; baseline 0.003 -19"><span class='ocrx_word' id='word_1_727' title='bbox 204 5369 436 5422; x_wconf 89' lang='lat' dir='ltr'>numvel</span> <span class='ocrx_word' id='word_1_728' title='bbox 449 5369 965 5425; x_wconf 89' lang='lat' dir='ltr'>administrationis</span> <span class='ocrx_word' id='word_1_729' title='bbox 983 5387 1178 5426; x_wconf 90' lang='lat' dir='ltr'>rerum</span> <span class='ocrx_word' id='word_1_730' title='bbox 1199 5369 1831 5437; x_wconf 88' lang='lat' dir='ltr'>ecclesiasticarum,vel</span> 
     </span>
    </p>
   </div>
   <div class='ocr_carea' id='block_1_99' title="bbox 203 5456 1833 5536">
    <p class='ocr_par' dir='ltr' id='par_1_99' title="bbox 203 5456 1833 5536">
     <span class='ocr_line' id='line_1_99' title="bbox 203 5456 1833 5536; baseline 0.004 -25"><span class='ocrx_word' id='word_1_731' title='bbox 203 5456 272 5512; x_wconf 91' lang='lat' dir='ltr'>de</span> <span class='ocrx_word' id='word_1_732' title='bbox 298 5460 594 5534; x_wconf 86' lang='lat' dir='ltr'>episcopis,</span> <span class='ocrx_word' id='word_1_733' title='bbox 625 5467 724 5518; x_wconf 92' lang='lat' dir='ltr'>aut</span> <span class='ocrx_word' id='word_1_734' title='bbox 751 5464 1118 5536; x_wconf 85' lang='lat' dir='ltr'>presbyteris,</span> <span class='ocrx_word' id='word_1_735' title='bbox 1149 5470 1248 5520; x_wconf 88' lang='lat' dir='ltr'>aut</span> <span class='ocrx_word' id='word_1_736' title='bbox 1273 5463 1550 5531; x_wconf 91' lang='lat' dir='ltr'>diaconis,</span> <span class='ocrx_word' id='word_1_737' title='bbox 1583 5466 1681 5518; x_wconf 88' lang='lat' dir='ltr'>aut</span> <span class='ocrx_word' id='word_1_738' title='bbox 1707 5463 1833 5518; x_wconf 90' lang='lat' dir='ltr'>aliis</span> 
     </span>
    </p>
   </div>
   <div class='ocr_carea' id='block_1_100' title="bbox 203 5550 1831 5628">
    <p class='ocr_par' dir='ltr' id='par_1_100' title="bbox 203 5550 1831 5628">
     <span class='ocr_line' id='line_1_100' title="bbox 203 5550 1831 5628; baseline 0.004 -24"><span class='ocrx_word' id='word_1_739' title='bbox 203 5550 438 5621; x_wconf 90' lang='lat' dir='ltr'>clericis,</span> <span class='ocrx_word' id='word_1_740' title='bbox 468 5557 558 5610; x_wconf 85' lang='lat' dir='ltr'>vel</span> <span class='ocrx_word' id='word_1_741' title='bbox 585 5556 656 5610; x_wconf 92' lang='lat' dir='ltr'>de</span> <span class='ocrx_word' id='word_1_742' title='bbox 685 5557 1171 5612; x_wconf 90' lang='lat' dir='ltr'>monasteriorum</span> <span class='ocrx_word' id='word_1_743' title='bbox 1201 5557 1558 5628; x_wconf 56' lang='lat' dir='ltr'>praesulibus,</span> <span class='ocrx_word' id='word_1_744' title='bbox 1583 5561 1682 5611; x_wconf 91' lang='lat' dir='ltr'>aut</span> <span class='ocrx_word' id='word_1_745' title='bbox 1707 5572 1831 5610; x_wconf 87' lang='lat' dir='ltr'>mo-</span> 
     </span>
    </p>
   </div>
   <div class='ocr_carea' id='block_1_101' title="bbox 202 5645 1831 5721">
    <p class='ocr_par' dir='ltr' id='par_1_101' title="bbox 202 5645 1831 5721">
     <span class='ocr_line' id='line_1_101' title="bbox 202 5645 1831 5721; baseline 0.003 -24"><span class='ocrx_word' id='word_1_746' title='bbox 202 5645 522 5715; x_wconf 86' lang='lat' dir='ltr'>nachis,vel</span> <span class='ocrx_word' id='word_1_747' title='bbox 553 5649 624 5703; x_wconf 93' lang='lat' dir='ltr'>de</span> <span class='ocrx_word' id='word_1_748' title='bbox 657 5649 1090 5721; x_wconf 90' lang='lat' dir='ltr'>reprehensibili</span> <span class='ocrx_word' id='word_1_749' title='bbox 1119 5649 1253 5717; x_wconf 89' lang='lat' dir='ltr'>vita,</span> <span class='ocrx_word' id='word_1_750' title='bbox 1277 5654 1377 5704; x_wconf 90' lang='lat' dir='ltr'>aut</span> <span class='ocrx_word' id='word_1_751' title='bbox 1405 5651 1531 5704; x_wconf 88' lang='lat' dir='ltr'>aliis</span> <span class='ocrx_word' id='word_1_752' title='bbox 1552 5666 1680 5720; x_wconf 65' lang='lat' dir='ltr'>quae</span> <span class='ocrx_word' id='word_1_753' title='bbox 1709 5665 1831 5705; x_wconf 82' lang='lat' dir='ltr'>cor-</span> 
     </span>
    </p>
   </div>
   <div class='ocr_carea' id='block_1_102' title="bbox 201 5738 1837 5815">
    <p class='ocr_par' dir='ltr' id='par_1_102' title="bbox 201 5738 1837 5815">
     <span class='ocr_line' id='line_1_102' title="bbox 201 5738 1837 5815; baseline 0.005 -26"><span class='ocrx_word' id='word_1_754' title='bbox 201 5738 517 5796; x_wconf 89' lang='lat' dir='ltr'>rectionem</span> <span class='ocrx_word' id='word_1_755' title='bbox 543 5741 894 5814; x_wconf 85' lang='lat' dir='ltr'>desiderant,</span> <span class='ocrx_word' id='word_1_756' title='bbox 916 5742 1380 5815; x_wconf 82' lang='lat' dir='ltr'>agitenturjuxta</span> <span class='ocrx_word' id='word_1_757' title='bbox 1403 5747 1461 5797; x_wconf 91' lang='lat' dir='ltr'>et</span> <span class='ocrx_word' id='word_1_758' title='bbox 1486 5743 1837 5797; x_wconf 84' lang='lat' dir='ltr'>convenien-</span> 
     </span>
    </p>
   </div>
   <div class='ocr_carea' id='block_1_103' title="bbox 202 5835 1838 5913">
    <p class='ocr_par' dir='ltr' id='par_1_103' title="bbox 202 5835 1838 5913">
     <span class='ocr_line' id='line_1_103' title="bbox 202 5835 1838 5913; baseline 0.005 -27"><span class='ocrx_word' id='word_1_759' title='bbox 202 5835 289 5887; x_wconf 86' lang='lat' dir='ltr'>ter</span> <span class='ocrx_word' id='word_1_760' title='bbox 313 5839 732 5908; x_wconf 83' lang='lat' dir='ltr'>examinentur,</span> <span class='ocrx_word' id='word_1_761' title='bbox 751 5856 940 5913; x_wconf 91' lang='lat' dir='ltr'>neque</span> <span class='ocrx_word' id='word_1_762' title='bbox 958 5856 1075 5896; x_wconf 90' lang='lat' dir='ltr'>non</span> <span class='ocrx_word' id='word_1_763' title='bbox 1096 5839 1374 5896; x_wconf 91' lang='lat' dir='ltr'>correctio</span> <span class='ocrx_word' id='word_1_764' title='bbox 1396 5839 1466 5894; x_wconf 92' lang='lat' dir='ltr'>iis</span> <span class='ocrx_word' id='word_1_765' title='bbox 1493 5837 1838 5895; x_wconf 87' lang='lat' dir='ltr'>adhibeatur</span> 
     </span>
    </p>
   </div>
   <div class='ocr_carea' id='block_1_104' title="bbox 206 5931 1835 6007">
    <p class='ocr_par' dir='ltr' id='par_1_104' title="bbox 206 5931 1835 6007">
     <span class='ocr_line' id='line_1_104' title="bbox 206 5931 1835 6007; baseline 0.001 -20"><span class='ocrx_word' id='word_1_766' title='bbox 206 5938 332 6002; x_wconf 83' lang='lat' dir='ltr'>quae</span> <span class='ocrx_word' id='word_1_767' title='bbox 379 5931 550 5990; x_wconf 86' lang='lat' dir='ltr'>sacris</span> <span class='ocrx_word' id='word_1_768' title='bbox 586 5931 904 5992; x_wconf 88' lang='lat' dir='ltr'>canonibus</span> <span class='ocrx_word' id='word_1_769' title='bbox 933 5938 992 5990; x_wconf 88' lang='lat' dir='ltr'>et</span> <span class='ocrx_word' id='word_1_770' title='bbox 1021 5933 1229 5991; x_wconf 88' lang='lat' dir='ltr'>nostris</span> <span class='ocrx_word' id='word_1_771' title='bbox 1255 5934 1563 5990; x_wconf 88' lang='lat' dir='ltr'>conveniat</span> <span class='ocrx_word' id='word_1_772' title='bbox 1591 5931 1835 6007; x_wconf 84' lang='lat' dir='ltr'>legibus.</span> 
     </span>
    </p>
   </div>
   <div class='ocr_carea' id='block_1_105' title="bbox 1921 4707 3557 4788">
    <p class='ocr_par' dir='ltr' id='par_1_105' title="bbox 1921 4707 3557 4788">
     <span class='ocr_line' id='line_1_105' title="bbox 1921 4707 3557 4788; baseline -0.004 -18"><span class='ocrx_word' id='word_1_773' title='bbox 1921 4731 2276 4788; x_wconf 89' lang='lat' dir='ltr'>quemusque</span> <span class='ocrx_word' id='word_1_774' title='bbox 2299 4714 2497 4768; x_wconf 88' lang='lat' dir='ltr'>inulta.</span> <span class='ocrx_word' id='word_1_775' title='bbox 2528 4712 2806 4768; x_wconf 79' lang='lat' dir='ltr'>Jubemus</span> <span class='ocrx_word' id='word_1_776' title='bbox 2833 4716 3026 4765; x_wconf 87' lang='lat' dir='ltr'>autem</span> <span class='ocrx_word' id='word_1_777' title='bbox 3049 4712 3107 4764; x_wconf 90' lang='lat' dir='ltr'>et</span> <span class='ocrx_word' id='word_1_778' title='bbox 3135 4707 3557 4780; x_wconf 90' lang='lat' dir='ltr'>provinciarum</span> 
     </span>
    </p>
   </div>
   <div class='ocr_carea' id='block_1_106' title="bbox 1923 4802 3558 4882">
    <p class='ocr_par' dir='ltr' id='par_1_106' title="bbox 1923 4802 3558 4882">
     <span class='ocr_line' id='line_1_106' title="bbox 1923 4802 3558 4882; baseline -0.005 -19"><span class='ocrx_word' id='word_1_779' title='bbox 1923 4808 2212 4882; x_wconf 68' lang='lat' dir='ltr'>praesides,</span> <span class='ocrx_word' id='word_1_780' title='bbox 2247 4807 2290 4860; x_wconf 91' lang='lat' dir='ltr'>si</span> <span class='ocrx_word' id='word_1_781' title='bbox 2313 4806 2449 4877; x_wconf 92' lang='lat' dir='ltr'>quid</span> <span class='ocrx_word' id='word_1_782' title='bbox 2471 4822 2670 4860; x_wconf 90' lang='lat' dir='ltr'>eorum</span> <span class='ocrx_word' id='word_1_783' title='bbox 2693 4821 2819 4876; x_wconf 68' lang='lat' dir='ltr'>qua:</span> <span class='ocrx_word' id='word_1_784' title='bbox 2837 4803 3048 4858; x_wconf 88' lang='lat' dir='ltr'>anobis</span> <span class='ocrx_word' id='word_1_785' title='bbox 3069 4802 3288 4857; x_wconf 89' lang='lat' dir='ltr'>sancita</span> <span class='ocrx_word' id='word_1_786' title='bbox 3308 4805 3442 4856; x_wconf 91' lang='lat' dir='ltr'>sunt</span> <span class='ocrx_word' id='word_1_787' title='bbox 3456 4818 3558 4856; x_wconf 89' lang='lat' dir='ltr'>ne-</span> 
     </span>
    </p>
   </div>
   <div class='ocr_carea' id='block_1_107' title="bbox 1926 4895 3564 4975">
    <p class='ocr_par' dir='ltr' id='par_1_107' title="bbox 1926 4895 3564 4975">
     <span class='ocr_line' id='line_1_107' title="bbox 1926 4895 3564 4975; baseline -0.005 -18"><span class='ocrx_word' id='word_1_788' title='bbox 1926 4903 2213 4975; x_wconf 86' lang='lat' dir='ltr'>gligenter</span> <span class='ocrx_word' id='word_1_789' title='bbox 2231 4900 2428 4956; x_wconf 91' lang='lat' dir='ltr'>haberi</span> <span class='ocrx_word' id='word_1_790' title='bbox 2451 4899 2717 4964; x_wconf 89' lang='lat' dir='ltr'>viderint,</span> <span class='ocrx_word' id='word_1_791' title='bbox 2739 4901 2801 4952; x_wconf 92' lang='lat' dir='ltr'>ut</span> <span class='ocrx_word' id='word_1_792' title='bbox 2818 4897 3073 4969; x_wconf 89' lang='lat' dir='ltr'>primum</span> <span class='ocrx_word' id='word_1_793' title='bbox 3095 4895 3327 4968; x_wconf 91' lang='lat' dir='ltr'>quidem</span> <span class='ocrx_word' id='word_1_794' title='bbox 3346 4900 3564 4950; x_wconf 83' lang='lat' dir='ltr'>metro-</span> 
     </span>
    </p>
   </div>
   <div class='ocr_carea' id='block_1_108' title="bbox 1927 4987 3561 5068">
    <p class='ocr_par' dir='ltr' id='par_1_108' title="bbox 1927 4987 3561 5068">
     <span class='ocr_line' id='line_1_108' title="bbox 1927 4987 3561 5068; baseline -0.005 -18"><span class='ocrx_word' id='word_1_795' title='bbox 1927 4995 2208 5068; x_wconf 88' lang='lat' dir='ltr'>politanos</span> <span class='ocrx_word' id='word_1_796' title='bbox 2245 4997 2304 5048; x_wconf 89' lang='lat' dir='ltr'>et</span> <span class='ocrx_word' id='word_1_797' title='bbox 2331 4993 2472 5048; x_wconf 90' lang='lat' dir='ltr'>alios</span> <span class='ocrx_word' id='word_1_798' title='bbox 2501 4993 2797 5064; x_wconf 91' lang='lat' dir='ltr'>episcopos</span> <span class='ocrx_word' id='word_1_799' title='bbox 2825 4993 3068 5061; x_wconf 90' lang='lat' dir='ltr'>urgeant</span> <span class='ocrx_word' id='word_1_800' title='bbox 3086 4989 3160 5044; x_wconf 88' lang='lat' dir='ltr'>ad</span> <span class='ocrx_word' id='word_1_801' title='bbox 3189 4987 3561 5044; x_wconf 86' lang='lat' dir='ltr'>celebrandas</span> 
     </span>
    </p>
   </div>
   <div class='ocr_carea' id='block_1_109' title="bbox 1928 5083 3563 5162">
    <p class='ocr_par' dir='ltr' id='par_1_109' title="bbox 1928 5083 3563 5162">
     <span class='ocr_line' id='line_1_109' title="bbox 1928 5083 3563 5162; baseline -0.005 -18"><span class='ocrx_word' id='word_1_802' title='bbox 1928 5089 2231 5162; x_wconf 71' lang='lat' dir='ltr'>prazdictas</span> <span class='ocrx_word' id='word_1_803' title='bbox 2266 5087 2534 5159; x_wconf 91' lang='lat' dir='ltr'>synodos,</span> <span class='ocrx_word' id='word_1_804' title='bbox 2567 5089 2625 5140; x_wconf 87' lang='lat' dir='ltr'>et</span> <span class='ocrx_word' id='word_1_805' title='bbox 2654 5089 2715 5140; x_wconf 87' lang='lat' dir='ltr'>ut</span> <span class='ocrx_word' id='word_1_806' title='bbox 2750 5083 2945 5140; x_wconf 88' lang='lat' dir='ltr'>omnia</span> <span class='ocrx_word' id='word_1_807' title='bbox 2976 5083 3262 5154; x_wconf 90' lang='lat' dir='ltr'>impleant</span> <span class='ocrx_word' id='word_1_808' title='bbox 3299 5098 3425 5153; x_wconf 71' lang='lat' dir='ltr'>quas</span> <span class='ocrx_word' id='word_1_809' title='bbox 3457 5099 3563 5153; x_wconf 88' lang='lat' dir='ltr'>per</span> 
     </span>
    </p>
   </div>
   <div class='ocr_carea' id='block_1_110' title="bbox 1929 5175 3564 5254">
    <p class='ocr_par' dir='ltr' id='par_1_110' title="bbox 1929 5175 3564 5254">
     <span class='ocr_line' id='line_1_110' title="bbox 1929 5175 3564 5254; baseline -0.005 -16"><span class='ocrx_word' id='word_1_810' title='bbox 1929 5182 2178 5254; x_wconf 82' lang='lat' dir='ltr'>synodos</span> <span class='ocrx_word' id='word_1_811' title='bbox 2195 5184 2475 5253; x_wconf 68' lang='lat' dir='ltr'>przesente</span> <span class='ocrx_word' id='word_1_812' title='bbox 2496 5181 2624 5250; x_wconf 92' lang='lat' dir='ltr'>lege</span> <span class='ocrx_word' id='word_1_813' title='bbox 2645 5177 3030 5251; x_wconf 60' lang='lat' dir='ltr'>praecipimus.</span> <span class='ocrx_word' id='word_1_814' title='bbox 3068 5175 3234 5241; x_wconf 93' lang='lat' dir='ltr'>Quod</span> <span class='ocrx_word' id='word_1_815' title='bbox 3255 5175 3300 5230; x_wconf 87' lang='lat' dir='ltr'>si</span> <span class='ocrx_word' id='word_1_816' title='bbox 3318 5193 3416 5231; x_wconf 89' lang='lat' dir='ltr'>eos</span> <span class='ocrx_word' id='word_1_817' title='bbox 3441 5192 3564 5230; x_wconf 80' lang='lat' dir='ltr'>mo-</span> 
     </span>
    </p>
   </div>
   <div class='ocr_carea' id='block_1_111' title="bbox 1930 5269 3568 5344">
    <p class='ocr_par' dir='ltr' id='par_1_111' title="bbox 1930 5269 3568 5344">
     <span class='ocr_line' id='line_1_111' title="bbox 1930 5269 3568 5344; baseline -0.004 -13"><span class='ocrx_word' id='word_1_818' title='bbox 1930 5293 2053 5331; x_wconf 87' lang='lat' dir='ltr'>ram</span> <span class='ocrx_word' id='word_1_819' title='bbox 2093 5279 2320 5330; x_wconf 89' lang='lat' dir='ltr'>nectere</span> <span class='ocrx_word' id='word_1_820' title='bbox 2353 5280 2408 5329; x_wconf 88' lang='lat' dir='ltr'>et</span> <span class='ocrx_word' id='word_1_821' title='bbox 2440 5273 2675 5344; x_wconf 89' lang='lat' dir='ltr'>segnius</span> <span class='ocrx_word' id='word_1_822' title='bbox 2703 5288 2772 5326; x_wconf 89' lang='lat' dir='ltr'>ea</span> <span class='ocrx_word' id='word_1_823' title='bbox 2799 5287 3075 5343; x_wconf 85' lang='lat' dir='ltr'>peragere</span> <span class='ocrx_word' id='word_1_824' title='bbox 3123 5269 3395 5336; x_wconf 90' lang='lat' dir='ltr'>viderint,</span> <span class='ocrx_word' id='word_1_825' title='bbox 3430 5272 3568 5324; x_wconf 86' lang='lat' dir='ltr'>tunc</span> 
     </span>
    </p>
   </div>
   <div class='ocr_carea' id='block_1_112' title="bbox 1933 5362 3566 5442">
    <p class='ocr_par' dir='ltr' id='par_1_112' title="bbox 1933 5362 3566 5442">
     <span class='ocr_line' id='line_1_112' title="bbox 1933 5362 3566 5442; baseline -0.004 -18"><span class='ocrx_word' id='word_1_826' title='bbox 1933 5387 2036 5442; x_wconf 90' lang='lat' dir='ltr'>per</span> <span class='ocrx_word' id='word_1_827' title='bbox 2083 5369 2512 5440; x_wconf 89' lang='lat' dir='ltr'>suggestionem</span> <span class='ocrx_word' id='word_1_828' title='bbox 2559 5384 2664 5421; x_wconf 91' lang='lat' dir='ltr'>nos</span> <span class='ocrx_word' id='word_1_829' title='bbox 2705 5382 2772 5420; x_wconf 88' lang='lat' dir='ltr'>ea</span> <span class='ocrx_word' id='word_1_830' title='bbox 2813 5365 2883 5418; x_wconf 92' lang='lat' dir='ltr'>de</span> <span class='ocrx_word' id='word_1_831' title='bbox 2909 5380 2969 5418; x_wconf 91' lang='lat' dir='ltr'>re</span> <span class='ocrx_word' id='word_1_832' title='bbox 2993 5363 3266 5418; x_wconf 92' lang='lat' dir='ltr'>certiores</span> <span class='ocrx_word' id='word_1_833' title='bbox 3294 5362 3566 5432; x_wconf 90' lang='lat' dir='ltr'>reddant,</span> 
     </span>
    </p>
   </div>
   <div class='ocr_carea' id='block_1_113' title="bbox 1933 5455 3564 5536">
    <p class='ocr_par' dir='ltr' id='par_1_113' title="bbox 1933 5455 3564 5536">
     <span class='ocr_line' id='line_1_113' title="bbox 1933 5455 3564 5536; baseline -0.006 -17"><span class='ocrx_word' id='word_1_834' title='bbox 1933 5481 2048 5536; x_wconf 93' lang='lat' dir='ltr'>quo</span> <span class='ocrx_word' id='word_1_835' title='bbox 2077 5463 2263 5532; x_wconf 88' lang='lat' dir='ltr'>magis</span> <span class='ocrx_word' id='word_1_836' title='bbox 2294 5464 2494 5516; x_wconf 91' lang='lat' dir='ltr'>contra</span> <span class='ocrx_word' id='word_1_837' title='bbox 2522 5476 2620 5515; x_wconf 89' lang='lat' dir='ltr'>eos</span> <span class='ocrx_word' id='word_1_838' title='bbox 2646 5459 2743 5530; x_wconf 86' lang='lat' dir='ltr'>qui</span> <span class='ocrx_word' id='word_1_839' title='bbox 2771 5457 3022 5530; x_wconf 91' lang='lat' dir='ltr'>synodos</span> <span class='ocrx_word' id='word_1_840' title='bbox 3067 5456 3356 5512; x_wconf 89' lang='lat' dir='ltr'>celebrare</span> <span class='ocrx_word' id='word_1_841' title='bbox 3399 5455 3564 5510; x_wconf 58' lang='lat' dir='ltr'>diﬁ‘eo</span> 
     </span>
    </p>
   </div>
   <div class='ocr_carea' id='block_1_114' title="bbox 1934 5549 3570 5625">
    <p class='ocr_par' dir='ltr' id='par_1_114' title="bbox 1934 5549 3570 5625">
     <span class='ocr_line' id='line_1_114' title="bbox 1934 5549 3570 5625; baseline -0.007 -12"><span class='ocrx_word' id='word_1_842' title='bbox 1934 5561 2088 5625; x_wconf 90' lang='lat' dir='ltr'>runt,</span> <span class='ocrx_word' id='word_1_843' title='bbox 2113 5554 2460 5612; x_wconf 85' lang='lat' dir='ltr'>conveniens</span> <span class='ocrx_word' id='word_1_844' title='bbox 2479 5571 2512 5608; x_wconf 94' lang='lat' dir='ltr'>a</span> <span class='ocrx_word' id='word_1_845' title='bbox 2533 5553 2696 5608; x_wconf 86' lang='lat' dir='ltr'>nobis</span> <span class='ocrx_word' id='word_1_846' title='bbox 2717 5551 2994 5624; x_wconf 87' lang='lat' dir='ltr'>procedat</span> <span class='ocrx_word' id='word_1_847' title='bbox 3013 5551 3291 5606; x_wconf 89' lang='lat' dir='ltr'>correctio</span> <span class='ocrx_word' id='word_1_848' title='bbox 3311 5567 3323 5604; x_wconf 92' lang='lat'>:</span> <span class='ocrx_word' id='word_1_849' title='bbox 3347 5549 3570 5604; x_wconf 86' lang='lat' dir='ltr'>scituris</span> 
     </span>
    </p>
   </div>
   <div class='ocr_carea' id='block_1_115' title="bbox 1935 5641 3573 5722">
    <p class='ocr_par' dir='ltr' id='par_1_115' title="bbox 1935 5641 3573 5722">
     <span class='ocr_line' id='line_1_115' title="bbox 1935 5641 3573 5722; baseline -0.008 -15"><span class='ocrx_word' id='word_1_850' title='bbox 1935 5657 2050 5708; x_wconf 83' lang='lat' dir='ltr'>tam</span> <span class='ocrx_word' id='word_1_851' title='bbox 2099 5649 2236 5722; x_wconf 90' lang='lat' dir='ltr'>ipsis</span> <span class='ocrx_word' id='word_1_852' title='bbox 2279 5647 2617 5721; x_wconf 63' lang='lat' dir='ltr'>prmsidibus</span> <span class='ocrx_word' id='word_1_853' title='bbox 2647 5661 2823 5717; x_wconf 88' lang='lat' dir='ltr'>quam</span> <span class='ocrx_word' id='word_1_854' title='bbox 2853 5644 3180 5700; x_wconf 88' lang='lat' dir='ltr'>cohortibus</span> <span class='ocrx_word' id='word_1_855' title='bbox 3209 5643 3307 5714; x_wconf 89' lang='lat' dir='ltr'>qui</span> <span class='ocrx_word' id='word_1_856' title='bbox 3337 5642 3446 5697; x_wconf 89' lang='lat' dir='ltr'>illis</span> <span class='ocrx_word' id='word_1_857' title='bbox 3476 5641 3573 5695; x_wconf 77' lang='lat' dir='ltr'>ob-</span> 
     </span>
    </p>
   </div>
   <div class='ocr_carea' id='block_1_116' title="bbox 1935 5735 3568 5816">
    <p class='ocr_par' dir='ltr' id='par_1_116' title="bbox 1935 5735 3568 5816">
     <span class='ocr_line' id='line_1_116' title="bbox 1935 5735 3568 5816; baseline -0.009 -16"><span class='ocrx_word' id='word_1_858' title='bbox 1935 5747 2285 5816; x_wconf 89' lang='lat' dir='ltr'>temperant,</span> <span class='ocrx_word' id='word_1_859' title='bbox 2311 5741 2466 5814; x_wconf 91' lang='lat' dir='ltr'>quod</span> <span class='ocrx_word' id='word_1_860' title='bbox 2488 5741 2533 5795; x_wconf 89' lang='lat' dir='ltr'>si</span> <span class='ocrx_word' id='word_1_861' title='bbox 2553 5741 2676 5795; x_wconf 74' lang='lat' dir='ltr'>haec</span> <span class='ocrx_word' id='word_1_862' title='bbox 2693 5739 2883 5794; x_wconf 89' lang='lat' dir='ltr'>minus</span> <span class='ocrx_word' id='word_1_863' title='bbox 2900 5735 3345 5802; x_wconf 88' lang='lat' dir='ltr'>observaverint,</span> <span class='ocrx_word' id='word_1_864' title='bbox 3380 5737 3568 5788; x_wconf 71' lang='lat' dir='ltr'>extre-</span> 
     </span>
    </p>
   </div>
   <div class='ocr_carea' id='block_1_117' title="bbox 1939 5827 3572 5909">
    <p class='ocr_par' dir='ltr' id='par_1_117' title="bbox 1939 5827 3572 5909">
     <span class='ocr_line' id='line_1_117' title="bbox 1939 5827 3572 5909; baseline -0.007 -15"><span class='ocrx_word' id='word_1_865' title='bbox 1939 5839 2049 5894; x_wconf 90' lang='lat' dir='ltr'>mis</span> <span class='ocrx_word' id='word_1_866' title='bbox 2066 5836 2442 5909; x_wconf 89' lang='lat' dir='ltr'>subjicientur</span> <span class='ocrx_word' id='word_1_867' title='bbox 2461 5833 2770 5906; x_wconf 89' lang='lat' dir='ltr'>suppliciis.</span> <span class='ocrx_word' id='word_1_868' title='bbox 2793 5834 3032 5904; x_wconf 86' lang='lat' dir='ltr'>Insuper</span> <span class='ocrx_word' id='word_1_869' title='bbox 3055 5827 3450 5885; x_wconf 88' lang='lat' dir='ltr'>interdicimus</span> <span class='ocrx_word' id='word_1_870' title='bbox 3479 5843 3572 5882; x_wconf 79' lang='lat' dir='ltr'>re-</span> 
     </span>
    </p>
   </div>
   <div class='ocr_carea' id='block_1_118' title="bbox 1941 5920 3572 6006">
    <p class='ocr_par' dir='ltr' id='par_1_118' title="bbox 1941 5920 3572 6006">
     <span class='ocr_line' id='line_1_118' title="bbox 1941 5920 3572 6006; baseline -0.01 -19"><span class='ocrx_word' id='word_1_871' title='bbox 1941 5929 2318 6006; x_wconf 84' lang='lat' dir='ltr'>ligiosissimis</span> <span class='ocrx_word' id='word_1_872' title='bbox 2341 5920 2624 6002; x_wconf 81' lang='lat' dir='ltr'>episcopis</span> <span class='ocrx_word' id='word_1_873' title='bbox 2644 5931 2702 5984; x_wconf 92' lang='lat' dir='ltr'>et</span> <span class='ocrx_word' id='word_1_874' title='bbox 2722 5923 3087 6000; x_wconf 84' lang='lat' dir='ltr'>presbyteris,</span> <span class='ocrx_word' id='word_1_875' title='bbox 3102 5925 3290 5994; x_wconf 83' lang='lat' dir='ltr'>neque</span> <span class='ocrx_word' id='word_1_876' title='bbox 3302 5935 3420 5978; x_wconf 90' lang='lat' dir='ltr'>non</span> <span class='ocrx_word' id='word_1_877' title='bbox 3449 5921 3572 5984; x_wconf 75' lang='lat' dir='ltr'>dia.</span> 
     </span>
    </p>
   </div>
  </div>
