4088 6490
551 438 682 492 1027

1664 415 1917 472 8ᾸΞΟΗῙᾸ
1957 413 2147 470 SEXTI
2185 402 2738 468 SUPPLEMENTUM.

3835 386 3982 444 {02$

544 543 720 606 conis,
753 543 809 592 et
846 526 1223 598 subdiaconis,
1264 547 1328 584 ac
1372 525 1694 592 lectoribus,
1733 529 1790 578 et
1839 525 2155 592 cuicunque
2179 534 2488 604 Auxorem
2536 510 3053 586 (quemadmodum
3098 503 3368 576 superius
3408 502 3655 557 dictum
3709 482 3836 566 est)
3875 496 3987 548 sibi

539 635 632 689 alii
650 623 1290 701 cujuslibetvenerabilis
1311 621 1526 676 ordinis
1547 623 1603 672 et
1622 617 1832 688 gradus
1855 615 2156 669 constituto

540 725 764 788 clerico,
785 739 858 774 ne
878 721 950 774 ad
964 719 1216 772 tabulam
1233 714 1430 769 ludant
1457 715 1557 766 aut
1582 711 1680 763 tali
1706 709 1838 762 ludo
1871 706 2160 760 utentibus

541 835 600 871 se
637 814 936 875 associent,
978 813 1076 864 aut
1099 809 1445 879 spectatores
1477 803 1609 868 sint,
1643 803 1740 854 aut
1768 799 1842 852 ad
1867 797 2162 869 quodcun-

542 926 651 981 que
679 905 1063 978 spectaculum
1097 897 1391 972 spectandi
1418 895 1600 966 gratia
1631 891 1924 946 accedant.
1949 890 2005 945 Si
2033 888 2159 958 quis

541 1006 735 1056 autem
763 1013 961 1052 eorum
984 997 1041 1048 in
1056 993 1163 1047 hoc
1185 988 1510 1060 deliquerit,
1538 986 1830 1057 jubemus,
1862 987 1924 1036 ut
1953 981 2014 1034 in
2044 983 2160 1034 tres

541 1109 724 1148 annos
745 1091 816 1144 ab
837 1088 992 1144 omni
1014 1101 1173 1140 sacro
1198 1080 1516 1137 ministerio
1543 1077 1938 1150 prohibeatur,
1970 1072 2161 1126 mitta-

540 1191 744 1256 turque
769 1183 829 1236 in
857 1177 1290 1234 monasterium.
1320 1173 1482 1238 Quod
1509 1171 1554 1224 si
1579 1168 1926 1237 condignam
1951 1163 2158 1220 erroris

541 1277 624 1332 sui
651 1273 1044 1347 paenitentiam
1075 1269 1262 1324 medio
1285 1271 1542 1336 tempore
1574 1260 1902 1324 ostenderit,
1931 1256 2160 1312 licentia

542 1374 663 1424 esto
682 1365 964 1422 sacerdoti
994 1361 1096 1416 sub
1121 1376 1234 1432 quo
1255 1359 1560 1414 collocatus
1581 1358 1684 1420 est,
1717 1355 1772 1407 et
1795 1355 2024 1420 tempus
2051 1348 2155 1402 mi-

543 1477 743 1526 nuere,
772 1463 831 1512 et
853 1454 1086 1528 proprio
1113 1453 1264 1506 hunc
1289 1450 1479 1504 denuo
1493 1446 1790 1501 restituere
1806 1439 2156 1496 ministerio:

541 1552 761 1608 scituris
785 1551 925 1604 item
949 1541 1390 1616 religiosissimis
1418 1537 1696 1610 episcopis
1722 1535 1817 1606 qui
1859 1551 1928 1588 ea
1975 1531 2156 1586 vindi-

541 1662 670 1702 care
699 1644 926 1708 debent,
954 1638 1104 1710 quod
1138 1637 1182 1690 si
1226 1631 1550 1704 hujusmodi
1584 1627 1797 1699 aliquid
1833 1625 2011 1680 edocti
2043 1638 2159 1678 non

540 1737 812 1801 caverint,
839 1733 947 1803 ipsi
971 1731 1252 1784 rationem
1270 1729 1386 1780 Deo
1412 1739 1514 1795 pro
1545 1723 1653 1776 hac
1683 1735 1854 1774 causa
1881 1715 2160 1772 reddituri

541 1834 690 1884 sunt.
739 1829 916 1881 Nemo
963 1829 1161 1878 tamen
1203 1819 1501 1890 episcopus
1539 1811 1898 1884 compellitur
1952 1809 2158 1862 invitus

2252 611 2509 680 junctam
2541 624 2657 660 non
2677 605 2909 667 habeat,
2937 616 3054 655 non
3083 599 3253 652 aliter
3280 596 3638 658 ordinator,
3659 589 3793 643 nisi
3817 588 3986 658 prius

2259 702 2330 754 ab
2353 717 2421 758 eo
2455 699 2554 769 qui
2583 699 2772 769 ipsum
2817 693 3050 748 ordinat
3095 691 3532 758 interrogatus,
3589 684 3987 754 proﬁteatur

2259 809 2421 863 posse
2449 809 2508 844 sc
2539 793 2662 860 post
2689 785 3120 842 ordinationem
3159 783 3249 835 vel
3280 780 3410 834 sine
3447 777 3762 848 legitima
3795 790 3983 826 uxore

2257 888 2409 939 caste
2425 883 2613 936 vivere
2636 899 2650 935 ε
2679 881 3012 950 nequeunte
3031 893 3100 930 eo
3122 874 3223 944 qui
3242 872 3514 936 ordinat,
3537 866 3984 923 ordinationis

2259 981 2542 1046 tempore,
2571 973 2810 1026 diacono
2839 969 3173 1040 permittere
3200 969 3266 1019 ut
3297 967 3436 1034 post
3485 959 3984 1016 ordinationem

2258 1084 2494 1122 uxorem
2527 1066 2714 1121 ducat.
2743 1063 2838 1118 Sin
2860 1077 2996 1115 vero
3032 1061 3143 1114 hoc
3181 1059 3306 1124 ﬁat,
3350 1057 3700 1126 episcopus
3752 1051 3872 1122 qui
3927 1050 3982 1104 id

2258 1159 2535 1231 permisit,
2556 1157 2890 1227 episcopatu
2913 1153 3158 1222 ejicitor.
3179 1149 3352 1214 Quod
3371 1149 3423 1202 si
3449 1150 3605 1218 post
3623 1144 3984 1200 ordinatio-

2258 1267 2392 1306 nem
2417 1249 2730 1322 presbyter,
2765 1250 2864 1300 aut
2889 1245 3188 1308 diaconus,
3219 1246 3325 1296 aut
3354 1239 3807 1295 subdiaconus
3834 1253 3980 1290 uxo-

2256 1360 2381 1400 rem
2409 1341 2656 1408 duxerit,
2698 1339 2920 1409 ejicitor
2965 1354 2996 1393 e
3035 1337 3214 1402 clero,
3257 1337 3318 1387 et
3365 1333 3562 1386 curiae
3598 1330 3891 1385 civitatis
3923 1328 3984 1382 in

2259 1452 2374 1507 qua
2417 1433 2653 1489 clericus
2685 1435 2810 1485 erat
2856 1446 2988 1483 cum
3029 1426 3200 1481 bonis
3241 1425 3364 1480 suis
3390 1424 3701 1479 traditor.
3743 1425 3904 1476 Item
3935 1423 3982 1475 si

2257 1529 2436 1582 lector
2462 1524 2765 1579 secundam
2787 1537 3022 1576 uxorem
3057 1517 3306 1584 duxerit,
3341 1519 3450 1571 aut
3493 1515 3796 1586 primam
3847 1514 3979 1584 qui-

2259 1620 2410 1685 dem,
2434 1617 2534 1672 sed
2549 1616 2800 1682 viduam,
2817 1617 2919 1668 aut
2939 1610 3186 1667 divortio
3210 1615 3568 1680 separatam
3602 1627 3645 1662 a
3681 1608 3852 1674 viro,
3879 1611 3980 1660 aut

2258 1711 2500 1782 legibus,
2528 1711 2629 1764 aut
2653 1707 2825 1762 sacris
2852 1705 3222 1760 interdictam
3249 1702 3629 1767 canonibus,
3669 1717 3814 1756 non
3849 1717 3978 1755 am-

2257 1804 2404 1875 plius
2431 1803 2504 1858 ad
2531 1801 2707 1856 alium
2740 1797 3194 1854 ecclesiasticum
3225 1794 3488 1866 gradum
3519 1793 3890 1866 procedito.
3912 1794 3980 1846 Et

541 1923 998 1993 qualemcunque
1047 1913 1314 1969 clericum
1356 1909 1459 1964 sub
1501 1909 1624 1978 ipso
1655 1903 2024 1960 constitutum
2055 1915 2156 1955 suo
2176 1879 2234 1952 B
2257 1897 2301 1951 si
2333 1910 2674 1967 quocunque
2706 1891 2882 1947 modo
2923 1890 2999 1946 ad
3029 1889 3327 1959 majorem
3350 1887 3634 1958 gradum
3659 1887 3976 1958 proveha-

543 2013 830 2068 dimittere
858 2010 1029 2063 clero.

613 2103 892 2160 Omnibus
920 2115 1052 2154 vero
1079 2094 1358 2167 episcopis
1389 2097 1446 2147 et
1481 2086 1828 2162 presbyteris
1867 2082 2156 2140 interdici-

543 2213 672 2252 mus
693 2213 763 2249 ne
790 2192 1118 2265 quempiam
1139 2206 1174 2243 a
1189 2203 1350 2242 sacra
1369 2181 1777 2239 communione
1798 2181 1955 2250 prius
1972 2191 2160 2246 segre-

546 2291 687 2360 gent
715 2303 886 2358 quam
919 2300 1087 2338 causa
1118 2282 1468 2335 monstretur
1499 2273 1874 2346 quamobrem
1907 2267 2159 2323 ecclesia-

545 2381 666 2434 stici
713 2381 821 2432 hoc
866 2391 1114 2432 canones
1162 2372 1286 2426 fieri
1320 2369 1546 2440 jubent.
1575 2366 1632 2421 Si
1660 2364 1786 2434 quis
1819 2365 2012 2416 autem
2040 2360 2159 2413 haec

544 2476 744 2530 contra
772 2489 806 2525 a
835 2472 1031 2524 sancta
1061 2462 1470 2520 communione
1499 2459 1752 2528 aliquem
1788 2451 2154 2525 separaverit,

542 2567 634 2620 ille
653 2564 885 2636 quidem
899 2561 992 2632 qui
1014 2559 1220 2629 injuste
1239 2573 1271 2609 a
1287 2550 1694 2608 communione
1717 2549 2011 2617 separatus
2031 2543 2156 2609 fuit,

540 2657 794 2713 resoluta
825 2651 1182 2724 separatione
1207 2663 1312 2720 per
1329 2645 1610 2714 majorem
1633 2639 2007 2705 sacerdotem,
2035 2652 2162 2690 san-

543 2755 632 2806 cta
655 2749 862 2818 dignus
881 2745 1152 2799 habeatur
1173 2737 1598 2794 communione.
1619 2738 1670 2790 ls
1689 2748 1820 2786 vero
1842 2730 1936 2800 qui
1955 2729 2160 2798 injuste

545 2843 792 2912 aliquem
811 2856 844 2892 a
859 2841 1052 2892 sancta
1068 2849 1330 2904 separare
1353 2826 1763 2884 communione
1778 2839 1946 2876 ausus
1965 2820 2156 2885 fuerit,

545 2933 812 2988 omnibus
841 2928 1030 2983 modis
1057 2943 1163 2997 per
1188 2923 1545 2978 sacerdotem
1585 2917 1686 2972 sub
1717 2932 1828 2986 quo
1857 2915 2160 2968 collocatus

545 3029 632 3080 est
659 3042 693 3078 a
714 3021 1114 3078 communione
1145 3015 1515 3086 separabilur,
1541 3012 1980 3081 quantocunque
2011 3009 2156 3058 tem-
2173 3033 2199 3055 ο

541 3133 684 3190 pore
709 3115 791 3168 illi
829 3114 1010 3166 visum
1041 3109 1167 3174 erit,
1207 3111 1267 3160 ut
1298 3105 1453 3176 quod
1491 3103 1698 3173 injuste
1728 3099 1822 3155 alii
1857 3097 2007 3163 fecit,
2040 3097 2157 3166 ipse

537 3206 691 3276 juste
722 3201 1012 3256 sustineat.
1041 3201 1120 3251 Ac
1147 3211 1332 3264 neque
1360 3191 1604 3263 propriis
1621 3189 1871 3258 aliquem
1896 3185 2160 3240 manibus

545 3297 808 3368 episcopo
831 3293 1126 3346 verberare
1147 3288 1296 3352 licet,
1319 3284 1599 3355 siquidem
1625 3282 1732 3335 hoc
1760 3280 2006 3334 alienum
2021 3295 2052 3331 a
2069 3293 2155 3330 sa-

545 3387 870 3445 cerdotibus
900 3387 1003 3438 est.
1037 3385 1197 3438 Certe
1230 3379 1274 3432 si
1301 3378 1426 3448 quis
1463 3375 1778 3446 episc0pus,
1808 3389 1937 3425 cum
1959 3386 2153 3424 secun-

544 3483 681 3537 dum
725 3475 1130 3534 ecclesiasticos
1175 3486 1420 3526 canones
1459 3465 1775 3523 sacerdotio
1810 3464 2022 3534 ejectus
2052 3465 2155 3536 est,

541 3573 768 3644 ingredi
787 3570 1070 3626 civitatem
1097 3565 1242 3620 ausit
1262 3580 1332 3617 ex
1351 3579 1460 3633 qua
1481 3561 1713 3631 ejectus,
1737 3559 1835 3612 aut
1860 3557 2047 3610 locum
2067 3554 2160 3608 de-

541 3667 868 3736 relinquere
899 3661 958 3716 in
994 3675 1104 3730 quo
1134 3658 1344 3728 degere
1355 3655 1546 3724 jussus
1575 3655 1678 3717 est;
1711 3649 1980 3720 jubemus
2010 3648 2158 3700 hunc

541 3759 602 3813 in
630 3753 1042 3812 monasterium
1071 3752 1128 3805 in
1150 3749 1259 3804 alia
1285 3745 1576 3819 provincia
1601 3742 1971 3798 constitutum
1989 3737 2154 3802 tradi,

540 3854 762 3922 utque:
789 3849 851 3903 in
876 3843 1186 3900 sacerdotio
1219 3841 1478 3910 deliquit,
1509 3855 1574 3893 ea
1604 3836 1821 3906 degens
1857 3833 1914 3887 in
1953 3847 2154 3886 mona-

544 3943 717 4000 sterio
745 3939 1012 4008 corrigat.

613 4035 858 4090 Clericos
883 4034 1074 4085 autem
1114 4042 1232 4081 non
1272 4023 1438 4078 aliter
1481 4020 1732 4076 ordinari
1770 4015 2155 4082 concedimus,

543 4125 654 4184 nisi
679 4126 896 4180 litteras
915 4122 1115 4186 sciant,
1145 4122 1204 4173 et
1222 4120 1379 4172 recta
1402 4116 1510 4170 ﬁde
1531 4132 1596 4169 ac
1624 4115 1865 4168 honesta
1888 4110 2001 4163 vita
2024 4109 2154 4174 sint,

545 4224 604 4276 et
619 4233 806 4289 neque
823 4213 1217 4279 concubinam,
1235 4225 1420 4280 neque
1439 4207 1728 4262 naturales
1740 4202 2047 4259 habuerint
2061 4203 2159 4254 aut

543 4313 791 4368 habeant
806 4309 1030 4373 liberos,
1052 4305 1149 4359 sed
1171 4303 1264 4374 qui
1288 4303 1372 4356 vel
1386 4299 1647 4356 caelibem
1659 4298 1834 4351 vitam
1845 4296 2040 4366 agunt,
2073 4293 2159 4347 vel

544 4419 782 4461 uxorem
821 4401 1143 4456 habuerunt
1169 4399 1268 4450 aut
1301 4394 1512 4448 habent
1549 4390 1884 4461 legitimam,
1929 4391 1986 4440 et
2028 4402 2156 4440 eam

542 4513 716 4555 unam
741 4499 800 4551 et
833 4491 1099 4566 primam,
1151 4505 1340 4559 neque
1381 4485 1632 4548 viduam,
1679 4497 1866 4552 neque
1916 4478 2156 4534 divortio

2179 3235 2234 3308 C

2256 1993 2367 2056 tur,
2399 1987 2697 2042 deﬁciatur
2723 1984 2794 2039 ab
2827 2000 2918 2050 eo,
2951 1987 3010 2038 et
3039 1981 3225 2053 priori
3253 1979 3652 2036 restituatur.

2327 2079 2438 2136 Sed
2471 2094 2658 2148 neque
2694 2075 3039 2140 cohortales,
3085 2089 3279 2144 neque
3331 2072 3728 2127 decuriones
3770 2071 3981 2126 clerici

2255 2173 2456 2238 fiunto,
2492 2188 2565 2224 ne
2605 2186 2720 2240 qua
2750 2167 2955 2222 exinde
3002 2164 3330 2220 venerabili
3382 2164 3612 2219 domui
3667 2165 3982 2220 inferatur

2257 2262 2622 2319 contumelia.
2657 2261 2717 2316 Si
2747 2277 2882 2314 vero
2909 2260 3055 2314 tales
3081 2273 3353 2329 personae
3394 2259 3778 2312 referantur
3823 2257 3981 2312 inter

2258 2357 2510 2421 clericos,
2535 2353 2773 2426 perinde
2801 2351 2964 2424 quasi
2989 2349 3284 2406 ordinatio
3318 2350 3484 2404 facta
3511 2367 3650 2405 non
3679 2354 3877 2417 esset,
3899 2351 3979 2404 ita

2257 2448 2505 2519 propriae
2541 2448 2786 2501 fortuna;
2826 2444 3232 2512 restituuntor,
3267 2442 3555 2512 dempto,
3611 2444 3668 2496 si
3715 2445 3813 2515 (ut
3843 2444 3982 2498 licet

2257 2540 2560 2610 conjicere)
2616 2537 3022 2592 monachicam
3074 2534 3290 2605 aliquis
3323 2551 3394 2588 ex
3419 2535 3577 2605 ipsis
3607 2537 3820 2591 vitam
3859 2553 3978 2590 non

2258 2632 2450 2688 minus
2474 2631 2803 2702 quindecim
2826 2629 2995 2682 annis
3024 2628 3405 2696 transegerit.
3451 2628 3645 2682 Tales
3674 2629 3857 2682 enim
3895 2646 3982 2683 or-

2259 2729 2442 2784 dinari
2461 2729 2752 2799 jubemus,
2781 2725 3045 2795 legitima
3071 2723 3348 2778 videlicet
3377 2725 3690 2794 portione
3719 2743 3762 2780 a
3801 2726 3979 2780 decu—

2258 2823 2421 2878 rione
2441 2819 2785 2891 assignanda
2805 2817 2976 2872 curia:
3005 2821 3064 2870 et
3093 2816 3459 2886 reipublicae.
3498 2817 3636 2872 Sed
3665 2823 3738 2872 et
3769 2819 3834 2873 in
3861 2820 3977 2873 cle-

2257 2931 2387 2970 rum
2405 2913 2612 2979 allecti,
2654 2910 2941 2966 monacho
2972 2909 3284 2964 decentem
3306 2909 3492 2963 vitam
3528 2911 3618 2966 ad
3654 2913 3873 2967 ﬁnem
3899 2930 3982 2966 us—

2259 3025 2368 3079 que
2397 3010 2720 3078 prmstanto.
2754 3005 2899 3058 Nam
2920 3002 2966 3056 si
2991 3006 3123 3074 post
3150 3001 3295 3056 cleri
3317 3003 3638 3058 honorem
3667 3006 3980 3078 adeptum

2257 3116 2496 3155 uxorem
2523 3097 2728 3167 aliquis
2750 3111 2953 3151 eorum
2983 3094 3238 3163 duxerit,
3269 3099 3375 3148 aut
3405 3097 3853 3154 concubinam
3885 3101 3985 3154 ba-

2256 3192 2462 3259 hucrit,
2498 3190 2688 3257 curim,
2719 3193 2820 3242 aut
2845 3187 3090 3254 cohorti,
3113 3191 3216 3242 aut
3243 3187 3532 3252 fortunae,
3563 3190 3670 3244 cui
3703 3197 3856 3248 erat
3877 3195 3980 3249 ob-

2258 3283 2474 3350 noxius,
2504 3281 2780 3350 redditor,
2815 3283 2879 3334 ut
2897 3281 3153 3334 maxime
3185 3280 3249 3334 in
3272 3297 3415 3334 eum
3445 3283 3744 3351 gradum
3799 3288 3985 3342 eccle-

2258 3377 2546 3431 siasticum
2571 3375 2806 3428 allectus
2836 3372 3032 3438 fuerit,
3067 3372 3128 3425 in
3143 3388 3262 3442 quo
3276 3374 3660 3430 constitutus
3677 3379 3919 3450 aliquis
3952 3398 3984 3434 a

2257 3469 2430 3524 sacris
2449 3467 2762 3523 canonibus
2790 3469 2847 3519 et
2874 3464 3102 3535 legibus
3124 3481 3378 3519 uxorem
3405 3465 3649 3522 ducere
3676 3488 3824 3526 non
3847 3491 3982 3544 pro-

2257 3561 2503 3615 hibetur.
2541 3557 2871 3628 Eademque
2900 3557 3022 3611 haec
3057 3561 3115 3610 et
3143 3557 3204 3611 in
3227 3557 3360 3611 aliis
3401 3558 3722 3616 omnibus
3755 3582 3979 3621 mona-

2256 3653 2376 3708 chis
2399 3652 2590 3706 valere
2603 3650 2910 3716 sancimus,
2931 3649 3029 3720 qui
3060 3666 3092 3702 e
3112 3649 3490 3706 monasterio
3515 3653 3606 3708 ad
3625 3671 3982 3726 quemcun.

2259 3762 2368 3818 que
2389 3744 2632 3816 gradum
2655 3742 3100 3797 ecclesiasticum
3125 3733 3617 3813 transferuntur,
3647 3753 3724 3803 et.
3753 3753 3810 3806 si
3835 3753 3978 3807 nulli

2257 3839 2503 3894 fortunae
2525 3836 2752 3891 obnoxii
2775 3834 3006 3890 fuerint.
3027 3835 3096 3888 Et
3112 3837 3487 3904 generaliter
3509 3839 3662 3910 lege
3693 3847 3980 3913 promul-

2259 3947 2481 4002 gamus,
2502 3945 2573 3983 ne
2587 3929 2676 3983 cui
2689 3927 2931 3983 liceatin
2949 3943 3306 3998 quocunque
3319 3929 3772 3992 ecclesiastico
3790 3941 3981 4010 gradu

2257 4021 2562 4078 constituto
2585 4020 2656 4074 ab
2677 4037 2747 4076 eo
2779 4019 3085 4088 decedere,
3111 4025 3172 4074 et
3199 4022 3565 4080 saecularem
3584 4027 3738 4084 ﬁeri
3765 4050 3783 4085 :
3813 4033 3982 4086 scitu-

2256 4116 2333 4170 ris
2357 4115 2446 4169 his
2467 4115 2564 4184 qui
2593 4113 2672 4168 ita
2693 4113 2939 4184 egerint,
2965 4113 3124 4183 quod
3146 4116 3206 4166 et
3243 4113 3497 4186 cingulo
3529 4119 3609 4188 (si
3645 4125 3840 4192 quod
3875 4123 3980 4181 illis

2258 4203 2595 4258 attributum
2628 4200 2756 4272 erit)
2795 4205 2895 4255 aut
2934 4200 3240 4272 dignitate,
3273 4207 3380 4256 aut
3411 4205 3654 4262 militia
3691 4211 3974 4269 denuda-

2256 4295 2490 4362 buntur,
2517 4297 2576 4348 et
2607 4291 2824 4348 cohorti
2845 4293 3090 4348 civitatis
3122 4311 3244 4349 suae
3270 4296 3634 4356 tradentur.
3673 4304 3810 4368 Qui
3843 4323 3976 4362 vero

2257 4393 2391 4444 ante
2423 4389 2570 4442 hanc
2603 4389 2860 4442 nostram
2890 4387 3086 4458 legem
3121 4403 3152 4440 e
3177 4388 3391 4444 curiali
3414 4391 3693 4452 fortuna
3709 4399 3978 4456 ordinati

2259 4483 2389 4534 sunt
2427 4477 2634 4546 clerici,
2667 4477 3094 4549 patrimonialia
3131 4495 3395 4536 munera
3431 4501 3556 4556 per
3607 4490 3977 4548 substituti“

542 4592 863 4666 separatam
891 4603 922 4640 a
951 4584 1092 4651 viro,
1126 4597 1310 4652 neque
1345 4577 1561 4648 alioqui
1603 4575 1824 4646 legibus
1857 4575 1956 4628 aut
1990 4571 2158 4626 sacris
2176 4589 2234 4662 D
2258 4589 2532 4645 personas
2547 4571 2851 4642 implente,
2877 4587 2910 4624 a
2935 4572 3348 4642 personalibus
3377 4573 3566 4634 liberi
3595 4598 3972 4642 conservan-

541 4665 903 4743 interdictam
923 4676 1250 4734 canonibus.
1283 4671 1679 4742 Presbyterum
1707 4683 1841 4721 vero
1869 4665 2156 4719 minorem

543 4777 710 4834 annis
749 4773 980 4844 triginta
1016 4769 1268 4840 quinque
1307 4765 1433 4818 fieri
1474 4779 1590 4816 non
1629 4758 2012 4815 concedimus.
2046 4755 2157 4810 Sed

541 4885 730 4942 neque
756 4867 1057 4922 diaconum
1078 4864 1178 4916 aut
1203 4858 1612 4913 subdiaconum
1644 4853 1930 4906 minorem
1958 4847 2155 4919 viginti

544 4963 828 5034 quinque;
863 4973 1048 5028 neque
1069 4955 1208 5008 item
1237 4953 1514 5006 lectorem
1543 4946 1830 5000 minorem
1859 4941 2024 4996 annis
2053 4941 2154 4994 de-

545 5071 667 5110 cem
697 5057 756 5108 et
791 5055 936 5106 octo.
968 5045 1295 5103 Diaconissa
1321 5045 1512 5098 autem
1560 5039 1620 5092 in
1669 5040 1864 5091 sancta
1911 5033 2158 5090 Ecclesia

543 5164 661 5202 non
693 5145 1002 5210 ordinator,
1037 5155 1164 5211 quae
1200 5137 1390 5192 minor
1421 5130 1807 5204 quadraginta
1846 5127 2010 5182 annis
2063 5126 2154 5193 sit,

545 5242 644 5294 aut
670 5237 742 5291 ad
773 5235 1047 5291 secundas
1075 5229 1333 5304 pervenit
1361 5225 1606 5297 nuptias.

613 5333 890 5385 Caeterum
907 5326 950 5382 si
978 5331 1238 5394 tempore
1259 5316 1636 5377 ordinationis
1665 5317 1865 5370 contra
1890 5311 2156 5366 clericum

542 5425 928 5494 cujuscunque
958 5417 1174 5473 ordinis
1219 5417 1318 5468 aut
1347 5411 1558 5482 gradus
1604 5411 1899 5462 accusator
1953 5404 2158 5475 aliquis

541 5519 768 5574 exortus
797 5513 987 5576 fuerit,
1012 5507 1112 5578 qui
1133 5507 1281 5560 dicat
1307 5503 1608 5572 indignum
1629 5515 1762 5554 eum
1785 5515 1904 5552 esse
1923 5496 2154 5552 ordina-

541 5611 722 5676 tione,
752 5605 1012 5661 ditfertor
1037 5600 1160 5669 ipsa
1181 5595 1484 5660 ordinatio,
1507 5597 1563 5648 et
1583 5591 1797 5657 omnia,
1822 5594 1941 5644 tam
1963 5589 2020 5644 in
2034 5605 2159 5643 exa-

541 5701 861 5757 minatione
893 5708 1068 5766 quam
1093 5691 1154 5744 in
1181 5687 1449 5753 censuris,
1482 5683 1858 5756 procedunto,
1883 5698 2007 5752 quae
2040 5681 2158 5752 qui-

545 5795 679 5848 dem
706 5792 768 5846 in
796 5790 1194 5861 episcOporum
1215 5777 1668 5833 ordinationibus
1692 5774 1951 5847 superius
1978 5773 2160 5829 sanxi-

545 5901 693 5940 mus.
737 5883 1037 5938 Enimvero
1073 5875 1119 5930 si
1149 5873 1196 5929 is
1227 5871 1322 5941 qui
1366 5868 1716 5924 ordinandus
1755 5870 1841 5922 est
1885 5865 2158 5923 diaconus

2259 4663 2485 4720 tor.Scd
2503 4679 2688 4734 neque
2705 4661 2979 4716 clericum
2993 4663 3400 4737 cujuscunque
3424 4673 3680 4738 gradus
3704 4677 3866 4735 dare
3883 4679 3977 4734 alio

2255 4757 2394 4830 quid
2419 4755 2498 4810 illi
2529 4773 2563 4810 a
2589 4771 2702 4826 quo
2737 4753 3056 4822 ordinatur,
3081 4759 3186 4810 aut
3222 4759 3596 4835 quicunque
3634 4769 3754 4825 alii
3785 4789 3976 4844 pergo-

2254 4868 2344 4946 nae
2371 4847 2758 4914 concedimus,
2787 4847 2888 4902 sed
2918 4847 3068 4902 solas
3099 4850 3370 4919 praebere
3388 4853 3612 4926 ipsum
3651 4871 3978 4921 consuetu-

2257 4942 2440 5008 dines,
2461 4959 2525 4997 ex
2554 4957 2714 4995 more
2736 4940 3139 5012 percipiendas
3174 4943 3249 4998 ab
3273 4942 3369 4999 his
3398 4950 3512 5018 qui
3553 4955 3894 5016 ordinanti
3923 4962 3976 5014 in

2257 5034 2575 5090 ministerio
2612 5037 2764 5101 sunt,
2804 5049 2933 5104 quae
2957 5038 3158 5090 tamen
3191 5036 3372 5091 unius
3410 5045 3573 5098 anni
3613 5047 3833 5108 diaria
3869 5071 3974 5108 non

2257 5126 2552 5183 excedant.
2587 5127 2751 5182 Certe
2783 5125 2842 5180 in
2870 5133 3240 5182 sacrosancta
3273 5133 3546 5190 ecclesia
3585 5139 3659 5195 in
3685 5160 3818 5216 qua
3845 5165 3972 5202 cont

2257 5219 2522 5288 stituitur,
2555 5221 2617 5272 ut
2659 5217 2917 5272 divinum
2951 5219 3195 5290 impleat
3215 5222 3693 5296 ministerium.
3729 5241 3976 5295 omnino

2257 5329 2327 5368 ne
2352 5311 2638 5366 tantillum
2667 5311 2904 5382 quidem
2937 5312 3177 5384 collegis
3210 5315 3333 5370 suis
3373 5334 3496 5390 pro
3549 5295 3974 5390 insinuatione

2257 5422 2356 5460 sua
2383 5405 2538 5472 dato,
2580 5419 2768 5476 neque
2797 5408 3036 5476 propter
3068 5405 3220 5460 hanc
3262 5424 3529 5470 causam
3560 5423 3819 5481 solauis
3848 5426 3958 5481 suis

2256 5497 2496 5592 aut-aliis
2517 5468 3016 5592 distributionibus
3033 5499 3456 5592 defraudatur.

2258 5589 2572 5656 nodochus,
2607 5593 2706 5644 aut
2740 5589 3229 5662 prochotrOphus,
3269 5599 3382 5650 aut
3423 5589 3856 5668 nosocomds.
3890 5615 3976 5668 aut

2257 5682 2642 5776 cujuscunque
2653 5657 2887 5738 alterius
2907 5657 3262 5740 venerabilis
3284 5687 3526 5750 domus

2257 5774 2358 5846 qui
2370 5775 2826 5847 qualemcunque
2847 5775 3309 5841 ecclesiasticam
3324 5747 3977 5855 solliciti-:d'itnueKtra:

2259 5869 2394 5934 ctat,
2419 5866 2548 5922 dato
2562 5866 2781 5939 ahquid
2813 5867 2898 5922 illi
2919 5883 2954 5923 θ,
2985 5884 3104 5940 quo
3126 5883 3576 5958 promovetur,
3611 5894 3732 5947 aut
3760 5895 3978 5949 cuicun-
