4088 6438
230 387 386 440 1029

1068 381 1431 440 JUS’I‘INIANI
1470 381 1798 439 NOVELLXE
1837 380 2166 441 SELECT/E.
2208 380 2516 439 NOVELLA
2553 378 2777 437 CXXIII.

3468 380 3602 436 1030

221 508 351 561 que
378 489 473 545 alii
504 506 765 562 persona
789 506 894 562 pro
924 490 1139 545 credita
1167 492 1273 546 sibi
1299 492 1739 563 dispensatione.
1769 493 1871 557 Qui
1894 511 1947 581 Α
1973 492 2532 563 comprehendimus.
2595 492 2655 544 In
2707 487 2973 543 omnibus
3038 491 3231 542 autem
3291 486 3606 542 forensibus

221 587 437 637 autem
467 588 662 638 contra
680 585 802 639 hac
828 600 957 655 qua
987 584 1389 655 disposuimus,
1422 585 1511 639 vel
1534 585 1746 656 aliquid
1773 586 1870 641 de-

222 676 408 745 derit,
445 677 534 731 vel
573 676 871 748 acceperit,
903 677 991 731 vel
1039 677 1323 732 mediator
1350 678 1529 733 factus
1568 679 1758 747 fuerit,
1791 696 1871 732 sa-

221 770 510 836 cerdotio,
563 770 677 825 sive
723 771 892 837 clero,
931 771 1047 823 sive
1081 770 1297 825 credita
1343 771 1450 825 sibi
1492 770 1870 842 qualicunque

221 862 732 917 administratione
756 862 1152 933 denudabitur,
1181 863 1269 917 his
1289 880 1414 935 qua
1441 864 1571 918 data
1594 866 1727 917 sunt
1745 864 1868 918 vin-

220 954 491 1010 dicandis
519 955 829 1010 venerabili
867 956 1062 1010 domui
1093 956 1254 1027 cujus
1300 956 1736 1025 ordinationem,
1774 960 1873 1011 aut

220 1048 702 1115 sollicitudinem,
729 1052 829 1103 aut
864 1049 1339 1119 dispensationem
1367 1050 1493 1104 talis
1518 1065 1760 1120 persona
1787 1065 1874 1104 ac-

218 1141 472 1212 ceperit.
513 1141 569 1195 Si
606 1141 892 1196 sacularis
935 1142 1006 1196 sit
1053 1141 1152 1212 qui
1191 1142 1424 1212 accepit,
1452 1147 1551 1197 aut
1591 1142 1871 1198 mediator

217 1234 446 1301 exsitit,
476 1234 634 1306 quod
664 1234 865 1289 datum
891 1239 976 1290 est
1016 1234 1077 1290 in
1103 1235 1344 1306 duplum
1374 1236 1654 1307 exigetur,
1689 1241 1744 1290 et
1770 1252 1866 1290 ve-

216 1326 478 1383 nerabili
503 1327 699 1383 domui
725 1328 785 1382 in
820 1344 932 1398 qua
960 1328 1391 1398 ordinationem,
1419 1331 1519 1384 aut
1540 1328 1867 1384 sollicitudi-

218 1437 391 1490 nem,
424 1425 526 1475 aut
554 1420 1032 1491 dispensationem
1056 1422 1294 1492 accepit,
1326 1421 1630 1493 prabetor.

306 1514 371 1569 Si
398 1513 526 1585 quis
552 1529 685 1568 vero
711 1514 1099 1586 cujuscunque
1129 1515 1338 1585 gradus
1357 1514 1615 1582 clericus,
1642 1519 1741 1569 aut
1768 1531 1865 1569 cu-

209 1607 557 1678 juscunque
596 1607 930 1663 venerabilis
968 1608 1171 1663 domus
1213 1607 1586 1678 dispensator,
1614 1608 1706 1662 vel
1737 1611 1868 1661 ante

219 1700 660 1756 ordinationem
686 1700 1025 1756 creditamve
1046 1701 1152 1756 sibi
1165 1701 1615 1772 qualemcunque
1645 1700 1870 1772 dispen-

217 1794 537 1861 sationem,
579 1798 678 1849 aut
729 1794 1188 1862 sollicitudinem,
1222 1795 1309 1849 vel
1358 1797 1571 1865 postea,
1627 1794 1870 1850 voluerit

1969 586 2105 639 locis
2130 584 2412 639 sancimus
2436 587 2502 638 ut
2526 582 2806 652 siquidem
2833 581 2881 634 is
2912 580 3010 651 qui
3051 580 3209 635 initio
3229 579 3473 635 instituit
3501 598 3599 636 ex-

1971 677 2382 747 adificavitque
2448 675 2762 744 ecclesiam,
2814 672 3093 728 definierit
3152 672 3599 728 ordinandorum

1967 771 2225 839 modum,
2253 770 2529 824 nimirum
2553 769 2625 823 ad
2652 783 2787 823 eum
2815 767 2984 821 etiam
3008 769 3267 837 sumptus
3290 782 3601 821 accommo-

1969 863 2127 930 dans,
2158 879 2271 929 non
2296 863 2452 932 prius
2478 861 2682 932 aliquis
2718 860 2777 913 in
2808 875 2934 913 eam
2961 858 3251 912 ecclesiam
3264 859 3594 926 .ordinetur,

1971 972 2143 1026 quam
2166 956 2237 1009 ad
2264 970 2571 1009 numerum
2593 952 2753 1008 initio
2781 952 3081 1006 deﬁnitum
3105 967 3304 1006 eorum
3330 968 3597 1006 mensura

1968 1048 2192 1103 redacta
2215 1048 2303 1101 sit.
2333 1047 2427 1101 Sin
2454 1047 2643 1101 minus
2662 1046 2870 1100 factum
2898 1045 2988 1113 sit,
3013 1044 3135 1115 ipsa
3153 1048 3347 1099 autem
3361 1045 3598 1100 civitatis

1969 1140 2205 1196 ecclesia
2222 1156 2474 1195 annonas
2496 1140 2600 1193 sibi
2628 1139 2957 1209 caterisque
2983 1138 3229 1192 ecclesiis
3257 1138 3594 1209 suppeditet,

1968 1238 2105 1290 tunc
2133 1250 2249 1289 non
2274 1238 2487 1288 temere
2516 1232 2847 1286 clericorum
2874 1231 2986 1284 illic
3016 1247 3320 1285 numerum
3367 1237 3591 1302 augeat,

1967 1344 2152 1399 neque
2183 1330 2414 1397 prepter
2458 1325 2674 1395 aliquas
2709 1325 2853 1378 forte
2898 1323 3218 1378 affectiones
3259 1322 3461 1393 animi,
3497 1330 3596 1379 aut

1969 1420 2230 1491 gratiam,
2251 1418 2574 1489 sumptibus
2601 1418 2783 1489 ipsam
2812 1416 2944 1471 inde
2976 1416 3434 1486 provenientibus
3464 1433 3597 1473 one-

1966 1518 2073 1569 ret.
2100 1514 2292 1583 Neque
2315 1512 2469 1566 enim
2499 1510 2635 1565 talia
2665 1510 2863 1581 pietati
2902 1514 3280 1564 consentanea
3314 1516 3466 1578 sunt,
3497 1514 3597 1565 aut

1967 1606 2251 1660 sacerdote
2279 1605 2473 1676 digna,
2497 1604 2596 1658 sed
2616 1620 2684 1658 ex
2714 1603 2782 1657 iis
2802 1619 2932 1673 qua
2960 1602 3228 1657 Dominus
3257 1604 3407 1656 Deus
3432 1603 3599 1659 dede-

1966 1699 2061 1767 rit,
2092 1715 2194 1770 pro
2219 1697 2575 1752 facultatibus
2607 1696 2962 1766 erogationes
2999 1695 3187 1764 faciat,
3218 1701 3316 1750 aut
3342 1701 3593 1752 veterem

1967 1793 2167 1847 saltem
2192 1790 2660 1847 consuetudinem
2690 1789 2970 1858 observet,
2999 1788 3143 1842 nihil
3167 1788 3390 1858 penitus
3422 1789 3590 1844 inno-

216 1886 453 1959 aliquid
476 1903 672 1943 rerum
697 1904 931 1944 suarum
951 1887 1157 1943 offerre
1177 1887 1424 1943 ecclesia
1441 1887 1503 1941 in
1522 1903 1636 1958 qua
1650 1887 1871 1945 ordina-
1888 1876 1945 1949 Β
1969 1902 2124 1941 vans.

216 1986 348 2047 tur,
377 1986 477 2035 aut
491 1980 617 2035 loco
640 1981 801 2051 cujus
814 1981 1293 2053 dispensationem
1314 1985 1415 2037 aut
1434 1980 1865 2036 sollicitudinem

216 2073 493 2144 suscipit,
536 2090 653 2129 non
697 2074 886 2129 solum
923 2074 983 2129 id
1024 2074 1151 2129 ﬁeri
1187 2090 1303 2129 non
1342 2073 1737 2145 prohibemus,
1771 2074 1868 2128 sed

216 2167 406 2223 etiam
438 2168 806 2224 cohortamur
825 2184 919 2223 eos
940 2171 1004 2221 ut
1022 2184 1126 2240 pro
1156 2168 1333 2222 salute
1358 2168 1566 2222 anima
1595 2183 1711 2222 sua
1735 2168 1868 2222 talia

214 2260 465 2315 faciant.
498 2262 606 2316 Nos
636 2262 791 2316 enim
818 2277 884 2316 ea
909 2262 1025 2316 sola
1056 2260 1178 2316 dari
1198 2260 1567 2332 prohibemus
1595 2277 1723 2331 qua
1748 2277 1868 2331 spe-

217 2353 474 2410 cialibus
500 2354 785 2426 aliquibus
810 2355 1140 2426 prabentur
1154 2354 1431 2425 personis,
1456 2371 1570 2408 non
1593 2370 1720 2425 qua
1746 2371 1868 2408 san-

217 2447 336 2502 ctis
368 2447 637 2518 ecclesiis,
665 2453 766 2503 aut
788 2447 908 2502 aliis
932 2447 1348 2503 venerabilibus
1370 2447 1507 2502 locis
1529 2446 1862 2501 offeruntur.

301 2540 362 2595 Si
389 2556 600 2609 servus,
631 2540 842 2596 sciente
870 2540 1101 2595 domino
1128 2546 1184 2596 et
1211 2557 1326 2595 non
1352 2540 1769 2595 contradicente
1806 2540 1865 2593 in

216 2634 451 2688 clerum
472 2633 771 2705 allegatur,
795 2650 859 2687 ex
879 2633 999 2704 ipsa
1017 2633 1309 2688 allectione
1333 2633 1478 2687 liber
1503 2637 1560 2687 et
1586 2632 1867 2703 ingenuus

214 2730 373 2782 esto.
405 2727 546 2780 Nam
561 2726 608 2780 si
626 2727 922 2797 ignorante
950 2725 1181 2781 domino
1208 2726 1526 2781 celebretur
1558 2725 1860 2795 ordinatio,

212 2818 525 2874 licentiam
574 2819 780 2873 habeto
820 2818 1085 2873 dominus
1122 2818 1270 2872 intra
1306 2817 1442 2872 anni
1490 2818 1761 2889 spatium,
1808 2824 1864 2873 et

214 2912 467 2985 quidem
522 2911 690 2966 unius
736 2916 979 2980 tantum,
1022 2911 1314 2966 fortunam
1363 2911 1752 2982 comprobare,
1809 2914 1866 2965 et

215 3021 466 3060 servum
497 3021 665 3059 suum
695 3004 970 3076 recipere.
1000 3004 1159 3068 Quod
1188 3004 1235 3059 si
1255 3020 1466 3071 servus,
1494 3004 1607 3059 sive
1635 3004 1864 3070 sciente,

215 3099 351 3154 sive
402 3097 700 3169 ignorante
743 3098 825 3167 (ut
860 3097 1126 3167 diximus)
1174 3097 1424 3167 domino,
1472 3097 1767 3152 allectione
1810 3098 1869 3151 in

213 3193 451 3247 clerum
482 3191 626 3245 liber
657 3192 854 3259 factus,
888 3190 1326 3246 ecclesiasticum
1364 3190 1742 3245 ministerium
1770 3206 1861 3245 re-

210 3286 473 3357 linquat,
522 3288 579 3338 et
612 3284 682 3338 ad
727 3285 1058 3339 sacularem
1103 3284 1274 3339 vitam
1313 3286 1579 3353 transeat,
1631 3283 1863 3338 domino

2040 1978 2194 2034 Unde
2230 1977 2492 2033 convenit
2531 1980 2595 2031 ut
2627 1975 2728 2031 Dei
2758 1974 3133 2030 amantissimi
3169 1973 3503 2045 patriarcha
3540 1978 3598 2029 et

1966 2071 2389 2143 metropolitani
2414 2071 2472 2125 in
2492 2086 2618 2125 eam
2638 2085 2763 2124 rem
2782 2068 3197 2139 providentiam
3222 2068 3514 2134 collocent,
3537 2073 3594 2121 et

1964 2169 2079 2220 tam
2109 2182 2206 2220 eos
2233 2165 2468 2219 clericos
2498 2163 2596 2235 qui
2610 2163 2781 2217 modo
2808 2165 2941 2217 sunt
2968 2177 3038 2215 ea
3061 2161 3247 2215 forma
3266 2160 3593 2231 relinquant

1964 2275 2078 2330 qua
2103 2263 2255 2327 sunt,
2286 2274 2460 2328 quam
2486 2257 2657 2312 etiam
2676 2256 2950 2326 cujusque
2977 2253 3128 2308 inter
3156 2272 3216 2308 se
3238 2253 3485 2308 ecclesia
3512 2254 3592 2307 vi-

1963 2366 2055 2406 res
2082 2350 2409 2405 metiantur.
2441 2352 2622 2420 Atque
2652 2349 2730 2403 ita
2756 2353 2881 2402 tum
2917 2346 3026 2417 ipsi
3055 2345 3463 2417 religiosissimi
3490 2362 3593 2417 pa-

1963 2443 2224 2498 triarcha
2252 2443 2357 2497 sub
2384 2459 2441 2496 se
2468 2442 2674 2512 positas
2700 2440 2962 2497 ecclesias
2988 2439 3047 2493 in
3085 2439 3347 2494 ordinem
3368 2445 3595 2509 cogant,

1963 2540 2086 2591 tum
2113 2535 2535 2606 metropolitani
2568 2535 2637 2590 de
2670 2534 2782 2589 hoc
2816 2551 2851 2587 a
2876 2532 3312 2603 religiosissimis
3352 2531 3593 2602 patriar-

1964 2630 2085 2683 chis
2105 2628 2402 2695 admoniti,
2434 2632 2491 2682 et
2516 2627 2667 2683 idem
2692 2626 2918 2694 faciant,
2949 2630 3005 2680 et
3030 2641 3227 2680 omnes
3252 2625 3388 2678 alios
3412 2625 3516 2678 sub
3537 2641 3595 2681 se

1964 2722 2291 2777 constitutos
2340 2721 2628 2792 episcopos
2673 2720 2745 2774 ad
2783 2720 2929 2774 hanc
2972 2717 3589 2773 commensurationem

1966 2814 2217 2885 adigant,
2249 2830 2360 2885 quo
2390 2813 2575 2884 magis
2616 2829 2845 2884 operam
2881 2812 3018 2867 dent
3049 2828 3122 2866 ne
3164 2811 3315 2866 ultra
3358 2811 3593 2866 modum

1966 2925 2164 2963 census
2219 2908 2555 2962 clericorum
2590 2906 2975 2961 ordinationes
3032 2904 3335 2959 celebrent.
3379 2904 3595 2959 Scimus

1967 3001 2122 3057 enim
2147 3017 2320 3073 quam
2348 3001 2542 3055 multa
2561 3017 2630 3055 ex
2657 3000 2761 3054 hac
2781 2998 3228 3053 ordinandorum
3254 3002 3310 3053 et
3335 3002 3595 3069 sumptus

1967 3094 2142 3149 effusa
2168 3093 2550 3150 immensitate
2574 3096 2937 3148 sacrosancta
2982 3090 3232 3147 ecclesia
3269 3090 3463 3163 inopia
3499 3108 3598 3162 op-

1966 3204 2177 3259 pressa
2207 3188 2337 3254 sint,
2362 3187 2629 3258 quodque
2657 3186 2956 3241 nonnullas
2981 3202 3051 3239 ex
3076 3183 3233 3255 ipsis,
3262 3184 3392 3239 licet
3418 3200 3589 3255 agre,

1962 3280 2304 3335 servarimus
2331 3282 2551 3344 tamen;
2575 3278 2841 3349 quadam
2864 3294 2998 3332 vero
3025 3277 3343 3332 etiamnum
3373 3283 3592 3331 onusta

213 3395 337 3435 suo
370 3378 430 3432 in
469 3378 801 3432 servitutem
842 3377 1103 3432 traditor.
1134 3376 1487 3448 Ascriptitios
1516 3393 1645 3432 vero
1683 3376 1742 3431 in
1776 3377 1864 3432 his
1955 3373 2198 3444 jaceant,
2228 3374 2584 3442 nequeuntes
2611 3387 2680 3425 ex
2706 3375 2862 3425 tanta
2889 3386 2948 3424 se
2972 3386 3167 3426 rerum
3211 3370 3479 3440 angustia
3506 3370 3590 3423 ef-

217 3471 372 3528 solis
401 3470 852 3541 possessionibus
881 3486 1125 3542 quarum
1153 3469 1431 3541 ascriptiti
1455 3475 1606 3540 sunt,
1637 3470 1863 3524 clericos

210 3565 374 3621 citra
394 3565 740 3619 voluntatem
765 3563 1133 3618 dominorum
1154 3563 1275 3618 fieri
1293 3563 1670 3629 concedimus,
1698 3580 1761 3618 ea
1786 3568 1864 3617 ta-

207 3674 362 3716 men
392 3657 738 3726 conditione,
765 3662 832 3711 ut
856 3656 1043 3712 clerici
1068 3656 1200 3711 facti
1226 3656 1601 3712 nihilominus
1622 3657 1860 3728 imposi-

210 3758 351 3809 tam
378 3750 483 3805 sibi
502 3749 967 3822 agricolationem
996 3750 1369 3821 adimpleant.

298 3845 358 3901 Si
409 3845 535 3915 quis
572 3842 885 3899 oratorium
913 3844 1272 3911 exstruxerit,
1305 3843 1656 3915 volueritque
1683 3842 1742 3897 in
1793 3860 1861 3899 eo

206 3936 557 4015 promoveri
605 3937 860 4006 clericos,
906 3937 992 3992 vel
1021 3937 1159 4008 ipse,
1205 3936 1292 3991 vel
1339 3937 1592 3992 haredes
1635 3937 1777 4008 ejus,
1816 3938 1862 3991 si

207 4036 463 4102 sumptu
490 4030 600 4103 ipsi
628 4030 844 4085 clericis
879 4030 1327 4097 subministrant,
1357 4035 1413 4085 et
1448 4030 1650 4102 dignos
1676 4031 1861 4085 nomi-

206 4124 508 4194 naverint,
547 4124 825 4179 nominati
867 4124 1221 4179 ordinantor.
1263 4123 1323 4179 Si
1351 4140 1481 4179 vero
1509 4123 1607 4194 qui
1632 4124 1703 4178 ab
1728 4124 1862 4195 ipsis

210 4218 394 4277 electi
419 4222 553 4273 sunt
581 4234 679 4273 eos
707 4219 980 4289 tanquam
1008 4217 1276 4288 indignos
1305 4216 1557 4272 ordinari
1576 4218 1717 4272 sacri
1737 4235 1862 4289 pro-

206 4311 511 4372 hibebunt
533 4327 800 4381 canones,
830 4316 965 4365 tunc
1005 4312 1259 4366 locorum
1293 4310 1699 4365 sacratissimus
1748 4311 1864 4382 epi-

209 4423 434 4477 scopus
464 4421 555 4460 eos
583 4422 729 4476 quos
755 4405 1173 4475 prastantiores
1226 4404 1507 4475 putaverit
1540 4404 1861 4475 promoveri

207 4515 426 4558 curam
451 4499 625 4569 agito.
656 4499 947 4553 Sancimus
971 4504 1164 4553 autem
1194 4502 1255 4552 ut
1274 4498 1733 4553 reverendissimi
1758 4498 1863 4553 cle-

208 4594 333 4653 rici
364 4609 494 4648 suas
537 4592 745 4648 obeant
784 4592 1065 4659 ecclesias,
1113 4597 1169 4647 et
1208 4608 1378 4647 omne
1426 4592 1939 4680 ecclesiasticumD

208 4686 613 4746 ministerium
631 4685 768 4757 ipsis
787 4690 1113 4757 competens
1134 4684 1429 4756 impleant,
1447 4685 1551 4740 hoc
1571 4684 1862 4757 requiren.

208 4782 380 4840 tibus
403 4783 519 4835 tam
545 4777 986 4851 uniuscujusque
1014 4778 1254 4835 civitatis
1295 4779 1715 4849 religiosissime
1739 4778 1859 4849 epi-

213 4891 422 4946 scopo,
459 4890 635 4945 quam
687 4873 1088 4941 ecclesiasticis,
1142 4874 1241 4944 qui
1299 4872 1358 4927 in
1402 4888 1628 4944 quoque
1682 4872 1862 4943 gradu

215 4968 550 5045 primatum
588 4967 818 5036 habent,
859 4970 1030 5038 atque
1057 4966 1177 5021 hac
1216 4983 1332 5021 non
1371 4966 1729 5025 observantes
1759 4964 1861 5019 sub

209 5061 564 5121 canonicam
591 5060 978 5131 redigentibus
1005 5077 1319 5116 censuram.
1348 5060 1648 5114 Enimvero
1677 5075 1861 5129 neque

210 5154 434 5214 effusas
459 5154 527 5208 de
545 5156 751 5207 catero
762 5153 886 5208 fieri
901 5151 1510 5208 reverendissimorum
1531 5151 1862 5207 clericorum

209 5247 613 5307 ordinationes
639 5247 922 5302 convenit.
951 5248 1090 5301 Nam
1116 5247 1266 5317 quod
1296 5262 1475 5317 usque
1506 5245 1691 5301 adhuc
1713 5244 1860 5300 obti-

212 5341 380 5408 nuit,
414 5339 638 5396 tametsi
683 5341 1049 5396 emendatum
1091 5339 1361 5411 oportuit,
1403 5344 1591 5394 tamen
1628 5344 1863 5410 propter

208 5443 457 5505 tempus
476 5433 873 5505 relinquimus.
898 5433 977 5489 De
999 5436 1205 5489 caetero
1221 5435 1413 5488 autem
1438 5449 1554 5488 non
1571 5438 1783 5487 temere
1805 5431 1862 5486 id

209 5527 375 5593 ﬁeri,
406 5542 595 5598 neque
618 5526 679 5582 in
700 5526 976 5581 damnum
992 5530 1477 5581 sacrosanctamm
1499 5524 1863 5580 ecclesiarum

212 5621 431 5680 cedere
461 5619 766 5675 sancimus.
797 5621 931 5683 Qua
970 5618 1150 5689 igitur
1196 5618 1257 5674 in
1283 5618 1611 5689 hujusmodi
1641 5617 1862 5672 casibus

214 5714 383 5774 circa
409 5717 819 5769 sacrosanctam
847 5712 1022 5784 regia
1058 5711 1229 5781 hujus
1253 5716 1460 5767 nostra
1488 5706 1645 5765 urbis
1683 5709 1861 5766 eccle-

214 5809 399 5878 siam,
427 5812 485 5864 et
506 5809 884 5863 sacrosanctas
917 5804 1178 5862 ecclesias
1215 5804 1322 5862 sub
1362 5804 1504 5877 ipsa,
1531 5818 1719 5875 neque
1746 5820 1862 5859 non

215 5902 376 5968 alias
425 5901 517 5958 hic
574 5900 805 5977 positas,
850 5898 976 5957 ﬁeri
1025 5903 1302 5973 oporteat,
1344 5914 1411 5956 ea
1457 5895 1689 5971 speciali
1736 5897 1863 5970 lege

1962 3467 2129 3520 ferre.
2170 3466 2522 3535 Quapropter
2546 3462 2959 3535 providentiam
3006 3461 3065 3516 in
3096 3462 3244 3515 hanc
3272 3478 3396 3516 rem
3423 3462 3585 3516 adhi-

1960 3559 2176 3614 bebunt
2199 3556 2532 3612 sanctissimi
2560 3555 2915 3627 patriarcha,
2946 3559 3002 3610 et
3025 3555 3462 3625 metropolitani,
3496 3572 3591 3611 nc—

1962 3667 2073 3723 que
2095 3668 2213 3707 non
2235 3650 2441 3721 reliqui
2466 3649 2568 3704 Dei
2593 3648 2967 3704 amantissimi
2997 3648 3263 3720 episcopi,
3287 3652 3351 3702 ut
3377 3664 3492 3702 non
3519 3648 3589 3705 de

1962 3745 2050 3800 his
2073 3762 2201 3817 qua
2225 3744 2295 3799 ab
2326 3743 2459 3815 ipsis
2490 3744 2640 3798 facta
2674 3746 2806 3797 sunt
2832 3740 3016 3797 edocti
3043 3758 3136 3796 eos
3170 3741 3585 3812 amplexemur,

1960 3840 2112 3913 quod
2140 3840 2325 3911 legem
2352 3838 2518 3894 nudis
2554 3836 3021 3909 comprehensam
3047 3836 3245 3892 litteris
3274 3836 3409 3907 ipsis
3432 3837 3592 3893 factis

1960 3932 2412 3989 administratam
2438 3930 2809 3987 ostenderint.

2031 4026 2348 4098 Presbyteri
2382 4031 2596 4091 autem,
2624 4030 2681 4080 et
2718 4022 2961 4093 diaconi,
2993 4039 3177 4095 neque
3219 4038 3337 4081 non
3362 4021 3588 4078 subdia-

1962 4120 2112 4187 coni,
2150 4124 2207 4175 et
2242 4120 2499 4189 lectores,
2530 4134 2594 4173 ac
2635 4121 2912 4186 cantores,
2943 4132 3084 4188 quos
3130 4132 3328 4171 omnes
3367 4115 3594 4172 clericos

1960 4214 2330 4285 appellamus,
2357 4218 2423 4268 ut
2447 4228 2537 4267 res
2562 4226 2901 4284 quocunque
2930 4210 3100 4265 modo
3122 4210 3191 4266 ad
3211 4210 3469 4281 ipsorum
3499 4210 3593 4266 do-

1960 4307 2204 4362 minium
2229 4306 2517 4362 devolutas
2553 4305 2655 4360 sub
2680 4308 2955 4375 potestate
2986 4320 3089 4359 sua
3124 4303 3374 4359 habeant
3404 4305 3476 4360 ad
3502 4306 3591 4360 in-

1962 4407 2077 4457 star
2103 4400 2472 4456 castrensium
2503 4398 2873 4470 peculiorum,
2898 4397 3264 4469 pracipimus
3292 4402 3354 4451 ut
3398 4402 3457 4450 et
3497 4398 3594 4452 do-

1960 4510 2096 4550 nare
2122 4511 2216 4549 eas
2241 4493 2481 4565 possint,
2513 4498 2569 4546 et
2594 4491 2664 4546 de
2694 4490 2782 4544 his
2803 4489 3014 4558 testari,
3042 4490 3266 4545 tametsi
3295 4490 3399 4544 sub
3427 4495 3588 4561 pote-

1963 4591 2103 4643 state
2127 4591 2428 4658 parentum
2458 4590 2608 4639 sunt.
2638 4586 2717 4638 Ita
2742 4588 2955 4651 tamen,
2988 4585 3054 4636 ut
3081 4582 3287 4637 horum
3327 4582 3446 4649 ﬁlii,
3491 4589 3591 4639 aut

1960 4680 2049 4736 his
2078 4696 2196 4735 non
2239 4677 2691 4746 subsistentibus,
2722 4680 2984 4747 parentes
3022 4690 3220 4730 eorum
3267 4675 3585 4746 legitimam

1960 4774 2277 4845 portionem
2305 4772 2509 4827 ferant.

2033 4864 2531 4923 Reverendissimis
2574 4858 2936 4935 presbyteris,
2982 4866 3038 4915 et
3081 4860 3348 4930 diaconis,
3394 4858 3440 4917 si
3486 4878 3590 4934 pro

1960 4959 2285 5033 pecuniaria
2321 4974 2485 5014 causa
2508 4958 2713 5013 falsum
2742 4955 2948 5010 dixisse
2975 4952 3363 5010 testimonium
3387 4955 3589 5027 depre-

1961 5054 2303 5123 hendantur,
2343 5052 2474 5107 satis
2502 5051 2611 5107 erit
2637 5051 2682 5104 si
2732 5053 3149 5105 tormentarum
3175 5048 3297 5103 loco
3337 5065 3441 5119 per
3478 5054 3593 5105 tres

1961 5164 2138 5204 annos
2167 5164 2201 5202 a
2226 5163 2381 5201 sacro
2401 5144 2718 5201 ministerio
2731 5147 3080 5214 separentur,
3094 5141 3219 5197 etin
3247 5142 3593 5198 monasteria

1961 5242 2274 5298 tradantur.
2326 5242 2435 5295 Pro
2480 5234 2871 5292 criminalibus
2911 5238 3104 5290 autem
3139 5235 3344 5305 causis,
3373 5236 3420 5291 si
3464 5234 3591 5308 quis

1960 5336 2168 5391 falsum
2192 5332 2585 5389 testimonium
2614 5330 2838 5399 dixerit,
2872 5329 3235 5401 pracipimus
3261 5335 3328 5385 ut
3351 5326 3593 5385 clericali

1963 5428 2236 5501 dignitate
2267 5426 2605 5493 denudatus,
2636 5423 2903 5495 legitimis
2933 5423 3115 5495 panis
3139 5422 3434 5479 subdatur.
3468 5424 3590 5479 Ca-

1962 5521 2069 5578 teri
2096 5537 2251 5587 vero,
2283 5520 2384 5592 qui
2421 5520 2482 5573 in
2524 5519 2647 5573 aliis
2681 5516 3073 5572 ecclesiasticis
3112 5520 3481 5573 recensentur
3505 5534 3591 5571 or-

1962 5615 2205 5681 dinibus,
2229 5614 2275 5668 si
2303 5612 2506 5667 falsum
2534 5608 2928 5666 testimonium
2952 5611 3013 5666 in
3043 5626 3383 5682 quocunque
3408 5625 3588 5681 nego-

1962 5709 2062 5776 tio,
2114 5706 2229 5763 sive
2269 5702 2567 5773 criminali,
2596 5704 2712 5759 sive
2747 5704 3100 5776 pecuniario,
3142 5702 3346 5759 dixisse
3387 5702 3589 5772 depre-

1963 5802 2306 5871 hendantur,
2332 5816 2450 5856 non
2475 5799 2661 5854 solum
2700 5796 2853 5854 clero
2883 5800 2941 5854 et
2982 5795 3180 5852 ordine
3221 5793 3592 5852 ecclesiastico

1965 5894 2322 5970 dejiciantur,
2356 5894 2453 5950 sed
2484 5892 2658 5950 etiam
2684 5891 3056 5970 subjiciantur
3081 5887 3394 5946 tormentis.
