4088 6444
484 401 608 460 1034

1603 396 1852 455 ΞίΕΟΙΠᾸ
1891 397 2079 454 8ΕΧΤΙ
2123 391 2673 453 SUPPLEMENTUM.

3775 377 3934 435 {032

551 510 607 562 Si
631 508 758 579 quis
788 504 978 561 contra
1007 503 1336 576 quempiam
1358 505 1447 560 vel
1472 505 1759 575 clericum,
1786 505 1871 559 vel
1905 522 2095 558 mona-
2115 521 2173 590 Α
2195 505 2348 575 prius
2379 502 2844 572 metropolitanus
2889 498 3147 567 ipsorum
3191 509 3330 548 cum
3367 491 3507 546 aliis
3539 487 3825 544 duobus
3861 487 3936 538 de

480 603 672 666 chum,
707 599 792 654 vel
833 599 1220 666 diaconissam,
1247 599 1330 652 vel
1373 598 1753 666 monastriam,
1809 597 1896 650 vel
1940 613 2091 650 asce-

481 688 644 742 triam
670 687 871 740 habeat
897 686 1146 756 aliquam
1171 685 1468 752 actionem,
1497 685 1760 738 instruito
1785 683 1940 754 prius
1971 685 2095 738 reli-

481 779 854 850 giosissimum
894 794 959 832 ea
996 778 1065 832 de
1103 794 1163 831 re
1197 778 1538 848 episc0pum,
1584 777 1676 830 cui
1711 776 2094 845 unusquisque

479 873 688 926 horum
716 870 970 924 subditus
995 875 1096 924 est.
1125 871 1220 923 Hic
1251 876 1439 923 autem
1464 869 1757 938 negotium
1775 868 1924 922 inter
1943 869 2093 937 ipsos

481 964 806 1034 disceptato.
835 964 900 1016 Et
928 963 1157 1032 quidem
1200 962 1245 1015 si
1279 965 1514 1032 utraque
1551 977 1680 1031 pars
1711 960 1976 1030 judicatis
1999 975 2092 1012 ac-

481 1057 733 1127 quiescit,
753 1055 1019 1124 jubemus
1044 1059 1109 1108 ut
1133 1071 1235 1124 per
1263 1054 1366 1108 loci
1397 1054 1796 1124 magistratum
1823 1069 1888 1106 ea
1910 1053 2097 1122 plena-

481 1149 580 1202 riae
611 1148 902 1201 tradantur
927 1146 1292 1201 exsecutioni.
1321 1146 1375 1200 Si
1415 1146 1541 1216 quis
1570 1161 1702 1199 vero
1745 1144 2096 1214 litigatorum

481 1241 629 1294 intra
646 1239 840 1294 decem
853 1239 972 1292 dies
989 1238 1252 1309 judicatis
1291 1237 1662 1305 contradicat,
1680 1241 1812 1290 tunc
1845 1235 2095 1289 locorum

481 1332 842 1402 magistratus
873 1331 1164 1400 negotium
1200 1330 1536 1385 examinato.
1579 1331 1646 1383 Et
1684 1329 1731 1382 si
1761 1327 2098 1398 compererit

481 1428 629 1480 recte
649 1423 1053 1494 judicationem
1080 1423 1487 1493 interpositam,
1515 1439 1611 1475 sua
1630 1421 1798 1475 etiam
1821 1419 2096 1474 sententia

483 1518 626 1572 hanc
652 1517 892 1583 ﬁrmato,
921 1519 980 1568 et
995 1515 1242 1585 judicata
1265 1514 1604 1568 exsecutioni
1628 1513 1832 1568 tradito
1863 1529 1876 1566 :
1909 1527 2093 1582 neque

483 1611 698 1664 licitum
726 1613 841 1662 esto
870 1607 921 1661 ei
947 1607 1044 1678 qui
1072 1608 1246 1660 victus
1265 1607 1372 1660 fuit
1387 1607 1595 1660 iterum
1621 1605 1680 1658 in
1705 1604 1982 1675 ejusmodi
2003 1619 2099 1658 ne-

486 1703 637 1774 gotio
666 1717 987 1772 provocare.
1015 1699 1171 1762 Quod
1203 1699 1249 1752 si
1269 1699 1628 1768 magistratus
1658 1696 1932 1751 sententia
1960 1712 2092 1750 con-

483 1795 651 1850 traria
677 1795 745 1847 sit
770 1793 858 1846 his
885 1808 1012 1863 quae
1035 1808 1068 1844 a
1096 1791 1190 1845 Dei
1216 1790 1614 1844 amantissimis
1639 1789 1908 1860 episcopis
1939 1789 2094 1858 judi-

485 1891 768 1954 catasunt,
791 1890 923 1939 tunc
943 1888 1136 1938 contra
1159 1885 1524 1953 magistratus
1552 1881 1886 1936 sententiam
1910 1881 2097 1934 locum
2115 1866 2172 1937 Β

483 1980 687 2034 habeto
699 1977 1036 2049 provocatio,
1049 1981 1215 2046 atque
1230 1992 1294 2030 ea
1305 1975 1614 2030 secundum
1625 1973 1877 2028 ordinem
1905 1974 2097 2044 legum

485 2073 724 2126 refertor
749 2077 805 2124 et
827 2074 1132 2124 exercetor.
1160 2071 1438 2122 Caeterum
1474 2068 1521 2120 si
1553 2067 1844 2136 episcopus
1880 2082 1943 2120 ex
1982 2065 2098 2135 jus-

485 2165 641 2218 sione
676 2162 976 2233 imperiali,
1016 2161 1103 2214 vel
1125 2160 1422 2230 judiciario
1460 2159 1718 2212 mandato
1748 2158 1895 2212 inter
1940 2175 2098 2228 quas-

487 2271 713 2326 cunque
743 2270 1009 2325 personas
1041 2253 1274 2322 judicet,
1302 2251 1600 2322 appellatio
1635 2251 1704 2304 ad
1751 2251 2098 2320 majestatem

485 2347 926 2418 imperatoriam,
954 2350 1052 2398 aut
1075 2361 1207 2398 eum
1235 2344 1334 2414 qui
1361 2360 1581 2397 causam
1609 2343 1896 2412 deligavit,
1920 2343 2094 2396 refer-

483 2449 594 2496 tor.
623 2443 690 2494 At
715 2440 759 2492 si
785 2444 975 2492 contra
1003 2453 1362 2508 quascunque
1388 2441 1723 2489 memoratas
1747 2435 2095 2489 reverendis-

486 2535 653 2588 simas
703 2547 964 2602 personas
1013 2531 1225 2582 crimen
1271 2529 1562 2596 inferatur,
1613 2528 1894 2598 siquidem
1949 2527 2098 2596 apud

488 2625 811 2696 episcopum
852 2623 1055 2694 aliquis
1093 2626 1412 2674 acccusatus
1437 2620 1628 2686 fuerit,
1659 2626 1713 2673 et
1733 2619 1779 2672 is
1806 2621 2100 2673 veritatem

485 2717 732 2789 potuerit
767 2715 1206 2785 deprehendere,
1240 2714 1454 2766 honore
1485 2713 1596 2766 sive
1626 2713 1803 2782 gradu
1830 2713 1983 2766 hunc
2010 2727 2094 2764 se-

485 2810 735 2864 cundum
787 2807 1182 2862 ecclesiasticos
1232 2821 1475 2859 canones
1537 2805 1790 2874 dejicito,
1855 2810 2100 2874 tuncque

487 2908 808 2972 competens
827 2900 999 2970 judex
1028 2899 1178 2952 hunc
1207 2897 1690 2968 comprehendito,
1715 2905 1771 2949 et
1793 2896 2100 2950 secundum

486 2995 641 3064 leges
670 3009 894 3046 causam
937 2990 1274 3054 examinato,
1311 2994 1367 3043 et
1405 2989 1577 3042 ﬁnem
1611 2989 1660 3041 ei
1701 2989 1995 3058 imponito.
2047 2987 2100 3042 Si

487 3102 620 3140 vero
650 3089 936 3138 accusator
963 3083 1116 3152 prius
1142 3081 1360 3134 civilem
1397 3081 1644 3149 judicem
1687 3081 1866 3148 adeat,
1893 3085 1949 3133 et
1992 3081 2098 3132 cri-

488 3195 622 3233 men
649 3177 901 3246 legitima
917 3174 1317 3244 disceptatione
1339 3173 1691 3242 comprobari
1711 3173 1935 3244 poterit,
1969 3177 2100 3225 tunc

489 3271 742 3325 locorum
771 3268 1029 3338 episcolio
1060 3271 1314 3320 actorum
1356 3271 1719 3319 monumenta
1749 3265 2096 3318 intimantor.

491 3363 628 3419 Etsi
667 3378 732 3415 ex
759 3361 828 3413 iis
864 3359 1174 3413 innotuerit
1205 3359 1484 3429 preposila
1518 3375 1648 3411 eum
1691 3357 1926 3411 crimina
1958 3356 2097 3410 deli-

491 3455 696 3528 quisse,
720 3459 851 3508 tunc
875 3453 1166 3522 episcopus
1181 3451 1300 3520 ejus
1325 3452 1476 3504 hunc
1499 3451 1567 3503 ab
1595 3451 1806 3504 honore
1837 3450 1950 3502 sive
1982 3465 2104 3519 gra-

496 3547 571 3601 du
603 3562 771 3616 quem
798 3550 952 3599 tenet
995 3543 1308 3597 secundum
1345 3559 1584 3596 canones
1627 3546 1898 3612 separato,
1926 3541 2102 3611 judex

491 3647 680 3694 autem
709 3638 1011 3692 vindictam
1040 3638 1090 3690 ei
1117 3635 1321 3689 inferte
1347 3635 1566 3706 legibus
1590 3639 2028 3704 competentem.

561 3734 768 3786 Verum
812 3731 856 3784 si
883 3729 1180 3800 episcopus
1204 3728 1482 3798 putaverit
1505 3733 1624 3781 acta
1648 3743 1760 3780 non
1785 3725 1935 3796 juste
1965 3743 2100 3779 con-

491 3825 714 3892 stitisse,
737 3827 868 3876 tunc
895 3821 1109 3875 licitum
1138 3822 1188 3874 ei
1209 3823 1344 3887 esto,
1367 3819 1437 3873 ad
1464 3823 1779 3872 accusatam
1808 3834 2103 3889 personam

491 3917 710 3972 honore
739 3932 836 3969 seu
865 3914 1041 3984 gradu
1061 3913 1475 3978 denudandam,
1505 3928 1723 3966 moram
1746 3912 2104 3981 interponere

495 4010 573 4065 sic
598 4015 807 4069 tamen,
849 4011 911 4060 ut
941 4022 1003 4060 ea
1032 4021 1273 4076 persona
1303 4004 1406 4058 sub
1437 4004 1690 4075 legitima
1733 4004 2107 4058 constituatur

493 4101 874 4170 ﬁdejussione,
904 4103 1090 4168 latque
1131 4097 1210 4151 ita
1255 4113 1422 4150 causa
1469 4100 1583 4150 tam
1636 4113 1738 4166 per
1779 4097 2105 4166 episcopum

491 4209 666 4265 quam
693 4193 860 4246 etiam
901 4207 1002 4262 per
1030 4189 1278 4260 judicem
1323 4189 1391 4244 ad
1423 4206 1523 4244 nos
1552 4189 1845 4256 referatur,
1877 4194 1938 4242 ut
1963 4189 2106 4242 hanc

497 4289 890 4358 cognoscentes
929 4299 1050 4348 nos,
1089 4299 1216 4354 quae
1252 4283 1414 4337 nobis
1451 4282 1745 4336 videantur
1779 4281 2103 4351 jubeamus.

494 4380 653 4434 Certe
690 4377 734 4430 si
781 4376 905 4447 quis
937 4391 1040 4446 pro
1066 4375 1387 4446 pecuniaria
1426 4391 1589 4428 causa
1625 4378 1817 4428 contra
1862 4373 2108 4444 aliquam

493 4475 938 4528 memoratarum
969 4485 1335 4540 personarum
1363 4467 1689 4538 quampiam
1718 4466 1997 4520 actionem
2015 4467 2110 4519 ha-

2195 602 2389 651 sancta"
2406 595 2619 666 synodo
2639 591 2916 662 episcopis
2934 607 3060 647 rem
3087 588 3410 658 dijudicato
3477 586 3554 638 Et
3585 582 3730 636 nisi
3764 584 3939 632 utra-

2192 705 2302 760 que
2329 704 2458 758 pars
2479 685 2743 756 judicatis
2768 683 3009 750 insistat,
3039 687 3178 735 tunc
3205 677 3608 734 beatissimus
3646 673 3873 746 patria
3885 689 3938 724 r-

2193 781 2299 834 cha
2331 780 2482 833 illius
2502 779 2799 832 diceeeseos
2825 773 3176 830 audientiam
3203 771 3346 842 ipsis
3375 767 3893 824 accommodato
3919 781 3931 826 ;

2193 878 2249 926 et
2273 873 2368 926 illa
2395 871 2644 936 deﬁnito,
2673 886 2800 940 quae
2830 865 3218 922 ecclesiasticis
3249 862 3605 918 canonibus
3643 864 3722 914 et
3777 858 3934 926 legi-

2191 965 2297 1018 bus
2334 963 2658 1029 conciuunt,
2703 965 2904 1016 neutra
2935 963 3093 1030 parte
3127 955 3440 1010 sententia
3485 953 3637 1023 ejus
3669 955 3935 1005 contra-

2194 1057 2378 1110 dicere
2414 1059 2686 1126 queunte.
2715 1053 2818 1108 Sed
2848 1057 2904 1107 et
2932 1052 2977 1104 si
3015 1067 3048 1104 a
3091 1049 3326 1116 clerico,
3357 1051 3469 1101 aut
3517 1059 3934 1116 quocunque

2194 1147 2301 1202 alio
2327 1151 2520 1200 contra
2550 1145 2877 1216 episcopum
2915 1157 3264 1213 quacunque
3295 1139 3370 1192 de
3416 1153 3619 1191 causa
3669 1135 3798 1189 fiat
3830 1135 3931 1187 in-

2193 1237 2532 1310 terpellatio,
2564 1237 2815 1307 primum
2862 1232 3334 1304 religiosissimus
3374 1227 3934 1299 metmpolitanus

2195 1330 2506 1385 secundum
2533 1345 2718 1382 sacros
2743 1343 2988 1382 canones
3014 1331 3074 1380 et
3101 1329 3334 1379 nostras
3362 1324 3541 1393 leges
3571 1320 3931 1390 negotium

2195 1423 2516 1493 dijudicato.
2543 1421 2598 1476 Si
2635 1421 2763 1491 quis
2780 1419 3049 1490 judicatis
3078 1417 3388 1483 reclamet,
3415 1431 3613 1468 causa
3641 1413 3734 1468 ad
3767 1413 3925 1466 bea—

2193 1515 2472 1569 tissimum
2503 1513 2654 1566 illius
2679 1513 2978 1566 dioeceseos
3019 1509 3551 1579 archiepiscopum
3602 1512 3674 1561 et
3722 1505 3926 1576 patri-

2194 1607 2422 1662 archam
2451 1605 2717 1672 defertor,
2749 1609 2805 1658 et
2840 1604 2934 1657 ille
2975 1603 3300 1656 secundum
3328 1616 3613 1654 canones
3645 1603 3719 1653 et
3751 1599 3928 1668 leges

2195 1699 2326 1754 huic
2344 1699 2515 1752 ﬁnem
2534 1697 2819 1752 adhibeto.
2840 1695 3002 1760 Quod
3026 1694 3071 1748 si
3092 1699 3303 1748 contra
3331 1691 3928 1762 metropolitanum

2195 1791 2508 1846 istiusmodi
2544 1788 2924 1860 interpellatio
2943 1787 3236 1859 procedat,
3269 1787 3399 1840 sive
3449 1786 3533 1839 ab
3586 1785 3926 1856 episc0po,

2196 1885 2309 1939 sive
2341 1901 2374 1937 a
2419 1883 2640 1949 clerico,
2668 1887 2766 1936 aut
2793 1896 3138 1953 quacunque
3165 1879 3288 1933 alia
3333 1893 3637 1949 persona,
3675 1877 3920 1931 dioece-

2195 1993 2314 2031 seos
2333 1976 2482 2030 illius
2498 1974 2852 2029 beatissimus
2877 1972 3214 2044 patriarcha
3239 1970 3558 2025 consimili
3583 1971 3789 2024 modo
3827 1985 3925 2023 ne-

2197 2070 2410 2141 gotium
2437 2069 2760 2139 disceptato.
2793 2067 2898 2120 Pro
2922 2064 3377 2136 quibuscunque
3399 2063 3616 2118 causis
3645 2063 3931 2133 denique

2196 2163 2438 2233 episcopi
2465 2159 2895 2226 conveniuntur,
2928 2158 3045 2212 sive
3069 2157 3228 2228 apud
3259 2173 3447 2211 suum
3483 2156 3932 2228 metropolita-

2195 2272 2355 2322 num,
2396 2255 2510 2308 sive
2549 2252 2699 2324 apud
2729 2250 3130 2323 patriarcham,
3161 2249 3281 2304 sive
3311 2249 3483 2320 apud
3527 2250 3694 2303 alios
3747 2265 3932 2318 quos-

2197 2364 2416 2418 cunque
2433 2345 2672 2416 judices,
2700 2346 2855 2399 nulla
2882 2344 2953 2397 ab
3001 2343 3068 2396 iis
3092 2342 3404 2412 fidejussio
3451 2348 3574 2396 aut
3606 2343 3929 2396 confessio

2199 2441 2266 2494 de
2291 2439 2389 2493 lite
2416 2437 2677 2507 exigitor.
2705 2440 2786 2492 Ita
2809 2442 3004 2491 tamen
3031 2440 3098 2489 ut
3125 2440 3184 2489 et
3227 2435 3342 2504 ipsi
3393 2435 3708 2489 studeant
3743 2435 3932 2488 illatis

2199 2532 2301 2586 sibi
2329 2529 2776 2584 accusationibus
2803 2547 2861 2582 se
2893 2528 3176 2582 eximere.

2266 2625 2613 2678 OEconomos
2632 2639 2783 2689 vero,
2811 2625 2910 2676 aut
2933 2619 3430 2692 ptochotrOphos,
3465 2625 3589 2674 aut
3635 2619 3928 2674 xenodo-

2199 2718 2354 2783 chos,
2385 2722 2484 2770 aut
2514 2731 2863 2782 nosocomos,
2897 2718 2953 2768 et
2993 2713 3242 2766 aliarum
3294 2713 3778 2767 venerabilium
3823 2714 3930 2766 do-

2200 2825 2397 2864 muum
2419 2808 2851 2878 dispensatores,
2872 2822 3061 2875 neque
3081 2821 3202 2858 non
3231 2821 3452 2859 omnes
3482 2806 3648 2861 alios
3671 2807 3932 2860 clericos

2191 2903 2478 2973 jubemus,
2507 2905 2570 2954 ut
2597 2917 2700 2970 pro
2729 2898 3328 2953 administrationibus
3357 2898 3514 2968 ipsis
3545 2903 3934 2956 concreditis

2198 2995 2346 3065 apud
2371 2994 2696 3064 episcopum
2725 3007 2914 3058 suum,
2945 2991 3036 3044 cui
3065 2991 3338 3059 subsunt,
3373 2993 3850 3062 respondeant,
3877 3001 3932 3049 et

2201 3085 2696 3140 administrationis
2727 3100 2844 3137 suae
2870 3085 3124 3138 rationes
3153 3083 3439 3148 reddant,
3477 3091 3544 3139 et
3581 3087 3936 3157 exigantur

2121 3216 2175 3290 Ο
2201 3179 2348 3250 quod
2377 3195 2442 3232 ex
2470 3178 2604 3249 ipsis
2632 3177 2837 3231 debere
2859 3177 3214 3247 comprobati
3239 3177 3496 3244 fuerint,
3539 3178 3640 3232 illi
3677 3197 3936 3234 venera-

2199 3270 2722 3290 1,?l'__,,131__-_.l_n_-
2776 3269 2961 3290 J-_‘__2
3026 3269 3108 3290 ---Σ
3146 3285 3209 3290 η..
3246 3269 3676 3290 -]μ-2..2-λμ,ι’
3859 3275 3872 3290 1

2198 3272 2299 3325 bili
2319 3270 2729 3325 restituendum
2769 3269 2987 3335 domui,
3019 3269 3112 3322 cui
3140 3285 3211 3323 ex
3243 3269 3815 3328 administratione
3841 3275 3935 3328 de.-

2197 3364 2380 3418 bitum
2411 3361 2835 3448 apparuerit..Si
2850 3378 2908 3415 se
2929 3361 2988 3415 in
3017 3361 3312 3432 exigendo
3336 3369 3639 3432 gravatos
3673 3370 3936 3436 putave-

2198 3456 2332 3523 rint,
2355 3454 2822 3525 motropolitanus
2847 3453 3148 3523 negotium
3172 3454 3559 3510 examinato.
3589 3457 3665 3512 Si
3701 3465 3935 3514 metro-

2202 3549 2480 3618 politauus
2506 3547 2578 3600 sit
2601 3547 2698 3617 qui
2726 3551 2928 3600 contra
2967 3546 3229 3618 aliquam
3271 3548 3751 3618 praedictarum
3791 3571 3932 3625 per-

2202 3657 2468 3694 sonarum
2518 3639 2838 3694 istiusmodi
2875 3655 3073 3693 causas
3103 3639 3498 3708 examinavit,
3537 3648 3606 3697 et
3643 3645 3936 3700 debitum

2204 3734 2412 3804 exegit,
2442 3739 2498 3788 et
2521 3750 2554 3786 a
2579 3749 2690 3803 quo
2717 3737 2980 3786 exactum
3013 3738 3121 3801 est,
3151 3733 3199 3786 is
3226 3737 3406 3804 putet
3439 3751 3506 3787 se
3565 3746 3932 3807 gravatum,

2203 3826 2500 3880 dioeceseos
2527 3825 2677 3879 illius
2705 3824 3065 3878 beatissimus
3087 3825 3433 3896 patriarcha
3455 3833 3818 3901 negotium
3849 3835 3934 3887 di-

2203 3923 2470 3989 sceptato.
2522 3919 2710 3988 Neque
2744 3917 2900 3970 enim
2945 3917 3244 3988 praedictis
3289 3923 3588 3990 personis
3640 3928 3934 3982 concedi-

2205 4027 2332 4065 mus
2353 4016 2412 4064 ut
2439 4011 2507 4064 de
2535 4010 2860 4064 memoratis
2887 4010 3071 4064 causis
3121 4016 3261 4066 ante
3293 4014 3855 4076 examinationem
3885 4027 3938 4074 et

2205 4104 2554 4158 exactionem
2604 4102 2780 4156 debiti
2819 4118 2952 4156 suos
2991 4103 3296 4172 refugiant
3342 4107 3718 4183 episcopos,
3769 4119 3828 4168 et
3868 4115 3936 4167 ad

2204 4196 2308 4250 alia
2346 4211 2403 4249 se
2429 4195 2719 4250 conferant
2735 4193 2970 4265 jndicia.
2999 4196 3168 4258 Quod
3194 4197 3243 4250 si
3271 4199 3415 4268 quis
3441 4217 3524 4254 ex
3555 4205 3932 4260 ecclesiasti-

2205 4288 2282 4342 cis
2321 4287 2410 4342 cui
2441 4287 2716 4358 ejusmodi
2745 4287 2935 4358 aliqua
2960 4287 3406 4346 administratio
3437 4299 3827 4354 concredita
3853 4306 3936 4352 est

2205 4385 2332 4434 ante
2357 4380 2639 4450 expositas
2666 4379 2914 4434 rationes
2939 4385 2996 4434 et
3015 4379 3212 4435 debita
3233 4385 3558 4452 persoluta
3593 4391 3931 4456 moriatur,

2198 4465 2466 4542 jubemus
2496 4477 2560 4526 ut
2583 4472 2702 4542 ejus
2729 4472 2988 4526 haeredes
3015 4473 3314 4528 consimili
3341 4477 3541 4533 modo
3580 4488 3649 4536 et
3685 4484 3936 4540 redden-

493 4565 644 4632 beat,
665 4569 720 4618 et
743 4562 1033 4634 episcopus
1053 4562 1204 4616 inter
1226 4562 1372 4632 ipsos
1389 4559 1644 4630 judicare
1670 4559 1909 4626 differat,
1940 4559 2107 4612 licen-
2125 4573 2183 4646 D
2207 4565 2291 4619 dis
2315 4564 2644 4632 rationibus,
2675 4569 2731 4619 et
2755 4565 3149 4620 exactionibus
3181 4567 3434 4623 obnoxii
3470 4571 3632 4629 sint.

495 4657 636 4711 tiam
667 4656 870 4710 habeto
921 4660 1072 4709 actor
1103 4659 1168 4708 ut
1203 4653 1418 4708 civilem
1441 4652 1655 4722 judicet
1692 4652 1872 4706 adeat.
1905 4653 1986 4704 Ita
2019 4656 2104 4706 ta-

494 4766 649 4819 men,
677 4753 738 4802 ut
782 4753 1033 4802 accusata
1071 4763 1312 4817 persona
1335 4745 1488 4798 nullo
1513 4745 1682 4798 modo
1711 4750 1942 4814 cogatur
1968 4743 2106 4797 iide-

486 4846 770 4913 jussorem
799 4841 948 4906 dare,
969 4839 1066 4893 sed
1089 4840 1268 4892 solum
1293 4837 1690 4892 confessionem
1719 4837 1928 4906 absque
1957 4837 2110 4906 jura-

495 4938 687 4990 mento
707 4950 835 4989 cum
862 4931 1322 5003 oppigneratione
1344 4945 1533 4984 rerum
1555 4946 1779 4984 suarum
1806 4945 2108 5000 exponere.

497 5029 552 5083 Si
568 5045 669 5099 pro
691 5025 972 5080 criminali
997 5041 1161 5078 causa
1186 5024 1462 5077 accusatio
1487 5026 1683 5076 contra
1711 5023 1958 5092 aliquam
1987 5038 2108 5076 me-

497 5127 842 5176 moratarum
884 5134 1253 5190 personarum
1284 5121 1656 5188 preponatur,
1700 5130 1942 5186 persona
1985 5130 2110 5184 quae

499 5217 789 5266 accusatur
813 5212 914 5265 sub
939 5211 1251 5282 legitimam
1275 5209 1697 5278 iidejussionem
1718 5208 2106 5262 constituatur.

501 5305 554 5360 Si
569 5305 995 5358 ecclesiasticum
1009 5304 1302 5374 negotium
1318 5303 1408 5371 sit,
1427 5302 1640 5355 nullam
1656 5299 2110 5354 communionem

497 5396 742 5450 habento
769 5395 956 5448 civiles
1003 5397 1361 5466 magistratus
1403 5411 1534 5448 cum
1581 5410 1646 5448 ea
1688 5393 2107 5463 disceptatione,

501 5489 594 5544 sed
623 5487 1023 5557 religiosissimi
1048 5489 1291 5558 episcopi
1318 5487 1632 5542 secundum
1661 5502 1844 5540 sacros
1869 5501 2111 5540 canones

501 5581 734 5652 negotio
754 5580 921 5633 tinem
951 5580 1305 5651 imponunto.

571 5680 846 5732 Prmterea
863 5677 908 5730 si
933 5678 1028 5748 qui
1059 5677 1311 5748 ejusdem
1335 5675 1528 5744 synodi
1557 5675 1960 5746 religiosissimi
1984 5675 2104 5746 epi-

502 5771 658 5842 scopi
684 5769 928 5840 aliquam
967 5769 1117 5824 inter
1157 5784 1215 5823 se
1241 5769 1676 5823 controversiam
1702 5767 1962 5834 habeant,
1993 5767 2109 5823 sive

503 5867 571 5921 de
593 5869 722 5939 jure
749 5861 1142 5926 ecclesiastico,
1171 5859 1286 5913 sive
1315 5857 1385 5912 de
1407 5860 1742 5930 quibusdam
1768 5859 1893 5914 aliis
1917 5860 2104 5928 rebus,

2277 4657 2330 4712 Si
2359 4657 2486 4727 quis
2515 4657 2830 4727 episcopus,
2857 4663 2958 4712 aut
2984 4659 3233 4713 clericus
3264 4677 3340 4715 ex
3373 4679 3781 4741 quacunque
3808 4687 3936 4744 pro-

2207 4749 2387 4803 vincia
2414 4750 2902 4820 Constantinopoli
2930 4752 3286 4822 reperiatur,
3309 4761 3372 4810 et
3391 4757 3691 4818 voluerit
3727 4766 3934 4837 aliquis

2209 4846 2401 4896 contra
2451 4841 2638 4912 ipsum
2677 4841 2958 4898 actionem
3011 4859 3374 4916 proponere,
3435 4851 3778 4924 siquidem
3827 4859 3932 4912 litis

2210 4935 2536 4990 contestatio
2557 4935 2617 4988 in
2645 4935 2934 5005 provincia
2955 4937 3026 4991 de
3054 4954 3126 4992 ea
3161 4945 3597 5000 controversia
3626 4949 3796 5006 facta
3830 4955 3927 5016 est,

2209 5028 2324 5081 illic
2365 5028 2434 5081 lis
2469 5027 2758 5098 impletor.
2798 5028 2856 5084 Si
2891 5029 2959 5082 lis
3001 5046 3140 5085 vero
3181 5034 3471 5091 nondum
3522 5045 3756 5114 coepit,
3787 5044 3932 5117 apud

2209 5121 2352 5174 solos
2380 5119 2804 5190 gloriosissimos
2828 5123 3127 5192 prasfectos
3153 5128 3608 5196 praetoriorum
3649 5137 3930 5204 Orientis,

2208 5219 2307 5268 aut
2335 5229 2517 5266 sacros
2539 5213 2782 5282 judices,
2804 5215 2903 5285 qui
2931 5231 2966 5269 a
2992 5217 3162 5271 nobis
3189 5219 3480 5290 deputati
3524 5227 3805 5300 fuerint,
3852 5233 3930 5286 his

2209 5306 2308 5376 qui
2329 5322 2456 5360 eum
2486 5307 2831 5361 conveniunt
2855 5311 3224 5379 respondeto.
3258 5313 3812 5381 Reverendissimi
3841 5342 3931 5378 au-

2208 5403 2324 5453 tem
2349 5399 2692 5470 apocrisiarii
2743 5400 3139 5473 cujuscunque
3186 5419 3611 5468 sacrosanctae:
3660 5419 3929 5475 Ecclesia}

2210 5491 2308 5562 qui
2323 5491 2380 5545 in
2393 5492 2549 5562 regia
2573 5491 2710 5546 urbe
2722 5498 3153 5559 versantur,aut
3165 5498 3240 5552 ad
3253 5498 3674 5565 beatissimos
3691 5513 3932 5584 patriar-

2210 5584 2340 5638 chas
2363 5585 2475 5638 sive
2509 5585 2974 5656 metropolitanos
2997 5604 3032 5642 a
3059 5590 3182 5644 suis
3220 5592 3580 5654 mittuntur
3616 5606 3926 5678 episcopis,

2209 5692 2394 5747 neque
2419 5692 2522 5747 pro
2546 5677 2660 5732 suis
2682 5678 2978 5750 episcopis,
3005 5696 3203 5753 neque
3223 5701 3340 5756 pro
3364 5695 3647 5763 negotio
3667 5677 3928 5755 Ecclesiae

2211 5772 2450 5836 suae,aut
2461 5769 2649 5824 debito
2666 5770 2895 5841 publico
2906 5787 3007 5826 seu
3021 5774 3278 5848 privato,
3294 5783 3642 5845 actionem
3655 5799 3768 5849 aut
3782 5807 3931 5849 exaco

2209 5861 2420 5918 tionem
2439 5861 2688 5935 aliquam
2702 5863 3042 5936 sustinente,
3058 5867 3172 5925 nisi
3194 5875 3588 5938 mandatum
3615 5885 3930 5944 habeant:
