4088 6438
103 419 118 466 ς
171 375 290 428 1033

104 535 112 556 ι
169 479 272 534 suis
295 473 582 547 episcopis,
599 476 698 530 aut
720 473 1051 544 (economis,
1075 476 1140 529 ut
1157 474 1378 547 aliquos
1405 474 1769 530 conveniant.
1794 499 1853 571 Α

103 561 114 638 ξ
166 573 303 626 Tunc
330 568 482 623 enim
513 566 645 622 solis
668 565 756 621 his
777 565 876 637 qui
892 567 965 622 ab
988 567 1126 638 ipsis
1147 568 1586 638 conveniuntur,
1602 568 1774 622 licen-

103 625 114 756 ξ
170 663 296 717 tiam
323 661 539 727 damus,
576 659 707 713 utsi
736 675 911 730 quam
935 659 1223 715 actionem
1244 664 1444 716 centra
1469 661 1773 716 Eeclesiam

167 757 254 808 aut
273 753 594 824 episcopum
618 751 886 819 habeant,
906 755 1107 807 contra
1126 753 1281 824 ipsos
1297 757 1643 824 proponant.
1659 753 1773 808 Sed

103 831 109 926 ξ
168 851 220 900 et
244 847 288 900 si
311 845 377 899 de
406 844 573 899 certis
604 844 776 898 rebus
799 847 898 899 aut
917 844 1239 914 actionibus
1271 845 1485 916 seipsos
1513 845 1775 900 reddide-

103 935 109 1012 ξ
163 939 268 993 rint
285 937 556 992 obnoxios
585 953 654 991 eo
676 941 940 1008 tempore
967 953 1081 1008 quo
1112 937 1506 1008 respondendi
1533 955 1774 992 munere

166 1035 218 1084 et
242 1030 520 1101 legatione
547 1029 903 1099 defungitur,
927 1047 1023 1085 eas
1041 1030 1215 1084 etiam
1241 1031 1496 1085 actiones
1515 1047 1644 1101 quae
1674 1047 1777 1101 pro

104 1123 106 1128 ’
165 1123 226 1176 iis
251 1123 606 1177 intentantur
632 1122 978 1194 excipiunto.
1009 1125 1153 1178 Item
1191 1127 1249 1178 et
1291 1123 1336 1177 si
1385 1123 1638 1195 episcopi
1681 1127 1780 1177 aut

104 1279 106 1286 ι
165 1215 336 1270 clerici
361 1231 463 1286 pro
489 1214 718 1270 civitate
746 1232 850 1286 per
877 1232 1105 1271 causam
1131 1216 1453 1286 legationis,
1495 1219 1594 1270 aut
1629 1215 1780 1270 ordi-

165 1307 327 1362 nandi
346 1307 594 1378 episcopi
614 1307 675 1362 in
693 1308 853 1378 regia
874 1309 1032 1374 urbe,
1055 1311 1155 1362 aut
1181 1307 1503 1378 ubicunque
1525 1309 1778 1363 locorum

165 1399 614 1470 peregrinantur,
629 1399 902 1470 jubemus
917 1405 978 1454 ut
997 1401 1213 1454 nullam
1225 1401 1330 1471 ipsi
1346 1401 1664 1455 molestiam
1681 1405 1780 1455 aut

165 1493 608 1564 inquietudinem
637 1510 671 1547 a
697 1509 1039 1564 quacunque
1066 1509 1313 1564 persona
1339 1495 1680 1560 sustineant,
1708 1493 1774 1547 li-

165 1585 338 1640 centia
367 1585 647 1640 existente
678 1585 766 1640 his
793 1587 890 1655 qui
919 1603 977 1639 se
998 1586 1345 1657 putautillos
1363 1586 1576 1640 habere
1598 1587 1776 1640 obno-

161 1678 283 1746 xios,
321 1684 630 1748 postquam
674 1679 888 1732 reversi
930 1682 1062 1732 sunt
1104 1678 1162 1732 in
1209 1679 1582 1749 provinciam,
1630 1678 1782 1749 ipsos

163 1771 546 1838 conveniendi,
587 1771 742 1826 nullo
793 1771 882 1824 his
920 1771 1019 1842 qui
1057 1787 1115 1825 se
1163 1775 1366 1841 putant
1398 1771 1526 1825 illos
1570 1771 1783 1826 habere

165 1863 428 1918 obnoxios
455 1863 788 1934 praejudicio
827 1864 1158 1934 generando
1179 1863 1495 1934 circalongi
1515 1864 1786 1934 temporis
1805 1860 1863 1931 B

162 1957 640 2026 prazscriptionem
661 1960 898 2028 propter
917 1957 976 2010 id
999 1961 1224 2027 tempus
1244 1957 1397 2026 quod
1419 1957 1477 2010 in
1497 1957 1784 2026 hujusmo-

164 2048 213 2102 di
229 2049 688 2120 peregrinatione
703 2049 1156 2120 produxerint.Si
1175 2049 1407 2120 quando
1421 2066 1592 2104 causa
1606 2067 1787 2104 emer-

163 2142 290 2195 serit
319 2144 695 2213 quamobrem
729 2142 956 2210 clerico,
988 2146 1088 2196 aut
1117 2144 1421 2210 monacho,
1453 2148 1553 2198 aut
1585 2160 1780 2197 mona-

164 2235 325 2302 strize,
358 2239 457 2289 aut
482 2235 743 2290 ascetrim
767 2236 1153 2307 cujuscunque
1171 2236 1402 2290 tandem
1426 2237 1783 2303 monasterii,

165 2331 218 2380 et
231 2329 472 2382 maxime
493 2329 807 2384 mulierum
837 2346 939 2400 pro
962 2345 1302 2400 quacunque
1325 2329 1650 2400 pecuniaria
1663 2347 1788 2383 cau-

165 2437 236 2486 sa,
273 2421 382 2474 sive
421 2421 674 2492 pnblica,
715 2423 830 2476 sive
860 2422 1101 2493 privata,
1153 2422 1348 2477 citatio
1387 2423 1470 2477 vel
1505 2423 1787 2477 exsecutio

164 2512 448 2579 inferatur,
465 2515 744 2586 jubemus
767 2521 832 2570 ut
857 2515 998 2569 citra
1023 2515 1428 2570 contumeliam
1449 2519 1508 2569 et
1527 2533 1656 2570 cum
1680 2517 1784 2570 ho-

163 2622 296 2661 nore
341 2625 454 2679 quo
501 2608 673 2663 decet
710 2607 903 2663 citatio
950 2610 1034 2663 vel
1084 2609 1368 2664 exsecutio
1421 2609 1785 2680 expediatur,

164 2701 310 2755 nulla
334 2706 537 2756 tamen
574 2701 892 2756 monastria
933 2706 1030 2756 aut
1061 2702 1303 2756 ascetria
1353 2718 1382 2755 e
1436 2703 1787 2757 monasterio

165 2793 542 2863 abstrahatur,
571 2794 674 2849 sed
712 2799 1048 2866 procurator
1074 2796 1145 2850 ab
1177 2795 1243 2850 iis
1267 2794 1667 2863 constituatur,
1692 2795 1789 2867 qui

162 2885 228 2939 de
269 2903 334 2942 eo
374 2887 612 2958 negotio
653 2887 1020 2959 respondeat.
1072 2888 1357 2943 Monachis
1405 2905 1538 2942 vero
1575 2887 1789 2942 licitum

163 2983 277 3034 esto
335 2981 602 3052 proprias
645 2984 746 3034 aut
782 2980 1112 3035 monasterii
1155 2998 1376 3048 causas,
1420 2980 1534 3034 sive
1570 2998 1675 3053 per
1708 2997 1788 3048 se,

161 3071 268 3126 sive
289 3089 392 3144 per
417 3076 860 3144 procuratorem
887 3090 1082 3144 agere.
1123 3074 1345 3129 Scituro
1361 3075 1556 3145 judice
1583 3079 1682 3128 aut
1705 3091 1794 3128 ex-

164 3170 413 3222 secutore
431 3166 534 3237 qui
553 3167 614 3220 in
636 3166 756 3220 haec
775 3167 1174 3237 praevaricatus
1193 3167 1384 3234 fuerit,
1415 3166 1571 3238 quod
1589 3171 1648 3221 et
1670 3167 1789 3221 cin-

162 3259 286 3328 gulo
305 3258 716 3328 denudabitur,
747 3262 806 3313 et
831 3276 935 3330 per
955 3259 1587 3330 magniﬁcentissimum
1611 3260 1790 3314 comi-

162 3353 272 3406 tem
303 3369 499 3407 rerum
526 3351 880 3424 privatarum
907 3353 978 3406 ab
1006 3369 1075 3407 eo
1101 3353 1354 3424 quinque
1381 3353 1655 3407 librarum
1670 3353 1793 3407 auri

161 3461 322 3514 paena
347 3445 638 3517 exigetur,
656 3450 985 3501 exsecutore
1014 3445 1278 3500 videlicet
1305 3449 1435 3500 utra
1457 3446 1580 3500 haec
1605 3452 1659 3502 et
1685 3450 1796 3501 tor-

163 3543 356 3593 menta
385 3539 672 3606 subiture,
696 3542 753 3592 et
777 3538 837 3592 in
864 3539 1120 3593 exsilium
1147 3539 1448 3594 mittendo.
1465 3539 1791 3610 Religiosis-

160 3631 310 3686 simis
327 3633 600 3688 locorum
627 3631 901 3702 episcopis
929 3631 1348 3703 providentiam
1373 3632 1715 3687 adhibituris
1733 3635 1798 3687 ut

161 3724 298 3779 nihil
319 3725 410 3780 his
436 3724 801 3780 contrarium
827 3726 958 3792 fiat;
985 3730 1085 3780 aut
1111 3725 1156 3779 si
1176 3725 1316 3798 quid
1337 3725 1720 3797 delinquatur,
1733 3729 1798 3780 ut

159 3819 432 3888 praedicta
466 3819 615 3873 ultio
657 3817 951 3888 procedat.
985 3818 1095 3874 Sed
1137 3819 1180 3872 si
1218 3819 1585 3890 magistratus
1625 3819 1793 3874 ultio-

161 3929 289 3966 nem
312 3913 583 3984 irrogare
617 3909 864 3977 differat,
906 3911 1206 3983 episcopus
1243 3928 1371 3966 eam
1409 3928 1532 3966 rem
1580 3912 1654 3966 ad
1699 3929 1798 3967 no-

157 4010 330 4060 stram
361 4003 665 4060 scientiam
691 4005 925 4058 referto.

226 4099 642 4170 Sportularum
655 4100 850 4151 autem
863 4095 1096 4152 nomine
1111 4097 1329 4152 nullam
1341 4115 1651 4170 personam
1666 4115 1794 4170 quae

153 4191 209 4246 in
225 4207 586 4264 quocunque
609 4189 989 4246 ecclesiastico
1003 4195 1371 4246 recenseatur
1388 4192 1612 4259 ordine,
1639 4192 1794 4247 insu-

159 4303 258 4355 per
289 4303 489 4358 neque
530 4283 932 4351 diaconissam,
972 4300 1160 4356 neque
1197 4285 1567 4354 monachum,
1609 4303 1796 4358 neque

153 4379 484 4447 aseetriam,
517 4393 710 4448 neque
743 4377 1142 4445 monastriam,
1184 4377 1243 4432 in
1285 4379 1402 4433 ulla
1431 4378 1710 4434 criminali
1741 4384 1799 4434 et

152 4473 495 4542 pecuniaria
509 4488 703 4539 causa,
731 4470 1118 4542 cujuscunque
1137 4471 1473 4542 quantitatis
1484 4473 1797 4540 fuerit,sive

149 4565 562 4632 aclerico,sive
581 4564 652 4618 ab
670 4563 862 4634 aliquo
886 4563 943 4617 in
957 4563 1224 4618 militiam
1244 4565 1445 4620 allecto
1462 4566 1796 4621 citationem
1816 4591 1876 4664 Β

148 4660 490 4730 suscipiant,
526 4658 645 4712 sive
685 4657 744 4711 in
775 4656 934 4728 regia
963 4656 1121 4724 urbe,
1151 4658 1264 4713 sive
1288 4659 1346 4713 in
1379 4659 1704 4730 provinciis,
1738 4659 1795 4714 in

145 4753 356 4824 quibus
377 4753 631 4824 degunt,
658 4751 805 4805 ultra
837 4754 1080 4822 quatuor
1109 4751 1344 4824 siliquas
1371 4753 1508 4808 dare
1541 4753 1800 4809 concedi-

146 4862 298 4901 mus.
331 4845 450 4902 Sed
479 4845 527 4899 si
555 4843 684 4914 quis
700 4847 996 4898 exsecutor
1023 4847 1220 4900 nostra
1240 4846 1517 4916 jussione,
1549 4849 1650 4901 aut
1676 4863 1793 4901 ma-

151 4941 460 5010 gistratus,
493 4940 599 4992 aut
626 4936 938 4991 beatissimi
960 4937 1295 5008 patriarchae
1321 4940 1529 4996 missus
1556 4939 1614 4994 in
1659 4939 1798 4994 alias

146 5033 514 5103 provincias,
533 5029 703 5086 alicui
721 5034 1167 5086 memoratarum
1188 5049 1560 5104 personarum
1583 5033 1801 5088 citatio-

141 5143 282 5182 nem
312 5126 560 5190 inferat,
583 5140 696 5179 non
718 5124 870 5178 ultra
884 5141 1060 5179 unum
1079 5125 1326 5181 solidum
1343 5128 1617 5183 aufertor.
1639 5127 1800 5192 Quod

143 5220 187 5273 si
215 5221 276 5274 in
296 5237 422 5274 una
453 5221 518 5272 et
544 5216 752 5272 eadem
781 5233 950 5272 causa
975 5219 1185 5273 multos
1215 5236 1284 5274 ex
1313 5221 1642 5276 memoratis
1670 5238 1797 5293 per-

141 5315 302 5369 sonis
332 5311 513 5369 citari
543 5311 862 5382 contingat,
893 5311 1080 5368 unicae
1118 5315 1516 5370 tantummodo
1544 5332 1801 5386 personas

139 5408 441 5478 sportulas
469 5421 580 5476 pro
603 5403 873 5460 omnibus
898 5405 1108 5460 auferri
1136 5407 1440 5462 sancimus.
1491 5410 1802 5482 Episcopus

141 5507 348 5557 autem
382 5515 498 5572 pro
528 5498 698 5552 rebus
729 5499 978 5554 ecclesiae
997 5517 1112 5555 suae
1136 5501 1348 5556 nullam
1369 5503 1799 5574 aggressionem

139 5599 245 5650 aut
272 5591 758 5666 inquietudinem
791 5591 1086 5647 sustineto.
1124 5593 1404 5663 Sportula:
1443 5613 1577 5652 vero
1606 5597 1678 5651 ab
1711 5614 1801 5665 eo,

141 5705 345 5762 neque
381 5687 432 5741 si
466 5701 669 5740 rerum
696 5701 929 5741 suarum
961 5685 1196 5740 nomine
1223 5686 1448 5755 citetur,
1476 5689 1799 5760 exiguntor,

139 5784 416 5838 actiones
442 5777 667 5834 scilicet
699 5784 1027 5848 quaecontra
1047 5779 1349 5834 Eeclesiam
1380 5789 1800 5853 proponuntur,

144 5872 592 5952 excipientibus
621 5872 956 5941 aeconomis,
985 5876 1085 5928 aut
1121 5873 1228 5929 illis
1253 5873 1459 5946 quibus
1490 5875 1550 5930 id
1587 5878 1804 5947 negotii

497 5967 778 6034 PATROL.
824 5967 1058 6034 LXXII.

958 365 1322 423 JUSTINIANI
1369 363 1696 423 ΝονΕιιιΕ
1731 363 2065 422 SELECTE.
2106 363 2415 422 NOVELLA
2451 361 2678 422 CXXIII.

3373 365 3507 419 1034

1872 472 2241 530 commissum
2274 477 2379 528 est.
2417 473 2525 537 Qui
2549 487 2680 528 vero
2708 471 2831 527 hec
2857 473 3058 526 contra
3082 469 3310 542 exigere
3341 488 3509 542 spor-

1872 568 2021 622 tulas
2045 567 2490 638 praesumpserit,
2514 566 2574 620 in
2604 565 2844 637 duplum
2871 565 2930 619 id
2963 564 3119 636 quod
3141 565 3360 635 accepit
3381 581 3512 636 per-

1871 675 2024 714 sonae
2052 676 2086 713 a
2119 676 2231 731 qua
2271 665 2536 714 exactum
2562 662 2648 713 est
2673 658 2910 713 reddere
2938 658 3308 728 compellitor.
3339 658 3406 712 Et
3430 658 3506 712 si-

1873 749 2104 820 quidem
2129 750 2392 804 militiam
2422 749 2610 818 habet,
2641 749 2812 804 etiam
2838 748 3135 820 cingulum
3162 747 3403 803 amittito
3417 765 3436 818 ;
3459 747 3508 802 si

1873 842 2108 897 clericus
2138 843 2330 912 fuerit,
2358 859 2389 897 e
2419 843 2570 897 clero
2597 842 2833 912 ejicitor.

1944 935 2290 1006 Presbyteris
2325 951 2480 1002 sane,
2531 941 2590 990 et
2631 935 2905 1002 diaconis,
2937 939 2994 989 et
3028 933 3421 1001 subdiaconis,
3455 939 3512 989 et

1875 1027 2141 1082 omnibus
2167 1027 2292 1082 aliis
2317 1029 2414 1098 qui
2443 1028 2502 1082 in
2531 1029 2683 1083 clero
2713 1027 2967 1082 collocati
2995 1031 3148 1096 sunt,
3177 1027 3276 1098 qui
3307 1043 3511 1082 uxores

1876 1119 2188 1174 secundum
2217 1137 2398 1174 sacros
2423 1137 2667 1175 canones
2694 1137 2809 1175 non
2851 1120 3082 1186 habent,
3121 1119 3512 1174 interdicimus

1877 1216 1935 1267 et
1956 1229 2061 1268 nos
2088 1229 2191 1283 pro
2217 1217 2411 1267 tenore
2452 1229 2746 1268 sacrorum
2772 1229 3062 1266 canonum
3098 1228 3169 1266 ne
3208 1212 3514 1266 mulierem

1879 1307 2133 1376 aliquam
2162 1305 2319 1360 domi
2349 1322 2465 1360 suae
2495 1305 2836 1360 adseititiam
2861 1305 3128 1370 habeant,
3160 1308 3393 1374 excepta
3421 1311 3510 1358 ta-

1878 1415 2013 1452 men
2053 1401 2254 1467 matre,
2283 1404 2340 1452 et
2370 1399 2504 1462 ﬁlia,
2536 1404 2592 1452 et
2613 1414 2829 1464 sorore,
2859 1403 2916 1452 et
2945 1397 3070 1450 aliis
3101 1396 3357 1467 personis
3384 1412 3512 1466 qua:

1877 1507 2106 1545 omnem
2139 1491 2518 1560 suspicionem
2546 1490 2845 1560 effugiunt.
2879 1490 2934 1544 Si
2983 1489 3111 1560 quis
3150 1505 3283 1543 vero
3321 1494 3516 1542 contra

1879 1584 2026 1638 hanc
2057 1583 2506 1638 observationem
2541 1583 2840 1636 mulierem
2889 1582 3042 1636 domi
3091 1597 3209 1635 suae
3257 1581 3520 1636 habuerit

1879 1693 2006 1746 quas
2035 1675 2209 1746 possit
2251 1674 2630 1745 suspicionem
2668 1679 2865 1728 contra
2908 1675 3094 1744 ipsum
3133 1673 3419 1737 inducere,
3460 1677 3519 1726 et

1881 1768 2054 1822 semel
2080 1772 2249 1837 atque
2271 1767 2478 1821 iterum
2507 1766 2592 1820 vel
2623 1784 2656 1820 a
2684 1783 2786 1822 suo
2807 1765 3088 1837 episcopo,
3107 1765 3195 1818 vel
3225 1782 3256 1818 a
3287 1765 3517 1835 collegis

1886 1860 1998 1914 suis
2021 1859 2341 1914 admonitus
2377 1877 2446 1914 ne
2477 1877 2606 1914 cum
2636 1859 2734 1914 tali
2767 1859 3007 1913 muliere
3055 1857 3288 1925 habitet,
3344 1858 3517 1912 domo

1885 1970 2008 2008 eam
2045 1971 2146 2006 sua
2175 1953 2376 2023 ejicere
2406 1953 2673 2019 noluerit,
2703 1957 2802 2006 aut
2828 1955 3156 2022 emergente
3191 1957 3514 2005 accusatore

1886 2045 2156 2117 probatus
2174 2045 2345 2100 fuerit
2362 2045 2658 2100 inhoneste
2679 2062 2808 2100 cum
2830 2046 2931 2099 tali
2967 2047 3203 2100 muliere
3230 2063 3515 2102 conversa-

1887 2140 1954 2206 ri,
1995 2142 2130 2193 tnnc
2155 2139 2455 2210 episcOpus
2488 2140 2610 2209 ejus
2655 2138 2971 2192 secundum
2997 2140 3394 2195 ecclesiasticos
3423 2157 3514 2194 ca-

1886 2253 2062 2291 nones
2089 2237 2236 2290 clero
2268 2235 2454 2307 ipsum
2489 2236 2696 2306 ejicito,
2717 2237 2886 2290 curia:
2912 2236 3032 2304 ejus
3061 2237 3318 2305 civitatis,
3333 2239 3394 2292 in
3406 2255 3517 2310 qua

1886 2329 2120 2384 clericus
2147 2330 2276 2398 fuit,
2311 2330 2666 2384 tradendum.
2709 2329 3046 2400 Episcopum
3076 2333 3269 2385 autem
3297 2332 3517 2387 nullam

1887 2421 2120 2476 omnino
2147 2421 2450 2476 mulierem
2477 2421 2704 2489 habere,
2733 2427 2832 2476 aut
2855 2437 2985 2475 cum
3007 2438 3075 2476 ea
3107 2422 3359 2478 habitare
3385 2440 3518 2479 con-

1887 2514 2157 2570 cedimus.
2202 2515 2308 2570 Sed
2343 2515 2390 2568 si
2428 2514 2486 2569 id
2524 2515 2717 2568 minus
2758 2514 3076 2568 observasse
3119 2517 3518 2587 comprobatus

1887 2608 2076 2677 fuerit,
2109 2607 2441 2680 episcopatu
2465 2607 2738 2678 dejieitor.
2773 2610 2890 2678 Ipse
2921 2607 3074 2661 enim
3099 2608 3349 2679 seipsum
3391 2611 3511 2682 epi-

1889 2706 2119 2771 scopatu
2131 2700 2433 2770 indignum
2445 2703 2870 2754 commonstrat.
2889 2701 3270 2756 Diaconissam
3291 2719 3517 2775 quoque

1889 2795 2043 2848 nulla
2079 2793 2294 2848 ratione
2334 2811 2464 2848 cum
2491 2793 2612 2848 viro
2638 2810 2706 2848 ex
2733 2809 2847 2864 quo
2881 2793 3192 2848 inhonestae
3223 2795 3352 2851 vitae
3381 2797 3516 2850 sub-

1889 2888 2024 2941 oriri
2053 2890 2236 2958 potest
2261 2886 2501 2958 suspicio
2550 2887 2805 2941 habitare
2845 2887 3231 2942 concedimus.
3268 2889 3432 2952 Quod
3469 2891 3518 2944 si

1891 2981 2014 3034 haac
2042 2997 2158 3034 non
2179 2979 2578 3044 observaverit,
2610 2981 2871 3035 sacerdos
2891 2981 2982 3034 cui
3007 2980 3230 3036 subdita
3256 2988 3342 3036 est
3371 2983 3517 3038 hanc

1891 3074 2212 3139 admoneto,
2234 3078 2298 3128 ut
2325 3073 2590 3128 omnibus
2614 3074 2802 3128 modis
2829 3074 2996 3128 talem
3021 3075 3207 3130 virum
3228 3077 3396 3131 domo
3416 3093 3521 3132 sua

1893 3167 2098 3238 ejiciat.
2127 3167 2183 3222 Si
2200 3167 2314 3247 .hoc
2341 3167 2524 3221 facere
2551 3167 2790 3236 ditferat,
2809 3168 3185 3224 ecclesiastico
3204 3171 3520 3226 ministerio

1894 3260 2093 3329 etsuis
2119 3259 2361 3331 spoliata
2400 3259 2610 3327 diariis,
2643 3260 2706 3314 in
2731 3261 3148 3316 monasterium
3175 3264 3431 3334 traditur,
3465 3271 3522 3319 et

1892 3353 2007 3407 illic
2033 3369 2201 3407 omne
2220 3351 2345 3406 vitae
2372 3369 2489 3406 sure
2517 3356 2745 3424 tempus
2764 3353 3024 3408 adﬁnem
3052 3371 3232 3426 usque
3253 3357 3518 3428 transigi-

1894 3452 1974 3513 to,
2013 3445 2172 3500 bonis
2199 3445 2342 3516 ejus,
2372 3445 2418 3500 si
2446 3445 2590 3500 filios
2614 3445 2838 3512 habeat,
2884 3446 3032 3501 inter
3069 3447 3247 3518 ipsam
3287 3454 3343 3504 et
3391 3449 3521 3504 illos

1895 3555 1998 3610 pro
2027 3555 2402 3610 personarum
2439 3555 2678 3593 numero
2716 3538 3053 3606 dividendis,
3097 3546 3158 3594 ut
3195 3542 3521 3612 portionem

1895 3649 2022 3704 quae
2041 3633 2145 3704 ipsi
2171 3632 2393 3686 mulieri
2418 3632 2694 3704 competit
2713 3632 3118 3688 monasterium
3140 3623 3434 3706 percipiat,
3464 3643 3522 3692 et

1895 3743 2022 3781 eam
2051 3727 2180 3781 alat.
2213 3725 2268 3781 Si
2291 3726 2439 3780 tilios
2465 3742 2578 3780 non
2605 3725 2827 3792 habeat,
2850 3725 3034 3780 omnis
3063 3727 3184 3798 ejus
3210 3729 3522 3784 substantia

1895 3820 2042 3875 inter
2067 3819 2474 3874 monasterium
2493 3819 2554 3874 in
2569 3819 2720 3890 quod
2747 3819 3048 3889 conjicitur
3071 3825 3128 3874 et
3147 3822 3436 3877 ecclesiam
3461 3823 3522 3879 in

1896 3929 2070 3984 quam
2090 3913 2246 3984 prius
2263 3912 2522 3967 ordinata
2543 3912 2651 3967 fuit
2669 3913 2846 3983 aequis
2865 3913 3218 3984 portionibus
3236 3916 3518 3973 dividitor.

1897 4007 1951 4060 Si
1976 4006 2102 4078 quis
2119 4023 2249 4061 cum
2273 4007 2466 4061 divina
2490 4005 2759 4077 mysteria
2773 4011 2873 4061 aut
2895 4006 3004 4061 alia
3023 4024 3185 4062 sacra
3211 4009 3526 4065 ministeria

1897 4100 2272 4169 celebrantur,
2303 4105 2554 4154 sanctam
2575 4093 2870 4172 ingressus
2911 4101 3225 4171 ecclesiam,
3271 4103 3358 4157 vel
3401 4105 3522 4176 epi-

1897 4210 2086 4265 scopo,
2122 4193 2210 4248 vel
2239 4193 2472 4261 clericis,
2507 4193 2594 4248 vel
2625 4194 2749 4248 aliis
2774 4194 3052 4250 ministris
3077 4197 3346 4263 ecclesiae,
3386 4183 3522 4253 con-

1897 4286 2143 4342 tumelias
2151 4287 2366 4358 aliquid
2385 4287 2662 4354 intulerit,
2678 4287 2950 4358 jubemus
2967 4293 3030 4342 ut
3057 4289 3102 4342 is
3116 4294 3398 4345 tormenta
3409 4308 3526 4346 sus-

1898 4380 2092 4450 tineat,
2143 4385 2200 4434 et
2234 4381 2295 4434 in
2326 4381 2590 4436 exsilium
2615 4381 2893 4436 mittatur.
2921 4383 3076 4446 Quod
3105 4383 3150 4436 si
3176 4383 3300 4453 ipsa
3346 4385 3523 4440 etiam

1897 4473 2084 4528 divina
2113 4473 2398 4545 mysteria,
2427 4480 2526 4530 aut
2549 4491 2706 4528 sacra
2737 4474 3047 4529 ministeria
3077 4475 3526 4543 turbaverit,aut

1898 4566 2172 4622 celebrari
2201 4567 2574 4638 prohibuerit,
2601 4567 2823 4638 capitali
2849 4567 3125 4639 supplicio
3143 4569 3521 4626 afﬁcitar.Eo«-

1897 4659 2025 4714 dem
2063 4660 2169 4714 hoc
2195 4665 2252 4714 et
2294 4659 2354 4714 in
2395 4659 2899 4731 supplicationibus
2938 4661 3177 4731 publicis
3218 4661 3276 4715 in
3320 4663 3528 4734 quibus

1897 4751 2142 4824 episcopi
2162 4757 2260 4806 aut
2283 4752 2471 4807 clerici
2501 4752 2869 4808 inveniuntur
2893 4753 3276 4821 custodiendo,
3308 4761 3369 4811 ut
3404 4757 3528 4828 qui-

1897 4846 2048 4916 dem,
2078 4845 2124 4900 si
2151 4845 2425 4900 dnntaxat
2457 4845 2860 4900 contumeliam
2885 4845 3106 4915 fecerit,
3140 4851 3442 4905 tormentis
3469 4857 3528 4906 et

1897 4939 2092 4994 exsilio
2109 4939 2399 5008 tradatur;
2429 4939 2476 4994 si
2499 4938 2970 5012 supplicationem
2993 4941 3276 5012 publicam
3297 4943 3529 5015 dissipa-

1901 5033 2046 5086 verit
2072 5033 2391 5104 periculum
2422 5032 2620 5104 capitis
2655 5031 2950 5088 sustineat.
2983 5036 3165 5104 Atque
3189 5035 3312 5091 hac
3341 5037 3524 5092 vindi-

1899 5143 2026 5180 care
2041 5126 2332 5197 jubemus,
2356 5143 2471 5180 non
2490 5130 2717 5182 tantum
2738 5125 2950 5191 civiles,
2977 5127 3079 5182 sed
3113 5128 3290 5184 etiam
3316 5131 3525 5187 milita-

1901 5237 1993 5274 res
2017 5220 2398 5290 magistratus.
2417 5219 2698 5274 Omnibus
2719 5225 2914 5275 eutem
2941 5221 3098 5276 laicis
3124 5223 3528 5282 interdicimus

1903 5330 1976 5368 ne
1991 5313 2436 5385 supplicationes
2454 5313 2705 5385 publicas
2723 5319 3010 5386 peragant
3030 5315 3154 5372 sine
3175 5317 3538 5389 religiosissi-

1903 5407 2013 5463 mis
2039 5407 2337 5479 episcopis,
2369 5411 2428 5462 et
2447 5407 2546 5479 qui
2589 5407 2693 5462 sub
2739 5407 2822 5462 eis
2861 5413 2995 5463 sunt
3035 5411 3532 5469 reverendissimis

1902 5501 2141 5557 clericis.
2159 5501 2457 5566 Quomodo
2475 5501 2628 5556 enim
2659 5501 2995 5573 supplicatio
3023 5504 3250 5575 publica
3266 5523 3389 5562 esse
3411 5513 3534 5579 pots

1905 5599 2009 5663 est,
2031 5595 2091 5650 in
2110 5611 2217 5666 qua
2233 5595 2556 5650 sacerdotes
2577 5611 2693 5650 non
2716 5595 3110 5665 inveniuntur,
3129 5599 3225 5670 qui
3243 5601 3531 5655 solemnes

1904 5705 2098 5761 preces
2121 5689 2434 5760 peragant?
2455 5688 2568 5744 Sed
2585 5691 2644 5742 et
2659 5690 3018 5746 venerabiles
3029 5709 3244 5761 cruces,
3263 5709 3389 5747 cum
3409 5693 3533 5764 qui-

1903 5783 2010 5836 bus
2023 5782 2349 5837 sacerdotes
2365 5781 2422 5836 in
2443 5781 3388 5854 supplicationibusingrediuntur,
3411 5801 3530 5842 non

1905 5875 2042 5930 alibi
2061 5891 2236 5947 quam
2265 5875 2322 5930 in
2353 5875 2775 5931 venerabilibns
2805 5877 2938 5932 locis
2967 5885 3350 5946 reponuntor;
3390 5881 3450 5934 et
3483 5879 3531 5939 si

3135 5977 3213 6036 33
