4088 6454
597 363 734 420 1035

1693 357 1940 414 salttum
1981 351 2166 414 SEXTI
2205 353 2751 416 SUPPLEMENTUM.

3893 350 4027 404 i036

583 469 824 540 quando
847 483 979 520 usus
995 465 1359 536 postulaverit
1377 465 1447 518 ad
1468 465 1824 519 celebrandas
1849 466 2205 536 supplicatio-
2227 477 2287 550 Α
2307 467 2558 537 quandiu
2599 473 2789 520 tamen
2833 466 2886 519 in
2921 465 3264 519 monasterio
3305 463 3494 533 degit.
3529 463 3659 516 Res
3690 475 3856 512 vero
3888 475 4030 528 quas

596 577 716 626 nes,
737 565 872 614 tunc
898 559 1076 612 solum
1102 558 1250 628 ipsas
1273 573 1466 611 cruces
1485 557 1546 610 hi
1567 557 1666 627 qui
1693 573 1761 611 ex
1785 572 1946 612 more
1974 573 2064 611 eas
2084 575 2208 628 por-

601 656 720 706 tare
765 651 946 705 solent
973 649 1312 720 accipiunto,
1341 653 1398 704 et
1425 665 1554 703 cum
1598 649 1870 720 episcopis
1900 666 1964 703 ac
1993 651 2206 704 clericis

596 743 1028 814 supplicationes
1041 741 1378 810 celebranto,
1393 742 1513 796 haec
1527 741 1966 796 custodientibus
1979 741 2209 796 sanctis-

598 835 754 889 simis
777 836 1028 890 locorum
1049 833 1323 905 episcopis
1343 834 1509 888 simul
1535 837 1591 888 et
1615 834 1747 904 ipsis
1767 834 2000 901 clericis,
2022 850 2206 905 neque

600 944 715 982 non
751 927 830 981 ibi
857 929 1104 980 locorum
1135 926 1574 996 magistratibus.
1605 927 1662 980 Si
1688 926 1814 996 quis
1839 942 1971 981 vero
2001 926 2060 980 iu
2097 926 2206 980 hoc

591 1019 774 1090 capite
803 1019 1096 1090 praesentis
1123 1022 1328 1072 nostrae
1353 1019 1494 1089 legis
1520 1020 1774 1090 vigorem
1795 1019 1880 1073 vel
1903 1024 2208 1089 transgres-

591 1129 683 1166 sus
725 1111 916 1179 fuerit,
963 1111 1050 1165 vel
1092 1127 1204 1164 non
1257 1110 1632 1178 vindicaverit,
1676 1111 1968 1181 praedictas
2015 1127 2206 1181 poenas

591 1203 908 1257 sustinebit.
954 1203 1252 1274 Reliquum
1287 1208 1371 1256 est
1410 1203 1572 1257 nobis
1602 1206 1659 1256 et
1696 1203 1764 1257 de
1791 1203 2205 1258 venerabilibus

591 1294 946 1349 monasteriis
971 1300 1026 1348 et
1055 1294 1124 1348 de
1153 1295 1628 1348 reverendissimis
1668 1295 1954 1348 monachis
1993 1297 2206 1348 certam

589 1387 894 1441 formulam
909 1387 1294 1457 prmscribere.
1313 1386 1448 1440 111ml
1467 1385 1642 1456 igitur
1653 1391 1782 1440 ante
1801 1392 2001 1440 caetera
2020 1387 2207 1442 dicen-

591 1479 747 1543 dum,
776 1484 842 1532 ut
871 1495 970 1548 per
997 1494 1166 1531 omne
1193 1495 1395 1545 aevum,
1425 1483 1480 1530 et
1499 1479 1707 1548 ubique
1729 1484 2008 1532 terrarum
2029 1478 2206 1532 nostri

591 1569 836 1640 imperii,
873 1570 919 1622 si
945 1585 1201 1639 unquam
1225 1569 1427 1638 aliquis
1453 1570 1766 1623 venerabile
1798 1570 2204 1624 monasterium

589 1662 864 1716 aedificare
887 1661 1144 1726 voluerit,
1178 1677 1289 1713 non
1318 1659 1472 1730 prius
1499 1659 1619 1730 ejus
1647 1661 1847 1730 agendi
1871 1661 2094 1716 licentia
2113 1663 2202 1731 sit,

589 1770 760 1824 quam
791 1753 886 1806 Dei
915 1752 1362 1806 amantissimum
1389 1753 1640 1806 locorum
1669 1753 1997 1823 episcopum
2018 1770 2204 1807 accer-

592 1853 695 1915 sat,
725 1845 822 1916 qui
849 1849 905 1899 et
920 1861 1120 1898 manus
1149 1844 1207 1898 in
1229 1843 1436 1898 crelum
1467 1845 1787 1916 protendat,
1817 1850 1872 1900 et
1901 1861 2068 1915 prece
2108 1862 2206 1899 sua

589 1939 775 1992 locum
807 1939 916 1991 Deo
935 1939 1240 2003 consecret,
1269 1937 1382 1990 ﬁxo
1410 1937 1470 1990 in
1498 1953 1564 1990 eo
1594 1937 1791 1991 salutis
1822 1940 2024 1992 nostra;
2045 1937 2205 2008 signo

595 2031 816 2100 (nempe
843 2029 1185 2083 adorandam
1211 2029 1368 2082 illam
1395 2031 1451 2082 et
1477 2044 1608 2083 vere
1643 2029 1954 2099 preciosam
1982 2045 2207 2084 crucem

593 2122 878 2190 dicimus),
895 2121 1084 2192 sicque
1103 2119 1457 2175 zediﬁcationi
1477 2121 1897 2190 deturinitium,
1913 2137 2042 2174 cum
2065 2137 2206 2192 prm-

591 2217 805 2270 clarnm
831 2213 968 2268 illud
997 2216 1054 2266 et
1069 2213 1376 2268 condecens
1401 2213 1836 2268 fundamentum
1855 2213 2074 2283 jecerit.
2103 2217 2202 2266 At-

591 2324 702 2379 que
719 2308 822 2362 hoc
837 2307 1064 2377 quidem
1089 2305 1428 2377 principium
1455 2305 1562 2376 piae
1590 2305 1992 2360 venerabilium
2014 2321 2207 2360 mona-

590 2400 895 2455 steriorum
920 2398 1312 2453 exstructionis
1334 2404 1468 2452 esto.

667 2493 936 2547 Jubemus
965 2496 1154 2545 autem
1181 2495 1242 2544 ut
1271 2490 1441 2544 abbas
1467 2490 1582 2545 sive
1617 2490 2076 2558 archimandrita,
2104 2489 2204 2561 qui

589 2585 648 2640 in
675 2585 910 2656 singulis
939 2583 1185 2638 existunt
1213 2584 1588 2650 monasteriis,
1621 2599 1736 2637 non
1770 2599 1872 2654 per
1895 2583 2085 2638 omnia
2113 2598 2202 2638 se-

589 2679 836 2733 cundum
855 2677 1062 2747 gradus
1075 2676 1500 2745 monachorum,
1514 2675 1614 2730 sed
1633 2676 1942 2730 secundum
1957 2675 2204 2730 actiones

589 2773 716 2825 vita).
744 2772 1038 2824 creentur:
1063 2769 1158 2822 sed
1186 2773 1242 2823 et
1269 2785 1443 2839 quem
1471 2785 1667 2822 omnes
1687 2768 1946 2822 monachi
1971 2768 2069 2839 qui
2089 2783 2201 2823 me-

588 2863 728 2918 liore
779 2862 1044 2932 opinione
1101 2867 1232 2914 sunt
1282 2861 1586 2931 elegerint,
1646 2860 1945 2931 propositis
2001 2859 2202 2914 sanctis

587 2954 904 3024 Evangeliis
921 2953 1134 3008 aientes
1154 2953 1304 3023 quod
1326 2969 1440 3006 non
1455 2968 1557 3022 per
1574 2952 1878 3006 amicitiam
1899 2957 1996 3006 aut
2009 2968 2203 3022 quam-

590 3062 814 3118 cunque
830 3045 1000 3100 aliam
1017 3045 1257 3114 gratiam
1274 3045 1459 3114 ipsum
1473 3044 1768 3114 elegerint,
1793 3045 1890 3098 sed
1905 3044 2053 3114 quod
2071 3060 2200 3098 eum

591 3143 649 3194 et
675 3138 782 3193 lide
809 3142 1026 3192 rectum
1053 3136 1330 3201 noverint,
1365 3141 1420 3190 et
1445 3137 1554 3189 vita
1583 3137 1902 3202 honestum,
1937 3141 1994 3190 et
2017 3136 2199 3190 admi-

588 3230 914 3286 nistratione
933 3229 1192 3299 dignum,
1210 3229 1472 3300 quodque
1489 3229 1892 3283 monachorum
1911 3229 2202 3284 scientiam

589 3327 647 3378 et
677 3339 904 3378 omnem
927 3322 1250 3376 monasterii
1281 3321 1636 3392 disciplinam
1664 3338 1728 3375 ac
1755 3327 1962 3376 statum
1985 3321 2204 3376 utiliter

589 3431 915 3472 conservare
944 3415 1135 3486 possit,
1171 3413 1592 3484 religiosissimo
1638 3415 1898 3485 episcopo
1942 3415 2046 3469 sub
2090 3431 2202 3486 quo

591 3509 994 3565 monasterium
1019 3507 1388 3560 constitutum
1415 3511 1496 3560 est
1521 3507 1780 3560 omnibus
1799 3507 1982 3561 modis
1997 3523 2204 3578 praesu-

589 3603 704 3656 lem
728 3601 824 3673 qui
843 3617 908 3656 eo
927 3601 1095 3654 modo
1113 3600 1322 3654 electus
1342 3601 1424 3652 est
1439 3603 1791 3670 promoturo.
1810 3602 1993 3671 Atque
2016 3601 2204 3654 omnia

589 3695 729 3762 haec,
746 3710 874 3766 qua:
896 3693 964 3747 de
990 3691 1297 3764 preesulum
1319 3692 1668 3762 promotione
1697 3708 1732 3745 a
1754 3692 1916 3746 nobis
1941 3692 2204 3763 disposita

589 3790 721 3841 sunt
737 3785 1095 3858 praecipimus
1121 3785 1256 3838 item
1276 3783 1460 3838 valere
1489 3784 1550 3838 in
1577 3785 1986 3839 venerabilibus
2012 3801 2204 3840 mona-

589 3879 772 3936 steriis
795 3885 848 3934 et
867 3877 1151 3932 asceteriis
1179 3876 1502 3931 mulierum.

663 3974 944 4028 Caeterum
977 3971 1022 4024 si
1049 3970 1174 4040 quis
1197 3969 1268 4022 ad
1299 3969 1662 4024 monasticam
1690 3969 1878 4024 venire
1904 3971 2072 4024 vitam
2098 3987 2200 4026 vo-

588 4065 777 4133 luerit,
789 4064 1059 4134 jubemus
1078 4066 1141 4116 ut
1157 4061 1202 4115 si
1216 4061 1444 4132 quidem
1471 4061 1541 4116 de
1571 4080 1635 4117 eo
1655 4068 1868 4118 constet
1885 4064 2036 4134 quod
2060 4063 2204 4118 nulli

593 4157 780 4213 servili
827 4155 1128 4210 conditioni
1173 4154 1444 4209 obnoxius
1493 4155 1560 4209 sit
1605 4157 1810 4226 praesul
1853 4157 2199 4226 monasterii,

593 4250 848 4306 habitum
873 4247 974 4310 illi,
1004 4248 1227 4318 quando
1260 4247 1364 4302 sibi
1394 4247 1573 4302 visum
1603 4248 1793 4316 fuerit,
1825 4247 2110 4304 adhibeat.
2144 4247 2202 4304 Si

595 4344 666 4398 de
691 4359 758 4398 eo
781 4359 898 4396 non
927 4346 1139 4396 constet
1181 4340 1406 4394 cuinam
1447 4340 1758 4394 conditioni
1787 4329 2070 4396 'obnoxius
2109 4342 2200 4413 sit,

588 4437 738 4492 intra
751 4441 864 4490 tres
884 4451 1063 4489 annos
1080 4434 1334 4488 habitum
1349 4433 1396 4487 is
1409 4433 1785 4488 monasticum
1803 4449 1918 4488 non
1933 4441 2200 4503 assumat,

2306 558 2366 613 in
2393 559 2800 613 monasterium
2825 557 3085 612 intulisse
3115 556 3436 622 videbitur,
3473 551 3792 624 probanti
3827 551 3896 603 id
3922 551 4026 602 do-

2303 650 2462 704 mino
2490 651 2878 704 restituuntor.
2912 653 2981 702 At
3001 649 3046 702 si
3077 649 3205 719 quis
3233 647 3698 719 praedictarum
3725 659 4031 714 persona-

2306 758 2438 796 rum
2469 743 2766 813 reliquerit
2784 741 3215 808 monasterium,
3237 743 3297 794 et
3326 739 3402 792 ad
3420 737 3816 792 saecularem
3849 734 4026 787 vitam

2302 834 2606 904 transierit,
2639 834 2752 888 sive
2777 834 2838 887 in
2867 832 3136 902 urbibus,
3159 832 3278 886 sive
3318 847 3434 902 per
3464 845 3665 900 agros
3698 828 4025 886 oberrans.

2305 942 2420 980 sua:
2432 927 2672 980 fortunat
2686 941 2750 980 ac
2767 924 3080 980 conditioni
3093 923 3384 978 redditor.
3409 923 3618 976 Porro
3639 921 3709 974 in
3735 920 4027 974 omnibus

2305 1017 2663 1072 monasteriis
2683 1017 3048 1088 quaequidem
3079 1016 3341 1070 eaanobia
3363 1013 3818 1085 appellantur,
3841 1011 4024 1084 jube-

2303 1126 2432 1164 mus
2447 1115 2510 1164 ut
2531 1109 2841 1164 secundum
2868 1109 3207 1180 praescripta
3231 1112 3291 1162 et
3312 1107 3621 1161 formulas
3645 1122 3805 1159 mon
3815 1105 4028 1158 asticas

2304 1219 2502 1256 omnes
2543 1202 2602 1256 in
2628 1218 2743 1256 una
2776 1200 2950 1256 domo
2986 1201 3270 1268 habitent,
3307 1215 3535 1254 omnes
3581 1198 3651 1252 in
3687 1213 4028 1252 commune

2305 1295 2547 1359 alantur,
2565 1310 2762 1348 omnes
2784 1294 2844 1347 in
2868 1309 2988 1347 una
3009 1293 3182 1347 domo
3198 1291 3500 1346 consimili
3518 1289 3728 1346 modo
3761 1291 4025 1361 separati

2306 1387 2530 1451 cubent,
2545 1389 2612 1440 ut
2637 1385 2880 1440 vicissim
2901 1387 3046 1439 alter
3072 1385 3239 1438 alteri
3273 1384 3560 1438 honestae
3593 1382 4024 1438 conversatio-

2307 1478 2392 1532 nis
2410 1478 2794 1532 testimonium
2815 1478 3093 1548 praabeat.
3125 1477 3245 1531 Nisi
3275 1476 3539 1548 quidam
3571 1481 3799 1530 tamen
3837 1493 3916 1531 ex
3948 1477 4026 1529 eis

2303 1575 2400 1624 aut
2435 1576 2670 1641 propter
2706 1571 3032 1640 longaevam
3066 1569 3129 1623 in
3165 1569 3550 1623 monasterio
3594 1569 4023 1623 conversatio-

2303 1679 2456 1730 nem,
2506 1663 2694 1732 quiete
2731 1662 2979 1715 volentes
3017 1659 3230 1730 vivere,
3275 1665 3382 1714 aut
3427 1661 3790 1716 senectutis
3847 1665 4025 1732 atque

2305 1754 2554 1825 corporis
2579 1753 2928 1808 inﬁrmitatis
2955 1769 3124 1807 causa
3154 1754 3215 1806 in
3261 1753 3521 1806 remotis
3576 1754 3828 1808 cellulis
3876 1755 4027 1808 intra

2305 1845 2708 1900 monasterium
2721 1845 3040 1899 constitutis
3058 1845 3296 1914 degant,
3315 1845 3518 1900 ethoc
3538 1861 3694 1900 cum
3711 1848 4028 1901 conscienc

2303 1939 2380 1993 tia
2424 1942 2480 1992 et
2516 1938 2801 1992 voluntate
2831 1937 3052 1991 abbatis
3092 1937 3213 1991 ﬁat.
3249 1937 3350 1990 His
3395 1938 3710 1992 omnibus
3745 1943 3814 1994 et
3876 1940 4028 1993 circa

2303 2030 2648 2085 monasteria
2679 2034 2736 2084 et
2759 2029 3032 2083 asceteria
3065 2029 3388 2084 mulierum
3439 2033 3934 2086 conservandis.
3970 2035 4026 2086 lu

2303 2123 2456 2176 nullo
2485 2121 2808 2192 reipublicae
2834 2127 3043 2176 nostra:
3085 2121 3210 2176 loco
3241 2123 3661 2178 concedimus
3694 2130 3772 2178 ut
3811 2126 3880 2178 in
3913 2142 4027 2178 uno

2304 2214 2644 2269 monasterio
2667 2213 2932 2267 monachi
2958 2213 3126 2266 simul
3158 2218 3217 2267 et
3237 2215 3616 2269 monastriae
3641 2217 4024 2284 cohabitant,

2305 2311 2358 2361 et
2383 2309 2472 2377 (ut
2495 2304 2866 2376 appellantur)
2881 2305 3132 2376 duplicia
3162 2305 3278 2360 sint
3307 2308 3746 2363 monasteria.
3770 2309 3935 2374 Quin
3965 2309 4026 2362 si—

2302 2399 2558 2453 cubitale
2583 2397 2994 2452 monasterium
3025 2397 3334 2452 inventum
3362 2381 3598 2470 fuerit,
3625 2401 3938 2472 jubemus
3973 2408 4028 2454 ut

2303 2491 2454 2546 viria
2477 2490 2809 2544 mulieribus
2835 2494 3192 2560 separentur,
3219 2494 3281 2543 et
3297 2491 3392 2545 hie
3411 2492 3702 2562 quidem
3735 2499 4026 2567 tanquam

2302 2583 2698 2638 imbecilliores
2717 2582 2775 2636 in
2797 2597 2865 2636 eo
2889 2583 3238 2636 monasterio
3268 2589 3584 2638 maneant
3607 2587 3682 2640 in
3709 2603 3840 2658 quo
3872 2595 4025 2654 sunt,

2301 2676 2405 2730 viri
2424 2679 2614 2730 autem
2641 2675 2796 2729 aliud
2822 2674 2926 2728 sibi
2953 2675 3386 2729 monasterium
3418 2683 3796 2734 exstruant.
3837 2681 3903 2736 Si
3935 2697 4026 2733 ve-

2301 2785 2364 2822 ro
2383 2769 2545 2840 plura
2567 2767 2844 2838 ejusmodi
2869 2767 3218 2821 monasteria
3245 2769 3545 2836 existant,
3585 2787 3813 2844 neque
3835 2791 4028 2828 neces

2302 2879 2360 2916 se
2393 2861 2466 2914 sit
2510 2877 2655 2916 nova
2687 2859 3042 2914 exazdiiicare
3072 2861 3460 2930 monasteria,
3498 2864 4027 2936 religiosissimus

2301 2955 2556 3009 locorum
2583 2953 2879 3024 episcopus
2907 2952 3225 3007 monachos
3247 2969 3390 3007 cum
3412 2959 3798 3026 monachis,
3825 2961 4032 3014 mulie-

2302 3063 2390 3101 res
2414 3063 2545 3101 cum
2573 3045 2907 3100 mulieribus
2927 3045 3236 3116 separatim
3258 3046 3320 3100 in
3351 3047 3490 3101 aliis
3507 3055 3719 3122 atque
3751 3053 3894 3108 aliis
3916 3071 4031 3108 mo-

2303 3138 2563 3193 nasteriis
2595 3137 2866 3207 colligere
2891 3153 3044 3192 curae
3067 3137 3309 3193 habeto.
3341 3139 3510 3202 Quas
3542 3158 3708 3198 vero
3747 3162 3853 3202 res
3883 3164 4032 3200 com-

2303 3248 2502 3286 munes
2528 3231 2677 3284 inter
2706 3245 2765 3285 se
2792 3229 3025 3298 habent,
3055 3229 3147 3284 hae
3175 3247 3284 3302 pro
3313 3247 3413 3302 eo,
3434 3240 3782 3306 quantum
3811 3241 4029 3311 cuique

2293 3324 2439 3394 juris
2462 3322 2750 3394 competit,
2767 3322 3113 3377 dividuutor.
3143 3325 3502 3381 Mulieribus
3539 3336 3804 3402 autem,
3832 3351 4034 3406 quem-

2301 3431 2526 3487 cunque
2555 3416 2691 3486 ipsas
2721 3415 3020 3486 elegerint,
3061 3415 3179 3470 sive
3219 3418 3714 3491 presbyterum,
3753 3427 3890 3480 sive
3919 3428 4032 3482 dia-

2301 3525 2526 3574 conum,
2568 3513 2630 3562 ut
2669 3524 2773 3579 pro
2820 3508 2958 3578 ipsis
3003 3509 3374 3579 respondeat,
3428 3517 3545 3566 aut
3595 3525 3905 3575 sanctam
3961 3523 4032 3576 eis

2301 3600 2760 3655 communionem
2797 3601 3077 3671 deportet,
3113 3601 3630 3672 religiosissimus
3675 3613 4028 3684 episcopus,

2301 3693 2406 3747 sub
2420 3709 2534 3763 quo
2555 3696 2702 3761 sunt,
2727 3693 2888 3764 quasi
2903 3693 3087 3747 ductis
3101 3694 3365 3749 sortibus
3377 3697 3760 3774 attribuito,
3787 3707 3842 3760 si
3867 3712 4029 3762 rectm

2301 3785 2434 3839 ﬁdei
2461 3790 2520 3840 et
2547 3786 2795 3840 honesta;
2819 3785 2950 3840 vitae
2983 3786 3138 3840 hunc
3174 3802 3301 3840 esse
3332 3795 3750 3860 cognoverit.
3790 3800 3964 3863 Quod
3993 3802 4030 3852 ,ἡ

2303 3877 2594 3949 presbyter
2613 3883 2712 3932 aut
2729 3877 2999 3932 diaconus
3020 3895 3140 3934 non
3152 3879 3228 3933 sit
3245 3881 3356 3950 qui
3381 3881 3461 3935 ab
3474 3883 3639 3954 ipsis
3655 3889 3916 3948 electus
3935 3899 4028 3955 est,

2303 3973 2544 4044 dignum
2576 3973 2767 4025 autem
2796 3970 2896 4025 tali
2927 3971 3252 4026 ministerio
3285 3975 3632 4048 episcopus
3655 3982 4032 4054 judicet,or~

2301 4065 2592 4122 dinatione
2639 4061 2691 4118 ei
2737 4064 3021 4134 imposita,
3059 4077 3174 4134 qua
3216 4065 3445 4136 dignus
3495 4086 3646 4127 esse
3705 4078 4028 4144 videbitur,

2301 4157 2675 4229 respondendi
2695 4156 2780 4227 (ut
2808 4155 3026 4210 dictum
3053 4157 3158 4228 est)
3187 4161 3436 4214 muneri
3472 4179 3638 4220 eum
3674 4185 3804 4240 pro
3831 4190 4026 4228 mona-

2301 4251 2468 4306 sterio
2485 4249 2798 4304 attribuito.
2818 4249 2900 4302 Ita
2919 4253 3131 4318 tamen,
3153 4253 3220 4304 ut
3247 4268 3457 4324 neque
3481 4258 3604 4328 qui
3632 4277 3716 4315 eo
3744 4267 3944 4321 modo
3965 4265 4026 4318 ad

2303 4360 2370 4398 ea
2388 4359 2514 4415 qua:
2539 4359 2644 4414 pro
2667 4341 3006 4396 mulieribus
3025 4344 3448 4414 respondenda
3471 4357 3634 4408 sunt
3667 4357 3914 4414 electus
3936 4367 4027 4414 est.

2302 4438 2362 4492 in
2392 4434 2740 4491 monasterio
2755 4439 3138 4490 commaneat.

594 4529 692 4584 sed
713 4529 862 4584 intra
878 4527 1207 4598 praedictum
1230 4531 1453 4597 tempus
1473 4525 1802 4580 monasterii
1828 4527 2036 4598 praesul
2059 4528 2201 4598 peri-
2224 4531 2282 4604 D
2375 4530 2434 4585 Si
2455 4528 2579 4600 quis
2594 4528 2698 4583 sub
2719 4527 3048 4584 conditione
3068 4530 3426 4600 nuptiarum
3457 4543 3582 4594 aut
3596 4550 4030 4618 susceptorum

591 4623 782 4678 culum
809 4621 992 4688 facito,
1023 4619 1069 4674 si
1096 4619 1298 4690 pedem
1319 4620 1528 4673 referre
1547 4619 1698 4673 velit.
1718 4619 1834 4672 Etsi
1861 4619 2010 4674 intra
2035 4621 2206 4674 trien-

593 4715 754 4778 nium
773 4717 1028 4782 emergat
1049 4711 1255 4783 aliquis
1283 4712 1382 4782 qui
1405 4712 1556 4766 hunc
1581 4712 1666 4766 vel
1684 4728 1926 4782 servum,
1949 4713 2032 4767 vel
2061 4714 2208 4769 colo-

595 4825 755 4878 num,
782 4807 870 4862 vel
887 4805 1257 4876 ascriptitium
1288 4821 1454 4858 suum
1481 4821 1603 4860 esse
1633 4804 1796 4872 dicat,
1831 4806 2096 4877 quodque
2119 4807 2206 4862 vel

597 4898 1019 4972 agricolationis
1044 4898 1299 4952 laborem
1329 4897 1574 4968 fugiens,
1601 4897 1686 4951 vel
1717 4897 1928 4969 aliquid
1967 4899 2206 4969 furatus,

593 4995 683 5048 vel
700 4995 930 5064 propter
946 4990 1178 5062 aliquod
1205 4990 1471 5044 delictum
1493 4991 1550 5044 in
1570 4991 1975 5045 monasterium
1995 4991 2050 5045 in
2059 5007 2209 5062 gres-

595 5103 690 5141 sus
733 5086 823 5154 sit,
863 5089 920 5139 et
963 5085 1084 5139 haec
1129 5083 1495 5154 comprobata
1541 5083 1774 5152 fuerint,
1819 5083 2128 5139 restituitor
2164 5085 2210 5140 is

602 5179 836 5233 domino
851 5193 952 5232 suo
972 5194 1102 5232 cum
1119 5177 1285 5232 rebus
1300 5192 1439 5247 quas
1461 5176 1520 5230 iu
1541 5176 1940 5230 monasterium
1957 5177 2210 5232 intulisse

600 5271 866 5342 probatus
894 5269 1082 5339 fuerit,
1108 5270 1242 5324 data
1266 5269 1422 5340 prius
1447 5273 1504 5323 et
1525 5272 1756 5340 accepta
1773 5269 1884 5323 ﬁde
1899 5269 2051 5340 quod
2067 5270 2210 5324 nihil

601 5381 633 5418 a
661 5363 892 5418 domino
923 5380 1024 5417 suo
1043 5363 1177 5418 mali
1202 5361 1574 5434 perpetietur.
1601 5362 1657 5418 Si
1677 5377 1844 5416 nemo
1866 5361 2012 5416 intra
2032 5363 2209 5418 trien-

603 5455 762 5511 nium
774 5460 967 5509 contra
983 5455 1227 5526 aliquam
1247 5455 1642 5526 praedictarum
1656 5470 2023 5525 personarum
2037 5455 2208 5510 actio-

601 5565 735 5604 nem
747 5552 804 5601 et
816 5549 1250 5602 controversiam
1264 5547 1785 5615 moverit,monaste
1792 5547 1856 5600 rii
1873 5548 2077 5618 praesul
2089 5554 2214 5618 post

602 5640 832 5698 triennii
845 5641 1139 5694 decursum
1156 5643 1287 5692 tunc
1306 5639 1388 5692 illi
1407 5639 1658 5693 habitum
1674 5640 1938 5710 praabeto,
1961 5641 2005 5692 si
2019 5641 2210 5694 istius-

600 5735 755 5792 modi
765 5734 1055 5788 hominem
1066 5732 1302 5802 dignum
1309 5731 1330 5801 j
1338 5731 1852 5802 udicaverit,neque
1864 5736 2054 5803 postea
2065 5733 2215 5805 quis-

606 5843 776 5920 quam
791 5825 836 5881 ei
851 5825 1142 5899 negotium
1156 5822 1225 5878 de
1240 5827 1384 5878 statu
1401 5839 1463 5880 ac
1481 5823 1801 5880 conditione
1815 5841 1917 5882 sua
1935 5826 2210 5902 lacessito,

2305 4623 2573 4688 ﬁliorum,
2607 4621 2693 4674 vel
2724 4621 2892 4690 dotis,
2925 4626 3026 4676 aut
3069 4623 3359 4694 nuptialis
3393 4627 3786 4694 donationis
3825 4642 4027 4713 gratia,

2303 4717 2391 4770 vel
2420 4714 2732 4781 donaverit,
2761 4714 2848 4768 vel
2869 4714 3167 4786 reliquerit
3189 4716 3328 4771 ﬁliis
3352 4721 3510 4792 suis,
3539 4733 3665 4783 aut
3693 4731 4027 4807 cuicunque

2305 4809 2398 4864 alii
2443 4823 2724 4879 personas,
2756 4808 2844 4861 vel
2883 4807 3310 4896 haereditatem,
3346 4814 3448 4867 vel
3496 4817 3838 4896 legatum,
3873 4835 3969 4882 aut
3996 4829 4029 4879 si

2309 4899 2466 4952 initio
2504 4912 2646 4968 pure
2689 4896 2826 4966 ipsis
2874 4895 3188 4988 relinquat,
3235 4903 3456 4968 postea
3491 4909 3621 4963 sub
3683 4895 3827 4970 una
3852 4919 4028 4988 aliqua

2307 4993 2756 5046 memoratarum
2773 4987 3177 5044 conditionum
3195 4991 3668 5059 substitutione
3681 5015 3800 5064 aut
3813 5011 4026 5066 restitu-

2308 5083 2460 5139 tione
2481 5099 2579 5137 eos
2604 5085 2940 5153 praegravet,
2962 5081 3247 5152 jubemus
3265 5088 3337 5138 ut
3365 5087 3418 5141 si
3459 5106 3699 5152 mares
3733 5109 3848 5158 aut
3879 5105 4026 5158 femi-

2307 5192 2398 5231 me
2425 5175 2522 5246 qui
2549 5174 2750 5228 talibus
2779 5173 3212 5230 conditionibus
3239 5177 3506 5238 obnoxii
3544 5199 3711 5248 sunt
3747 5203 4025 5252 monaste-

2306 5269 2456 5324 rium
2489 5267 2906 5338 ingrediantur,
2929 5272 3030 5321 aut
3053 5268 3271 5337 clerici,
3302 5271 3814 5356 diaconissaeve,
3843 5297 3943 5345 aut
3967 5306 4028 5342 as.

2309 5361 2495 5416 cetrize
2515 5361 2675 5429 flant,
2703 5359 3025 5414 istiusmodi
3055 5363 3438 5422 conditiones
3475 5371 3826 5452 invalidae,
3854 5391 3914 5438 et
3945 5399 4025 5455 pm

2308 5471 2424 5509 non
2469 5448 2691 5524 scriptis
2738 5453 2869 5508 sint.
2928 5453 3043 5507 Hoc
3087 5458 3294 5511 autem
3342 5464 3605 5524 auxilio
3665 5448 3822 5531 tan,
3863 5448 4028 5532 ,διέπέεί

2309 5564 2482 5618 quam
2508 5546 2835 5601 diaconissae
2863 5546 3239 5602 ecclesiarum
3268 5553 3745 5637 perfruuntor,
3785 5571 3836 5626 si
3873 5585 4026 5641 usque

2309 5641 2380 5694 ad
2405 5640 2578 5693 tinem
2607 5639 2736 5693 vitae.
2761 5653 2879 5693 siue
2905 5637 2975 5691 iis
3006 5639 3306 5708 insistant,
3339 5651 3408 5701 et
3438 5666 3554 5707 res
3593 5675 3677 5713 ea
3709 5637 4028 5720 condiugn.

2313 5732 2552 5786 donatas
2577 5736 2675 5786 aut
2701 5731 2922 5786 relictas
2950 5730 3010 5784 in
3052 5732 3182 5802 pios
3229 5751 3381 5792 usus
3425 5742 3920 5825 insumpserim
3958 5761 4028 5808 ςιυῑ

2311 5823 2665 5902 reliquerint.
2704 5825 2845 5882 Nam
2872 5823 2933 5880 in
2969 5826 3244 5902 personis
3285 5845 3433 5909 quae
3468 5837 3548 5898 in
3599 5823 4026 5911 monasteriuf,
