4088 6434
62 372 250 426 ⁸1037

51 484 66 508 "
85 481 204 530 aut
233 477 596 536 asceterium
624 477 1046 554 ingrediuntur,
1089 487 1147 539 et
1185 485 1514 556 hujusmodi
1545 489 1761 542 castam

52 599 60 610 -
85 571 620 628 conversationem
649 574 1007 646 relinquunt,
1033 577 1304 647 jubemus
1332 581 1395 632 ut
1422 595 1514 634 res
1542 596 1670 652 quas
1694 596 1762 634 ea

51 669 62 704 ⁵
83 667 452 724 conditione
471 670 700 726 donatae
727 675 827 726 aut
848 673 1060 728 relictae
1083 679 1235 742 sunt,
1267 691 1399 730 cum
1422 676 1535 732 alia
1561 693 1760 732 eorum

52 765 55 768 ’
83 764 448 822 substantia
475 767 550 822 ad
580 769 989 825 monasterium
1022 774 1121 826 aut
1155 773 1496 828 asceterinm
1515 817 1529 844 ,
1561 775 1618 829 in
1647 791 1760 846 quo

51 855 276 912 iinitio
308 863 508 927 erant,
541 876 675 915 cum
705 860 1168 934 ingrederentur,
1207 865 1550 935 pertineant.
1581 867 1640 922 Si
1669 871 1758 924 ta-

51 949 62 986 ¹
81 965 246 1005 men
267 951 349 1006 ad
368 952 828 1024 redemptionem
851 955 1221 1027 captivorum,
1237 960 1335 1012 aut
1353 959 1760 1016 exbibitionem

52 1045 445 1114 ipauperum
489 1043 782 1116 praxdictis
822 1047 1243 1104 conditionibus
1297 1051 1618 1108 substitutio
1665 1058 1763 1109 aut

51 1136 408 1192 5restitutio
450 1138 566 1205 ﬁat,
614 1139 773 1194 nullo
815 1141 1224 1212 praedictorum
1267 1144 1572 1200 modorum
1615 1145 1762 1201 hanc

51 1230 59 1266 ε
81 1229 348 1284 excludi
378 1230 768 1287 concedimus.

51 1325 58 1362 ί
161 1323 236 1377 Si
291 1323 509 1378 mulier
541 1327 642 1379 aut
666 1325 751 1380 vir
788 1327 1166 1382 monasticam
1194 1329 1368 1384 vitam
1419 1330 1676 1402 elegerit,
1707 1338 1763 1388 et

51 1416 546 1470 imonasterium
591 1417 967 1489 ingrediatur,
1023 1421 1152 1474 filiis
1201 1439 1317 1477 non
1365 1423 1758 1495 existentibus,

51 1515 56 1550 ε
77 1509 268 1564 bona
290 1509 422 1580 ejus
439 1510 509 1564 ad
531 1511 964 1582 monasterium,
995 1515 1146 1584 quod
1179 1515 1472 1586 ingressus
1499 1523 1604 1584 est,
1629 1535 1759 1589 per-

52 1601 300 1656 Itinere
321 1603 620 1673 jubemus.
657 1604 712 1659 Si
743 1605 1073 1676 hujusmodi
1103 1623 1350 1679 persona
1368 1609 1512 1664 ﬁlios
1533 1610 1758 1680 habeat,

52 1717 54 1736 ί
77 1711 302 1766 neque
333 1695 498 1766 prius
527 1712 698 1766 quam
721 1699 1133 1753 monasterium
1157 1699 1518 1771 ingrediatur
1543 1703 1612 1758 de
1633 1703 1762 1757 filiis

79 1787 218 1842 suis
257 1788 622 1843 voluntatem
665 1806 824 1844 suam
852 1791 1154 1862 exprimat,
1190 1796 1248 1847 et
1277 1794 1597 1864 legitimam
1628 1813 1761 1867 por-

51 1881 338 1936 ‘tionem
370 1880 481 1934 illis
515 1879 782 1952 deputet,
813 1883 892 1938 sic
920 1900 1148 1955 quoque
1175 1885 1396 1941 licitum
1428 1887 1479 1942 ei
1507 1894 1646 1954 esto,
1674 1889 1758 1943 vel

77 1981 233 2046 post
255 1974 602 2028 monasterii
621 1974 964 2046 ingressum,
990 1983 1053 2031 ut
1076 1979 1492 2049 patrimonium
1512 1997 1677 2036 suum
1699 1981 1755 2036 in

52 2066 256 2122 :tilios
286 2083 426 2120 suos
464 2067 694 2122 dividat.
746 2070 827 2122 [ta
856 2073 1046 2124 tamen
1074 2113 1086 2140 ,
1121 2077 1184 2126 ut
1214 2073 1352 2126 nulli
1386 2090 1452 2128 ex
1485 2075 1608 2144 ejus
1631 2075 1758 2128 ﬁliis

52 2161 448 2231 legitimam
483 2160 802 2230 portionem
846 2163 1090 2218 minuat.
1137 2165 1272 2228 Qum
1303 2182 1434 2220 vero
1464 2183 1594 2238 pars
1630 2167 1758 2222 filiis

52 2255 244 2308 idata
268 2269 393 2307 non
417 2253 546 2322 erit,
579 2270 644 2308 ea
669 2254 742 2308 ad
764 2256 1177 2310 monasterium
1199 2259 1502 2329 pertineto.
1524 2260 1688 2324 Quod
1711 2261 1758 2314 si

51 2359 360 2401 tomnem
402 2346 780 2401 substantiam
827 2347 980 2403 inter
1017 2349 1164 2404 filios
1207 2351 1455 2407 dividere
1493 2353 1754 2420 voluerit,

51 2439 358 2512 :prnpria
384 2439 508 2510 ejus
534 2456 781 2510 persona
809 2441 941 2494 ﬁliis
975 2449 1404 2516 connumerata,
1443 2462 1626 2500 unam
1653 2445 1758 2501 sibi

51 2540 342 2606 rpartem
378 2531 647 2586 omnibus
682 2533 869 2588 modis
903 2541 1209 2604 reservato,
1249 2553 1376 2608 quae
1415 2539 1487 2593 ad
1504 2539 1602 2610 jus
1629 2556 1755 2594 mo-

69 2625 350 2683 nasterii
379 2625 664 2697 pertinere
690 2626 912 2682 debeat.
943 2628 999 2682 Si
1029 2645 1160 2683 cum
1191 2629 1249 2684 in
1275 2633 1624 2688 monasterio
1656 2633 1754 2688 de-

51 2719 215 2794 ἔδει,
252 2721 576 2790 antequam
605 2719 754 2774 inter
777 2719 921 2774 ﬁlios
949 2721 1104 2776 bona
1129 2738 1232 2776 sua
1274 2723 1595 2795 distribuat,
1631 2743 1755 2780 mo-

52 2816 314 2880 zriatur,
368 2811 689 2882 legitimam
747 2816 966 2884 partem
1021 2815 1123 2869 ﬁlii
1171 2817 1418 2888 capient,
1473 2819 1754 2891 reliquum

52 2905 536 2980 apatrimonium
566 2905 638 2960 ad
657 2907 1072 2962 monasterium
1106 2909 1410 2979 pertineto.

51 3019 58 3054 ι
153 3003 368 3056 Porro
407 2997 680 3070 legitimis
715 2998 866 3054 inter
891 3001 1110 3072 aliquos
1143 3003 1502 3072 sponsalibus
1530 3008 1757 3060 contra-

52 3096 222 3160 :ctis,
264 3092 398 3147 sive
420 3107 660 3163 sponsus
688 3092 750 3146 in
776 3093 1181 3149 monasterium
1210 3095 1589 3166 ingrediatur,
1621 3099 1760 3154 reci-

52 3189 214 3261 pito
269 3202 345 3241 ea
393 3201 524 3256 quae.
560 3201 666 3256 pro
708 3187 1068 3256 sponsalibus
1118 3188 1306 3242 arrhaa
1355 3190 1587 3246 nomine
1625 3190 1759 3246 data

52 3284 230 3347 rsint,
273 3278 403 3333 sive
437 3294 640 3348 sponsa
676 3279 1050 3334 monasticam
1086 3280 1259 3336 vitam
1289 3283 1482 3353 eligat,
1512 3283 1610 3339 illa
1638 3285 1758 3340 sola

52 3373 366 3439 :reddito,
399 3386 530 3442 qua:
563 3370 826 3426 similiter
850 3373 1037 3427 arrhaa
1065 3373 1297 3428 nomine
1323 3375 1560 3448 accepit.
1589 3379 1758 3432 Pugna

52 3469 351 3538 rutrique
382 3479 643 3534 personas
673 3480 778 3535 per
795 3463 1210 3538 indulgentiam
1239 3469 1495 3525 remissa.
1525 3471 1686 3535 Quod
1713 3471 1756 3526 si

51 3562 416 3622 constante
457 3556 644 3611 adhuc
689 3557 1061 3614 matrimonio
1092 3561 1178 3616 vel
1203 3563 1443 3616 maritus
1468 3564 1638 3632 solus,
1670 3565 1758 3619 vel

51 3671 250 3718 ,uxor
283 3650 420 3706 sola
444 3650 859 3706 monasterium
879 3650 1260 3723 ingrediatur,
1289 3655 1608 3711 dissolvitur
1632 3674 1754 3712 ma-

51 3744 458 3810 ;trimonium
485 3744 570 3799 vel
611 3743 734 3799 sine
773 3743 966 3800 libello
991 3745 1247 3818 repudii,
1281 3747 1448 3804 simul
1475 3753 1644 3822 atque
1669 3756 1755 3806 ta-

52 3863 124 3916 m
135 3858 233 3898 en
271 3852 534 3912 persona
552 3851 680 3908 quae
706 3838 1116 3894 monasterium
1144 3840 1467 3910 ingreditur
1494 3845 1758 3899 monasti-

51 3952 224 3994 cum
261 3929 540 3988 habitum
571 3931 904 4002 susceperit.
935 3933 1001 3988 Et
1025 3933 1259 4004 quidem
1286 3934 1334 3988 si
1364 3936 1603 3990 maritus
1629 3955 1753 3992 mo-

51 4029 394 4098 nasticam
422 4022 598 4078 vitam
627 4023 918 4096 delegerit,
949 4025 1231 4081 restituito
1252 4027 1482 4084 mulieri
1511 4033 1625 4084 tam
1653 4031 1753 4086 clo-

52 4141 229 4192 ;ein,
265 4124 335 4174 et
367 4115 578 4186 siquid
615 4115 770 4171 aliud
786 4116 856 4171 ab
877 4133 946 4172 ea
965 4118 1217 4190 percepit
1233 4135 1406 4192 quam
1423 4121 1662 4194 insuper
1687 4139 1755 4179 ex

52 4209 362 4289 nuptiali
388 4209 695 4264 donatione
715 4215 831 4264 tam
860 4226 1127 4284 magnam
1145 4217 1366 4284 partem
1391 4219 1606 4287 quanta
1626 4233 1753 4272 mu-

51 4310 221 4384 ,ieri
260 4301 644 4373 competisset
675 4319 741 4358 ex
767 4307 952 4358 morte
981 4305 1174 4360 mariti
1192 4307 1506 4363 secundum
1527 4315 1755 4382 pactum

52 4423 189 4464 gon
197 4402 471 4455 ventum
491 4395 645 4467 quod
659 4395 941 4452 dotalibus
957 4397 1348 4456 instrumentis
1362 4401 1636 4458 insertum
1649 4409 1752 4460 est.

59 4501 181 4556 Sin
254 4488 484 4548 mulier
530 4488 938 4546 monasterium
1001 4491 1262 4564 ingressa
1324 4495 1414 4566 sit,
1478 4498 1755 4554 consimili

961 373 1327 434 JUSTINIANI
1362 375 1691 435 NOVELLE
1727 375 2060 437 SELECT/E.
2099 377 2405 437 NOVELLA
2442 375 2666 437 CXXIII.

3355 377 3490 436 l038

1779 487 2080 574 Aliberos,
2112 493 2212 545 aut
2235 489 2431 544 liberis
2457 494 2522 544 ut
2549 490 2810 560 parentes
2851 484 2949 559 qui
2987 483 3324 541 saeularem
3355 503 3492 541 con-

1857 582 2232 638 versationem
2244 581 2878 653 relinquunt,tanquam
2892 580 3147 652 ingratos
3158 579 3495 634 haereditate

1858 691 1962 730 sua
1990 675 2299 730 excludant
2325 691 2428 746 per
2442 679 2670 730 causam
2691 673 2942 746 aliquam
2967 687 3098 745 quas
3123 673 3496 727 monasticam

1857 767 2035 823 vitam
2062 769 2431 840 praecesserit.
2465 766 2864 823 lnterdicimus
2888 767 3030 822 item
3061 764 3391 838 parentibus
3419 780 3494 819 ne

1858 860 2003 916 ﬁlios
2029 878 2176 931 suos,
2205 861 2374 917 simul
2404 864 2572 933 atque
2597 861 2966 916 monasticam
2991 859 3166 914 vitam
3193 857 3492 930 elegerint,

1860 969 1892 1009 e
1915 954 2328 1008 venerabilibus
2346 953 2702 1010 monasteriis
2729 953 3078 1008 abstrahant.

1932 1047 1994 1102 Si
2006 1046 2314 1102 monachus
2327 1047 2736 1102 monasterium
2753 1062 2924 1101 suum
2944 1044 3258 1118 reliquerit,
3271 1047 3329 1099 et
3340 1043 3494 1099 aliud

1860 1139 2148 1212 ingressus
2175 1139 2368 1209 fuerit,
2394 1145 2493 1194 aut
2515 1156 2606 1194 res
2630 1139 2849 1210 aliquas
2875 1155 2978 1210 per
3002 1127 3058 1192 id
3087 1137 3492 1210 tempus,dum

1859 1232 2268 1287 monasterium
2299 1231 2559 1304 reliquit,
2601 1232 2808 1286 habere
2835 1231 3112 1300 videatur,
3140 1231 3210 1286 ad
3237 1231 3489 1302 primum

1861 1325 2288 1391 monasterium,
2321 1325 2379 1379 in
2409 1325 2564 1396 quod
2592 1324 2754 1379 initio
2785 1323 3072 1396 ingressus
3101 1323 3227 1392 fuit,
3247 1323 3347 1377 has
3362 1338 3490 1394 per-

1859 1419 2042 1473 tinere
2053 1417 2343 1488 jubemus.
2358 1419 2530 1472 Porro
2546 1417 2959 1488 religiosissimi
2970 1417 3220 1471 locorum
3242 1415 3496 1488 episcopi

1859 1511 2270 1582 providentiam
2293 1510 2602 1564 adhibento
2621 1525 2694 1564 ne
2710 1509 2978 1564 monachi
3008 1525 3150 1564 neve
3172 1509 3495 1564 monastriaa

1859 1625 1964 1680 per
1987 1608 2154 1663 urbes
2179 1608 2472 1675 oberrant;
2504 1607 2599 1662 sed
2639 1607 2685 1660 si
2714 1606 2851 1677 quid
2889 1605 3136 1660 habeant
3165 1605 3233 1660 de
3258 1622 3372 1678 quo
3396 1621 3490 1660 co-

1863 1707 2071 1773 gantur
2115 1701 2484 1773 respondere,
2535 1716 2641 1771 per
2686 1699 3074 1771 apocrisiarios
3103 1699 3158 1752 id
3197 1714 3331 1753 suos
3355 1715 3490 1770 per-

1859 1801 2094 1867 agunto,
2124 1797 2187 1848 ut
2209 1793 2313 1864 ipsi
2335 1794 2392 1848 iu
2415 1793 2530 1847 suis
2548 1795 2920 1864 permaneant
2939 1791 3316 1846 monasteriis.
3330 1792 3489 1855 Quod

1781 1890 1834 1962 Β
1858 1889 1902 1942 si
1929 1887 2240 1942 monachus
2270 1887 2682 1940 monasterium
2719 1883 3031 1955 reliquerit,
3061 1889 3118 1938 et
3156 1883 3227 1936 ad
3251 1883 3484 1937 saecula-

1857 1997 1979 2035 rem
2008 1981 2182 2034 vitam
2212 1979 2522 2045 transierit,
2555 1977 2648 2032 hic
2669 1977 2875 2032 militia
2900 1976 3154 2048 primum
3181 1981 3236 2030 et
3254 1975 3486 2045 honore,

1858 2074 1904 2126 si
1941 2089 2112 2144 quem
2156 2073 2344 2137 habet,
2377 2071 2698 2126 denudatus
2738 2086 2841 2141 per
2882 2070 3135 2123 locorum
3161 2068 3489 2140 episcopum

1857 2169 1915 2220 et
1944 2164 2245 2236 provinciae
2271 2164 2573 2235 praesidem
2595 2205 2608 2232 ,
2641 2163 2701 2216 in
2729 2161 3136 2216 monasterium
3166 2160 3490 2228 reinittitor,

1855 2263 1914 2315 et
1932 2274 2022 2314 res
2039 2275 2179 2331 quas
2205 2265 2397 2329 postea
2429 2257 2642 2310 habere
2674 2259 3018 2310 monstratus
3051 2254 3241 2323 fuerit,
3263 2254 3334 2308 ad
3363 2271 3488 2308 mo-

1857 2351 2169 2407 nasterium
2197 2352 2255 2404 in
2281 2349 2436 2421 quod
2463 2348 2796 2404 immittitur
2829 2347 3174 2419 pertinento.
3207 2346 3267 2401 Si
3299 2347 3489 2402 denuo

1855 2460 2083 2518 quoque
2121 2443 2528 2498 monasterium
2571 2441 2870 2512 relinquat,
2919 2445 3053 2495 tunc
3101 2455 3309 2510 praeses
3354 2455 3489 2494 eum

1854 2537 2160 2610 provincia:
2204 2537 2265 2592 in
2303 2553 2419 2608 qua
2461 2535 2726 2590 inventus
2767 2533 2942 2589 fuerit
2965 2532 3234 2602 detineto,
3269 2537 3327 2588 et
3353 2532 3486 2588 sub-

1851 2633 2018 2702 jecta:
2047 2630 2150 2686 sibi
2176 2628 2396 2685 cohorti
2421 2631 2847 2683 connumerato.

1929 2725 1987 2780 Si
2015 2724 2142 2795 quis
2186 2721 2502 2788 ascetriam,
2547 2724 2645 2775 aut
2686 2718 3060 2774 diaconissam
3085 2759 3100 2786 ,
3145 2721 3244 2773 aut
3286 2733 3485 2774 mona-

1856 2817 2071 2884 striam,
2115 2820 2224 2871 aut
2253 2815 2426 2870 aliam
2465 2813 2790 2883 mulierem,
2829 2828 2959 2886 quae
3002 2811 3488 2866 sanctimonialem

1856 2911 2027 2966 vitam
2050 2910 2180 2964 colit
2193 2909 2563 2980 habitumque
2589 2911 2768 2979 gestat
2787 2906 3062 2978 rapuerit,
3094 2910 3195 2960 aut
3224 2904 3487 2960 sollicita-

1857 3003 2020 3070 verit,
2050 3008 2149 3058 aut
2167 3001 2637 3073 constupraverit,
2659 3000 2930 3071 jubemus
2966 3004 3032 3054 ut
3061 3001 3180 3053 tam
3205 2999 3377 3070 hujus
3401 3015 3492 3054 res

1857 3113 2030 3169 quam
2048 3113 2243 3152 eorum
2272 3095 2372 3167 qui
2399 3094 2460 3149 in
2491 3093 2816 3166 huiusmodi
2853 3110 2910 3148 se
2932 3093 3140 3146 scelere
3161 3091 3294 3146 huic
3314 3093 3491 3147 socia-

1856 3194 2013 3258 runt,
2045 3188 2351 3244 venerabili
2389 3188 2510 3242 loco
2556 3187 2615 3241 in
2655 3203 2768 3258 quo
2812 3185 2940 3240 talis
2967 3185 3176 3240 mulier
3205 3184 3495 3240 habitabat

1777 3251 1832 3326 Ο
1857 3299 1960 3354 per
1973 3281 2422 3354 religiosissimos
2444 3280 2702 3334 locorum
2723 3279 3018 3350 episcOpos
3039 3281 3096 3332 et
3115 3293 3316 3333 eorum
3335 3293 3488 3333 oeco-

1856 3392 2076 3445 nomos,
2109 3391 2296 3446 neque
2323 3389 2440 3428 non
2477 3375 2534 3427 et
2568 3373 2841 3443 cujusque
2885 3369 3184 3442 provinciae
3221 3370 3490 3440 praesides

1856 3486 1920 3524 ac
1947 3469 2203 3524 cohortes
2238 3483 2436 3522 eorum
2465 3465 2840 3520 vindicentur.
2869 3463 2974 3528 Qui
3017 3480 3148 3517 vero
3178 3463 3306 3517 talia
3339 3463 3483 3518 deli-

1858 3565 2123 3634 querunt,
2165 3565 2264 3616 aut
2305 3559 2528 3614 sceleris
2557 3538 2689 3613 cum
2733 3557 2868 3629 ipsis
2909 3556 3233 3612 societatem
3269 3555 3484 3612 habue-

1857 3660 2008 3722 runt,
2040 3654 2352 3726 periculum
2381 3652 2532 3725 quod
2574 3668 2644 3706 ex
2684 3651 2811 3723 lege
2839 3649 3128 3722 irrogatur
3151 3649 3484 3705 sustineant.

1856 3749 2144 3821 Ejusmodi
2175 3763 2400 3820 quoque
2425 3745 2637 3800 mulier
2668 3744 2875 3815 ubique
2901 3742 3242 3814 requiratur,
3271 3747 3326 3796 et
3355 3758 3487 3797 cum

1854 3843 2024 3898 rebus
2052 3842 2167 3898 suis
2193 3841 2527 3912 conjiciatur
2556 3839 2614 3893 in
2649 3837 3072 3905 monasterium,
3117 3835 3176 3890 in
3205 3851 3318 3908 quo
3347 3851 3485 3891 cau-

1853 3938 1966 3992 tius
1991 3935 2260 3991 asservari
2289 3936 2488 4008 possit,
2529 3950 2602 3988 ue
2628 3948 2824 3987 rursus
2853 3931 2909 3985 in
2944 3929 3146 3986 eodem
3177 3929 3490 4001 deprehen-

1856 4029 2024 4084 datur
2045 4029 2302 4084 crimine.
2336 4029 2502 4082 Plane
2531 4027 2579 4081 si
2605 4024 2915 4080 diaconissa
2955 4023 3045 4090 sit,
3091 4028 3148 4078 et
3187 4022 3336 4078 ﬁlios
3383 4023 3485 4077 ha-

1853 4123 2313 4196 beaLlegitimos,
2340 4121 2596 4193 legitima
2624 4135 2754 4191 pars
2783 4119 2945 4174 dator
2967 4117 3119 4172 ﬁliis.
3141 4117 3196 4172 Si
3222 4116 3374 4172 intra
3391 4132 3490 4172 an-

1855 4233 1994 4272 num
2013 4233 2186 4290 quam
2213 4214 2493 4286 ejusmodi
2514 4214 2692 4268 scelus
2713 4210 2978 4279 innotuit,
2999 4209 3316 4265 istiusmodi
3338 4225 3426 4265 res
3455 4227 3490 4265 a

1853 4310 2264 4366 venerabilibus
2289 4307 2551 4364 domibus
2593 4305 2884 4361 vindicatae
2920 4320 3038 4358 non
3077 4309 3276 4370 erunt,
3315 4303 3486 4374 jube-

1852 4421 1982 4460 mus
2007 4406 2071 4459 ut
2092 4403 2356 4458 omnibus
2381 4400 2566 4456 modis
2591 4415 2777 4454 comes
2801 4413 2992 4452 rerum
3023 4397 3368 4468 privatarum
3387 4411 3490 4450 no-

1851 4501 1968 4553 stro
1994 4513 2088 4552 eas
2121 4497 2257 4552 fisco
2301 4495 2564 4562 addicat,
2613 4491 2855 4564 prteside
2893 4490 3146 4544 locorum
3175 4489 3275 4560 qui
3298 4492 3365 4543 ut
3391 4503 3485 4542 eas

52 4590 283 4656 modo
319 4581 572 4639 maritus
604 4583 920 4655 nuptialem
945 4584 1051 4640 sibi
1076 4586 1442 4644 donationem
1471 4590 1748 4663 retineto,
1773 4619 1834 4692 D
1854 4607 1945 4646 res
1973 4590 2285 4645 vindicaret
2317 4588 2388 4642 ad
2418 4585 2859 4642 sollicitudinem
2902 4599 3062 4637 suam
3108 4597 3224 4636 non
3251 4595 3482 4636 revoca-

51 4695 122 4754 βε
151 4693 396 4742 casum
427 4675 571 4731 dotis
592 4676 689 4749 qui
711 4694 780 4732 ex
801 4683 984 4734 morte
1004 4679 1262 4736 mulieris
1284 4689 1448 4754 pacto
1471 4701 1752 4740 convene-

52 4784 162 4836 mt
201 4772 520 4843 reliquum
551 4769 698 4826 dotis
721 4771 952 4826 mulieri
977 4773 1272 4831 restituere
1298 4777 1676 4850 praecipimus,
1701 4783 1758 4834 et

51 4877 102 4958 ri
140 4866 325 4946 quid
358 4862 518 4917 aliud
545 4879 614 4919 ex
644 4863 812 4918 rebus
843 4865 1032 4921 uxoris
1061 4868 1213 4938 apud
1242 4869 1429 4940 ipsum
1459 4871 1755 4926 inventum

52 4955 219 5046 erit.
290 4958 362 5014 Si
409 4955 636 5028 utrique
677 4973 808 5012 vero
857 4959 1222 5016 monasticam
1263 4962 1436 5018 vitam
1485 4964 1752 5036 deligant,

52 5084 88 5118 ,ι
99 5063 392 5118 .bemus
409 5054 473 5104 ut
491 5049 768 5106 dotalibus
795 5051 1186 5109 instrumentis
1211 5057 1558 5128 vacantibus,
1581 5059 1753 5113 mari-

52 5131 170 5238 ;ns
209 5143 953 5238 nuptialemdonationem
997 5149 1262 5217 retineat,
1294 5155 1353 5206 et
1391 5168 1536 5206 uxor
1564 5153 1756 5208 dotem

53 5260 298 5309 nam,
323 5241 388 5293 et
406 5237 452 5291 si
488 5237 626 5308 quid
646 5238 800 5294 aliud
829 5244 1106 5310 printerea
1135 5243 1343 5300 marito
1371 5243 1592 5300 dedisse
1621 5263 1755 5318 pro-

52 5325 370 5412 :mbitur,
418 5329 672 5402 recipiat,
734 5337 798 5386 ut
853 5334 1241 5408 unusquisque
1285 5338 1454 5392 rebus
1495 5339 1608 5393 suis
1637 5339 1756 5395 sine

51 5442 331 5510 λαηιηο
366 5423 694 5495 perfruatur
721 5443 736 5480 :
771 5424 878 5480 nisi
903 5443 1142 5498 sponsus
1168 5446 1407 5500 sponsas,
1433 5437 1534 5486 aut
1551 5449 1758 5504 sponsa

51 5513 352 5626 ;ponso,
399 5522 499 5574 aut
533 5517 774 5573 maritus
814 5520 997 5589 uxori,
1041 5537 1252 5578 uxorve
1301 5523 1506 5580 marito
1547 5525 1756 5597 aliquid

61 5633 344 5693 [enare
401 5619 502 5670 aut
548 5614 840 5673 remittere
885 5617 1158 5684 voluerit,
1205 5621 1432 5690 quando
1463 5638 1647 5694 neque
1689 5639 1756 5678 ex

52 5712 298 5814 pactis
330 5707 685 5780 nuptialibus
707 5707 826 5764 viro
847 5714 947 5764 aut
971 5709 1198 5766 mulieri
1217 5711 1530 5785 quidquam
1551 5715 1759 5770 lucrari

51 5803 66 5900 ;
79 5831 194 5874 on
203 5803 477 5864 ceditur.

143 5898 426 5968 Nullam
451 5897 647 5955 autem
676 5893 962 5952 licentiam
987 5894 1191 5958 damus
1218 5904 1318 5956 aut
1345 5901 1674 5974 parentibus
1701 5905 1764 5959 ut

1853 4683 1997 4739 verit
2033 4683 2266 4755 cingulo
2309 4679 2620 4752 spoliando,
2671 4677 2962 4748 multaque
3003 4675 3074 4730 ab
3121 4691 3187 4730 eo
3229 4673 3484 4746 quinque

1854 4778 2130 4832 librarum
2157 4775 2282 4830 auri
2308 4791 2415 4846 per
2457 4771 2724 4826 comitem
2759 4785 2954 4824 rerum
2988 4768 3338 4840 privatarum
3360 4766 3484 4822 exi-

1856 4871 2060 4942 genda.
2087 4871 2150 4924 In
2179 4869 2510 4924 universum
2541 4869 2733 4920 autem
2759 4861 3024 4918 omnibus
3037 4862 3134 4933 qui
3151 4861 3210 4916 in
3229 4857 3485 4915 saeculari

1855 4965 1969 5019 vita
1995 4967 2419 5029 cenversantur,
2459 4965 2516 5014 et
2558 4959 2806 5014 maxime
2855 4955 2943 5011 his
2990 4955 3090 5028 qui
3143 4955 3202 5009 in
3255 4969 3485 5009 scenam

1854 5059 2154 5131 prodeunt,
2185 5057 2317 5111 viris
2334 5056 2499 5126 juxta
2523 5058 2579 5108 et
2604 5050 2958 5120 mulieribus,
2973 5063 3158 5120 neque
3174 5064 3293 5103 non
3313 5046 3486 5102 etiam

1855 5152 2170 5225 prostitutis
2217 5138 2636 5217 interdicimus,
2687 5161 2760 5201 ne
2811 5143 3006 5199 habitu
3055 5141 3338 5208 monachi,
3395 5139 3486 5195 vel

1856 5246 2199 5313 monastrize,
2257 5244 2344 5298 vel
2399 5240 2652 5297 ascetriae
2701 5242 2952 5306 utantur,
3002 5240 3102 5290 aut
3147 5249 3488 5307 quocunque

1859 5341 2026 5396 modo
2054 5355 2186 5394 eum
2215 5337 2512 5393 imitentur
2541 5351 2555 5390 :
2585 5333 2806 5390 scitaris
2845 5330 3112 5387 omnibus
3143 5328 3242 5401 qui
3277 5329 3364 5385 vel
3392 5327 3492 5384 tali

1858 5433 2058 5490 habitu
2087 5432 2187 5499 uti,
2216 5431 2302 5486 vel
2329 5447 2460 5486 eum
2498 5427 2741 5496 imitari,
2775 5425 2862 5480 vel
2893 5425 2954 5480 in
2978 5439 3379 5496 quemcunque
3405 5438 3490 5478 ec-

1859 5527 2229 5584 clesiasticum
2275 5527 2485 5580 statum
2529 5521 2769 5578 illudere
2812 5517 3298 5592 prmsumpseﬁnt,
3338 5515 3492 5588 quod

1861 5627 1918 5677 et
1948 5621 2198 5692 corporis
2227 5617 2502 5690 supplicia
2526 5613 2917 5681 sustinebunt,
2949 5612 3090 5667 etin
3119 5610 3352 5666 exilium
3381 5613 3493 5662 tra-

1862 5718 2088 5782 dentur,
2123 5711 2536 5786 providentiam
2562 5709 2620 5764 in
2662 5705 2991 5780 hujusmodi
3017 5721 3138 5761 rem
3167 5715 3489 5758 accommo-

1861 5808 2130 5865 dantibus
2154 5823 2272 5862 non
2309 5806 2492 5860 solum
2529 5800 2966 5875 religiosissimis
3000 5801 3248 5854 locorum
3279 5793 3494 5865 episco-

1859 5902 1971 5978 pis,
2001 5907 2058 5958 et
2089 5899 2328 5956 subditis
2353 5899 2436 5954 eis
2457 5897 2694 5970 clericis,
2733 5895 2830 5950 sed
2859 5893 3035 5948 etiam
3063 5888 3316 5946 civilibus
3343 5885 3497 5946 mili-
