4088 6504
555 361 690 426 1039

1679 371 1930 425 SECULI
1967 370 2155 424 SEXTI
2194 367 2742 426 SUPPLEMENTUM.

3834 363 3854 412 1
3866 361 3957 414 040

552 478 874 547 taribusque
914 475 1366 546 magistratibus,
1409 481 1466 529 et
1499 475 2019 546 obtemperantibus
2055 477 2164 530 illis
2185 475 2644 566 Aperfruuntor.
2673 476 2878 531 Omnia
2904 477 3096 528 autem
3137 467 3450 542 privilegia
3479 475 3546 522 et
3579 467 3805 520 solatia
3839 483 3959 535 qua:

551 569 896 634 cohortibus,
936 583 1120 638 neque
1157 583 1269 621 non
1307 567 1564 622 locorum
1605 568 2010 622 defensoribus.
2040 570 2162 623 Ρω-

551 678 653 714 nas
691 660 931 730 denique
961 677 1086 730 quae
1128 660 1394 731 praesenti
1433 660 1544 730 legi
1587 660 1812 714 inserta:
1857 665 2007 727 sunt,
2037 677 2164 731 quae

549 752 778 822 quidem
815 752 1098 822 prioribus
1135 769 1362 822 quoque
1397 752 1616 822 legibus
1651 751 1891 822 cognitas
1915 752 2162 818 fuerunt,

551 861 663 898 non
691 845 869 898 solum
891 844 950 897 in
969 843 1190 911 futuris,
1213 845 1310 897 sed
1342 844 1509 898 etiam
1542 843 1602 898 in
1633 844 1930 914 praateritis
1954 844 2166 898 casibus

550 937 664 990 sive
689 937 898 990 delictis
926 937 1128 1004 valere,
1157 939 1214 989 et
1257 937 1518 991 omnibus
1551 935 1732 990 modis
1766 936 2005 1006 irrogari
2041 953 2166 990 san-

551 1030 750 1083 cimus.
791 1029 925 1092 Quae
968 1044 1102 1082 vero
1152 1045 1254 1098 per
1305 1033 1654 1099 praesentem
1677 1029 1864 1098 legem
1911 1034 2166 1083 recenter

549 1137 826 1192 expressa,
867 1126 922 1174 et
957 1121 1028 1174 ad
1069 1125 1278 1174 certam
1321 1121 1623 1174 formulam
1652 1121 1874 1174 redacta
1903 1125 2052 1189 sunt,
2084 1122 2166 1175 fu-

547 1213 688 1268 turis
724 1213 1076 1267 solummodo
1124 1213 1473 1283 temporibus
1520 1213 1837 1267 conservari
1875 1213 2160 1282 jubemus.

549 1307 959 1361 Conﬁrmamus
983 1307 1115 1360 item
1142 1323 1244 1375 per
1277 1311 1612 1375 praesentem
1639 1306 1822 1374 legem
1854 1306 2046 1359 omnia
2071 1322 2162 1358 re-

547 1399 704 1469 liqua
724 1415 851 1473 quae
871 1415 900 1450 a
922 1397 1158 1450 nobisin
1187 1397 1420 1450 diversis
1446 1397 1932 1451 constitutionibus
1959 1397 2166 1452 sancita

549 1494 701 1558 sunt,
751 1496 868 1544 tam
907 1490 977 1543 de
1019 1489 1291 1559 episcopis
1335 1495 1391 1542 et
1433 1489 1773 1559 presbyteris
1821 1505 1884 1542 ac
1934 1489 2164 1559 reliquis

549 1581 786 1647 clericis,
814 1598 986 1652 quam
1011 1583 1180 1634 etiam
1207 1581 1276 1634 de
1303 1581 1663 1647 xenodochis,
1697 1581 2122 1652 ptochotrophis
2146 1623 2161 1650 ,

551 1673 1044 1744 orphanotrophis,
1092 1679 1147 1726 et
1186 1674 1400 1726 caeteris
1446 1666 1544 1744 qui
1586 1674 2000 1727 venerabilibus
2023 1690 2164 1744 prae-

549 1770 679 1820 sunt
705 1765 982 1820 domibus.
1014 1766 1148 1828 Quae
1191 1765 1368 1834 igitur
1398 1765 1560 1818 nobis
1597 1766 1946 1836 placuerunt,
1977 1771 2032 1820 et
2063 1782 2164 1836 per

2265 584 2335 622 ex
2359 567 2634 639 imperiali
2663 567 3000 622 liberalitate
3025 606 3038 631 ,
3070 569 3170 619 aut
3216 563 3400 617 etiam
3435 575 3825 632 quocunque
3851 559 3960 612 alio

2263 661 2429 714 modo
2479 660 2682 714 sanctis
2729 657 2980 713 ecclesiis
3025 661 3126 710 aut
3176 655 3307 708 aliis
3359 651 3838 707 venerabilibus
3887 651 3960 705 lo-

2264 751 2341 805 cis
2371 768 2627 806 concessa
2667 755 2820 817 sunt,
2860 749 3104 804 ﬁrmiter
3148 747 3287 818 ipsis
3319 763 3434 817 per
3479 744 3702 799 omnia
3739 759 3965 797 conser-

2263 849 2478 898 vantor.

2334 937 2416 990 Ad
2442 937 2564 990 haec
2599 935 2882 989 sancimus
2907 949 2979 988 ne
3014 933 3262 986 ullarum
3307 933 3860 986 sacrosanctarum
3886 943 3964 979 ec-

2265 1029 2562 1082 clesiarum
2595 1032 2652 1081 et
2675 1027 2914 1080 aliarum
2943 1023 3369 1078 venerabilium
3399 1023 3718 1076 domuum
3747 1035 3968 1090 posses-

2265 1121 2444 1173 siones
2464 1119 2689 1174 sordida
2709 1135 2954 1173 munera
2981 1121 3039 1171 et
3061 1115 3580 1170 extraordinarias
3611 1111 3964 1181 descriptio-

2263 1229 2362 1266 nes
2381 1212 2710 1266 sustineant.
2729 1211 2783 1266 Si
2798 1215 2990 1264 tamen
3007 1207 3335 1264 sternendus
3352 1207 3493 1274 viae,
3519 1209 3636 1260 aut
3658 1210 3970 1258 exstruen-

2265 1304 2466 1357 dorum
2491 1304 3015 1358 renovandorumve
3047 1301 3317 1372 pontium
3355 1299 3701 1354 necessitas
3731 1295 3966 1360 incidat,

2263 1401 2623 1450 sacrosanctae
2651 1395 2902 1449 ecclesiae
2933 1399 3106 1465 atque
3145 1393 3276 1447 alia:
3310 1390 3715 1446 venerabiles
3759 1387 3972 1444 domus

2263 1487 2538 1557 ejusmodi
2588 1505 2730 1558 opus
2773 1488 2842 1541 ad
2894 1487 3075 1540 instar
3125 1488 3488 1539 casterorum
3551 1499 3969 1554 possessorum

2262 1581 2552 1651 impleant,
2576 1596 2706 1634 cum
2733 1579 2870 1650 quid
2902 1579 2962 1632 in
2988 1595 3054 1633 ea
3081 1579 3319 1632 civitate
3345 1576 3754 1648 possederint
3775 1576 3842 1628 in
3865 1591 3973 1646 qua

2263 1689 2402 1743 opus
2427 1673 2534 1727 tale
2555 1672 2867 1742 perﬁcitur.
2898 1671 3058 1735 Quod
3086 1671 3132 1724 si
3162 1687 3255 1724 res
3275 1671 3503 1740 aliqua
3534 1685 3615 1724 ex
3646 1664 3973 1723 curialibus

2264 1765 2613 1836 patrimoniis
2631 1765 2705 1818 ad
2725 1780 3129 1835 quamcunque
3149 1767 3609 1817 sacrosanctam
3633 1761 3973 1828 ecclesiam,

550 1859 695 1913 hanc
725 1864 976 1913 nostram
1015 1858 1372 1912 declarantur
1410 1859 1614 1928 legem,
1647 1875 1712 1912 ea
1738 1875 1839 1929 per
1868 1875 2159 1928 program-
2184 1845 2239 1916 Β
2261 1863 2358 1914 aut
2381 1857 2549 1911 aliam
2575 1857 2953 1910 venerabilem
2981 1855 3221 1910 domum
3249 1855 3610 1909 secundum
3639 1855 3817 1924 leges
3845 1870 3972 1923 per-

550 1955 702 2006 mata
728 1951 902 2005 solitis
936 1951 1070 2004 locis
1099 1951 1158 2004 in
1195 1951 1352 2021 regia
1381 1951 1518 2004 urbe
1551 1951 1856 2020 proposita,
1885 1950 2160 2005 excellen-

551 2045 628 2098 tia
660 2050 757 2098 tua
793 2044 862 2098 ad
899 2043 1156 2098 omnium
1199 2043 1457 2097 notitiam
1485 2042 1824 2113 perducere,
1855 2046 1911 2096 et
1947 2043 2167 2113 provin-

462 2203 472 2209 _
553 2137 768 2208 ciarum
820 2137 1130 2190 rectoribus
1180 2135 1477 2190 manifesta
1519 2135 1702 2190 facere
1747 2136 1990 2190 studeto.
2043 2137 2162 2190 Dat.

552 2231 616 2283 K.
647 2229 790 2297 Maii,
825 2230 1040 2297 Const,
1077 2230 1216 2283 Just.
1254 2229 1354 2282 PP.
1383 2230 1551 2300 Aug.,
1587 2227 1785 2281 Basilio
1811 2244 1862 2281 v.
1909 2245 1957 2282 c.
1987 2244 2163 2298 cons.,

556 2321 868 2392 κατεπέμφθη
898 2323 1070 2393 Πέτρῳ
1100 2318 1314 2393 ἐπάρχῳ
1343 2325 1683 2393 πραιτωρίων.

1079 2435 1394 2488 NOVELLA
1431 2435 1638 2488 CXXXI.

555 2534 625 2586 De
653 2531 1018 2584 ecclesiasticis
1045 2528 1332 2581 canonibus
1356 2532 1404 2581 et
1427 2528 1730 2596 privilegiis
1753 2543 1870 2596 qua
1893 2543 2169 2582 sacrosan-

1013 2604 1125 2652 ctas
1147 2601 1437 2667 respiciunt
1463 2599 1724 2652 ecclesias.

622 2695 931 2763 Imperator
955 2691 1298 2746 Justinianus
1331 2692 1616 2760 Augustus
1639 2691 1802 2743 Petro
1830 2689 2164 2760 gloriosissi-

551 2803 644 2841 mo
675 2786 939 2856 praefecto
967 2799 1254 2838 sacrorum
1281 2782 1698 2854 praetoriorum.

619 2881 958 2932 Praesentem
994 2878 1178 2947 legem
1226 2875 1296 2930 de
1330 2874 1713 2928 ecclesiasticis
1745 2874 2074 2944 canonibus,
2113 2879 2170 2928 et

551 2969 880 3042 privilegiis,
917 2985 1103 3039 neque
1147 2983 1263 3022 non
1301 2966 1422 3020 aliis
1447 2966 1703 3037 capitulis
1733 2982 1859 3036 qua:
1886 2981 2168 3020 sacrosan-

557 3066 672 3118 ctas
703 3061 962 3116 ecclesias
988 3065 1045 3114 et
1073 3060 1314 3130 reliquas
1350 3058 1689 3112 venerabiles
1722 3058 1915 3112 domos
1944 3075 2168 3112 concer-

552 3161 714 3223 nunt,
749 3154 1105 3224 proferimus.
1133 3151 1420 3206 Sancimus
1439 3151 1616 3221 igitur
1637 3154 1697 3203 ut
1717 3151 1890 3204 sancti
1921 3151 2168 3205 ecclesia-

553 3248 674 3302 stici
701 3263 972 3312 canones,
1022 3245 1119 3316 qui
1162 3261 1195 3296 a
1237 3245 1438 3297 sanctis
1477 3248 1718 3314 quatuor
1760 3243 2006 3296 conciliis
2045 3244 2168 3312 (hoc

553 3345 637 3394 est
656 3339 877 3393 Nicmno
897 3338 1091 3391 decem
1117 3341 1497 3390 trecentorum
1528 3341 1584 3389 et
1611 3340 1755 3403 octo,
1777 3336 2168 3390 Constantino-

552 3433 802 3503 politano
833 3435 1061 3484 centum
1095 3428 1512 3500 quinquaginta
1545 3431 1870 3482 sanctorum
1905 3431 2130 3500 patrum
2151 3470 2164 3496 ,

551 3525 831 3595 Ephesino
851 3523 1058 3594 primo,
1087 3521 1144 3574 in
1174 3537 1286 3592 quo
1311 3521 1595 3575 Nestorius
1631 3522 2036 3576 condemnatus
2064 3527 2164 3590 est,

554 3623 611 3672 et
636 3615 1090 3684 Chalcedonensi,
1119 3615 1178 3668 in
1197 3631 1309 3685 quo
1331 3615 1606 3684 Eutyches
1625 3631 1756 3668 cum
1770 3613 2022 3668 Nestorio
2041 3630 2170 3667 ana-

553 3711 801 3765 themate
848 3725 1146 3780 percussus
1184 3709 1282 3778 est)
1333 3707 1572 3778 expositi
1598 3712 1656 3761 et
1679 3707 1993 3761 conﬁrmati
2036 3710 2170 3760 sunt

553 3803 734 3856 vicem
756 3803 948 3872 legum
971 3800 1279 3854 obtineant.
1301 3799 1700 3854 Praedictorum
1723 3799 1936 3854 etenim
1959 3804 2170 3853 sancto-

555 3912 684 3950 rum
709 3893 1072 3948 conciliorum
1117 3893 1338 3946 decreta
1365 3891 1598 3962 perinde
1629 3895 1690 3945 ut
1716 3908 1901 3946 sacras
1927 3891 2170 3962 Scriptu-

553 4005 644 4044 ras
669 3985 1003 4056 suscipimus
1023 4027 1036 4053 ,
1066 3988 1123 4038 et
1159 3999 1398 4038 canones
1425 3989 1486 4038 ut
1522 3984 1674 4054 leges
1699 3984 2063 4038 custodimus.
2091 3986 2169 4037 Ac

555 4085 850 4150 propterea
876 4076 1160 4131 sancimus
1187 4081 1248 4130 ut
1267 4077 1574 4130 secundum
1601 4093 1796 4130 eorum
1817 4075 2170 4152 deﬁnitiones

556 4171 932 4226 sanctissimus
974 4169 1176 4223 veteris
1213 4170 1410 4223 Romae
1452 4185 1595 4240 papa
1643 4169 1862 4240 primus
1915 4169 2168 4223 omnium

557 4263 908 4318 sacerdotum
960 4261 1052 4330 sit,
1117 4261 1473 4315 beatissimus
1532 4277 1662 4314 vero
1719 4261 2170 4332 archiepiscopus

557 4354 1063 4424 Constantinopolis
1092 4370 1250 4408 nova:
1284 4355 1472 4408 Romae
1502 4353 1813 4408 secundum
1833 4354 2022 4408 locum
2045 4356 2173 4424 post

557 4454 801 4502 sanctam
828 4446 1190 4518 apostolicam
1220 4447 1418 4501 veteris
1459 4447 1650 4501 Romae
1678 4446 1867 4500 sedem
1897 4447 2166 4516 obtineat,

2187 3199 2242 3272 C

2263 1950 2539 2018 venerint,
2585 1952 2685 2003 aut
2718 1949 2953 2019 posthac
3000 1947 3374 2019 pervenient,
3411 1947 3654 2002 liberas
3695 1947 3812 2000 has
3858 1962 3974 2000 esse

2264 2042 2543 2098 sancimus
2570 2059 2603 2095 a
2625 2041 3034 2096 lucrativorum
3054 2039 3488 2111 descriptione.

2337 2137 2476 2190 Item
2505 2151 2608 2205 pro
2638 2133 3043 2204 temporalibus
3081 2133 3312 2201 decem,
3365 2138 3432 2187 et
3473 2131 3746 2204 viginti,
3801 2137 3864 2186 et
3889 2133 3977 2186 tri-

2269 2227 2423 2298 ginta
2439 2243 2720 2281 annorum
2741 2225 3266 2296 praescriptionibus
3294 2225 3738 2296 praecipimus,
3763 2232 3834 2281 ut
3861 2243 3980 2279 san-

2266 2320 2366 2374 ctis
2393 2319 2634 2374 ecclesiis
2665 2324 2722 2373 et
2749 2319 2872 2372 aliis
2899 2318 3171 2372 omnibus
3197 2317 3672 2372 venerabilibus
3703 2319 3980 2373 domibus

2268 2412 2641 2483 quadraginta
2668 2412 2946 2466 duntaxat
2967 2427 3261 2465 annorum
3288 2411 3693 2482 praescriptio
3723 2429 3978 2483 oppone.

2263 2510 2378 2573 tur,
2423 2505 2620 2559 eodem
2663 2505 2767 2558 hoc
2798 2503 3171 2558 custodiendo
3213 2507 3275 2557 et
3315 2504 3382 2557 in
3416 2505 3740 2574 petitione
3773 2506 3982 2575 legato-

2266 2613 2394 2652 rum
2423 2601 2480 2651 et
2507 2597 2904 2652 haareditatum
2931 2597 3002 2650 ad
3034 2597 3162 2667 pias
3189 2613 3400 2650 causas
3429 2596 3841 2653 relictarum.

2337 2693 2615 2744 Praeterea
2657 2689 2703 2742 si
2741 2691 2868 2760 quis
2904 2689 3150 2744 voluerit
3186 2690 3552 2744 venerabile
3598 2691 3982 2746 exaediﬁcare

2267 2783 2576 2837 oratorium
2587 2785 2684 2836 aut
2695 2781 3131 2850 monasterium,
3149 2799 3271 2836 non
3292 2782 3477 2836 aliter
3499 2784 3986 2840 aediﬁcationem

2266 2875 2516 2946 incipito,
2546 2875 2656 2929 nisi
2689 2875 2942 2930 locorum
2975 2874 3462 2944 religiosissimus
3485 2877 3838 2949 episcopus
3859 2895 3984 2949 pre-

2268 2985 2358 3022 ces
2393 2968 2506 3022 illic
2558 2968 2893 3038 profuderit,
2949 2973 3006 3022 et
3057 2967 3388 3038 pretiosam
3443 2986 3718 3026 crucem
3774 2973 3987 3026 fixerit.

2268 3062 2429 3116 Certe
2479 3061 2577 3131 qui
2619 3061 2794 3116 semel
2837 3061 3008 3131 coepit
3056 3060 3149 3114 vel
3195 3077 3430 3116 novum
3481 3066 3856 3120 oratorium
3904 3083 3991 3118 cx-

2267 3157 2505 3220 struere,
2533 3153 2618 3207 vel
2639 3157 2798 3206 vetus
2828 3169 3124 3222 renovare,
3147 3155 3438 3209 omnibus
3467 3157 3692 3212 modis
3720 3176 3762 3213 a
3787 3159 3996 3214 beatis

2267 3246 2411 3300 simo
2439 3246 2691 3300 locorum
2719 3245 3004 3316 episcopo,
3037 3251 3098 3300 et
3122 3247 3462 3302 moonomis
3493 3249 3553 3320 ej
3565 3267 3643 3304 us
3677 3253 3997 3322 magistra-

2265 3343 2438 3409 tuque
2465 3339 2611 3392 civili
2636 3339 3009 3409 compellitor,
3048 3340 3138 3394 vel
3175 3341 3326 3410 ipse,
3363 3342 3414 3395 si
3449 3345 3776 3414 supersit,
3810 3347 3906 3400 vel
3937 3363 3997 3399 eo

2266 3438 2492 3487 mortuo
2512 3433 2765 3487 haeredes
2791 3432 2915 3502 ejus
2941 3437 3194 3502 coeptum
3230 3449 3384 3504 Opus
3415 3436 3770 3506 perlicere.

2337 3525 2391 3579 Si
2431 3525 2557 3595 quis
2609 3525 2766 3578 domi
2817 3541 2954 3592 suae,
3003 3530 3104 3580 aut
3156 3525 3219 3578 in
3278 3527 3621 3598 suburbio,
3695 3534 3996 3604 praedio“:

2265 3617 2704 3671 ecclesiasticum
2725 3617 3014 3672 celebrare
3043 3617 3458 3674 ministerium
3491 3629 3994 3698 praesumpserit,

2266 3715 2366 3764 aut
2381 3710 2504 3764 aliis
2519 3710 2803 3765 celebrare
2819 3711 2940 3764 sine
2961 3710 3180 3766 clericis
3197 3711 3702 3783 religiosissimo
3729 3720 3998 3775 locorum

2266 3803 2525 3873 episcopo
2543 3803 2781 3857 subditis
2808 3804 3170 3871 concesserit,
3187 3804 3498 3873 jubemus
3521 3813 3604 3864 ut
3636 3829 3720 3867 ea
3753 3815 3996 3872 domus.

2265 3900 2364 3950 aut
2377 3895 2734 3961 suburbium,
2751 3899 2851 3949 aut
2867 3896 3172 3966 praedium,
3194 3897 3300 3951 ubi
3319 3899 3447 3954 tale
3470 3903 3642 3972 quid
3665 3905 4000 3962 admissum

2265 3987 2452 4056 fuerit,
2475 3993 2843 4043 sacrosancta
2865 3989 2990 4058 ejus
3014 3989 3123 4044 loci
3155 3991 3432 4047 ecclesiae
3480 4011 3611 4066 per
3649 4000 3768 4054 Dei
3814 4019 4001 4055 aman-

2266 4081 2547 4135 tissimum
2575 4081 2904 4152 episcopum
2931 4087 2987 4136 et
3006 4098 3391 4138 oeconomum
3419 4087 3598 4158 ejus,
3639 4094 4000 4165 civilemque

2269 4175 2685 4243 magistratum,
2713 4174 3048 4229 vindicetur.
3077 4176 3248 4238 Quod
3265 4177 3319 4230 si
3342 4177 3716 4250 ignorante
3741 4187 3998 4242 locorum

2268 4267 2497 4321 domino
2517 4270 2914 4337 procuratores
2929 4267 3072 4338 ejus,
3097 4271 3202 4322 aut
3218 4269 3464 4340 coloni,
3500 4275 3895 4350 inquilinivc
3917 4286 4001 4334 aut

2269 4360 2653 4430 emphyteutze
2667 4360 2802 4414 huic
2821 4360 3173 4414 contrarium
3194 4362 3442 4434 aliquid
3462 4367 3781 4443 fecerint,
3797 4382 3904 4430 aut
3923 4377 4005 4428 ne.

2269 4453 2317 4506 ri
2337 4452 2735 4519 concesserint,
2762 4453 3032 4508 dominus
3049 4454 3296 4524 quidem
3333 4457 3466 4514 loci
3490 4464 3768 4522 nullum
3793 4471 4004 4540 przeju-

557 4541 883 4612 casterisque
913 4539 1176 4593 omnibus
1205 4541 1560 4611 praaferatur.
1595 4539 1950 4594 Beatissimus
1980 4543 2175 4594 autem
2195 4554 2254 4626 D
2276 4545 2486 4600 dicium
2509 4562 2607 4600 seu
2633 4546 2906 4600 damnum
2937 4547 3243 4603 sustineat.
3275 4547 3402 4613 Qui
3433 4570 3602 4612 vero
3636 4560 3709 4614 id
3747 4539 3846 4617 νει
3875 4564 4008 4616 few.

557 4651 661 4706 pro
674 4641 932 4705 tempore
953 4633 1404 4706 archiepiscopus
1418 4632 1740 4686 Iustiniano:
1761 4632 1959 4702 prima!
1979 4633 2176 4704 patriae

556 4733 764 4783 nostra!
781 4743 1006 4798 semper
1023 4727 1127 4780 sub
1139 4725 1529 4796 jurisdictione
1549 4741 1648 4778 sua
1669 4725 1874 4780 habeat
1890 4725 2176 4796 episcopos

512 4881 522 4886 _
555 4825 976 4897 provinciarum
1009 4823 1187 4878 Daciae.
1211 4823 1660 4889 mediterraneae,
1690 4829 1744 4877 et
1773 4822 1953 4876 Daciae
1980 4823 2171 4894 ripen-

559 4919 652 4988 sis,
675 4920 810 4974 item
839 4917 1150 4985 Triballese,
1180 4932 1244 4970 ac
1280 4915 1602 4984 Dardania,
1632 4919 1689 4968 et
1711 4915 1898 4986 Mysiae
1927 4916 2178 4986 superio-

557 5012 658 5080 ris,
695 5016 752 5066 et
782 5011 1102 5078 Pannonias,
1132 5015 1188 5063 et
1211 5009 1280 5062 ab
1313 5009 1430 5079 ipso
1457 5009 1517 5063 hi
1547 5008 1878 5063 ordinentur
1897 5051 1910 5078 ,
1941 5009 2060 5080 ipse
2086 5025 2176 5064 ve-

558 5121 622 5160 ro
651 5122 683 5158 α
708 5105 942 5175 propria
970 5103 1264 5158 ordinetur
1287 5102 1498 5173 synodo
1522 5143 1534 5170 ,
1563 5105 1620 5156 et
1652 5101 1711 5154 in
1737 5101 2038 5172 provinciis
2068 5103 2176 5174 ipsi

559 5197 820 5267 subjectis
843 5197 1028 5250 locum
1060 5200 1246 5250 teneat
1266 5194 1584 5266 apostolica:
1611 5193 1755 5248 sedis
1780 5194 2058 5248 Romanae
2083 5211 2171 5250 se-

561 5277 808 5343 cundum
857 5305 923 5344 ea
961 5305 1088 5360 quae
1134 5293 1356 5342 sanctus
1399 5304 1546 5358 papa
1590 5287 1827 5357 Vigilius
1869 5286 2171 5342 constituit.

563 5381 849 5435 Cousimili
869 5383 1036 5436 modo
1053 5387 1109 5436 et
1126 5380 1604 5452 archiepiscopale
1621 5396 1852 5448 munus,
1875 5381 2026 5451 quod
2051 5380 2171 5452 epi-

562 5491 726 5544 scopo
767 5473 1122 5528 Justinianeae
1161 5474 1514 5544 Carthaginis
1554 5473 1826 5527 Africanas
1871 5473 2174 5528 diceeeseos

563 5567 838 5632 dedimus,
873 5581 938 5619 ex
967 5582 1078 5636 quo
1108 5567 1250 5621 Deus
1279 5567 1436 5622 nobis
1464 5567 1606 5621 hanc
1638 5567 1914 5634 restituit,
1943 5584 2170 5622 conser-

561 5659 682 5714 vari
727 5657 1012 5726 jubemus.
1069 5660 1170 5713 Sed
1227 5665 1284 5712 et
1325 5660 1447 5712 alite
1488 5660 1734 5714 civitates
1761 5667 1927 5730 atque
1971 5662 2172 5714 horum

564 5751 832 5822 episcopi,
857 5751 1062 5820 quibus
1099 5751 1302 5820 passim
1336 5751 1396 5804 in
1429 5751 1659 5806 diversis
1693 5753 1826 5807 locis
1847 5753 1942 5822 jus
1967 5760 2174 5808 metro.

563 5842 852 5922 politicum
871 5857 1196 5895 concessum
1209 5848 1310 5910 est,
1326 5842 1382 5895 in
1400 5848 1736 5916 perpetuum
1756 5845 1866 5900 hoc
1877 5846 2174 5920 privilegio

2275 4645 2426 4707 runt,
2452 4639 2538 4694 vel
2568 4638 2690 4693 fieri
2713 4645 3136 4708 concesserunt,
3161 4656 3230 4696 ex
3263 4645 3610 4712 provincia
3644 4654 3766 4710 ubi
3799 4657 3914 4711 hoc
3933 4656 4012 4710 ad-

2273 4733 2506 4786 missum
2536 4732 2644 4786 fuit
2671 4733 2990 4802 ejiciantur,
3034 4734 3210 4788 rebus
3251 4735 3564 4806 ipsorum
3617 4757 4007 4806 sacrosancta?

2274 4825 2394 4896 ejus
2419 4825 2524 4879 loci
2555 4824 2804 4880 ecclesiae
2837 4826 3216 4882 vindicandis.

2345 4918 2404 4972 Si
2435 4917 2560 4988 quis
2589 4917 2647 4971 in
2681 4918 2912 4973 nomine
2947 4920 3150 4991 magni
3177 4921 3284 4976 Dei
3317 4930 3387 4979 et
3424 4927 3820 4992 Servatoris
3851 4947 4008 4994 nostri

2271 5011 2398 5106 .lesu
2451 5010 2656 5067 Christi
2699 5011 3100 5106 haereditatem
3154 5021 3261 5072 aut
3304 5017 3622 5090 legatum
3676 5033 4006 5106 reliquerit,

2265 5103 2534 5174 jubemus
2562 5109 2625 5158 ut
2661 5104 2782 5174 ejus
2809 5104 2919 5159 loci
2945 5106 3220 5176 ecclesia,
3253 5109 3322 5164 in
3357 5129 3502 5184 quo
3541 5103 4013 5181 testator—dumi-

2273 5197 2464 5252 cilium
2479 5197 2695 5293 habuit,
2721 5199 2983 5293 relictum
3011 5201 3223 5271 capiat.
3248 5203 3310 5258 Si
3332 5208 3492 5277 quis
3511 5229 3746 5274 unum
3767 5221 4010 5293 aliquem

2272 5307 2302 5345 e
2329 5291 2532 5344 sanctis
2560 5291 2844 5346 hzeredem
2872 5292 3170 5364 scripserit
3193 5337 3208 5363 ,
3257 5303 3373 5353 aut
3419 5303 3742 5377 legatum
3793 5291 3892 5368 inf
3909 5313 4008 5367 re]:-

2271 5384 2477 5454 querit,
2510 5401 2694 5454 neque
2720 5384 3044 5454 specialiter
3073 5387 3272 5442 locum
3305 5399 3807 5478 nominaverit,
3837 5409 3898 5463 in
3920 5425 4007 5479 qm.

2272 5476 2592 5531 veneranda
2623 5478 2825 5532 domus
2861 5478 2952 5542 sit,
2997 5479 3394 5540 inveniantur
3431 5501 3687 5554 autem
3729 5476 3800 5557 iﬁ
3831 5476 4008 5558 eod—cm

2271 5569 2394 5624 loco
2421 5575 2521 5624 aut
2544 5571 2686 5624 urbe
2715 5571 2877 5641 plura
2911 5573 3162 5627 oratoria
3193 5576 3494 5646 ejusdem
3531 5596 3786 5664 sancti,
3817 5598 3901 5652 illi
3929 5615 4008 5669 ρο-

2273 5662 2382 5716 tius
2408 5663 2658 5718 aedicula:
2685 5680 2814 5734 quae
2848 5666 3160 5736 pauperior
3207 5669 3286 5723 sit
3333 5675 3670 5742 relictum
3703 5662 4005 5760 ρέεεὶπςέυς.

2272 5755 2365 5809 Sin
2395 5773 2527 5810 vero
2552 5756 2613 5810 in
2640 5772 2706 5811 ea
2730 5758 2875 5812 urbe
2901 5759 3067 5813 nulla
3094 5761 3253 5816 aedes
3285 5771 3646 5833 nominati
3700 5755 3902 5841 sancti
3929 5797 4004 5839 sit.

2273 5847 2595 5908 inveniatur
2616 5856 2808 5907 autem
2833 5851 3026 5930 aliqua
3060 5853 3125 5908 in
3153 5857 3490 5920 territorio
3533 5871 3722 5946 ejus,
3756 5880 3849 5935 mi
3878 5881 4002 5934 dam;

4011 266 4026 366 l
