4088 6416
160 395 280 454 1041

980 399 1342 455 JUSTINIANI
1376 401 1701 454 NOYELLA’.
1748 399 2078 454 SELECT.E.
2120 399 2426 454 NOVELLA
2464 393 2678 452 CXXXI.

3371 391 3503 450 4M?

156 507 209 561 Si
235 523 424 578 neque
442 507 501 562 in
527 504 808 562 territorio
826 507 1099 579 ejusmodi
1117 509 1264 562 cedes
1289 509 1622 580 reperiatur,
1644 513 1779 562 tunc
1804 519 1860 592 Α
1880 507 2138 580 implere.
2163 508 2272 563 Sed
2301 510 2358 562 et
2378 507 2549 562 cuivis
2568 506 2662 561 alii
2685 505 2915 561 licentia
2935 504 3046 561 erit
3068 523 3131 561 ea
3158 505 3228 561 de
3257 519 3316 561 re
3343 521 3499 578 quae-

157 600 406 654 ecclesite
438 601 679 656 civitatis
707 601 765 656 in
797 618 908 673 qua
937 606 1178 657 testator
1203 601 1550 657 domicilium
1584 602 1782 657 habuit

159 693 420 748 relictum
450 695 758 767 prebetor.
1143 677 1149 686 ’

229 785 287 841 Si
316 786 443 858 quis
481 787 809 843 venerabile
845 789 1177 856 oratorium,
1209 794 1307 844 aut
1337 805 1645 856 xenonem,
1685 791 1784 844 aut

161 879 476 952 ptochium,
507 886 606 936 aut
633 881 1204 953 orphanotrOphium,
1235 887 1334 938 aut
1367 882 1781 949 nosocomium,

162 976 261 1027 aut
284 973 454 1027 aliam
478 968 858 1030 venerabilem
886 975 1119 1030 domum
1146 975 1358 1031 exstrui
1384 975 1442 1030 in
1472 977 1672 1032 ultima
1694 991 1786 1029 vo-

159 1065 379 1120 luntate
401 1065 757 1137 disposuerit,
762 1067 1036 1138 jubemus
1054 1071 1114 1122 ut
1130 1068 1443 1123 oratorium
1458 1069 1610 1124 intra
1625 1068 1787 1139 quin-

163 1173 273 1229 que
293 1175 475 1213 annos
505 1159 848 1230 perficiatur,
877 1160 1232 1231 providentia
1257 1161 1516 1216 locorum
1537 1161 1786 1232 episcopi

165 1255 220 1306 et
243 1251 422 1306 civilis
450 1252 834 1322 magistratus.
858 1254 1052 1308 Xenon
1074 1270 1206 1307 vero
1229 1257 1328 1308 aut
1356 1254 1668 1324 ptochium,
1691 1258 1790 1310 aut

166 1345 276 1400 alia
305 1344 646 1400 venerabilis
675 1345 882 1400 domus
908 1345 1054 1400 intra
1082 1363 1261 1401 unum
1291 1363 1504 1401 annum
1535 1351 1784 1400 exstrua-

165 1443 278 1493 tur.
297 1437 356 1492 Si
377 1437 525 1492 intra
539 1454 751 1493 annum
773 1439 1026 1494 haeredes
1046 1455 1354 1506 xenonem,
1373 1442 1471 1494 aut
1483 1456 1792 1510 quamcun-

166 1547 275 1602 que
295 1531 682 1586 venerabilem
701 1532 936 1586 domum
968 1549 1142 1603 quam
1167 1536 1400 1588 testator
1431 1533 1641 1588 exstrui
1672 1533 1786 1586 dis-

169 1625 374 1696 posuit,
428 1641 546 1679 non
596 1625 854 1692 fecerint,
901 1625 1173 1694 jubemus
1219 1629 1282 1680 ut
1329 1625 1562 1680 domum
1611 1625 1651 1680 ii
1702 1626 1791 1680 vel

168 1721 382 1785 emant,
403 1717 489 1773 vel
513 1717 854 1783 conducant,
879 1718 975 1772 ubi
983 1719 1140 1788 jussa
1161 1723 1375 1789 queant
1399 1719 1652 1789 exsequi,
1668 1724 1788 1773 tan-

167 1811 342 1882 tisper
371 1810 510 1865 dum
532 1811 814 1880 ejusmodi
842 1811 1180 1865 venerabilis
1209 1811 1411 1866 domus
1443 1811 1788 1866 absolvatur.

1881 601 2124 656 stionem
2153 617 2400 665 movere,
2421 601 2670 672 dareque
2696 616 2930 671 operam
2954 605 3016 654 ut
3031 601 3302 656 omnibus
3319 599 3506 656 modis

1881 693 1937 748 id
1961 710 2143 764 genus
2172 694 2280 766 piae
2307 710 2489 749 causa
2515 697 2913 765 exsequantur.

1953 787 2012 842 Si
2035 804 2170 842 vero
2210 787 2394 842 haeres
2420 804 2490 842 ea
2519 804 2645 858 quae
2674 787 2732 841 in
2755 786 2878 858 pias
2905 803 3101 840 causas
3147 787 3342 842 relicta
3370 790 3505 842 sunt

1883 895 2000 934 non
2042 879 2297 950 impleat,
2333 881 2527 935 dicens
2554 897 2667 934 non
2713 880 2976 934 sufficere
3004 879 3074 934 ad
3104 879 3205 934 has
3239 879 3500 936 relictum

1884 973 1994 1028 sibi
2033 973 2462 1043 patrimonium,
2485 973 2755 1044 jubemus
2797 977 2859 1027 ut
2888 973 3045 1028 omni
3072 974 3229 1027 lucro
3260 974 3411 1044 quod
3437 990 3503 1029 ex

1885 1052 2130 1121 Falcidia
2156 1067 2417 1136 provenit
2433 1070 2684 1133 vacante,
2707 1065 3062 1137 quidquidin
3085 1067 3208 1136 ejus
3229 1065 3508 1122 facultati-

1885 1158 1991 1214 bus
2007 1159 2302 1212 inventum
2327 1158 2516 1226 fuerit,
2535 1158 2886 1229 providentia
2901 1157 3238 1213 sanctissimi
3253 1160 3509 1214 locorum

1889 1251 2139 1322 episcopi
2169 1254 2354 1305 totum
2383 1251 2440 1304 in
2461 1267 2657 1305 causas
2671 1252 2739 1305 ad
2767 1268 2906 1322 quas
2929 1251 3190 1306 relictum
3207 1255 3292 1306 est
3317 1269 3509 1324 proce-
3579 1288 3585 1293 -

1887 1345 2001 1400 dat.
2033 1344 2198 1408 Quod
2231 1345 2277 1398 si
2303 1345 2557 1414 legatum
2589 1344 2661 1398 ab
2688 1344 2880 1416 aliquo
2910 1344 2982 1398 ad
3010 1345 3132 1414 pias
3157 1361 3350 1399 causas
3377 1345 3511 1399 reli-

1888 1441 2043 1492 ctum
2068 1437 2256 1505 fuerit,
2269 1437 2540 1507 jubemus
2552 1440 2618 1491 ut
2638 1437 2786 1491 intra
2807 1453 2902 1491 sex
2926 1454 3152 1491 menses
3172 1438 3242 1492 ab
3260 1438 3514 1493 insinua-

1887 1531 2045 1585 tione
2090 1529 2416 1583 testamenti
2464 1529 2848 1583 numerandos
2889 1530 3154 1584 omnibus
3183 1530 3290 1584 hoc
3334 1530 3517 1584 modis

1889 1626 2196 1695 praestetur
2213 1621 2301 1676 his
2322 1622 2528 1692 quibus
2554 1622 2814 1676 relictum
2843 1625 2946 1676 est.
2965 1622 3059 1677 Sin
3085 1627 3276 1676 autem
3297 1623 3516 1694 quihoc

1893 1715 2110 1786 gravati
2131 1717 2264 1768 sunt
2274 1713 2595 1784 bujusmodi
2613 1714 2866 1784 legatum
2885 1719 3157 1784 praestare
3172 1714 3516 1784 distulerint,

1895 1812 1953 1862 et
1982 1809 2215 1873 fructus,
2249 1810 2307 1861 et
2340 1822 2522 1860 usurae
2555 1810 2611 1860 et
2652 1807 2842 1861 omnis
2866 1807 3120 1877 legitima
3147 1807 3414 1873 accessio,
3444 1807 3514 1862 ab

167 1879 689 1975 Ac—siquidemipse
705 1904 1178 1971 testatorfinierit,
1197 1904 1428 1974 quinam
1451 1905 1790 1971 xenodochi,
1814 1879 1869 1951 B
1893 1901 2029 1972 ipsis
2063 1901 2183 1971 jam
2224 1899 2354 1954 inde
2384 1916 2417 1954 a
2453 1903 2713 1970 tempore
2753 1897 2951 1954 mortis
2993 1899 3114 1970 ejus
3159 1900 3257 1970 qui
3290 1900 3522 1971 reliquit

168 2000 266 2050 aut
292 1996 660 2067 ptocotrophi
687 2001 786 2050 aut
814 1997 870 2052 id
902 2012 1081 2067 genus
1106 1997 1200 2051 alii
1224 1997 1643 2069 dispensatores
1668 1997 1793 2052 ﬁeri

169 2089 438 2156 debeant,
458 2091 557 2144 aut
571 2089 896 2143 hieredibus
924 2089 1038 2143 suis
1055 2089 1225 2160 hujus
1247 2089 1327 2144 rei
1349 2090 1634 2161 optionem
1657 2107 1797 2162 prte-

167 2181 654 2252 buerit,jubemus
676 2186 736 2236 ut
755 2181 1021 2235 omnibus
1037 2181 1221 2236 modis
1238 2183 1494 2236 haeredes
1517 2183 1690 2254 ipsius
1705 2183 1795 2237 his

169 2289 295 2344 quae
323 2273 396 2328 ab
432 2274 554 2346 ipso
593 2273 864 2345 disposita
887 2281 1020 2330 sunt
1062 2275 1427 2344 satisfaciant,
1457 2275 1795 2330 beatissimis

168 2369 424 2421 locorum
457 2367 736 2438 episcopis
763 2367 1120 2438 inspecturis,
1165 2384 1239 2422 an
1277 2367 1621 2438 dispensatio
1665 2369 1794 2438 pul-

169 2459 302 2514 chre
329 2460 619 2529 procedat.
650 2461 718 2515 Et
742 2460 788 2514 si
813 2460 1294 2530 deprehenderint
1319 2477 1411 2514 eos
1438 2460 1535 2530 qui
1564 2461 1793 2531 dispen-

170 2552 446 2607 sationem
488 2553 702 2607 habent
727 2569 977 2624 nequam
1021 2554 1278 2608 homines
1304 2558 1359 2607 et
1389 2553 1596 2608 nullius
1633 2553 1796 2608 home

169 2645 252 2702 rei
281 2661 426 2712 esse,
456 2645 743 2700 licentiam
766 2646 1043 2702 habituris
1071 2651 1136 2701 ut
1163 2647 1286 2700 sine
1325 2646 1538 2700 damno
1569 2647 1707 2700 alios
1736 2647 1794 2701 in

170 2739 398 2792 illorum
420 2739 610 2792 locum
638 2739 823 2810 magis
861 2739 1100 2794 idoneos
1127 2740 1430 2794 sufficiant.

1895 1994 2216 2063 exigentur.
2240 1993 2296 2048 Si
2319 1994 2574 2063 legatum
2598 2009 2858 2047 annuum
2883 1993 3197 2064 cuicunque
3210 1991 3520 2048 venerabili

1895 2086 2091 2141 domui
2107 2085 2364 2140 relictum
2387 2085 2578 2151 fuerit,
2598 2085 2882 2156 siquidem
2903 2085 2960 2139 hi
2973 2085 3070 2156 qui
3087 2086 3210 2140 haec
3231 2085 3366 2140 dare
3375 2085 3520 2156 jussi

1895 2182 2047 2247 sunt,
2087 2181 2185 2232 aut
2233 2179 2389 2232 locus
2429 2194 2496 2232 ex
2536 2194 2651 2248 quo
2688 2178 2742 2231 id
2779 2178 3040 2248 prmstari
3086 2177 3308 2248 jussum
3347 2181 3432 2232 est
3459 2177 3520 2232 in

1897 2271 2098 2326 eadem
2118 2274 2215 2325 aut
2243 2271 2428 2325 vicina
2453 2270 2740 2341 provincia
2759 2275 2862 2337 est,
2879 2271 3150 2341 jubemus
3171 2287 3242 2325 ne
3269 2287 3382 2341 quo
3404 2286 3526 2325 mo-

1897 2364 1970 2418 do
1995 2364 2103 2418 tale
2132 2363 2390 2433 legatum
2423 2363 2724 2417 alienetur.
2761 2363 2860 2418 Sin
2890 2364 3014 2418 loca
3041 2367 3140 2418 aut
3171 2379 3426 2434 personas
3456 2379 3523 2418 ex

1895 2456 2100 2527 quibus
2125 2461 2224 2510 aut
2250 2473 2284 2510 a
2309 2456 2514 2526 quibus
2534 2456 2642 2510 hoc
2670 2455 2791 2510 dari
2807 2457 3032 2526 jussum
3061 2460 3148 2510 est
3173 2456 3231 2509 in
3259 2457 3524 2510 remotio-

1897 2549 2050 2602 ribus
2078 2549 2190 2602 sint
2218 2549 2492 2620 partibus,
2522 2552 2657 2602 tunc
2701 2549 2992 2618 integrum
3027 2549 3136 2602 illis
3167 2553 3285 2602 esto
3315 2549 3521 2620 quibus

1895 2641 1953 2694 id
1989 2641 2248 2696 relictum
2274 2647 2376 2707 est,
2399 2645 2464 2695 ut
2489 2641 2536 2695 si
2562 2642 2808 2712 obligata
2841 2641 3017 2696 etiam
3046 2657 3179 2712 pars
3217 2641 3519 2710 consentit,

1897 2734 2150 2804 legatum
2168 2737 2518 2805 permutent,
2551 2738 2608 2788 et
2629 2734 2876 2788 vicinum
2911 2735 3156 2805 aliquem
3178 2751 3280 2806 pro
3300 2735 3409 2790 hoc
3437 2751 3523 2789 re-

239 2831 353 2887 Sed
388 2835 447 2885 et
479 2831 526 2884 si
563 2832 690 2903 quis
723 2849 826 2903 pro
880 2833 1268 2904 redemptione
1313 2833 1661 2903 captivorum
1700 2837 1840 2888 aut.
1898 2827 2080 2880 ditum
2107 2827 2338 2898 capiant
2369 2827 2619 2895 uberem,
2643 2830 2698 2880 et
2725 2844 2855 2881 cum
2881 2827 3221 2894 accessione,
3243 2844 3369 2898 quae
3407 2844 3522 2882 non

167 2923 444 2978 alimonia
473 2940 787 2996 pauperum
810 2925 1205 2979 haereditatem
1225 2925 1314 2979 vel
1342 2927 1594 2994 legatum
1623 2925 1682 2979 in
1702 2942 1794 2979 re-

167 3017 272 3070 bus
295 3016 622 3085 mobilibus,
649 3021 746 3072 aut
774 3017 1182 3084 immobilibus,
1213 3018 1327 3071 sive
1349 3019 1545 3085 semel,
1570 3018 1682 3072 sive
1703 3035 1800 3072 an-

169 3125 350 3164 nuum
391 3109 706 3180 reliquerit,
738 3114 796 3164 et
830 3111 938 3164 hoc
973 3111 1158 3164 modis
1189 3111 1454 3164 omnibus
1485 3111 1797 3165 secundum

169 3201 455 3256 testatoris
487 3203 838 3256 voluntatem
878 3219 982 3273 per
1020 3220 1118 3257 eos
1165 3203 1260 3274 qui
1290 3203 1348 3256 id
1389 3203 1620 3274 exsequi
1656 3203 1794 3273 jussi

166 3299 299 3348 sunt
324 3298 642 3364 pressi/ator.
679 3295 735 3350 Si
767 3296 1085 3366 specialiter
1121 3313 1236 3350 non
1263 3295 1470 3350 dixerit
1505 3295 1664 3365 cujus
1692 3296 1799 3350 loci

165 3387 520 3458 pauperibus
551 3388 672 3442 hinc
701 3387 1014 3459 reliquerit,
1049 3389 1320 3459 jubemus
1351 3394 1410 3442 ut
1437 3389 1796 3458 religiosissi-

167 3497 293 3533 mus
321 3479 563 3534 civitatis
592 3480 910 3551 episcopus,
948 3480 1006 3534 in
1035 3497 1149 3552 qua
1176 3485 1414 3535 testator
1448 3481 1798 3536 domicilium

166 3571 388 3639 habuit,
413 3588 505 3625 eas
535 3588 626 3626 res
650 3572 721 3626 ad
755 3589 813 3626 se
842 3572 1094 3642 recipiat,
1126 3576 1180 3626 et
1207 3573 1353 3626 inter
1376 3589 1650 3644 pauperes
1676 3574 1800 3643 ejus

169 3663 413 3740 civitatis
438 3663 754 3718 distribuat.
779 3666 920 3718 Item
943 3665 989 3717 si
1017 3681 1118 3735 pro
1137 3665 1531 3734 redemptione
1560 3666 1801 3736 captivo-

171 3772 299 3810 rum
325 3755 545 3826 aliquid
579 3757 841 3810 relictum
865 3756 953 3820 sit,
978 3773 1164 3827 neque
1193 3760 1428 3810 testator
1453 3757 1798 3812 nominatim

167 3848 404 3914 dixerit,
432 3864 538 3918 per
566 3865 738 3919 quem
765 3849 1222 3920 redemptionem
1255 3849 1374 3903 fieri
1403 3854 1678 3920 oporteat,
1704 3851 1796 3904 iti-

167 3942 297 3996 dem
311 3941 584 4011 jubemus
602 3944 665 3994 ut
677 3957 769 3995 res
785 3941 840 3994 in
865 3942 970 3996 hoc
993 3942 1202 3996 relicta:
1225 3942 1476 3996 locorum
1505 3943 1800 4014 episcopus

165 4039 219 4088 et
248 4033 420 4104 hujus
445 4049 778 4088 (economus
805 4035 1010 4104 capiat,
1038 4037 1094 4087 et
1121 4034 1450 4104 bujusmodi
1473 4035 1631 4106 pium
1659 4052 1800 4106 opus

166 4127 420 4196 impleat.
455 4127 516 4180 In
540 4125 804 4180 omnibus
831 4127 985 4181 enim
1012 4126 1132 4180 istis
1161 4126 1270 4197 piis
1301 4127 1684 4181 voluntatibus
1705 4144 1799 4182 vo-

166 4221 357 4273 lumus
385 4218 560 4272 etiam
589 4218 741 4289 ipsos
760 4219 1212 4289 religiosissimos
1234 4220 1490 4274 locorum
1511 4220 1800 4291 episc0pos

164 4310 584 4382 providentiam
605 4311 1053 4380 accommodare,
1076 4316 1140 4366 ut
1165 4313 1356 4367 omnia
1377 4313 1688 4367 secundum
1709 4318 1796 4367 te-

163 4404 396 4458 statoris
425 4403 776 4458 voluntatem
805 4404 1132 4475 procedant,
1155 4408 1212 4459 et
1240 4405 1282 4458 si
1316 4405 1559 4459 maxime
1577 4421 1607 4458 a
1633 4410 1801 4460 testa-

163 4497 385 4552 toribus
410 4500 510 4550 aut
539 4495 908 4551 donatoribus
931 4497 1290 4552 interdictum
1313 4497 1446 4569 ipsis
1479 4498 1549 4552 sit
1572 4515 1642 4553 ne
1664 4498 1800 4570 quid

1897 2919 2089 2974 minus
2137 2925 2336 2990 quarta
2378 2920 2588 2974 relictaz
2614 2919 2950 2991 quantitatis
2969 2923 3131 2991 parte
3166 2921 3438 2988 continet,
3469 2925 3528 2975 et

1900 3029 2087 3082 neque
2113 3012 2307 3066 multis
2326 3012 2567 3082 publicis
2595 3012 3054 3083 prsestationibus
3082 3018 3374 3068 onustum.
3409 3013 3524 3068 Sed

1899 3106 1958 3156 et
1975 3103 2017 3156 si
2033 3104 2280 3158 vendere
2297 3105 2410 3158 tale
2429 3105 2684 3175 legatum
2711 3105 3014 3174 voluerint,
3043 3121 3158 3160 non
3183 3105 3372 3160 minus
3392 3122 3524 3176 pre-

1899 3196 1962 3249 tii
1991 3196 2231 3250 nomine
2257 3197 2486 3268 capiant
2511 3214 2684 3268 quam
2717 3215 2788 3252 ex
2819 3197 2918 3252 tali
2946 3199 3135 3269 legato
3157 3215 3262 3270 per
3290 3198 3530 3270 triginta

1899 3289 2155 3360 quinque
2204 3306 2387 3344 annos
2427 3289 2762 3360 colligatur:
2792 3289 2871 3344 ita
2913 3293 3110 3345 tamen
3142 3294 3206 3344 ut
3243 3291 3527 3361 ejusmodi

1897 3383 2146 3454 pretium
2174 3382 2244 3436 ad
2271 3383 2581 3455 utilitatem
2621 3381 2908 3453 praedicta).
2944 3383 3282 3437 venerabilis
3321 3385 3525 3439 domus

1899 3475 2165 3546 procedat
2191 3474 2279 3529 cui
2305 3475 2564 3528 relictum
2593 3480 2696 3529 est.

1971 3567 2361 3621 lnterdicimus
2385 3567 2526 3622 item
2555 3567 2990 3639 religiosissimis
3019 3567 3301 3639 episcopis
3332 3586 3404 3624 ne
3434 3587 3526 3625 res

1900 3660 2142 3715 mobiles
2179 3665 2279 3714 aut
2305 3660 2651 3727 immobiles,
2679 3663 2777 3714 aut
2802 3660 3017 3732 scipsas
3049 3665 3365 3725 moventes,
3397 3680 3525 3734 quas

1899 3756 2025 3825 post
2037 3753 2303 3823 adeptum
2321 3753 2713 3824 episcopatum
2733 3769 3073 3825 quocunque
3090 3754 3264 3808 modo
3284 3755 3353 3810 ad
3376 3756 3530 3826 ipsos

1900 3849 2301 3916 pervenerunt,
2332 3846 2402 3900 ad
2431 3849 2698 3916 cognatos
2721 3862 2852 3899 suos
2876 3849 2976 3900 aut
3001 3863 3366 3918 quascunque
3389 3849 3528 3902 alias

1899 3955 2173 4010 personas
2203 3939 2322 3992 ullo
2353 3937 2522 3992 modo
2553 3938 2916 3993 transferant.
2950 3939 3031 3994 Ad
3069 3940 3527 4010 redemptionem

1900 4034 2094 4086 tamen
2115 4031 2492 4102 captivorum,
2509 4035 2566 4085 et
2587 4031 2919 4086 alimoniam
2946 4049 3284 4104 pauperum,
3307 4033 3444 4088 item
3468 4035 3527 4089 in

1898 4124 2037 4178 alias
2083 4124 2203 4194 pias
2233 4140 2450 4190 causas,
2479 4141 2668 4195 neque
2696 4141 2812 4179 non
2858 4141 2961 4196 pro
2990 4125 3228 4181 utilitate
3277 4127 3530 4182 ecclesiae

1902 4233 2036 4285 suae,
2059 4233 2125 4270 ex
2146 4217 2234 4270 his
2262 4217 2584 4288 expendere
2610 4217 2898 4272 licentiam
2926 4218 3194 4274 habento.
3228 4221 3294 4274 Et
3320 4220 3367 4274 si
3394 4221 3532 4293 quid

1901 4326 1966 4363 ex
1995 4309 2200 4364 talibus
2229 4311 2400 4365 rebus
2429 4313 2554 4381 post
2588 4311 2818 4366 illorum
2843 4311 3061 4366 obitum
3090 4312 3148 4366 in
3177 4313 3527 4383 patrimonio

1901 4401 2130 4456 illorum
2159 4403 2561 4474 permanserit,
2584 4403 2856 4473 jubemus
2883 4408 2944 4458 ut
2970 4405 3078 4458 hoc
3106 4405 3176 4458 ad
3199 4401 3520 4462 dominium

1900 4498 2389 4549 sacrosanctarum
2413 4496 2779 4550 ecclesiarum
2807 4496 2865 4550 in
2886 4497 3093 4568 quibus
3119 4504 3418 4568 gesserunt
3446 4515 3530 4552 sa-

165 4590 224 4644 in
246 4589 316 4644 iis
344 4589 591 4643 habeant
612 4589 957 4643 commercii.
989 4590 1154 4644 Certe
1184 4590 1226 4642 si
1260 4589 1338 4644 illi
1366 4590 1464 4662 qui
1494 4590 1615 4644 hinc
1643 4606 1795 4644 exse-
1819 4593 1878 4666 D
1902 4587 2218 4642 cerdotium
2247 4587 2549 4658 pertineat.
2585 4590 2642 4642 ln
2667 4588 2776 4641 illis
2806 4589 2958 4643 enim
2982 4590 3150 4644 rebus
3178 4593 3528 4660 tantummo-

164 4682 265 4753 qui
284 4682 432 4753 jussi
464 4685 597 4735 sunt
621 4681 792 4736 semel
807 4686 977 4752 atque
1011 4682 1221 4737 iterum
1249 4700 1281 4736 a
1299 4683 1622 4737 beatissimo
1643 4684 1798 4737 loco-

167 4791 297 4829 rum
321 4775 589 4845 episcopo
612 4777 669 4827 et
683 4773 806 4844 ejus
823 4774 1130 4829 ceconomis
1147 4791 1252 4846 per
1268 4775 1516 4846 publicas
1534 4792 1800 4847 personas

164 4866 472 4935 admoniti,
507 4883 573 4920 ea
599 4883 728 4938 quia
753 4867 1023 4938 disposita
1039 4870 1171 4922 sunt
1197 4867 1434 4938 implere
1456 4867 1799 4936 distulerint,

155 4961 434 5031 jubemus
459 4962 522 5013 ut
549 4958 587 5012 ii
613 4975 782 5014 omne
802 4961 1026 5014 lucrum
1053 4961 1207 5031 quod
1235 4961 1304 5014 ab
1327 4978 1393 5015 eo
1421 4961 1517 5033 qui
1546 4961 1655 5016 ista
1673 4961 1798 5031 jus-

164 5053 239 5107 sit
278 5052 417 5123 ipsis
464 5051 664 5106 relicta
707 5057 856 5116 sunt,
891 5053 1178 5120 amittant,
1211 5053 1621 5124 religiosissimi
1664 5070 1800 5108 vero

163 5148 429 5201 locorum
459 5144 708 5216 episcopi
742 5161 942 5200 omnes
986 5162 1078 5200 res
1101 5163 1229 5217 qua:
1260 5147 1690 5219 quibuscunque
1721 5147 1804 5218 (ut

163 5239 388 5294 dictum
421 5241 522 5307 est)
547 5237 656 5308 piis
685 5238 868 5292 causis
888 5239 1177 5310 deputata:
1201 5243 1352 5305 sunt,
1374 5257 1505 5294 cum
1531 5239 1803 5294 fructibus

163 5336 225 5387 et
254 5329 436 5386 medii
461 5331 738 5402 temporis
764 5331 1200 5399 accessionibus,
1228 5336 1398 5404 atque
1425 5332 1562 5387 item
1590 5350 1805 5389 memo-

161 5428 291 5478 rato
317 5425 478 5478 lucro
503 5422 886 5490 vindicent,et
909 5441 1038 5496 quae
1065 5427 1298 5480 testator
1323 5424 1596 5496 disposuit
1615 5425 1801 5481 adim-

161 5519 400 5589 pleant:
430 5515 620 5570 scituri
650 5517 803 5588 quod
831 5517 876 5570 si
905 5521 962 5570 et
992 5516 1096 5588 ipsi
1141 5517 1526 5588 negligentius
1554 5518 1798 5590 egerint,

162 5627 272 5682 pro
302 5608 572 5663 omnibus
602 5607 690 5662 his
720 5608 998 5663 rationem
1035 5609 1149 5664 Deo
1181 5611 1455 5666 reddituri
1497 5610 1628 5667 sint.
1659 5612 1802 5667 Sane

161 5704 206 5757 si
235 5701 703 5773 religiosissimus
733 5702 990 5757 locorum
1019 5702 1316 5774 episcopus
1353 5704 1567 5776 aliquid
1600 5722 1801 5760 eorum

162 5811 300 5867 quae
327 5811 362 5850 a
393 5793 556 5849 nobis
596 5794 748 5849 dicta
774 5797 908 5848 sunt
937 5795 1392 5865 praetermiserit,
1433 5797 1649 5852 licitum
1679 5803 1800 5853 esto

163 5887 600 5960 religiosissima
621 5886 744 5958 ejus
769 5886 1213 5958 metropolitano
1233 5889 1352 5945 hec
1381 5889 1607 5962 exigere
1630 5893 1802 5962 atque

1902 4681 1974 4734 do
1993 4679 2296 4748 alienandi,
2313 4684 2411 4734 aut
2427 4679 2632 4751 quibus
2649 4681 2876 4734 tandem
2901 4682 3183 4737 voluerint
3200 4683 3532 4756 relinquen-

1903 4772 1958 4826 di
1974 4772 2107 4843 ipsis
2119 4772 2401 4826 licentiam
2418 4773 2810 4838 concedimus,
2826 4791 2968 4844 quas
2981 4779 3078 4828 aut
3094 4780 3226 4830 ante
3241 4777 3532 4848 epiSCOpa-

1901 4870 2025 4920 tum
2041 4865 2308 4920 habuisse
2331 4866 2685 4936 comprobati
2708 4866 2942 4935 fuerint,
2967 4871 3066 4922 aut
3087 4874 3215 4938 post
3241 4869 3528 4941 episcOpa-

1903 4960 2025 5012 tum
2049 4958 2284 5030 adipsos
2303 4961 2372 5014 ab
2395 4959 2462 5013 iis
2487 4959 2856 5030 pervenerint
2882 4961 2978 5030 qui
3009 4961 3234 5031 generis
3255 4963 3526 5032 proximi-

1902 5053 2018 5106 tate
2049 5069 2145 5107 eos
2171 5053 2598 5124 contingebant,
2626 5052 2832 5124 quibus
2860 5053 2930 5107 ab
2955 5053 3229 5110 intestato
3260 5061 3530 5126 poterant

1904 5162 2083 5216 usque
2111 5145 2183 5200 ad
2205 5150 2473 5216 quartum
2503 5145 2741 5215 gradum
2771 5145 3096 5200 succedere.
3124 5149 3308 5219 Atque
3332 5149 3527 5204 omnia

1905 5239 2025 5292 inec
2051 5254 2178 5309 quas
2211 5238 2281 5291 de
2311 5237 2478 5292 rebus
2499 5243 2624 5308 post
2649 5237 3036 5309 episcOpatum
3067 5239 3139 5294 ad
3166 5241 3528 5312 religiosissi-

1904 5348 2030 5386 mos
2053 5331 2352 5402 episcopos
2375 5329 2845 5403 provenienlibus
2877 5331 3143 5399 diximus,
3168 5333 3226 5388 in
3258 5351 3526 5392 reveren-

1905 5424 2156 5478 dissimis
2184 5423 2322 5478 item
2357 5423 2862 5496 orphanotrophis,
2893 5429 2948 5479 et
2987 5427 3440 5500 ptochotrophis,
3475 5433 3530 5484 et

1906 5517 2247 5584 nosocomis,
2263 5522 2319 5571 et
2337 5518 2782 5588 gerontocomis,
2803 5522 2860 5572 et
2881 5520 3248 5587 xenodochis,
3271 5526 3328 5576 et
3349 5523 3531 5576 omni-

1903 5609 2008 5664 bus
2025 5609 2149 5664 aliis
2161 5610 2574 5664 venerabilium
2596 5612 2807 5666 mdium
2829 5612 3324 5683 dispensatoribus
3343 5615 3528 5670 valere

1904 5703 2207 5770 sancimus,
2232 5707 2287 5758 et
2307 5703 2415 5758 hoc
2435 5721 2548 5775 quo
2576 5705 2648 5758 ad
2677 5721 2767 5759 res
2795 5723 2922 5777 qua:
2949 5705 3390 5778 dispensationis
3411 5723 3528 5760 sum

1902 5800 2163 5868 tempore
2189 5796 2465 5868 praedicto
2490 5798 2666 5853 modo
2689 5799 2759 5853 ad
2781 5799 2935 5870 ipsos
2953 5798 3338 5870 pervenerint.
3361 5797 3526 5862 Quod

1905 5888 1950 5943 si
1981 5889 2108 5961 quis
2141 5889 2461 5962 episcopus,
2493 5894 2592 5946 aut
2621 5891 2880 5956 clericus,
2913 5895 3009 5946 aut
3037 5891 3424 5962 cujuscunque
3445 5907 3534 5947 eca
