4088 6440
634 372 766 427 1043

1767 373 2017 428 S.-ECU‘LI
2055 372 2242 428 SEXTI
2280 371 2828 426 SUPI’LEMENTUM.

3867 376 3882 428 l
3893 375 3973 428 0H

631 480 924 536 clesiastici
962 477 1172 551 gradus
1199 480 1477 546 minister,
1506 485 1606 535 aut
1637 483 1886 536 ecclesiae
1923 481 2240 536 diaconissa
2259 490 2318 562 Α
2337 481 2476 534 enim
2497 479 2894 548 pro-videbimus
2921 484 3190 548 quatenus
3215 482 3332 534 sine
3351 479 3696 534 collaturum
3719 481 3978 550 dispendio
4024 519 4025 522 η

632 573 754 626 sine
781 575 1104 628 testamenti
1123 574 1329 628 tabulis
1351 577 1408 628 et
1423 573 1692 643 legitimis
1710 573 1946 628 decedat
1962 589 2240 628 successo-

2336 572 2436 639 ﬁat
2489 573 2653 625 etiam
2703 573 2761 624 in
2809 573 3105 641 provinciis
3171 574 3505 639 mnifesto.
3567 571 3701 625 Dat.
3757 587 3823 626 xv
3871 573 3976 628 Kal.

630 668 804 736 ribus,
849 670 1054 724 horum
1101 671 1378 726 successio
1427 671 1501 726 ad
1553 669 1854 726 ecclesiam
1903 669 2158 725 defertor
2182 669 2242 726 in
2337 661 2535 732 APPin
2566 663 2951 730 Constantina
2981 662 3080 717 dn-
3129 662 3401 718 Justinia-
3433 664 3550 718 ΡΡο
3585 666 3765 736 Αυεο,
3796 664 3978 720 BaSiUO

631 777 804 833 quam
837 762 981 824 forte
1007 763 1252 817 ordinati
1281 763 1527 818 fuerant.

699 854 874 909 Porro
911 854 1180 924 jubemus
1216 872 1288 910 ne
1329 855 1631 926 quisquam
1663 855 1984 922 haereticus,
2025 855 2110 908 vel
2141 871 2244 925 per

631 945 1088 1014 conductionem,
1135 947 1221 1002 vel
1253 947 1696 1018 emphyteusim,
1737 949 1822 1000 vel
1857 947 2238 1018 emptionem,

632 1041 732 1092 aut
748 1054 1085 1109 quocunque
1103 1039 1212 1094 alio
1227 1040 1400 1094 modo
1421 1039 1840 1094 resimmobiles
1856 1056 1889 1093 a
1903 1055 2242 1110 quacunque

632 1131 866 1186 ecclesia
905 1135 1004 1185 aut
1045 1131 1353 1186 venerabili
1393 1131 1565 1186 domo
1596 1131 1803 1202 capiat.
1836 1131 1892 1185 Si
1931 1131 2064 1201 quid
2110 1147 2242 1186 vero

632 1222 913 1292 ejusmodi
933 1223 1121 1278 delicti
1133 1223 1448 1278 admissum
1464 1223 1655 1291 fuerit,
1675 1223 1972 1278 haereticus
1989 1223 2242 1293 quidem,

633 1314 681 1368 si
710 1315 842 1384 quid
876 1333 980 1386 per
1005 1316 1156 1370 hanc
1181 1333 1411 1370 causam
1443 1315 1751 1386 praebuerit
1775 1316 2018 1370 amittat.
2048 1315 2242 1368 Istius-

633 1407 794 1462 modi
812 1423 945 1462 vero
977 1425 1066 1462 res
1091 1407 1395 1462 venerabili
1425 1407 1625 1462 domui
1656 1425 1690 1462 a
1715 1424 1828 1478 qua
1854 1413 1912 1461 et
1939 1407 2084 1460 datae
2115 1409 2247 1460 sunt

633 1497 1009 1554 vindicantor.
1031 1499 1395 1570 Dispensator
1413 1502 1604 1553 autem
1618 1499 1823 1552 domus
1841 1499 1934 1568 qui
1952 1498 2243 1568 hujusmo-

633 1590 690 1644 di
705 1608 794 1644 res
811 1591 1074 1646 hmretico
1094 1591 1316 1645 dederit
1335 1593 1391 1644 in
1421 1591 1742 1645 universum
1768 1607 1802 1644 a
1819 1589 2244 1660 dispensatione

637 1687 974 1748 removetor,
999 1687 1057 1737 et
1075 1684 1132 1737 in
1160 1683 1575 1737 monasterium
1607 1683 1922 1752 conjicitur,
1946 1687 2003 1736 et
2021 1698 2124 1754 per
2142 1699 2244 1736 an-

634 1793 772 1830 num
800 1792 974 1830 unum
993 1793 1026 1830 a
1051 1780 1246 1830 sancta
1271 1775 1674 1830 communione
1702 1779 2059 1845 segregator,
2075 1779 2134 1828 ut
2149 1773 2244 1844 qui

631 1867 981 1922 Christianos
997 1868 1276 1922 haereticis
1292 1867 1615 1922 tradiderit.
1629 1869 1700 1920 At
1719 1867 1762 1920 si
1785 1866 2134 1921 orthodoxus
2151 1865 2247 1936 qui

632 1960 1049 2030 possessionem
1090 1960 1262 2014 habet
1292 1961 1351 2014 in
1382 1976 1496 2030 qua
1533 1963 1732 2013 sancta
1771 1959 1843 2012 sit
1879 1959 2133 2024 ecclesia,
2161 1958 2248 2011 vel

635 2070 738 2123 per
751 2052 1190 2124 emphyteusim,
1203 2053 1291 2106 vel
1315 2051 1781 2117 conductionem,
1797 2051 1887 2104 vel
1908 2067 2248 2121 quocunque

634 2144 1143 2200 administrationis
1174 2159 1386 2214 genere
1411 2161 1480 2198 ea
1507 2143 1661 2210 data,
1685 2143 1867 2214 ipsam
1894 2141 2244 2208 alienaverit,

635 2240 732 2290 aut
755 2236 1050 2306 reliquerit
1071 2235 1292 2302 Judaeo,
1315 2239 1416 2290 aut
1435 2235 1719 2302 hmretico,
1749 2239 1849 2289 aut
1867 2234 2246 2300 Samaritano,

635 2333 735 2382 aut
763 2329 976 2395 Graeco,
995 2331 1092 2382 aut
1113 2327 1492 2394 Montanistm,
1520 2330 1619 2382 aut
1641 2327 1872 2393 Ariano,
1896 2331 2251 2381 sacrosancta

635 2420 757 2490 ejus
787 2420 1046 2490 oppiduli
1073 2419 1312 2474 ecclesia
1342 2420 1547 2474 horum
1585 2419 1903 2474 dominium
1940 2418 2245 2472 vindicato.

636 2512 692 2568 Si
724 2513 848 2582 quis
874 2515 1068 2567 autem
1099 2511 1518 2579 haereticorum,
1543 2511 1748 2582 quibus
1769 2526 2250 2566 connumeramus

636 2605 809 2659 etiam
831 2605 1212 2671 Nestorianos,
1237 2609 1293 2660 et
1317 2605 1654 2674 Acephalos,
1688 2607 1746 2658 et
1775 2603 2246 2674 Eutychianistas,

635 2697 965 2766 speluncam
1012 2696 1158 2750 ausit
1185 2695 1319 2750 fidei
1363 2711 1478 2750 sua:
1522 2694 1896 2762 exaedificare,
1930 2697 2032 2748 aut
2067 2693 2250 2749 Judaei

636 2805 842 2844 novam
875 2788 984 2844 sibi
1023 2804 1379 2858 synagogam
1407 2791 1714 2854 exstruere,
1757 2789 1955 2841 sancta
1992 2787 2248 2841 locorum
2297 2838 2326 2860 ,

634 2880 868 2935 ecclesia
884 2897 980 2934 eas
997 2879 1238 2934 fabricas
1251 2896 1351 2934 suo
1367 2877 1625 2934 dominio
1644 2879 1948 2933 vindicato.
1967 2879 2250 2934 Caeterum

633 2974 682 3026 si
725 2972 852 3042 quis
895 2988 1000 3042 per
1029 2971 1473 3042 emphyteusim,
1517 2974 1617 3025 aut
1658 2969 2116 3034 conductionem,
2153 2972 2251 3023 aut

637 3079 978 3134 quocunque
1015 3063 1128 3118 alio
1157 3061 1667 3117 administrationis
1695 3077 1908 3132 genere
1939 3060 2248 3132 possessio-

636 3171 772 3208 nem
786 3171 950 3208 suam
966 3154 1294 3223 hujusmodi
1311 3170 1571 3225 personae
1587 3153 2112 3223 dederit,siquidem
2130 3169 2251 3223 pos—
2270 3181 2324 3255 Ο

637 3246 901 3301 sessionis
919 3246 1184 3300 dominus
1203 3245 1356 3300 novit
1375 3246 1530 3317 quod
1552 3245 1820 3299 haeretica
1843 3245 1992 3298 hanc
2014 3245 2252 3300 commi-

637 3339 793 3404 serit,
825 3355 1028 3392 omnes
1053 3337 1269 3392 reditus
1289 3337 1438 3392 illius
1459 3337 1735 3409 temporis
1765 3337 1919 3407 quod
1939 3337 2252 3392 contractui

635 3431 889 3497 accessit,
932 3430 1168 3484 ecclesia
1202 3429 1446 3484 civitatis
1481 3429 1585 3483 sub
1619 3445 1732 3500 qua
1758 3429 2036 3500 possessio
2069 3429 2254 3499 posita

637 3526 724 3577 est
751 3522 1015 3577 vindicet.
1035 3521 1088 3576 Si
1110 3538 1242 3576 vero
1273 3521 1642 3592 possessionis
1663 3521 1933 3576 dominus
1953 3520 2254 3592 ignorabat

639 3614 793 3684 quod
823 3613 1128 3668 haereticus
1160 3617 1307 3668 esset
1336 3613 1496 3684 cujus
1521 3613 1654 3667 fidei
1685 3613 1832 3667 hanc
1866 3612 2249 3680 commiserat,

635 3707 756 3776 ipse
781 3705 1014 3776 quidem
1041 3706 1112 3759 ob
1140 3705 1528 3775 ignorantiam
1551 3704 1839 3759 indemnis
1865 3707 2250 3770 conservetur,

637 3797 936 3852 haereticus
951 3814 1083 3852 vero
1113 3797 1169 3850 in
1188 3801 1426 3868 utroque
1453 3813 1583 3850 casu
1613 3801 1670 3851 et
1694 3795 2138 3866 possessionibus
2157 3795 2254 3866 eji-

641 3890 842 3955 ciatur,
877 3893 935 3942 et
965 3888 1280 3943 substantia
1308 3889 1431 3958 ejus
1457 3888 1753 3943 addicatur
1770 3889 1924 3942 ﬁsco.

709 3983 859 4037 Sane
887 3980 1341 4052 orphanotrophi
1356 3983 1608 4035 tutorum
1636 3983 1692 4034 et
1707 3985 2033 4034 curatorum
2061 3981 2251 4034 locum

641 4073 968 4126 obtinente:
993 4073 1072 4126 ita
1094 4076 1315 4137 tamen,
1341 4076 1400 4126 ut
1430 4072 1499 4126 de
1523 4073 1688 4126 rebus
1714 4088 1840 4142 quae
1871 4071 1943 4126 ad
1967 4072 2251 4142 orphano-

635 4165 861 4235 trophia
889 4165 973 4217 vel
1007 4164 1368 4234 proprietatis
1381 4165 1511 4232 jure
1545 4164 1618 4218 ad
1645 4164 1797 4234 ipsos
1821 4163 2108 4233 orphanos
2133 4180 2256 4233 per-

639 4253 841 4318 tinent,
867 4251 1040 4305 etiam
1070 4251 1190 4304 sine
1220 4251 1590 4305 satisdatione
1620 4251 1874 4305 actiones
1894 4251 2180 4305 intentent
2199 4255 2258 4304 et

640 4343 942 4415 excipiant.
975 4343 1084 4397 Res
1113 4360 1246 4398 vero
1279 4360 1405 4414 quae
1426 4344 1497 4397 ad
1519 4342 1846 4414 quempiam
1879 4344 2026 4397 forte
2053 4343 2257 4413 orpha-

639 4453 844 4490 norum
877 4435 1163 4506 pertinere
1185 4434 1510 4502 contigerit,
1535 4435 1986 4505 orphanotrophi
2013 4451 2256 4504 praesen-

2340 769 2392 807 ν.
2424 770 2472 808 c.
2503 770 2660 811 CODS.

2863 824 3181 880 NOVELLA
3215 825 3461 879 CXXXII.

2571 918 2820 972 Edictum
2853 917 2919 972 de
2943 918 3069 986 ﬁde,
3100 917 3764 988 Constantinopolitanis.

2414 1009 2764 1080 Praecipuum
2785 1025 3196 1078 summumque
3225 1009 3508 1064 omnibus
3539 1010 3878 1066 hominibus
3899 1014 3980 1069 bo-

2344 1117 2480 1154 num
2511 1117 2630 1155 esse
2659 1101 2945 1156 credimus
2965 1103 3186 1155 rectam
3207 1117 3358 1156 verre
3389 1105 3451 1155 et
3473 1101 3980 1174 irreprehensibilis

2341 1192 2677 1248 Christiana:
2705 1192 2842 1246 ﬁdei
2863 1193 3320 1258 confessionem,
3348 1193 3412 1247 in
3442 1194 3561 1249 hoc
3585 1199 3652 1248 ut
3677 1212 3781 1266 per
3804 1198 3981 1253 omnia

2344 1284 2468 1355 ipsa
2495 1285 2774 1339 valentior
2803 1284 3100 1355 reddatur,
3133 1289 3192 1340 et
3218 1302 3430 1340 omnes
3453 1286 3714 1342 habitati
3746 1289 3892 1343 orbis
3910 1307 3981 1343 re-

2343 1375 2692 1447 ligiosissimi
2738 1377 3062 1432 sacerdotes
3089 1377 3164 1432 ad
3209 1378 3600 1433 concordiam
3639 1381 3978 1451 copulentur,

2345 1471 2403 1522 et
2449 1485 2564 1523 uno
2603 1485 2701 1523 ore
2740 1473 2958 1523 rectam
3005 1469 3484 1524 Christianorum
3519 1471 3902 1542 proﬁteantur
3926 1491 3979 1528 ac

2343 1561 2658 1632 praedicent
2681 1561 2875 1631 fidem,
2918 1566 2976 1615 et
3003 1561 3200 1616 omnis
3229 1561 3304 1616 ab
3329 1562 3638 1618 hiereticis
3679 1565 3980 1636 excogitata

2345 1652 2631 1706 adimatur
2657 1653 2894 1706 occasio.
2933 1653 2992 1706 ld
3035 1653 3194 1724 quod
3223 1671 3293 1707 ex
3325 1639 3704 1710 orationibus
3745 1658 3907 1711 simul
3933 1663 3981 1712 et

2347 1743 2544 1798 edictis
2565 1761 2598 1797 a
2618 1744 2783 1798 nobis
2809 1743 3034 1798 diverso
3065 1750 3336 1816 tempore
3368 1747 3720 1818 perscriptis
3747 1749 3976 1804 ostendi-

2267 1837 2323 1908 B
2349 1841 2456 1890 tur.
2505 1835 2614 1890 Sed
2661 1837 2800 1906 quia
2842 1836 3132 1904 haeretici,
3171 1837 3316 1892 dum
3349 1855 3554 1910 neque
3595 1840 3700 1894 Dei
3739 1842 3982 1896 timorem

2347 1932 2538 1982 mente
2563 1927 2911 1999 concipiunt,
2944 1945 3133 1999 neque
3160 1946 3270 2000 per
3291 1931 3504 2000 legum
3527 1932 3894 1988 severitatem
3918 1933 3986 1987 in-

2347 2018 2678 2075 tcrminatas
2699 2019 3024 2074 istiusmodi
3042 2021 3394 2076 hominibus
3417 2032 3632 2092 pugnas
3653 2028 3918 2094 reputant
3936 2026 3982 2078 in

2345 2111 2628 2178 animo,et
2653 2111 2962 2166 nonnullos
2985 2129 3016 2165 e
3035 2112 3501 2184 simplicioribus
3530 2115 3986 2188 decipiunt,praa-

2347 2205 2436 2257 ter
2453 2220 2672 2257 morem
2695 2207 2906 2258 sancta:
2934 2204 3036 2258 Dei
3056 2205 3364 2261 catholica:
3385 2211 3448 2260 et
3478 2209 3818 2278 apostolicae
3837 2211 3985 2262 eccle-

2348 2295 2444 2348 sia:
2490 2295 2879 2351 conventicula
2929 2299 3104 2366 atque
3155 2296 3528 2368 baptismata
3575 2301 3730 2354 clam
3756 2301 3985 2354 concele-

2347 2386 2532 2454 brant,
2561 2387 2722 2457 pium
2753 2387 3011 2442 arbitrati
3054 2405 3254 2442 sumus
3300 2406 3409 2460 per
3437 2408 3714 2462 praesens
3753 2397 3986 2447 nostrum

2349 2478 2599 2532 edictum
2640 2480 2782 2533 tales
2830 2479 3146 2547 cohortari,
3175 2484 3242 2536 ut
3268 2485 3330 2535 et
3353 2481 3468 2553 ipsi
3503 2483 3582 2537 ab
3616 2483 3886 2539 haeretica
3911 2485 3989 2538 dc-

2349 2571 2556 2624 ciscant
2579 2571 2829 2638 vesania,
2858 2589 3048 2642 neque
3067 2571 3323 2628 aliorum
3351 2573 3598 2630 animas
3624 2594 3732 2648 per
3753 2577 3989 2632 fraudem

2349 2662 2635 2716 deducant
2663 2662 2724 2716 in
2769 2663 3090 2732 interitum,
3125 2665 3227 2720 sed
3266 2667 3474 2738 potius
3502 2668 3584 2722 ad
3632 2672 3886 2724 sanctam
3910 2669 3987 2722 Dei

2346 2757 2644 2809 accurrunt
2675 2755 2996 2823 ecclesiam,
3021 2756 3080 2810 in
3107 2774 3224 2828 qua
3243 2757 3396 2814 nihil
3429 2761 3746 2832 antiquius
3775 2762 3991 2816 habetur

2347 2846 2518 2900 rectis
2548 2846 2932 2917 dogmatibus,
2963 2853 3020 2902 et
3051 2865 3260 2904 omnes
3291 2851 3565 2908 haereses
3593 2870 3733 2909 cum
3763 2854 3988 2925 ipsarum

2349 2938 2587 2992 ducibus
2621 2939 3012 3009 percelluntur
3040 2941 3450 2999 anathemate.
3505 2946 3671 3010 Quin
3727 2946 3993 3002 universos

2347 3031 2612 3085 volumus
2639 3047 2985 3102 cognoscere
3006 3033 3164 3104 quod
3197 3033 3246 3088 si
3278 3035 3351 3090 de
3379 3041 3614 3093 caetero
3645 3038 3990 3094 inveniantur

2349 3121 2524 3194 aliqui
2544 3123 2642 3194 qui
2668 3123 2991 3194 improbata
3013 3141 3178 3180 more
3207 3126 3293 3182 ita
3325 3131 3760 3186 conventicula
3774 3131 3995 3202 agitave-

2350 3214 2484 3284 rint,
2509 3218 2608 3270 aut
2629 3215 2701 3270 ad
2728 3232 2792 3270 ea
2817 3217 3222 3286 convenerint,
3243 3221 3514 3291 amplius
3537 3240 3647 3278 eos
3674 3241 3796 3279 non
3821 3224 3999 3278 tolera-

2349 3305 2560 3374 bimus,
2596 3307 2697 3361 sed
2737 3312 2859 3362 tam
2894 3307 3104 3364 domos
3133 3309 3193 3364 in
3227 3311 3451 3381 quibus
3480 3315 3607 3370 tale
3635 3315 3782 3386 quid
3806 3315 4000 3387 peccati

2351 3401 2738 3469 perpetratum
2752 3399 3150 3456 fueritsancta:
3168 3401 3536 3460 addicemus
3555 3407 3838 3474 ecclesiae,
3852 3423 3997 3478 quam

2351 3489 2420 3544 iis
2479 3490 2578 3560 qui
2627 3491 2706 3546 ita
2752 3507 3022 3562 perverso
3071 3509 3240 3548 more
3291 3499 3728 3554 conventicula
3781 3499 3996 3572 egerint,

2351 3581 2564 3652 quique
2589 3581 2664 3636 ad
2691 3599 2788 3637 eos
2835 3585 3238 3653 convenerint,
3286 3589 3805 3646 constitutionum
3831 3607 3998 3662 poenas

2353 3674 2618 3728 omnibus
2661 3673 2859 3729 inferri
2887 3675 3077 3730 modis
3101 3677 3480 3747 jubebimus.
3519 3683 3660 3740 Dat.
3695 3683 3847 3741 Prid.
3878 3685 3997 3738 Non.

2351 3766 2548 3836 April.,
2579 3765 3040 3839 Constantinop.,
3069 3768 3170 3824 dn.
3196 3771 3554 3830 Justiniano
3587 3777 3700 3831 PP.
3734 3781 3898 3848 Aug,
3924 3776 3999 3830 Ba-

2353 3857 2476 3912 silio
2507 3874 2558 3911 v.
2591 3875 2638 3912 c.
2668 3875 2821 3912 cons.

2857 3973 3178 4030 NOVELLA
3204 3977 3494 4036 CXXXIII.

2433 4065 2507 4118 De
2534 4065 2805 4118 monachis
2831 4069 2882 4119 et
2906 4069 3172 4134 ascetriis,
3207 4073 3258 4124 et
3283 4085 3490 4128 eorum
3522 4079 3944 4132 conversatione.

2425 4156 2741 4225 Imperator
2773 4157 3129 4213 Justinianus
3157 4161 3472 4232 Augustus
3516 4168 3747 4223 Joanni
3775 4166 3998 4222 beatissi-

2355 4261 2452 4300 mo
2481 4246 2930 4318 archiepiscopo.

2425 4337 2685 4393 Solitaria
2714 4339 2826 4395 vita
2851 4344 3023 4412 atque
3052 4343 3116 4397 in
3144 4359 3218 4398 ea
3242 4350 3707 4422 contemplatio
3739 4370 3830 4408 res
3863 4355 4000 4424 plane

2355 4446 2511 4484 sacra
2536 4433 2638 4498 est,
2659 4433 2716 4484 et
2735 4448 2862 4502 quae
2885 4437 3087 4504 suapte
3111 4439 3329 4492 natura
3353 4441 3613 4500 animas
3635 4447 3718 4501 ad
3731 4447 3907 4502 Deum
3933 4443 4004 4498 ad-

636 4528 785 4582 tibus
819 4528 1108 4581 tabulariis
1138 4527 1395 4598 publicis,
1419 4530 1477 4581 et
1491 4525 1594 4580 sub
1622 4531 1876 4581 actorum
1896 4526 2330 4600 publicorumI)
2353 4521 2538 4588 ducat,
2570 4537 2756 4592 neque
2788 4523 2857 4578 iis
2884 4526 3110 4580 tantum
3151 4527 3253 4598 qui
3285 4545 3435 4587 eam
3479 4533 3766 4592 incolunt
3787 4552 4001 4594 commo-

638 4620 1016 4682 confectione,
1062 4625 1180 4674 tam
1228 4619 1283 4674 in
1317 4619 1475 4690 regia
1504 4617 1728 4673 civitate
1763 4619 1916 4690 apud
1947 4619 2253 4684 magistros

638 4729 840 4768 census
861 4729 1033 4782 quam
1069 4712 1124 4764 in
1155 4711 1455 4782 provinciis
1476 4711 1627 4780 apud
1649 4727 1847 4765 earum
1869 4711 2137 4782 prtesides
2157 4716 2256 4766 aut

638 4806 892 4859 locorum
915 4803 1244 4858 defensores
1266 4803 1553 4873 capiunto,
1577 4808 1631 4856 et
1651 4803 1924 4872 orphanis
1945 4807 2250 4870 reservato,

635 4901 732 4952 aut
758 4896 897 4950 alias
930 4913 1020 4949 res
1052 4895 1107 4950 in
1143 4895 1372 4948 illarum
1407 4896 1594 4948 locum
1627 4898 2023 4964 comparanto.
2053 4895 2166 4948 Sed
2197 4899 2254 4949 et

635 4989 966 5042 tutelaribus
995 5005 1058 5041 ac
1108 4986 1407 5041 curatoriis
1451 4985 1765 5040 rationibus
1805 4990 1971 5040 sunto
2003 4986 2248 5040 obnoxii.

635 5080 963 5137 Conservari
980 5083 1172 5134 autem
1184 5079 1451 5149 jubemus
1463 5078 1772 5133 venerabili
1791 5079 2252 5148 ophanotropho—

637 5172 810 5241 regiae
833 5173 1005 5237 urbis,
1021 5175 1079 5224 et
1100 5171 1306 5226 xenoni
1324 5175 1531 5224 sancta:
1554 5170 1838 5224 memoriae
1855 5170 2247 5240 Sampsorum,

639 5269 696 5316 et
722 5263 946 5334 hisquaa
969 5264 1090 5332 ejus
1111 5263 1522 5334 dispensationi
1550 5263 1788 5317 subsunt
1806 5263 2064 5316 oratoriis
2081 5269 2250 5333 atque

639 5354 1025 5421 xcnodochiis,
1046 5359 1145 5410 aut
1170 5356 1292 5410 aliis
1318 5355 1733 5409 venerabilibus
1759 5354 2025 5408 domibus
2055 5355 2250 5409 omnia

640 5444 954 5514 privilegia,
979 5462 1104 5516 quae
1123 5447 1353 5516 quidem
1379 5452 1720 5502 sacrosancta
1743 5447 1919 5514 major
1944 5447 2248 5502 Constanti-

636 5538 954 5606 nopolitana
997 5537 1154 5592 habet
1188 5540 1424 5594 ecclesia.
1467 5539 1595 5604 Qua
1620 5542 1787 5606 igitur
1807 5555 1908 5608 per
1937 5545 2252 5608 praesentem

635 5631 803 5700 legem
822 5631 879 5682 in
903 5635 1215 5698 perpetuum
1239 5632 1532 5686 valituram
1560 5637 1746 5686 nostra
1771 5633 1957 5686 sanxit
1975 5632 2248 5699 tranquil-

635 5723 785 5782 litas.
809 5726 904 5776 tua
921 5721 1172 5776 celsitudo
1199 5723 1386 5777 edictis
1412 5724 1716 5778 solemniter
1743 5726 1800 5776 iu
1824 5723 1924 5776 hac
1953 5725 2103 5790 regia
2122 5724 2250 5778 urbe

629 5815 944 5888 propositis,
964 5813 1038 5867 ad
1061 5816 1290 5869 omnium
1312 5813 1524 5869 studeat
1543 5817 1824 5883 pervenire
1850 5816 2115 5870 notitiam.
2140 5817 2247 5870 Nos

2355 4613 2466 4680 det,
2496 4613 2593 4668 sed
2631 4613 2805 4668 etiam
2839 4617 3114 4672 omnibus
3145 4619 3274 4674 aliis
3320 4625 3612 4693 puritate
3659 4648 3766 4686 sua
3804 4636 3860 4686 et
3881 4627 4000 4700 apud

2353 4706 2532 4758 Dcum
2553 4705 3020 4776 interpellatione
3041 4715 3510 4782 competentem
3537 4721 3618 4775 de
3645 4739 3711 4777 se
3737 4723 3998 4778 utilitatem

2351 4797 2622 4868 praebeat.
2651 4798 2810 4852 Unde
2839 4803 2897 4854 et
2931 4801 3070 4856 olim
3105 4819 3178 4858 ea
3205 4821 3300 4860 res
3335 4807 3826 4882 imperatoribus
3849 4813 4000 4869 studio

2354 4889 2678 4955 fuithabita,
2693 4894 2747 4944 et.
2765 4907 2871 4946 nos
2893 4909 3009 4948 non
3027 4910 3205 4964 pauca
3221 4896 3297 4952 de
3319 4899 3644 4972 dignitate
3659 4912 3723 4962 et
3741 4908 3998 4963 honestate

2353 4997 2552 5036 eorum
2579 4983 2798 5052 legibus
2819 4986 3103 5056 complexi
3123 5005 3354 5044 sumus.
3392 4994 3745 5067 Sequimur
3769 4999 3912 5054 enim
3934 5013 3998 5050 SH-

2353 5073 2565 5156 crosin
2587 5074 2694 5128 hoc
2722 5092 2976 5131 canones
3003 5081 3062 5133 et
3091 5085 3332 5137 sanctos
3353 5087 3584 5144 Patres
3615 5093 3723 5162 qui
3745 5094 3860 5146 haec
3883 5104 4000 5143 com-

2351 5165 2783 5236 prehenderunt
2800 5169 3042 5239 legibus,
3062 5173 3587 5246 quandoquidem
3620 5184 3770 5240 nihil
3786 5201 3891 5240 non
3909 5197 4000 5252 per-

2351 5256 2502 5311 vium
2526 5258 2598 5312 ad
2619 5259 3050 5329 inquisitionem
3069 5265 3376 5335 majestati
3391 5273 3998 5348 existitimperatoria.

2352 5365 2476 5420 quae
2502 5367 2876 5408 communem
2915 5353 2973 5408 in
3000 5371 3210 5412 omnes
3242 5360 3542 5422 homines
3571 5369 3998 5426 moderationem

2353 5446 2408 5496 et
2438 5441 2818 5514 principatum
2840 5463 2873 5499 a
2900 5447 3014 5500 Deo
3045 5449 3320 5522 percipit.
3347 5458 3446 5512 Ac
3471 5459 3892 5533 descripsimus
3906 5457 3996 5530 qui-

2351 5537 2484 5591 dem
2497 5538 2618 5608 jam
2649 5541 3121 5598 constitutionem
3156 5563 3296 5616 quae
3323 5554 3466 5609 vult
3495 5563 3566 5612 ut
3589 5558 3884 5622 monachi,
3911 5552 3998 5610 etsi

2349 5645 2556 5699 magno
2577 5631 2950 5688 continentur
2969 5652 3247 5706 numero,
3263 5647 3632 5705 secundum
3659 5653 3902 5706 formam
3923 5663 3996 5700 ωδ·

2350 5721 2653 5776 nobiorum
2681 5724 2766 5794 (ut
2791 5727 3104 5796 appellant)
3121 5729 3182 5784 in
3208 5748 3566 5797 commune
3589 5743 3778 5800 vitam
3807 5741 3995 5812 degant.

2347 5831 2531 5887 neque
2541 5816 2799 5888 proprias
2812 5818 3064 5877 habeant
3071 5826 3724 5912 possessiones,peque
3739 5853 3872 5910 opes
3880 5847 3996 5890 acat-
