4088 6490
217 404 358 470 1043

999 413 1358 470 JUSTINIANI
1397 415 1726 471 NUV‘ELLzE
1771 415 2102 471 SELECTJS.
2143 417 2450 476 NOVELLA
2488 416 2755 475 CXXXIII.

3462 425 3596 483 1046

211 521 824 595 mulent,nequeclam
839 523 1068 578 testibus
1083 525 1292 594 vivant,
1307 526 1471 580 sedet
1485 526 1864 580 communiter
1883 524 2169 607 Aversari
2213 525 2432 593 sinant,
2471 527 2570 598 qui
2607 527 2838 599 quidem
2877 544 2949 584 ne
2987 527 3590 598 reverendissimorum

209 613 413 668 cibum
437 617 696 686 capiant,
715 619 772 672 et
787 616 848 671 in
867 618 1292 673 communiloco
1306 618 1532 684 cubent,
1547 623 1602 673 et
1614 617 1864 690 undique

207 706 357 762 bene
369 710 760 781 compositam
788 717 1207 783 persequantur
1229 712 1422 778 vitam,
1447 715 1729 783 testesque
1753 711 1865 767 sint

205 801 462 858 invicem
477 808 704 859 mutuae
724 805 1047 873 honestatis;
1066 804 1384 876 etjuniores
1403 810 1765 860 revereantur
1775 821 1862 860 ca-

212 885 419 952 nitiem
437 913 650 953 eorum
669 898 772 970 qui
788 898 894 954 ista
913 897 1242 970 inspiciunt,
1259 913 1677 968 nonnunquam
1688 899 1860 954 etiam

207 989 411 1046 dedita
424 1007 612 1062 opera
625 992 976 1064 capessantvi
983 991 1168 1063 gilias,
1185 997 1251 1047 ut
1259 1008 1332 1047 ne
1344 991 1402 1046 in
1413 1007 1610 1046 somno
1629 992 1862 1063 quidem

206 1083 428 1156 aliquid
459 1085 933 1157 intempestivum
976 1089 1076 1142 aut
1121 1090 1284 1156 turpe
1323 1085 1394 1140 de
1437 1103 1495 1141 se
1541 1085 1665 1139 aliis
1691 1085 1862 1141 edant

142 1233 155 1254 ‘
207 1179 630 1248 spectaculum,
650 1179 748 1234 sed
769 1178 1008 1251 quisque
1025 1195 1130 1250 pro
1148 1195 1207 1234 se
1227 1179 1582 1234 honestatem
1597 1179 1685 1234 vel
1709 1179 1860 1234 inter

208 1270 634 1327 dormiendum
676 1277 988 1328 conservet.
1033 1274 1178 1328 Cum
1215 1288 1347 1326 vero
1382 1271 1669 1342 quaepiam
1695 1271 1858 1327 nobis

207 1364 644 1435 renuntientnr,
671 1381 798 1436 quae
825 1369 882 1421 et
905 1366 1118 1436 majore
1145 1382 1281 1420 cura
1307 1365 1480 1436 digna
1505 1363 1646 1434 sint,
1673 1369 1730 1420 et
1756 1365 1854 1420 tir-

207 1457 395 1511 miore
426 1457 564 1529 lege
593 1457 907 1530 indigeant,
937 1458 1140 1513 merito
1163 1458 1236 1513 ad
1269 1461 1609 1529 praesentem
1634 1457 1852 1528 legisla-

210 1550 430 1604 tionem
463 1551 544 1605 ad
567 1550 720 1606 illius
742 1551 1147 1621 perfectionem
1168 1555 1226 1606 et
1253 1551 1712 1622 supplementum
1733 1567 1857 1622 per-

208 1643 498 1712 venimus,
541 1659 650 1714 per
704 1660 876 1714 quam
929 1643 1216 1698 sancimus
1269 1648 1336 1698 ut
1384 1643 1573 1698 nullus
1619 1643 1852 1700 omnino

209 1736 516 1807 propriam
573 1735 985 1792 habitationem
1039 1737 1260 1806 habeat,
1299 1752 1486 1806 neque
1539 1736 1727 1807 aliqua
1771 1736 1854 1807 (ut

209 1829 555 1900 appellatur)
589 1829 788 1884 cellula
811 1829 884 1884 sit
907 1829 968 1884 in
994 1829 1340 1884 monasterio
1358 1829 1465 1895 his,
1479 1829 1576 1899 qui
1595 1829 1666 1884 ad
1681 1829 1852 1884 vitam

1962 618 2372 674 monachorum
2391 619 2610 675 sincera
2630 637 2694 676 ac
2706 627 2858 676 recta
2874 627 3101 678 maneat
3117 625 3308 695 Opinio
3324 627 3591 686 efﬁciant.

1962 712 2091 768 Esto
2115 715 2309 766 autem
2339 713 2748 768 monasterium
2778 714 2908 770 forti
2936 732 3102 771 muro
3129 717 3591 792 circumseptum,

1959 819 2034 857 ne
2065 803 2192 874 quis
2222 804 2336 858 alia
2353 809 2513 876 parte
2539 803 2724 860 exitus
2742 807 2816 862 sit
2831 823 3003 879 quam
3022 827 3125 880 per
3143 815 3349 880 portas.
3371 813 3588 869 Deinde

1961 897 2020 950 et
2044 896 2092 950 si
2113 897 2349 952 ecclesia
2371 898 2430 952 in
2458 899 2800 954 monasterio
2829 917 2944 955 non
2969 902 3060 971 sit,
3089 920 3275 976 neque
3292 905 3370 960 sic
3396 911 3588 964 tamen

1957 987 2195 1044 licenter
2212 993 2492 1060 praetextu
2512 991 2878 1048 ecclesiarum
2899 995 3285 1066 egrediantur,
3300 1002 3399 1053 aut
3416 999 3589 1056 etiam

1959 1079 2437 1138 deambulationes
2465 1084 2579 1138 illic
2614 1085 2838 1154 faciant,
2864 1093 2921 1142 et
2947 1105 3079 1143 cum
3103 1089 3388 1160 aliquibus
3408 1092 3585 1147 collo-

1957 1178 2206 1244 quantur
2229 1175 2436 1246 quibus
2464 1193 2595 1232 cum
2618 1194 2733 1233 non
2759 1179 2936 1249 decet,
2961 1181 3059 1236 sed
3083 1186 3339 1254 tempore
3358 1184 3588 1256 quidem

1957 1267 2100 1322 sacri
2126 1267 2424 1323 ministerii
2453 1286 2568 1324 una
2590 1286 2720 1325 cum
2746 1273 3004 1342 praesule,
3027 1279 3084 1330 et
3103 1275 3444 1346 primoribus
3464 1279 3588 1350 ejus

1955 1376 2021 1415 ac
2050 1363 2215 1416 astate
2243 1361 2519 1432 provectis
2552 1362 2650 1417 illo
2686 1365 3014 1421 accedunto.
3053 1367 3356 1423 Ministerio
3397 1374 3588 1428 autem

1955 1453 2206 1524 impleto,
2240 1453 2520 1526 quidquid
2565 1451 2975 1514 monachorum
3017 1463 3120 1528 est,
3161 1478 3356 1516 omnes
3384 1465 3444 1518 in
3471 1481 3586 1521 coe-

1953 1545 2190 1600 nobium
2218 1545 2408 1601 denuo
2435 1549 2770 1618 concedant,
2801 1553 2859 1605 et
2888 1550 2966 1606 ibi
2985 1551 3288 1622 resideant,
3307 1555 3590 1628 simulque

1951 1655 2229 1710 magnum
2260 1639 2434 1694 Deum
2460 1641 2718 1710 precibus
2742 1643 3001 1714 fatigent,
3025 1650 3081 1699 et
3117 1662 3408 1702 sacrarum
3437 1649 3585 1704 Scri-

1949 1736 2250 1804 pturarum
2278 1732 2504 1788 lectioni
2528 1733 2879 1790 incumbant.
2902 1738 3108 1807 Ingens
3125 1739 3280 1793 enim
3297 1757 3586 1798 sacrorum

1950 1824 2267 1880 istiusmodi
2285 1825 2560 1880 librorum
2584 1827 2774 1882 existit
2795 1828 3020 1898 chorus,
3045 1834 3100 1884 et
3128 1832 3275 1901 potis
3296 1838 3379 1888 est
3397 1834 3586 1904 cujus-

208 1923 270 1976 in
298 1922 788 1994 contemplatione
819 1926 877 1977 et
899 1922 1090 1994 quiete
1139 1922 1542 1976 traducendam
1579 1939 1696 1976 uno
1733 1925 1849 1976 for-
1871 1887 1928 1960 B
1951 1933 2064 1988 que
2087 1917 2345 1972 animum
2371 1919 2696 1988 emendare,
2738 1937 2804 1974 ac
2841 1921 3012 1976 sacris
3036 1921 3275 1994 irrigore
3301 1925 3537 1998 eloquiis
3566 1943 3582 1983 :

207 2019 262 2070 te
291 2019 392 2070 aut
421 2015 652 2070 duobus
677 2018 913 2070 utantur
947 2015 1250 2081 ministris;
1281 2015 1377 2070 sed
1406 2014 1636 2069 tametsi
1659 2015 1853 2086 plures

209 2109 314 2162 viri
341 2109 482 2176 sint,
501 2107 880 2164 nihilominus
912 2108 1112 2164 unicus
1142 2108 1397 2178 ipsorum
1425 2107 1497 2163 sit
1521 2113 1850 2178 conventus,

208 2201 323 2256 sive
341 2205 681 2272 precentur,
711 2201 827 2256 sive
857 2205 1078 2256 naturae
1101 2217 1273 2272 opera
1295 2201 1520 2268 faciant,
1554 2217 1682 2272 quae
1715 2201 1854 2256 citra

209 2295 720 2365 reprehensionem
730 2297 921 2350 tamen
937 2297 994 2350 et
1004 2293 1215 2365 absque
1226 2293 1511 2348 calumnia
1518 2293 1848 2348 consistunt:

207 2393 262 2441 et
288 2393 408 2442 tam
439 2386 828 2442 communiter
862 2386 946 2456 (ut
985 2386 1198 2441 dictum
1241 2385 1344 2456 est)
1383 2385 1572 2440 cibum
1605 2385 1847 2456 capiant,

208 2497 381 2551 quam
393 2479 788 2535 communiter
802 2479 1108 2546 dormiant,
1127 2479 1175 2534 si
1191 2479 1358 2534 modo
1371 2482 1526 2532 tanta
1545 2479 1850 2534 multitudo

208 2573 280 2628 sit
303 2589 485 2644 quam
509 2589 635 2628 una
659 2571 860 2626 domus
887 2572 1062 2642 possit
1077 2588 1297 2642 capere,
1315 2571 1538 2641 alioque
1558 2571 1688 2626 duae
1704 2572 1850 2626 forte

208 2671 306 2721 aut
331 2671 448 2720 tres
480 2666 692 2721 domus
717 2665 964 2720 existant
985 2681 1115 2736 quae
1141 2664 1295 2735 ipsos
1322 2664 1616 2734 recipiant.
1648 2664 1848 2718 Nullus

207 2762 400 2813 autem
416 2759 660 2813 omnino
673 2757 987 2830 quidquam
1011 2757 1216 2812 habeat
1239 2755 1472 2827 proprii,
1500 2755 1597 2810 sed
1627 2756 1727 2811 diu
1751 2771 1849 2811 no-

209 2856 416 2923 ctuque
443 2851 504 2906 in
541 2866 848 2906 commune
887 2849 1062 2915 vivat,
1099 2853 1156 2904 et
1182 2852 1378 2904 noctes
1407 2847 1669 2903 eamdem
1698 2848 1848 2904 inter

205 2942 354 3014 ipsos
411 2961 546 2999 cum
603 2943 802 2999 diebus
837 2943 1086 2998 habeant
1131 2941 1598 2997 observationem.
1653 2941 1845 3012 Neque

207 3037 358 3091 enim
379 3053 614 3109 semper
632 3053 832 3092 omnes
852 3035 1162 3102 dormiunt,
1184 3034 1281 3088 sed
1290 3018 1743 3089 manifestarium
1761 3037 1846 3088 est

205 3130 354 3200 quod
382 3129 525 3185 dum
551 3129 618 3184 hi
642 3127 974 3184 dormiendo
1003 3126 1260 3198 occupati
1285 3131 1446 3194 sunt,
1476 3125 1554 3180 illi
1582 3127 1841 3198 vigilant,

1953 2026 2080 2081 quia
2107 2010 2153 2064 si
2180 2010 2446 2066 continue
2473 2011 2686 2083 legant,
2713 2028 2828 2067 non
2857 2030 3110 2086 unquam
3133 2017 3460 2088 erraverint,
3479 2035 3580 2076 ne-

1951 2118 2063 2174 que
2091 2103 2162 2157 ad
2190 2103 2470 2159 humanas
2499 2105 2836 2161 delabentur
2860 2107 3288 2165 sollicitudines.
3321 2112 3494 2167 Porro
3519 2113 3582 2168 in

1951 2199 2305 2251 sacrosancta
2357 2197 2608 2265 ecclesia,
2641 2215 2770 2270 quas
2815 2199 2874 2254 in
2921 2202 3268 2257 monasterio
3313 2205 3584 2276 consistit,

1951 2293 2197 2359 quatuor
2219 2294 2318 2343 aut
2342 2290 2594 2362 quinque
2621 2307 2689 2346 ex
2719 2291 2917 2348 eadem
2950 2293 3243 2350 mansione
3269 2312 3432 2351 senes
3449 2297 3582 2368 sint,

1949 2381 2154 2451 quibus
2180 2381 2366 2436 omnis
2386 2382 2512 2452 jam
2539 2383 2836 2440 difﬁcultas
2879 2385 2939 2440 in
2981 2391 3174 2442 sancta
3208 2387 3304 2442 illa
3349 2390 3476 2445 vitae
3519 2407 3584 2446 ac

1948 2472 2082 2528 ﬁdei
2112 2473 2465 2529 institutione
2506 2482 2773 2546 superata
2797 2481 2920 2544 est,
2951 2483 3009 2532 et
3039 2479 3138 2549 qui
3167 2481 3584 2538 ordinationem

1947 2565 2008 2620 in
2037 2566 2189 2622 clero
2209 2572 2564 2634 meruerunt,
2598 2569 3059 2639 presbyterorum
3084 2571 3248 2641 forte,
3275 2574 3363 2629 vel
3390 2574 3578 2630 diaco-

1946 2675 2172 2734 norum,
2197 2659 2288 2714 vel
2316 2659 2559 2717 aliorum
2589 2660 2854 2732 deinceps
2880 2663 3125 2734 gradum
3160 2669 3417 2722 tenentes
3446 2685 3460 2722 :
3491 2673 3578 2724 at-

1945 2732 2056 2822 que
2083 2751 2144 2806 hi
2163 2752 2502 2806 adeuntibus
2529 2752 2619 2807 sui
2638 2753 2858 2824 copiam
2883 2732 3114 2822 faciant,
3144 2763 3202 2812 et
3229 2758 3301 2812 de
3325 2759 3580 2832 Scriptu-

1943 2845 2021 2898 ris
2049 2845 2252 2899 sanctis
2281 2845 2613 2916 exquisitius
2641 2847 3195 2919 sermocinabuntur,
3221 2851 3582 2924 efficientque

1946 2942 2008 2991 ut
2029 2937 2124 2991 alii
2151 2953 2350 2992 omnes
2388 2937 2524 2992 tales
2553 2941 2910 3010 reputentur,
2950 2940 3118 2996 simul
3148 2959 3366 2998 sacram
3392 2963 3576 3001 asser-

1942 3034 2140 3085 vantes
2176 3031 2378 3098 eadem,
2419 3031 2591 3084 simul
2639 3031 3002 3102 juventutem
3039 3033 3467 3092 insolescentem
3520 3041 3580 3094 et

1941 3121 2216 3176 terminos
2240 3139 2369 3176 suos
2395 3123 2594 3194 egredi
2618 3123 2904 3178 volentem
2928 3125 2988 3181 in
3017 3127 3308 3183 tolerantia
3332 3129 3580 3186 retinen-

207 3226 263 3275 et
290 3237 526 3292 prorsus
552 3221 784 3292 quidam
807 3219 1158 3276 dormientes
1182 3217 1510 3288 inspiciunt.
1535 3218 1838 3286 Caeterum,
1861 3243 1916 3318 Ο
1940 3218 2044 3269 tes.
2073 3215 2196 3269 Non
2225 3214 2580 3286 ingredietur
2605 3221 2797 3272 autem
2827 3218 3060 3274 omnino
3082 3236 3269 3291 neque
3291 3222 3498 3278 mulier
3519 3223 3579 3279 in

203 3313 248 3366 si
279 3329 407 3384 qua
427 3313 922 3380 habitatiunculae,
953 3327 1052 3367 seu
1084 3310 1301 3366 cellulae
1328 3310 1388 3364 in
1413 3309 1532 3364 ullo
1560 3315 1840 3364 monaste-

202 3407 416 3461 riorum
441 3406 683 3473 fuerint,
714 3405 820 3460 sub
851 3403 1105 3476 generali
1130 3403 1302 3474 hujus
1331 3402 1538 3474 ampla:
1557 3401 1714 3456 urbis
1737 3419 1839 3472 pa-

201 3498 468 3568 triarcha,
496 3499 618 3554 sive
650 3499 707 3553 in
735 3498 859 3567 ejus
884 3496 1162 3566 conﬁniis,
1193 3501 1292 3550 aut
1309 3495 1413 3549 sub
1433 3495 1723 3550 sanctitate
1743 3499 1842 3549 tua

202 3591 660 3659 constitutorum,
689 3589 805 3644 sive
836 3606 871 3644 a
908 3589 1072 3644 nobis
1101 3588 1235 3658 ipsis
1259 3589 1662 3642 aadiﬁcatorum
1683 3628 1696 3654 ,
1724 3586 1840 3642 sive

201 3683 268 3738 ab
285 3683 428 3752 aliis,
446 3685 622 3739 hasce
639 3699 836 3738 omnes
854 3682 1126 3736 omnibus
1144 3681 1328 3735 modis
1350 3679 1694 3744 demoliaris,
1709 3696 1839 3750 ape-

201 3775 424 3846 riesque
444 3777 586 3849 ipsis
607 3779 874 3830 mutuum
905 3775 1056 3829 inter
1077 3791 1136 3828 se
1157 3776 1472 3844 aspectum,
1500 3777 1566 3826 ut
1593 3789 1721 3842 quae
1751 3771 1833 3826 vi-

199 3869 382 3924 cissim
409 3870 564 3926 inter
592 3869 744 3940 ipsos
773 3871 1071 3940 geruntur,
1113 3882 1310 3920 omnes
1343 3866 1691 3920 intueantur.
1723 3865 1838 3921 Cur

199 3959 349 4015 enim
383 3962 618 4016 tandem
647 3961 753 4016 hoc
781 3975 952 4031 agere
989 3962 1375 4024 revereantur,
1417 3956 1516 4028 qui
1557 3957 1732 4042 semel
1775 3973 1833 4012 se

199 4053 305 4108 Deo
331 4055 688 4120 dedicarunt,
730 4058 788 4108 et
823 4067 1052 4106 omnem
1077 4050 1408 4122 p0pularem
1449 4049 1830 4104 conversatio-

198 4160 326 4200 nem
370 4146 559 4201 valere
602 4144 934 4216 jusserunt?
975 4146 1156 4214 Atque
1198 4143 1307 4196 hoc
1347 4141 1582 4212 quidem
1627 4157 1691 4194 ea
1730 4141 1830 4196 ﬁni

197 4237 469 4304 obtinere,
504 4243 624 4292 tam
656 4237 762 4291 hoc
787 4241 1048 4307 tempore
1073 4251 1244 4306 quam
1281 4233 1340 4288 in
1365 4249 1534 4288 omne
1563 4232 1831 4304 deinceps

197 4345 379 4384 aevum
404 4331 688 4398 volumus,
715 4329 872 4384 nullo
905 4329 989 4397 (ut
1032 4328 1244 4383 dictum
1273 4329 1372 4396 est)
1407 4325 1698 4397 propriam
1723 4327 1825 4380 ha-

195 4420 528 4477 bitationem
553 4422 817 4490 habente,
847 4421 945 4475 sed
968 4419 1231 4476 omnibus
1271 4419 1328 4472 in
1369 4435 1550 4473 unum
1586 4435 1826 4490 congre-

199 4514 413 4582 gandis,
439 4520 498 4570 et
526 4531 656 4586 quze
683 4513 924 4568 vicissim
962 4513 1113 4568 inter
1136 4511 1282 4582 ipsos
1309 4514 1582 4582 gerantur
1607 4515 1824 4582 specta-

1943 3307 2356 3362 monasterium
2385 3307 2659 3378 virorum,
2705 3325 2892 3381 neque
2929 3311 3016 3366 vir
3056 3312 3118 3366 in
3161 3314 3460 3382 muliebre,
3491 3317 3581 3371 vel

1939 3398 2174 3454 obtentu
2217 3399 2508 3454 memoriae
2561 3400 2813 3456 defuncti
2861 3401 2974 3457 illic
3023 3405 3321 3474 reconditi,
3367 3407 3454 3462 vel
3499 3407 3572 3462 ob

1937 3490 2111 3545 aliam
2131 3508 2380 3545 causam.
2414 3493 2480 3547 Et
2507 3493 2753 3548 maxime
2783 3493 2829 3548 si
2859 3494 2986 3565 quis
3012 3494 3251 3550 fratrem
3274 3498 3439 3565 forte,
3473 3501 3574 3554 aut

1938 3599 2211 3653 sororem,
2243 3587 2342 3638 aut
2370 3584 2705 3656 quempiam
2733 3601 2806 3640 ex
2843 3602 3050 3657 genere
3079 3587 3394 3658 conjunctis
3423 3606 3482 3645 se
3509 3591 3570 3646 in

1935 3675 2278 3730 monasterio
2303 3676 2513 3731 habere
2551 3677 2716 3732 dicat.
2759 3679 3038 3733 Monachis
3073 3681 3284 3736 etenim
3311 3683 3572 3754 cognatio

1935 3767 1996 3821 in
2022 3772 2175 3823 terra
2194 3785 2307 3823 non
2331 3773 2435 3836 est,
2457 3774 2654 3841 utpote
2675 3769 2774 3842 qui
2793 3771 3074 3826 caelestem
3095 3773 3265 3828 vitam
3283 3775 3564 3832 affectent.

1933 3861 2075 3926 Quid
2105 3861 2257 3916 enim
2286 3863 2520 3916 omnino
2545 3863 2775 3918 tandem
2802 3863 3054 3919 volentes
3081 3865 3415 3937 huiusmodi
3443 3868 3566 3922 adi-

1932 3953 2114 4008 tiones
2136 3953 2369 4021 faciunt,
2397 3954 2505 4008 nisi
2535 3954 2582 4009 si
2624 3956 2760 4026 quid
2803 3960 3130 4028 perpetrare
3170 3959 3344 4013 velint
3369 3976 3565 4016 rerum

1930 4045 2379 4117 interdictarum,
2413 4063 2544 4102 cum
2574 4052 2632 4102 et
2662 4065 2728 4103 ea
2768 4066 2896 4122 quae
2924 4050 3072 4104 viros
3096 4051 3317 4121 decent,
3345 4052 3481 4107 viris
3504 4053 3563 4108 in

1930 4139 2188 4194 virorum
2224 4140 2584 4195 monasteriis
2621 4141 2873 4208 efficere,
2922 4145 2980 4198 et
3016 4143 3387 4199 consimiliter
3435 4163 3564 4218 qua;

1928 4233 2262 4288 mulieribus
2287 4233 2559 4288 attributa
2582 4239 2716 4289 sunt
2742 4235 3073 4292 mulieribus
3097 4236 3262 4292 liceat
3285 4237 3344 4292 in
3369 4239 3567 4294 mulie-

1925 4325 2126 4380 bribus
2161 4327 2523 4382 monasteriis
2562 4343 2833 4400 peragere
2852 4329 2880 4384 ?
2921 4329 3077 4385 nullo
3111 4331 3272 4385 alteri
3295 4332 3560 4403 admisto,

1917 4429 2115 4490 neque
2135 4419 2184 4473 si
2201 4419 2395 4486 frater,
2418 4423 2518 4474 aut
2537 4436 2713 4490 soror,
2743 4426 2843 4476 aut
2873 4421 3019 4477 alius
3039 4429 3314 4494 cognatus
3332 4441 3452 4479 esse
3472 4425 3560 4480 di-

1927 4515 2104 4566 catur.
2127 4511 2318 4582 Neque
2337 4511 2491 4566 enim
2513 4529 2618 4583 per
2635 4513 2785 4568 hanc
2803 4530 3027 4568 causam
3045 4515 3260 4569 aditum
3287 4515 3426 4586 ipsis
3455 4535 3559 4587 pa-

195 4605 352 4660 turis.
385 4608 532 4662 lllud
561 4606 716 4662 enim
759 4610 997 4673 constat,
1037 4605 1189 4677 quod
1231 4603 1506 4674 ejusmodi
1553 4620 1824 4675 peragere
1842 4601 1902 4674 D
1923 4603 2586 4658 tereconcedimus.Nam
2605 4605 2651 4659 si
2672 4605 2791 4676 ipsa
2810 4607 3236 4677 praeciderimus
3253 4607 3554 4679 principia,

194 4697 496 4756 studebant
515 4716 642 4772 qua;
660 4699 915 4770 undique
935 4698 1376 4768 reprehensione
1395 4701 1642 4752 careant.
1664 4690 1822 4760 Quod

192 4786 236 4840 si
260 4789 386 4859 quis
413 4809 596 4864 usque
627 4792 768 4847 adeo
804 4790 1115 4862 impudens
1153 4789 1306 4844 visus
1348 4789 1474 4858 erit,
1523 4795 1586 4844 ut
1628 4789 1823 4844 conari

190 4881 391 4938 audeat
415 4885 736 4957 transgredi
754 4900 821 4938 ea
839 4900 968 4956 quae
985 4883 1111 4954 lege
1136 4882 1494 4954 promulgata
1521 4886 1672 4950 sunt,
1698 4881 1822 4937 haec

190 4973 451 5031 solitariae
514 4976 824 5032 mansionis
889 4976 1094 5047 praesul
1155 4975 1497 5030 examinato.
1551 4974 1822 5029 Volumus

189 5065 339 5122 enim
352 5074 415 5124 ut
430 5069 535 5125 ista
558 5077 748 5125 nostra
768 5069 1083 5124 observatio
1104 5069 1432 5140 diligentius
1452 5068 1816 5124 custodiatur.

191 5156 256 5211 Et
277 5160 530 5229 primum
561 5163 812 5234 quidem,
843 5179 916 5216 ne
940 5161 1348 5216 monasterium
1375 5161 1584 5216 multos
1613 5160 1821 5216 habeat

187 5249 388 5322 aditus,
417 5256 514 5309 sed
545 5273 724 5311 unum
749 5259 996 5324 tantum,
1019 5257 1120 5308 aut
1143 5254 1284 5309 duos
1307 5253 1474 5309 forte.
1510 5256 1576 5310 Et
1603 5258 1668 5309 ut
1693 5271 1820 5324 por-

190 5342 260 5395 ιω
287 5345 551 5403 assistant
589 5349 690 5403 viri
723 5353 889 5404 aetate
921 5364 1137 5419 graves,
1171 5355 1228 5402 et
1271 5347 1434 5416 casti,
1481 5364 1666 5418 neque
1705 5363 1818 5402 non

189 5437 444 5494 omnium
463 5441 785 5497 testimonio
805 5440 1178 5512 comprobati,
1201 5439 1299 5512 qui
1333 5457 1516 5512 neque
1549 5441 1696 5512 ipsos
1725 5457 1815 5496 re-

191 5531 619 5590 verendissimos
632 5535 938 5590 monachos
959 5532 1292 5604 permittant
1306 5533 1423 5588 sine
1439 5533 1696 5605 praesulis
1717 5550 1814 5588 vo-

191 5616 400 5678 luntate
424 5629 766 5683 monasterio
795 5625 989 5698 egredi
1013 5666 1028 5693 ,
1061 5625 1158 5680 sed
1187 5625 1342 5680 intus
1369 5642 1464 5680 eos
1491 5626 1818 5681 contineant

195 5713 255 5765 ut
278 5728 342 5768 ea
367 5732 494 5788 quae
519 5719 699 5774 Deum
718 5723 1067 5775 concernunt
1083 5718 1432 5790 perquirant,
1449 5734 1554 5772 nec
1579 5719 1812 5790 seipsos,

192 5803 544 5882 actionesque
573 5829 637 5867 ac
674 5812 858 5867 studia
906 5828 1008 5866 sua
1049 5827 1084 5866 a
1125 5811 1238 5866 Deo
1275 5809 1578 5880 divellant;
1632 5827 1816 5883 neque

196 5894 331 5952 alios
353 5903 670 5976 quospiam,
687 5905 776 5960 vel
793 5903 1062 5974 interdiu,
1079 5905 1167 5962 vel
1186 5909 1358 5961 noctu
1392 5903 1450 5960 in
1476 5905 1815 5962 monasterio

1923 4700 1978 4750 et
1995 4711 2266 4762 errorem,
2289 4695 2390 4766 qui
2409 4712 2512 4766 per
2528 4702 2820 4768 aspectum
2840 4714 2897 4752 se
2925 4698 3131 4753 animis
3145 4699 3444 4754 hominum
3465 4701 3555 4755 in-

1921 4787 2132 4855 sinuat,
2146 4792 2202 4842 et
2217 4787 2422 4843 exinde
2437 4788 2507 4843 ad
2519 4789 3060 4846 malalubricitatem
3075 4791 3458 4862 prohibuerim
3467 4810 3552 4863 us,
3631 4813 3641 4820 ε

1920 4881 2102 4935 multo
2125 4881 2464 4936 clementior
2480 4887 2537 4936 et
2561 4881 2778 4937 facilior
2812 4883 3013 4938 existet
3041 4884 3210 4939 sacris
3237 4885 3552 4941 decertato-

1918 4973 2075 5029 ribus
2103 4974 2231 5030 vitae
2257 4973 2318 5030 in
2356 4973 2557 5029 melius
2583 4975 2924 5031 emendatio.
2957 4975 3168 5030 Omnes
3196 4977 3388 5048 itaque
3417 4979 3554 5035 huic

1916 5067 2032 5139 legi
2061 5067 2509 5138 obtemperanto,
2557 5073 2614 5124 et
2645 5085 2831 5140 neque
2873 5068 3059 5124 virum
3097 5070 3450 5125 recondunto
3493 5073 3552 5127 in

1918 5161 2286 5215 muliebrium
2299 5162 2770 5216 monasteriorum
2787 5162 3272 5235 sepulcris,neque
3289 5165 3553 5220 mulieres

1915 5253 1978 5308 in
2001 5254 2252 5308 virorum
2283 5255 2661 5324 monasteriis,
2706 5273 2806 5310 seu
2845 5256 3126 5311 asceteriis
3169 5257 3546 5314 defodiuntor.

1916 5347 2111 5419 Neque
2141 5346 2293 5402 enim
2319 5347 2450 5402 viris
2475 5348 2781 5403 mulierum
2808 5349 3112 5420 domicilia,
3137 5366 3325 5423 neque
3351 5368 3550 5408 rursus

1915 5440 2168 5496 virorum
2187 5439 2508 5495 habitacula
2526 5441 2874 5497 conveniunt
2899 5443 3207 5499 mulierum
3233 5423 3548 5503 consortiis.

1916 5535 2028 5588 Nec
2045 5550 2144 5606 per
2163 5549 2257 5588 eos
2273 5534 2372 5605 qui
2391 5539 2623 5606 propter
2641 5535 2935 5590 defunctos
2961 5537 3365 5608 ingrediuntur
3389 5539 3546 5594 volu-

1915 5643 2046 5682 mus
2067 5626 2272 5682 exinde
2300 5627 2627 5683 inhonestas
2649 5627 2817 5682 hasce
2849 5631 3277 5686 commistiones
3301 5631 3445 5700 fieri,
3467 5649 3540 5686 ne

1914 5735 2020 5791 per
2047 5720 2192 5775 hanc
2235 5737 2458 5776 causam
2497 5726 2712 5776 natura:
2749 5722 2995 5778 fenestra
3041 5724 3345 5795 aperiatur,
3386 5729 3450 5776 ut
3478 5739 3569 5795 ea.

1915 5829 2044 5886 quae
2073 5813 2229 5868 nefas
2254 5817 2341 5868 est
2368 5813 2660 5869 delicatius
2690 5815 2748 5869 in
2791 5834 2849 5871 se
2876 5816 3155 5884 admittat,
3188 5819 3245 5870 et
3268 5815 3428 5869 ludos
3455 5814 3540 5868 fa-

1915 5905 2042 5978 ciat,
2071 5923 2371 5979 sacrasque
2394 5923 2482 5963 res
2501 5908 2762 5980 defmdet,
2789 5926 2853 5964 ac
2878 5903 3189 5964 velamento
3213 5905 3458 5980 pietatis,
3487 5911 3548 5963 et
