4088 6488
495 414 626 470 1047

1615 407 1864 469 SzECULl
1904 411 2092 465 SEXTI
2130 407 2680 465 SUPPLEMENTUM.

3784 390 3958 454 1048

500 524 608 578 sub
633 519 817 593 specie
835 518 1248 592 exsequiarum,
1268 535 1333 574 ea
1353 525 1642 591 perpetret
1668 535 1796 590 quae
1817 535 1998 590 neque
2025 519 2111 572 di-
2135 527 2192 599 Α
2212 517 2382 571 steria
2409 515 2511 570 sub
2540 515 2730 585 aliquo
2756 512 2972 567 censeri
2999 515 3225 584 oportet
3247 507 3544 574 antistite,
3581 511 3649 561 et
3677 505 3960 599 habere

499 631 624 670 cere
636 631 818 685 neque
831 613 886 668 in
901 613 1090 668 animo
1102 612 1347 682 cogitare
1360 612 1665 666 solitariam
1676 613 1846 666 vitam
1859 628 1922 666 ex
1931 627 2118 666 ercen-

497 708 646 761 tibus
667 705 969 777 pulchrum
982 706 1225 760 est.Cum
1241 721 1372 760 vero
1391 704 1527 758 illud
1546 721 1605 760 re
1619 705 1738 775 ipsa
1754 705 2114 758 manifestum

494 799 712 866 existat,
731 799 882 870 quod
895 814 1116 852 necesse
1133 797 1203 852 sit
1224 814 1321 852 eos
1340 797 1438 868 qui
1459 797 1761 868 sepulturis
1776 797 2113 866 peragendis

496 891 876 946 ministerium
904 891 1182 961 praebent,
1212 896 1266 944 et
1290 890 1536 944 maxime
1567 890 1664 960 qui
1692 889 1900 943 feretra
1917 889 2116 958 depor-

495 984 848 1054 tant,quique
868 983 1182 1048 defodiunt,
1198 982 1420 1051 ingredi
1439 981 1496 1035 in
1523 981 1971 1050 mouasteria,res
1981 999 2113 1036 sane

497 1076 738 1130 difﬁcilis
767 1076 1014 1130 consistit
1043 1076 1100 1129 in
1121 1073 1510 1140 muliebribus,
1532 1091 1660 1127 cum
1682 1074 1752 1127 ob
1780 1074 1884 1128 alia
1914 1075 2110 1141 multa,

497 1172 618 1223 tum
647 1173 876 1238 propter
899 1168 1194 1238 prmfatam
1221 1167 1682 1239 prohibitionem.
1715 1166 2006 1220 Sancimus
2037 1172 2115 1219 ta-

501 1277 633 1316 men
661 1265 724 1314 ut
752 1261 799 1314 si
824 1261 1048 1332 quando
1080 1262 1188 1316 tale
1208 1261 1417 1332 aliquid
1439 1261 1692 1314 futurum
1711 1261 1812 1322 est,
1836 1263 1891 1312 et
1910 1258 2116 1312 mulier

497 1354 686 1425 aliqua
701 1355 756 1407 in
771 1353 1026 1408 muliebri
1044 1355 1347 1424 sepeliatur
1370 1352 1706 1406 monasterio
1733 1351 1934 1420 (virum
1959 1351 2112 1404 enim

499 1447 580 1501 ibi
609 1446 830 1518 sepeliri
863 1462 980 1500 non
1010 1445 1428 1516 permittimus),
1457 1443 1938 1499 reverendissimaa
1983 1443 2110 1512 qui-

499 1539 630 1593 dem
655 1537 922 1592 mulieres
968 1538 1027 1592 in
1071 1555 1172 1592 suo
1223 1542 1591 1607 permaneant
1626 1535 1963 1603 habitaeulo,
1995 1535 2115 1588 sola

501 1633 690 1684 autem
723 1630 976 1697 ostiaria,
1011 1631 1122 1684 sive
1155 1629 1428 1696 ostiariae,
1459 1633 1513 1682 et
1551 1629 1670 1698 ipsa
1699 1628 1842 1682 forte
1872 1628 1936 1698 (si
1963 1627 2112 1697 velit)

499 1723 728 1776 antistes
755 1721 840 1775 his
873 1738 1001 1792 quae
1021 1721 1166 1776 fiunt
1193 1721 1430 1776 intersit.
1465 1720 1645 1774 Simul
1677 1725 1845 1791 atque
1873 1735 2006 1774 vero
2034 1719 2114 1773 illi

501 1830 625 1883 quae
655 1814 799 1866 circa
827 1813 1116 1883 exsequias
1156 1813 1278 1867 fieri
1320 1813 1530 1878 solent,
1572 1816 1689 1866 tam
1726 1812 1982 1882 sepulcro
2029 1811 2110 1864 ef-

499 1876 646 1960 fosso
665 1921 833 1976 quam
848 1876 1090 1974 corpore
1110 1905 1414 1971 recondito,
1445 1876 1748 1971 effecerint,
1785 1876 1974 1958 statim
1999 1904 2112 1958 dis-
2133 1876 2190 1947 B

503 1994 724 2059 cedant,
751 2009 938 2064 neque
965 1993 1179 2063 aliquas
1208 1993 1311 2062 ipsi
1338 1991 1786 2046 reverendissimi
1804 1995 2117 2062 spectantes

503 2087 829 2153 mulierum,
865 2101 1049 2156 neque
1079 2073 1150 2138 ab
1188 2085 1466 2156 aliquibus
1489 2101 1683 2138 earum
1723 2084 1972 2154 spectati.
2007 2083 2118 2138 Sed

503 2195 687 2249 neque
708 2177 874 2232 aliam
899 2179 951 2230 in
961 2193 1254 2247 gressuum
1273 2177 1618 2231 occasionem
1637 2176 2012 2245 excogitante,
2031 2175 2118 2228 vel

503 2271 606 2324 viri
629 2270 686 2324 in
707 2270 1003 2324 muliebria
1031 2271 1390 2338 monasteria,
1411 2269 1496 2322 vel
1524 2269 1787 2322 mulieres
1815 2269 1874 2322 in
1900 2283 1964 2322 ea
1991 2283 2120 2338 quas

509 2361 638 2416 viris
659 2363 923 2432 deputata
943 2367 1090 2429 sunt,
1115 2377 1216 2432 per
1231 2377 1458 2416 causam
1487 2376 1682 2414 eorum
1702 2377 1828 2430 quae
1845 2375 2122 2430 peragun-

506 2461 600 2508 tur
622 2453 766 2507 circa
797 2454 1108 2524 exsequias,
1149 2471 1291 2524 quas
1325 2453 1530 2507 scilicet
1558 2451 1858 2506 memorias
1886 2451 2118 2522 appelli-

506 2551 642 2612 tant,
671 2546 729 2600 in
757 2547 985 2600 tertium
1010 2561 1336 2616 nonumque
1361 2545 1510 2600 diem
1541 2545 1955 2610 convenientes,
1984 2544 2122 2598 item

505 2655 632 2693 cum
659 2638 1035 2710 quadraginta
1060 2637 1428 2704 excesserint,
1455 2642 1552 2691 aut
1578 2638 1746 2691 etiam
1774 2653 1972 2702 annus,
1995 2653 2124 2690 cum

505 2731 684 2798 liceat,
705 2731 982 2802 siquidem
1012 2731 1286 2785 muliebre
1311 2729 1715 2784 monasterium
1749 2729 1838 2797 sit,
1861 2729 2124 2783 mulieres

505 2823 693 2877 omnia
743 2837 1049 2894 peragere;
1079 2823 1125 2876 si
1165 2822 1340 2889 virile,
1385 2823 1558 2886 viros,
1587 2837 1769 2891 neque
1799 2837 1902 2891 per
1927 2821 2122 2890 hujus-

511 2915 662 2968 modi
689 2915 1039 2968 occasionem
1069 2913 1483 2968 venerabilibus
1508 2912 1857 2966 monasteriis
1879 2912 2127 2982 aliquam

507 3007 732 3060 inurere
749 3007 1068 3060 infamiam.
1085 3006 1223 3070 Quia
1246 3021 1378 3058 vero
1397 3004 1538 3058 nihil
1555 3021 1749 3058 eorum
1769 3020 1894 3075 quas
1919 3003 2130 3058 inclusa

509 3103 637 3151 sunt
656 3098 896 3167 legibus,
912 3098 996 3150 uti
1017 3113 1243 3167 aequum
1267 3101 1368 3162 est,
1388 3096 1594 3150 servari
1616 3100 1822 3166 potest,
1861 3096 1967 3150 nisi
1995 3112 2126 3150 con-

509 3190 826 3244 venientem
850 3189 1054 3242 habeat
1073 3189 1404 3254 custodiam,
1429 3189 1708 3242 saucimus
1723 3194 1787 3242 ut
1812 3189 1908 3259 qui
1937 3188 2124 3258 cujus-

508 3297 618 3352 que
648 3281 968 3335 monasterii
993 3298 1096 3351 pro
1122 3287 1377 3351 tempore
1408 3281 1612 3350 praesul
1641 3281 1830 3348 fuerit,
1862 3281 2126 3335 continue

512 3373 580 3426 ad
597 3373 781 3444 ipsum
801 3373 1228 3440 animadvertat,
1248 3377 1303 3427 et
1321 3373 1377 3426 in
1392 3389 1732 3444 unoquoque
1745 3373 1816 3426 ad
1834 3373 2012 3427 instar
2025 3373 2124 3440 rei,

511 3471 566 3519 et
593 3465 900 3536 disciplima
931 3465 1169 3536 publicae
1201 3481 1431 3536 operam
1471 3469 1660 3519 navet.
1713 3457 1780 3518 Et
1825 3465 1999 3518 sicubi
2043 3465 2127 3519 vel

513 3558 806 3628 paululum
825 3557 1094 3629 quiddam
1110 3561 1307 3612 contra
1334 3559 1597 3611 decorum
1618 3556 1732 3624 tiat,
1752 3557 2007 3626 protinus
2025 3557 2129 3610 hoc

511 3651 796 3718 emendet,
827 3666 1010 3720 neque
1036 3649 1348 3704 committat
1391 3653 1456 3702 ut
1499 3649 1678 3718 major
1707 3649 1908 3702 exinde
1945 3649 2131 3718 lapsus

513 3743 743 3810 oriatur,
775 3745 832 3795 et
873 3743 1059 3795 anima
1104 3758 1232 3812 quae
1263 3741 1333 3796 ad
1379 3742 1620 3795 salutem
1663 3757 1731 3795 ex
1785 3745 1976 3795 sancta
2005 3742 2131 3795 vitae

511 3839 678 3906 atque
706 3835 835 3889 tidei
861 3834 1213 3888 institutione
1255 3833 1678 3904 provenientem
1725 3833 1996 3904 confugit,
2039 3850 2132 3904 pe—

515 3933 650 3981 reat.

584 4022 704 4089 Ipse
735 4035 958 4090 quoque
984 4018 1452 4072 monasteriorum
1481 4035 1734 4073 summus
1769 4018 1995 4090 prmsul,
2017 4017 2131 4072 sive

514 4111 712 4164 inloco
733 4111 820 4172 sit,
845 4110 1320 4180 quemadmodum
1353 4111 1410 4164 iu
1437 4111 1540 4164 hac
1575 4115 1656 4165 est
1679 4111 1838 4175 urbe,
1857 4111 1969 4164 sive
1994 4127 2130 4177 non,

515 4202 678 4256 enixe
703 4202 760 4255 in
781 4218 901 4254 eam
939 4217 1054 4255 rem
1086 4218 1314 4272 operam
1338 4203 1486 4271 dato,
1511 4207 1568 4257 et
1593 4202 1978 4273 apocrisiarios
2006 4219 2134 4280 suos

515 4294 598 4354 (ut
627 4295 1043 4363 nuncupantur)
1078 4311 1178 4364 per
1200 4295 1545 4350 monasteria
1574 4295 1868 4361 dimittito;
1893 4311 1921 4348 e
1941 4295 2135 4348 vicinis

515 4385 684 4440 etiam
713 4385 1042 4456 interroget,
1071 4387 1323 4457 nunquid
1355 4387 1488 4440 mali
1517 4387 1570 4440 in
1602 4387 1792 4457 aliquo
1822 4387 2134 4440 vicinorum

515 4483 870 4549 perpetretur
891 4479 1387 4545 monasteriorum;
1419 4484 1586 4550 atque
1612 4480 1732 4533 haec
1761 4479 1950 4534 omnia
1976 4495 2132 4534 coer-

2213 607 2710 678 (quemadmodum
2729 604 2995 673 diximus)
3022 619 3166 674 quos
3199 603 3408 658 dicunt
3437 595 3953 671 apocrisiarios,

2209 700 2361 753 viros
2380 703 2541 754 aetate
2565 715 2780 770 graves,
2797 695 2898 768 qui
2917 699 2974 750 et
3003 696 3064 749 in
3089 693 3418 750 monastica
3428 692 3564 764 jam
3581 689 3960 761 disciplina

2211 791 2498 862 impendio
2515 792 2546 845 d
2555 789 2878 855 ecertarint,
2893 803 3078 858 neque
3091 787 3257 842 facile
3269 784 3544 856 corporis
3557 782 3961 838 sustineant

2211 885 2476 956 impetus,
2506 887 2562 936 et
2592 882 2761 936 rebus
2806 880 3075 951 gerendis
3099 921 3112 945 ,
3161 883 3342 950 atque
3375 878 3666 948 ipsorum
3701 875 3959 928 usibus

2209 976 2478 1030 vaearint.
2497 977 2686 1045 Neque
2699 975 2805 1028 hoc
2821 977 3065 1037 tantum,
3085 971 3132 1026 si
3155 971 3423 1025 virorum
3449 967 3953 1022 monasterium

2212 1069 2300 1135 sit,
2331 1069 2429 1123 sed
2455 1068 2622 1122 etiam
2660 1067 2706 1120 si
2733 1065 3046 1119 mulierum
3078 1065 3228 1117 forte
3257 1063 3355 1131 sit,
3387 1062 3516 1116 duo
3545 1061 3757 1131 aliqui
3789 1059 3952 1126 viri,

2211 1161 2297 1216 vel
2345 1162 2410 1228 (si
2448 1159 2643 1214 haberi
2683 1161 2936 1229 possunt)
2980 1155 3234 1210 eunuchi
3283 1155 3786 1220 constituantur,
3829 1150 3957 1223 qui

2211 1253 2557 1324 amplissimo
2587 1250 2910 1306 testimonio
2938 1248 3315 1319 comprobati,
3344 1247 3608 1317 negotia
3634 1245 3954 1317 ipsarum

2215 1351 2431 1416 gerant,
2466 1350 2522 1399 et
2551 1343 2889 1398 ineffabilem
2906 1343 3042 1412 ipsis
3070 1340 3773 1405 communionem,cum
3801 1336 3956 1406 ejus

2212 1439 2294 1492 rei
2320 1437 2716 1508 opportunitas
2731 1435 2856 1503 erit,
2887 1433 3258 1488 distribuant.
3297 1431 3478 1496 Quod
3501 1431 3556 1484 si
3587 1430 3682 1484 illi
3709 1430 3800 1484 de
3837 1445 3956 1483 ne-

2213 1529 2465 1584 cessitate
2488 1529 2680 1599 aliqua
2723 1526 3073 1591 monasterii,
3102 1530 3204 1578 aut
3230 1540 3366 1595 qua:
3399 1539 3601 1576 unam
3639 1522 3952 1593 aliquam

2211 1621 2802 1676 reverendissimarum
2821 1618 3191 1672 ascetriarum
3211 1615 3552 1686 pertingat,
3578 1613 3954 1669 necessarii

2212 1713 2423 1784 aliquid
2456 1712 2643 1766 dicere
2678 1710 2979 1773 voluerint,
3011 1709 3432 1779 colloquantur
3459 1723 3538 1760 ea
3566 1707 3646 1760 de
3678 1721 3751 1760 re
3788 1721 3952 1759 cum

2213 1807 2327 1860 sola
2346 1804 2614 1871 antistite,
2631 1819 2816 1873 neque
2834 1807 3116 1872 praeterea
3131 1816 3266 1854 cum
3285 1799 3413 1854 ulla
3434 1798 3563 1853 alia
3583 1797 3952 1853 mulierum

2213 1920 2340 1974 quae
2360 1902 2416 1955 in
2437 1918 2504 1955 eo
2518 1901 2824 1955 consistant
2844 1898 3216 1965 monasterio,
3237 1913 3348 1968 per
3367 1895 3952 1950 reverendissimas

2213 2001 2402 2050 tamen
2432 1993 2622 2048 omnia
2653 1991 3011 2046 conficientes
3047 1990 3332 2044 ostiarias.
3367 1990 3638 2059 Oportet
3661 1988 3846 2042 enim
3884 1992 3952 2042 et

2216 2085 2544 2157 hujusmodi
2567 2085 2785 2154 aliquas
2810 2083 2883 2137 ad
2901 2084 3055 2137 fores
3085 2081 3378 2148 collocari,
3419 2097 3567 2151 quae
3593 2080 3952 2134 consimili-

2216 2184 2306 2233 ter
2324 2181 2379 2231 et
2395 2177 2687 2248 ingressus
2703 2180 2759 2228 et
2781 2175 2964 2229 exitus
2985 2173 3382 2244 respicientes,
3397 2178 3531 2226 tam
3558 2173 3774 2227 exitus
3796 2189 3948 2226 mu-

2218 2272 2416 2324 lierum
2447 2269 2789 2340 prohibeant
2821 2283 2994 2337 quam
3029 2267 3353 2320 inaccessos
3379 2265 3534 2319 viris
3565 2265 3808 2330 aditus,
3844 2283 3952 2319 ex-

2220 2363 2392 2432 ceptis
2418 2360 2789 2432 apocrisariis,
2817 2359 3080 2414 reddant.
3115 2359 3181 2411 Hi
3215 2363 3426 2412 autem
3449 2357 3742 2412 ostiarias
3771 2375 3951 2412 acce-

2221 2455 2374 2520 dent,
2398 2457 2454 2507 et
2477 2453 2749 2506 adventus
2769 2451 2856 2504 sui
2875 2467 3103 2505 causam
3124 2454 3446 2521 exponent.
3473 2451 3766 2505 Antistes
3795 2467 3951 2505 vero

2221 2563 2281 2600 re
2300 2546 2540 2616 cognita,
2565 2549 2622 2598 et
2637 2560 2961 2615 progressa,
2984 2559 3120 2596 cum
3142 2544 3236 2597 his
3247 2543 3668 2614 colloquetur,
3693 2544 3951 2615 ipsique

2221 2639 2291 2694 ad
2342 2638 2500 2692 illam
2549 2637 2794 2691 referent
2846 2651 2912 2690 ea
2959 2651 3090 2706 quas
3135 2635 3670 2706 dispensationem
3719 2652 3954 2691 eorum

2223 2733 2566 2785 concernunt
2580 2734 2636 2783 et
2651 2728 3066 2794 necessitatem,
3103 2728 3500 2798 quamobrem
3530 2729 3951 2784 accesserint.

2225 2825 2404 2893 Atque
2433 2823 2510 2876 ita
2548 2826 2606 2875 et
2646 2821 2898 2875 humana
2934 2820 3174 2891 pulchre
3199 2819 3855 2890 administrabuntur,
3893 2825 3958 2876 et.

2227 2931 2293 2969 ex
2317 2915 2471 2969 omni
2500 2918 2660 2985 parte
2685 2913 2843 2967 nullo
2867 2917 3085 2967 tentata
3113 2913 3268 2967 malo
3295 2913 3548 2968 durabit
3575 2915 3874 2970 castitas.

2299 3009 2460 3062 Certe
2491 3006 2534 3058 si
2567 3005 2694 3075 quis
2723 3004 3019 3076 delinquat
3063 3004 3148 3074 (ut
3189 3005 3382 3059 multa
3427 3009 3584 3060 sunt
3627 3006 3954 3073 humana,

2229 3115 2412 3170 neque
2430 3098 2729 3168 quisquam
2755 3097 2833 3151 ita
2868 3098 3164 3152 continere
3195 3101 3478 3152 naturam
3508 3102 3741 3169 potest
3765 3101 3839 3156 in
3873 3102 3957 3156 of-

2228 3191 2372 3258 ﬁcio,
2397 3190 2535 3260 quin
2549 3189 2853 3260 aliquando
2869 3195 3082 3260 peccet,
3111 3190 3226 3244 hoc
3248 3190 3411 3244 enim
3432 3190 3634 3245 solius
3660 3197 3769 3247 est
3801 3196 3955 3262 Dei),

2226 3284 2374 3336 hunc
2391 3282 2642 3352 quidem,
2667 3282 2712 3336 si
2732 3281 3018 3336 mediocre
3036 3281 3322 3337 delictum
3343 3283 3446 3348 sit,
3481 3289 3548 3338 et
3565 3285 3955 3356 admoneto,

2227 3379 2284 3428 et
2309 3375 2538 3429 seorsim
2567 3373 2858 3441 includite,
2887 3377 3233 3446 tempusque
3261 3375 3349 3430 illi
3377 3377 3714 3448 assignato
3761 3382 3962 3451 peni-

2227 3467 2438 3532 tentias,
2467 3471 2531 3520 ut
2553 3467 2787 3520 meliore
2819 3467 3035 3521 ratione
3071 3472 3370 3538 percepta,
3413 3469 3492 3523 ad
3518 3471 3828 3542 seipsum
3859 3490 3959 3530 re-

2227 3559 2372 3626 deat,
2395 3574 2577 3628 neque
2595 3557 2874 3628 depensos
2892 3559 3016 3628 jam
3041 3562 3099 3614 et
3119 3560 3443 3614 exhaustos
3465 3561 3738 3618 labores
3769 3567 3956 3621 amit-

2228 3655 2326 3706 tat.
2362 3651 2460 3705 Sin
2486 3667 2619 3704 vero
2650 3651 2830 3720 major
2853 3651 3046 3722 lapsus
3089 3653 3289 3720 fuerit,
3327 3670 3441 3724 pro
3475 3657 3682 3712 modo
3717 3661 3959 3730 peccati

2229 3743 2525 3798 adhibetor
2554 3742 2723 3796 etiam
2755 3743 3174 3798 emendationis
3203 3745 3545 3816 diligentia,
3571 3753 3643 3803 et
3667 3751 3841 3808 item
3857 3770 3954 3807 ve-

2231 3835 2642 3890 hementiorem
2671 3835 3146 3906 admonitionem,
3176 3841 3237 3892 et
3262 3837 3594 3895 fortiorem
3627 3847 3956 3914 poeniten-

2230 3927 2367 3982 tiam
2386 3928 2652 3998 expetito.
2677 3929 2744 3981 Et
2764 3927 3048 3999 siquidem
3081 3929 3239 3984 hisce
3273 3931 3478 3986 modis
3511 3950 3790 3994 servare
3821 3956 3956 3994 eum

2230 4021 2488 4085 valuerit,
2508 4021 2605 4090 qui
2628 4019 2740 4074 labi
2761 4027 3012 4090 casperat
3048 4021 3225 4092 (idem
3265 4027 3474 4078 autem
3507 4032 3576 4082 et
3618 4029 3694 4084 in
3728 4033 3955 4086 mulie—

2232 4113 2386 4167 ribus
2405 4111 2818 4166 sanctimoniali
2843 4113 2971 4166 vitae
2993 4113 3222 4181 deditis,
3256 4120 3315 4169 et
3344 4115 3408 4170 in
3437 4118 3601 4174 viris
3637 4123 3953 4192 dicimus),

2237 4221 2440 4274 magno
2462 4205 2570 4258 Deo
2594 4204 2800 4274 gratias
2827 4211 2984 4275 agat,
3010 4206 3109 4276 qui
3137 4210 3196 4260 et
3219 4208 3524 4279 angelicis
3557 4213 3631 4269 in
3661 4218 3837 4273 celo
3866 4236 3958 4290 p0-

2233 4297 2524 4351 testatibus
2562 4296 2836 4367 gaudium
2863 4297 3078 4352 oboriri
3108 4298 3257 4354 dixit
3281 4299 3332 4354 si
3357 4303 3502 4372 quis
3535 4315 3955 4375 peccatorum

2233 4392 2502 4442 servetur.
2531 4391 2600 4440 At
2629 4388 2676 4442 si
2703 4387 2971 4442 delictum
2997 4391 3248 4445 atrocius
3275 4391 3352 4446 sit
3377 4409 3581 4464 quam
3613 4404 3800 4471 quod
3837 4420 3956 4458 me-

2235 4480 2360 4534 dela
2387 4479 2633 4550 reparari
2661 4481 2852 4549 possit,
2885 4485 3022 4535 tunc
3054 4498 3293 4552 prorsus
3320 4493 3728 4550 monasterio
3757 4496 3957 4566 ipsum

515 4575 658 4637 ceto,
693 4576 748 4624 et
785 4575 1198 4640 competentem
1226 4587 1328 4641 pro
1373 4571 1647 4641 dignitate
1677 4571 1989 4642 impendito
2011 4588 2134 4642 pro-
2152 4571 2212 4642 D
2233 4571 2517 4642 expellito,
2547 4575 2609 4626 ut
2635 4587 2765 4626 cum
2794 4571 3044 4643 seipsum
3069 4590 3103 4627 a
3131 4575 3497 4634 melioribus
3524 4584 3612 4638 ad
3643 4586 3960 4644 deteriora

518 4663 844 4717 videntiam.
875 4663 977 4715 Sed
1002 4667 1056 4716 et
1081 4663 1351 4733 cujusque
1380 4663 1617 4718 civitatis
1643 4663 1932 4734 episcopus
1951 4663 2008 4716 in
2029 4663 2134 4718 hoc

515 4755 920 4825 providentiam
956 4755 1238 4820 adhibeto,
1272 4755 1386 4809 sive
1418 4756 1752 4827 patriarcha,
1785 4756 1897 4809 sive
1923 4761 2133 4810 metro-

517 4847 818 4917 politanus,
865 4847 978 4901 sive
1037 4848 1358 4917 quicunque.
1405 4849 1511 4914 sit;
1545 4853 1599 4902 et
1644 4848 2135 4902 reverendissimos

519 4939 838 4994 defensores
857 4940 1104 4994 eeclesim
1125 4956 1241 4993 sum
1263 4940 1490 5007 mittito,
1520 4941 1615 5010 qui
1645 4941 1762 4994 haec
1782 4940 2131 5011 perquirant,
2157 4983 2162 4986 .

517 5036 573 5085 et
598 5032 910 5095 observent,
944 5048 1128 5102 neque
1159 5033 1522 5086 committant
1549 5036 1612 5086 ut
1633 5037 1836 5104 praeter
1866 5033 2132 5086 decorum

517 5123 827 5196 quidquam
845 5124 958 5178 fiat.
978 5125 1080 5180 Sed
1105 5130 1158 5178 et
1180 5125 1226 5178 si
1243 5125 1378 5196 quid
1409 5125 1522 5179 tale
1543 5129 1912 5196 perpetretur,
1933 5128 1996 5178 ut
2025 5125 2135 5194 pri-

519 5232 610 5267 mo
631 5233 857 5287 quoque
870 5222 1121 5287 tempore
1136 5218 1240 5270 hoc
1255 5219 1394 5272 eorri
1405 5218 1936 5287 gant.Consimiliter
1945 5222 2134 5272 autem

520 5311 576 5361 et
603 5309 977 5362 sanctissimus
1004 5309 1172 5378 hujus
1201 5311 1362 5364 alma:
1387 5310 1541 5364 urbis
1571 5310 1889 5380 patriarcha
1915 5325 1980 5363 ea
2007 5325 2134 5380 quas

520 5401 857 5454 monasteria
893 5401 985 5454 hic
1023 5407 1372 5457 concernunt
1411 5402 1758 5474 perquirito;
1805 5407 1860 5455 et
1891 5403 2009 5471 ejus
2052 5403 2132 5456 rei

519 5491 775 5544 custodes
817 5492 910 5546 Dei
959 5495 1366 5550 amantissimos
1412 5495 1733 5550 defensores
1772 5501 2132 5550 sacrosanctae

521 5583 748 5650 majoris
767 5582 1032 5650 ecclesiae,
1061 5589 1116 5638 et
1139 5602 1498 5658 quoscunque
1517 5587 1994 5659 diligentissimos,
2023 5587 2130 5642 h0-

521 5675 970 5746 uestissimosque
1001 5693 1118 5731 esse
1145 5679 1427 5748 putaverit
1451 5680 1791 5747 constituite,
1823 5685 1885 5734 ut
1915 5681 2132 5749 majore

517 5766 767 5819 adhibita
797 5768 1041 5822 custodia
1063 5809 1076 5834 ,
1126 5768 1364 5838 amplior
1403 5771 1536 5825 item
1570 5772 1914 5839 observatio,
1950 5777 2004 5825 et
2030 5787 2132 5842 pro

514 5856 725 5911 delictis
753 5858 1000 5912 vindicta
1031 5859 1310 5929 procedat.
1346 5861 1644 5918 Enimvero
1674 5865 1896 5936 singula
1922 5879 2123 5920 mona-

2236 4664 2554 4731 contulerit,
2570 4663 2690 4734 ipse
2707 4665 2858 4718 solus
2875 4665 3262 4736 improbitatis
3278 4686 3403 4724 suae
3418 4672 3722 4734 fructum
3738 4684 3955 4754 capiat,

2237 4773 2418 4828 neque
2445 4756 2708 4810 vitiorum
2755 4773 2991 4812 suorum
3029 4759 3247 4830 aliquid
3283 4766 3529 4822 caeteris
3575 4777 3959 4848 contagione

2236 4849 2469 4917 atl'ricet,
2498 4848 2978 4920 quemadmodum
3017 4856 3177 4922 peste
3208 4853 3565 4914 laborantia
3614 4871 3687 4920 et
3717 4866 3957 4924 incura-

2233 4941 2418 4995 biliter
2441 4941 2778 5012 aegrotantis
2811 4943 2992 4998 solent
3021 4959 3253 5014 pecora.
3285 4948 3436 5004 Nam
3471 4958 3546 5008 ut
3583 4961 3882 5017 maxime
3905 4962 3958 5016 hi

2235 5033 2733 5128 neglexerint,non
2747 5039 2952 5128 tamen
2982 5037 3250 5106 majestas
3266 5038 3382 5095 ista
3412 5043 3747 5117 despiciet
3781 5055 3959 5128 impe-

2233 5125 2653 5196 ratoria,neque
2669 5125 3065 5197 indignatione
3079 5136 3286 5185 contra
3299 5133 3360 5186 id
3374 5135 3544 5192 factu
3556 5157 3626 5196 ω
3637 5187 3652 5210 ,
3673 5162 3798 5202 con
3811 5125 3956 5204 triave

2234 5219 2487 5272 locorum
2507 5217 2835 5288 episcopum
2859 5225 2915 5273 et
2934 5221 3351 5279 ecclesiasticos
3367 5229 3476 5298 qui
3511 5235 3641 5290 sub
3664 5238 3813 5310 ipso
3838 5259 3958 5297 con-

2233 5310 2414 5364 stituti
2442 5315 2592 5377 sunt,
2619 5311 2964 5381 abstinebit,
2997 5314 3108 5368 nisi
3157 5316 3270 5371 hoc
3299 5319 3828 5401 observaverint,
3877 5335 3956 5390 ni-

2235 5402 2446 5456 mirum
2486 5419 2614 5456 cum
2655 5403 2776 5472 ejus
2810 5405 3028 5474 negotii
3072 5407 3385 5479 diligentia
3429 5427 3816 5482 necessario
3863 5428 3956 5501 ipsi

2233 5495 2399 5549 etiam
2420 5495 2697 5564 majestati
2714 5495 3101 5566 imperatorias
3117 5500 3450 5562 incumbat.
3483 5511 3554 5564 Si
3580 5518 3774 5574 enim
3805 5495 3958 5594 puris

2233 5587 2310 5641 illi
2330 5587 2610 5658 nudisque
2629 5588 2894 5642 manibus
2916 5607 3020 5660 pro
3041 5594 3342 5662 republica
3369 5615 3597 5668 preces
3633 5610 3778 5668 Deo
3794 5587 3956 5672 obtu-

2233 5679 2422 5778 leriui,
2445 5679 2806 5778 manifestum
2831 5698 2964 5737 sane
2993 5686 3146 5754 quod
3168 5691 3228 5741 et
3245 5705 3340 5744 res
3369 5694 3680 5756 militaris
3711 5710 3957 5778 pulchre

2233 5785 2290 5820 se
2314 5767 2564 5835 habebit,
2600 5773 2655 5822 et
2675 5769 2924 5824 civitates
2945 5772 3005 5826 in
3033 5773 3190 5830 bono
3213 5781 3376 5834 statu
3399 5794 3624 5844 erunt.
3653 5767 3792 5850 Deo
3827 5798 3955 5853 item

2229 5860 2478 5934 propitio
2502 5877 2566 5918 ac
2587 5861 2863 5919 benevolo
2881 5865 3216 5939 constituto,
3249 5877 3572 5945 quomodo
3592 5899 3742 5969 9οη
3763 5894 3957 5949 omnia
