4088 6418
217 391 364 460 tots

205 603 393 658 Terra
437 621 670 676 quoque
696 606 862 662 nobis
881 607 1130 663 fructum
1154 609 1320 676 feret,
1350 613 1410 664 et
1437 611 1678 666 celerius
1696 612 1850 668 bona

205 712 319 750 sua
346 697 500 760 edet,
524 714 628 769 per
662 699 762 752 Dei
803 699 1270 756 benevolentiam
1315 703 1580 774 precibus
1613 704 1848 760 illorum

203 789 544 844 universam
574 792 987 862 rempublicam
1014 794 1073 848 in
1095 811 1273 849 unum
1296 795 1711 866 colligentibus.
1739 797 1850 854 Sed

204 887 270 936 et
291 883 617 938 communis
631 884 930 939 hominum
955 885 1140 957 figura
1155 888 1540 944 venerabilior
1558 889 1684 956 erit,
1699 907 1849 960 quaa-

201 979 462 1045 rentque
495 975 650 1046 quod
675 979 1038 1048 praestantius
1058 984 1162 1048 est,
1193 980 1422 1036 illorum
1439 981 1746 1052 puritatem
1765 999 1850 1036 re-

201 1067 400 1122 veriti.
430 1068 592 1122 Unde
617 1085 732 1124 una
757 1070 857 1124 fiet
883 1073 1250 1143 conspiratio,
1280 1073 1546 1128 omnibus
1579 1075 1747 1129 simul
1774 1075 1848 1130 ad

198 1159 323 1214 hoc
354 1163 845 1230 concurrentibus,
871 1167 928 1218 et
953 1164 1160 1235 (quoad
1191 1166 1313 1220 ﬁeri
1342 1168 1550 1238 potest)
1572 1167 1843 1222 extermi-

201 1257 352 1308 nata
374 1255 535 1308 omni
551 1255 767 1310 malitia
783 1257 1118 1312 melioribus
1137 1259 1630 1332 sanctioribusque
1647 1261 1848 1316 studiis

198 1346 575 1412 introductis,
599 1351 656 1401 et
673 1348 1012 1420 dignitatem
1035 1350 1398 1406 habentibus.
1421 1351 1586 1416 Quod
1611 1353 1845 1424 quidem

200 1453 343 1492 cum
366 1439 779 1507 desideremus,
797 1443 1013 1496 bonum
1035 1443 1188 1497 haud
1208 1443 1376 1498 dubie
1393 1461 1555 1515 opus,
1575 1447 1847 1516 quemad-

202 1531 458 1586 modum
487 1549 824 1602 persuasum
854 1535 1154 1603 habemus,
1180 1537 1524 1606 perﬁcimus.
1549 1539 1842 1610 llludquo-

201 1639 324 1693 que
349 1624 616 1678 omnibus
637 1625 923 1680 observari
951 1627 1134 1682 modis
1149 1629 1430 1696 volumus,
1456 1633 1513 1683 ut
1533 1630 1580 1684 si
1610 1631 1736 1701 quis
1760 1647 1845 1684 re-

199 1716 757 1772 verendissimorum
787 1719 1205 1774 monachorum
1252 1720 1310 1775 in
1353 1739 1612 1792 caupona
1653 1723 1844 1794 aliqua

200 1807 486 1863 diversari
510 1809 790 1876 videatur,
821 1811 970 1866 illico
993 1811 1040 1865 is
1059 1813 1320 1867 tradatur
1335 1814 1626 1869 civitatum
1649 1816 1845 1870 defen-

199 1901 453 1967 soribus,
486 1907 586 1956 aut
605 1902 698 1957 hic
719 1903 936 1974 judicio
967 1906 1312 1960 excellentiae
1341 1910 1474 1974 tute,
1505 1909 1838 1979 castigetur-
1863 1889 1918 1960 B

199 2010 323 2064 que
345 1994 658 2061 convictus,
675 1996 1000 2067 certiorque
1023 2014 1090 2052 ea
1111 1998 1182 2051 de
1209 2015 1268 2052 re
1292 1999 1566 2054 reddatur
1585 2001 1838 2066 antistes,

198 2091 272 2142 ut
312 2103 446 2140 eum
482 2088 579 2157 qui
611 2088 732 2142 haec
763 2089 1022 2158 deliquit,
1052 2094 1109 2144 et
1135 2094 1359 2162 turpem
1388 2091 1561 2146 vitam
1594 2110 1721 2147 cum
1745 2111 1843 2148 an-

199 2180 397 2249 gelico
435 2179 544 2234 hoc
590 2183 738 2234 statu
773 2183 1139 2252 permutavit,
1183 2185 1428 2254 expellat
1465 2185 1836 2240 monasterio.

197 2272 440 2327 Duabus
469 2272 622 2327 enim
645 2273 1005 2343 potissimum
1035 2274 1092 2328 in
1115 2275 1286 2329 rebus
1325 2293 1558 2348 operam
1612 2282 1670 2332 et
1707 2279 1838 2332 dili-

197 2365 467 2436 gentiam
498 2381 781 2436 reponere
800 2369 1030 2436 oportet
1057 2369 1392 2435 monachos,
1425 2374 1486 2422 ut
1533 2373 1633 2424 aut
1669 2372 1843 2425 sacris

194 2461 410 2512 vacent
437 2457 760 2529 Scripturis,
781 2464 879 2514 aut
901 2476 1044 2530 quas
1070 2461 1398 2515 manuarias
1419 2478 1620 2517 vocare
1657 2464 1843 2518 solent

195 2557 362 2606 artes
381 2552 694 2606 monachos
724 2551 992 2607 decentes
1030 2553 1382 2608 meditentur
1403 2559 1837 2626 exerceantque.

195 2643 508 2714 Siquidem
525 2660 684 2698 mens
702 2645 870 2699 inerti
884 2645 1001 2700 otio
1014 2645 1208 2700 dedita
1218 2647 1370 2700 haud
1384 2664 1520 2701 sane
1539 2648 1839 2720 quidquim

193 2737 489 2791 bonorum
513 2737 822 2807 pepererit.
840 2739 1024 2808 Atque
1046 2738 1192 2792 hanc
1213 2739 1401 2810 legem
1422 2740 1493 2793 de
1512 2741 1598 2793 his
1627 2757 1838 2812 propo-

193 2829 421 2894 nimus,
452 2831 570 2882 tam
596 2829 655 2882 in
669 2829 773 2883 hac
789 2829 941 2901 regia
966 2831 1272 2885 valituram
1293 2833 1432 2886 urbe
1449 2849 1619 2903 quam
1642 2833 1698 2888 in
1721 2850 1842 2888 om-

195 2921 380 2976 nibus
395 2921 682 2992 gentibus.
704 2923 846 2976 Nam
872 2925 930 2976 et
949 2923 1023 2978 ad
1045 2940 1519 2996 unumquemque
1543 2926 1842 2997 religiosis-

195 3015 419 3068 simum
457 3014 841 3084 patriarcham
870 3031 974 3086 pro
1022 3017 1243 3086 majore
1283 3019 1505 3072 cautela
1541 3023 1596 3072 et
1617 3036 1844 3091 compc-

194 3109 368 3161 tente
393 3107 646 3161 custodia
665 3123 792 3161 eam
815 3109 1289 3162 transmittemus.
1310 3110 1522 3164 Hivero
1540 3111 1612 3165 ad
1639 3115 1843 3167 metro-

190 3199 492 3272 politanos
507 3199 610 3254 sub
623 3200 760 3270 ipsis
773 3201 1108 3254 constitutos
1120 3218 1248 3255 eam
1263 3201 1638 3257 emittent.llli
1649 3208 1842 3258 autem

191 3292 482 3346 omnibus
494 3292 620 3346 aliis
633 3292 1038 3363 impertientur
1057 3294 1420 3365 episcOpis,et
1436 3295 1840 3367 perepiscopos

189 3388 329 3440 haec
347 3385 835 3439 reverendissimis
848 3387 1148 3440 monachis
1161 3404 1478 3458 eorumque
1494 3388 1844 3443 antistitibus

189 3477 516 3534 manifesta
545 3479 664 3533 ﬁet.
693 3480 868 3533 Porro
897 3479 1066 3550 hujus
1087 3480 1167 3533 rei
1201 3479 1652 3534 observationem
1681 3497 1838 3536 com-

189 3571 491 3626 mittimus
516 3587 632 3625 non
653 3573 878 3626 tantum
921 3572 1194 3642 cujusque
1233 3573 1550 3628 mansionis
1580 3574 1842 3628 solitariae

189 3663 455 3737 praesuli,
481 3679 670 3734 neque
695 3665 878 3718 solum
906 3664 1005 3718 Dei
1025 3665 1708 3720 amantissimislocorum
1729 3667 1846 3736 epi—

188 3757 412 3828 scopis,
429 3759 528 3810 aut
542 3756 985 3826 religiosissimis
1000 3758 1474 3828 metropolituuis,
1498 3762 1596 3812 aut
1613 3759 1844 3813 sanctis-

188 3849 365 3906 simis
386 3849 744 3920 patriarchis,
770 3849 869 3904 sed
891 3853 948 3903 et
985 3849 1076 3904 hic
1104 3849 1335 3920 quidem
1374 3851 1678 3921 prmfectis,
1706 3857 1771 3906 ut
1797 3851 1841 3906 si

187 3960 296 3999 res
327 3941 763 3996 vehementiore
811 3941 1002 4012 aliqua
1033 3943 1528 3997 animadversione
1562 3943 1838 4014 indigeat,

187 4037 275 4092 de
305 4035 418 4090 hoc
441 4051 474 4088 a
495 4034 594 4088 Dei
617 4035 1026 4089 amantissimis
1055 4035 1190 4089 viris
1215 4035 1420 4101 edocti,
1448 4035 1504 4090 id
1526 4051 1839 4106 exsequan-

194 4135 342 4184 tur:
372 4127 429 4181 in
448 4127 758 4198 provinciis
782 4145 917 4182 vero
939 4128 1168 4182 illarum
1189 4129 1546 4198 praasidibus,
1573 4132 1841 4184 attamen

189 4219 348 4293 quid
379 4220 526 4274 facto
556 4235 699 4290 opus
727 4220 815 4286 sit,
844 4221 1001 4291 prius
1037 4237 1072 4274 a
1099 4220 1198 4274 Dei
1219 4220 1630 4274 amantissimis
1649 4221 1838 4292 perdi-

188 4319 370 4371 scant
389 4313 686 4384 episcOpis.
712 4315 776 4368 Et
796 4330 1028 4384 prorsus
1049 4317 1169 4368 tam
1188 4330 1292 4384 per
1307 4317 1556 4368 sacratas
1567 4331 1844 4385 personas

190 4421 382 4480 quam
409 4407 774 4476 magistratus
810 4423 880 4460 ea
907 4422 1033 4477 quae
1063 4407 1243 4461 Deum
1271 4410 1628 4460 concernunt
1651 4406 1840 4460 incor-

188 4502 378 4571 rupta
403 4498 674 4564 existant;
703 4501 760 4552 et
780 4515 899 4570 pra
926 4499 1146 4553 caeteris
1171 4498 1436 4553 omnibus
1463 4515 1566 4570 per
1585 4499 1845 4569 majesta-

1075 407 1437 466 JUSTINIANI
1475 411 1800 468 NOVELLIE
1837 413 2170 470 SELECTzE.
2211 415 2515 471 NOVELLA
2551 405 2766 470 CXLIV.

207 508 275 563 in
298 526 530 567 summa
544 525 682 584 pace
694 511 752 568 et
761 517 918 570 recta
930 515 1124 586 legum
1137 516 1534 572 moderatione
1553 519 1857 590 vigebunt?
1877 531 1934 604 Α

3443 405 3579 465 1030

2479 520 2794 575 NOVELLA
2829 518 3038 574 CXLIV.

2525 617 2599 668 De
2623 614 2996 668 samaritam‘s.

2018 709 2089 763 Ut
2107 707 2344 778 impiam
2365 705 2865 761 Samaritanorum
2879 703 3146 759 haeresim
3162 708 3220 759 et
3231 703 3389 760 omni
3407 703 3579 760 ratio«

1949 817 2022 855 ne
2053 803 2344 854 carentem
2365 799 2574 854 horum
2597 798 2889 852 vesaniam
2921 797 2994 852 ad
3017 797 3315 852 meliorem
3347 799 3575 868 frugem

1947 891 2408 962 perduceremus,
2433 907 2621 961 neque
2641 906 2757 944 non
2780 890 3031 961 ipsorum
3050 889 3270 944 animas
3287 903 3401 960 quo
3436 888 3580 944 deti-

1949 986 2160 1038 nentur
2169 983 2374 1037 morbo
2389 983 2780 1050 liberaremus,
2795 997 3191 1052 saepenumero
3207 985 3326 1036 tam
3345 976 3584 1052 pientis-

1948 1075 2126 1130 simus
2146 1075 2406 1146 princeps
2418 1077 2579 1145 pater
2599 1078 2793 1130 noster
2811 1091 2985 1146 quam
3016 1074 3190 1130 etiam
3202 1090 3308 1128 nos
3328 1073 3437 1145 ipsi
3457 1077 3574 1128 stu-

1948 1167 2044 1222 dio
2057 1167 2382 1221 habuimus.
2398 1166 2511 1222 Sed
2527 1167 2586 1220 in
2606 1167 2896 1237 plerisque
2917 1167 3124 1221 horum
3145 1183 3257 1221 non
3278 1167 3574 1238 potuimus

1946 1260 2004 1314 id
2026 1260 2086 1314 in
2107 1260 2257 1330 quod
2277 1258 2652 1329 longostudio
2683 1259 3046 1313 incubuimus
3072 1259 3293 1312 eﬂ‘ectui
3321 1259 3571 1314 tradere.

1947 1353 2258 1407 Evaserant
2273 1352 2428 1406 enim
2447 1351 2738 1406 intantam
2759 1351 3021 1406 nonnulli
3035 1367 3234 1405 eorum
3262 1351 3572 1419 vesaniam,

1945 1451 2008 1500 ut
2039 1446 2127 1500 vel
2159 1445 2394 1500 salutari
2420 1445 2706 1514 baptismo
2741 1443 2978 1514 dignati,
3022 1443 3210 1498 denuo
3255 1443 3329 1498 ad
3358 1443 3416 1498 id
3441 1443 3578 1498 mali

1945 1537 2098 1592 unde
2120 1535 2803 1601 discesserantredieriut,
2829 1541 2886 1589 et
2906 1536 3107 1589 eadem
3121 1552 3252 1590 cum
3272 1535 3579 1592 Samarita-

1943 1630 2031 1684 nis
2052 1629 2261 1684 habere
2291 1630 2350 1683 in
2374 1629 2577 1699 pretio,
2609 1628 2812 1682 eodem
2833 1644 2965 1682 cum
2991 1627 3128 1698 ipsis
3147 1627 3352 1697 agitari
3381 1629 3575 1683 furore

1943 1723 2370 1794 dignoscantur.
2406 1721 2750 1776 Praeclarum
2769 1720 2946 1790 igitur
2965 1719 3130 1775 nobis
3159 1721 3342 1774 visum
3370 1725 3457 1774 est
3487 1737 3576 1774 ve-

1942 1821 2123 1870 terem
2156 1815 2308 1869 illam
2329 1813 2562 1884 etprius
2599 1817 2796 1867 contra
2833 1813 2985 1883 ipsos
3013 1813 3369 1882 propositam
3400 1813 3572 1884 patris

1945 1907 2122 1962 nostri
2144 1908 2333 1978 legem
2351 1923 2648 1960 renovare.
2668 1909 2744 1960 Ac
2764 1909 3071 1976 propterea
3083 1905 3366 1959 sancimus
3386 1911 3446 1960 ut
3466 1905 3574 1976 ipsi

1943 2017 2129 2070 neque
2153 2017 2218 2054 ex
2237 1998 2570 2053 testamenti
2599 1997 2824 2065 tabulis,
2859 2013 3048 2068 neque
3072 1997 3288 2069 absque
3305 1997 3376 2051 iis
3389 1998 3572 2052 haere-

1943 2094 2043 2147 des
2063 2093 2222 2158 tiant,
2246 2093 2502 2161 legatave
2523 2091 2768 2162 capiant,
2791 2094 2890 2144 aut
2909 2090 3235 2144 donationis
3255 2091 3420 2144 titulo
3449 2107 3572 2146 rem

1943 2185 2196 2256 aliquam
2215 2185 2642 2238 nanciscantur.
2663 2183 2775 2238 Sed
2803 2199 2988 2253 neque
3017 2183 3386 2250 Samaritani,
3405 2184 3577 2239 autin

1943 2277 2264 2332 universum
2295 2275 2567 2341 haeretici,
2591 2275 2758 2346 quive
2788 2279 3004 2329 rectam
3033 2291 3091 2328 se
3119 2275 3573 2331 Christianorum

1942 2371 2115 2424 ﬁdem
2137 2369 2406 2440 amplecti
2435 2369 2730 2435 simulant,
2758 2384 2889 2422 cum
2907 2383 3103 2422 revera
3131 2384 3318 2438 neque
3345 2368 3425 2422 ita
3448 2384 3574 2423 sen-

1941 2463 2107 2530 tiant,
2136 2478 2322 2533 neque
2352 2461 2483 2515 huic
2501 2463 2888 2514 consentanea
2917 2460 3144 2525 faciant,
3175 2460 3248 2513 ad
3279 2459 3575 2515 haeredita-

1940 2559 2058 2609 tem
2077 2555 2148 2609 ab
2171 2554 2440 2608 intestato
2461 2552 2664 2617 vocati,
2695 2551 3112 2606 successionem
3137 2551 3404 2606 habeant.
3433 2553 3573 2607 Item

1941 2663 2127 2717 neque
2165 2648 2507 2700 testamenta
2547 2643 2926 2708 conscribant,
2961 2660 3149 2714 neque
3179 2643 3370 2714 legata
3403 2646 3574 2698 relin-

1941 2743 2142 2810 quant,
2165 2742 2264 2792 aut
2283 2738 2521 2803 donent,
2546 2737 2654 2790 nisi
2683 2736 2782 2807 qui
2804 2753 2873 2790 ea
2890 2737 3214 2806 percepturi
3241 2740 3390 2801 sunt,
3415 2741 3474 2790 et
3487 2753 3576 2790 re-

1941 2836 2027 2886 cte
2061 2831 2130 2885 de
2164 2831 2276 2885 ﬁde
2309 2829 2581 2897 sentiant,
2613 2832 2670 2882 et
2689 2829 2892 2882 ﬁdeles
2923 2829 3034 2882 sint
3049 2828 3334 2900 operibus.
3364 2829 3506 2882 Nam
3527 2827 3574 2882 si

1941 2940 2116 2978 nemo
2155 2925 2358 2978 horum
2387 2923 2476 2988 sit,
2499 2921 2775 2992 jubemns
2803 2926 2864 2974 ut
2887 2927 3013 2992 post
3043 2921 3296 2991 ipsorum
3327 2905 3574 2976 mortem

1942 3017 2146 3070 horum
2169 3016 2323 3071 bona
2353 3015 2426 3069 ad
2457 3013 2905 3069 sacratissimum
2927 3013 3252 3084 pertineant
3283 3013 3572 3068 aerarium.

1943 3111 2101 3164 Unde
2147 3111 2205 3162 et
2241 3125 2399 3163 sacra
2439 3108 2535 3162 illa
2565 3107 2775 3172 forma,
2805 3122 2912 3177 per
2932 3105 3354 3176 indulgentiam
3379 3105 3516 3176 ipsis
3543 3121 3578 3159 a

1944 3205 2104 3270 patre
2139 3205 2335 3256 nostro
2374 3215 2659 3265 concessa,
2711 3215 2859 3268 quae,
2899 3198 3043 3268 legis
3081 3200 3264 3252 vicem
3293 3197 3576 3264 obtinens,

1942 3293 2184 3362 largitur
2206 3292 2362 3363 ipsis,
2387 3295 2448 3346 ut
2476 3289 2871 3344 haereditatem
2900 3289 3117 3360 pariter
3137 3291 3293 3356 adire
3323 3293 3380 3344 et
3399 3293 3581 3344 trans-

1942 3385 2189 3451 mittere,
2233 3384 2368 3438 item
2409 3382 2610 3451 legatis
2644 3381 2917 3436 honorari
2946 3385 3006 3434 et
3026 3382 3220 3449 legata
3249 3381 3577 3452 relinquere

1943 3477 2178 3548 possint,
2213 3479 2270 3530 in
2305 3478 2598 3547 posterum
2632 3473 2874 3540 vacabit,
2898 3489 3087 3544 neque
3125 3490 3358 3544 prorsus
3402 3473 3577 3527 ullam

1941 3569 2275 3622 ﬁrmitatem
2299 3567 2550 3622 habebit.
2575 3567 2713 3620 Nam
2744 3566 2789 3619 si
2817 3565 2985 3635 hujus
3011 3582 3070 3618 se
3101 3565 3404 3618 clementia
3425 3565 3575 3618 iudi-

1943 3678 2088 3731 gnos
2107 3678 2228 3715 esse
2255 3659 2651 3732 perhibuerint
2669 3658 2766 3729 qui
2785 3657 3270 3713 Samaritanorum
3286 3657 3578 3726 agitantur

1939 3754 2189 3820 vesania,
2219 3753 2516 3807 neminem
2544 3752 2722 3806 alium
2755 3767 2925 3820 quam
2950 3750 3166 3820 seipsos
3203 3749 3573 3815 accusabunt,

1941 3863 2070 3900 cum
2089 3863 2123 3900 a
2141 3846 2497 3915 benignitate
2514 3845 2613 3899 Dei
2631 3848 2688 3898 et
2701 3842 3018 3898 Servatoris
3034 3841 3211 3896 nostri
3223 3843 3248 3896 J
3255 3858 3353 3895 esu
3368 3840 3577 3896 Christi

1941 3938 2116 3994 alieni
2144 3939 2275 3993 sint.
2305 3937 2696 3992 Liberalitates
2717 3939 2909 3990 autem
2941 3935 3012 3989 ab
3038 3933 3414 4005 imperatoria
3439 3933 3579 3989 olim

1941 4031 2242 4101 majestate
2263 4030 2396 4101 ipsis
2410 4045 2714 4085 concessas
2731 4029 3006 4083 amittunt
3032 4027 3093 4081 in
3121 4028 3250 4094 hoc,
3275 4029 3337 4081 ut
3364 4026 3438 4082 ad
3461 4043 3579 4081 me-

1941 4125 2142 4180 liorem
2158 4129 2410 4178 mentem
2432 4124 2696 4190 redeant,
2711 4138 2831 4177 non
2853 4127 2914 4175 ut
2929 4123 3207 4192 perpetuo
3229 4119 3288 4174 in
3310 4135 3581 4190 perversa

1941 4217 2048 4272 hac
2091 4215 2363 4287 opinione
2408 4232 2509 4269 sua
2549 4217 2949 4285 permaneant.
2973 4211 3294 4282 Excipimus
3321 4215 3514 4267 autem
3545 4227 3580 4266 a

1941 4309 2365 4381 praisentelege
2389 4308 2646 4373 rusticos,
2673 4307 2770 4377 qui
2789 4305 3284 4360 Samaritanorum
3300 4303 3582 4375 Opinioni-

1941 4402 2046 4456 bus
2066 4402 2348 4456 honorem
2365 4400 2613 4466 habent;
2640 4399 2812 4470 idque
2835 4415 2949 4452 non
2969 4398 3225 4468 ipsorum
3249 4397 3450 4468 gratia,
3476 4395 3578 4450 sed

1943 4497 2177 4564 propter
2212 4492 2680 4547 constitutionem
2711 4489 3062 4560 praadiorum
3083 4504 3211 4558 quas
3237 4488 3309 4542 ab
3335 4487 3471 4557 ipsis
3489 4503 3579 4542 co-

189 4599 325 4650 tem
384 4591 844 4662 imperatoriam,
916 4595 1114 4662 utpote
1158 4607 1288 4646 cum
1334 4592 1476 4646 nihil
1519 4591 1838 4646 divinarum
1857 4597 1917 4669 D
1939 4587 2153 4651 luntur,
2179 4590 2529 4656 propterque
2549 4583 2766 4637 reditus
2791 4585 2850 4634 et
2869 4581 3078 4634 tributa
3104 4596 3234 4651 quae
3260 4579 3468 4634 exinde
3494 4579 3582 4633 in-

185 4699 423 4750 rerum,
455 4688 512 4739 et
548 4700 676 4754 quas
707 4684 990 4738 costodire
1020 4684 1240 4755 justum
1270 4688 1373 4752 est,
1407 4701 1440 4739 a
1468 4685 1634 4739 nobis
1665 4683 1844 4755 negli-

188 4780 396 4852 gatur,
444 4776 545 4830 sed
571 4792 676 4848 per
705 4777 904 4832 omnia
936 4776 1266 4832 studeamus
1291 4782 1353 4832 ut
1379 4777 1704 4832 communis
1729 4777 1838 4831 rei-

183 4869 447 4944 publicae
478 4871 658 4924 status
675 4886 740 4924 ex
761 4869 956 4941 magni
977 4870 1077 4924 Dei
1099 4873 1157 4924 et
1177 4870 1492 4924 Servatoris
1516 4869 1693 4924 nostri
1708 4871 1840 4924 Jesu

181 4960 410 5022 Christi
437 4977 577 5032 erga
597 4962 864 5017 homines
885 4977 1082 5016 amore
1103 4963 1351 5016 fructum
1378 4963 1604 5017 auferat
1635 4977 1737 5032 per
1756 4978 1842 5015 re-

181 5053 748 5113 verendissimorum
780 5055 1029 5110 virorum
1061 5054 1410 5126 puritatem:
1453 5071 1628 5126 quam
1649 5057 1836 5109 custo-

183 5150 363 5205 dicnt
391 5151 450 5202 et
473 5147 683 5212 clerici,
716 5150 776 5202 et
801 5147 1086 5212 monachi,
1116 5153 1173 5202 et
1203 5147 1477 5218 episcopi,
1505 5153 1619 5202 tam
1653 5149 1835 5218 majo-

183 5259 289 5299 res
301 5256 481 5310 quam
497 5239 774 5307 minores,
793 5245 917 5295 tum
939 5256 1231 5295 sacrorum
1252 5256 1540 5294 memores
1553 5257 1838 5294 canonum
1861 5249 1882 5261 “

185 5341 326 5390 tum
352 5337 676 5386 nostrarum
699 5332 892 5402 legum
915 5336 974 5386 et
997 5331 1468 5386 constitutionum
1492 5333 1564 5387 de
1586 5333 1694 5388 hoc
1711 5349 1840 5387 con-

181 5427 566 5496 scriptarum,
601 5441 744 5496 quas
763 5430 819 5480 et
839 5426 1024 5478 valere
1057 5431 1114 5480 et
1142 5430 1296 5479 ratas
1316 5441 1439 5480 esse
1467 5442 1572 5496 per
1588 5442 1834 5496 praasen-

179 5528 315 5576 tem
347 5533 574 5588 quoque
601 5519 790 5588 legem
821 5516 1127 5572 sancimus.
1162 5517 1302 5582 Qua;
1322 5516 1498 5587 igitur
1527 5518 1693 5572 nobis
1712 5519 1833 5590 pla-

176 5613 463 5678 cuerunt,
493 5615 550 5665 et
578 5627 685 5682 per
713 5610 858 5664 hanc
887 5623 1106 5662 sacram
1133 5609 1498 5664 declarantur
1525 5610 1738 5681 legem,
1771 5627 1838 5664 ea

176 5718 550 5774 cognoscens
567 5701 749 5773 gloria
761 5707 878 5765 tua,
897 5698 1124 5754 effectui
1139 5705 1195 5754 et
1214 5699 1313 5753 lini
1343 5700 1568 5756 tradere
1585 5701 1832 5758 studeto.

177 5800 440 5857 Dat.xvu
465 5793 695 5850 Krlend.
728 5792 922 5870 April.,
950 5791 1266 5856 Constant.,
1296 5791 1508 5844 Arione
1531 5808 1646 5846 v.c.
1672 5809 1829 5847 cons.

1945 4679 2214 4732 feruntur
2243 4675 2493 4747 publico,
2523 4679 2590 4730 ut
2615 4675 2714 4745 qui
2740 4673 3058 4728 rusticitate
3084 4672 3447 4728 seducantur.
3481 4673 3578 4726 His

1942 4770 2152 4826 etenim
2165 4768 2550 4840 permittimus
2564 4772 2624 4821 ut
2635 4770 2756 4820 tam
2773 4765 3152 4820 ascendentes
3165 4765 3578 4836 quamdescen-
3663 4756 3672 4766 ’

1941 4865 2162 4928 dentes,
2195 4866 2254 4916 et
2279 4879 2345 4915 ex
2372 4866 2696 4916 transverso
2727 4862 3002 4930 cognatos
3041 4873 3174 4912 suos
3205 4857 3466 4911 hmredes
3491 4859 3574 4912 le-

1939 4957 2261 5027 gatariosve
2291 4954 2560 5019 scribant,
2592 4951 2823 5007 tametsi
2857 4949 3355 5006 Samaritanorum
3379 4966 3575 5005 errore

1939 5049 2324 5114 detineantur,
2357 5053 2418 5102 ut
2443 5051 2638 5101 tamen
2665 5043 2875 5098 fundos
2901 5047 3050 5099 recte
3067 5043 3278 5108 colant,
3313 5058 3428 5113 quo
3455 5059 3581 5096 ma-

1941 5143 2030 5214 gis
2061 5145 2118 5195 et
2139 5140 2366 5195 uberior
2389 5139 2594 5194 exinde
2614 5140 2919 5208 proventus
2937 5135 3006 5190 ad
3025 5134 3378 5206 prtediorum
3393 5134 3579 5190 domi-

1941 5253 2042 5290 nos
2073 5235 2385 5302 deferatur,
2417 5237 2472 5286 et
2509 5248 2611 5302 per
2639 5231 2792 5302 ipsos
2822 5229 2896 5284 ad
2928 5230 3145 5282 fiscum.
3187 5229 3300 5284 Sed
3355 5231 3414 5282 et
3457 5229 3580 5284 sine

1938 5327 2298 5383 testamentis
2328 5325 2585 5397 praedicti
2610 5325 2754 5378 alter
2797 5322 2869 5377 ad
2918 5321 3152 5376 alterius
3178 5322 3581 5377 hmreditatem

1935 5420 2278 5494 pervenient
2296 5423 2526 5490 propter
2545 5417 2813 5471 eamdem
2831 5431 3078 5470 causam.
3099 5415 3576 5486 Quandoquidem

1938 5519 1995 5569 et
2015 5515 2062 5568 si
2089 5528 2263 5567 nemo
2279 5513 2487 5566 horum
2502 5509 2850 5574 inveniatur,
2873 5507 3248 5562 nihilominus
3264 5512 3457 5562 tamen
3475 5522 3576 5561 vo-

1935 5608 2127 5662 lumus
2155 5610 2218 5660 ut
2245 5603 2448 5676 praedii
2476 5603 2743 5657 dominus
2787 5602 2845 5655 in
2873 5617 2987 5672 quo
3007 5601 3252 5655 rusticus
3277 5601 3578 5655 defunctus

1937 5705 2024 5754 est
2051 5699 2124 5753 ab
2151 5699 2247 5752 illo
2273 5698 2468 5751 relicta
2493 5696 2700 5766 capiat,
2719 5698 2777 5748 et
2802 5693 2920 5748 ﬁsci
2944 5695 3129 5749 locum
3153 5696 3358 5757 teneat,
3375 5693 3573 5760 utpote

1936 5793 2119 5862 quiet
2153 5808 2254 5862 pro
2282 5790 2376 5844 illo
2415 5789 2652 5859 publicis
2701 5787 2972 5842 satisfacit
3009 5785 3250 5840 tributis.
3290 5785 3572 5838 Praeterea

1933 5885 2357 5941 Samaritanum
2373 5882 2612 5938 omnino
2635 5897 2822 5953 neque
2852 5879 3114 5936 militiam
3135 5890 3422 5947 capessere
3437 5888 3570 5928 con-
