4088 6452
541 416 665 472 1051

1667 410 1914 467 S.ilCCl.l
1952 407 2139 465 SEXTI
2179 407 2726 463 SL'l’l’lJiMEN'l‘L'M.

3789 381 3948 442 1052

537 523 812 588 cedimus,
849 538 1032 593 neque
1074 519 1146 578 ad
1171 519 1394 577 civilem
1419 520 1962 577 administrationem
1989 533 2142 572 acce-
2163 525 2220 600 Α
2239 513 2466 569 licentia
2490 513 2564 566 sit
2589 513 2648 567 in
2669 527 2870 568 eorum
2897 505 3210 580 synagogis
3230 505 3438 600 Greca
3463 495 3664 600 etiam
3682 495 3950 564 lingua,

537 616 692 681 dere,
725 632 908 684 neque
933 615 1219 684 postulare
1239 614 1296 668 in
1312 613 1545 684 judicio,
1579 629 1761 683 neque
1775 615 2061 682 postremo
2081 609 2140 663 in

534 707 879 762 consortium
897 706 1396 761 disertissimorum
1412 706 1626 761 assumi
1637 707 2140 772 rhetorum,neque

534 798 924 853 adolescentes
953 799 1267 854 instituere.
1302 799 1412 854 Sed
1441 804 1498 853 et
1515 799 1559 852 si
1591 799 1686 869 qui
1711 815 1774 851 ex
1809 799 1874 852 iis
1909 794 2141 851 salutari

535 890 754 959 dignati
779 891 1080 962 baptismo,
1107 892 1179 946 ad
1213 892 1508 962 pristinum
1541 891 1730 945 denuo
1760 906 2012 945 errorem
2047 907 2139 944 re-

530 998 596 1036 ve
605 982 697 1050 rsi,
713 983 1011 1038 observare
1021 983 1256 1039 sabbata
1268 989 1366 1039 aut
1378 985 1546 1038 etiam
1569 984 1676 1039 alia
1691 983 1952 1054 quaedam
1971 998 2140 1052 agere

533 1073 852 1141 videantur,
893 1091 1020 1145 quae
1049 1079 1363 1145 coarguant
1385 1091 1486 1145 per
1523 1075 1941 1129 simulationem
1994 1075 2144 1144 ipsos

531 1170 788 1221 sanctum
825 1167 1108 1238 baptisma
1141 1168 1528 1238 assumpsisse,
1559 1183 1656 1221 eos
1687 1167 1959 1238 proscribi
1981 1167 2144 1238 jube-

534 1274 680 1324 mus,
714 1259 844 1314 etin
865 1263 1202 1330 perpetuum
1218 1261 1368 1315 tradi
1389 1260 1665 1316 exsilium.
1691 1260 1894 1314 Iisdem
1916 1275 2142 1330 quoque

537 1351 718 1421 poenis
735 1368 829 1405 eos
861 1352 1172 1419 subdimus,
1196 1353 1292 1422 qui
1323 1357 1522 1408 contra
1548 1355 1764 1407 rectam
1793 1352 2142 1406 Christiano-

537 1458 666 1496 rum
702 1443 875 1497 ﬁdem
913 1443 1155 1514 impium
1186 1445 1306 1498 istis
1345 1444 1724 1514 patrocinium
1755 1443 2140 1514 praestiterint.

533 1535 942 1604 Perpulchrum
965 1552 1096 1590 vero
1122 1536 1286 1590 nobis
1313 1535 1531 1590 videtur
1550 1539 1613 1590 ut
1631 1535 1704 1589 ad
1731 1535 2146 1590 incontamina-

534 1631 658 1680 tum
677 1619 1036 1681 accurrentes
1053 1627 1338 1698 baptisma
1370 1644 1486 1682 non
1510 1631 1726 1682 temere
1747 1627 2142 1698 suscipiantur,

535 1719 632 1772 sed
661 1735 788 1772 cum
822 1720 1070 1789 quadam
1095 1719 1484 1774 observatione
1511 1723 1569 1773 et
1597 1719 1988 1785 instructione,
2017 1736 2144 1790 qua:

537 1809 866 1864 initiationis
883 1817 1140 1881 tempore
1162 1811 1284 1865 ﬁeri
1311 1813 1472 1866 solet.
1488 1811 1734 1866 Dicimus
1757 1815 1951 1866 autem
1974 1815 2034 1865 ut
2046 1811 2143 1880 qui

537 1902 772 1956 omnino
803 1919 972 1956 sensu
996 1903 1188 1973 aliquo
1209 1903 1375 1957 bonas
1403 1903 1676 1958 doctrinas
1703 1904 1863 1974 tangi
1885 1908 2141 1974 possunt,

536 2011 638 2064 per
667 1993 808 2048 duos
829 1995 1075 2064 primum
1103 2010 1286 2049 annos
1315 1995 1373 2048 in
1403 1995 1515 2050 ﬁde
1549 1995 1935 2062 instituantur,
1958 1999 2017 2048 et
2040 2011 2145 2066 pro

535 2085 746 2140 viribus
776 2086 1089 2156 Scripturas
1119 2087 1407 2154 ediscant;
1446 2091 1691 2156 tuncque
1729 2088 1960 2141 demum
1987 2103 2146 2142 sacro

537 2177 950 2247 redemptionis
970 2178 1285 2232 offerantur
1313 2179 1661 2248 baptismati,
1685 2183 1803 2232 tam
1821 2178 1980 2246 longi
2005 2183 2148 2232 tem-

539 2269 692 2339 poris
717 2269 1049 2339 paenitentia
1078 2286 1306 2340 prorsus
1344 2271 1756 2341 redemptionis
1786 2271 2034 2325 fructum
2057 2287 2146 2325 as-

539 2361 733 2415 secuti.
777 2363 988 2416 Pueros
1035 2365 1228 2416 autem
1270 2362 1602 2427 admodum,
1653 2363 1748 2432 qui
1795 2380 1900 2433 per
1922 2367 2148 2417 aetatem

539 2452 823 2506 doctrinas
865 2453 1182 2522 intelligere
1223 2458 1533 2524 nequeunt,
1578 2455 1752 2509 etiam
1788 2456 2001 2524 absque
2042 2455 2150 2508 hac

541 2545 932 2599 observatione
958 2561 1116 2600 sacro
1149 2545 1371 2615 dignari
1406 2547 1746 2615 baptismate
1773 2547 2146 2601 admittimus.

537 2637 711 2691 Porro
765 2638 952 2691 nullus
1019 2637 1410 2692 Samaritanus
1473 2639 1855 2692 Christianum
1917 2638 2151 2694 habebit

539 2729 911 2798 mancipium,
940 2729 1040 2783 sed
1061 2729 1226 2784 simul
1252 2733 1423 2800 atque
1466 2735 1724 2801 emptum
1769 2730 1958 2796 fuerit,
2015 2747 2148 2801 pro-

540 2819 692 2875 tinus
718 2821 775 2874 in
811 2821 1132 2876 libertatem
1163 2822 1440 2892 rapiatur.

611 2912 774 2976 Quod
804 2913 848 2966 si
872 2929 1035 2982 asque
1060 2930 1328 2984 perversa
1371 2914 1641 2984 opinione
1685 2913 2056 2983 mancipium,
2092 2919 2153 2968 ut

540 3004 659 3074 ipse
691 3003 976 3070 dominus,
1007 3005 1197 3070 fuerit,
1227 3006 1442 3059 licitum
1465 3006 1514 3060 ei
1545 3009 1688 3069 esto,
1718 3005 1761 3058 si
1803 3004 2150 3059 Christiano-

539 3111 668 3149 rum
684 3095 755 3149 de
775 3096 884 3150 ﬁde
904 3096 1247 3150 sententiam
1269 3097 1636 3164 exosculetnr,
1661 3096 1806 3150 illico
1827 3100 1883 3150 et
1899 3097 2152 3151 Romana

2240 605 2493 676 itemque
2518 605 2705 676 patria
2731 621 2798 658 ac
2817 605 2987 668 forte,
3009 615 3224 670 nempe
3252 595 3480 660 Italica,
3511 595 3624 647 aut
3642 601 3949 659 quacun-

2241 715 2351 768 que
2375 697 2486 751 alia
2506 714 2608 767 pro
2629 697 2739 752 loci
2755 695 2980 750 ratione
3001 695 3227 748 mutata
3248 690 3480 757 lingua,
3501 698 3724 738 sacros
3741 679 3953 734 libros

2240 788 2686 858 intelligentibus
2705 789 2926 857 legere:
2947 801 3062 856 quo
3078 782 3268 853 magis
3285 796 3396 852 per
3416 779 3704 848 ipsorum
3727 769 3956 826 lectio-

2241 898 2372 936 nem
2400 881 2849 950 intelligentibus
2868 882 2990 932 tota
3013 877 3300 932 dictorum
3325 871 3516 926 series
3537 866 3778 923 ordine
3805 879 3949 917 ma-

2241 975 2445 1028 nifesta
2473 973 2562 1038 sit,
2601 971 3032 1040 secundumque
3059 985 3128 1022 ea
3163 973 3222 1021 et
3264 965 3453 1019 vitam
3485 967 3550 1016 et
3581 957 3805 1014 studia
3835 970 3954 1009 sua

2240 1065 2569 1126 instituant;
2593 1080 2779 1134 neque
2805 1063 3046 1116 facultas
3071 1060 3144 1115 sit
3172 1060 3444 1130 ipsorum
3476 1049 3954 1122 interpretibus

2242 1159 2339 1230 qni
2370 1160 2548 1214 solam
2581 1157 2910 1212 chraicam
2935 1156 3240 1209 assumunt
3264 1151 3546 1220 linguam
3589 1149 3660 1200 ut
3687 1160 3811 1198 suo
3845 1157 3950 1196 ar-

2239 1249 2449 1306 bitratu
2496 1250 2778 1304 malitiose
2817 1250 2966 1303 hanc
3010 1249 3288 1311 tractent,
3347 1242 3518 1313 vulgi
3567 1235 3953 1311 ignorantia

2243 1360 2402 1398 suam
2433 1346 2694 1414 tegentes
2719 1340 3174 1412 improbitatem.

2313 1435 2613 1490 Enimvero
2642 1435 2740 1504 qui
2769 1436 2966 1488 Graeca
2992 1432 3196 1501 lingua
3217 1431 3432 1500 legunt
3462 1431 3730 1481 utentur
3750 1425 3954 1477 inter-

2241 1528 2561 1598 pretatione
2577 1525 2968 1596 Septuaginta,
2983 1540 3114 1594 quae
3127 1522 3412 1578 omnibus
3435 1519 3722 1574 exactior
3745 1521 3869 1582 est,
3889 1521 3958 1572 et

2242 1623 2452 1691 praeter
2483 1625 2718 1673 ceeteras
2749 1619 2930 1672 multa
2973 1615 3234 1670 continet
3273 1613 3542 1679 occulta,
3583 1611 3955 1682 praesertim

2243 1728 2375 1766 vero
2405 1715 2641 1782 prapter
2666 1710 2724 1764 id
2745 1709 2900 1780 quod
2931 1707 2989 1762 in
3019 1703 3480 1776 interpretando
3500 1703 3760 1758 accidit.
3793 1703 3954 1756 Nam

2241 1820 2370 1858 cum
2395 1802 2754 1874 semperbini
2775 1800 3016 1855 seorsim
3040 1797 3300 1854 conclusi
3325 1800 3558 1862 essent,
3592 1799 3662 1850 et
3687 1794 3957 1849 diversis

2245 1896 2378 1948 locis
2402 1897 2926 1964 interpretarentur,
2949 1907 3130 1946 unam
3155 1895 3358 1944 tamen
3381 1904 3607 1942 omnes
3639 1887 3960 1957 composi-

2244 1991 2462 2045 tionem
2494 1987 2814 2041 ediderunt.
2847 1985 2928 2040 Ad
2949 1985 3072 2038 haec
3104 1983 3236 2053 quis
3253 1998 3378 2036 non
3401 1980 3564 2035 illud
3583 1980 3652 2034 in
3673 1980 3779 2034 his
3809 1979 3958 2033 viris

2244 2081 2572 2144 admiretur,
2595 2077 2746 2148 quod
2766 2093 2895 2131 cum
2913 2077 3089 2145 longo
3117 2080 3389 2144 tempore
3405 2073 3754 2126 salutarem
3774 2087 3963 2142 appa-

2246 2173 2508 2228 ritionem
2542 2170 2738 2240 magni
2771 2169 2872 2223 Dei
2895 2172 2952 2222 et
2970 2165 3292 2222 Servatoris
3315 2165 3510 2218 nostri
3544 2167 3697 2218 Jesu
3729 2164 3964 2219 Christi

2247 2263 2658 2336 praecesserint,
2673 2267 2870 2316 tamen
2882 2260 3038 2314 illam
3052 2259 3313 2314 futuram
3332 2256 3514 2328 quasi
3533 2257 3966 2328 praesentibus

2247 2360 2546 2412 cernentes
2565 2354 2758 2419 oculis,
2780 2351 3118 2424 prophetica
3137 2349 3600 2420 quodammodo
3634 2349 3847 2419 gratia
3880 2350 3969 2420 ip-

2247 2465 2335 2503 sos
2359 2447 2848 2515 circumfulgente,
2878 2459 3174 2497 sacrorum
3191 2442 3276 2496 illi
3298 2441 3616 2496 librorum
3651 2441 3971 2513 interpre-

2247 2541 2521 2595 tationem
2543 2536 3082 2593 accommodarunt?
3101 2538 3290 2604 Atque
3315 2534 3432 2588 hac
3449 2534 3718 2604 quidem
3741 2551 3966 2588 omnes

2249 2631 2529 2703 praecipue
2574 2633 2824 2683 utentur.
2853 2629 2931 2682 Ne
2961 2633 3158 2682 tamen
3189 2626 3247 2680 in
3283 2642 3420 2680 eam
3455 2626 3846 2696 opinionem
3880 2643 3974 2680 ve-

2250 2725 2425 2788 niant,
2459 2721 2620 2792 quasi
2653 2724 2884 2774 caeteras
2923 2717 3446 2788 interpretationes
3475 2719 3968 2784 excluserimus,

2249 2817 2449 2870 damus
2467 2813 2574 2867 illis
2588 2812 2874 2867 licentiam
2887 2814 2952 2865 ut
2969 2810 3145 2865 etiam
3167 2809 3704 2880 interpretatione
3726 2812 3970 2882 Aquila:

2248 2911 2501 2970 utantur,
2527 2904 2753 2959 tametsi
2788 2903 2900 2957 illae
2937 2902 3172 2957 diversae
3207 2901 3480 2956 nationis
3519 2903 3757 2971 fuerit,
3805 2908 3872 2958 et
3911 2904 3972 2958 in

2250 2999 2539 3054 nonnullis
2565 2995 2909 3051 dictionibus
2943 3011 3058 3049 non
3091 2993 3460 3048 mediocrem
3500 3011 3660 3050 cum
3705 2997 3970 3067 Septua-

2251 3091 2410 3162 ginta
2454 3089 2662 3144 habeat
2707 3086 3116 3141 differentiam.
3175 3085 3322 3150 Quae
3371 3102 3524 3140 vero
3587 3087 3973 3156 deuterosis,

543 3187 727 3256 ipsum
752 3186 1013 3241 libertate
1035 3187 1220 3257 potiri.
1245 3187 1381 3252 Qum
1411 3187 1582 3258 igitur
1607 3188 1767 3242 nobis
1792 3189 2146 3258 placuerunt,
2171 3207 2225 3280 Ο
2251 3200 2390 3253 quas
2431 3179 2768 3280 secundaria
2799 3179 3010 3232 tradito
3040 3179 3114 3232 ab
3143 3177 3575 3280 ipsisndieitur,
3611 3180 3688 3234 in
3729 3182 3982 3235 univer-

541 3281 599 3331 et
625 3294 730 3347 per
753 3282 1092 3348 praesentem
1119 3279 1705 3348 declaranturlegem,
1729 3296 1798 3334 ea
1825 3295 2151 3350 proponens

541 3369 722 3438 gloria
751 3374 846 3424 tua
879 3370 1227 3426 solemnibus
1252 3371 1403 3437 locis,
1433 3371 1658 3426 effectui
1681 3375 1737 3426 et
1765 3371 1865 3427 fini
1891 3370 2151 3426 contradi

541 3462 855 3535 praecipito.

1069 3533 1160 3588 ΝΟ
1168 3534 1379 3588 VELLA
1407 3533 1616 3588 CXLVI.

577 3627 648 3680 De
666 3625 924 3688 Hebreis,
953 3626 1212 3694 quomodo
1231 3631 1470 3696 oporteat
1492 3641 1574 3680 eos
1593 3628 1903 3696 Scripturas
1925 3627 2113 3696 legere.

610 3742 926 3810 Imperator
959 3739 1308 3795 Justinianus
1345 3745 1626 3810 Augustus
1665 3739 1994 3817 Areobindo
2037 3741 2153 3812 glo-

540 3832 852 3888 riosissimo
876 3832 1277 3904 praetoriorum
1301 3833 1588 3902 praefecto.

610 3927 852 3995 Equum
877 3941 1014 3979 sane
1041 3928 1164 3980 erat
1189 3928 1252 3978 ut
1270 3925 1510 3990 Hebraei,
1537 3941 1664 3979 cum
1681 3925 1853 3979 sacris
1878 3925 2034 3979 libris
2049 3942 2148 3979 au-

541 4030 634 4068 res
664 4013 943 4082 praahent,
971 4030 1087 4068 non
1112 4013 1308 4068 leviter
1322 4017 1379 4068 et
1395 4013 1562 4068 rebus
1591 4014 1951 4068 solummodo
1977 4015 2154 4084 gestis

543 4101 982 4168 delectarentur,
1013 4101 1114 4154 sed
1139 4101 1460 4156 reconditos
1488 4101 1544 4155 in
1563 4102 1698 4172 ipsis
1724 4117 1921 4156 sensus
1939 4105 2153 4171 specta-

542 4195 692 4257 rent,
716 4209 820 4262 per
839 4209 980 4262 quos
999 4209 1274 4264 magnum
1288 4193 1368 4248 illi
1391 4195 1570 4249 Deum
1589 4199 1646 4248 et
1666 4195 2027 4250 Servatorem
2045 4195 2150 4249 hu-

541 4284 698 4338 mani
745 4285 973 4353 generis
1007 4287 1197 4340 Jesum
1225 4286 1509 4341 Christum
1549 4286 1915 4340 annuntiant.
1942 4287 2152 4341 Verum

541 4377 830 4431 enimvero
853 4377 1112 4447 quamvis
1133 4377 1266 4432 dum
1286 4379 1631 4432 commentis
1652 4378 2147 4448 interipsosinter-

538 4468 953 4538 prolationibus
978 4487 1037 4524 se
1066 4470 1455 4536 committunt,
1476 4470 1535 4524 in
1557 4471 1708 4524 hunc
1731 4486 1908 4540 usque
1933 4469 2086 4524 diem
2117 4486 2150 4524 a

2250 3291 2372 3329 sum
2401 3271 2810 3336 interdicimus,
2834 3274 2899 3324 ut
2926 3287 3054 3340 quin
3082 3270 3262 3324 sacris
3282 3270 3455 3324 libris
3489 3274 3982 3344 comprehensa

2250 3383 2365 3421 non
2400 3365 2490 3431 sit,
2518 3380 2704 3434 neque
2735 3363 2985 3433 desuper
3014 3363 3228 3416 tradita
3273 3379 3380 3433 per
3429 3365 3829 3434 prophetas,
3877 3368 3981 3422 sed

2248 3461 2503 3528 excerpta
2546 3456 2808 3526 quaedam
2861 3454 3116 3508 virorum
3157 3454 3490 3521 contineat,
3545 3457 3668 3527 qui
3721 3463 3980 3514 terrena

2251 3549 2529 3605 duntaxat
2565 3548 2896 3617 loquantur,
2940 3561 3132 3617 neque
3173 3545 3517 3618 quidquam
3549 3547 3621 3602 in
3659 3567 3736 3604 se
3787 3551 3978 3607 divini

2249 3641 2495 3696 habeant
2522 3639 2796 3694 numinis.

2321 3733 2432 3789 Sed
2468 3735 2526 3786 et
2559 3731 2710 3802 ipsas
2742 3729 2944 3801 utique
2965 3745 3158 3784 sacras
3188 3745 3366 3784 voces
3391 3731 3644 3802 legant,
3693 3753 3852 3792 cum
3885 3756 3977 3792 sa-

2249 3842 2374 3882 cros
2406 3825 2578 3879 libros
2603 3823 2903 3886 evolvunt;
2942 3837 3134 3892 neque
3168 3821 3442 3877 celantes
3492 3841 3579 3880 ea
3631 3844 3798 3898 quae
3839 3831 3978 3884 inibi

2249 3919 2473 3990 prolata
2507 3921 2658 3982 sunt,
2701 3915 3398 3970 extrinsecusassumant
3446 3933 3799 3990 nusquam
3834 3925 3978 3977 εςιιί-

2249 4013 2375 4081 ptas
2398 4025 2598 4064 vocum
2623 4007 2952 4073 inanitates,
2977 4006 3050 4062 ab
3072 4006 3214 4077 ipsis
3243 4006 3322 4061 ad
3356 4009 3822 4078 perditionem
3846 4018 3980 4071 sim-

2249 4101 2545 4173 pliciorum
2570 4100 2934 4170 excogitatas.

2321 4193 2479 4248 Unde
2491 4193 2598 4246 hac
2619 4209 2652 4245 a
2670 4191 2837 4246 nobis
2857 4191 3101 4262 praebita
3123 4191 3392 4260 licentia,
3408 4209 3636 4266 neque
3658 4202 3980 4273 aliquibus

2249 4285 2482 4340 omnino
2503 4283 2820 4338 subdentur
2835 4283 3154 4354 dispendiis
3174 4283 3236 4338 hi
3263 4285 3371 4354 qui
3392 4287 3706 4347 Graecam
3743 4299 3812 4348 et
3843 4297 3980 4350 alias

2247 4378 2474 4448 linguas
2487 4378 2807 4442 assumunt,
2827 4391 3015 4445 neque
3035 4375 3176 4430 item
3191 4375 3268 4429 ab
3280 4377 3408 4432 ullo
3423 4381 3976 4448 prohibebuntur.

2248 4473 2439 4540 Neque
2453 4468 2549 4538 qui
2569 4467 3064 4538 archipherecita),
3090 4473 3192 4521 aut
3217 4469 3500 4525 seniores
3537 4473 3845 4547 interim,
3884 4486 3982 4533 aut

541 4565 695 4614 recta
730 4561 1015 4616 sententia
1055 4563 1392 4616 aberrarunt
1419 4579 1432 4616 :
1469 4562 1603 4632 quia
1627 4567 1817 4616 tamen
1851 4561 2147 4616 didicimus
2166 4557 2224 4628 D
2247 4563 2413 4617 etiam
2435 4559 2696 4628 magistri
2716 4557 2868 4628 apud
2888 4575 2986 4612 eos
3006 4559 3408 4629 appellantur,
3427 4563 3781 4625 licentiam
3805 4572 3980 4626 habe—

538 4653 751 4708 habero
777 4653 929 4724 ipsos
958 4654 1107 4708 inter
1129 4671 1186 4708 se
1218 4654 1681 4720 controversiam,
1723 4670 1841 4708 non
1889 4653 2151 4708 sustinui-

539 4761 666 4798 mus
691 4761 820 4799 eum
853 4747 1156 4800 tumultum
1186 4747 1507 4816 relinquere
1534 4745 1668 4815 ipsis
1688 4745 2145 4815 incompositum.

539 4836 834 4906 Siquidem
863 4855 964 4908 per
979 4837 1466 4908 interpellationes
1478 4855 1602 4908 qua:
1623 4837 1693 4891 ad
1712 4854 1816 4892 nos
1829 4839 2151 4892 referuntur

541 4928 838 4983 didicimus
854 4929 1006 4998 quod
1037 4946 1101 4983 ex
1117 4929 1252 4999 ipsis
1265 4930 1498 5000 quidam
1519 4931 1638 4984 sola
1657 4929 1856 4998 lingua
1885 4933 2152 4982 tenentur

540 5020 828 5086 chraica,
849 5038 1028 5092 eaque
1045 5022 1324 5076 utendum
1345 5039 1465 5077 esse
1484 5022 1542 5076 in
1569 5038 1857 5077 sacrorum
1877 5021 2150 5076 librorum

538 5111 780 5166 lectione
802 5114 1016 5180 volunt,
1036 5113 1267 5183 quidam
1289 5114 1462 5168 etiam
1481 5114 1728 5168 Gra‘cam
1743 5112 2148 5168 assumendam

540 5205 911 5272 contendunt,
943 5210 998 5259 et
1029 5207 1195 5276 longo
1215 5207 1338 5274 jam
1367 5209 1626 5276 tempore
1647 5222 1712 5260 ea
1743 5205 1814 5259 de
1835 5221 1896 5258 re
1923 5205 2151 5260 seditio-

539 5311 642 5347 nes
663 5295 812 5350 inter
838 5315 896 5350 se
926 5297 1164 5366 agitant.
1198 5299 1309 5353 Nos
1339 5298 1512 5367 igitur
1537 5297 1606 5352 de
1638 5298 1743 5352 hac
1768 5297 2151 5352 controversia

541 5385 746 5451 edocti,
779 5388 1041 5444 meliores
1069 5407 1190 5444 esse
1213 5390 1590 5460 judicavimus
1627 5407 1724 5444 eos
1769 5389 1867 5459 qui
1898 5390 2150 5444 Graecam

543 5479 712 5531 etiam
739 5478 991 5546 linguam
1020 5481 1076 5534 in
1107 5499 1396 5537 sacrorum
1417 5470 1691 5536 librorum
1713 5482 2152 5536 lectionevolue-

539 5572 675 5624 runt
717 5586 1022 5638 assumere,
1055 5576 1112 5626 et
1138 5574 1270 5642 (uno
1301 5574 1486 5643 verbo)
1516 5591 1745 5628 omnem
1773 5572 2019 5643 denique
2048 5573 2151 5627 lin-

540 5679 712 5733 guam
745 5679 916 5732 quam
936 5664 1087 5718 locus
1113 5667 1687 5720 accommodatiorem
1708 5670 1765 5719 ct
1785 5665 1968 5734 magis
1982 5666 2146 5719 fami-

541 5754 741 5808 liarem
782 5755 985 5809 reddat
1022 5755 1390 5810 auditoribus.
1435 5759 1732 5812 Sancimus
1773 5757 1945 5827 igitur
1990 5762 2051 5811 ut
2091 5757 2149 5811 in

543 5845 746 5914 quibus
762 5845 1142 5902 omninolocis
1165 5846 1380 5902 llebrazi
1399 5853 1546 5914 sunt,
1571 5850 1814 5905 Hebraeis
1836 5849 1932 5920 qui
1954 5850 2152 5906 volunt

2248 4655 2391 4709 bunt
2409 4656 2469 4707 ut
2488 4651 2658 4706 vafris
2685 4650 3030 4720 quibusdam
3047 4653 3418 4707 commentis
3446 4663 3562 4712 aut
3599 4664 3975 4719 anathema-

2251 4745 2427 4800 tismis
2443 4744 2501 4798 id
2513 4743 2872 4814 prohibeant,
2887 4741 3000 4796 nisi
3013 4742 3196 4796 velint
3214 4749 3670 4815 corporalibus
3688 4758 3974 4827 castigati

2249 4837 2449 4908 pmnis,
2497 4841 2667 4906 atque
2695 4834 2930 4904 insuper
2959 4834 3130 4888 bonis
3162 4837 3434 4906 spoliati,
3473 4843 3584 4897 vel
3622 4845 3818 4904 inviti
3855 4867 3982 4905 ροη.

2249 4930 2460 4984 sentire
2485 4919 2668 4993 nobis,
2703 4926 2800 4996 qui
2831 4931 2888 4980 et
2916 4928 3325 4996 prmstantiora
3361 4937 3427 4986 et
3463 4934 3601 4990 Deo
3638 4944 3864 5014 magis
3893 4961 3980 4997 ac-

2249 5026 2412 5092 cepta
2435 5019 2672 5075 velimus
2693 5018 3144 5090 jubeamusque.
3174 5023 3356 5076 Certe
3393 5025 3444 5078 si
3473 5029 3636 5098 quis
3667 5033 3905 5106 impias
3930 5041 3980 5089 et

2250 5113 2550 5181 sacrilegas
2567 5127 2768 5165 vocum
2790 5110 3100 5166 inanitates
3119 5111 3518 5174 introducere
3545 5127 3981 5194 attentaverit,

2251 5211 2308 5260 et
2333 5206 2418 5260 vel
2442 5209 2802 5258 mortuorum
2842 5205 3366 5274 resurrectionem,
3404 5213 3506 5266 vel
3530 5214 3874 5283 judicium
3902 5240 3985 5276 ex-

2247 5303 2499 5353 tremum
2544 5312 2780 5366 negare,
2809 5299 2910 5349 aut
2947 5295 3246 5352 affirmare
3279 5303 3454 5370 quod
3489 5306 3902 5378 ligrnentum
3932 5321 3984 5368 et

2248 5395 2508 5445 creatura
2537 5388 2636 5442 Dei
2670 5404 2774 5459 per
2809 5389 3050 5457 angelos
3097 5390 3412 5460 subsistat.
3473 5397 3545 5452 hi
3583 5405 3892 5462 volumus
3929 5412 3984 5461 ut

2250 5482 2420 5536 etiam
2443 5480 2708 5536 omnibus
2724 5479 2862 5533 locis
2883 5497 2948 5534 ex
2959 5481 3290 5550 pellantur;
3315 5502 3537 5558 neque
3567 5497 3720 5552 tanl
3740 5503 3986 5555 mﬂedi-

2249 5590 2378 5628 cam
2424 5589 2621 5628 vocem
2658 5571 2948 5636 emittant,
2991 5573 3091 5642 qui
3129 5573 3189 5628 in
3215 5575 3600 5641 universum
3631 5589 3784 5660 ipsa
3811 5596 3983 5649 etiam

2250 5665 2571 5736 cognitione
2592 5664 2694 5720 Dei
2721 5663 3076 5718 exciderunt.
3101 5667 3216 5720 Eos
3239 5669 3408 5725 enim
3430 5677 3550 5744 qui
3588 5679 3797 5754 hujus
3821 5704 3986 5758 gene-

2249 5757 2326 5812 ris
2348 5757 2558 5827 aliquid
2585 5756 2847 5826 proloqui
2875 5759 3354 5825 pertentaverint
3386 5771 3714 5831 omnium
3740 5756 3984 5835 acerbis-

2250 5849 2404 5906 simis
2419 5848 2708 5923 suppliciis
2733 5847 2856 5922 subj
2865 5847 3090 5918 icimus,
3109 5849 3476 5914 introducto
3499 5878 3632 5936 per
3649 5869 3778 5929 hos
3795 5891 3928 5929 erro
3937 5890 3982 5928 ηδ
