4088 6420
281 387 416 444 1033

1011 389 1374 446 JUSTlNIANl
1414 389 1622 444 LEGES
1658 387 1990 446 δΕιΕΟΤίΕ.
2035 387 2158 440 LIB.
2203 386 2242 450 l,
2283 387 2410 442 'l'lT.
2452 388 2539 452 Ill,
2581 387 2707 443 LEX
2749 385 2902 442 XLII.

3499 379 3668 435 luat.

269 499 504 567 gentem
554 497 924 552 Hebrmorum
966 497 1364 568 depurgantes.
1417 498 1480 551 In
1527 496 1668 551 votis
1709 499 1901 550 autem
1922 507 1981 582 Α
2002 495 2099 549 Dei
2143 498 2305 566 putat
2336 495 2398 549 in
2440 494 2554 548 sola
2599 497 2765 548 sectae
2798 489 3172 564 appellatione
3219 485 3467 582 versari.
3494 486 3630 582 Qua:

267 589 554 646 habemus
580 594 644 644 ut
668 607 770 662 per
798 591 944 645 hanc
973 594 1031 645 et
1058 590 1211 644 illam
1245 590 1504 661 linguam
1537 589 1707 644 sacris
1738 588 1898 644 libris

267 681 590 751 praebentes
602 699 784 749 aures,
807 688 864 738 et
876 683 1250 752 interpretum
1267 682 1692 752 perversitatem
1713 682 1900 736 obser-

266 779 424 844 vent,
471 791 654 846 neque
689 775 823 829 solis
863 775 1158 830 attendant
1198 774 1421 841 litteris,
1459 775 1554 829 sed
1596 791 1686 830 res
1728 775 1897 830 etiam

265 867 422 936 ipsas
447 867 769 938 degustant,
797 871 854 922 et
875 867 1201 922 sacratiores
1219 867 1452 922 omnino
1480 883 1678 922 sensus
1710 867 1894 938 perci-

261 959 452 1029 piant,
483 975 599 1030 quo
631 959 809 1030 magis
836 964 894 1014 et
916 961 1065 1031 quod
1092 960 1450 1030 praestantius
1475 965 1560 1014 est
1586 959 1893 1028 addiscant,

263 1057 326 1106 et
345 1052 650 1124 aliquando
677 1053 860 1124 decipi
888 1058 1058 1123 atque
1085 1053 1154 1107 ab
1173 1069 1259 1120 eo,
1291 1053 1440 1123 quod
1471 1052 1727 1108 omnium
1756 1069 1898 1122 prae-

262 1145 679 1198 stantissimum
723 1151 826 1212 est,
848 1161 1056 1215 nempe
1083 1145 1141 1200 in
1169 1147 1346 1200 Deum
1372 1145 1598 1214 fiducia,
1630 1145 1896 1201 aberrare

261 1236 548 1293 desinant.
579 1239 878 1308 Propterea
905 1237 1059 1292 enim
1097 1254 1324 1293 omnem
1361 1238 1497 1309 ipsis
1532 1238 1788 1309 linguam
1823 1239 1896 1294 ad

263 1345 561 1383 sacrorum
592 1330 868 1384 librorum
890 1330 1187 1385 lectionem
1200 1331 1547 1402 aperuimus,
1562 1336 1627 1386 ut
1641 1331 1686 1384 si
1698 1347 1895 1386 omnes

261 1421 468 1477 ordine
511 1438 708 1476 eorum
751 1423 1048 1477 scientiam
1090 1423 1524 1494 amplectantur,
1547 1423 1618 1478 ad
1645 1424 1894 1491 meliora

257 1514 635 1585 perdiscenda
665 1515 977 1569 reddantur
1005 1515 1267 1586 aptiores,
1299 1532 1430 1570 cum
1456 1515 1514 1570 in
1543 1516 1794 1571 confesso
1824 1516 1896 1570 sit

259 1607 446 1661 multo
472 1606 807 1677 paratiorem
849 1607 919 1661 ad
955 1607 1192 1662 meliora
1222 1607 1586 1662 discernenda
1615 1613 1672 1662 et
1697 1625 1890 1679 capes-

257 1699 442 1753 senda
471 1715 592 1754 esse
623 1716 754 1754 eum
785 1699 882 1770 qui
911 1715 1201 1754 sacrorum
1231 1700 1505 1754 librorum
1532 1701 1772 1756 lectione
1801 1701 1890 1756 in-

257 1791 532 1860 nutritus,
565 1808 681 1846 non
727 1791 899 1862 longe
928 1810 961 1846 a
986 1793 1356 1860 correctione,
1396 1798 1452 1848 et
1500 1799 1560 1848 ut
1587 1793 1659 1847 ad
1684 1793 1893 1848 bonam

1996 589 2173 660 igitur
2201 587 2367 644 nobis
2405 589 2758 658 placuerunt,
2789 590 2845 641 et
2870 601 2975 656 per
3001 584 3148 638 hanc
3175 597 3394 636 sacram
3439 579 3626 634 decla-

1995 686 2196 738 rantur
2226 681 2433 750 legem,
2473 696 2538 734 ea
2574 677 2895 736 observabit
2935 681 3051 732 tam
3091 674 3268 746 gloria
3303 678 3420 740 tua,
3451 687 3628 744 quam

1994 774 2198 832 cohors
2238 773 2341 828 tibi
2379 773 2796 839 obtemperans.
2839 768 3167 825 Observabit
3207 771 3401 822 autem
3442 770 3500 820 et
3527 763 3628 836 qui

1994 883 2100 938 pro
2124 871 2382 936 tempore
2407 866 2466 920 in
2487 864 2774 935 fastigium
2799 862 3163 933 magistratus
3189 859 3270 914 tui
3295 858 3627 920 collocatur,

1994 975 2178 1029 neque
2204 957 2520 1014 committet
2551 962 2618 1012 ut
2647 955 2865 1011 Hebraai
2893 961 3088 1010 contra
3113 954 3234 1008 haec
3258 948 3626 1038 faciant.'Sed

1995 1055 2052 1107 et
2071 1067 2165 1105 eos
2191 1050 2290 1121 qui
2317 1050 2658 1118 obstiterint,
2689 1055 2746 1104 et
2779 1047 3011 1103 omnino
3041 1045 3341 1118 prohibere
3381 1047 3624 1097 attenta-

1995 1143 2198 1209 verint,
2225 1142 2614 1213 corporalibus
2644 1141 2894 1212 primum
2917 1139 3098 1211 poenis
3123 1137 3393 1200 subditos,
3425 1135 3622 1190 adem-

1993 1235 2107 1306 ptis
2145 1235 2318 1288 etiam
2359 1233 2540 1296 bonis,
2586 1233 2883 1302 compellet
2919 1232 3168 1286 incolere
3215 1229 3499 1296 exsilium,
3551 1241 3624 1281 ne

1992 1327 2220 1398 quando
2273 1326 2607 1382 insolentius
2665 1342 2723 1378 se
2780 1331 2836 1378 et
2883 1323 3188 1378 temerario
3242 1337 3384 1375 ausu
3431 1323 3627 1373 contra

1990 1421 2165 1476 Deum
2193 1419 2405 1490 pariter
2427 1423 2484 1472 et
2526 1417 2880 1488 majestatem
2909 1413 3330 1486 imperatoriam
3364 1412 3621 1468 efferant.

1992 1513 2188 1567 Utetur
2217 1515 2410 1566 autem
2438 1517 2494 1564 et
2511 1509 2859 1580 jussionibus
2888 1509 2956 1562 ad
2987 1507 3400 1575 provinciarum
3426 1502 3621 1575 praesi-

1991 1604 2107 1672 des,
2128 1603 2446 1674 adjungens
2472 1602 2606 1672 ipsis
2627 1602 2812 1672 legem
2834 1605 3110 1668 nostram,
3133 1604 3197 1653 ut
3216 1603 3274 1652 et
3291 1597 3399 1670 ipsi
3421 1597 3490 1651 de
3516 1596 3623 1650 hoc

1991 1696 2173 1751 edocti
2209 1711 2313 1767 per
2341 1694 2595 1765 singulas
2621 1694 2790 1748 urbes
2825 1693 2970 1747 hanc
3003 1695 3322 1762 proponant
3352 1709 3365 1743 :
3399 1688 3622 1743 scituris

1991 1789 2142 1860 quod
2173 1787 2482 1842 necessario
2511 1787 2633 1840 hmo
2661 1785 3007 1840 observanda
3029 1784 3160 1853 sint,
3191 1787 3440 1837 nostram
3469 1781 3618 1835 indi-

254 1886 489 1954 frugem
516 1856 876 1954 perducatur,
904 1884 1154 1952 dissidet,
1183 1856 1356 1956 quam
1389 1885 1489 1956 qui
1516 1885 1661 1940 nihil
1687 1886 1892 1940 horum
1911 1856 1969 1928 Β
1995 1856 2322 1951 gnationem
2352 1878 2756 1933 metuentibus.
2788 1879 2906 1931 Dat.
2937 1877 3016 1931 ld.
3052 1875 3234 1943 Febr.,
3265 1871 3616 1929 Constantia.

252 1976 546 2047 intelligit,
597 1977 694 2031 sed
727 1992 796 2031 ex
839 1977 954 2031 solo
1000 1977 1290 2048 religionis
1329 1978 1559 2032 nomine
1597 1977 1892 2048 dependet,

251 2069 430 2139 eique
452 2073 721 2139 tanquam
749 2085 920 2123 sacrm
947 2069 1500 2136 adhaeretanchorze,
1525 2075 1580 2124 et
1608 2069 1899 2124 scientiam

253 2248 599 2262 ..ο-*-

1495 2256 1894 2265 —————_

1994 1977 2092 2032 dn.
2123 1975 2325 2032 Justin.
2354 1977 2454 2030 PP.
2491 1975 2751 2047 Augusti,
2785 1974 2980 2029 Basilio
3009 1989 3060 2027 v.
3083 1990 3131 2028 c.
3163 1987 3318 2026 cons.

2595 2255 2776 2263 _-——-—-—

1319 2421 1870 2500 JUSTINIANI
1924 2420 2574 2500 IMPERATORIS

995 2603 1670 2750 LEGES
1803 2601 2812 2749 SELECTzE
2847 2711 2882 2767 ,

635 2843 886 2922 Quibus
925 2845 1231 2910 Ecclesiae
1273 2864 1375 2910 res
1418 2846 1724 2908 tractavit
1761 2845 1868 2908 vel
1903 2863 2095 2908 suam
2139 2845 2208 2906 in
2250 2845 2456 2908 Deum
2493 2845 2802 2926 pietatem
2845 2848 3109 2905 testatus
3149 2847 3259 2902 est.

836 3177 958 3231 LIB.
989 3179 1028 3244 ι,
1067 3178 1195 3232 τιτ.
1238 3178 1326 3232 ιιι.

699 3274 772 3325 De
812 3272 1072 3340 episcopis
1117 3276 1168 3324 ct
1213 3271 1436 3326 clericis.

915 3451 1040 3504 LEX
1078 3449 1231 3504 XLII.

319 3545 642 3614 Imperator
662 3541 1008 3598 Justinianus
1039 3544 1328 3612 Augustus
1351 3541 1578 3597 Atarbio
1617 3539 1880 3612 praefecto

241 3636 546 3708 praetorio.

322 3730 566 3784 Omnem
604 3727 934 3783 adhibentes
971 3727 1384 3798 providentiam
1421 3727 1567 3781 circa
1597 3726 1878 3781 sanctissi-

237 3839 377 3878 mas
401 3821 660 3877 ecclesias
683 3821 745 3876 in
786 3821 1068 3875 honorem
1105 3826 1160 3875 et
1191 3819 1430 3890 gloriam
1461 3825 1666 3874 sanctas
1695 3823 1752 3874 et
1788 3819 1878 3872 in-

243 3920 540 3986 corruptae
571 3918 630 3968 et
653 3913 966 3968 homousiaa
995 3913 1302 3980 Trinitatis,
1331 3928 1436 3983 per
1460 3929 1633 3983 quam
1683 3915 1742 3968 et
1779 3929 1882 3966 nos

241 4013 308 4065 et
335 4023 698 4063 communem
728 4005 1138 4078 rempublicam
1166 4005 1342 4060 salvos
1364 4005 1486 4060 fore
1516 4004 1878 4076 credidimus,

241 4101 576 4157 insistentes
586 4099 756 4155 etiam
771 4099 1039 4154 doctrina:
1051 4102 1378 4153 sanctorum
1395 4097 1774 4169 apostolorum
1783 4140 1796 4166 ,
1815 4098 1882 4152 de

237 4193 503 4250 creandis
526 4192 1090 4262 irreprehensibilibus
1109 4189 1506 4259 sacerdotibus,
1531 4189 1629 4262 qui
1649 4190 1882 4261 quidem

239 4289 322 4342 ob
355 4287 418 4340 id
446 4285 801 4358 potissimum
831 4285 1183 4350 ordinantur,
1215 4288 1276 4338 ut
1303 4282 1418 4338 suis
1439 4283 1701 4354 precibus
1725 4282 1882 4338 beni-

243 4379 536 4452 gnitatem
560 4377 960 4432 humanissimi
991 4375 1088 4431 Dei
1112 4375 1282 4430 rebus
1307 4375 1604 4446 acquirant
1631 4391 1882 4430 commu-

238 4471 441 4536 nibus,
473 4469 736 4540 praesenti
760 4469 887 4540 lege
913 4469 1214 4533 sancimus,
1248 4472 1313 4522 ut
1353 4467 1573 4538 quoties
1604 4467 1662 4522 in
1695 4466 1878 4538 quali-

1912 3185 1967 3258 C
2063 3175 2170 3246 §l.
2192 3175 2466 3231 Convenit
2491 3175 2672 3246 igitur
2709 3175 3036 3247 huiusmodi
3081 3176 3235 3249 eligi,
3263 3179 3322 3232 et
3359 3173 3612 3232 ordinari

1983 3267 2318 3336 sacerdotes,
2346 3267 2552 3339 quibus
2595 3285 2700 3324 nec
2740 3269 2907 3325 liberi
2945 3269 3076 3339 sint,
3103 3286 3207 3326 nec
3239 3273 3505 3340 nepotes;
3533 3270 3612 3322 et-

1983 3361 2138 3416 enim
2160 3360 2284 3414 fieri
2307 3360 2398 3414 vix
2414 3365 2596 3430 potest
2620 3367 2685 3415 ut
2709 3377 2912 3416 vacans
2935 3362 3106 3432 hujus
3122 3361 3463 3432 quotidianae
3484 3360 3612 3414 vitas

1981 3453 2148 3521 curis,
2173 3469 2313 3524 quas
2340 3452 2501 3508 liberi
2527 3458 2722 3508 creant
2735 3454 2954 3524 parenti
2971 3454 3274 3524 maximas,
3303 3470 3470 3508 onmc
3497 3457 3613 3508 stu-

1981 3547 2142 3602 dium
2179 3562 2523 3616 omnemque
2558 3546 2938 3616 cognitionem
2971 3547 3116 3601 circa
3148 3547 3394 3602 divinam
3441 3546 3605 3601 litur-

1981 3635 2156 3706 giam,
2189 3640 2245 3689 et
2267 3651 2357 3688 res
2380 3634 2776 3690 ecclesiasticas
2804 3642 3114 3691 consumat.
3147 3637 3284 3691 Nam
3315 3652 3446 3690 cum
3475 3635 3605 3707 qui—

1980 3731 2132 3797 dam,
2162 3743 2384 3782 summa
2409 3727 2467 3781 in
2497 3727 2677 3782 Deum
2705 3744 2822 3798 spe,
2863 3733 2922 3784 et
2947 3733 3008 3783 ut
3033 3730 3241 3784 animas
3267 3746 3465 3784 eorum
3493 3729 3604 3783 sal-

1979 3837 2064 3874 vae
2091 3820 2248 3887 ﬁant,
2277 3820 2348 3874 ad
2389 3819 2764 3874 sanctissimas
2788 3827 3084 3877 accurrunt
3119 3822 3400 3891 ecclesias,
3428 3827 3496 3894 _et
3524 3822 3608 3878 eis

1979 3929 2177 3969 omnes
2199 3929 2326 3968 suas
2345 3912 2637 3967 facultates
2659 3912 2916 3981 afferant,
2938 3921 2995 3970 et
3018 3915 3437 3986 derelinquant,
3460 3917 3526 3970 ut
3547 3915 3608 3970 in

1979 4022 2276 4078 pauperes,
2331 4010 2389 4060 et
2440 4010 2694 4076 egentes,
2749 4012 2807 4062 et
2861 4007 3002 4062 alios
3048 4008 3175 4080 pios
3222 4023 3357 4062 usus
3409 4025 3609 4064 oonsu-

1980 4103 2231 4168 mantur,
2270 4098 2536 4153 indecens
2581 4106 2666 4155 est
2704 4100 2996 4172 episcopos
3043 4101 3105 4156 in
3148 4119 3314 4156 suum
3356 4101 3480 4157 illas
3503 4118 3606 4157 au-

1978 4192 2129 4248 ferre
2169 4192 2414 4261 lucrum,
2442 4197 2539 4247 aut
2569 4191 2630 4247 in
2659 4194 2950 4265 propriam
2976 4195 3230 4250 sobolem
3256 4199 3313 4250 et
3345 4199 3611 4266 cognatos

1979 4283 2331 4355 impendere.
2363 4285 2596 4356 Oportet
2627 4285 2781 4341 enim
2810 4287 3134 4358 episcopum
3161 4287 3396 4344 minime
3422 4289 3608 4360 impe-

1980 4376 2164 4432 ditum
2203 4376 2596 4432 affectionibus
2637 4379 2952 4434 carnalium
2993 4380 3322 4448 liberorum,
3345 4381 3607 4436 omnium

1979 4469 2234 4525 ﬁdelium
2255 4469 2612 4540 spiritualem
2639 4488 2760 4526 esse
2790 4477 3032 4543 patrem.
3061 4474 3170 4528 llas
3195 4473 3368 4545 igitur
3386 4473 3457 4528 ob
3482 4491 3610 4530 cau-

241 4579 478 4634 cunque
502 4562 726 4617 civitate
754 4561 1154 4616 sacerdotalem
1183 4560 1378 4616 sedem
1409 4575 1604 4614 vacare
1633 4559 1880 4630 contige—
1898 4575 1958 4647 D
1978 4578 2068 4616 sas
2095 4561 2466 4632 prohibemus
2495 4562 2797 4618 habentem
2840 4570 3000 4620 natos
3031 4570 3130 4622 aut
3177 4571 3413 4638 nepotes
3451 4566 3606 4622 ordi-

237 4658 348 4725 rit,
373 4655 665 4710 decretum
691 4656 789 4710 fiat
816 4653 887 4708 ab
913 4653 1002 4708 his
1027 4653 1125 4724 qui
1145 4670 1273 4709 eam
1299 4653 1581 4708 civitatem
1605 4653 1878 4720 incolunt,

235 4763 424 4820 super
450 4747 632 4803 tribus
659 4747 913 4818 personis
950 4752 1118 4802 rectm
1154 4747 1304 4816 fidei,
1343 4749 1401 4802 et
1436 4747 1690 4801 honesta:
1731 4745 1880 4813 vitae,

237 4841 613 4912 aliorumque
639 4841 944 4909 bonorum,
971 4845 1030 4895 et
1053 4838 1326 4895 virtutum
1356 4839 1748 4894 testimonium
1777 4837 1878 4892 ha-

236 4933 537 5002 bentibus,
563 4938 630 4989 ut
664 4949 734 4988 ex
773 4931 910 5004 ipsis
950 4932 1206 4988 idoneior
1241 4933 1312 4987 ab
1343 4931 1726 5003 episcopatum
1757 4947 1882 5002 pro-

233 5030 580 5094 moventur;
618 5025 665 5080 si
693 5024 849 5080 enim
886 5025 1064 5081 sancti
1091 5029 1149 5079 et
1175 5024 1405 5096 gloriosi
1433 5024 1672 5094 apostoli
1696 5039 1879 5078 sacer-

233 5119 472 5178 dotium
497 5134 531 5172 a
556 5117 792 5173 Domino
829 5117 1051 5173 Christo
1093 5123 1152 5172 et
1187 5118 1300 5172 Deo
1343 5117 1649 5185 consecuti,
1683 5121 1738 5171 et
1781 5115 1881 5186 qui

233 5211 415 5269 bonis
427 5210 690 5266 omnibus
715 5215 929 5265 terram
939 5211 1319 5281 repleverunt,
1337 5214 1394 5264 et
1419 5209 1540 5280 ejus
1564 5208 1877 5264 doctrinam

232 5303 512 5360 omnibus
535 5303 812 5374 impartiti
845 5308 996 5370 sunt,
1039 5319 1223 5373 neque
1249 5302 1356 5373 ipsi
1385 5302 1511 5356 vitm
1544 5317 1680 5368 sum,
1708 5317 1879 5372 quam

231 5399 304 5455 in
341 5395 449 5452 hoc
474 5396 687 5451 mundo
713 5395 1016 5466 degebant,
1041 5395 1238 5450 salutis
1255 5399 1465 5449 nostra;
1491 5411 1661 5448 causa
1683 5410 1880 5464 peper-

233 5490 468 5556 cerunt,
510 5488 796 5560 quomodo
839 5502 1070 5558 equum
1116 5503 1230 5542 non
1271 5486 1442 5541 fuerit
1478 5486 1664 5557 utqui
1693 5485 1880 5540 subin-

229 5580 584 5654 grediuntur
611 5596 810 5636 eorum
836 5578 1116 5646 ordinem,
1148 5585 1204 5633 et
1231 5577 1604 5632 instituuntur
1641 5577 1876 5632 sanctis-

227 5676 518 5732 simarum
559 5673 929 5728 Ecclesiarum
977 5669 1314 5734 sacerdotes,
1363 5685 1574 5738 purum
1629 5669 1881 5724 habeant

228 5764 617 5840 propositum,
645 5767 703 5819 et
730 5761 996 5834 pecunias
1019 5764 1404 5826 contemnant,
1433 5776 1776 5830 omnemque
1805 5761 1879 5814 vi-

227 5867 362 5920 tam
385 5873 548 5916 suam
575 5857 646 5915 ad
673 5853 1174 5916 clementissimum
1202 5851 1486 5924 applicent
1514 5853 1736 5909 Deum?

1981 4654 2107 4708 nari
2126 4654 2476 4724 episcopum.

2052 4747 2084 4816 §
2112 4749 2164 4802 2.
2197 4747 2276 4800 De
2307 4746 2394 4800 his
2422 4763 2551 4802 vero
2575 4747 2849 4820 episcopis
2887 4751 2987 4822 qui
3025 4769 3178 4808 nunc
3215 4757 3369 4820 sunt,
3404 4753 3487 4808 vel
3515 4753 3606 4808 fu-

1980 4839 2095 4894 turi
2119 4842 2270 4907 sunt,
2304 4840 2588 4894 sancimus
2614 4841 2771 4896 nullo
2801 4844 2970 4899 modo
3005 4845 3214 4901 habere
3252 4862 3347 4902 eos
3370 4846 3605 4901 faculta-

1979 4936 2095 4986 tem
2121 4931 2386 4995 testandi,
2419 4933 2504 4987 vel
2529 4933 2798 5002 donandi,
2829 4937 2916 4990 vel
2953 4954 3054 5008 per
3096 4937 3267 4992 aliam
3286 4955 3602 5009 quamcun-

1979 5036 2092 5091 que
2130 5019 2602 5090 excogitationem
2643 5023 2925 5078 alienandi
2959 5026 3096 5096 quid
3139 5026 3207 5082 de
3245 5027 3413 5082 rebus
3458 5028 3604 5095 suis,

1979 5129 2139 5184 quas,
2183 5117 2479 5183 postquam
2517 5113 2648 5168 facti
2690 5114 2906 5170 fuerint
2945 5117 3215 5190 episcopi,
3243 5121 3610 5192 fpossederint

1980 5210 2038 5260 et
2061 5204 2441 5276 acquisierint,
2472 5206 2556 5260 vel
2589 5223 2658 5261 ex
2689 5211 3062 5280 testamentis,
3087 5212 3604 5284 veldonationibtm,

1979 5299 2063 5352 vel
2090 5313 2159 5352 ex
2183 5297 2292 5352 alia
2330 5314 2669 5370 quacunque
2699 5316 2868 5355 causa
2896 5318 2912 5354 :
2939 5305 3189 5375 exceptis
3217 5305 3492 5361 duntaxat
3517 5307 3608 5363 his

1977 5406 2118 5462 quas
2136 5395 2266 5444 ante
2291 5391 2674 5461 episcopatum
2693 5392 3014 5451 habuerunt
3038 5415 3106 5452 ex
3127 5415 3465 5471 quacunque
3485 5417 3611 5455 cau-

1977 5499 2058 5552 sa,
2087 5483 2173 5537 vel
2201 5499 2328 5554 quas
2359 5488 2483 5554 post
2509 5485 2895 5557 episcopatum
2922 5504 2956 5542 a
2987 5491 3316 5560 parentibus
3335 5498 3391 5547 et
3419 5493 3606 5562 theiis,

1978 5575 2085 5630 hoc
2110 5581 2213 5642 est,
2241 5575 2477 5647 patruis,
2521 5578 2606 5632 vel
2639 5581 2949 5648 avunculis,
2981 5589 3037 5638 et
3065 5601 3098 5637 a
3139 5584 3406 5641 fratribus
3429 5585 3498 5639 ad
3527 5585 3608 5655 ip-

1977 5685 2067 5723 sos
2099 5672 2498 5739 pel-venerunt,
2546 5677 3014 5746 perventurzeque
3043 5683 3202 5744 sunt;
3258 5693 3608 5748 quincuntu

1979 5760 2129 5816 enim
2161 5765 2290 5830 post
2324 5761 2732 5819 ordinationem
2773 5782 2843 5820 ex
2888 5785 3222 5838 quacunque
3260 5786 3420 5823 causa
3445 5777 3604 5824 extra

1977 5851 2237 5925 prazfatas
2261 5869 2528 5926 personas
2555 5856 2627 5912 ad
2659 5856 2805 5930 ipsos
2830 5866 3226 5932 pervenerunt,
3253 5877 3316 5915 ea
3337 5859 3604 5933 jubcmus
