4088 6448
490 416 624 471 1053

1617 414 1865 468 ε.Ε(;υιι
1906 408 2093 466 SEXTI
2131 403 2677 464 SUPPLEMENTUM.

3747 383 3913 448 1056

485 523 555 577 ad
597 516 1002 576 sanctissimam
1032 517 1355 589 Ecclesium,
1387 521 1547 590 cujus
1589 521 1969 590 episcopatum
2011 522 2094 572 te-
2118 528 2342 600 Acare,
2380 515 2582 568 timore
2622 512 2715 568 Dei
2761 513 3110 579 contempto.
3154 505 3294 572 Quis
3341 497 3510 559 enim
3557 498 3679 557 tali
3724 512 3915 600 cura

485 613 732 681 nuerint,
760 612 1060 682 pertinere,
1080 617 1136 666 et
1156 613 1224 666 ab
1245 629 1310 666 ea
1338 611 1608 666 vindicari
1636 618 1694 666 et
1717 609 1916 677 evinci,
1945 610 2100 663 nulla

489 706 600 758 alia
644 721 883 774 persona
920 709 1254 774 potestatem
1299 703 1542 758 habente
1602 719 1666 757 ex
1697 719 1762 756 eo
1809 701 2099 772 proprium

488 797 621 866 quid
650 797 868 850 auferre
897 796 1138 850 lucrum.
1173 796 1306 860 Quis
1344 796 1495 849 enim
1522 794 1857 849 dubitaverit
1885 811 1978 848 eos
2003 793 2102 864 qui

488 888 622 958 ipsis
649 888 904 959 proprias
930 905 1018 942 res
1043 889 1386 958 relinquunt,
1411 891 1510 940 aut
1540 887 1884 957 reliquerint,
1913 887 2016 940 etsi
2044 886 2102 940 in

487 981 653 1034 aliam
683 996 979 1050 personam
1014 980 1374 1046 transferunt,
1407 984 1502 1032 aut
1539 979 1961 1045 transtulerunt,
1989 994 2103 1031 non

490 1073 672 1143 potius
701 1073 885 1142 ipsum
903 1072 1274 1126 sacerdotium
1296 1072 1754 1141 contemplantes,
1783 1087 1954 1140 quam
1983 1070 2104 1139 ejus

494 1180 808 1232 personam,
837 1169 893 1218 et
915 1164 1223 1233 cogitantes
1241 1163 1375 1233 quia
1400 1179 1516 1217 non
1543 1163 1724 1216 solum
1742 1163 1810 1216 ab
1831 1163 1963 1234 ipsis
1982 1162 2106 1215 reli-

491 1260 576 1308 cta
613 1256 702 1326 pie
725 1255 1029 1323 insument,
1071 1256 1168 1310 sed
1194 1259 1250 1309 et
1276 1271 1404 1309 suas
1429 1255 1679 1326 ipsorum
1709 1272 1798 1310 res
1821 1255 2102 1326 adjicient,

495 1347 549 1400 id
576 1347 768 1401 fecisse
782 1349 810 1401 Τ

566 1441 598 1510 §
624 1443 674 1495 3.
705 1441 789 1494 Ab
819 1441 923 1494 hac
951 1444 1142 1494 autem
1172 1441 1416 1512 generali
1441 1445 1631 1495 nostra
1651 1440 1775 1510 lege
1799 1440 2108 1510 excipimus

494 1550 558 1586 ea
584 1533 698 1586 sola
726 1548 1076 1602 quascunque
1102 1537 1156 1586 et
1199 1533 1605 1603 qualiacunque
1647 1533 1705 1586 in
1750 1533 1901 1586 hunc
1928 1548 2107 1602 usque

497 1625 646 1678 diem
686 1625 895 1678 fuerint
941 1624 1231 1694 Epiphanii
1270 1624 1674 1694 archiepiscopi
1719 1623 1893 1677 felicis
1941 1624 2109 1692 hujus

495 1716 748 1782 civitatis,
779 1721 834 1769 et
871 1716 1200 1770 sanctissimi
1226 1716 1580 1786 patriarchae.
1613 1717 1750 1770 Nam
1787 1732 1957 1786 super
1997 1716 2105 1781 his,

495 1825 622 1876 quae
647 1808 717 1861 ab
745 1807 849 1862 hoc
879 1811 1130 1878 tempore
1160 1808 1210 1862 ei
1242 1807 1628 1878 adquirentur,
1661 1823 1728 1861 ea
1749 1823 1875 1878 qute
1899 1824 1932 1860 a
1949 1807 2110 1861 nobis

2197 607 2560 677 praepositum
2598 621 2712 660 non
2753 603 3037 658 existimet
3075 599 3289 654 idcirco
3334 612 3468 651 eam
3517 592 3914 664 suscepisse,

2199 704 2262 752 ut
2287 715 2399 752 non
2429 698 2613 752 solum
2641 712 2768 768 qum
2807 694 3158 748 extrinsecus
3185 690 3255 744 ad
3303 705 3448 743 eum
3492 685 3914 759 pervenient,

2199 789 2290 843 sed
2319 790 2488 842 etiam
2516 791 2701 843 omnia
2732 803 2861 858 quae
2886 785 3101 840 habere
3129 797 3268 838 eum
3293 779 3629 850 contigerit
3651 778 3724 834 in
3761 791 3920 832 eam

2202 897 2323 934 rem
2355 879 2662 950 impendat.

2272 973 2382 1043 §7.
2419 971 2673 1042 Amplius
2711 971 2768 1024 id
2798 985 3022 1042 quoque
3060 951 3362 1038 jubemus,
3396 968 3465 1018 ut
3495 975 3926 1034 quaecunque

2203 1069 2325 1135 post
2354 1063 2721 1116 necessariam
2746 1061 3137 1130 erogationem
3163 1059 3225 1112 in
3253 1074 3353 1112 eos
3382 1055 3487 1126 qui
3523 1069 3762 1108 eorum
3797 1069 3918 1106 cu-

2203 1173 2280 1209 ras
2309 1155 2594 1209 commissi
2624 1160 2756 1207 sunt
2779 1159 2836 1206 et
2870 1153 3116 1206 debitam
3147 1149 3524 1204 curationem
3575 1162 3814 1200 rerum
3863 1149 3928 1198 et

2204 1247 2571 1302 aediﬁciorum
2613 1260 2902 1316 superesse
2939 1242 3270 1313 contigerit,
3328 1255 3399 1294 ea
3445 1239 3524 1293 ad
3585 1237 3930 1292 redituum

2203 1338 2680 1409 comparationem
2723 1335 3056 1407 proﬁciant;
3125 1333 3390 1403 undique
3456 1331 3636 1385 enim
3703 1333 3932 1384 noster

2205 1447 2404 1502 scopus
2431 1433 2734 1499 nostraque
2761 1427 3002 1482 intentio
3031 1432 3138 1493 est,
3171 1425 3242 1480 ad
3271 1423 3838 1494 ampliﬁcationem
3869 1427 3936 1476 et

2207 1526 2577 1592 augmentum
2607 1521 2885 1574 adducere
2927 1535 3019 1572 res
3061 1517 3134 1571 ad
3167 1517 3294 1587 pios
3319 1532 3467 1570 usus
3511 1519 3930 1584 segregatas;

2205 1614 2283 1667 sic
2309 1613 2465 1668 enim
2493 1611 2745 1682 quisquis
2789 1627 2892 1680 pro
2927 1627 3028 1664 sua
3077 1609 3276 1662 anima
3317 1608 3674 1678 quidquam
3717 1607 3937 1661 facere

2206 1705 2370 1771 volet,
2394 1703 2709 1774 promptius
2752 1701 3028 1772 erogabit,
3071 1700 3118 1754 si
3161 1699 3487 1754 crediderit.
3537 1715 3617 1753 ea
3664 1715 3820 1769 quae
3853 1698 3934 1752 ab

2209 1797 2327 1866 ipso
2358 1796 2486 1849 data
2523 1795 2737 1848 fuerint
2774 1793 2868 1864 pie
2911 1792 3376 1847 administranda
3405 1807 3566 1846 esse.
3597 1821 3680 1832 ——
3710 1792 3751 1862 §
3775 1794 3840 1846 8.
3876 1790 3942 1846 Si

496 1900 793 1953 constituta
817 1905 968 1966 sunt,
1014 1899 1286 1966 obtinere,
1331 1905 1387 1953 et
1429 1899 1546 1969 ipsa
1593 1899 1661 1954 ad
1703 1900 2110 1953 sanctissimam

2282 1891 2398 1940 tem
2446 1885 2745 1955 contigerit
2796 1885 3047 1956 aliquem
3099 1884 3172 1938 ab
3210 1883 3763 1938 administratione
3826 1899 3944 1937 sua

498 1991 765 2059 majorem
791 1991 1078 2045 ecclesiam
1107 1991 1388 2062 pertinere
1412 1991 1702 2060 jubemus.
1743 2022 1810 2030 —
1847 1991 1878 2060 §
1904 1993 1965 2045 4..
1985 1993 2114 2045 Post

495 2087 736 2136 mortem
762 2099 892 2136 vero
920 2084 1029 2136 Deo
1053 2082 1571 2136 amantissimorum
1591 2083 2000 2152 episcoporum,
2023 2082 2115 2152 ju-

497 2175 694 2227 bemus
715 2176 775 2226 ut
801 2190 904 2244 pro
929 2179 1184 2244 tempore
1209 2175 1433 2228 illarum
1460 2175 1815 2228 ecclesiarum
1843 2174 2114 2227 aéconomi

500 2265 742 2319 rationes
769 2266 1002 2319 reddant
1031 2283 1223 2319 earum
1253 2283 1378 2336 quae
1405 2267 1474 2319 ab
1499 2267 1608 2320 illis
1633 2266 1838 2320 relicta:
1859 2269 1990 2319 sunt
2019 2283 2111 2319 re-

497 2373 645 2424 rum,
679 2357 847 2428 idque
886 2358 1250 2411 sanctissimis
1288 2358 1529 2412 ecclesiis
1563 2359 1832 2428 proficere
1872 2359 2020 2428 quod
2046 2375 2112 2412 ex

498 2450 602 2503 hac
629 2453 818 2503 nostra
847 2450 971 2519 lege
991 2449 1070 2504 eis
1099 2450 1356 2504 debetur.

567 2541 682 2611 §5.
715 2542 780 2595 Et
825 2541 978 2612 ipsos
1015 2541 1245 2612 quidem
1288 2557 1610 2595 oeconomos
1652 2558 1780 2595 cum
1811 2541 2025 2611 judicio
2059 2546 2117 2596 et

497 2631 754 2701 diligenti
783 2633 1124 2686 discussione
1172 2632 1348 2686 creari
1379 2633 1740 2702 przecipimus
1769 2649 1782 2685 :
1816 2633 2116 2686 scientibus

499 2725 630 2794 ipsis
655 2725 805 2794 quod
835 2725 1070 2794 singulis
1093 2725 1255 2778 annis
1284 2725 1561 2778 rationem
1591 2725 1836 2778 referent
1881 2725 2113 2778 sanctis-

495 2817 637 2870 simo
664 2816 922 2886 episcopo
963 2833 1078 2870 sum
1121 2816 1662 2883 administrationis;
1691 2822 1746 2870 et
1773 2832 2116 2888 quacunque

496 2908 554 2962 in
575 2924 634 2962 re
659 2908 1000 2962 videbuntur
1025 2924 1114 2961 res
1141 2909 1537 2962 ecclesiasticas
1577 2908 1866 2972 minuisse,
1910 2909 1996 2962 vel
2024 2908 2118 2962 lae-

499 3001 651 3066 sisse,
678 3000 766 3052 vel
795 2999 1086 3069 proprium
1108 3004 1390 3070 quaestum
1420 3000 1705 3068 quaesisse,
1729 2999 1834 3052 hoc
1859 3000 2114 3052 ecclesia-

499 3091 646 3144 sticis
674 3090 839 3144 rebus
868 3091 1180 3144 restituent.
1210 3093 1402 3160 Itaque
1447 3090 1492 3142 si
1537 3091 1764 3160 quidem
1793 3092 2117 3161 superstites

498 3181 810 3235 istiusmodi
841 3181 1084 3235 rationes
1115 3181 1407 3246 subierint,
1438 3179 1572 3235 fiant
1609 3198 1736 3252 quae
1776 3198 1944 3252 supra
1973 3182 2120 3237 dicta
2140 3211 2194 3283 Ο

502 3277 659 3336 sunt;
693 3273 737 3325 si
762 3288 894 3326 vero
931 3289 1043 3326 non
1089 3273 1316 3326 redditis
1359 3273 1667 3326 rationibus
1706 3273 1952 3326 defuncti
1998 3275 2120 3327 fue-

503 3365 632 3430 rint,
661 3367 792 3416 tunc
822 3364 1071 3433 ipsorum
1109 3365 1361 3417 hmredes
1387 3363 1752 3432 subjiciantur
1786 3365 1877 3418 tali
1908 3365 2120 3418 discus-

502 3455 663 3524 sioni,
693 3461 749 3509 et
773 3456 1178 3510 conveniantnr
1202 3470 1303 3526 pro
1331 3456 1685 3510 restitutione
1711 3456 1968 3510 omnium
1995 3473 2123 3526 quae

501 3563 568 3601 ex
590 3563 655 3602 ea
677 3564 842 3602 causa
871 3547 1074 3602 debere
1102 3548 1225 3600 illos
1251 3547 1583 3602 constiterit.
1626 3577 1692 3588 —
1717 3548 1750 3618 §
1779 3551 1830 3602 6.
1874 3549 2124 3603 Necessa-

501 3641 652 3694 rium
677 3655 901 3711 quoque
943 3656 1058 3692 esse
1101 3639 1461 3707 credidimus,
1495 3639 1666 3693 etiam
1704 3656 1874 3710 super
1898 3640 1986 3694 his
2019 3641 2120 3694 ali-

505 3732 640 3802 quid
669 3731 900 3785 detinire
939 3731 1038 3800 qui
1084 3747 1275 3784 curam
1319 3735 1702 3800 susceperunt,
1745 3732 2123 3801 suscepturive

504 3828 634 3877 sunt
677 3823 1080 3876 venerabilium
1122 3839 1429 3888 xenonum,
1474 3827 1530 3876 et
1566 3823 2035 3888 nosocomiorum,
2067 3827 2124 3878 et

501 3915 880 3986 ptochiorum,
915 3917 971 3968 et
1009 3913 1638 3984 orphanotrophiorum,
1679 3917 1735 3968 et
1779 3914 2120 3985 brephotro-

502 4007 805 4076 phiorum;
835 4022 972 4059 nam
998 4009 1055 4059 et
1080 4004 1212 4075 ipsis
1240 4021 1466 4058 omnem
1507 4005 1789 4060 licentiam
1814 4007 2122 4061 auferimus

503 4097 570 4152 de
598 4097 885 4167 acquisitis
927 4097 1094 4150 rebus
1127 4102 1249 4166 post
1285 4102 1566 4168 susceptas
1609 4097 1931 4168 hujusmodi
1959 4114 2120 4152 cura-

501 4189 679 4244 tiones
699 4189 785 4242 vel
805 4205 908 4259 per
931 4193 1354 4257 testamentum,
1382 4189 1467 4243 vel
1495 4206 1598 4259 per
1615 4189 1789 4243 alium
1814 4189 2124 4259 quemlibet

508 4281 764 4346 modum,
797 4281 879 4334 vel
905 4280 1378 4334 machinationem
1409 4281 1714 4352 quidquam
1737 4280 1792 4334 in
1821 4281 1957 4334 alias
1977 4287 2124 4336 tran-

506 4373 750 4427 sferendi
779 4389 1044 4442 personas
1092 4388 1105 4426 :
1141 4373 1390 4442 exceptis
1426 4389 1553 4442 quze
1590 4371 1747 4442 prius
1780 4371 2118 4439 habuerant,

505 4465 593 4518 vel
625 4468 814 4534 postea
850 4481 880 4518 a
912 4464 1238 4534 parentibus
1272 4464 1359 4518 vel
1409 4463 1590 4528 theiis,
1623 4462 1709 4516 vel
1757 4463 2025 4517 fratribus
2052 4463 2122 4517 ad

2211 1995 2446 2042 cessare,
2477 1993 2649 2047 quam
2677 1981 2992 2048 acceperat,
3025 1975 3327 2029 sancimus
3357 1991 3510 2030 eum
3539 1975 3657 2045 qui
3689 1975 3762 2029 in
3800 1975 3943 2046 ejus

2211 2070 2332 2124 loco
2365 2069 2699 2122 constitutus
2742 2074 2826 2122 est
2867 2084 3001 2121 cum
3045 2067 3256 2121 timore
3305 2067 3555 2121 Domini
3605 2067 3942 2122 rationum

2213 2161 2508 2215 redditioni
2538 2159 2736 2230 subjici
2764 2163 2936 2230 gestae
2963 2159 3066 2212 sub
3115 2176 3182 2212 eo
3215 2159 3820 2226 administrationis,
3860 2159 3941 2213 si-

2215 2257 2309 2306 cut
2339 2251 2525 2306 divina
2554 2255 2743 2305 nostra
2768 2251 2896 2320 lege
2923 2250 3256 2304 continetur
3287 2267 3302 2304 :
3338 2250 3577 2306 sciente
3625 2258 3689 2306 et
3717 2268 3802 2306 eo
3835 2253 3948 2322 qui

2215 2350 2338 2413 post
2367 2345 2552 2413 ipsum
2579 2343 2916 2396 constitutus
2947 2347 3033 2397 est
3058 2343 3213 2413 quod
3242 2343 3502 2396 Domino
3531 2345 3661 2397 Deo
3693 2361 3817 2414 pro
3847 2345 3949 2400 his

2214 2435 2505 2489 rationem
2531 2435 2746 2489 reddet.

2289 2528 2321 2598 §
2344 2530 2396 2581 9.
2419 2528 2696 2580 Praeterea
2717 2525 3004 2580 sancimus
3038 2526 3592 2596 (quemadmodum
3625 2534 3692 2582 et
3715 2529 3951 2583 divinis

2215 2619 2527 2672 canontbus
2557 2618 2850 2672 deﬁnitum
2885 2619 2988 2686 est)
3022 2633 3094 2672 ne
3127 2618 3258 2688 quis
3293 2619 3636 2690 episcopus
3669 2627 3735 2675 et
3767 2622 3959 2676 clior-

2215 2711 2524 2780 episc0pus,
2558 2715 2656 2764 aut
2692 2709 2964 2778 visitator,
3006 2709 3122 2763 sive
3169 2710 3458 2765 circuitor
3507 2717 3624 2766 aut
3673 2715 3950 2785 presby-

2216 2806 2320 2866 ter,
2367 2808 2462 2856 aut
2511 2802 2654 2855 alius
2707 2801 3099 2872 cujuscunque
3141 2802 3457 2871 dignitatis
3505 2805 3788 2860 clericus
3845 2823 3959 2877 per

2215 2894 2574 2962 largitionem
2620 2893 2931 2947 ordinetur.
2964 2893 3072 2948 Sed
3105 2910 3213 2948 nec
3242 2911 3638 2964 neconomus,
3680 2915 3806 2952 nec
3851 2916 3954 2953 ec-

2217 2986 2592 3052 clesiecdicus,
2623 3001 2725 3038 nec
2763 2986 3149 3052 xenodochus,
3197 3002 3309 3040 nec
3357 3003 3783 3054 nosocomus,
3839 3009 3958 3045 nec

2217 3077 2682 3147 ptochotrophus,
2715 3094 2818 3131 nec
2849 3078 3391 3148 orphanutrophus,
3425 3097 3546 3134 nec
3575 3082 3962 3154 brephotro-

2217 3169 2383 3238 phus,
2416 3185 2518 3222 nec
2550 3169 2805 3238 quisquis
2827 3170 3056 3239 ptochio
3083 3171 3512 3239 praeficiendus
3554 3179 3676 3241 est,
3719 3193 3846 3246 per
3876 3183 3967 3230 ta-

2221 3261 2331 3313 lem
2375 3260 2470 3314 fiat
2497 3260 2878 3330 largitionem,
2913 3261 3010 3314 sed
3045 3278 3150 3332 per
3172 3262 3482 3331 judicium
3516 3272 3587 3320 et
3621 3269 3960 3338 probatio-

2222 3369 2350 3405 nem
2385 3369 2583 3406 eorum
2608 3352 2704 3422 qui
2735 3352 2794 3406 in
2823 3353 2930 3406 illis
2959 3353 3097 3406 locis
3125 3359 3263 3407 sunt
3311 3357 3435 3410 Deo
3472 3362 3968 3415 amantissimo-

2221 3460 2352 3498 rum
2379 3444 2790 3514 episcoporum.
2820 3445 2874 3499 Si
2903 3462 3036 3498 vero
3073 3445 3204 3516 quis
3233 3446 3528 3503 inventus
3560 3451 3770 3507 fuerit
3793 3471 3968 3509 occa-

2221 3535 2376 3590 sione
2409 3536 2805 3606 prasdictarum
2857 3537 3292 3593 ordinationum
3333 3543 3398 3594 et
3447 3542 3968 3602 administratio—

2221 3643 2361 3680 num
2405 3627 2618 3698 aliquid
2661 3627 2898 3696 dedisse,
2937 3629 3024 3682 vel
3056 3630 3370 3700 accepisse,
3423 3633 3560 3688 sive
3616 3637 3968 3711 episcopus

2221 3719 2310 3785 sit,
2339 3719 2452 3772 sive
2479 3719 2730 3782 clericus,
2754 3725 2811 3774 et
2837 3737 2970 3773 eum
2991 3722 3091 3792 qui
3120 3723 3400 3792 prtebuit,
3427 3731 3494 3780 et
3517 3743 3682 3782 eum
3719 3733 3842 3802 qui
3871 3751 3967 3787 ac-

2221 3811 2386 3880 cepit,
2419 3814 2580 3864 extra
2625 3811 3002 3866 sacerdotium
3045 3817 3105 3868 et
3147 3814 3376 3870 clerum
3421 3816 3568 3872 ﬁeri
3622 3821 3964 3892 jubemus,

2220 3907 2284 3955 ut
2307 3904 2434 3972 post
2458 3902 2579 3956 haec
2615 3903 2836 3957 Domini
2862 3903 2963 3957 Dei
3004 3904 3356 3976 subjaceant
3397 3911 3966 3973 condemnationi.

2221 3992 2276 4046 Si
2318 3997 2508 4046 autem
2559 3993 2687 4064 quis
2735 3999 2972 4064 propter
3013 3997 3436 4065 praefecturam
3488 4002 3764 4062 dedisse
3818 4011 3968 4080 quid

2221 4089 2542 4154 compertus
2566 4085 2755 4152 fuerit,
2785 4101 2918 4140 eum
2942 4087 3042 4158 qui
3076 4087 3156 4142 ita
3196 4091 3538 4159 prmfectus
3577 4097 3802 4155 factus
3832 4103 3965 4157 fue-

2223 4176 2313 4242 rit,
2343 4181 2501 4230 extra
2527 4176 2744 4230 clerum
2771 4193 2890 4232 esse
2921 4178 3203 4248 jubemus
3219 4199 3237 4250 ;
3287 4183 3340 4236 si
3367 4200 3524 4240 vero
3585 4206 3969 4249 oeconomus

2220 4268 2306 4321 vel
2332 4268 2751 4323 ecclesiecdicus
2781 4286 2880 4324 seu
2907 4271 3173 4326 defensor
3199 4274 3291 4328 vel
3319 4275 3872 4356 chorepiscopus,
3911 4289 3969 4342 id

2221 4364 2324 4425 est,
2355 4360 2442 4413 vel
2470 4360 2817 4430 periodeuta,
2840 4362 3099 4417 visitator
3127 4366 3219 4418 vel
3245 4369 3700 4442 xenodochus,
3735 4380 3842 4434 vel
3869 4397 3970 4434 no-

2222 4468 2496 4519 socomus,
2546 4453 2631 4506 vel
2683 4453 3153 4524 ptochotrophus,
3205 4459 3298 4512 vel
3358 4465 3971 4544 orphanotmphus,

506 4555 652 4626 ipsos
707 4559 1104 4626 pervenerunt.
1162 4556 1364 4610 Omnia
1413 4555 1586 4622 enim,
1647 4571 2000 4626 quaecunque
2048 4555 2115 4609 ad

2285 4544 2301 4596 l
2329 4544 2555 4614 ptochio
2586 4546 2920 4615 praepositus
2945 4550 3350 4618 comperietur
3382 4557 3762 4624 praebuisse
3799 4568 3970 4636 quid,

503 4653 689 4702 sancta
716 4648 1005 4718 pertinent
1030 4649 1171 4713 loca,
1202 4648 1286 4700 vel
1316 4663 1441 4717 quae
1469 4647 1538 4700 ad
1568 4647 1817 4716 ipsorum
1853 4647 2123 4718 praeposi-

505 4746 589 4794 tos
627 4745 754 4810 post
793 4743 1108 4810 susceptam
1136 4737 1463 4808 hujusmodi
1493 4755 1688 4792 curam
1724 4743 2120 4808 pervenerunt,

502 4833 588 4885 vel
620 4836 949 4902 perventura
975 4835 1124 4895 sunt,
1152 4831 1221 4884 ad
1249 4831 1367 4900 ipsa
1387 4829 1732 4883 venerabilia
1759 4829 2126 4900 pertinebunt

506 4925 660 4991 loca;
692 4940 867 4994 eaque
895 4924 984 4994 pie
1012 4923 1068 4976 in
1096 4939 1188 4976 eos
1213 4922 1470 4976 distribui
1502 4927 1557 4975 et
1587 4921 1808 4991 erogari
1841 4922 2121 4989 volumus,

506 5015 599 5086 qui
628 5017 686 5070 in
715 5015 822 5068 illis
848 5015 980 5069 locis
1008 5018 1156 5084 sunt,
1174 5015 1258 5068 vel
1286 5019 1572 5068 curantur.
1595 5013 1941 5066 Manifestum
1969 5014 2124 5067 enim

507 5113 590 5160 est
633 5108 782 5176 quod
829 5107 1101 5178 quidquid
1169 5105 1509 5176 derelinquit
1545 5105 1631 5158 vel
1676 5105 1864 5170 donat,
1912 5105 2026 5158 sive
2065 5105 2124 5159 in

507 5198 740 5268 scriptis,
770 5200 880 5252 sive
910 5199 1029 5252 sine
1059 5198 1278 5268 scriptis
1309 5197 1653 5262 xenodocho,
1685 5197 1770 5250 vel
1799 5212 2120 5261 nosocomo,

507 5291 589 5342 vel
617 5291 1049 5361 ptochotropho,
1076 5291 1160 5345 vel
1181 5289 1661 5360 orphauotmpho,
1691 5288 1896 5342 idcirco
1919 5289 2032 5355 dat,
2060 5292 2126 5342 ut

507 5381 598 5450 pie
627 5397 726 5450 per
753 5382 938 5452 ipsum
967 5383 1338 5453 dispensetur,
1372 5381 1553 5450 utqui
1579 5381 1813 5434 multam
1833 5380 1899 5434 de
1921 5395 2124 5434 eorum

505 5473 713 5542 pietate
754 5475 1246 5545 prmsumptionem
1293 5479 1349 5528 et
1389 5472 1738 5526 occasionem
1779 5471 1998 5539 habeat,
2027 5471 2124 5542 qui

505 5565 570 5617 iis
605 5564 737 5617 locis
766 5566 1007 5634 praifecti
1039 5569 1198 5632 sunt;
1225 5581 1409 5634 neque
1435 5580 1564 5617 vero
1583 5564 1800 5632 justum
1833 5566 1916 5616 est
1935 5563 2123 5634 ipsum

507 5671 573 5708 ea.
602 5671 729 5725 quae
761 5656 862 5708 sub
890 5658 1165 5725 prsetextu
1186 5671 1379 5708 eorum
1412 5655 1509 5726 qui
1537 5655 1640 5707 sub
1687 5653 1807 5724 ejus
1836 5669 1969 5707 cura
1995 5659 2128 5708 sunt

507 5746 728 5816 accipit,
763 5763 873 5800 non
902 5747 958 5800 in
991 5747 1143 5815 ipsos
1175 5746 1257 5798 vel
1281 5763 1382 5815 pro
1411 5746 1543 5816 ipsis
1564 5746 1910 5815 impendere,
1943 5745 2039 5799 sed
2066 5745 2124 5799 in

508 5837 792 5906 propriam
825 5852 1122 5908 personam
1152 5835 1392 5902 auferre,
1422 5842 1475 5889 et
1499 5837 1730 5907 proprio
1760 5837 1915 5890 lucro
1942 5835 2122 5909 appli-

2226 4642 2284 4689 ut
2312 4636 2416 4689 sibi
2445 4652 2578 4690 cura
2605 4637 2695 4690 illa
2715 4639 3201 4706 committeretur,
3233 4648 3295 4697 et
3323 4645 3498 4702 hunc
3533 4659 3878 4713 removeri
3903 4658 3976 4713 ab

2222 4731 2544 4801 hujusmodi
2587 4749 2744 4800 cura,
2767 4735 3062 4804 jubemus.
3095 4767 3166 4779 —-
3196 4739 3231 4810 §
3269 4745 3364 4796 10.
3398 4745 3746 4808 Praeterea
3781 4759 3975 4811 sanci-

2224 4839 2350 4877 mus
2385 4828 2451 4877 ut
2477 4841 2673 4878 omnes
2700 4826 2884 4880 clerici
2925 4844 3028 4897 per
3063 4830 3329 4900 singulas
3362 4836 3699 4898 Ecclesias
3745 4851 3974 4904 consti-

2225 4917 2352 4983 tuti,
2391 4933 2492 4986 per
2516 4934 2573 4971 se
2605 4917 2758 4988 ipsos
2792 4921 3037 4990 psallant
3067 4930 3386 4994 nocturna,
3423 4936 3490 4985 et
3525 4943 3892 5009 matutina,
3922 4953 3976 4998 et

2223 5009 2559 5078 vespertina,
2628 5026 2700 5064 ne
2765 5027 2834 5064 ex
2897 5013 3015 5066 sola
3098 5017 3682 5085 ecclesiasticarum
3769 5052 3976 5092 rerum

2223 5100 2654 5170 consumptione
2682 5102 2866 5156 clerici
2899 5115 3242 5177 appareant,
3277 5127 3526 5171 nomen
3559 5125 3850 5192 quidem
3879 5131 3977 5183 ha-

2224 5193 2420 5246 bentes
2457 5193 2812 5262 clericorum,
2847 5211 2968 5249 rem
2998 5203 3194 5253 autem
3243 5218 3369 5258 non
3401 5206 3779 5280 implentes
3813 5223 3978 5276 cleri-

2223 5284 2272 5336 ci
2305 5284 2452 5337 circa
2502 5284 2791 5355 liturgiam
2825 5287 3055 5343 Domini
3093 5292 3214 5346 Dei.
3242 5295 3454 5368 Turpe
3487 5307 3681 5362 enim
3716 5319 3840 5381 est,
3874 5333 3976 5386 pro

2225 5374 2359 5444 ipsis
2386 5375 2640 5446 scriptos,
2687 5379 3021 5434 necessitate
3068 5382 3210 5452 ipsis
3261 5385 3525 5448 inducta
3559 5374 3894 5468 psallere:
3925 5407 3976 5463 Si

2226 5466 2380 5520 enim
2417 5467 2578 5520 multi
2613 5468 2908 5538 laicorum,
2935 5476 3000 5525 ut
3027 5490 3148 5528 suae
3195 5478 3428 5535 animae
3489 5466 3879 5558 consulant.
3912 5503 3977 5553 ad

2225 5557 2602 5612 sanctissimas
2661 5561 2922 5614 ecclesias
2984 5567 3352 5625 confluentes
3446 5583 3740 5644 studiosi
3831 5557 3980 5648 citra

2224 5650 2596 5720 psalmodiam
2635 5653 3038 5725 ostenduntur,
3096 5665 3412 5729 quomodo
3473 5670 3806 5737 indecens
3865 5704 3977 5740 non

2225 5741 2396 5796 fuerit
2433 5743 2660 5798 clericos
2698 5745 2768 5798 ad
2816 5745 2875 5798 id
2922 5749 3226 5806 ordinatos
3269 5773 3400 5813 non
3453 5763 3756 5840 implere
3803 5795 3980 5834 suum

2227 5835 2477 5889 munus?
2495 5835 2852 5908 Quapropter
2878 5841 3223 5900 omnimodo
3253 5849 3529 5914 clericos
3561 5835 3862 5938 psallere
3886 5874 3978 5943 ju-
