4088 6426
263 371 399 430 105³1

982 372 1343 430 JUSTINIANI
1385 370 1592 428 LEGES
1631 368 1962 428 SELECTE.
2005 369 2130 425 LIB.
2175 370 2212 435 Ι,
2255 369 2378 424 TIT.
2421 369 2510 434 Ill,
2553 367 2681 424 LEX
2720 368 2893 424 XLIV.

3482 371 3615 425 1058

253 481 486 548 bemus,
513 486 572 536 et
600 483 751 552 ipsos
777 481 990 552 inquiri
1020 499 1053 536 a
1085 485 1194 538 Deo
1224 481 1592 537 sanctissimis
1619 498 1721 552 pro
1750 486 1889 535 tem-
1909 493 1969 564 Α
1988 483 2113 532 tum
2153 478 2476 549 praesentia,
2521 477 2822 532 confestim
2863 481 2982 531 tum
3029 475 3312 547 proficisci
3347 476 3618 546 jubemus

255 591 403 645 pore
429 575 728 646 episcopis,
753 579 810 629 et
829 575 1052 630 duobus
1077 575 1424 646 presbyteris
1456 575 1512 628 in
1545 575 1786 645 singulis
1805 591 1891 628 ec-

256 667 470 733 clesiis,
497 671 556 721 et
581 667 653 720 ab
685 683 752 722 eo
779 667 876 737 qui
909 671 1140 722 vocatur
1164 669 1366 723 archos
1392 669 1479 722 vel
1512 668 1801 735 exarchos,
1832 671 1892 720 et

256 759 334 814 ab
366 760 584 829 ecdico,
617 759 734 813 sive
762 759 1066 814 defensore
1097 761 1373 831 cujusque
1394 760 1766 814 sanctissimae
1797 776 1888 814 ec-

254 852 471 918 clesiae,
506 856 563 906 et
591 868 689 906 eos
719 852 816 922 qui
843 851 1058 906 inventi
1109 869 1226 907 non
1265 853 1482 906 fuerint
1518 853 1804 923 inculpate
1829 852 1888 906 in

255 944 509 1016 liturgiis
533 947 983 1016 perseverantes,
1006 949 1167 999 extra
1189 945 1403 999 clerum
1430 945 1716 999 constitui.
1747 946 1888 998 Nam

257 1038 362 1108 qui
394 1037 832 1106 constituerunt,
853 1039 938 1092 vel
967 1038 1289 1092 fundarunt
1313 1038 1698 1092 sanctissimas
1718 1037 1891 1091 eccle-

256 1130 375 1184 sias
397 1146 500 1201 pro
512 1147 613 1184 sua
635 1131 816 1184 salute
839 1133 897 1184 et
921 1131 1244 1184 communis
1269 1131 1618 1202 reipublicae,
1649 1129 1890 1200 relique-

255 1228 399 1278 runt
443 1223 552 1277 illis
590 1223 956 1291 substantias,
989 1227 1051 1277 ut
1097 1239 1201 1294 per
1223 1239 1319 1278 eas
1349 1223 1597 1278 debeant
1619 1238 1792 1277 sacrm
1823 1223 1886 1275 li-

256 1315 470 1386 turgiaa
501 1315 644 1382 fieri,
666 1318 726 1368 et
745 1320 806 1370 ut
825 1315 882 1368 in
911 1315 1022 1369 illis
1047 1331 1081 1370 a
1106 1315 1564 1370 ministrantibus
1591 1315 1698 1386 piis
1724 1314 1888 1368 cleri-

257 1405 346 1462 cis
362 1407 514 1462 Deus
533 1408 770 1462 colatur.
787 1407 1099 1462 Licentiam
1121 1412 1314 1462 autem
1343 1407 1710 1462 concedimus
1729 1407 1890 1461 omni

256 1515 522 1571 persone
537 1516 666 1571 quas
681 1491 819 1570 quid
845 1500 1052 1554 horum
1075 1501 1522 1571 przetermissum
1548 1517 1670 1555 esse
1686 1515 1891 1570 cogno-

255 1593 428 1659 verit,
456 1609 524 1646 ea
549 1593 887 1647 denuntiare
927 1597 984 1646 et
1018 1593 1333 1664 publicare.
1368 1624 1436 1632 —
1465 1591 1496 1664 §
1529 1596 1614 1647 ll.
1645 1593 1723 1646 Ea
1756 1608 1888 1646 vero

255 1701 392 1758 quae
424 1702 458 1739 a
485 1685 649 1740 nobis
674 1686 892 1740 sancita
923 1689 1074 1752 sunt,
1103 1685 1204 1738 fini
1232 1685 1400 1752 tradi,
1430 1689 1488 1740 et
1512 1685 1585 1740 ad
1621 1685 1889 1740 effectum

254 1778 501 1850 perduci
525 1795 655 1833 cum
682 1779 782 1833 Dei
809 1778 1169 1849 benignitate
1185 1779 1490 1849 jubemus;
1515 1795 1614 1833 eos
1631 1794 1765 1832 vero
1791 1778 1890 1849 qui

255 1872 320 1952 in
351 1871 734 1942 suspicionem
754 1871 1036 1939 venerint,
1065 1870 1280 1942 aliquid
1312 1872 1520 1926 horum
1548 1887 1688 1926 ausu
1715 1874 1892 1924 teme-
1910 1850 1967 1920 Β

254 1965 416 2020 rario
446 1965 899 2036 praetermisisse,
921 1965 1174 2036 primum
1197 1963 1433 2035 quidem
1449 1980 1513 2019 ex
1541 1963 1770 2019 Domini
1793 1963 1891 2018 Dei

245 2057 477 2129 judicio
507 2057 844 2128 periculum,
873 2073 939 2112 ac
956 2057 1161 2112 deinde
1188 2057 1402 2128 positas
1425 2057 1485 2111 in
1517 2057 1623 2111 hac
1637 2057 1766 2127 lege
1781 2073 1892 2127 poe-

255 2167 364 2205 nas
403 2139 706 2205 sustinere.
740 2151 867 2204 Dat.
901 2151 1024 2206 Kal.
1053 2151 1238 2218 Mart,
1286 2151 1414 2216 CP.,
1445 2149 1546 2204 dn.
1573 2151 1740 2217 Just.,
1786 2151 1886 2203 PP.

253 2247 328 2299 A.
359 2259 398 2298 ιι
425 2259 537 2298 cos.
570 2245 692 2298 528.

909 2324 1037 2378 LEX
1072 2323 1245 2378 XLIII.

338 2431 495 2484 Idem
523 2432 813 2500 Augustus
831 2429 1152 2501 Epiphanio
1166 2427 1594 2500 archiepiscopo
1608 2431 1886 2485 Constan-

253 2523 646 2594 tinopolitano
676 2526 734 2577 et
761 2523 1123 2594 patriarchae.

333 2616 578 2672 Omnem
621 2632 852 2687 semper
891 2615 1229 2670 adhibentes
1267 2614 1690 2686 providentiam
1741 2614 1892 2668 circa

254 2704 646 2759 sanctissimas
677 2704 961 2773 ecclesias,
990 2721 1096 2775 per
1133 2721 1277 2776 quas
1313 2709 1369 2759 et
1405 2707 1666 2758 nostrum
1703 2703 1887 2774 impe-

250 2799 415 2852 rium
435 2797 722 2864 sustineri,
757 2803 813 2852 et
845 2814 1182 2852 communes
1212 2814 1304 2852 res
1327 2796 1758 2852 clementissimi
1787 2795 1890 2850 Dei

256 2891 452 2962 gratia
465 2891 680 2945 muniri
696 2890 1063 2956 credidimus,
1077 2906 1302 2945 necnon
1317 2894 1377 2944 et
1393 2895 1637 2956 nostras,
1655 2893 1712 2944 et
1730 2893 1892 2944 caete-

253 2999 463 3038 rorum
493 2984 756 3038 omnium
787 2983 1010 3038 animas
1035 2983 1328 3038 studentes
1348 2983 1573 3050 salvari,
1597 2987 1652 3037 et
1666 2999 1795 3037 eam
1817 2981 1890 3036 ob

253 3093 390 3132 rem
422 3077 645 3132 solliciti
667 3077 912 3144 assidue,
949 3093 1020 3130 ne
1050 3077 1358 3132 commoda
1399 3077 1890 3130 sanctissimarum

254 3170 628 3225 ecclesiarum
645 3171 703 3224 in
719 3186 1059 3242 quacunque
1071 3169 1291 3224 civitate
1311 3170 1422 3224 sint
1435 3170 1757 3224 constituta:
1763 3210 1778 3236 ,
1793 3168 1892 3222 ali-

255 3280 380 3335 qua
397 3263 620 3318 ratione
643 3264 1013 3332 minuantur;
1043 3279 1183 3317 neve
1202 3278 1330 3334 quae
1363 3263 1421 3316 in
1438 3263 1574 3334 ipsis
1589 3264 1733 3317 fiunt
1747 3261 1889 3315 divi-

255 3373 354 3410 nae
375 3355 623 3427 liturgim
643 3374 705 3411 ex
727 3359 841 3412 Deo
859 3357 1388 3412 amantissimorum
1412 3356 1769 3410 sacerdotum
1789 3357 1889 3411 ab-

254 3448 450 3504 sentia
479 3449 890 3520 impediantur,
912 3453 1012 3504 aut
1029 3466 1145 3504 non
1162 3449 1570 3504 convenienter
1588 3453 1888 3504 curentur:

256 3559 332 3597 ac
361 3558 435 3595 ne
453 3541 628 3596 etiam
655 3542 1140 3597 sanctissimarum
1164 3543 1527 3596 ecclesiarum
1554 3559 1894 3597 consuman-

254 3639 360 3690 tur
379 3651 490 3702 res,
514 3641 634 3689 tam
655 3642 887 3707 propter
907 3636 1175 3690 itinerum
1192 3651 1365 3706 quam
1379 3635 1552 3690 etiam
1566 3652 1896 3690 commean-

255 3729 410 3782 tium
423 3727 532 3782 huc
547 3729 907 3784 sacerdotum
927 3734 984 3784 et
1015 3729 1412 3784 comitantium
1440 3729 1772 3784 clericorum
1795 3730 1896 3784 im-

254 3837 473 3894 pensas
487 3838 500 3889 ;
513 3822 668 3876 unde
683 3839 834 3894 saape
853 3827 912 3876 et
925 3823 1028 3876 sub
1045 3823 1244 3878 fenore
1261 3822 1574 3894 accipiendi
1587 3822 1896 3877 necessitas

255 3914 534 3985 emergit,
567 3919 624 3969 et
649 3931 716 3970 ex
743 3932 813 3970 ea
841 3931 902 3970 re
925 3932 1070 3970 onus
1104 3915 1174 3970 ad
1201 3916 1354 3986 ipsas
1385 3915 1770 3970 sanctissimas
1802 3933 1892 3970 ec-

255 4007 464 4063 clesias
482 4008 669 4062 venit:
693 4009 862 4063 simul
888 3993 1063 4064 etiam
1079 4025 1152 4063 ne
1170 3992 1681 4064 ecclesiasticarum
1703 4025 1896 4064 rerum

257 4116 386 4156 non
419 4101 831 4156 convenienter
844 4103 1116 4174 procedat
1137 4102 1557 4156 administratio
1584 4118 1686 4172 per
1698 4103 1900 4156 absen-

256 4193 364 4250 tite
394 4194 514 4249 Deo
544 4196 1076 4250 amantissimorum
1111 4197 1510 4266 episcoporum
1547 4195 1898 4266 tempus,his

257 4287 343 4342 ad
374 4290 534 4342 tuam
567 4285 985 4343 beatitudinem
1016 4289 1224 4342 divinis
1244 4287 1498 4359 apicibus
1521 4288 1602 4342 uti
1631 4291 1898 4358 oportere

255 4380 739 4436 existimavimus.
777 4413 844 4422 -—
887 4381 918 4454 §
948 4385 996 4436 1.
1029 4383 1134 4436 Per
1161 4398 1306 4454 quos
1345 4381 1451 4452 ipsi
1475 4381 1747 4452 jubemus
1777 4381 1902 4436 fieri

257 4473 540 4531 omnibus
571 4474 964 4541 manifestum,
985 4492 1090 4547 per
1116 4475 1370 4546 singulas
1402 4476 1748 4546 metropoles
1770 4474 1901 4528 uni-

265 4569 620 4640 uscujusque
641 4569 948 4641 provincia:
976 4569 1082 4640 ipsi
1111 4565 1380 4639 subjectis
1406 4569 1781 4624 sanctissimis
1807 4586 1897 4623 sa-
1919 4593 1980 4666 Β

262 4662 620 4732 cerdotibus,
660 4663 933 4734 quoniam
977 4680 1093 4718 non
1139 4663 1304 4718 decet
1345 4662 1590 4734 aliquem
1621 4661 1896 4732 ipsorum,

265 4759 375 4813 aut
399 4772 600 4810 eorum
627 4756 725 4827 qui
752 4756 807 4810 in
841 4756 965 4811 aliis
995 4756 1416 4828 provinciarum
1449 4756 1771 4811 civitatibus
1797 4755 1901 4810 sub

262 4849 716 4921 metropolitano
731 4849 983 4905 ordinati
995 4856 1127 4904 sunt
1144 4851 1566 4921 episcoporum,
1584 4848 1900 4904 secundum

260 4943 568 5018 propriam
595 4944 944 4998 voluntatem
973 4943 1188 5015 absque
1215 4943 1410 4998 divina
1444 4947 1640 4997 nostra
1671 4942 1902 5014 speciali

255 5036 548 5112 jussione,
581 5037 907 5108 relinquere
937 5036 1175 5109 quidem
1207 5037 1586 5108 gubernatum
1621 5053 1655 5090 a
1685 5053 1744 5090 se
1774 5053 1900 5091 san-

263 5130 586 5188 ctissimam
613 5129 927 5198 ecclesiam,
946 5131 1003 5184 in
1025 5132 1171 5186 hanc
1186 5146 1320 5185 vero
1341 5130 1562 5185 felicem
1583 5146 1904 5185 commeare

263 5224 582 5294 civitatem,
626 5224 1036 5297 qualiscunque
1076 5229 1334 5294 emergat
1369 5239 1460 5278 res
1503 5242 1516 5279 :
1555 5224 1650 5279 sed
1681 5225 1906 5278 mittere

263 5322 535 5390 oportere
560 5318 714 5373 hunc
739 5335 937 5385 unum,
961 5321 1062 5372 aut
1101 5317 1244 5372 duos
1292 5333 1360 5372 ex
1389 5317 1493 5371 sibi
1527 5317 1777 5389 subjecto
1814 5318 1908 5389 pio

265 5413 456 5478 clero;
499 5416 556 5466 et
597 5412 778 5466 facere
833 5410 1129 5465 manifesta
1166 5415 1375 5464 nostra;
1415 5411 1612 5482 pietati
1663 5427 1732 5476 ea
1779 5411 1906 5482 qui-

262 5509 382 5562 bus
411 5522 553 5577 opus
587 5505 799 5560 habent
826 5509 926 5558 aut
952 5519 1055 5573 per
1079 5520 1138 5558 se
1167 5503 1336 5574 ipsos,
1365 5509 1463 5558 aut
1495 5521 1600 5575 per
1634 5504 1907 5559 interme-

265 5601 429 5657 diam
475 5603 632 5654 tuam
672 5595 1110 5664 beatitudinem,
1158 5595 1348 5666 sicque
1402 5597 1616 5666 perfrui
1651 5598 1802 5668 justa
1854 5601 1911 5652 et

263 5691 694 5764 compendiaria
729 5694 924 5745 nostra
949 5704 1088 5758 ope;
1127 5688 1174 5741 si
1204 5687 1357 5741 enim
1386 5690 1678 5760 quidpiam
1711 5706 1908 5746 eorum

264 5802 405 5861 quae
436 5786 506 5840 ad
545 5803 647 5840 nos
679 5784 852 5839 relata
885 5783 1118 5836 fuorunt
1157 5781 1266 5834 tale
1299 5781 1462 5834 nobis
1498 5782 1680 5838 visum
1715 5783 1907 5850 fuerit,

263 5885 339 5941 ut
363 5880 616 5955 indigeat
645 5879 894 5951 ipsorum
935 5875 1049 5930 Deo
1091 5873 1616 5932 amantissimorum
1659 5875 1914 5932 sacerdo-

1913 3219 1968 3294 C

1990 571 2179 642 ipsos;
2212 572 2425 643 absque
2463 587 2596 625 vero
2639 570 2738 624 tali
2779 569 2970 624 divina
2993 569 3272 640 jussione,
3318 569 3614 624 neminem

1989 664 2267 734 proficisci
2297 663 2684 718 concedimus.
2713 694 2782 702 —
2809 661 2839 734 §
2864 666 2916 716 2.
2945 662 3167 718 Sciente
3194 663 3402 718 horum
3429 667 3614 716 trans-

1989 771 2268 826 gressore,
2302 760 2361 810 et
2389 759 2542 810 recte
2588 773 2652 810 ac
2695 755 2784 826 pie
2832 754 3211 809 introductam
3242 771 3276 808 a
3304 754 3472 808 nobis
3505 771 3614 825 pro

1989 849 2471 903 sanctissimarum
2510 848 2878 902 ecclesiarum
2925 847 3145 902 honore
3188 847 3609 901 observantiam

1990 946 2390 1011 praetereunte,
2405 941 2558 1012 quod
2576 957 2694 994 non
2711 956 2946 1011 parvam
2969 939 3427 1010 indignationem
3449 955 3616 1010 expe-

1990 1032 2188 1099 rietur,
2221 1034 2317 1087 sed
2342 1037 2398 1087 et
2425 1033 2528 1086 sub
2558 1032 3145 1088 excommunicatione
3171 1031 3286 1098 ﬁet,
3313 1032 3356 1084 si
3379 1031 3612 1102 quidem

1991 1129 2385 1200 metropolites
2415 1130 2504 1194 sit,
2531 1145 2564 1183 a
2591 1135 2692 1184 tua
2717 1129 3072 1184 beatitudine
3096 1146 3109 1195 ;
3142 1130 3186 1182 si
3215 1145 3349 1182 vero
3377 1129 3615 1183 civitatis

1991 1221 2064 1274 sit
2091 1221 2409 1292 episcopus,
2438 1238 2564 1292 quae
2586 1222 2969 1292 metropolitze
3001 1221 3253 1291 subjecta
3284 1213 3376 1288 sit,
3397 1221 3467 1275 ab
3494 1221 3614 1292 ipso

1991 1319 2400 1389 metrOpolita:
2435 1317 2803 1388 pecuniarum
2837 1333 3085 1388 namque
3123 1334 3354 1388 poenam
3379 1316 3614 1372 deﬁnire

1990 1416 2189 1466 contra
2201 1415 2634 1466 contemnentes
2650 1410 2904 1464 divinam
2919 1413 3172 1464 nostram
3186 1410 3616 1481 dispositionem

1987 1520 2103 1558 non
2137 1504 2516 1557 necessarium
2542 1520 2662 1558 esse
2678 1503 3020 1574 putavimus,
3043 1519 3114 1558 ne
3134 1503 3268 1558 inde
3289 1503 3361 1557 ad
3390 1503 3618 1558 sanctis.

1990 1597 2162 1650 simas
2187 1596 2450 1650 ecclesias
2479 1597 2629 1668 quod
2656 1596 2788 1650 inde
2814 1596 3064 1650 evenerit
3095 1595 3287 1650 damni
3313 1596 3614 1662 redundet,

1989 1705 2228 1760 quarum
2266 1705 2355 1743 res
2397 1689 2467 1744 ab
2496 1688 2657 1743 omni
2705 1687 3096 1742 deminutione
3138 1689 3345 1742 liberas
3381 1704 3616 1742 manere

1990 1781 2269 1852 cupimus.
2295 1813 2364 1820 —
2383 1780 2414 1853 §
2435 1784 2486 1836 3.
2509 1782 2639 1835 Hec
2666 1781 2843 1852 igitur
2863 1780 2936 1834 ad
2969 1781 3326 1850 singulorum
3353 1781 3614 1835 notitiam

1991 1875 2094 1928 sub
2119 1874 2243 1946 ipsa
2269 1873 2666 1929 ordinatorum
2694 1875 2809 1928 Deo
2839 1873 3366 1928 amantissimorum
3399 1876 3613 1928 metro-

1989 1967 2374 2037 politanorum
2403 1966 2798 2038 episcoporum
2817 1965 3070 2037 perferre
3097 1971 3193 2020 tua
3213 1966 3482 2020 sanctitas
3505 1971 3618 2019 stu-

1990 2059 2138 2125 deat,
2161 2064 2220 2114 et
2246 2060 2316 2113 ab
2340 2075 2684 2130 unoquoque
2713 2058 2916 2113 missas
2942 2058 3360 2129 responsiones,
3378 2063 3497 2112 tam
3516 2075 3618 2128 per

1989 2152 2389 2224 metropolitas
2399 2168 2571 2224 quam
2583 2168 2684 2222 per
2695 2151 2943 2222 ipsarum
2956 2152 3034 2205 rel
3043 2151 3303 2222 iquarum
3311 2150 3617 2222 provincia:

1990 2244 2276 2299 civitatum
2295 2245 2410 2299 Deo
2425 2244 2843 2299 amantissimos
2861 2245 3156 2316 episcopos
3177 2244 3246 2298 de
3265 2243 3352 2298 his
3365 2260 3492 2314 qua:
3511 2243 3618 2297 hac

1989 2337 2058 2392 de
2083 2353 2143 2392 re
2159 2337 2484 2405 didicerint,
2499 2337 2572 2391 ad
2599 2343 2852 2392 nostram
2872 2337 3212 2407 religionem
3235 2337 3464 2391 referre.
3488 2337 3614 2390 Dat.

1969 2447 2021 2482 -x
2060 2431 2164 2484 cal.
2194 2431 2376 2498 Mart.,
2405 2432 2532 2496 CP.,
2564 2429 2662 2484 dn.
2698 2429 3013 2485 Iustiniano
3043 2431 3144 2484 PP.
3175 2432 3240 2483 A.
3269 2445 3308 2484 ιι
3345 2446 3456 2484 cos.
3491 2431 3611 2484 528.

2638 2523 2764 2577 LEX
2802 2523 2974 2577 XLIV.

2061 2616 2217 2672 Idem
2241 2618 2528 2686 Augustus
2554 2615 2770 2670 Hennae
2791 2618 2849 2671 Ρ.
2876 2618 2936 2670 Ρ.

2061 2709 2553 2764 Sanctissimarum
2571 2709 2934 2763 ecclesiarum
2947 2691 3406 2779 et‘piissimorum
3417 2726 3619 2765 mona‘

1990 2802 2292 2857 steriorum
2315 2801 2504 2856 decori
2526 2802 2910 2869 consulentes,
2929 2802 3324 2856 interdicimus
3347 2803 3618 2858 omnibus

1991 2895 2381 2950 habitantibus
2408 2895 2756 2949 monasteria
2777 2895 3094 2950 conversari
3127 2912 3257 2950 cum
3287 2896 3619 2950 mulieribus

1990 2989 2331 3054 monastriis,
2354 2993 2454 3042 aut
2474 2989 2834 3043 occasionem
2855 2989 3108 3060 aliquam
3136 2989 3486 3060 excogitare,
3508 3007 3620 3061 qua

1990 3080 2570 3136 communicationem
2608 3081 2854 3152 aliquam
2877 3098 3010 3136 cum
3039 3081 3174 3152 ipsis
3208 3082 3466 3136 habeant
3493 3083 3620 3151 (hoc

1993 3175 2149 3228 enim
2183 3175 2402 3245 justam
2433 3173 2813 3244 suspicionem
2861 3175 3188 3243 introducit,
3225 3175 3473 3241 assidue,
3524 3181 3622 3230 aut

1995 3283 2122 3322 cum
2150 3267 2449 3334 voluerint,
2489 3283 2619 3320 cum
2647 3266 2782 3338 ipsis
2807 3267 3272 3337 congrediendi);
3299 3269 3397 3322 sed
3431 3269 3508 3323 ita
3535 3286 3622 3324 se-

1993 3364 2254 3432 gregatos
2278 3377 2419 3426 esse,
2443 3365 2504 3414 ut
2529 3361 2746 3414 nullam
2773 3359 3266 3430 participationem
3287 3361 3361 3414 ad
3381 3361 3622 3418 invicem

1993 3454 2066 3508 ob
2087 3469 2484 3524 quamcunque
2505 3469 2737 3508 causam
2753 3453 3004 3508 habeant
3023 3453 3150 3523 ipsi,
3174 3470 3363 3526 neque
3394 3457 3620 3526 excogi-

1993 3547 2101 3601 tari
2144 3547 2394 3618 aliquam
2444 3546 2824 3615 occasionem,
2869 3547 2954 3600 vel
2995 3546 3120 3612 illis,
3153 3549 3237 3602 vel
3282 3547 3370 3602 his
3405 3552 3621 3604 mutua:

1993 3639 2142 3694 inter
2167 3656 2225 3693 se
2252 3639 2758 3705 commorationis;
2786 3638 2883 3693 sed
2916 3639 3016 3692 soli
3050 3656 3156 3710 per
3179 3656 3239 3694 se
3275 3640 3536 3696 homines
3561 3641 3623 3696 in

1993 3733 2250 3804 quolibet
2275 3731 2624 3786 monasterio
2647 3731 2876 3802 degant,
2900 3748 2932 3786 a
2947 3732 3146 3786 vicinis
3174 3733 3277 3786 sibi
3307 3749 3408 3804 per
3425 3750 3624 3805 quam-

1995 3841 2217 3896 cunque
2243 3841 2474 3880 causam
2501 3823 2828 3879 monastriis
2850 3825 3160 3896 segregati:
3195 3826 3340 3880 Solze
3365 3826 3500 3881 item
3521 3843 3625 3899 per

1997 3935 2056 3974 se
2097 3918 2363 3974 mulieres
2390 3935 2509 3973 non
2539 3918 2854 3972 commistte
2889 3918 3041 3987 viris,
3073 3924 3134 3974 ut
3163 3919 3350 3974 omnis
3377 3919 3622 3991 suspicio

1997 4011 2281 4067 indecorae
2332 4011 2777 4066 conversationis
2832 4011 3058 4082 penitus
3106 4013 3352 4067 tollatur.
3405 4013 3518 4068 Sed
3579 4015 3625 4067 si

1997 4105 2100 4160 viri
2131 4105 2347 4160 fuerint
2384 4105 2592 4176 plures,
2625 4108 2854 4176 oportet
2881 4105 3242 4178 providentia
3271 4106 3624 4177 singularum

1999 4199 2287 4254 civitatum
2314 4197 2713 4270 episcoporum
2737 4198 2974 4253 feminas
3004 4199 3063 4253 in
3091 4199 3264 4254 alium
3293 4200 3630 4256 convenien-

2001 4297 2116 4346 tem
2145 4293 2332 4346 locum
2362 4292 2672 4358 transferri,
2707 4295 2762 4346 et
2788 4292 2912 4346 dari
2940 4293 3354 4348 monasterium
3382 4294 3536 4364 ipsis,
3567 4294 3628 4348 in

2001 4401 2114 4456 quo
2138 4388 2404 4456 oporteat
2430 4385 2581 4455 ipsas
2609 4385 2666 4438 in
2693 4387 2982 4456 posterum
3008 4386 3162 4457 apud
3189 4403 3247 4439 se
3276 4386 3425 4456 ipsas
3449 4387 3628 4442 hone-

2003 4483 2085 4533 ste
2113 4477 2468 4532 conversari:
2505 4478 2588 4532 sin
2636 4479 2827 4548 plures
2858 4478 3220 4533 inveniantur
3250 4479 3497 4546 feminae,
3529 4485 3632 4534 aut

2001 4572 2175 4626 etiam
2207 4571 2614 4642 pari‘numero,
2637 4570 2786 4625 viros
2802 4571 3032 4642 quidem
3053 4572 3368 4638 transferri,
3388 4572 3630 4628 feminas

2001 4667 2192 4718 autem
2225 4664 2284 4718 in
2307 4664 2656 4718 monasterio
2672 4680 2926 4733 manere,
2947 4665 3024 4719 ita
3047 4668 3111 4718 ut
3135 4681 3224 4720 res
3249 4663 3399 4736 ipius
3428 4682 3626 4721 mona-

2002 4757 2158 4812 sterii
2202 4757 2442 4812 mobiles
2473 4762 2528 4810 et
2559 4756 2900 4824 immobiles,
2942 4762 3001 4812 et
3028 4775 3086 4813 se
3123 4762 3418 4812 moventes
3445 4759 3504 4813 hi
3533 4761 3631 4831 qui

2003 4853 2211 4904 exeunt
2235 4866 2365 4904 cum
2392 4849 2480 4904 his
2511 4849 2607 4922 qui
2636 4855 2890 4918 manent,
2926 4865 3031 4921 pro
3058 4855 3181 4905 rata
3211 4849 3486 4905 dividant.
3524 4853 3627 4907 Ne-

2003 4944 2254 4998 cessariis
2277 4946 2467 4999 autem
2495 4943 2782 5015 responsis
2801 4943 2949 5015 apud
2975 4961 3033 4999 se
3062 4943 3387 5014 degentium
3413 4961 3633 5016 separa-

2005 5037 2108 5092 tim
2163 5037 2494 5106 mulierum,
2544 5053 2720 5092 unum
2765 5053 2962 5092 senem
3004 5053 3038 5092 a
3082 5040 3194 5093 Deo
3233 5039 3630 5095 amantissimo

2007 5130 2268 5203 episcopo
2315 5131 2556 5185 civitatis
2597 5131 2891 5202 segregari
2922 5147 2935 5185 :
2987 5131 3062 5185 ad
3093 5131 3314 5186 divinas
3338 5148 3471 5188 vero
3503 5151 3633 5204 per-

2007 5225 2258 5297 agendas
2279 5225 2536 5296 liturgias
2563 5229 2621 5279 et
2641 5227 2836 5279 sancta
2862 5224 3268 5280 communione
3295 5227 3637 5299 participan-

2007 5319 2108 5374 das
2127 5335 2308 5373 unum
2335 5319 2751 5390 presbyterum,
2769 5321 2825 5372 et
2847 5334 3025 5373 unum
3053 5318 3358 5375 diaconum
3378 5321 3636 5378 honestas

2007 5412 2136 5466 vitae
2169 5411 2310 5481 dari,
2361 5411 2460 5484 qui
2488 5412 2608 5466 haec
2636 5413 2757 5466 sola
2800 5411 3124 5482 supradicta
3166 5429 3338 5484 agere
3369 5414 3632 5484 debeant,

2007 5523 2126 5561 non
2165 5505 2337 5560 etiam
2377 5505 2630 5560 convesci
2673 5509 2731 5560 et
2773 5505 3117 5574 conversari,
3163 5511 3262 5562 aut
3309 5508 3634 5564 cohabitare

2010 5617 2140 5654 cum
2169 5599 2320 5670 ipsis.
2351 5599 2444 5654 His
2471 5599 2626 5653 enim
2665 5599 2914 5668 servatis,
2950 5605 3008 5654 et
3033 5600 3169 5672 ipsis
3203 5601 3337 5656 felix
3365 5601 3481 5655 vita
3505 5601 3634 5670 erit,

2010 5693 2107 5764 qui
2137 5692 2454 5747 solitariam
2475 5693 2648 5747 vitam
2671 5692 2970 5764 elegerint,
3001 5697 3055 5748 et
3081 5694 3404 5748 communis
3427 5699 3635 5748 nostra:

2013 5786 2389 5857 reipubliqua:
2410 5803 2500 5840 res
2520 5785 2863 5857 paratiorem
2891 5791 3310 5858 consequentur
3325 5801 3358 5839 a
3388 5787 3504 5840 Deo
3529 5787 3640 5843 cle-

2010 5879 2371 5940 mentissimo
2400 5896 2586 5954 opem.
2633 5881 2771 5947 Qum
2822 5880 2999 5952 igitur
3035 5895 3203 5951 super
3240 5880 3638 5941 communibus
