4088 6444
508 409 635 462 1059

1627 379 1879 437 SECULI
1917 377 2105 433 SEXTI
2145 369 2720 432 SUPPLEMENTUM.‘

3757 349 3921 406 i060

500 513 669 568 rebus
692 513 748 563 et
771 520 922 561 nunc
965 505 1118 556 recte
1165 492 1375 551 habere
1421 487 1880 552 existimavimus,
1912 483 2108 552 hujus-
2133 481 2344 567 Ateris
2369 470 2554 550 neque
2597 467 3080 532 reverendissimis
3109 463 3389 530 diaconis,
3423 467 3531 517 aut
3561 457 3918 516 subdiaco-

505 603 658 659 modi
686 604 832 654 sunt.
863 593 973 650 Sed
1017 595 1075 645 et
1099 586 1440 644 credidimus
1466 600 1579 637 non
1608 595 1839 652 parvam
1869 575 2003 630 hinc
2029 574 2109 627 vi-

503 711 627 750 sum
657 691 724 746 iri
750 688 1002 744 additam
1041 698 1163 737 esse
1194 680 1283 734 his
1310 695 1375 733 ex
1405 675 1592 730 divina
1620 677 1816 726 nostra
1843 666 2110 724 constitu-

504 787 658 842 tione
688 781 1009 837 utilitatem.

572 877 604 948 §
632 880 680 930 t.
709 873 815 929 Sed
837 874 894 924 et
927 863 1322 922 observatione
1349 865 1407 914 et
1447 859 1664 914 cautela
1694 851 1946 924 diligenti
1975 864 2114 920 Opus

503 941 604 1038 estw,
625 984 696 1022 ne
721 965 838 1019 ullo
859 961 1026 1016 modo
1051 956 1462 1029 prmtereantur
1477 951 1616 1004 haec.
1637 946 1796 1012 Quod
1816 960 1930 998 non
1955 941 2116 996 aliter

504 1061 814 1129 continget,
843 1068 1010 1124 quam
1033 1049 1080 1103 si
1102 1050 1214 1103 Deo
1242 1041 1612 1100 amantissimi
1635 1039 1906 1109 cujusque
1925 1033 2116 1088 civita-

502 1155 574 1208 tis
585 1126 832 1222 episcopi
845 1141 1148 1214 inspiciunt
1159 1137 1460 1208 diligenter
1473 1131 1890 1188 monachorum
1909 1126 2116 1195 degen-

504 1246 650 1300 tium
677 1243 736 1295 in
763 1232 1124 1293 monasteriis
1149 1231 1250 1286 sub
1277 1244 1378 1282 sua
1405 1242 1538 1282 cura
1565 1221 1856 1286 ordinatis,
1881 1232 2112 1272 conver-

505 1336 783 1397 sationes;
827 1333 885 1383 et
933 1327 980 1380 si
1031 1324 1167 1395 quid
1211 1319 1488 1375 senserint
1535 1313 1861 1386 hujusmodi
1906 1311 2112 1379 lapsus,

505 1426 768 1484 omnibus
792 1419 976 1476 modis
1001 1417 1361 1486 compescant
1381 1411 1490 1464 tale
1517 1408 1770 1478 ipsorum
1791 1404 2112 1471 inceptum;

506 1525 564 1574 et
588 1515 768 1589 pCBIliS
787 1511 1088 1581 subjiciant
1115 1523 1211 1560 eos
1233 1503 1329 1574 qui
1357 1506 1485 1573 post
1507 1503 1760 1553 nostram
1777 1491 2114 1566 prohibitio-

507 1627 644 1666 nem
669 1607 852 1662 adhuc
871 1603 1005 1658 talia
1021 1599 1377 1671 perpetrant;
1397 1595 1454 1646 et
1469 1595 1674 1662 cogant
1691 1591 1752 1642 ut
1778 1600 1972 1641 eorum
1988 1598 2117 1637 con-

505 1700 855 1758 versationes
885 1695 997 1749 sint
1033 1706 1206 1762 puras,
1251 1693 1308 1742 et
1347 1686 1624 1755 separatae
1659 1681 1729 1736 ab
1775 1677 1935 1734 omni
1959 1692 2113 1730 com-

503 1793 718 1851 mercio
740 1785 1020 1844 muliebri.
1039 1785 1181 1838 Nam
1199 1786 1255 1834 et
1268 1777 1401 1849 ipsis
1421 1777 1535 1830 Deo
1553 1769 1956 1840 amantissimis
1975 1767 2118 1838 epis-

505 1887 679 1958 copis,

505 1949 595 2034 est
619 1949 766 2048 quod
801 1989 867 2027 ex
896 1965 1288 2025 observatione
1325 1962 1573 2015 honestas
1615 1955 1785 2026 hujus
1830 1949 2116 2007 devotissi-

503 2085 735 2126 morum
762 2063 1166 2120 monachorum
1199 2049 1662 2114 conversationis,
1685 2052 1741 2101 et
1761 2046 1805 2099 si
1833 2045 1910 2098 eis
1937 2042 2115 2097 conti-

509 2162 659 2234 gerit
697 2157 834 2212 nihil
867 2153 1152 2215 indecens,
1186 2151 1285 2202 aut
1313 2145 1675 2198 inhonestum
1703 2137 1976 2202 accidere,
2007 2135 2116 2187 cle-

507 2269 673 2308 mens
697 2253 842 2306 Deus
871 2243 1149 2317 propitius
1178 2256 1269 2294 res
1295 2250 1627 2291 communes
1671 2235 1876 2284 nostra“.
1909 2226 2116 2296 Reipu-

504 2347 667 2401 blicae
694 2337 1046 2396 secundabit.

576 2438 608 2509 §
635 2441 686 2491 2.
719 2433 832 2488 Sed
862 2447 934 2484 ne
963 2427 1048 2481 vel
1076 2425 1180 2496 ipsi
1209 2425 1322 2478 Deo
1351 2416 1717 2473 amantissimi
1747 2411 1990 2484 episcopi
2023 2427 2117 2464 su-

507 2541 852 2602 pervacuum
884 2522 1092 2576 ducant
1115 2519 1223 2571 hoc
1256 2516 1512 2568 nostrum
1544 2509 1914 2580 praeceptum,
1955 2518 2118 2557 nosse

504 2625 654 2696 ipsos
679 2619 956 2682 volumus,
985 2609 1138 2684 quod
1167 2609 1210 2662 si
1247 2606 1372 2677 quis
1407 2605 1661 2674 ipsorum
1693 2598 2020 2654 manifestus
2049 2595 2120 2648 sit

504 2732 620 2770 non
649 2727 780 2766 cum
802 2706 958 2762 omni
984 2699 1278 2772 diligentia
1306 2698 1426 2751 haec
1456 2693 1816 2761 investigare,
1866 2692 1964 2742 aut
1993 2703 2117 2740 ma-

504 2808 774 2862 nifestum
811 2801 1034 2870 lapsum
1061 2811 1173 2848 non
1219 2787 1534 2845 secundum
1581 2784 1878 2856 praedictos
1921 2779 2120 2834 modos

507 2897 830 2957 emendare,
845 2887 1116 2946 obnoxius
1135 2883 1368 2956 quidem
1397 2880 1505 2934 erit
1517 2876 1732 2948 judicio
1745 2872 1970 2928 Domini
1995 2871 2116 2938 Dei,

507 2997 566 3045 et
593 2987 823 3044 nuncin
845 2984 1032 3053 ipsum
1053 2977 1240 3032 veniet
1265 2971 1487 3044 imperii
1509 2968 1688 3024 nostri
1703 2965 2039 3036 indignatio,
2062 2966 2120 3017 et

507 3082 655 3136 circa
690 3079 876 3148 ipsum
913 3066 1324 3142 periclitabitur
1363 3059 1758 3124 sacerdotium,
1797 3071 1978 3126 neque
2007 3055 2120 3108 alia

505 3171 721 3242 majore
738 3182 878 3238 opus
903 3162 1011 3217 erit.
1035 3157 1450 3228 indignatione.
1479 3183 1546 3192 ——
1571 3151 1601 3223 §
1622 3154 1672 3205 3.
1701 3150 1818 3204 Tua
1843 3148 2018 3218 igitur
2031 3163 2120 3199 ex-
2139 3188 2194 3260 Ο

508 3261 770 3320 cellentia
812 3255 1061 3312 divinam
1112 3254 1363 3305 nostram
1415 3247 1560 3300 lianc
1605 3242 1744 3312 legis
1785 3239 2118 3312 positionem

506 3353 863 3411 manifestam
927 3345 1092 3400 faciat
1131 3341 1516 3411 cujuscunque
1569 3333 1954 3402 metropoleos
2005 3333 2118 3385 Deo

505 3441 902 3503 amantissimis
968 3433 1258 3507 spiscopis,
1299 3437 1356 3485 et
1397 3425 1723 3482 clarissimis
1787 3423 2120 3495 praasidibus

504 3536 928 3612 provinciarum
943 3548 956 3586 :
974 3528 1186 3584 addens
1198 3524 1388 3590 ethoc,
1409 3521 1559 3592 quod
1577 3524 1634 3572 et
1657 3517 1782 3588 ipsi,
1799 3517 1846 3570 si
1865 3531 2008 3585 opus
2024 3513 2118 3580 sit,

506 3647 680 3689 omne
705 3629 895 3683 ferant
922 3621 1192 3678 auxilium
1226 3613 1490 3688 piissimis
1516 3611 1803 3666 civitatum
1823 3607 2115 3678 episcOpis,

505 3717 917 3792 adhujusmodi
936 3711 1160 3786 [lapsus]
1187 3705 1519 3771 coercenda,
1539 3720 1666 3774 quae.
1682 3702 1800 3758 tolli
1812 3700 2115 3772 jussimus;

507 3823 564 3872 et
587 3817 633 3870 si
659 3831 772 3886 qua
815 3805 1168 3880 negligentia
1196 3819 1290 3856 eos
1319 3816 1443 3853 usos
1470 3814 1587 3851 esse
1616 3793 1956 3862 invenerint,
1990 3809 2115 3846 ma-

505 3910 769 3964 nifestam
787 3919 914 3959 eam
936 3899 1100 3954 nobis
1118 3893 1345 3967 proprio
1359 3890 1568 3945 facient
1587 3887 1820 3956 indicio,
1842 3889 1907 3940 ut
1924 3885 2118 3955 utique

505 4016 710 4058 omnes
743 3996 1106 4066 cognoscant,
1133 3991 1189 4041 et
1211 4000 1470 4057 quaenam
1509 3981 1580 4035 ab
1613 3981 1746 4050 ipsis
1775 3977 1990 4032 servari
2017 3977 2116 4031 de-

503 4094 700 4160 beant,
729 4093 788 4144 et
809 4104 876 4142 ex
909 4079 1256 4154 negligentia
1300 4074 1590 4130 deﬁnitam
1633 4087 1882 4143 pinnam.
1911 4071 2122 4124 Curent

505 4191 696 4240 autem
727 4185 785 4236 et
812 4181 926 4234 Deo
957 4169 1331 4231 amantissimi
1371 4165 1758 4237 metropolitsz,
1792 4162 1968 4217 etiam
1996 4161 2120 4216 aliis

505 4269 994 4333 reverendissimis
1013 4266 1299 4322 civitatum
1316 4259 1592 4333 episc0pis
1615 4256 1873 4327 ejusdem
1898 4255 2121 4326 provin-

505 4371 610 4425 ciae
636 4370 823 4423 facere
837 4361 1192 4418 manifestam
1209 4354 1455 4410 divinam
1477 4353 1622 4406 hanc
1641 4352 1890 4402 nostram
1903 4348 2114 4418 legem,

505 4467 564 4519 et
590 4458 924 4518 denuntiare
955 4451 1240 4518 omnibus,
1279 4453 1341 4501 ut
1367 4444 1522 4516 vigili
1557 4441 1744 4496 studio
1773 4441 1889 4494 haec
1929 4445 2116 4494 custo-

2211 570 2298 624 nis
2323 548 2547 638 nuptias
2571 564 2902 621 contrahere
2921 564 3046 631 post
3063 553 3404 626 hujusmodi
3434 548 3920 606 ordinationem

2211 659 2684 733 permittentibus,
2714 655 2811 710 sed
2852 652 2988 707 solis
3029 643 3534 705 reverendissimis
3573 637 3810 712 psaltis
3861 643 3926 690 et

2210 752 2510 808 lectoribus
2539 749 2594 804 id
2637 743 3090 810 concedentibus,
3132 735 3686 794 animadvertimus
3720 747 3921 800 quos-

2212 845 2339 901 dam
2369 843 2734 912 despicientes
2758 837 2990 909 quidem
3015 848 3200 888 sacros
3225 843 3486 885 canones
3516 841 3766 897 pueros
3799 839 3920 876 an-

2213 941 2327 992 tem
2363 937 2699 1006 generantes
2738 947 2806 986 ex
2841 925 3182 1000 quibusdam
3229 919 3618 986 mulieribus,
3676 915 3922 988 quibus

2213 1027 2481 1100 conjungi
2505 1023 2814 1080 secundum
2833 1016 3238 1075 sacerdotalem
3259 1027 3581 1068 censuram
3606 1025 3748 1064 non
3777 1024 3925 1079 pos-

2213 1128 2362 1178 sunt.
2405 1119 2686 1184 Quoniam
2719 1114 2896 1186 igitur
2928 1126 3094 1182 poena
3135 1105 3412 1162 facinoris
3444 1103 3638 1174 hujus
3669 1102 3744 1156 in
3787 1101 3924 1156 sola

2212 1213 2505 1272 sacerdotii
2529 1214 2652 1265 erat
2674 1205 2994 1272 amissione,
3024 1217 3212 1256 sacros
3239 1201 3443 1253 autem
3469 1211 3758 1250 canones
3791 1210 3925 1249 non

2213 1309 2398 1365 minus
2425 1319 2597 1376 quam
2637 1302 2808 1370 leges,
2839 1298 3043 1361 valere,
3072 1294 3250 1348 etiam
3281 1293 3509 1345 nostras
3560 1288 3800 1342 volunt
3828 1289 3923 1341 le-

2215 1419 2332 1472 ges,
2376 1397 2654 1452 sancimus
2686 1391 2940 1446 obtinere
2977 1387 3038 1441 in
3079 1385 3195 1441 illis
3233 1389 3292 1438 et
3333 1399 3474 1454 quze
3537 1381 3740 1436 sacris
3793 1380 3927 1434 visa

2212 1497 2344 1548 sunt
2379 1487 2703 1552 canonibus,
2743 1481 2979 1554 perinde
3021 1497 3086 1533 ac
3121 1478 3170 1532 si
3203 1476 3471 1532 civilibus
3524 1473 3922 1544 inscriptum

2213 1588 2356 1640 esset
2381 1581 2634 1652 legibus;
2658 1583 2716 1632 et
2750 1591 2948 1630 omnes
2973 1570 3297 1627 istiusmodi
3317 1567 3608 1624 homines
3632 1572 3776 1622 tam
3822 1582 3924 1620 sa-

2214 1676 2458 1732 cerdotio
2482 1687 2653 1744 quam
2679 1668 2866 1724 divino
2903 1663 3245 1731 ministerio,
3267 1665 3453 1732 atque
3480 1660 3680 1715 etiam
3715 1659 3928 1730 digni-

2212 1773 2324 1824 tate
2353 1767 2472 1837 ipsa
2495 1779 2666 1834 quam
2686 1761 2897 1815 habent
2917 1755 3139 1812 nudari.
3168 1752 3720 1820 Quemadmodum
3747 1749 3925 1806 enim

708 1884 753 1936 si
783 1883 892 1935 hoc
928 1879 1078 1932 recte
1105 1872 1383 1928 aestimare
1413 1865 1710 1930 voluerint,
1753 1860 2115 1934 perspicuum
2138 1846 2192 1917 Β
2215 1859 2382 1916 sacris
2415 1855 2718 1913 canonibus
2759 1850 3050 1922 prohibita
3083 1851 3220 1903 sunt
3262 1846 3428 1912 talia,
3467 1844 3559 1898 sic
3589 1850 3660 1900 et.
3687 1861 3924 1899 secun-

2215 1953 2351 2008 dum
2384 1955 2600 2006 nostras
2627 1947 2780 2016 leges
2809 1959 2930 1998 rem
2974 1941 3161 2012 ipsam
3193 1938 3502 2010 prohiberi
3527 1955 3545 2008 ;
3584 1941 3652 1994 et
3683 1943 3930 2010 praeter

2215 2044 2590 2116 supradictam
2609 2035 2904 2094 excidendi
2925 2052 2956 2088 a
2987 2031 3312 2088 ministerio
3341 2047 3619 2103 poenam,
3655 2049 3739 2086 ne
3769 2032 3931 2104 legi-

2216 2138 2382 2191 timos
2407 2133 2636 2205 quidem
2661 2133 2718 2184 et
2742 2127 3002 2200 proprios
3027 2141 3148 2180 esse
3170 2141 3269 2179 eos
3295 2124 3401 2195 qui
3435 2141 3512 2178 ex
3547 2124 3932 2195 hujusmodi

2215 2227 2538 2283 inordinata
2563 2219 3024 2291 constupratione
3051 2221 3401 2284 nascuntur,
3431 2221 3546 2271 aut
3563 2215 3698 2272 nati
3723 2223 3878 2272 sunt
3913 2233 3928 2272 :

2217 2321 2311 2374 sed
2337 2335 2458 2372 eam
2486 2332 2611 2387 quae
2637 2331 2702 2369 ex
2725 2313 2934 2367 talibus
2961 2309 3280 2365 seminibus
3309 2309 3508 2364 oritur
3552 2309 3932 2382 participari

2215 2409 2662 2482 turpitudinem;
2685 2406 2822 2461 tales
2847 2404 3003 2460 enim
3029 2419 3127 2458 eos
3153 2418 3278 2456 csse
3303 2401 3730 2472 disponimus,
3765 2419 3929 2474 qua-

2217 2507 2298 2560 les
2333 2520 2472 2575 quos
2505 2501 2658 2571 leges
2699 2515 2770 2553 ex
2803 2497 3030 2551 incestis
3069 2501 3172 2550 aut
3196 2495 3442 2549 nefariis
3472 2501 3660 2550 natos
3689 2495 3936 2568 nuptiis

2217 2596 2513 2658 deﬁniunt,
2541 2593 2620 2648 ita
2647 2595 2708 2644 ut
2730 2605 2918 2660 neque
2933 2588 3224 2642 naturales
3249 2593 3354 2642 aut
3375 2587 3558 2642 nothi
3587 2604 3706 2642 seu
3727 2589 3936 2660 spurii

2217 2688 2623 2758 intelligantur,
2662 2682 2765 2737 sed
2806 2697 3040 2752 prorsus
3077 2686 3134 2734 et
3177 2681 3454 2751 undique
3501 2681 3826 2752 prohibiti
3876 2685 3938 2736 et

2217 2779 2578 2838 successionis
2607 2777 2930 2847 genitorum
2957 2773 3209 2844 indigni;
3249 2789 3318 2826 ac
3356 2789 3473 2828 nec
3503 2771 3936 2829 donationem

2216 2875 2286 2930 ab
2311 2874 2422 2928 illis
2447 2885 2644 2941 capere
2668 2867 2902 2940 possint,
2943 2882 3133 2936 neque
3178 2865 3240 2920 hi
3271 2881 3476 2936 neque
3503 2865 3756 2921 horum
3798 2884 3936 2921 ma-

2216 2973 2351 3033 tres,
2377 2980 2482 3019 nec
2510 2979 2614 3034 per
2637 2959 3003 3030 interpositas
3021 2958 3258 3028 quidem
3287 2974 3618 3028 personas,
3655 2960 3770 3014 sed
3809 2977 3943 3014 om-

2216 3059 2382 3114 nibus
2411 3057 2467 3110 in
2498 3055 2601 3110 hos
2629 3053 2840 3108 collatis
2859 3051 3164 3122 apatribus
3183 3049 3494 3105 beneﬁciis
3529 3051 3616 3106 ad
3648 3058 3944 3107 sanctam

2219 3149 2511 3204 ecclesiam
2537 3164 2603 3201 ex
2625 3162 2737 3217 qua
2764 3143 3016 3213 suntqui
3039 3142 3174 3197 talia
3194 3141 3597 3212 deliquerunt
3615 3152 3945 3200 reverten-

2216 3243 2385 3298 tibus.
2415 3240 2570 3304 Quod
2598 3237 2751 3294 enim
2783 3235 2924 3290 sacri
2955 3251 3202 3290 canones
3240 3235 3604 3305 prohibent,
3641 3237 3708 3292 id
3745 3239 3946 3294 etiam

2219 3341 2273 3389 et
2297 3351 2396 3388 nos
2421 3349 2524 3404 per
2550 3337 2770 3386 nostras
2798 3329 3097 3383 abolemus
3128 3327 3310 3398 leges.
3343 3327 3406 3382 Si
3445 3345 3602 3384 vero
3635 3331 3948 3388 simulata

2219 3427 2478 3498 quaedam
2505 3423 2772 3494 obligatio
2799 3421 2904 3476 sub
2931 3421 3122 3492 specie
3145 3420 3340 3475 mutui
3369 3421 3468 3476 vel
3489 3423 3770 3479 alterius
3801 3443 3950 3481 con-

2215 3525 2424 3574 tractus
2449 3515 2811 3572 instrumenti
2837 3515 2956 3582 ﬁat,
2999 3529 3131 3584 quae
3170 3513 3516 3583 obligatum
3554 3517 3762 3573 faciat
3795 3535 3946 3575 eum

2217 3612 2312 3684 qui
2349 3595 2675 3680 hujusmodi
2706 3605 3186 3678 constuprationis
3216 3607 3528 3679 particeps
3572 3611 3795 3668 factus
3827 3619 3944 3678 est,

2217 3704 2361 3758 hanc
2388 3703 2554 3756 etiam
2584 3700 2866 3755 inﬁrmam
2895 3715 3015 3753 esse
3040 3699 3328 3768 volumus,
3359 3705 3423 3754 et
3451 3703 3690 3759 talium
3723 3723 3948 3762 rerum

2217 3796 2502 3850 dationem
2532 3811 2646 3848 non
2675 3792 2746 3847 ad
2772 3808 2898 3846 eam
2939 3807 3250 3861 personam
3286 3791 3348 3846 in
3392 3811 3594 3865 quium
3631 3806 3949 3870 concepta

2216 3893 2346 3943 sunt
2371 3887 2595 3957 scripta,
2625 3885 2722 3940 sed
2767 3885 2838 3939 ad
2867 3884 3288 3939 sanctissimam
3337 3887 3681 3946 ecclesiam
3717 3911 3946 3964 perve-

2216 3981 2361 4036 nire.
2405 3981 2536 4033 Data
2573 3995 2642 4032 xv
2673 3977 2791 4032 Kal.
2841 3977 3002 4046 Nom,
3043 3978 3148 4033 ΟΡ.
3191 3977 3404 4050 Lamp.
3441 3985 3506 4036 et
3559 3982 3802 4042 Oreste
3851 4005 3946 4043 vv.

2217 4090 2296 4127 cc.
2321 4089 2461 4126 coss.
2498 4073 2586 4126 38.

2853 4149 2979 4204 LEX
3023 4149 3202 4204 XLVI.

2291 4260 2442 4315 Idem
2467 4262 2754 4330 Augustus
2775 4257 2997 4311 Juliano
3026 4257 3090 4310 Ρ.
3123 4259 3187 4312 P.

2286 4352 2595 4418 Sancimus,
2627 4351 2673 4404 si
2697 4349 2825 4421 quis
2854 4349 3107 4404 moriens
3139 4350 3300 4420 piam
3322 4351 3546 4409 fecerit
3577 4356 3950 4431 dispositio.

2217 4463 2347 4502 nem
2375 4445 2459 4498 vel
2489 4460 2592 4514 per
2618 4441 2988 4496 institutionis
3019 4443 3284 4510 modum,
3311 4446 3406 4499 vel
3454 4463 3580 4518 per
3626 4452 3948 4526 legatum,

507 4556 682 4620 diant,
703 4554 960 4606 verentes
985 4543 1279 4600 deﬁnitam
1307 4554 1553 4611 pceuam.
1577 4567 1642 4574 —
1663 4536 1694 4606 ᾗ
1713 4535 1764 4588 4.
1793 4537 1867 4588 Ac
1893 4550 1965 4587 ne
1995 4549 2119 4603 pro—
2136 4539 2196 4610 Ι)
2217 4544 2314 4594 aut
2341 4535 2858 4602 ﬁdeicommissum,
2885 4541 2985 4589 aut
3026 4536 3234 4590 mortis
3264 4552 3451 4594 causa
3487 4541 3922 4606 donationem

501 4647 763 4702 trahatur
775 4643 940 4714 plena
961 4635 1272 4694 observatio
1299 4631 1501 4686 divinm
1526 4631 1734 4682 nostra!
1763 4626 1931 4696 huius
1957 4625 2114 4696 legis,

2215 4632 2302 4686 vel
2327 4631 2501 4685 alium
2529 4643 2927 4700 quemcunque
2955 4627 3197 4683 modum
3229 4629 3640 4706 legitimum;
3677 4642 3820 4699 sive
3851 4645 3948 4700 in-

503 4745 678 4812 atque
709 4735 876 4790 etiam
906 4749 979 4786 ne
1003 4729 1109 4802 ipsi
1137 4721 1592 4782 reverendissimi
1622 4719 1906 4786 monachi,
1938 4718 2037 4790 qui
2056 4717 2116 4772 in
2209 4722 2466 4796 junxerit
2489 4737 2592 4792 pro
2621 4725 2878 4792 tempore
2907 4720 3174 4792 episcopo
3203 4738 3410 4779 curam
3445 4743 3678 4799 agere,
3716 4744 3798 4792 ut
3831 4739 3948 4794 im-

502 4829 805 4922 praesentia
829 4823 1232 4881 conversantur
1255 4833 1385 4872 cum
1405 4813 1744 4878 mouastriis,
1761 4827 1998 4882 parvum
2019 4826 2120 4880 pu-

503 4902 628 4994 tent
651 4931 877 5002 tempus
903 4917 1006 4972 sibi
1043 4913 1162 4970 dari
1184 4913 1255 4966 ad
1279 4909 1526 4966 debitam
1558 4913 1615 4960 et
1641 4905 1954 4974 injunctam
1985 4902 2119 4973 ipsis

506 4995 922 5090 separationem
947 5007 1280 5074 faciendam,
1309 5001 1514 5056 annale
1533 4998 1670 5070 ipsis
1697 4997 2000 5052 deﬁnimus
2017 4995 2118 5049 de-

506 5089 722 5166 cretum
750 5107 820 5161 ab
845 5122 911 5160 eo
946 5101 1081 5172 [die]
1113 5115 1224 5170 quo
1257 5094 1563 5154 manifesta
1597 5091 1783 5146 divina
1807 5091 2001 5144 nostra
2031 5089 2118 5142 lex

507 5204 630 5258 haec
655 5203 800 5255 facta
828 5195 1016 5262 fuerit,
1044 5194 1124 5248 ita
1151 5196 1214 5246 ut
1240 5191 1364 5260 post
1382 5185 1522 5246 anni
1558 5184 1918 5249 curriculum,
1947 5182 1991 5236 si
2017 5199 2116 5252 ap-

507 5295 746 5366 pareant
771 5307 838 5343 ea
859 5303 987 5358 quae
1029 5285 1101 5340 ad
1147 5281 1466 5338 convictum
1513 5277 1762 5333 attinent
1805 5274 1864 5328 in
1913 5275 2118 5329 eodem

507 5399 744 5442 manere
777 5381 1083 5444 schemate,
1114 5377 1272 5430 locus
1299 5373 1372 5427 sit
1400 5369 1735 5426 omnimodo
1778 5367 2005 5422 insertis
2034 5367 2117 5421 di-

507 5479 656 5534 vina:
686 5473 816 5528 huic
842 5475 1046 5526 nostrae
1084 5469 1198 5539 legi
1233 5465 1432 5538 poenis.
1461 5465 1664 5517 Datum
1692 5477 1759 5516 xv
1790 5460 1910 5514 Kal.
1963 5459 2116 5527 Feb.,

508 5573 638 5639 CP.,
661 5566 829 5622 Decio
852 5581 904 5619 ν.
932 5581 979 5618 c.
1011 5579 1150 5617 coss.
1180 5561 1302 5615 5'29.

1166 5653 1292 5705 LEX
1319 5651 1463 5704 XLV.

578 5755 738 5812 Idem
763 5753 1050 5820 Augustus
1073 5745 1296 5802 Iuliano
1324 5743 1385 5796 P.
1415 5742 1476 5794 P.

577 5842 762 5904 Sacris
785 5840 1096 5897 canonibus
1121 5849 1307 5908 neque
1334 5834 1447 5888 Deo
1465 5831 1867 5888 amantissimis
1894 5829 2123 5903 presby-

2215 4818 2478 4888 pleantur
2503 4829 2632 4884 quae
2655 4813 2774 4884 ipse
2800 4813 2995 4881 voluit,
3028 4813 3146 4869 sive
3172 4819 3232 4870 et
3258 4815 3375 4871 hoc
3405 4821 3791 4900 reticuerit,
3828 4833 3952 4888 sive

2216 4910 2384 4964 etiam
2418 4908 2474 4961 in
2520 4905 2868 4961 contrarium
2905 4906 3293 4976 prohibuerit,
3335 4916 3808 4979 necessitatem
3839 4925 3950 4980 ha-

2215 5002 2350 5056 bere
2369 4999 2618 5054 hmredes
2645 4998 2701 5052 id
2728 4998 2883 5069 quod
2911 4999 3246 5055 ordinatum
3288 5007 3383 5057 est
3409 5005 3636 5066 facere
3663 5021 3732 5070 et
3759 5021 3956 5076 adim-

2217 5094 2373 5165 plere
2406 5091 2756 5148 omnimodo.
2789 5092 2954 5154 Quod
2991 5092 3038 5146 si
3075 5093 3134 5146 id
3189 5100 3404 5165 sponte
3455 5117 3596 5158 non
3648 5108 3932 5169 fecerint

2218 5185 2508 5242 confestim
2535 5183 2640 5238 loci
2675 5185 2786 5238 Deo
2813 5184 3088 5239 amabiles
3113 5186 3448 5260 episcopos,
3483 5155 3954 5262 cuﬁggg:;;;

2215 5279 2360 5335 circa
2382 5278 2526 5343 haec,
2553 5281 2610 5332 et
2628 5276 2912 5346 postulare
2939 5281 3003 5330 ut
3030 5277 3117 5331 illi
3137 5281 3342 5336 omnio
3367 5283 3706 5356 impleant
3739 5315 3958 5356 secun-

2218 5371 2355 5426 dum
2380 5370 2728 5425 voluntatem
2773 5369 3049 5425 defuncti.
3101 5372 3210 5427 Sed
3243 5374 3290 5428 si
3333 5379 3612 5448 quidem
3669 5395 3957 5449 ecclesia:

2220 5463 2645 5518 aediﬁcationem
2685 5461 3002 5532 injunxerit
3051 5468 3320 5536 testator,
3370 5469 3544 5528 intra
3594 5482 3958 5542 triennium

2218 5556 2424 5658 instare
2453 5571 2550 5609 eos
2586 5558 2654 5609 ut
2686 5555 3048 5624 perﬁciatur;
3074 5556 3122 5610 si
3165 5574 3307 5615 vero
3345 5571 3633 5628 xenonis
3679 5580 3956 5636 aediﬁca-

2218 5649 2450 5716 tionem,
2478 5647 2627 5702 intra
2651 5662 2832 5702 unum
2860 5663 3083 5702 annum
3109 5650 3405 5711 duntaxat
3422 5658 3493 5714 id
3517 5662 3676 5723 ﬁeri
3700 5687 3934 5744 cogere

2219 5745 2488 5811 tanquam
2513 5738 2826 5795 sufﬁciente
2853 5737 3117 5812 tempore
3157 5744 3273 5801 hoc
3300 5718 3676 5816 constituto~

2219 5785 2488 5890 ἔτην-ω·-
2513 5785 2826 5795 "mw-ww-
2858 5785 3117 5812 "—r'""
3157 5785 3273 5849 ωνςθ
3300 5785 3666 5816 υυιιδιοιιιιιυ
3688 5785 3780 5820 au
3815 5785 3955 5839 per-

2259 5833 2458 5890 cienda
2483 5848 2611 5906 qua:
2631 5832 2968 5906 placuerunt
2987 5837 3378 5899 testatoribus
3403 5860 3418 5900 :
3453 5863 3616 5910 cum
3653 5856 3744 5914 sit
3771 5863 3962 5934 Ροεεὶ.
