4088 6418
198 367 332 423 1061

935 365 1297 423 JUSTINIANI
1337 365 1545 421 LEGES
1581 357 1912 420 SELECT/E.
1961 359 2081 418 LIB.
2123 361 2164 428 l,
2206 361 2327 417 Tl’l‘.
2369 363 2457 429 ΠΙ,
2501 363 2630 419 LEX
2669 361 2844 418 XLVI.

3423 361 3555 420 {062

188 473 331 544 bile,
349 479 407 528 et
431 475 669 529 domum
695 474 1006 529 conducere
1029 516 1043 540 ,
1072 479 1130 528 et
1164 473 1419 528 inﬁrmos
1449 471 1559 525 illic
1587 472 1645 525 in
1671 471 1827 526 lectis
1848 469 2027 554 Ased
2054 469 2176 540 ipso
2212 469 2343 539 jure
2371 469 2658 524 intellecta
2695 469 2867 540 (quod
2909 468 3114 525 dicitur
3158 469 3346 541 vulgo)
3391 487 3554 527 mora

190 569 475 634 sternere,
509 567 689 622 donec
731 583 872 638 Opus
909 565 1293 621 aadiﬂcationis
1321 563 1558 620 xenonis
1596 579 1696 619 seu
1725 565 1829 618 ho-

188 659 416 730 spitalis
443 659 812 730 compleatur;
841 659 902 715 Si
925 675 1057 714 vero
1095 659 1362 730 quaedam
1400 657 1521 712 dari
1557 656 1745 724 simul,
1775 662 1832 712 et

186 768 315 806 una
334 751 701 824 prmstatione
717 751 774 806 in
798 752 920 822 pias
940 767 1136 806 causas
1163 750 1418 805 damnati
1443 749 1675 817 fuerint,
1699 765 1830 803 con-

185 843 385 899 festim
426 860 634 916 cogere
680 861 779 899 eos
821 845 1026 912 facere,
1073 843 1183 898 hoc
1223 847 1325 910 est,
1351 847 1478 912 post
1502 841 1829 896 testamenti

183 936 662 1006 insinuationem,
691 941 750 992 et
779 941 907 1007 post
943 935 1362 1006 adprehensam
1391 934 1786 989 haereditatem
1811 975 1825 1002 ,

185 1029 285 1084 vel
314 1030 572 1100 legatum
610 1029 682 1084 ab
719 1029 838 1094 his,
879 1028 977 1100 qui
1019 1027 1278 1082 honorati
1305 1031 1456 1081 sunt.
1487 1025 1616 1098 —§
1645 1029 1694 1081 l.
1726 1026 1826 1081 Sin

183 1125 389 1176 autem
420 1121 708 1176 transierit
735 1119 1073 1192 praedictum
1098 1124 1348 1190 tempus,
1370 1134 1436 1172 ac
1452 1133 1637 1189 neque
1657 1117 1829 1172 eccle-

185 1213 301 1280 sia,
315 1229 506 1284 neque
527 1213 806 1284 hospitale
832 1211 1175 1267 aedificatum
1200 1211 1390 1278 fuerit,
1423 1227 1611 1281 neque
1639 1210 1828 1282 hospi-

181 1306 322 1360 talis
348 1305 552 1377 aliquis
571 1305 644 1360 sit
669 1305 767 1376 qui
792 1305 902 1360 hoc
927 1305 1170 1373 ordinet,
1194 1319 1326 1358 mox
1344 1301 1499 1374 ipsos
1525 1303 1637 1358 Deo
1663 1319 1824 1357 ama-

183 1398 337 1454 biles
367 1398 661 1470 episcopos
686 1397 915 1468 exigere
945 1413 1012 1451 ea
1035 1413 1164 1468 quae
1190 1412 1294 1467 pro
1309 1411 1376 1451 eo
1395 1395 1652 1450 ordinata
1673 1401 1823 1462 sunt,

185 1495 253 1546 et
270 1491 334 1545 in
360 1491 418 1545 id
443 1490 847 1546 convenienter
861 1489 1120 1560 quaesita,
1143 1494 1200 1544 et
1217 1489 1407 1543 facere
1425 1487 1826 1542 aediﬁcationes

185 1583 682 1638 sanctissimarum
711 1583 1099 1649 ecclesiarum,
1129 1585 1188 1636 et
1219 1579 1608 1651 hospitalium,
1643 1584 1701 1635 et
1725 1596 1822 1652 ge-

183 1676 706 1742 rontocomiorum,
737 1679 839 1730 aut
877 1673 1499 1746 orphanotrophiorum
1533 1689 1822 1744 praepara-

182 1769 430 1838 tionem,
461 1771 561 1823 aut
595 1767 1182 1840 ptochotmphiorum,
1230 1769 1329 1822 aut
1361 1764 1824 1821 nosocomiorum

1927 562 2300 633 praecessisse,
2328 566 2386 615 et
2415 563 2599 616 locum
2632 562 2880 616 habente
2906 563 3196 618 fructuum
3231 567 3287 617 et
3311 565 3554 620 aliarum

1928 670 2124 709 rerum
2152 655 2490 709 accessione.
2512 684 2582 694 --
2619 655 2651 726 §
2678 659 2728 709 5.
2771 656 2884 708 Hoc
2923 655 3124 710 eodem
3153 656 3463 726 obtinente,
3498 661 3556 712 et

1927 747 1976 800 si
1998 763 2113 802 non
2143 747 2214 802 ab
2239 747 2488 814 haerede,
2534 747 2631 801 sed
2657 765 2689 801 a
2726 746 3248 804 lideicommissario
3274 753 3372 804 aut
3394 751 3548 821 lega-

1928 839 2070 893 tario
2111 839 2371 894 relictum
2418 839 2596 894 fuerit
2640 839 2970 910 hujusmodi
3003 840 3162 911 pium
3191 841 3464 912 legatum,
3497 846 3555 897 et

1926 931 2066 986 illud
2100 931 2386 1002 acceperit
2428 931 2473 985 is
2509 931 2606 1003 qui
2648 932 2833 1001 legato
2861 933 3174 988 honoratus
3198 937 3301 1000 est,
3335 938 3392 988 et
3417 951 3551 990 mox

1927 1022 2166 1093 quidem
2216 1023 2506 1078 licentiam
2558 1040 2679 1078 esse
2729 1026 2841 1080 Deo
2884 1025 3229 1080 amabilibus
3281 1026 3554 1098 episcopis

1925 1130 2163 1186 poscere
2192 1115 2330 1168 tales
2356 1131 2627 1185 personas
2658 1115 3002 1187 quibusdam
3043 1117 3211 1185 rebus
3251 1119 3554 1175 honoratas

1924 1206 2112 1262 facere
2132 1205 2422 1278 disposita.

1997 1300 2030 1370 §
2054 1302 2106 1353 6.
2135 1299 2188 1354 Si
2213 1315 2346 1354 vero
2366 1299 2724 1370 negligentes
2745 1300 2955 1355 fuerint
2976 1301 3230 1358 locorum
3253 1305 3364 1359 Deo
3392 1321 3550 1359 ama-

1923 1391 2064 1446 biles
2091 1391 2342 1464 episcopi
2369 1392 2430 1446 id
2457 1408 2648 1462 agere,
2677 1393 2825 1448 forte
2855 1394 3044 1464 gratia
3074 1397 3323 1466 corrupti
3349 1414 3384 1452 a
3414 1399 3552 1452 scri-

1923 1485 2036 1556 ptis
2060 1485 2407 1552 haeredibns,
2436 1485 2523 1539 vel
2545 1487 2854 1556 legatariis,
2886 1487 2971 1540 vel
3001 1487 3552 1559 ﬁdeicommissariis,

1923 1577 2154 1631 licentia
2181 1577 2290 1632 erit
2310 1583 2410 1632 aut
2435 1579 2876 1648 metmpolitano
2898 1579 3217 1650 provincias,
3252 1587 3350 1636 aut
3375 1583 3557 1638 archi-

1925 1669 2194 1741 episcopo
2227 1669 2378 1725 illius
2413 1670 2736 1738 dimceseos,
2769 1671 2890 1726 haec
2918 1675 3317 1744 cognoscenti,
3365 1675 3550 1746 inqui-

1925 1783 2074 1833 rere,
2114 1772 2172 1821 et
2200 1783 2408 1838 cogere
2448 1766 2608 1838 pium
2653 1783 2796 1838 opus
2823 1771 2922 1822 aut
2964 1770 3112 1838 piam
3153 1770 3552 1826 liberalitatem

182 1861 698 1930 constructionem,
728 1864 826 1916 aut
851 1861 1203 1932 captivorum
1227 1859 1708 1930 redemptionem,
1728 1863 1826 1914 aut
1844 1850 1900 1922 B
1925 1859 2254 1914 omnimodo
2277 1859 2534 1932 impleri;
2561 1864 2618 1915 et
2637 1860 2950 1932 cuicunque
2970 1861 3175 1917 civium
3197 1863 3350 1918 idem
3375 1865 3549 1920 etiam

184 1956 367 2010 aliam
392 1955 710 2026 quamlibet
728 1954 1010 2009 actionem
1041 1953 1218 2024 piam,
1251 1969 1284 2006 a
1302 1955 1570 2006 testatore
1597 1952 1822 2006 ordina-

181 2051 337 2115 tam,
365 2047 665 2118 designare
695 2047 870 2102 etiam
891 2063 990 2102 seu
1011 2047 1299 2118 praeﬁcere
1321 2044 1419 2116 qui
1443 2044 1567 2099 haec
1587 2043 1827 2099 admini-

183 2145 378 2196 strent
403 2139 778 2210 xenodochos,
800 2140 890 2194 vel
919 2138 1438 2210 orphanotrophos,
1469 2137 1559 2192 vel
1584 2137 1826 2208 brepho—

181 2236 448 2307 trophos,
477 2240 933 2307 geroutocomos,
953 2235 1038 2290 vel
1056 2233 1393 2306 simpliciter
1413 2223 1635 2304 piarum
1656 2233 1826 2288 actio-

182 2345 334 2382 num
362 2327 624 2384 dioecetas
649 2331 708 2382 et
735 2332 1065 2382 curatores:
1089 2343 1204 2382 non
1235 2325 1481 2397 amplius
1509 2325 1826 2380 valentibus

180 2427 325 2492 post
339 2421 473 2476 dicti
486 2421 762 2492 temporis
773 2421 996 2492 lapsum
1010 2420 1292 2475 etdictam
1302 2417 1724 2474 indevotionem
1736 2418 1826 2472 his

183 2513 292 2585 qui
309 2514 405 2568 illa
415 2530 534 2568 non
545 2513 788 2568 fecerint
809 2512 1131 2568 immiscere
1148 2529 1206 2567 se
1221 2511 1618 2584 przedictarum
1630 2527 1824 2565 rerum

183 2606 693 2673 administrationi,
733 2611 834 2661 aut
862 2607 973 2661 Deo
999 2605 1276 2660 amabiles
1313 2605 1602 2676 episcopos
1639 2605 1822 2674 impe-

183 2699 318 2754 dire
345 2699 416 2753 ab
447 2699 677 2754 illarum
714 2715 912 2753 rerum
939 2697 1456 2752 administratione.
1479 2727 1548 2736 —
1575 2697 1681 2768 §2.
1705 2697 1826 2751 Cla-

181 2791 434 2847 rissimis
459 2791 800 2864 praisidibus
842 2791 1262 2862 provinciarum
1290 2789 1692 2845 necessitatem
1722 2790 1826 2844 im-

179 2884 543 2958 ponentibns
561 2885 888 2940 haeredibus
917 2883 1248 2939 omnimodo
1273 2900 1340 2938 ea
1357 2883 1650 2954 perﬁcere;
1671 2898 1827 2937 nam-

182 2995 306 3050 que
329 2983 386 3033 et
405 2977 688 3032 veteribus
709 2977 1084 3049 praedicatum
1098 2980 1184 3032 est
1197 2977 1419 3048 legibus
1437 2975 1827 3030 necessitatem

178 3071 418 3142 imponi
443 3070 685 3143 implere
719 3069 1109 3124 deficientium
1135 3071 1450 3124 voluntates
1479 3069 1560 3123 eis
1589 3069 1688 3139 qui
1719 3069 1822 3123 lia-

179 3165 329 3219 bere
355 3164 762 3236 permittuntur
792 3179 919 3234 quae
953 3162 1029 3218 illi
1053 3162 1424 3234 reliquerunt.

261 3258 297 3328 §
325 3260 377 3312 3.
407 3256 517 3312 Sed
549 3257 666 3312 Deo
697 3255 975 3310 amabiles
995 3255 1261 3327 episcopi,
1283 3255 1329 3308 si
1357 3254 1584 3325 quidem
1606 3253 1825 3326 aliquos

180 3351 407 3407 diserte
438 3350 498 3404 hi
526 3349 625 3422 qui
657 3349 991 3404 defecerunt
1012 3347 1430 3420 prteposuerint
1447 3348 1614 3402 rebus
1633 3347 1824 3418 (veluti

178 3443 576 3510 xenodochos,
609 3443 1075 3514 ptochotrOphos,
1091 3447 1188 3496 aut
1208 3457 1565 3509 nosocomos,
1585 3445 1686 3495 aut
1700 3440 1825 3496 bre-

178 3536 567 3611 photrOphos,
583 3539 684 3590 aut
709 3534 1230 3607 orphanotrophos,
1245 3538 1346 3589 aut
1365 3539 1821 3605 gerontocomos,

180 3635 292 3687 aut
331 3629 788 3700 paramonarios,
836 3632 935 3682 aut
975 3643 1329 3695 (nconomos,
1365 3633 1464 3684 aut
1492 3627 1826 3698 simpliciter

184 3721 482 3796 [dicendo]
522 3721 747 3793 piarum
783 3721 1074 3776 actionum
1116 3719 1652 3792 administratores),
1697 3719 1826 3775 illos

176 3815 429 3888 quidem
465 3813 805 3887 permittant
839 3814 1053 3869 habere
1091 3813 1686 3882 administrationem;
1717 3812 1823 3884 ipsi

175 3925 330 3964 vero
347 3924 461 3962 non
481 3905 884 3962 administrent
895 3907 1150 3977 quidem,
1163 3906 1261 3962 sed
1271 3905 1823 3960 administrationem

175 4001 425 4058 illorum
453 4000 775 4073 inspiciaut,
820 4002 921 4054 aut
963 3999 1290 4068 observent,
1319 4002 1376 4054 et
1409 4003 1560 4053 recte
1589 3997 1822 4070 quidem

176 4093 505 4152 habentem
561 4093 798 4148 laudent
853 4093 912 4147 in
965 4092 1309 4164 quibusdam
1365 4095 1557 4146 autem
1605 4091 1822 4162 aliquid

175 4187 767 4262 praetergredientem
796 4185 1123 4257 corrigant;
1155 4185 1402 4256 pessima
1426 4190 1617 4238 autem
1643 4184 1826 4239 admi-

175 4280 534 4338 nistratione
565 4280 708 4334 facta
734 4279 911 4334 etiam
941 4295 1036 4334 eos
1069 4279 1366 4348 expellant,
1399 4283 1457 4332 et
1490 4277 1628 4332 alios
1657 4277 1821 4331 insti-

176 4378 382 4442 tuant,
411 4372 511 4444 qui
553 4371 808 4444 cogitent
833 4378 890 4428 et
916 4372 1109 4427 animo
1145 4370 1469 4442 concipiant
1497 4370 1691 4441 magni
1721 4371 1824 4425 Dei

176 4465 484 4533 timorem,
525 4470 583 4520 et
607 4464 919 4520 terribilem
951 4463 1153 4536 magni
1177 4467 1236 4519 et
1260 4479 1557 4534 nunquam
1587 4461 1824 4518 ﬁniendi

1923 1952 2112 2006 facere
2131 1952 2359 2007 licentia
2379 1952 2506 2020 erit,
2528 1968 2659 2006 cum
2683 1953 2757 2006 sit
2781 1954 2935 2008 enim
2977 1956 3296 2010 communis
3326 1957 3552 2028 pietatis

1924 2041 2091 2106 ratio,
2109 2057 2440 2096 communes
2457 2045 2514 2095 et
2535 2041 2839 2112 populares
2855 2041 3016 2096 decet
3033 2043 3206 2097 etiam
3229 2045 3551 2102 affectiones

1923 2134 2191 2190 constitui
2217 2134 2424 2189 harum
2454 2149 2649 2188 rerum
2678 2135 3052 2189 exsecutionis
3081 2152 3094 2188 :
3127 2136 3392 2192 habituro
3415 2155 3556 2193 uno-

1923 2243 2152 2298 quoque
2174 2227 2464 2282 licentiam
2484 2243 2550 2282 ex
2581 2231 2770 2280 nostra
2803 2226 3052 2298 haclege
3073 2245 3298 2283 movere
3326 2247 3394 2284 ex
3427 2231 3552 2302 lege

1923 2319 2264 2389 condictitia,
2310 2323 2369 2373 et
2397 2321 2685 2390 postulare
2725 2319 2922 2374 relicta
2960 2321 3258 2391 adimpleri
3289 2341 3303 2377 :
3339 2323 3552 2379 sciente

1925 2413 2023 2483 qui
2046 2413 2167 2466 hinc
2193 2412 2524 2482 neglexerit,
2567 2413 2680 2467 Deo
2725 2412 2954 2466 amabili
2987 2413 3248 2485 episcopo
3271 2457 3284 2482 ,
3319 2417 3470 2487 quod
3496 2423 3552 2472 et

1923 2505 2061 2576 ipse,
2084 2508 2295 2576 praeter
2312 2505 2680 2560 imminentes
2720 2521 2752 2559 e
2773 2505 2910 2560 caelo
2934 2522 3144 2576 poenas,
3169 2508 3336 2562 etiam
3365 2509 3546 2581 impe-

1922 2594 2124 2648 rialem
2154 2598 2375 2649 motum
2396 2609 2568 2664 super
2580 2593 2908 2664 hujusmodi
2937 2597 3270 2667 contemptu
3293 2601 3548 2670 experie-

1923 2691 2035 2742 tur.
2059 2715 2128 2728 —
2153 2687 2188 2758 §
2206 2690 2237 2741 7
2247 2727 2259 2740 .
2287 2688 2357 2742 Ut
2385 2689 2581 2741 autem
2604 2687 2791 2742 adhuc
2810 2687 3029 2757 majore
3046 2691 3203 2743 metu
3221 2691 3550 2748 terreantur

1924 2779 2182 2834 hteredes
2207 2779 2600 2848 morientium,
2614 2780 2700 2835 vel
2723 2780 2931 2834 harum
2949 2797 3143 2836 rerum
3169 2784 3550 2854 procuranda-

1923 2889 2054 2928 rum
2073 2876 2129 2927 et
2147 2872 2536 2928 faciendarum
2553 2889 2727 2928 onere
2753 2874 2989 2944 gravati,
3012 2875 3314 2944 quominus
3339 2876 3548 2934 harum

1925 2982 2120 3020 rerum
2147 2965 2407 3021 effectum
2429 2965 2714 3034 differant,
2746 2969 2804 3020 et
2830 2967 2938 3021 hoc
2958 2967 3262 3036 sancimus,
3286 2973 3350 3024 ut
3377 2971 3421 3026 si
3438 2971 3550 3026 im-

1923 3057 2087 3130 petiti
2115 3075 2150 3113 a
2175 3060 2288 3114 Deo
2311 3059 2654 3114 amabilibus
2681 3059 2974 3131 episcopis,
3005 3059 3104 3131 qui
3129 3061 3218 3115 his
3241 3063 3412 3117 rebus
3440 3065 3547 3120 ho-

1913 3151 2111 3206 'norati
2142 3158 2292 3220 sunt,
2319 3155 2517 3223 postea
2551 3153 2920 3221 cessaverint,
2951 3169 3044 3207 seu
3079 3153 3439 3224 distulerint,
3473 3159 3554 3214 ita

1847 3207 1902 3283 C
1927 3249 1991 3298 ut
2019 3245 2327 3316 praesidum
2353 3245 2647 3300 exactione
2679 3261 2820 3316 Opus
2862 3246 3054 3313 fuerit,
3086 3249 3390 3304 confestim
3435 3268 3552 3308 non

1923 3338 2111 3392 solum
2148 3337 2257 3408 ipsi
2294 3337 2564 3408 simplum
2611 3337 2785 3408 (quod
2815 3337 3040 3408 dicitur)
3081 3340 3401 3410 exigantur,
3449 3345 3549 3400 sed

1925 3430 2162 3486 omnino
2180 3428 2417 3501 duplum
2429 3471 2441 3484 .
2460 3429 2516 3484 Si
2537 3429 2690 3484 enim
2707 3429 2860 3500 apud
2881 3436 3100 3484 veteres
3114 3435 3550 3504 erantquzedam

1923 3523 2178 3578 themata
2202 3523 2262 3577 in
2288 3522 2494 3594 quibus
2527 3539 2594 3576 ex
2631 3521 2974 3577 inﬁciatione
3005 3523 3180 3594 dupla
3202 3526 3546 3583 condemna-

1922 3615 2093 3671 tionis
2117 3614 2553 3683 inducebantur,
2587 3615 2873 3686 quomodo
2909 3615 3104 3687 utique
3135 3634 3247 3671 non
3267 3617 3439 3674 etiam
3459 3620 3552 3676 hic

1923 3723 2018 3763 eos
2053 3709 2152 3779 qui
2183 3725 2296 3763 non
2325 3708 2508 3762 solum
2539 3725 2611 3762 ne
2640 3714 2839 3778 sponte
2870 3709 3148 3777 fecerint,
3197 3711 3296 3766 sed
3329 3717 3550 3784 tempus

1923 3807 2200 3872 praeterea
2227 3800 2610 3873 protraxerint
2631 3842 2644 3869 ,
2677 3803 2738 3854 ut
2763 3803 3054 3871 postremo
3083 3801 3330 3874 impetiti
3364 3822 3396 3859 a
3435 3807 3548 3862 Deo

1923 3893 2262 3950 amabilibus
2299 3893 2578 3965 episcopis
2603 3935 2616 3961 ,
2647 3911 2710 3948 ac
2739 3893 2944 3948 deinde
2975 3911 3162 3966 neque
3196 3896 3330 3968 ipsis
3361 3899 3548 3955 statim

1921 3993 2207 4060 parentes,
2239 4003 2382 4059 opus
2402 3986 2708 4042 habuerint
2733 3987 2906 4042 etiam
2927 3988 3216 4058 prmsidali
3237 3992 3549 4063 exactione,

1924 4080 2086 4153 dupli
2113 4080 2399 4136 exactione
2427 4095 2543 4135 non
2569 4080 2834 4135 convenit
2859 4080 3164 4152 castigari?

1995 4176 2104 4246 §8.
2155 4174 2212 4230 Si
2249 4190 2379 4229 vero
2434 4173 2738 4229 morientes
2773 4191 2900 4229 suos
2941 4174 3200 4230 hmredes
3249 4177 3551 4248 voluerint,

1923 4267 2153 4340 quando
2196 4267 2460 4322 morituri
2485 4272 2673 4322 essent
2700 4267 2808 4338 ipsi
2833 4267 3110 4338 haeredes,
3137 4269 3419 4327 actionem
3447 4273 3552 4328 ali-

1923 4377 2094 4433 quam
2119 4360 2355 4432 implere
2383 4360 2558 4432 piam,
2600 4377 2718 4416 non
2744 4363 2938 4415 autem
2967 4360 3025 4416 in
3053 4361 3305 4433 ipsorum
3337 4365 3468 4435 vita,
3501 4372 3558 4422 et

1925 4456 2034 4510 hoc
2062 4453 2348 4520 custodiri,
2379 4459 2436 4508 et
2459 4470 2572 4507 non
2617 4453 2672 4507 in
2705 4453 2896 4508 medio
2931 4453 3188 4509 haeredes
3214 4457 3340 4527 cogi
3370 4458 3553 4514 facere

170 4557 396 4633 judicii
431 4557 588 4614 diem
643 4557 717 4614 ad
756 4573 932 4630 quam
967 4557 1094 4613 illos
1139 4556 1510 4629 respicientes
1561 4555 1826 4611 convenit
1845 4573 1904 4645 Ι)
1925 4548 2064 4620 quid
2093 4563 2288 4602 eorum
2315 4562 2444 4616 quae
2472 4551 2712 4601 testator
2733 4551 2863 4617 post
2898 4546 3158 4616 ipsorum
3183 4553 3427 4605 mortem
3461 4569 3550 4607 vo-

181 4651 392 4710 omnia
423 4651 614 4706 facere
644 4667 776 4707 cum
815 4651 889 4706 ad
933 4653 1113 4707 Deum
1151 4650 1478 4706 coordinata
1509 4654 1726 4704 mente.
1768 4639 1891 4703 Si—
1927 4641 2098 4696 luerit
2122 4639 2246 4694 ﬁeri
2279 4657 2292 4694 :
2325 4655 2454 4694 cum
2485 4656 2617 4694 vero
2651 4639 2969 4695 morientur
3007 4639 3136 4712 ipsi,
3163 4641 3553 4700 necessitatem

179 4760 336 4801 vero
360 4743 872 4800 neminemdiserte
887 4744 943 4799 hi
964 4745 1063 4816 qui
1085 4743 1408 4799 moriuntur
1422 4741 1831 4814 praestituerint
1929 4734 2175 4789 habeant
2215 4731 2544 4788 omnimodo
2589 4731 2698 4786 ista
2733 4731 3007 4803 implere;
3044 4734 3317 4790 dilatione
3360 4740 3554 4794 autem

183 4837 700 4904 administrationi,
751 4838 852 4893 sed
890 4837 950 4893 in
991 4837 1289 4892 haeredum
1335 4839 1613 4908 potestate
1642 4839 1827 4890 totum
1929 4827 2121 4898 aliqua
2145 4826 2216 4880 ab
2246 4825 2496 4897 ipsorum
2525 4825 2850 4880 haeredibns
2873 4824 3042 4893 facta,
3061 4829 3199 4882 tunc
3224 4843 3450 4886 necesse
3471 4835 3558 4888 est

181 4931 514 5006 posuerint,
538 4931 597 4986 hi
623 4935 818 4986 autem
845 4947 969 4985 rem
999 4929 1393 5002 neglexerint,
1423 4929 1693 4984 continuo
1718 4926 1830 5000 ipsi
1929 4921 2028 4976 illa
2052 4920 2176 4974 ﬁeri
2195 4936 2324 4991 quas
2349 4921 2480 4972 ante
2507 4919 2904 4988 disposuimus.
2933 4947 3002 4960 —
3027 4919 3060 4992 §
3097 4922 3148 4976 9.
3191 4921 3246 4977 Si
3289 4939 3422 4978 vero
3449 4925 3552 4980 ali-

184 5027 318 5083 Deo
341 5023 610 5079 amabiles
629 5023 880 5096 episcopi
900 5027 960 5079 et
985 5023 1408 5090 administrent,
1431 5027 1487 5078 et
1516 5020 1832 5094 prazﬁciant

185 5117 612 5189 suprascriptas
635 5133 906 5189 personas
925 5115 1010 5189 (ut
1038 5115 1500 5188 ptochotrophos,
1533 5119 1633 5170 aut
1657 5129 1828 5169 noso-

185 5225 415 5280 comos,
437 5215 495 5266 et
525 5213 758 5266 caeteros
775 5211 1060 5282 deinceps,
1080 5210 1177 5281 qui
1198 5209 1374 5265 etiam
1393 5209 1588 5280 magni
1608 5207 1709 5264 Dei
1727 5208 1828 5262 ho-

185 5321 406 5363 norem
431 5307 626 5360 mente
652 5304 995 5376 praeferant),
1019 5309 1082 5359 ut
1105 5302 1438 5359 omnimodo
1459 5308 1516 5357 et
1540 5302 1628 5356 via
1654 5306 1710 5372 et
1736 5317 1828 5356 ar-

187 5397 376 5455 tificio
401 5397 474 5453 ad
499 5398 766 5454 effectum
800 5396 1188 5469 perducantur
1222 5411 1350 5468 quae
1391 5395 1648 5450 ordinata
1677 5395 1829 5448 sunt.

187 5523 269 5536 ρ·-
296 5491 332 5564 §
360 5493 414 5546 4.
444 5491 622 5562 Supra
651 5496 845 5547 autem
885 5503 1058 5544 omne
1097 5494 1326 5560 tempus
1359 5505 1472 5560 quo
1511 5486 1835 5543 distulerint

186 5589 393 5644 facere
419 5581 688 5656 disposita
721 5581 912 5654 scripti
944 5581 1220 5648 hieredes,
1253 5597 1350 5636 eos
1379 5581 1507 5651 cogi
1535 5581 1748 5636 solvere
1779 5585 1836 5635 et

187 5682 440 5744 fructus,
465 5680 523 5732 et
541 5677 776 5748 reditus,
799 5681 857 5730 et
875 5690 1106 5728 omnem
1127 5673 1437 5744 legitimam
1454 5671 1832 5728 accessionem

187 5792 229 5830 ο,
257 5777 526 5842 tempore
556 5771 678 5842 ejus
706 5769 808 5842 qui
836 5767 1115 5838 disposuit
1138 5765 1338 5820 mortis
1373 5765 1686 5831 sancimus,
1717 5781 1836 5819 non

191 5868 464 5944 inspecta
483 5880 646 5922 mora
670 5863 838 5920 alitis
863 5859 1276 5918 contestatione
1307 5861 1408 5918 aut
1431 5857 1832 5931 conventione,

1931 5031 2046 5086 qua
2065 5029 2263 5069 eorum
2290 5028 2418 5084 quae
2433 5015 2708 5067 vocantur
2721 5012 2954 5068 aunalia
2974 5013 3181 5084 legata,
3204 5016 3401 5072 relicta
3429 5019 3555 5076 fue-

1929 5109 2045 5164 rint
2065 5112 2165 5164 aut
2182 5107 2397 5162 donata
2421 5106 2572 5162 clero
2597 5107 2760 5174 forte,
2780 5111 2879 5160 aut
2905 5109 3275 5178 monasterio,
3293 5115 3394 5166 aut
3411 5128 3558 5168 asce-

1931 5202 2072 5269 triis,
2105 5205 2204 5256 aut
2243 5199 2591 5266 diaconissis,
2619 5205 2719 5254 aut
2761 5199 3022 5271 ptochiis,
3069 5205 3171 5256 aut
3216 5205 3556 5278 xenonibus,

1929 5301 2030 5352 aut
2057 5293 2410 5362 nosocomiis,
2439 5295 2538 5347 aut
2561 5291 3043 5364 brephotrophiis,
3061 5301 3158 5350 aut
3187 5297 3564 5358 sanctissima-

1931 5405 2061 5445 rum
2091 5386 2453 5444 ecclesiarum
2493 5385 2836 5458 pauperibus
2858 5427 2872 5452 ,
2907 5391 3008 5442 aut
3045 5388 3408 5465 (simpliciter)
3450 5410 3560 5452 cm-

1930 5483 2082 5539 tibus
2100 5481 2439 5554 quibusdam
2473 5479 2600 5551 piis,
2629 5483 2728 5534 aut
2755 5479 2992 5536 omnino
3021 5499 3135 5537 non
3163 5485 3465 5555 prohibitis
3493 5503 3562 5544 ex

1934 5577 2094 5649 plebe
2119 5573 2405 5646 collegiis;
2435 5573 2608 5628 velint
2629 5579 2820 5629 autem
2841 5575 3158 5632 secundum
3174 5579 3405 5650 aliquod
3422 5585 3564 5636 tem-

1934 5687 2040 5742 pus
2071 5669 2132 5724 hi
2158 5668 2255 5740 qui
2281 5673 2417 5722 tunc
2442 5666 2804 5738 reperiuntur
2843 5685 2983 5724 auro
3010 5677 3238 5742 accepto
3267 5689 3437 5743 super
3463 5673 3562 5727 tali

1935 5763 2156 5820 actione
2182 5761 2492 5832 transigere
2509 5779 2526 5830 ;
2556 5777 2673 5816 non
2697 5761 2860 5818 liceat
2885 5762 2944 5819 id
2972 5779 3159 5834 agere,
3195 5780 3380 5836 neque
3409 5765 3562 5836 quod

1933 5857 2148 5914 factum
2175 5854 2350 5912 fuerit
2374 5859 2560 5910 ratum
2581 5857 2722 5928 esto,
2743 5855 2859 5912 imo
2880 5859 2936 5912 et
2961 5856 3333 5935 privationem
3362 5874 3560 5921 rerum
