4088 6452
574 364 706 417 1063

571 469 670 538 qui
696 468 814 521 haec
841 465 1080 520 redemit
1107 467 1189 520 vel
1213 467 1484 536 transegit
1511 467 1799 522 sustineat.
1825 467 2179 538 Quandoqui-
2200 490 2256 561 Α

573 561 701 613 dem
728 574 954 612 necesse
981 557 1107 623 erit,
1134 557 1223 611 his
1247 557 1476 628 quidem
1515 559 1611 629 qui
1639 559 1826 629 aliqua
1853 564 2008 629 parte
2035 563 2174 613 tem-

570 650 721 720 poris
757 649 967 703 fuerint
1005 665 1123 703 esse
1171 649 1542 720 pecuniarum
1582 651 1820 720 copiam,
1867 650 1956 704 his
1985 655 2179 704 autem

571 742 668 811 qui
697 741 873 794 futuri
899 741 1427 796 suntomnimodam
1442 741 1766 796 relictorum
1786 741 2176 812 privationem.

569 832 673 886 Sed
694 849 796 886 nec
825 833 1010 902 ipsum
1047 833 1398 886 annaliorum
1429 849 1657 902 nomen,
1698 849 1882 903 neque
1909 838 2180 903 perpetua

569 923 819 978 defuncti
839 925 1134 992 memoria,
1158 925 1228 978 ob
1249 941 1418 994 quam
1439 929 1496 979 et
1521 941 1771 978 annuum
1795 925 1900 978 hoc
1929 925 2178 995 reliquit,

568 1016 1007 1082 conservabitur,
1029 1015 1128 1069 sed
1149 1016 1334 1070 statim
1358 1017 1756 1086 exstinguetur
1771 1032 1887 1070 una
1905 1032 2035 1070 cum
2059 1016 2182 1086 ipsa

569 1108 897 1161 relictorum
919 1107 1190 1162 interiens
1213 1108 1567 1162 alienatione.
1607 1109 1828 1162 Manere
1853 1107 2028 1178 igitur
2050 1124 2178 1178 per-

569 1205 738 1269 petuo
749 1200 896 1270 ipsos
909 1200 1180 1254 obnoxios
1194 1200 1523 1270 hujusmodi
1545 1199 1862 1254 dationibus
1881 1199 2178 1265 sancimus,

567 1291 710 1344 adeo
740 1297 802 1346 ut
828 1292 871 1344 si
899 1309 1012 1362 qua
1045 1292 1146 1345 fiat
1168 1292 1452 1356 alienatio,
1489 1296 1544 1345 et
1569 1291 1690 1362 ipsa
1729 1291 1889 1345 irrita
1921 1292 2010 1357 sit,
2038 1295 2096 1344 et
2123 1290 2182 1344 hi

568 1383 663 1453 qui
681 1383 1020 1454 quandoque
1042 1387 1332 1454 praeerant
1353 1383 1458 1453 piis
1476 1383 1613 1436 locis
1633 1383 1922 1437 licentiam
1936 1383 2184 1436 habeant

568 1477 852 1546 persequi,
897 1479 954 1528 et
989 1476 1212 1545 exigere
1261 1477 1404 1546 ipsa,
1437 1475 1589 1528 nulla
1619 1475 1892 1545 temporis
1933 1475 2182 1545 praescri-

570 1568 760 1639 ptione
781 1568 1121 1638 opponenda
1141 1567 1290 1637 ipsis,
1319 1584 1448 1620 cum
1474 1583 1574 1637 per
1601 1583 2066 1637 unumquemque
2087 1582 2184 1619 an-

573 1677 709 1714 num
735 1659 860 1712 talis
901 1663 1164 1712 nascatur
1207 1659 1373 1713 actio.
1406 1659 1671 1723 Quinimo
1700 1659 2030 1729 hypothecae
2058 1659 2183 1712 sub-

563 1753 712 1822 jecta
737 1751 850 1804 sint
873 1751 994 1821 ejus
1027 1751 1124 1820 qui
1153 1751 1383 1821 reliquit
1408 1751 1576 1814 bona,
1612 1751 1935 1820 hujusmodi
1961 1751 2180 1820 legato-

1691 361 1944 417 SECULI
1981 361 2169 416 SEXTI
2207 361 2757 418 SUPPLEMENTUM.

3839 353 3982 410 1064

2277 468 2605 522 defunctum
2643 469 2796 522 utilis
2833 467 2922 533 sit,
2964 473 3022 520 et
3059 465 3366 521 monachis
3411 477 3685 535 praeesse
3717 463 3981 533 dignus,

2277 560 2370 614 ille
2400 560 2526 613 aliis
2561 562 2927 630 praeferatur;
2965 559 3011 611 si
3041 575 3175 612 vero
3207 558 3308 630 qui
3350 562 3490 629 post
3521 557 3714 610 illum
3749 560 3877 621 est,
3914 555 3983 606 si-

2277 650 2486 704 militer
2511 651 2570 704 in
2597 651 2780 722 ipsum
2820 649 3036 704 feratur
3063 650 3243 704 futuri
3275 648 3545 719 praefecti
3576 647 3867 700 calculus
3883 663 3902 714 ;
3939 646 3986 697 si

2278 759 2408 796 vero
2431 743 2618 795 nullus
2647 743 2849 796 horum
2877 742 3086 811 dignus
3105 741 3391 810 videatur,
3415 739 3762 794 confestim
3787 737 3845 791 is
3882 738 3984 807 qui

2279 849 2344 886 ex
2369 832 2628 886 omnibus
2664 833 2902 887 idoneus
2947 833 3077 898 erit,
3120 833 3528 902 cujuscunque
3581 830 3833 900 gradus
3889 829 3984 896 sit,

2279 924 2692 994 praeordinetur
2707 924 2899 991 abbas,
2917 925 3014 994 qui
3037 925 3110 978 sit
3128 925 3392 978 videlicet
3413 928 3477 977 et
3498 923 3644 977 vitae
3670 923 3986 984 honestae,

2280 1020 2336 1070 et
2378 1015 2630 1070 honestas
2669 1016 3134 1083 conversationis,
3165 1021 3223 1070 et
3264 1017 3369 1086 qui
3414 1031 3670 1070 servare
3717 1013 3990 1068 creditos

2281 1107 2386 1161 sibi
2406 1107 2598 1177 possit,
2621 1123 2750 1161 cum
2771 1107 2842 1161 sit
2876 1108 3223 1162 conveniens
3243 1123 3493 1162 omnem
3523 1107 3986 1178 principatum,

2281 1203 2336 1253 et
2348 1215 2576 1253 omnem
2589 1199 2885 1253 hominum
2898 1201 3299 1269 praefecturam
3309 1216 3452 1266 ,non
3466 1215 3542 1254 ex
3559 1197 3988 1270 temporibus,

2282 1307 2468 1360 neque
2487 1307 2553 1344 ex
2572 1291 2834 1359 sortibus,
2860 1308 3050 1361 neque
3085 1309 3150 1345 ex
3179 1291 3438 1346 fortuitis
3467 1291 3988 1354 circumstantiis,

2282 1383 2381 1437 sed
2410 1398 2479 1436 ex
2505 1382 2780 1436 electione
2805 1388 2863 1436 et
2881 1399 2945 1436 ex
2969 1399 3036 1436 eo
3059 1383 3214 1452 quod
3246 1383 3644 1453 praestantius
3679 1389 3782 1437 est
3813 1383 3988 1449 fieri;

2282 1480 2338 1528 et
2362 1474 2578 1528 bonum
2605 1474 2756 1544 apud
2784 1491 2981 1528 omnes
3012 1475 3416 1529 testimonium
3447 1480 3511 1529 et
3539 1476 3990 1546 probationem

2282 1581 2422 1633 esse,
2479 1565 2604 1618 ﬁeri
2646 1565 2990 1620 ordinationi
3040 1567 3331 1620 ordinem.
3365 1597 3440 1606 —
3469 1567 3506 1637 §
3555 1571 3611 1622 l.
3661 1567 3994 1622 Manifesta

2281 1663 2470 1711 autem
2499 1657 2619 1710 haec
2644 1657 2766 1710 ﬁeri
2791 1659 2901 1712 Deo
2932 1657 3166 1712 amabili
3197 1658 3505 1729 episcopo,
3524 1663 3602 1713 ut
3635 1675 3792 1713 cum
3825 1660 3878 1712 is
3912 1659 3994 1711 di-

2282 1749 2478 1802 dicerit
2506 1765 2639 1802 eum
2667 1748 2765 1820 qui
2809 1751 3018 1804 electus
3047 1755 3170 1816 est,
3204 1756 3265 1805 et
3290 1751 3406 1804 hoc
3435 1767 3501 1805 se
3535 1756 3714 1806 recte
3761 1751 3994 1805 habere

567 1860 692 1896 rum
721 1859 922 1896 causa:
957 1842 1035 1896 ita
1064 1845 1124 1895 ut
1164 1842 1450 1896 licentiam
1488 1842 1736 1896 habeant
1762 1859 1829 1896 ex
1858 1842 1992 1912 ipsis
2019 1843 2184 1896 rebus
2203 1835 2260 1907 B
2283 1841 2692 1910 approbaverit,
2737 1842 3193 1896 consentientem
3240 1843 3620 1898 electoribus
3686 1845 3995 1898 calculum

571 1935 704 1989 satis
747 1933 853 2004 piis
897 1934 1160 2004 operibus
1207 1935 1412 1999 facere,
1442 1951 1552 1988 non
1596 1935 1781 1987 solum
1821 1951 1924 2004 pro
1954 1933 2182 2002 relictis,

572 2028 668 2080 sed
697 2029 754 2080 et
778 2043 879 2096 pro
913 2026 1184 2079 fructibus
1215 2025 1487 2095 ipsorum,
1536 2031 1591 2079 et
1620 2025 1913 2093 reditibus,
1947 2029 2004 2078 et
2032 2025 2186 2079 omni

569 2119 820 2187 legitima
847 2117 1158 2172 accessione
1191 2117 1487 2187 temporali
1531 2119 1612 2186 (ut
1641 2117 1853 2170 dictum
1885 2119 2007 2184 est),
2035 2117 2185 2170 nulla

570 2210 942 2265 retinentibus
963 2209 1380 2280 praescriptione
1402 2208 1701 2262 convenire
1719 2215 1988 2278 queuntc,
2013 2226 2186 2278 quan-

572 2309 912 2372 tumcunque
925 2301 1050 2370 quis
1066 2300 1446 2354 numeraverit
1470 2303 1712 2370 tempus.
1736 2300 1848 2354 Nisi
1868 2300 2016 2354 inter
2035 2301 2186 2354 hunc

573 2399 763 2452 annali
809 2399 990 2468 legato
1029 2401 1343 2464 oneratum,
1367 2401 1422 2451 et
1463 2413 1592 2450 eum
1635 2397 1730 2466 qui
1765 2397 2073 2450 secundum
2108 2415 2188 2450 sa-

571 2508 696 2545 cros
721 2506 960 2544 canones
983 2493 1040 2543 et
1067 2495 1290 2544 nostras
1314 2491 1469 2558 leges
1497 2489 1704 2559 primu]
1723 2490 2057 2543 constitutus
2081 2495 2184 2556 est,

568 2583 878 2638 istiusmodi
907 2581 1216 2636 exactiouis
1233 2582 1443 2635 factum
1462 2581 1633 2636 fuerit
1661 2585 1906 2651 pactum,
1927 2598 2041 2650 quo
2063 2583 2185 2652 pla-

571 2677 769 2741 cuerit,
799 2681 858 2728 ut
886 2675 1090 2728 reditus
1115 2690 1216 2742 pro
1240 2691 1419 2727 annuo
1447 2675 1620 2742 legato
1651 2675 1874 2727 daretur
1896 2691 1930 2726 a
1958 2680 2188 2739 gravata

562 2784 816 2838 persona,
847 2782 1050 2836 semper
1078 2769 1258 2835 vigens
1297 2783 1358 2819 ac
1380 2771 1705 2836 perpetuus,
1745 2771 1794 2819 et
1847 2782 1953 2819 non
2006 2767 2189 2820 multis

563 2862 797 2929 publicis
820 2860 1070 2913 oneribus
1090 2859 1382 2922 obnoxius;
1409 2859 1500 2911 sed
1517 2863 1566 2911 et
1595 2859 1945 2912 accessionem
1971 2859 2184 2919 habens,

569 2955 781 3006 omnino
806 2952 1022 3020 quidem
1051 2967 1154 3004 non
1182 2951 1434 3004 minorem
1473 2955 1670 3018 quarta
1699 2955 1858 3018 parte
1882 2952 2012 3018 puri
2041 2951 2184 3003 redi-

573 3049 678 3105 tus,
709 3048 805 3096 aut
823 3044 1077 3111 amplius,
1105 3045 1369 3110 quantum
1398 3043 1594 3094 scilicet
1620 3044 1762 3094 inter
1790 3056 1874 3094 eos
1897 3043 2182 3110 placuerit.

573 3136 628 3190 Si
658 3134 810 3188 enim
839 3134 948 3187 tale
971 3133 1238 3202 quiddam
1269 3132 1324 3185 in
1353 3132 1574 3203 scriptis
1601 3133 1697 3185 liat
1726 3136 1970 3202 pactum,
2001 3137 2057 3185 et
2082 3134 2181 3186 da-

571 3233 661 3283 tus
705 3227 874 3280 fuerit
911 3225 1034 3279 talis
1063 3226 1293 3292 reditus,
1338 3227 1395 3277 et
1437 3230 1692 3294 receptus
1725 3225 1781 3276 in
1829 3225 2065 3294 scriptis,
2095 3241 2185 3294 pa-

571 3319 845 3374 ctionibus
873 3321 929 3370 et
953 3317 1444 3384 transactiouibus,
1486 3323 1541 3370 et
1578 3317 1631 3370 id
1677 3317 2036 3370 manifestum
2085 3333 2184 3388 per

571 3422 729 3486 gesta
767 3420 1264 3469 monumentorum
1301 3413 1670 3468 constitutum
1719 3414 1928 3479 fuerit,
1968 3431 2182 3469 cessare

569 3508 915 3563 exactionem
939 3506 1115 3560 annui
1135 3506 1305 3576 legati
1343 3509 1540 3560 contra
1563 3523 1690 3560 eum
1713 3506 1808 3576 qui
1830 3522 1896 3560 eo
1922 3511 2184 3561 oneratus

569 3610 653 3660 est
668 3605 983 3666 sancimus;
1004 3619 1133 3656 eum
1157 3619 1288 3656 vero
1307 3601 1551 3656 reditum
1575 3619 1677 3672 pro
1694 3603 1878 3671 legato
1899 3603 2181 3670 constitui,

571 3703 843 3770 perpetuo
874 3697 943 3750 ad
971 3696 1028 3750 id
1057 3696 1408 3765 deputatum,
1438 3699 1492 3748 et
1519 3695 1614 3764 qui
1643 3695 1871 3748 alienari
1895 3712 1928 3748 a
1954 3695 2184 3749 nemine

569 3806 910 3862 quocunque
953 3787 1306 3842 alienationis
1335 3787 1505 3840 modo
1535 3787 1707 3856 possit
1750 3803 1763 3839 :
1809 3787 1964 3841 nullo
1991 3791 2183 3840 autem

568 3884 776 3938 horum
821 3882 1134 3945 subsecuto,
1179 3879 1466 3948 subjacere
1514 3882 1786 3949 perpetuo
1830 3882 1908 3946 (ut
1946 3883 2114 3933 antea
2152 3896 2184 3932 a

570 3975 734 4030 nobis
770 3975 984 4028 dictum
1010 3977 1107 4036 est)
1149 3971 1362 4025 datioui
1395 3987 1715 4024 annuorum
1742 3972 2061 4040 legatorum
2089 3988 2184 4025 eos

572 4068 668 4139 qui
694 4068 782 4120 his
807 4065 1023 4135 gravati
1049 4068 1180 4117 sunt
1214 4064 1514 4128 sancimus,
1542 4067 1606 4116 ut
1635 4069 1691 4117 et
1716 4079 1950 4128 nomen,
1979 4069 2035 4118 et
2064 4080 2182 4117 me-

570 4160 750 4217 moria
774 4157 1052 4224 defuncti,
1099 4160 1155 4209 et
1199 4156 1370 4210 annui
1417 4155 1630 4209 reditus
1657 4156 1714 4208 in
1764 4155 1896 4225 ipsis
1922 4156 2186 4226 operibus

571 4255 842 4324 perpetuo
861 4253 1279 4304 conserventur.
1316 4251 1514 4303 Datum
1545 4264 1610 4302 xv
1634 4248 1866 4302 Kalend.
1891 4249 2182 4316 Novemb.,

569 4343 988 4412 Constantinop.
1014 4342 1146 4395 Lam
1158 4341 1280 4411 pad.
1309 4345 1367 4396 et
1387 4341 1584 4394 Oreste
1610 4356 1748 4393 coss.
1779 4343 1902 4394 530.

1208 4435 1330 4488 LEX
1369 4434 1558 4488 XLVII.

643 4530 793 4584 Idem
818 4532 1103 4598 Augustus
1121 4527 1340 4582 Juliano
1361 4527 1422 4580 P.
1453 4527 1512 4579 P.

575 4625 580 4630 ’
641 4623 822 4678 Sacris
847 4620 1052 4675 nostris
1079 4620 1297 4689 legibus
1343 4618 1788 4672 existimavimus
1826 4621 2082 4688 oportere
2129 4623 2186 4671 et

569 4717 716 4772 hanc
741 4715 892 4779 addi,
921 4730 1046 4784 qua:
1074 4729 1138 4766 ex
1167 4712 1392 4775 virtute,
1434 4726 1548 4765 non
1590 4714 1783 4764 autem
1821 4727 1884 4764 ex
1919 4709 2186 4779 tempori-

567 4807 692 4875 bus,
722 4807 1015 4878 religiosas
1043 4804 1310 4872 abbatias,
1336 4820 1436 4857 seu
1461 4803 1826 4874 praefecturas
1849 4802 2047 4857 tribuit
2070 4821 2083 4856 :
2110 4802 2185 4856 ita

572 4902 841 4968 videlicet,
876 4904 936 4953 ut
964 4899 1022 4952 in
1052 4897 1156 4968 piis
1185 4895 1536 4952 monasteriis
1560 4937 1574 4962 ,
1602 4899 1700 4950 aut
1722 4895 2005 4950 asceteriis
2025 4936 2039 4963 ,
2069 4911 2184 4950 non

569 4993 894 5049 omnimodo
924 4996 1150 5046 mortuo
1183 4989 1402 5057 abbate,
1431 4989 1512 5041 vel
1545 4987 1820 5041 abbatissa
1841 5029 1855 5055 ,
1885 4987 1949 5052 is,
1976 4987 2060 5042 vel
2086 5003 2178 5053 ea,

569 5087 688 5158 qui,
713 5087 798 5140 vel
824 5102 972 5157 quae,
1015 5089 1266 5154 tempore
1308 5081 1592 5152 antiquior
1619 5084 1722 5148 est,
1767 5084 1865 5134 aut
1909 5079 2185 5134 secundus

570 5179 881 5234 secundave
907 5178 1166 5247 deinceps
1195 5177 1453 5245 eligatur.
1481 5173 1872 5230 Consentimus
1899 5173 2052 5227 enim
2077 5189 2180 5227 na-

571 5278 732 5336 turai,
766 5286 947 5342 neque
965 5286 1164 5324 omnes
1189 5267 1449 5322 similiter
1473 5267 1670 5334 bonos,
1701 5282 1883 5336 neque
1905 5281 2098 5320 omnes
2124 5265 2184 5320 in

572 5379 735 5433 aequo
752 5361 979 5416 facienti
999 5361 1196 5428 malos,
1221 5359 1321 5414 sed
1338 5374 1510 5429 quem
1533 5359 1725 5428 utique
1746 5363 1802 5412 et
1823 5358 1932 5411 vita
1950 5358 2179 5428 optima,

571 5459 631 5510 et
655 5470 843 5508 mores
863 5454 1102 5521 honesti,
1133 5457 1189 5507 et
1213 5453 1358 5506 circa
1391 5452 1546 5522 pium
1567 5449 1892 5505 exercitium
1919 5455 2177 5504 constan-

571 5550 668 5615 tia,
698 5553 753 5600 et
795 5563 1090 5600 commune
1129 5546 1473 5614 reliquorum
1504 5543 1912 5597 monachorum
1944 5545 2183 5614 comple-

570 5646 846 5705 mentum,
873 5644 970 5693 aut
991 5637 1239 5692 maxima
1266 5653 1463 5690 eorum
1509 5651 1635 5706 pars
1675 5635 1942 5689 idoneum
1981 5635 2051 5689 ad
2078 5636 2181 5690 hoc

571 5732 868 5806 putaverit,
897 5737 952 5785 et
978 5729 1148 5784 sacris
1172 5728 1484 5797 Evangeliis
1510 5726 1810 5797 prepositis
1833 5726 2085 5797 elegerit,
2110 5728 2179 5783 ad

571 5825 962 5899 praefecturam
1007 5819 1210 5890 vocari,
1255 5821 1332 5874 ita
1371 5824 1435 5874 ut
1473 5819 1515 5873 si
1544 5819 1772 5891 quidem
1816 5820 2031 5892 primus
2055 5826 2180 5892 post

2282 1933 2450 1997 ferat,
2479 1937 2533 1987 et
2560 1939 2885 2003 promoveat
2913 1934 3105 2004 ipsum
3125 1935 3194 1990 ad
3221 1936 3590 2005 hujusmodi
3621 1937 3880 1991 abbatis
3909 1953 3998 1990 or-

2283 2024 2494 2078 dinem.
2538 2025 2864 2095 Approbare
2895 2043 3028 2080 vero
3056 2032 3286 2097 oportet
3319 2028 3480 2082 hanc
3515 2029 3726 2099 ipsam
3755 2031 4000 2084 electio—

2284 2133 2436 2184 nem,
2465 2124 2521 2170 et
2545 2133 2645 2186 pro
2669 2125 2926 2188 tempore
2953 2121 3342 2188 patriarcham
3363 2162 3378 2189 ,
3411 2127 3475 2175 et
3505 2121 3620 2192 qui
3677 2122 3745 2176 in
3781 2123 3881 2176 his
3913 2125 3996 2175 lo-

2284 2209 2359 2262 cis
2386 2214 2533 2276 sunt,
2562 2210 2677 2262 Deo
2705 2209 2978 2264 amabiles
3007 2211 3312 2282 episcopos
3343 2255 3358 2280 ,
3391 2213 3711 2268 habentes
3744 2221 3811 2269 et
3843 2217 4000 2286 ipsos

2276 2301 2555 2371 judicium
2586 2301 2700 2370 Dei,
2729 2306 2786 2355 et
2809 2302 3063 2357 futuram
3093 2305 3684 2360 condemnationem
3716 2313 3997 2361 metuen-

2285 2399 2402 2458 tes,
2445 2393 2489 2446 si
2530 2410 2644 2448 non
2684 2411 2788 2464 per
2830 2395 3175 2450 electionem
3201 2439 3216 2465 ,
3267 2398 3368 2452 sed
3425 2399 3721 2470 aliquam
3782 2403 4004 2471 passio—

2287 2502 2417 2539 nem
2460 2502 2558 2539 seu
2602 2487 2966 2542 affectionem
3011 2489 3393 2559 respicientes
3452 2492 3844 2560 humanam,
3875 2511 4006 2564 pro-

2285 2583 2593 2637 motionem
2620 2584 2861 2640 fecerint
2891 2601 2906 2639 :
2937 2585 3222 2640 habituris
3265 2587 3436 2658 ipsis,
3495 2593 3564 2642 et
3597 2590 3666 2644 in
3716 2591 3834 2644 hac
3869 2592 4006 2654 vita,

2287 2681 2343 2728 et
2374 2676 2432 2728 in
2470 2677 2654 2730 futura
2680 2693 2712 2730 a
2739 2677 2852 2731 Deo
2881 2677 3200 2733 immissam
3238 2697 3484 2750 poenam
3505 2723 3521 2746 ,
3573 2682 3874 2738 videlicet
3919 2687 4003 2754 ip-

2287 2785 2471 2821 sorum
2512 2769 2858 2838 negligentia
2898 2771 3199 2824 animabus
3241 2773 3540 2842 plurimis
3597 2781 4008 2846 peccatorum

2285 2877 2477 2914 causas
2502 2861 2812 2930 praebente.
2842 2891 2912 2902 -—
2941 2863 2974 2933 §
3003 2867 3056 2916 2.
3087 2865 3183 2917 His
3203 2865 3498 2920 omnibus
3529 2873 3599 2922 et
3627 2868 3697 2922 in
3728 2886 4010 2924 reveren-

2285 2953 2523 3006 dissimis
2553 2953 2777 3006 feminis
2799 2960 2899 3008 aut
2926 2955 3248 3024 virginibus
3269 2973 3412 3027 quae.
3449 2960 3580 3028 piis
3611 2964 4012 3017 monasteriis

2285 3049 2539 3114 praesunt
2575 3045 2983 3101 obtinentibus.
3015 3078 3085 3088 —
3114 3050 3148 3119 §
3189 3053 3243 3104 3.
3280 3051 3560 3122 Reliqua
3603 3056 3788 3109 omni
3845 3073 4010 3110 sacro

2285 3136 2500 3206 ordine,
2526 3153 2682 3190 sacro
2709 3138 3023 3194 ministerio
3048 3142 3378 3196 secundum
3412 3161 3567 3198 suos
3606 3147 3852 3217 gradus
3872 3167 4016 3220 ωειδ-

2286 3229 2521 3295 sidente,
2553 3236 2608 3284 et
2631 3231 2782 3284 nulla
2809 3232 2870 3285 in
2900 3248 2961 3286 re
2990 3250 3094 3303 per
3119 3241 3494 3304 praesentem
3515 3245 3819 3295 nostram
3851 3243 4018 3296 iuno-

2283 3327 2405 3376 vato
2433 3323 2639 3392 legem.
2672 3324 2794 3378 Dat.
2823 3340 2891 3379 xv
2920 3326 3161 3380 Kalend.
3209 3327 3574 3398 Decembr.,
3614 3334 3767 3403 CP.,
3805 3335 4016 3406 Lamp.

2283 3419 2338 3467 et
2363 3415 2556 3468 Oreste
2581 3431 2720 3469 coss.
2753 3419 2880 3472 530.

2895 3510 3023 3564 LEX
3062 3511 3293 3568 XLVIII.

2349 3599 2500 3653 Idem
2525 3603 2813 3670 Augustus
2841 3603 3047 3656 Joanni
3075 3605 3136 3658 P.
3172 3605 3234 3658 P.

2351 3691 2650 3746 Sancimus
2671 3693 2962 3748 neminem
2987 3695 3061 3749 ad
3092 3697 3516 3768 episcopatum
3548 3705 3880 3776 ordinari,
3916 3705 4019 3762 nisi

2283 3787 2340 3836 et
2367 3784 2425 3836 in
2459 3785 2584 3837 aliis
2613 3785 2780 3839 rebus
2805 3787 2958 3841 utilis
2987 3795 3045 3842 et
3069 3791 3334 3860 optimus
3373 3795 3454 3847 sit
3476 3835 3491 3860 ,
3527 3800 3600 3850 et
3631 3815 3858 3870 neque
3891 3817 4018 3855 mu-

2283 3875 2730 3945 liericobabitet,
2764 3895 2950 3948 neque
2995 3880 3324 3938 liberorum
3371 3887 3613 3942 existat
3665 3897 3888 3962 pater,
3933 3893 4022 3947 sed

2283 3969 2402 4022 loco
2433 3970 2638 4038 uxoris,
2670 3971 2955 4026 adhaereat
2979 3973 3220 4044 quidem
3261 3982 3322 4030 et
3349 3981 3707 4037 continens
3747 3987 3838 4040 sit
3878 3989 4022 4041 circa

2285 4062 2698 4116 sanctissimam
2728 4065 3060 4133 licclesiam;
3093 4067 3220 4122 loco
3268 4085 3414 4125 vero
3447 4073 3853 4149 liberorum,
3901 4097 4020 4135 om.

2283 4170 2412 4208 nem
2443 4155 2822 4210 Christianum
2853 4163 2910 4212 et
2939 4159 3340 4216 orthodoxum
3379 4164 3626 4223 habeat
3658 4175 3977 4246 populum
4007 4191 4019 4227 :

2283 4263 2624 4316 cognoscens
2662 4248 2738 4302 sic
2769 4249 2840 4302 ab
2873 4249 3038 4306 initio
3075 4268 3142 4306 ea
3171 4270 3308 4324 quae
3338 4255 3417 4310 de
3458 4267 3889 4325 successione
3919 4269 4025 4322 Deo

2285 4339 2610 4394 amabilium
2631 4341 3031 4412 episcoporum
3059 4350 3200 4399 sunt
3215 4364 3324 4402 nos
3349 4350 3792 4427 disposuisse,
3820 4366 3884 4417 et
3901 4379 4026 4417 cum

2283 4431 2561 4502 ejusmodi
2589 4433 2930 4504 cogitatione
2969 4439 3320 4506 processisse
3350 4450 3652 4503 nostram
3689 4451 3945 4524 legem;
3977 4459 4028 4509 et

2202 4537 2262 4608 D
2284 4540 2382 4578 eos
2405 4525 2503 4594 qui
2532 4530 2738 4595 praeter
2765 4526 2887 4580 hinc
2915 4529 3055 4600 quid
3095 4531 3344 4602 faciunt,
3370 4542 3485 4591 aut
3509 4540 3837 4616 fecerint,
3867 4550 4021 4604 omni

2285 4617 2605 4687 episcopatu
2635 4617 2898 4690 indignos
2925 4637 3079 4690 esse;
3127 4625 3230 4695 qui
3264 4627 3438 4683 enim
3478 4641 3638 4702 post
3690 4639 3872 4697 hanc
3923 4661 4022 4698 no-

2283 4713 2454 4807 stram
2466 4710 2932 4807 constitutionem
2953 4714 3142 4770 facere
3162 4717 3398 4790 aliquos
3421 4726 3790 4802 episcopos
3813 4742 4024 4807 praeter

2284 4802 2404 4871 ejus
2429 4801 2564 4868 vim,
2595 4808 2694 4858 aut
2717 4804 2842 4858 fieri
2865 4807 2987 4860 ausi
3027 4807 3271 4878 fuerint,
3322 4830 3540 4886 neque
3591 4801 3679 4878 in
3727 4801 4022 4903 episcopis

2282 4895 2756 4965 numerabantur,
2786 4914 2973 4970 neque
2998 4902 3334 4960 manebunt
3369 4907 3436 4962 in
3475 4916 3720 4984 sacris,
3775 4895 3894 4978 sed
3931 4895 4020 4978 ex-

2283 4985 2428 5057 pulsi
2457 4987 2526 5040 ab
2552 4988 2660 5056 his,
2692 4989 2817 5043 aliis
2847 4991 3069 5048 dabunt
3081 4995 3283 5051 locum
3304 5001 3780 5081 ordinationis,
3803 5035 3946 5073 cum
3973 5020 4022 5070 in

2283 5079 2480 5150 primis
2505 5080 2972 5154 diligentissimae,
2989 5088 3118 5141 tum
3137 5089 3321 5145 etiam
3350 5093 3482 5150 Deo
3504 5114 3635 5169 per
3657 5079 3890 5166 omnia
3909 5114 4020 5183 pia.

2282 5172 2475 5226 centis.
2501 5172 2705 5228 Datum
2735 5191 2785 5229 1v
2805 5177 3044 5234 Kalend.
3076 5180 3267 5252 Sept.,
3298 5185 3443 5256 CP.,
3477 5201 3637 5262 post
3664 5217 3841 5259 coss.
3875 5172 4022 5260 Dam-

2281 5263 2494 5338 pad..et
2513 5265 2693 5321 Orest.
2717 5271 2842 5323 531.

2281 5635 2488 5746 siderat
2525 5639 2904 5746 totam‘suam
2943 5643 3342 5707 substantiam
3405 5673 3528 5728 pro
3593 5635 4022 5746 redemptione

2279 5728 2624 5798 captivorum
2651 5732 3000 5804 relinquere,
3033 5753 3135 5793 eos
3179 5740 3348 5813 ipsos
3380 5757 3690 5825 captivos
3729 5728 4022 5840 scripserit

2279 5820 2518 5840 L___,,,
2584 5839 2605 5840 ,,
2726 5825 2774 5840 ..
2855 5830 2864 5840 .
3133 5831 3200 5840 ..

2278 5820 2550 5891 heredes,
2581 5839 2652 5878 ne
2688 5825 2946 5882 videatur
2979 5831 3149 5900 quasi
3184 5834 3448 5899 incertis
3467 5820 4020 5922 personis
