4088 6416
188 383 327 434 1065

949 381 1312 434 JUSTINIANI
1355 380 1560 434 LEGES
1596 379 1929 434 SELECTrE.
1973 381 2098 434 LIB.
2143 382 2182 446 I,
2224 381 2348 435 TIT.
2392 382 2482 447 III,
2526 380 2656 435 LEX
2696 379 2828 434 LIII.

3419 381 3550 432 l066

185 486 356 538 dibus
387 485 661 585 institutis
686 484 968 586 judicium
995 503 1160 540 suum
1201 486 1655 557 oppugnandum
1687 487 1820 541 reli-
1843 514 1903 586 Α
1924 487 2253 558 hujusmodi
2276 487 2786 559 gubernationibus
2813 485 3043 540 sibimet
3058 483 3445 555 acquisierint,
3461 484 3551 586 vel

185 579 402 648 quisse,
435 577 722 631 sancimus
765 578 1047 648 ejusmodi
1091 583 1148 632 et
1183 581 1360 633 talem
1405 579 1819 633 institutionem

181 671 416 741 pietatis
447 670 659 724 intuitu
689 670 902 736 valere,
928 675 985 724 et
1004 689 1120 726 non
1156 688 1278 724 esse
1311 672 1720 741 respuendam.
1752 702 1822 712 -—

183 763 288 834 §l.
320 763 434 816 Sed
465 768 521 816 et
546 763 592 816 si
621 779 904 833 pauperes
932 764 1164 834 quidem
1212 765 1500 835 scripserit
1541 764 1819 831 hzeredes,

183 859 245 909 et
266 873 385 910 non
406 856 726 910 inveniatur
741 861 960 910 certum
982 858 1516 928 ptochotrophium,
1543 859 1630 910 vel
1652 861 1822 911 certae

185 949 444 1003 ecclesiae
465 965 767 1020 pauperes,
784 949 852 1003 de
869 950 1075 1020 quibus
1091 953 1321 1005 testator
1351 950 1704 1021 cogitaverit,
1724 950 1824 1004 sed

186 1042 295 1095 sub
324 1042 542 1096 incerto
581 1042 854 1095 vocabulo
881 1059 1166 1113 pauperes
1197 1044 1414 1097 fuerint
1446 1043 1705 1097 hazredes
1737 1042 1823 1096 in-

186 1134 395 1201 stituti,
433 1134 601 1188 simili
629 1135 804 1188 modo
831 1142 886 1188 et
926 1136 1020 1204 liuj
1032 1136 1253 1190 usmodi
1285 1136 1701 1190 institutionem
1728 1151 1821 1188 va-

184 1227 311 1280 lere
345 1227 732 1280 decernimus.
765 1258 832 1266 —-
871 1230 901 1298 ς
926 1231 977 1281 2.
1008 1229 1074 1280 Et
1097 1229 1141 1281 si
1164 1228 1396 1298 quidem
1421 1227 1670 1298 captivos
1697 1227 1827 1280 scri-

183 1320 370 1391 pserit
389 1320 644 1374 hieredes
661 1321 922 1386 civitatis,
955 1321 1012 1373 in
1032 1337 1145 1390 qua
1175 1325 1414 1375 testator
1432 1322 1611 1374 larem
1634 1323 1824 1374 fovere

184 1429 254 1466 ac
283 1412 492 1481 degere
525 1413 796 1479 noscitur,
820 1414 1116 1483 episcopus
1138 1417 1194 1465 et
1231 1429 1564 1466 oeconomus
1587 1412 1826 1466 haaredi-

187 1509 375 1558 tatem
398 1505 728 1575 suscipiant,
748 1510 806 1558 et
825 1505 1160 1560 omnimodo
1177 1507 1234 1559 in
1262 1507 1721 1576 redemptionem
1743 1522 1829 1558 ca-

186 1599 482 1668 ptivorum
515 1599 786 1668 procedat
811 1599 1131 1664 haereditas,
1165 1599 1279 1652 sive
1301 1616 1402 1669 per
1421 1616 1643 1652 annues
1672 1599 1826 1652 redi-

181 1696 300 1756 tus,
332 1691 446 1743 sive
478 1707 583 1760 per
609 1691 998 1744 venditionem
1024 1692 1323 1745 mobilium
1365 1709 1464 1746 seu
1495 1709 1554 1745 se
1593 1707 1826 1745 moven-

186 1784 341 1837 tium
392 1799 588 1837 rerum
628 1783 744 1837 sit:
806 1785 962 1837 nullo
1009 1785 1238 1854 penitus
1267 1800 1332 1837 cx
1374 1785 1480 1838 hoc
1524 1786 1700 1852 lucro,
1742 1784 1832 1836 vel

187 1893 515 1944 ceconomo,
562 1877 647 1930 vel
699 1877 988 1947 episcopo,
1033 1879 1119 1930 vel
1165 1881 1534 1931 sacrosanctae
1580 1877 1904 1954 ecclesiaaB

188 1969 602 2040 relinquendo.
631 1969 688 2023 Si
716 1969 869 2022 enim
892 1974 1126 2040 propter
1152 1971 1260 2024 hoc
1286 1989 1315 2023 a
1349 1971 1578 2040 speciali
1597 1970 1827 2023 hmrede

188 2078 484 2116 recessum
507 2065 610 2128 est,
638 2065 704 2116 ut
726 2078 843 2116 non
870 2063 1128 2116 Falcidize
1161 2064 1306 2116 ratio
1337 2063 1660 2130 inducatur,
1694 2078 1830 2132 quo-

187 2155 373 2210 modo
399 2155 706 2209 ferendum
736 2160 838 2222 est,
868 2156 997 2222 hoc,
1036 2156 1188 2225 quod
1222 2155 1280 2208 in
1319 2172 1545 2208 sacrum
1589 2155 1827 2222 venerit,

187 2264 298 2318 per
326 2248 633 2301 Falcidiam
663 2249 751 2300 vel
778 2249 949 2301 aliam
973 2248 1333 2302 occasionem
1368 2248 1594 2301 minui?
1623 2248 1743 2318 ——§
1775 2251 1825 2301 3.

191 2340 302 2393 Ubi
318 2346 512 2394 autem
527 2340 859 2394 indistincte
878 2358 1162 2411 pauperes
1184 2341 1375 2410 scripti
1395 2347 1527 2395 sunt
1548 2341 1826 2408 haeredes,

187 2433 275 2486 ibi
302 2449 594 2488 xenonem
625 2434 746 2504 ejus
785 2435 1022 2487 civitatis
1055 2434 1390 2487 omnimodo
1429 2434 1828 2488 hmreditatem

188 2526 472 2594 nancisci,
507 2531 563 2580 et
579 2527 1100 2597 perxenodochum
1123 2527 1180 2580 in
1203 2531 1550 2597 azgrotantes
1579 2527 1706 2580 fieri
1733 2543 1829 2596 pa-

187 2620 456 2674 trimonii
484 2619 970 2687 distributionem,
995 2621 1308 2674 secundum
1331 2620 1486 2691 quod
1504 2620 1565 2674 in
1595 2619 1830 2689 captivis

189 2712 620 2781 constituimus,
647 2714 733 2766 vel
759 2729 865 2783 per
889 2713 1183 2766 redituum
1209 2713 1506 2766 annalium
1539 2711 1826 2781 erogatio-

189 2821 358 2870 nem,
390 2806 477 2858 vel
498 2821 602 2875 per
621 2805 1015 2859 venditionem
1034 2823 1229 2859 rerum
1249 2805 1578 2872 mobilium,
1601 2806 1687 2857 vel
1707 2820 1828 2858 sese

190 2897 577 2965 moventium,
614 2903 675 2951 ut
703 2915 767 2952 ex
799 2899 887 2951 his
916 2915 1005 2953 res
1034 2899 1358 2952 immobiles
1401 2904 1826 2968 comparentur,

191 2996 257 3044 et
288 3007 514 3044 annuus
540 2991 719 3045 victus
755 2992 1167 3061 aegrotantibus
1197 2992 1446 3046 accedat.
1491 2993 1626 3055 Quis
1672 2991 1829 3044 enim

189 3084 512 3155 pauperior
540 3089 625 3138 est
659 3084 983 3138 hominibus
1005 3085 1101 3154 qui
1126 3092 1181 3138 et
1207 3085 1402 3154 inopia
1432 3085 1576 3138 tenti
1597 3087 1746 3151 sunt,
1777 3086 1834 3138 et

186 3178 257 3231 in
296 3193 520 3231 xenone
565 3177 820 3247 repositi,
859 3182 916 3229 et
953 3179 1067 3230 suis
1105 3178 1438 3247 corporibus
1477 3177 1827 3244 laborantes,

1923 581 1967 634 si
1995 582 2098 635 hoc
2124 581 2401 635 committi
2430 581 2499 634 ab
2530 581 2639 634 alio
2672 579 3078 645 consenserint,
3108 583 3165 632 et
3189 594 3305 632 non
3336 576 3550 647 gravis-

1921 675 2246 744 simapcena
2267 673 2808 728 etinterminatione
2842 672 2995 743 quod
3014 687 3318 743 perperam
3337 671 3552 724 factum

1921 773 2004 821 est
2033 767 2303 821 studeant
2323 766 2634 837 corrigere.

2621 886 2746 940 LEX
2782 885 2843 940 L.

1998 1002 2154 1056 Idem
2184 1000 2680 1074 AugustusJoanni
2711 1002 2770 1054 P.
2803 1001 2865 1053 Ρ.

1996 1097 2135 1150 Cum
2168 1095 2295 1165 lege
2321 1094 2576 1149 Leonina
2597 1092 2731 1146 viris
2757 1089 3250 1146 reverendissimis
3273 1087 3554 1159 episcopis

1927 1191 1985 1240 et
2012 1186 2378 1257 presbyteris,
2417 1189 2473 1238 et
2499 1184 2751 1238 diaconis
2791 1182 3077 1254 peculium
3122 1181 3340 1235 habere
3393 1179 3558 1250 quasi

1926 1280 2211 1328 castrense
2239 1289 2573 1329 concessum
2600 1278 2704 1340 est,
2739 1288 2805 1326 eo
2823 1271 3017 1324 addito
3051 1273 3112 1322 ut
3144 1273 3202 1322 et
3227 1269 3286 1322 in
3320 1268 3441 1338 ipso
3469 1273 3554 1321 te-

1927 1368 2062 1420 stari
2098 1368 2318 1437 possint
2357 1365 2726 1420 dubitabatur
2761 1364 2807 1416 si
2843 1361 3173 1432 hujusmodi
3216 1363 3558 1414 testamenta

1927 1461 2175 1514 debeant
2217 1460 2284 1513 de
2319 1458 2638 1512 inofficioso
2671 1457 2907 1528 querela
2947 1453 3278 1525 expugnari,
3321 1469 3450 1506 cum
3488 1451 3556 1504 de

1929 1553 2198 1606 omnibus
2226 1551 2480 1622 personis
2503 1567 2630 1620 quae
2669 1547 3002 1618 hujusmodi
3029 1545 3315 1616 peculium
3342 1559 3564 1598 merue-

1928 1649 2063 1700 runt
2083 1646 2284 1698 eadem
2305 1645 2493 1697 fuerat
2514 1642 2751 1713 quaestio
2773 1643 2966 1694 exorta
2984 1642 3010 1693 ?
3028 1638 3555 1706 Sancimusitaque,

1929 1738 2062 1791 viris
2108 1735 2596 1791 reverendissimis
2646 1734 2944 1805 episc0pis,
2991 1735 3048 1786 et
3089 1730 3453 1802 presbyteris,
3506 1732 3564 1782 et

1931 1831 2188 1884 diaconis
2215 1829 2314 1900 qui
2329 1830 2441 1882 tale
2459 1827 2740 1898 peculium
2761 1826 2920 1897 quasi
2940 1827 3224 1878 castrense
3247 1821 3556 1892 possident,

1929 1940 2100 1994 super
2117 1923 2205 1976 his
2237 1921 2638 1975 tantummodo
2683 1919 2853 1972 rebus
2895 1934 3022 1988 quae
3063 1916 3224 1986 quasi
3259 1912 3559 1968 castrensis

1929 2015 2113 2087 peculi
2137 2021 2286 2082 sunt,
2307 2031 2419 2068 non
2469 2015 2653 2067 solum
2681 2012 2881 2065 ultima
2908 2009 3224 2063 concedere
3246 2007 3561 2061 secundum

1929 2109 2082 2179 leges
2107 2109 2292 2178 elogia
2328 2108 2496 2160 licere
2535 2105 2708 2176 (quod
2753 2121 2818 2157 ex
2858 2102 3113 2156 Leonina
3159 2099 3560 2154 constitutione

1929 2201 2265 2271 descendit),
2297 2199 2398 2253 sed
2428 2199 2602 2253 etiam
2629 2213 2825 2251 eorum
2858 2196 3091 2249 ultimas
3109 2195 3432 2248 voluntates
3463 2207 3558 2245 su-

1929 2311 2033 2366 per
2059 2294 2146 2347 liis
2175 2291 2581 2347 tantummodo
2603 2289 2830 2344 habitas
2856 2288 2925 2342 de
2954 2282 3272 2341 inofficioso
3312 2285 3560 2356 querelas

1929 2387 2168 2440 minime
2195 2385 2510 2454 subjacere.
2545 2385 2668 2437 Dat.
2716 2383 2862 2435 Non.
2915 2381 3210 2448 Februar.,
3255 2379 3381 2444 CP.,
3432 2378 3564 2447 post.

1928 2496 2071 2534 coss.
2105 2477 2398 2548 Lampadii
2424 2480 2482 2529 et
2507 2476 2736 2542 Orestis,
2764 2490 2914 2528 anno
2937 2477 2988 2540 2,
3019 2476 3138 2527 532.

2623 2595 2752 2648 LEX
2784 2593 2868 2647 LI.

2005 2708 2160 2762 Idem
2186 2709 2476 2777 Augustus
2505 2705 2791 2759 JoanniP.
2825 2705 2886 2757 P.

2003 2801 2061 2855 Si
2090 2800 2215 2870 quis
2235 2800 2294 2854 in
2315 2796 2726 2852 conscribendo
2743 2796 3126 2850 instrumento
3138 2807 3249 2847 sese
3268 2790 3560 2845 confessus

1929 2894 2102 2948 fuerit
2127 2909 2235 2947 non
2253 2907 2481 2946 usurum
2496 2893 2607 2957 fori
2619 2891 3027 2960 praescriptione
3039 2891 3262 2956 propter
3277 2885 3565 2938 sacerdotii

1925 2988 2368 3057 praerogativam,
2409 2981 2697 3036 sancimus
2731 2998 2845 3035 non
2886 2980 3056 3034 licere
3089 2979 3140 3032 ei
3166 2979 3433 3032 adversus
3459 2991 3563 3030 sua

1931 3085 2094 3151 pacta
2119 3078 2332 3143 venire,
2363 3082 2415 3130 et
2455 3075 2859 3130 contrahentes
2895 3072 3178 3142 decipere,
3207 3085 3336 3124 cum
3367 3068 3566 3138 regula

1932 3172 2004 3225 sit
2027 3172 2174 3241 juris
2200 3170 2422 3240 antiqui
2457 3171 2680 3224 :Omnes
2707 3169 2975 3222 licentiam
3003 3166 3196 3218 habere
3213 3164 3294 3217 his
3321 3177 3440 3232 quae
3461 3176 3566 3230 pro

190 3270 586 3324 necessarium
612 3271 823 3322 victum
843 3270 945 3322 sibi
966 3286 1082 3322 non
1109 3274 1346 3340 possunt
1374 3269 1619 3322 afferre?
1645 3269 1826 3339 ——§-’r.
1851 3240 1906 3313 Ο
1931 3281 1986 3319 se
2017 3265 2233 3318 indulta
2261 3269 2387 3317 sunt
2414 3263 2748 3316 renuntiare.
2777 3259 2960 3322 Quam
3003 3256 3332 3328 generalem
3371 3255 3561 3324 legem

187 3362 456 3418 Licentia
492 3363 729 3416 omnino
769 3363 959 3416 danda
991 3368 1046 3416 et
1071 3363 1129 3415 in
1163 3363 1372 3433 priore,
1402 3366 1457 3415 et
1484 3363 1542 3414 in
1581 3361 1830 3415 secunda

186 3454 410 3526 specie,
434 3461 492 3509 et
516 3455 804 3508 actionem
832 3471 1083 3522 movere,
1115 3455 1382 3508 etdebita
1411 3455 1660 3524 exigere,
1689 3459 1751 3507 ut
1771 3453 1829 3507 in

188 3549 452 3620 captivos
490 3549 578 3602 vel
613 3549 673 3602 in
714 3553 1062 3618 mgrotantes
1091 3553 1525 3602 consumantur.
1568 3548 1628 3602 Si
1675 3547 1828 3602 enim

187 3641 503 3698 hazredum
525 3642 606 3694 eis
627 3645 683 3694 et
691 3641 786 3711 jus
813 3645 869 3695 et
887 3657 1102 3695 nomen
1121 3641 1404 3709 dedimus,
1421 3641 1542 3694 sine
1570 3640 1830 3694 Falcidiaa

185 3741 396 3790 tamen
419 3735 560 3804 legis
587 3735 1002 3803 emolumento,
1028 3750 1258 3788 necesse
1287 3739 1372 3787 est
1391 3751 1484 3788 eos
1506 3733 1699 3787 debita
1723 3733 1832 3786 exi-

189 3845 360 3900 gere,
392 3831 451 3880 et
469 3827 847 3881 creditoribus
876 3828 1245 3898 respondere.
1265 3859 1332 3868 ——
1362 3828 1392 3898 §
1425 3831 1474 3880 5.
1510 3828 1608 3882 Sin
1637 3831 1828 3881 autem

186 3920 512 3991 ampliores
537 3920 595 3974 in
617 3920 841 3974 civitate
858 3936 1107 3974 xenones
1124 3922 1211 3973 vel
1237 3920 1677 3990 ptocliotrophia
1696 3919 1828 3986 sint,

186 4031 272 4069 ne
296 4013 517 4067 incerta
533 4013 791 4066 videatur
806 4013 1178 4083 pecuniarum
1207 4014 1381 4079 datio,
1402 4016 1536 4066 tunc
1563 4012 1831 4066 eixenoni

183 4108 286 4161 vel
319 4107 784 4176 ptochotrophio,
827 4107 927 4176 qui
954 4106 1263 4177 pauperior
1297 4123 1418 4160 esse
1455 4105 1827 4176 dignoscitur,

186 4200 438 4255 easdem
479 4216 570 4252 res
611 4201 698 4253 vel
745 4199 1018 4270 pecunias
1053 4200 1329 4270 assignari
1367 4215 1688 4267 censemus,
1724 4199 1830 4253 hoc

182 4293 464 4351 videlicet
489 4292 843 4347 discutiendo
872 4293 1040 4346 aviro
1067 4293 1543 4346 reverendissimo
1571 4294 1828 4348 locorum

179 4384 454 4441 antistite
475 4388 533 4438 et
562 4385 664 4438 sub
695 4401 762 4440 eo
790 4385 1109 4440 constitutis
1139 4386 1381 4440 clericis.

267 4479 299 4551 §
329 4482 382 4532 6.
404 4479 503 4533 Sin
524 4483 717 4532 autem
739 4479 926 4532 nullus
943 4479 1203 4533 xenonin
1226 4479 1452 4533 civitate
1481 4479 1826 4546 inveniatur,

182 4582 358 4642 tunc,
375 4576 690 4630 secundum
710 4577 780 4630 de
801 4577 1035 4648 captivis
1055 4577 1429 4645 sanctionem,
1451 4595 1554 4649 pro
1569 4583 1828 4649 tempore

182 4685 533 4726 oeconomus
563 4673 932 4724 sacrosanctae
962 4671 1214 4724 ecclesiae
1242 4673 1326 4724 vel
1378 4672 1672 4742 cpiscopus
1708 4672 1828 4725 INB-

183 4763 512 4819 reditatem
540 4763 810 4834 accipiat;
846 4767 905 4817 et
934 4764 1055 4817 sine
1083 4765 1340 4819 Falcidiae
1368 4765 1591 4818 ratione
1617 4779 1832 4836 paupe-

183 4858 364 4913 ribus
389 4856 485 4926 qui
514 4857 572 4910 in
588 4857 809 4913 civitale
821 4859 1080 4927 suntfvel
1106 4858 1332 4928 penitus
1352 4858 1829 4928 mendicantibus,

183 4951 289 5004 vel
309 4949 421 5003 alia
437 4950 851 5004 sustentatione
880 4951 1202 5020 egentibus,
1226 4952 1444 5006 easdem
1465 4952 1724 5022 pecuniae
1745 4951 1829 5005 di-

183 5043 578 5100 stribuantur.
606 5043 725 5115 —§
753 5049 806 5100 7.
828 5045 957 5098 Hazc
978 5048 1166 5099 tamen
1195 5045 1390 5099 omnia
1417 5047 1605 5099 locum
1619 5045 1830 5100 habere

181 5136 511 5204 sancimus,
545 5137 774 5207 quando
802 5153 919 5192 non
947 5138 1087 5192 certi
1128 5138 1367 5192 xenouis
1410 5139 1498 5192 vel
1524 5139 1661 5193 certi
1703 5142 1829 5210 pto-

181 5230 547 5300 chotrophii,
581 5231 668 5285 vel
696 5235 867 5285 certa:
894 5232 1144 5286 ecclesiae
1167 5231 1486 5286 nominatio
1515 5249 1548 5286 a
1565 5236 1831 5288 testatore

181 5325 509 5380 subsecuta
531 5324 745 5392 est,sed
762 5325 1014 5380 incertus
1047 5331 1130 5380 est
1149 5324 1272 5395 ejus
1284 5341 1498 5379 sensus.
1514 5325 1614 5380 Sin
1635 5329 1831 5380 autem

178 5422 253 5475 in
271 5432 588 5488 personam
611 5422 850 5487 certam,
873 5420 1330 5474 venerabilemve
1353 5421 1571 5473 certam
1596 5420 1833 5474 domum

182 5511 540 5582 respexerit,
570 5512 621 5566 ei
639 5513 1041 5567 tantummodo
1063 5511 1462 5566 haereditatem
1479 5513 1833 5584 vellegatum

183 5609 532 5676 competere
548 5605 854 5674 sancimus,
885 5606 1043 5661 nulla
1072 5603 1314 5659 Falcidia
1342 5620 1447 5658 nec
1473 5605 1531 5659 in
1552 5606 1657 5660 hac
1673 5611 1834 5677 parte

179 5697 618 5756 intercedente.
651 5730 719 5740 —
744 5700 775 5772 §
804 5703 856 5755 8.
890 5702 951 5753 In
981 5697 1247 5752 omnibus
1275 5700 1469 5750 autem
1504 5699 1834 5768 hujusmodi

181 5793 426 5851 casibus
469 5793 725 5848 caelestes
764 5793 1089 5849 iracundias
1116 5792 1610 5845 sacrosanctarum
1636 5807 1833 5846 rerum

179 5885 691 5945 administratores
709 5891 1037 5960 exspectent
1054 5887 1100 5943 si
1115 5884 1511 5960 qualecunque
1526 5885 1751 5942 lucrum
1769 5897 1835 5942 ex

407 5985 681 6050 PATROL.
739 5986 973 6050 LXXII.

1930 3357 1990 3411 in
2023 3357 2291 3410 omnibus
2323 3355 2548 3408 casibus
2589 3352 2848 3406 obtinere
2867 3350 3177 3417 sancimus,
3201 3347 3297 3418 qui
3318 3347 3562 3400 necdum

1930 3467 2033 3521 per
2040 3449 2372 3519 judicialem
2389 3445 2733 3500 sententiam
2745 3445 2832 3497 vel
2854 3441 3220 3496 amicabilem
3235 3437 3562 3494 conventio-

1931 3559 2068 3598 nem
2102 3541 2272 3612 sopiti
2303 3543 2451 3594 sunt.
2481 3541 2604 3593 Dat.
2635 3538 2755 3591 Kal.
2781 3535 3095 3607 Septemb.,
3115 3535 3386 3605 CP.,post
3413 3547 3554 3586 coss.

1932 3636 2206 3708 Lampad.
2241 3638 2300 3688 et
2329 3632 2540 3688 Orestis
2566 3647 2653 3686 vv.
2687 3646 2768 3684 cc.
2803 3633 2924 3684 532.

2607 3751 2734 3807 LEX
2772 3749 2879 3804 LII.

2004 3868 2160 3923 Idem
2185 3868 2476 3938 Augustus
2502 3862 2706 3919 Joanni
2736 3863 2796 3916 P.
2826 3862 2884 3915 P.

2003 3961 2354 4018 Generaliter
2372 3958 2658 4013 sancimus
2674 3971 2872 4010 omnes
2890 3952 3039 4008 viros
3052 3947 3557 4005 reverendissimos

1931 4058 2248 4129 episcopos,
2277 4071 2381 4107 nec
2406 4069 2521 4107 non
2550 4051 2936 4122 presbyteros,
2959 4046 3233 4100 diaconos
3263 4047 3320 4097 et
3339 4042 3564 4097 subdia-

1931 4168 2125 4220 conos,
2145 4154 2200 4204 et
2220 4147 2506 4221 praecipue
2522 4143 2854 4209 monachos,
2885 4141 3018 4195 licet
3043 4156 3158 4193 non
3197 4138 3311 4192 sint
3353 4136 3561 4206 clerici,

1930 4243 2361 4300 immunitatem
2380 4242 2502 4311 ipso
2515 4239 2645 4309 jure
2659 4253 2859 4290 omnes
2879 4235 3094 4288 habere
3129 4232 3319 4286 tutela:
3342 4231 3458 4284 sive
3484 4233 3564 4284 te-

1931 4336 2338 4402 stamentariae,
2363 4335 2477 4387 sive
2510 4331 2803 4402 legitimae,
2825 4329 2938 4382 sive
2969 4326 3171 4381 dativae
3198 4343 3214 4394 ;
3240 4328 3297 4378 et
3325 4340 3442 4378 non
3469 4339 3559 4377 so-

1929 4433 2048 4486 lum
2077 4431 2271 4484 tutelae
2303 4445 2400 4482 eos
2426 4442 2548 4481 esse
2589 4427 2870 4494 expertes,
2909 4420 3008 4473 sed
3033 4419 3209 4473 etiam
3242 4433 3410 4484 cura,
3446 4432 3564 4470 non

1931 4526 2113 4578 solum
2157 4522 2503 4594 pupillorum
2526 4522 2583 4572 et
2628 4517 2974 4581 adultorum,
3018 4513 3116 4566 sed
3156 4517 3212 4564 et
3246 4509 3463 4578 furiosi,
3507 4513 3566 4562 et

1849 4610 1907 4681 D
1932 4617 2097 4684 muti,
2129 4621 2186 4669 et
2209 4615 2386 4680 surdi,
2416 4616 2474 4666 et
2503 4611 2743 4665 aliarum
2756 4621 3152 4679 personarum,
3179 4602 3386 4674 quibus
3407 4604 3561 4656 tuto-

1932 4729 2041 4781 res,
2061 4711 2146 4764 vel
2176 4711 2466 4762 curatores
2497 4721 2530 4758 a
2549 4703 2836 4756 veteribus
2863 4699 3086 4769 legibus
3111 4697 3338 4752 dantur.
3361 4693 3479 4766 —§
3511 4699 3558 4748 I.

1932 4807 2040 4860 Eos
2071 4807 2263 4857 tamen
2291 4798 2524 4854 clericos
2554 4801 2611 4850 et
2637 4795 2952 4850 monachos
2986 4789 3316 4862 hujusmodi
3347 4787 3561 4842 habere

1930 4896 2274 4953 beneficium
2320 4892 2625 4958 sancimus,
2657 4889 2752 4960 qui
2779 4887 2933 4958 apud
2959 4886 3350 4939 sacrosanctas
3379 4882 3560 4935 eccle-

1934 4993 2062 5058 sias,
2092 4992 2177 5044 vel
2205 4985 2553 5043 monasteria
2574 4983 3064 5054 permanent,non
3093 4977 3444 5046 divagantes,
3469 4991 3566 5029 ne.

1934 5101 2045 5157 que
2067 5084 2213 5138 circa
2229 5081 2421 5136 divina
2442 5075 2763 5132 ministeria
2791 5072 3043 5140 desides;
3065 5087 3194 5125 cum
3207 5072 3440 5140 propter
3455 5067 3562 5122 hoc

1932 5180 2118 5252 ipsum
2154 5175 2492 5231 beneficium
2509 5172 2588 5227 eis
2612 5169 3034 5239 indulgeamus,
3058 5170 3122 5219 ut
3147 5163 3271 5218 aliis
3300 5161 3566 5216 omnibus

1935 5270 2239 5338 derelictis,
2270 5267 2368 5324 Dei
2402 5262 2809 5336 omnipotentis
2848 5257 3176 5315 ministeriis
3224 5255 3562 5310 inhaereant.

1933 5399 2001 5410 --
2027 5367 2058 5438 §
2083 5370 2138 5421 2.
2169 5366 2236 5419 Et
2261 5365 2369 5417 hoc
2396 5377 2510 5415 non
2533 5360 2716 5414 solum
2738 5357 2796 5410 in
2819 5358 3011 5408 vetere
3040 5353 3239 5417 Roma,
3269 5349 3357 5404 vel
3373 5349 3431 5402 in
3459 5349 3568 5403 hac

1933 5462 2092 5533 regia
2117 5459 2363 5526 civitate,
2387 5454 2488 5509 sed
2520 5459 2577 5508 et
2596 5452 2654 5506 in
2683 5449 2838 5505 omni
2865 5454 3034 5513 terra,
3066 5445 3387 5515 ubicunque
3413 5442 3572 5497 Chri-

1935 5558 2253 5612 stianorum
2277 5565 2491 5606 nomen
2523 5547 2746 5611 colitur,
2769 5542 3028 5598 obtinere
3056 5539 3360 5594 sancimus.

2603 5667 2732 5723 LEX
2761 5665 2900 5719 LIII.

2005 5790 2165 5848 Idem
2183 5789 2472 5859 Augustus
2489 5780 2692 5839 Joanni
2722 5780 2784 5834 P.
2815 5779 2876 5833 Ρ.

2005 5885 2302 5942 Sancimus
2321 5879 2618 5942 neminem
2646 5873 2902 5940 omnino,
2926 5880 3112 5942 neque
3141 5863 3436 5932 curialem,
3467 5875 3564 5917 ne-

3173 5969 3251 6026 34
