4088 6514
565 383 698 440 1067

1686 377 1935 433 ΞΕΕΠΙᾸ
1975 375 2162 431 SEXTI
2203 373 2752 430 SUPPLEMENTUM.

3845 369 3866 421 1
3879 371 3972 422 068

563 506 674 560 que
697 485 998 552 taxeotam,
1019 483 1345 556 episcopum
1368 488 1465 539 aut
1482 485 1872 554 presbyterum
1889 483 1956 537 de
1970 485 2170 536 caetero
2191 493 2251 566 Α
2272 487 2470 549 teram,
2499 482 2590 534 ubi
2615 480 2862 534 maxime
2889 478 3196 531 curialium
3225 475 3558 530 constituta
3590 479 3692 528 est
3705 475 3973 544 penuria.

561 580 684 633 ﬁeri
700 597 717 647 ;
738 578 877 632 nihil
905 577 1176 630 attinente
1207 578 1306 630 aut
1327 575 1643 645 attingente
1669 576 1776 628 hac
1801 576 1926 644 lege
1953 591 2049 628 eos
2075 575 2173 644 qui

563 673 693 724 ante
745 685 870 723 eam
903 668 1230 737 hujusmodi
1257 667 1574 722 sacerdotio
1604 667 1762 738 digni
1791 666 1972 720 habiti
1999 669 2130 719 sunt
2156 683 2168 720 :

561 762 630 815 de
662 763 862 814 caatero
889 776 1020 814 vero
1053 759 1340 814 neminem
1366 759 1598 814 omnino
1625 759 1722 830 qui
1749 758 2080 828 supradictas
2103 757 2174 811 sit

559 853 800 907 fortuna;
831 851 904 906 ad
929 851 1229 922 praedictas
1256 851 1709 906 consecrationes
1739 849 2043 903 ascendere
2077 865 2090 903 :
2120 854 2175 902 et

558 945 804 998 maxime
834 944 880 997 si
906 948 962 998 et
979 944 1102 1014 jam
1120 948 1287 997 antea
1315 943 1752 1008 ministraverat,
1778 944 1876 995 aut
1889 941 2172 995 taxeotieis

559 1036 827 1090 servierat
847 1035 1221 1106 jussionibus;
1252 1051 1384 1089 eum
1417 1034 1568 1088 enim
1596 1034 1692 1104 qui
1718 1033 1996 1087 enutritus
2013 1032 2171 1086 estin

560 1125 1449 1182 exsecutionibusvehementibus
1466 1125 1587 1196 (seu
1602 1124 1831 1195 asperis)
1857 1127 1914 1178 et
1939 1124 2025 1177 his
2045 1140 2172 1194 quae

559 1235 626 1274 ex
651 1235 716 1274 ea
744 1235 805 1272 re
827 1218 1110 1285 accidunt,
1137 1220 1404 1288 peccatis,
1435 1234 1549 1270 non
1571 1217 1766 1286 utique
1795 1215 2023 1286 (equum
2046 1216 2166 1269 fue-

555 1311 650 1378 rit,
673 1309 845 1364 modo
872 1309 1130 1380 quidem,
1156 1313 1211 1362 et
1239 1309 1384 1362 illico
1415 1325 1534 1362 esse
1553 1311 1854 1372 taxeotam,
1889 1311 1944 1360 et
1971 1307 2168 1360 buleu-

555 1407 698 1470 tam,
729 1405 788 1455 et
815 1402 997 1455 facere
1025 1401 1282 1455 omnium
1309 1401 1694 1466 acerbissima,
1717 1415 1852 1453 mox
1878 1403 2064 1452 autem
2091 1414 2172 1451 sa-

557 1492 842 1547 cerdotem
869 1492 1137 1560 ordinari,
1166 1491 1236 1545 de
1262 1491 1615 1545 humanitate
1646 1493 1702 1544 et
1726 1490 2050 1544 innocentia
2073 1505 2166 1544 ex-

557 1588 865 1656 ponentem
905 1585 1194 1654 dogmata.
1227 1585 1608 1654 Praeterquam
1639 1583 1684 1636 si
1713 1582 1781 1636 ab
1819 1581 2074 1652 infantia,
2115 1586 2170 1636 et

555 1679 816 1734 nondum
837 1678 1070 1748 quidem
1083 1677 1383 1748 ephebiam
1402 1677 1700 1730 excedente
1716 1681 1894 1742 astate,
1919 1676 1970 1730 ei
1988 1675 2165 1730 conti-

553 1770 639 1841 git
660 1769 808 1824 inter
831 1768 1334 1823 reverendissimos
1348 1769 1655 1822 monachos
1675 1768 2096 1834 connumerari,
2113 1773 2166 1820 et

2275 573 2330 628 Si
2357 589 2490 626 vero
2525 573 2810 627 latitantes
2854 571 2937 640 (ut
2969 569 3268 640 probabile
3305 569 3414 637 est)
3445 567 3632 633 ﬁant,
3670 566 3974 620 licentiam

2273 665 2474 717 damus
2500 665 2828 731 curialibus,
2859 661 3052 716 statim
3081 661 3314 731 ingredi
3347 675 3446 714 res
3476 675 3744 726 eorum,
3779 675 3978 712 eorum

2271 760 2418 813 bona
2445 759 2718 818 detinere,
2744 759 2800 809 et
2821 755 2954 808 satis
2980 753 3086 807 sibi
3114 753 3444 807 secundum
3473 751 3698 821 legem
3741 751 3884 804 inde
3907 751 3978 803 fa-

2273 867 2418 906 cere.
2448 852 2574 904 Haec
2587 848 2764 918 igitur
2779 861 2950 916 super
2975 844 3491 898 reverendissimis
3520 843 3778 897 clericis
3797 844 3980 912 cujus-

2271 957 2493 1012 cunque
2525 940 2736 1011 gradus
2761 937 3014 991 obtinere
3057 937 3119 990 in
3145 943 3512 1006 perpetuum
3547 935 3902 1000 sancimus,
3928 940 3977 988 et

2269 1035 2329 1088 in
2357 1034 2446 1087 his
2471 1049 2598 1103 quae
2619 1032 2740 1101 jam
2769 1033 3094 1100 perpetrata
3111 1031 3250 1082 sunt
3283 1028 3571 1082 obtinere
3609 1028 3828 1098 legem
3859 1044 3976 1082 eam

2269 1127 2519 1179 volentes
2545 1139 2673 1195 qua:
2694 1127 2749 1176 et
2770 1121 2928 1191 prius
2945 1125 3086 1175 erat.
3105 1121 3398 1183 Quoniam
3419 1122 3650 1174 autem
3687 1124 3754 1174 et
3779 1136 3978 1190 quam-

2269 1217 2402 1270 dam
2435 1214 2898 1270 constitutionem
2933 1212 3264 1266 invenimus
3305 1212 3380 1266 de
3431 1211 3784 1266 monachis
3815 1212 3980 1267 disse-

2267 1315 2508 1376 rentem,
2536 1312 2592 1361 et
2634 1306 2916 1360 volentem
2963 1305 3115 1374 ipsos
3154 1320 3272 1358 non
3317 1303 3693 1375 relinquere
3741 1305 3978 1375 propria

2268 1398 2628 1466 monasteria,
2675 1413 2858 1468 neque
2907 1396 3144 1450 turbare
3199 1396 3494 1464 civitates,
3547 1387 3772 1466 quam
3831 1403 3890 1452 et
3915 1397 3979 1451 ad

2269 1491 2560 1562 quoddam
2581 1490 2854 1544 sancitam
2877 1505 2996 1542 esse
3018 1491 3248 1558 tempus
3273 1488 3536 1557 quidam
3557 1489 3975 1559 suspicantur,

2266 1587 2526 1653 oportere
2555 1581 2999 1636 existimavimus
3019 1579 3386 1634 occasionem
3407 1580 3560 1636 inde
3587 1582 3976 1652 accipientes,

2264 1674 2676 1745 perfectiorem,
2723 1678 2779 1727 et
2809 1673 2868 1726 in
2909 1687 3080 1726 omne
3107 1677 3342 1742 tempus
3387 1672 3590 1728 etiam
3629 1674 3756 1728 hoc
3809 1675 3978 1728 refor-

2265 1783 2441 1832 mare,
2471 1767 2549 1820 ita
2573 1770 2638 1819 ut
2681 1765 2896 1819 nemini
2937 1763 3008 1818 de
3048 1767 3257 1818 caetero
3301 1779 3568 1820 reveren
3581 1765 3979 1821 dissimorum

553 1861 770 1916 morari
786 1863 844 1914 in
865 1877 931 1915 eo
958 1861 1080 1932 ipso
1108 1861 1390 1915 schemate
1414 1877 1428 1926 ;
1459 1863 1594 1914 tunc
1617 1860 1773 1913 enim
1787 1859 2165 1930 permittimus
2185 1841 2241 1912 Β
2263 1858 2668 1912 monachorum
2695 1855 2924 1910 licentia
2954 1855 3044 1922 sit,
3077 1855 3195 1910 tale
3235 1855 3386 1926 quid
3415 1873 3642 1928 agere,
3683 1862 3748 1913 et
3799 1861 3978 1913 relin-

553 1951 683 2024 ipsi,
715 1957 772 2007 et
785 1953 1182 2023 presbyterum
1197 1952 1339 2020 ﬁeri,
1367 1957 1422 2006 et
1442 1951 1514 2004 ad
1535 1951 1920 2022 episcopatum
1939 1951 2160 2006 venire:

553 2061 685 2098 cum
696 2045 768 2098 sit
789 2043 1158 2097 manifestum
1171 2043 1338 2097 simul
1355 2046 1520 2114 atque
1533 2043 1647 2096 tale
1662 2043 1798 2112 quid
1810 2042 2078 2110 evenerit,
2109 2045 2166 2095 et

555 2135 764 2206 dignus
791 2135 1103 2190 sacerdotio
1123 2134 1469 2205 apparuerit,
1498 2135 1644 2204 quod
1665 2134 1956 2188 confestim
1987 2134 2161 2188 licen-

550 2227 690 2282 tiam
721 2226 955 2280 habebit
991 2242 1225 2280 manere
1261 2225 1320 2278 in
1362 2225 1708 2295 episcopatu,
1739 2231 1795 2279 et
1821 2225 2161 2292 ministrare,

552 2317 864 2372 dummodo
882 2321 1144 2387 quartam
1165 2320 1387 2388 partem
1401 2333 1516 2370 suae
1539 2317 1860 2370 substantias
1885 2317 2164 2370 universae

547 2408 799 2479 praebeat
825 2408 1238 2475 decurionibus,
1270 2414 1326 2462 et
1353 2408 1487 2462 ﬁsco
1517 2407 1852 2478 (secundum
1879 2425 2062 2478 nuper
2091 2407 2163 2462 de

548 2505 752 2572 quarta
772 2504 930 2571 parte
949 2500 1192 2571 positam
1208 2517 1240 2553 a
1263 2499 1428 2554 nobis
1447 2501 1655 2570 legem)
1689 2503 1786 2553 aut
1806 2499 1910 2553 soli
1940 2500 2092 2568 ﬁsco,
2117 2499 2162 2552 si

548 2593 783 2662 quidem
811 2592 1101 2646 taxeoticae
1129 2592 1370 2645 fortunas
1396 2591 1446 2646 ei
1469 2608 1588 2645 esse
1609 2591 1930 2660 contigerit.
1962 2591 2016 2646 Si
2033 2607 2162 2645 vero

548 2687 607 2736 et
646 2684 704 2737 in
749 2683 1231 2737 reverendissimis
1271 2683 1726 2737 archimandritis
1757 2687 2072 2748 censeatur,
2107 2686 2164 2736 et

545 2774 823 2830 manserit
853 2775 1004 2828 inter
1026 2775 1196 2845 ipsos,
1227 2779 1284 2828 et
1311 2775 1420 2829 hoc
1441 2775 1614 2828 etiam
1635 2774 1805 2828 modo
1825 2775 2025 2828 damus
2045 2774 2160 2828 fort-

545 2868 704 2920 tuna:
725 2866 1131 2934 liberationem,
1155 2869 1415 2936 quartam
1435 2868 1493 2920 et
1507 2870 1641 2920 tunc
1669 2868 1888 2935 partem
1907 2881 2020 2919 suae
2037 2864 2163 2919 sub-

545 2957 1256 3027 stantite(utpraediximus)
1277 2957 1586 3026 praebitum
1610 2974 1623 3010 :
1657 2957 1820 3010 aliter
1846 2959 2034 3009 autem
2057 2973 2159 3010 ne-

547 3065 659 3118 que
695 3048 779 3102 illi
817 3047 1066 3102 ordinari
1108 3047 1490 3114 concedimus,
1535 3063 1720 3118 neque
1760 3047 2018 3101 ordinato
2054 3050 2161 3101 tale

546 3139 680 3210 quid
703 3155 874 3209 agere
894 3138 1293 3208 permittimus.
1319 3139 1540 3193 Sciente
1557 3144 1655 3193 tua
1676 3139 2004 3193 excellentia
2026 3139 2160 3208 quia

545 3229 666 3285 haec
685 3230 963 3284 observari
985 3230 1190 3284 debent
1201 3231 1269 3284 ab
1283 3231 1542 3285 omnibus
1553 3232 1665 3284 Deo
1683 3231 2017 3284 amabilibus
2037 3231 2154 3300 epi-

546 3323 752 3393 ecopis,
793 3338 1020 3393 pmnam
1067 3323 1464 3393 exspectaturis
1510 3322 1656 3376 circa
1683 3323 1868 3392 ipsum
1899 3323 2156 3377 sacerdo-

543 3414 706 3481 tium,
738 3414 782 3468 si
811 3414 948 3484 quid
983 3414 1094 3468 tale
1119 3413 1386 3478 fecerint;
1431 3418 1637 3484 praeter
1662 3414 1742 3482 id,
1793 3415 1946 3484 quod
1981 3416 2157 3469 etiam

543 3522 650 3560 nec
683 3505 803 3576 ipse
844 3506 1132 3560 ordinatus
1177 3506 1485 3560 sacerdotio
1527 3506 1766 3573 fruetur,
1804 3507 1934 3560 licet
1987 3506 2158 3561 fuerit

544 3601 712 3652 antea
741 3597 798 3651 in
815 3597 1006 3666 aliquo
1034 3597 1212 3668 gradu
1229 3597 1528 3651 sacerdotii
1547 3598 1859 3662 ordinatus,
1888 3598 1984 3652 sed
2007 3599 2152 3652 inter

539 3689 786 3760 privatos
829 3689 1136 3759 redigetur,
1167 3691 1222 3742 et
1251 3688 1560 3743 ministeria
1594 3694 1928 3760 exsequetur
1955 3690 2156 3759 quibus

543 3780 1052 3850 subjacebatprius.
1071 3779 1206 3844 Quae
1230 3781 1424 3836 omnia
1441 3781 1698 3835 obtinere
1717 3781 1775 3834 in
1790 3781 2047 3835 futurum
2067 3797 2157 3835 vo-

541 3873 732 3927 lumus
749 3876 992 3944 tempus,
1009 3872 1280 3942 quoniam
1294 3888 1444 3926 nunc
1455 3873 1702 3944 primum
1715 3872 2156 3929 anobisinventa

541 3969 691 4031 sunt,
714 3980 830 4018 non
856 3963 1179 4034 pertinente
1201 3965 1313 4018 ullo
1332 3964 1500 4019 modo
1521 3965 1624 4019 hac
1644 3965 1770 4035 lege
1792 3963 1874 4035 (ut
1895 3964 2152 4034 diximus)

543 4056 614 4110 ad
646 4073 742 4110 eos
769 4055 865 4126 qui
897 4056 1066 4109 semel
1103 4056 1210 4110 hac
1237 4055 1510 4126 dignitate
1540 4056 1873 4111 sacerdotali
1911 4057 2158 4112 decorati

542 4151 694 4214 sunt,
722 4147 822 4201 sed
857 4146 1140 4201 licentiam
1166 4148 1507 4203 habentibus
1533 4149 1669 4220 ipsis
1695 4165 1798 4219 per
1828 4149 2155 4203 substitutos

541 4239 882 4306 ministrare,
905 4239 1065 4309 juxta
1088 4239 1402 4307 Theodosii,
1429 4245 1486 4294 et
1499 4241 1876 4296 Valentiniani
1899 4241 2007 4311 pias
2033 4257 2152 4295 me-

540 4332 736 4385 morias
753 4331 1232 4398 constitutionem,
1253 4349 1380 4402 quae
1392 4332 1466 4387 ad
1475 4333 1750 4387 Thomam
1769 4333 2037 4403 rescripta
2050 4336 2152 4388 est.

541 4453 609 4464 —
634 4425 666 4496 §
697 4428 744 4478 l.
770 4422 856 4477 Ad
889 4424 1006 4477 haec
1038 4427 1096 4477 et
1123 4423 1264 4478 illud
1288 4425 1508 4494 justum
1541 4442 1680 4494 esse,
1712 4431 1767 4480 et
1792 4428 2068 4497 obtinere,
2102 4433 2157 4485 et

2177 3185 2232 3260 C

2265 1967 2434 2020 quere
2465 1949 2696 2020 quidem
2727 1948 3130 2002 monachicum
3151 1948 3456 2016 habitum,
3485 1950 3980 2023 circumcingere

2265 2047 2456 2096 autem
2488 2040 2942 2111 qualemcunque
2985 2038 3282 2106 militiam,
3330 2045 3440 2094 aut
3491 2041 3858 2112 cingulum,
3891 2049 3984 2097 aut

2265 2133 2623 2203 dignitatem,
2647 2135 2744 2186 aut
2763 2148 2960 2185 eorum
2985 2131 3086 2201 qui
3101 2131 3164 2184 in
3177 2131 3428 2201 judiciis
3450 2141 3800 2190 versantur
3824 2139 3982 2207 sequi

2261 2225 2452 2292 vitam,
2469 2227 2522 2278 et
2537 2224 2637 2278 Dei
2657 2224 2887 2278 servitio
2913 2223 3204 2277 humanas
3232 2226 3684 2294 occupationes
3703 2231 3984 2298 praeferre

2260 2320 2358 2370 aut
2381 2332 2735 2387 cognoscere,
2757 2315 2853 2369 illo
2866 2315 3090 2385 quitale
3115 2315 3258 2384 quid
3289 2316 3518 2372 fecerit
3550 2319 3779 2376 dando
3804 2323 3977 2376 curiae

2261 2408 2496 2462 civitatis
2525 2408 2674 2462 illius
2702 2423 2770 2462 ex
2797 2423 2911 2478 qua
2943 2411 3048 2474 est,
3065 2410 3170 2460 aut
3199 2407 3390 2462 etiam
3411 2410 3710 2482 alterius,
3747 2421 3820 2468 ut
3845 2431 3988 2484 pree-

2261 2499 2476 2554 dictum
2505 2505 2605 2568 est,
2635 2503 2690 2553 et
2731 2499 2780 2552 si
2822 2499 3058 2568 quidem
3087 2499 3354 2570 locuples
3404 2501 3512 2569 sit,
3563 2505 3764 2560 etiam
3808 2523 3984 2578 pecu-

2261 2592 2440 2644 niaria
2466 2591 2754 2646 subiturus
2785 2607 3048 2656 munera,
3078 2591 3170 2644 sin
3201 2591 3435 2662 minus,
3469 2600 3845 2667 corporalia
3871 2616 3992 2654 mu-

2259 2699 2395 2737 nera
2411 2700 2428 2751 ;
2459 2685 2514 2737 et
2540 2683 2632 2736 hic
2659 2682 2885 2736 licentia
2911 2683 3098 2738 danda
3127 2683 3306 2737 curiis
3335 2685 3430 2752 (ut
3457 2689 3914 2760 praediximus)-
3943 2693 3982 2745 si

2257 2774 2560 2829 invisibiles
2587 2774 2742 2842 ﬁant,
2775 2789 3050 2844 occupare
3076 2774 3252 2844 bona,
3289 2779 3352 2830 et
3401 2778 3528 2832 sibi
3560 2797 3642 2836 ex
3675 2784 3782 2838 his
3817 2787 3982 2840 satis-

2255 2865 2437 2920 facere
2463 2865 2777 2920 secundum
2803 2866 3012 2936 legem.
3043 2868 3104 2920 In
3137 2867 3426 2922 omnibus
3457 2877 3690 2929 autem
3745 2878 3988 2932 casibus

2257 2957 2318 3010 in
2343 2957 2546 3027 quibus
2569 2958 2821 3026 accipere
2841 2973 2910 3012 ex
2943 2958 3032 3011 his
3061 2959 3252 3012 curias
3267 2959 3584 3030 jubemus
3619 2969 3858 3038 causis,
3893 2988 3986 3024 vo-

2256 3048 2444 3102 lumus
2471 3049 2718 3103 mediam
2739 3049 2971 3120 quidem
2992 3050 3209 3104 horum
3230 3056 3478 3120 partem
3505 3059 3797 3116 curiales
3823 3065 3996 3116 susci-

2256 3155 2389 3210 pere
2411 3157 2526 3194 non
2553 3141 2612 3194 in
2640 3157 2798 3206 auro,
2826 3142 2922 3195 sed
2949 3139 3240 3196 immobili
3266 3149 3706 3218 possessione,
3739 3155 3844 3208 vel
3869 3173 3996 3226 quas

2257 3231 2454 3292 subsit,
2493 3231 2580 3286 vel
2623 3249 2750 3302 quae
2792 3233 2864 3286 sit
2910 3235 3304 3303 comparanda
3347 3242 3725 3298 secundum
3761 3249 3940 3317 prius
3971 3265 4000 3300 a

2253 3323 2414 3377 nobis
2433 3323 2696 3378 emissam
2723 3325 2930 3394 legem,
2964 3325 3136 3379 aliam
3171 3343 3312 3382 vero
3342 3327 3700 3390 dimidiam
3727 3342 4004 3408 genemli

2259 3431 2470 3470 mensae
2499 3419 2614 3470 tuae
2644 3417 3248 3490 excellentiteinferri;
3289 3425 3356 3476 ut
3390 3429 3546 3480 tuus
3585 3429 3794 3485 etiam
3831 3434 3998 3487 thro-

2253 3523 2360 3560 nus
2391 3507 2682 3576 provideat
2707 3507 3032 3579 vigilanter,
3063 3527 3136 3564 ne
3163 3513 3312 3582 quid
3343 3515 3466 3570 tale
3531 3519 4000 3587 (commissum

2253 3598 2444 3664 lateat,
2477 3599 2594 3666 sed,
2628 3598 2797 3652 simul
2825 3602 2996 3670 atque
3038 3602 3178 3671 quid
3221 3605 3457 3662 factum
3499 3609 3738 3683 fuerit,
3789 3633 3998 3672 conte-

2253 3689 2413 3744 niens
2459 3707 2628 3759 super
2668 3691 2778 3745 hoc
2818 3691 2918 3746 ﬁat
2959 3694 3204 3765 medela,
3237 3704 3696 3772 praeterquam
3749 3709 3810 3762 si
3849 3727 4000 3764 nunc,

2254 3785 2360 3879 ipsi
2389 3786 2618 3879 ultroet
2638 3792 2842 3879 sponte
2870 3789 3136 3844 militiam
3167 3793 3568 3868 reliquerint,
3603 3805 3715 3858 vel
3755 3803 3997 3879 simpli-

2253 3877 2394 3932 citer
2417 3878 2568 3948 quod
2591 3877 2808 3934 habent
2829 3881 3063 3935 schema
3079 3888 3136 3938 et
3157 3885 3230 3938 ad
3255 3891 3716 3950 monachicam
3753 3877 4004 3955 rursum

2253 3969 2401 4024 serio
2429 3975 2486 4024 et
2509 3987 2640 4024 vere
2663 3977 3026 4028 revertantur
3053 3975 3251 4046 vitam,
3282 3984 3344 4034 et
3385 3981 3566 4040 inter
3593 3995 3998 4047 reverendis-

2255 4063 2426 4117 simos
2453 4063 2684 4118 clericos
2713 4069 3118 4122 connumerari
3159 4069 3474 4130 festinent.
3533 4079 3600 4133 Si
3659 4086 3852 4140 enim
3901 4088 4000 4141 hoc

2253 4153 2489 4210 fecerint
2514 4155 2664 4210 intra
2693 4171 2909 4210 annum
2931 4174 3116 4214 unum
3134 4161 3208 4215 ab
3241 4162 3376 4218 haec
3405 4166 3556 4238 lege
3591 4171 3762 4245 lata,
3799 4181 4002 4234 remit-

2253 4246 2427 4300 timus
2459 4247 2540 4302 eis
2571 4264 2817 4318 poenam,
2847 4249 3110 4306 sufﬁcere
3136 4253 3280 4323 ipsis
3308 4272 3386 4310 ex
3423 4266 3754 4323 exercitio
3793 4279 4005 4342 putan-

2253 4341 2340 4391 tes
2365 4339 2836 4394 emendationem.
2887 4343 3013 4396 Haec
3033 4347 3233 4400 autem
3276 4347 3576 4410 obtinere
3613 4357 3690 4414 in
3741 4339 4004 4435 sequens

2253 4430 2510 4529 volumus
2531 4436 2985 4505 tempus,‘neque
3009 4435 3138 4491 illos
3159 4443 3328 4494 extra
3351 4441 3602 4503 dictam
3635 4430 4006 4529 relinquen-

539 4513 600 4571 in
626 4533 732 4570 usu
759 4533 877 4571 esse
906 4515 1209 4583 sancimus,
1231 4517 1384 4587 quod
1405 4517 1650 4586 positum
1670 4519 1740 4572 ab
1763 4518 1946 4586 initio,
1975 4528 2030 4576 et
2050 4540 2152 4578 usu
2172 4529 2232 4602 D
2253 4527 2336 4576 tes
2363 4538 2607 4592 poenam,
2643 4530 2924 4596 quotquot
2965 4543 3000 4581 a
3045 4533 3242 4584 nostro
3281 4535 3662 4609 principatu
3715 4513 4006 4605 minam-hi

542 4609 919 4674 observatum,
945 4608 1227 4662 nescimus
1252 4625 1500 4678 quonam
1529 4609 1700 4665 modo
1727 4610 1782 4664 in
1825 4611 2150 4670 desuetudi-

539 4717 674 4756 nem
710 4701 865 4756 abiit.
911 4700 1269 4755 Meminimus
1298 4701 1452 4755 enim
1482 4719 1586 4756 nos
1611 4701 1668 4756 in
1698 4705 1921 4759 Arcadii
1949 4710 2006 4761 et
2037 4707 2150 4760 Ho-

538 4793 686 4848 norii
713 4794 822 4864 piae
843 4792 1136 4847 memoriae
1158 4793 1627 4848 Constitutionem
1654 4795 1930 4866 incidisse,
1959 4799 2149 4853 volen-

539 4887 659 4940 tem
707 4886 960 4952 clericos,
999 4885 1044 4938 si
1075 4887 1428 4955 neglexerint
1470 4903 1636 4942 suum
1665 4887 1950 4959 ordinem,
2006 4895 2062 4945 et
2093 4891 2150 4946 in

537 4979 989 5050 qualemcunque
1004 4981 1281 5032 armatam
1300 4978 1562 5032 militiam
1582 4981 1920 5049 transierint,
1943 4984 2029 5036 vel
2050 4984 2148 5038 de-

536 5070 710 5141 positi
733 5088 766 5124 a
795 5072 910 5126 Deo
950 5071 1286 5124 amabilibus
1302 5071 1857 5142 episcopis,militare
1877 5075 1994 5128 ausi
2025 5075 2146 5132 fue-

535 5161 670 5231 rint,
695 5163 849 5216 mitti
875 5161 1108 5234 quidem
1129 5162 1282 5234 ipsos
1301 5163 1502 5218 militia
1513 5165 1737 5235 adepta,
1753 5165 1902 5220 tradi
1924 5183 2059 5222 vero
2079 5169 2151 5224 ci-

536 5253 774 5309 vitatum
817 5255 984 5309 curiis
1018 5254 1438 5310 ministraturos
1476 5256 1534 5310 in
1571 5261 1861 5328 posterum
1899 5261 2146 5331 publico,

537 5345 762 5416 quando
801 5350 856 5400 et
878 5345 1104 5401 Domini
1129 5347 1224 5402 Dei
1252 5348 1495 5416 servitio,
1530 5351 1777 5419 quandiu
1807 5351 2142 5422 militarent,

537 5453 597 5490 se
624 5436 1042 5492 abdicaverunt.
1073 5441 1206 5502 Quae
1231 5441 1424 5494 omnia
1453 5441 1710 5496 obtinere
1733 5459 1798 5496 ex
1829 5443 1935 5498 hac
1957 5449 2149 5500 nostra

536 5523 820 5578 sancimus
861 5523 1012 5594 lege,
1057 5525 1323 5594 jubentes
1355 5527 1506 5598 ipsos
1535 5529 1728 5584 statim
1755 5533 1811 5583 et
1851 5533 2146 5587 confestim

533 5615 770 5670 civitatis
807 5615 956 5670 illius
985 5632 1054 5670 ex
1095 5633 1208 5687 qua
1231 5624 1364 5674 sunt
1387 5620 1510 5674 ﬁeri
1549 5621 1807 5688 curiales,
1840 5619 1948 5677 nisi
1973 5625 2144 5679 vehe-

531 5711 757 5762 menter
783 5705 1086 5762 curialihus
1115 5711 1367 5764 abundet
1394 5712 1618 5768 civitas:
1647 5729 1758 5784 quo
1791 5731 1922 5770 casu
1951 5716 2145 5772 vicinae

531 5800 622 5854 rel
659 5800 940 5855 ulterioris
976 5800 1148 5854 etiam
1179 5817 1355 5872 usque
1381 5801 1456 5856 ad
1481 5819 1658 5859 unam
1681 5807 2030 5876 provinciam
2063 5809 2144 5864 al-

2249 4613 2380 4668 facti
2407 4616 2512 4670 tale
2540 4615 2676 4686 quid
2706 4617 2996 4688 fecerunt;
3027 4621 3086 4675 id
3115 4623 3278 4678 enim
3309 4629 3488 4698 quod
3523 4644 3878 4704 praecessit
3929 4647 4002 4698 si-

2251 4707 2370 4760 mul
2407 4707 2753 4808 quidem
2797 4711 3244 4784 humanitatem,
3281 4719 3472 4776 simul
3511 4728 3724 4786 etiam
3761 4740 4004 4808 tempus

2249 4805 2504 4853 verentes
2539 4800 2898 4873 dimittimus,
2946 4807 3182 4875 quando
3219 4811 3382 4868 nihil
3409 4816 3664 4877 diserte
3691 4800 4000 4885 ειδωιὶυῃ

2247 4890 2405 4993 prius
2429 4897 2566 4947 erat.
2599 4921 2667 4993 —_-
2695 4894 2728 4964 §
2758 4897 2812 4948 2.
2851 4896 2988 4950 Item
3019 4897 3164 4954 illud
3201 4907 3546 4965 statuimus
3575 4931 3594 4968 :
3637 4919 3776 4974 sive
3815 4933 4000 4993 pater.

2247 4982 2361 5037 sive
2387 4987 2587 5052 mater,
2621 4985 2736 5039 sive
2762 4987 2906 5041 alius
2936 4989 3068 5059 quis
3095 5009 3166 5045 ex
3195 4993 3448 5054 defectu
3477 4982 3864 5070 liberorum
3917 5035 3998 5070 re.-

2247 5074 2610 5173 stitutionem‘
2627 5077 3214 5173 autgsubstitutionem
3239 5087 3588 5154 induxerit
3609 5105 4002 5173 quibusdam

2247 5167 2362 5222 sive
2381 5168 2663 5239 masculis,
2697 5170 2812 5226 sive
2839 5172 3098 5242 feminis,
3131 5177 3197 5232 hi
3224 5187 3440 5240 autem
3471 5191 3564 5246 ad
3605 5167 3884 5269 nuptias
3919 5219 4006 5256 ve

2245 5260 2368 5315 nire
2405 5265 2640 5332 propter
2673 5266 3120 5323 conversationis
3159 5287 3282 5328 non
3333 5277 3678 5352 elegerint
3707 5260 4000 5350 modum,

2245 5352 2491 5456 rescindi
2515 5355 2654 5410 tales
2679 5357 3070 5456 restitutiones
3103 5369 3207 5419 aut
3237 5367 3788 5456 substitutiones;
3819 5395 3888 5444 et
3911 5390 4004 5443 ha-

2243 5443 2380 5554 bere
2397 5445 2546 5517 ipsos
2557 5451 2894 5517 potestatem
2909 5451 2968 5504 in
2992 5469 3172 5523 quem
3189 5459 3506 5522 voluerint
3533 5443 3822 5536 modum
3837 5485 4004 5554 pium

2243 5539 2432 5591 tamen
2461 5553 2586 5608 quae
2623 5539 2757 5594 inde
2796 5543 3246 5612 proﬁciscuntur
3286 5569 3718 5639 consecrare;
3779 5539 3860 5629 ei
3909 5591 4000 5629 an;

2243 5643 2577 5722 consumere
2603 5634 2948 5704 superstites,
2963 5643 3064 5692 aut
3091 5641 3448 5716 relinquere
3479 5634 3856 5721 morientes
3893 5685 3908 5722 :
3943 5671 4006 5721 si-

2245 5723 2339 5774 cut
2366 5723 2422 5776 et
2450 5721 2496 5776 si
2525 5723 2626 5776 sub
2651 5725 2976 5781 conditione
3005 5730 3342 5792 liberorum
3373 5756 3826 5824 suscepuon'm
3861 5762 3968 5832 ip...-
3985 5779 4000 5798 ε

2250 5812 2506 5832 ψιαωι.
2550 5819 2577 5832 ,γ
2710 5816 2733 5832 ρ
2840 5818 2871 5832 .,
3104 5829 3114 5832 _
3168 5831 3173 5832 γ
3795 5803 3820 5814 υ
3937 5801 3970 5814 ,ι

2243 5812 2378 5882 quid
2405 5814 2668 5871 relictum
2705 5816 2899 5885 fuerit,
2948 5829 3187 5894 oportet
3233 5835 3298 5885 et
3334 5833 3466 5893 hoc
3511 5812 3998 5918 ip‘sumhal‘ierc
