4088 6430
201 403 334 454 1069

943 398 1307 456 JUSTINIANI
1345 399 1554 456 LEGES
1590 399 1924 458 SELECTIE.
1967 401 2091 456 LIB.
2135 401 2174 468 1,
2215 400 2338 454 ΤΙΤ.
2380 400 2468 466 lll,
2511 401 2640 456 LEX
2677 400 2803 456 LVI.

3416 403 3548 457 1070

195 522 311 574 eos,
367 506 574 561 liberos
635 505 917 577 suscipere
971 507 1206 562 minime
1257 510 1491 563 coactos.
1559 508 1825 564 Eamdem
1845 507 2298 595 Alegitimas,et
2308 507 2427 578 juri
2447 507 2699 578 cognitas
2719 506 3104 577 probationes,
3125 505 3245 559 sine
3263 505 3549 576 fortiprae-

197 614 426 669 quoque
454 598 594 668 legis
622 599 980 670 positionem,
1010 605 1066 655 et
1092 600 1151 654 in
1182 601 1518 655 mulieribus
1542 600 1827 672 virginita-

196 697 312 744 tem
339 691 622 760 professis,
653 697 709 746 et
743 708 950 747 uxores
977 693 1182 748 ducere
1214 693 1546 748 omnimodo
1574 694 1824 764 prohibi-

195 783 266 836 tis
281 782 761 838 reverendissimis
781 785 1000 839 clericis
1020 785 1378 840 extendimus
1396 789 1451 839 et
1477 786 1824 856 reponimus,

193 879 253 929 et
279 876 425 929 hanc
447 877 696 946 gratiam
722 879 839 933 Deo
861 894 962 948 pro
987 878 1192 932 nostris
1217 878 1568 948 temporibus
1594 879 1828 950 dignam

191 968 512 1022 referimus.
536 998 606 1009 -—
635 970 667 1040 §
695 973 746 1024 3.
779 971 864 1024 Ad
901 971 1022 1024 haac
1043 971 1325 1024 sancimus
1352 971 1465 1026 sive
1491 971 1578 1026 vir
1606 972 1678 1025 ad
1703 971 1830 1025 soli-

191 1061 398 1115 tariam
430 1062 603 1115 vitam
633 1063 825 1117 venire
853 1063 1110 1132 voluerit,
1140 1064 1253 1118 sive
1283 1063 1509 1134 mulier,
1542 1064 1662 1118 viro
1705 1065 1830 1118 reli-

191 1157 305 1221 cto,
337 1155 409 1208 ad
440 1154 903 1210 exercitationem
937 1157 1328 1211 monachicam
1353 1155 1590 1224 venerit,
1625 1173 1696 1211 ne
1722 1158 1829 1211 hoc

191 1246 392 1300 damni
413 1263 639 1301 causam
653 1249 905 1318 praebeat
928 1267 943 1318 ;
975 1250 1071 1304 sed
1100 1253 1164 1303 ut
1190 1266 1291 1303 sua
1321 1249 1646 1304 omnimodo
1682 1250 1824 1305 reci-

190 1343 332 1410 piat,
362 1339 441 1394 ita
467 1342 532 1394 ut
550 1341 714 1394 liceat
741 1341 902 1395 uxori
941 1339 1035 1412 [et]
1066 1342 1255 1396 dotem
1282 1343 1530 1413 recipere
1563 1359 1743 1412 suam,
1774 1348 1830 1398 et

193 1434 429 1502 propter
457 1434 684 1504 nuptias
712 1433 1076 1488 donationem
1098 1434 1150 1489 ei
1169 1435 1269 1505 qui
1301 1451 1430 1488 cum
1457 1451 1521 1489 ea
1547 1435 1830 1490 cohabita-

195 1526 380 1594 verat}
418 1529 475 1580 et
519 1526 665 1596 quod
698 1527 828 1581 inde
872 1527 1026 1581 venit
1066 1527 1307 1594 lucrum,
1358 1544 1471 1581 non
1518 1528 1829 1583 secundum

193 1632 322 1670 eam
359 1633 488 1687 qua
519 1634 622 1688 per
649 1621 954 1690 repudium
985 1621 1048 1674 fit
1073 1620 1507 1690 disjunctionem
1522 1621 1825 1690 vindicare,

192 1715 294 1763 aut
331 1725 563 1764 manere
599 1712 752 1782 apud
781 1729 912 1766 eum
951 1712 1049 1784 qui
1091 1729 1207 1767 non
1241 1713 1485 1780 divertit,
1516 1713 1613 1768 sed
1637 1729 1830 1768 secun-

192 1803 338 1856 dum
365 1803 518 1874 quod
540 1803 598 1857 in
622 1821 816 1858 casum
839 1807 1038 1860 mortis
1063 1805 1277 1859 factum
1301 1811 1384 1860 est
1405 1811 1668 1876 pactum;
1696 1823 1830 1878 qua-

1925 601 2248 672 scriptione,
2282 599 2593 654 durissimis
2621 601 2798 670 pomis
2820 599 3085 664 afficiant,
3111 604 3167 653 et
3196 598 3394 652 mortis
3418 615 3548 654 con-

1926 695 2194 748 demnent
2219 692 2515 764 supplicio.
2538 695 2688 746 Bona
2716 697 2908 747 autem
2942 708 3160 760 eorum,
3186 691 3232 745 si
3256 691 3363 745 hoc
3393 708 3548 746 com-

1925 787 2162 841 missum
2187 786 2359 840 fuerit
2375 787 2438 840 in
2457 785 2940 841 sanctimonialem
2974 785 3273 856 virginem,
3297 800 3426 855 quae
3464 785 3552 840 vel

1925 879 1987 934 in
2013 880 2305 948 asceterio,
2338 879 2424 935 vel
2450 880 2791 934 monasterio
2820 877 2995 950 degit,
3024 878 3138 932 sive
3165 877 3366 932 eadem
3387 877 3548 949 virgo

1928 971 2233 1027 diaconissa
2255 974 2554 1028 constituta
2580 973 2671 1039 sit,
2712 973 2825 1028 sive
2864 989 3000 1040 non,
3043 972 3228 1025 eidem
3262 973 3548 1024 monaste-

1928 1065 2033 1133 rio,
2070 1065 2158 1120 vel
2198 1066 2465 1120 asceterio
2491 1067 2588 1120 ubi
2614 1068 2936 1120 consecrata
2975 1067 3059 1118 est
3094 1063 3452 1130 addicantur,
3488 1067 3554 1117 ut

1929 1174 1999 1213 ex
2023 1159 2112 1213 his
2141 1159 2312 1214 rebus
2337 1164 2394 1213 et
2419 1159 2540 1230 ipsa
2570 1158 2831 1213 solatium
2851 1158 3076 1226 habeat,
3105 1157 3242 1211 dum
3270 1155 3421 1226 vivit,
3437 1155 3550 1210 suf-

1927 1246 2141 1317 ﬁciens,
2171 1253 2226 1302 et
2253 1264 2345 1302 res
2373 1263 2570 1301 omnes
2611 1251 3033 1301 sacrosanctum
3074 1245 3409 1301 asceterium
3453 1261 3554 1300 seu

1929 1340 2339 1395 monasterium
2369 1340 2531 1411 pleno
2558 1339 2762 1394 habeat
2780 1339 3065 1406 dominio;
3096 1339 3184 1392 sin
3213 1343 3403 1392 autem
3431 1337 3552 1392 dia-

1927 1433 2147 1488 conissa
2172 1433 2558 1503 cujuscunque
2579 1431 2829 1487 ecclesias
2857 1431 2947 1500 sit,
2970 1431 3031 1484 in
3055 1430 3208 1484 nullo
3227 1435 3420 1485 tamen
3439 1445 3558 1484 mo-

1927 1525 2192 1594 nasterio,
2226 1526 2312 1579 vel
2349 1524 2618 1580 asceterio
2665 1524 2992 1593 constituta,
3023 1523 3121 1578 sed
3148 1539 3252 1593 per
3281 1539 3340 1578 se
3380 1522 3555 1594 degit,

1927 1619 2169 1689 raptoris
2199 1619 2247 1689 ej
2257 1635 2319 1672 us
2344 1618 2657 1672 substantia
2682 1617 2930 1672 ecclesiae
2950 1616 3112 1686 cujns
3140 1616 3448 1670 diaconissa
3473 1620 3560 1670 est

1928 1711 2268 1782 assignetur,
2295 1715 2360 1764 ut
2377 1727 2446 1765 ex
2473 1711 2563 1764 his
2591 1709 2948 1764 facultatibus
2967 1709 3090 1779 ipsa
3111 1708 3342 1779 quidem
3368 1725 3558 1763 usum-

1927 1804 2349 1873 fructum,dum
2367 1808 2641 1875 superest,
2671 1803 2742 1857 ab
2769 1803 2964 1857 eadem
2991 1802 3228 1856 ecclesia
3251 1818 3558 1872 consequa-

193 1895 246 1948 si
276 1896 531 1949 videatur
556 1896 605 1949 is
647 1897 746 1967 qui
784 1898 1010 1952 divertit
1049 1916 1080 1952 a
1125 1899 1417 1952 communi
1443 1899 1674 1953 alterius
1699 1882 1905 1954 con-B
1928 1902 2052 1966 tur;
2076 1897 2311 1951 ecclesia
2346 1913 2474 1950 vero
2517 1912 2747 1950 omnem
2781 1895 3187 1966 proprietatem
3235 1899 3292 1949 et
3327 1895 3555 1965 plenam

189 1987 344 2041 victu
373 1991 629 2042 mortuus
655 2005 774 2044 esse
803 1990 861 2043 in
892 1990 1125 2045 alterius
1159 1992 1550 2060 contubernio,
1584 2009 1714 2046 cum
1733 2009 1826 2046 co-

189 2079 472 2134 habitanti
498 2081 571 2134 sit
595 2082 829 2136 omnino
856 2083 1102 2152 inutilis;
1133 2085 1410 2155 quidquid
1436 2089 1630 2139 autem
1651 2085 1709 2138 in
1737 2086 1827 2139 do-

188 2173 400 2226 talibus
427 2174 820 2228 instrumentis
841 2181 1134 2246 receptum
1161 2176 1334 2231 fuerit
1358 2193 1427 2231 ex
1454 2178 1628 2247 pactis
1653 2179 1714 2231 in
1734 2194 1825 2231 ca-

189 2281 323 2318 sum
345 2266 561 2332 mortis,
606 2266 664 2320 id
699 2266 953 2321 debitum
1000 2268 1371 2338 intelligatur.
1417 2270 1539 2323 Non
1564 2270 1828 2324 audiente

186 2357 432 2412 muliere
461 2361 591 2412 ante
617 2359 753 2412 anni
783 2359 1004 2429 lapsum
1049 2360 1108 2414 in
1150 2361 1304 2415 aliud
1330 2362 1610 2432 respicere
1637 2363 1829 2416 matri-

184 2449 472 2520 monium,
502 2456 734 2521 propter
760 2452 1140 2522 generationis
1169 2453 1285 2522 (aut
1315 2454 1565 2524 seminis)
1593 2454 1824 2509 incerti-

183 2543 468 2596 tudinem.
501 2543 608 2598 Sed
646 2543 694 2596 si
731 2545 869 2615 quid
907 2546 1015 2598 tale
1054 2546 1311 2610 futurum
1339 2546 1430 2614 sit,
1459 2546 1652 2601 statim
1679 2547 1827 2602 mitti

185 2635 522 2704 divortium,
564 2635 722 2706 quod
745 2635 954 2691 idcirco
988 2638 1136 2691 bona
1163 2639 1344 2709 gratia
1380 2644 1631 2708 vocatur,
1661 2640 1732 2694 ab
1760 2657 1826 2694 ea

184 2743 326 2797 quae
381 2729 804 2782 conversionem
855 2747 969 2784 non
1010 2730 1167 2801 eligit
1217 2747 1480 2801 persona,
1532 2737 1700 2802 atque
1747 2732 1827 2786 ita

182 2825 326 2890 agat
348 2821 501 2891 quod
524 2822 784 2892 voluerit,
815 2822 987 2876 lucris
1019 2824 1100 2892 (ut
1124 2829 1255 2878 ante
1284 2825 1495 2879 dictum
1520 2828 1618 2896 est)
1650 2826 1719 2880 ad
1745 2826 1828 2896 ip-

181 2928 316 2966 sam
351 2913 786 2983 pertinentibus.
838 2915 983 2970 Sane
1015 2932 1081 2970 eo
1109 2916 1264 2987 quod
1302 2918 1640 2972 lucrandum
1683 2924 1828 2973 esset

182 3021 260 3060 ex
293 3005 390 3058 tali
429 3021 614 3076 causa,
643 3007 990 3077 omnimodo,
1044 3009 1090 3062 si
1135 3014 1190 3064 et
1211 3009 1272 3063 in
1300 3010 1586 3081 prioribus
1613 3010 1827 3080 nuptiis

181 3098 277 3152 vel
318 3098 403 3151 vir
433 3099 518 3152 vel
547 3099 754 3154 mulier
783 3101 1166 3170 mansisssent,
1190 3102 1586 3156 communibus
1637 3103 1827 3157 liberis

181 3207 262 3244 ex
293 3206 363 3244 eo
392 3191 752 3246 matrimonio
777 3193 945 3263 natis,
970 3193 1017 3247 si
1045 3193 1144 3265 qui
1171 3194 1401 3263 fuerint,
1420 3197 1820 3250 conservando.

178 3282 316 3338 Dat.
348 3299 378 3336 v
410 3284 630 3338 calend.
689 3285 948 3341 Decemb.
995 3287 1120 3354 CP.,
1147 3289 1276 3358 post
1293 3304 1432 3341 coss.
1472 3288 1738 3359 Lampad.
1770 3294 1826 3343 et

178 3377 372 3432 Orest.
405 3393 501 3432 an.
526 3379 581 3447 2,
613 3379 736 3432 532.

859 3471 983 3526 LEX
1023 3473 1151 3528 LIV.

259 3563 416 3617 Idem
453 3565 744 3635 Augustus
793 3566 1135 3637 Hermogeni
1175 3566 1450 3639 magistro
1487 3568 1823 3625 officiorum.

260 3657 538 3726 Raptores
565 3657 877 3729 virginum,
907 3659 994 3714 vel
1018 3659 1340 3731 viduarum,
1376 3663 1460 3716 vel
1489 3663 1822 3717 diaconissa-

173 3766 345 3818 rum,
373 3765 502 3820 qua:
529 3751 640 3805 Deo
673 3751 888 3809 fuerint
918 3752 1214 3824 dedicatae,
1248 3755 1490 3825 pessima
1518 3756 1825 3810 criminum

173 3847 508 3915 peccantes,
557 3843 754 3914 capitis
791 3845 1068 3916 supplicio
1105 3846 1428 3917 plectendos
1476 3864 1595 3902 esse
1642 3849 1826 3904 decer-

172 3937 403 4004 nimus,
432 3936 586 4007 quod
614 3954 729 3991 non
755 3938 941 3992 solum
969 3939 1040 3992 ad
1067 3939 1336 4010 injuriam
1372 3941 1694 4008 hominum,
1723 3941 1826 3997 sed

173 4033 242 4084 et
267 4029 343 4082 ad
367 4028 547 4100 ipsius
570 4030 976 4101 omnipotentis
999 4032 1095 4086 Dei
1122 4031 1548 4088 irreverentiam
1572 4035 1827 4090 commit-

170 4121 350 4176 titur.
379 4122 485 4185 Qui
515 4122 708 4193 itaque
734 4124 832 4195 huj
844 4125 1065 4179 usmodi
1091 4125 1306 4182 crimen
1334 4127 1741 4196 commiserint,
1770 4133 1826 4183 et

170 4215 286 4285 qui
314 4210 396 4268 eis
425 4215 701 4270 auxilium
728 4221 982 4288 tempore
1008 4218 1312 4274 invasionis
1332 4220 1697 4290 praebuerint,
1730 4220 1825 4276 ubi

167 4307 405 4362 inventi
434 4307 649 4362 fuerint
683 4308 743 4362 in
791 4309 912 4380 ipsa
953 4311 1170 4382 rapina,
1223 4315 1280 4366 et
1310 4312 1495 4367 adhuc
1547 4313 1825 4385 ﬂagrante

167 4399 427 4455 crimine
447 4399 785 4470 deprehensi
805 4419 838 4456 a
847 4403 1175 4473 parentibus
1198 4405 1696 4461 sanctimonialum
1721 4407 1827 4462 vir-

170 4494 412 4564 ginum,
444 4494 532 4547 vel
563 4495 883 4564 viduarum,
905 4498 995 4552 vel
1029 4498 1470 4553 diaconissarum
1499 4503 1600 4554 aut
1628 4517 1825 4555 earum

166 4585 647 4657 consanguineis,
685 4589 772 4643 vel
809 4591 1110 4660 tutoribus,
1136 4607 1237 4646 seu
1276 4592 1649 4658 curatoribus,
1686 4610 1821 4648 con-
1841 4609 1902 4683 D

161 4679 315 4734 victi
344 4679 778 4736 interficiantur.
809 4683 903 4738 Sin
923 4689 1117 4739 autem
1144 4689 1273 4756 post
1306 4686 1678 4742 commissum
1702 4693 1823 4743 tam
1841 4679 1911 4750 —__

161 4772 512 4828 detestabile
553 4773 791 4844 crimen,
837 4782 936 4830 aut
978 4782 1271 4848 potentatu
1309 4784 1502 4850 raptor
1530 4796 1589 4835 se
1634 4780 1824 4835 defen-

162 4867 346 4934 dere,
364 4870 464 4920 aut
485 4866 621 4938 fuga
641 4868 876 4924 evadere
900 4870 1169 4942 potuerit,
1192 4871 1251 4925 in
1277 4871 1381 4926 hac
1403 4872 1636 4944 quidem
1663 4874 1824 4946 regia

159 4959 323 5014 urbe
354 4962 471 5012 tam
499 4959 606 5013 viri
639 4962 845 5016 excelsi
881 4963 1129 5033 praefecti
1164 4966 1450 5036 praetorio,
1479 4983 1650 5038 quam
1694 4968 1819 5038 glo-

154 5053 211 5108 ri
224 5051 528 5106 osissimus
556 5053 859 5123 praefectus
878 5056 1027 5126 urbi,
1055 5056 1112 5110 in
1137 5058 1442 5128 provinciis
1467 5065 1682 5129 autem,
1706 5063 1823 5114 tam

152 5145 282 5200 viri
316 5143 762 5201 eminentissimi
798 5149 1050 5218 praefecti
1078 5149 1345 5221 praetorio
1385 5167 1488 5222 per
1515 5152 1818 5224 lllyricum,

154 5244 223 5293 et
249 5237 528 5304 Africam,
552 5254 724 5310 quam
750 5241 1013 5312 magistri
1043 5242 1296 5297 militum
1319 5260 1424 5315 per
1453 5245 1697 5300 diversas
1725 5263 1822 5302 no-

153 5330 278 5386 stri
307 5329 466 5384 orbis
495 5331 777 5402 regiones,
802 5349 907 5389 nec
934 5351 1047 5389 non
1065 5335 1153 5389 vir
1179 5337 1498 5408 spectabilis
1523 5339 1823 5409 praefectus

151 5421 431 5493 IEgypti,
462 5428 518 5478 et
545 5423 756 5494 vicarii,
811 5431 868 5481 et
913 5430 1295 5499 proconsules,
1348 5435 1404 5485 et
1451 5431 1821 5488 nihilominus

146 5516 276 5571 viri
304 5516 637 5584 spectabiles
666 5517 857 5587 duces,
879 5527 934 5575 et
959 5520 1063 5573 viri
1089 5521 1383 5576 clarissimi
1408 5527 1656 5581 rectores
1686 5543 1820 5599 pro-

145 5607 516 5678 vinciarum,
554 5626 657 5665 nec
700 5628 817 5665 non
854 5613 953 5666 alii
1000 5613 1302 5683 cujuslibet
1327 5615 1540 5671 ordinis
1571 5619 1816 5691 judices,

143 5700 272 5774 qui
299 5700 367 5754 in
386 5700 520 5755 locis
547 5701 657 5757 illis
680 5703 900 5759 inventi
921 5703 1151 5773 fuerint,
1180 5705 1365 5761 simile
1398 5709 1654 5765 studium
1686 5729 1818 5768 cum

141 5809 386 5866 magna
419 5794 793 5853 sollicitudine
823 5797 1150 5868 adhibeant,
1180 5803 1247 5853 ut
1276 5815 1374 5855 eos
1400 5801 1614 5872 possint
1665 5820 1815 5862 coma

144 5885 533 5960 prehendere
559 5906 579 5962 ε
609 5894 668 5947 et
693 5893 1132 5962 comprehensos
1154 5891 1216 5948 in
1250 5891 1351 5948 tali
1395 5893 1655 5966 crimine,
1692 5903 1820 5969 post

1845 3240 1900 3314 C

1927 1990 2339 2061 possessionem
2364 1990 2694 2044 earumdem
2737 2004 2931 2043 rerum
2972 1993 3163 2042 nostro
3209 1987 3414 2041 habeat
3453 1986 3552 2041 be-

1926 2082 2151 2150 neficio,
2183 2083 2411 2137 nemine
2439 2081 2530 2136 vel
2549 2082 2760 2151 judice,
2792 2081 2879 2136 vel
2908 2096 3242 2151 quacunque
3270 2079 3382 2134 alia
3422 2096 3556 2150 per-

1928 2193 2063 2230 sona
2089 2177 2209 2230 haec
2229 2177 2471 2230 audente
2513 2178 2898 2228 contemnere.
2944 2175 3136 2227 Poenas
3178 2177 3389 2241 autem,
3419 2187 3559 2243 quas

1927 2267 2299 2339 praediximus
2331 2269 2405 2337 (id
2444 2274 2547 2337 est,
2576 2267 2777 2322 mortis
2821 2272 2876 2321 et
2909 2267 3188 2320 bonorum
3222 2265 3556 2334 amissionis)

1927 2361 2321 2416 constituimus
2360 2378 2475 2414 non
2527 2363 2752 2414 tantum
2799 2359 3069 2412 adversus
3125 2361 3405 2428 raptores,
3458 2358 3557 2412 sed

1927 2453 2098 2509 etiam
2123 2458 2316 2508 contra
2344 2469 2436 2507 eos
2462 2452 2560 2524 qui
2596 2453 2700 2506 hos
2744 2451 2996 2506 comitati
3025 2450 3082 2503 in
3122 2450 3244 2520 ipsa
3269 2449 3556 2504 invasione

1926 2551 1982 2602 et
2007 2546 2206 2616 rapina
2231 2545 2462 2600 fuerint.
2489 2546 2731 2600 Caeteros
2765 2550 2956 2598 autem
2981 2559 3178 2596 omnes
3218 2542 3318 2613 qui
3346 2541 3556 2597 conscii

1927 2641 1984 2693 et
2030 2638 2272 2692 ministri
2309 2638 2633 2709 hujusmodi
2669 2636 2921 2690 criminis
2962 2635 3172 2706 reperti
3218 2640 3275 2689 et
3316 2634 3555 2689 convicti

1924 2731 2154 2800 fuerint,
2182 2731 2268 2785 vel
2298 2747 2393 2785 eos
2417 2730 2787 2800 susceperint,
2818 2729 2905 2783 vel
2941 2744 3339 2800 quamcunque
3383 2743 3554 2798 opem

1925 2824 2006 2878 eis
2025 2824 2278 2891 tulerint,
2308 2825 2422 2877 sive
2463 2822 2718 2890 masculi,
2758 2822 2873 2876 sive
2909 2821 3139 2876 femina:
3179 2821 3310 2889 sint,
3357 2821 3548 2890 cujus-

1925 2933 2150 2987 cunque
2177 2916 2533 2984 conditionis,
2555 2915 2643 2970 vel
2666 2915 2892 2985 gradus,
2921 2915 3007 2968 vel
3035 2913 3345 2984 dignitatis,
3373 2929 3555 2984 paenae

1924 3009 2147 3080 capitali
2159 3009 2551 3064 tantummodo
2568 2991 2996 3078 subjicimus.Ut
3006 3004 3140 3060 huic
3159 3022 3339 3076 poena:
3351 3022 3551 3060 omnes

1923 3101 2269 3172 subjaceant,
2303 3101 2418 3155 sive
2441 3100 2783 3167 volentibus,
2824 3100 2938 3154 sive
2980 3099 3302 3154 nolentibus
3344 3098 3548 3152 sancti—

1924 3193 2264 3248 monialibus
2289 3193 2620 3264 virginibus,
2649 3193 2765 3246 sive
2795 3192 2922 3246 aliis
2947 3191 3280 3262 supradictis
3298 3191 3552 3246 mulieri-

1926 3286 2052 3356 bus,
2078 3287 2188 3340 tale
2213 3286 2427 3340 facinus
2451 3286 2626 3340 fuerit
2647 3289 3054 3356 perpetratum.
3097 3286 3198 3338 Dat
3223 3300 3294 3338 xv
3321 3284 3552 3340 Kalend.

1927 3379 2148 3434 Decem.
2181 3379 2308 3448 CP.,
2341 3363 2438 3434 dn.
2462 3377 2778 3433 Iustiniano
2799 3379 2860 3433 P.
2891 3379 2953 3432 P.
2979 3379 3046 3432 A.
3075 3392 3136 3431 In
3163 3392 3276 3431 cos.
3321 3379 3445 3433 533.

2601 3523 2726 3578 LEX
2772 3523 2878 3579 LV.

2000 3605 2154 3660 Idem
2177 3607 2484 3676 Augustus.

2000 3699 2067 3752 Ut
2105 3713 2219 3751 non
2247 3697 2409 3751 liceat
2443 3695 2776 3767 parentibus
2821 3693 3097 3766 impedire
3126 3695 3433 3766 quominus
3480 3697 3550 3752 li.

1924 3790 2048 3845 beri
2078 3806 2281 3845 eorum
2309 3789 2559 3844 volentes
2583 3788 2845 3843 monachi
2885 3790 2986 3842 aut
3026 3788 3211 3843 clerici
3253 3789 3414 3858 fiant,
3456 3797 3555 3847 aut

1927 3900 2052 3939 eam
2078 3884 2150 3938 ob
2176 3884 2350 3937 solam
2393 3898 2624 3937 causam
2666 3882 3027 3937 exhteredare
3070 3898 3082 3935 :
3125 3883 3222 3938 sed
3255 3883 3301 3937 si
3330 3883 3440 3954 ipsi
3463 3887 3548 3940 te-

1927 3981 2270 4031 stamentum
2314 3976 2577 4045 condant,
2616 3992 2844 4031 necesse
2887 3975 3134 4030 habento
3178 3977 3554 4047 quadrantem

1924 4070 2034 4125 illis
2059 4070 2408 4142 relinquere;
2436 4069 2523 4124 sin
2567 4075 2760 4124 autem
2801 4070 2908 4125 hoc
2949 4085 3065 4124 non
3098 4069 3354 4140 fecerint,
3400 4071 3555 4127 locus

1924 4163 1997 4218 sit
2014 4163 2085 4218 ab
2114 4163 2397 4218 intestato.

1995 4257 2029 4328 §
2061 4261 2110 4312 l.
2153 4256 2315 4321 Quod
2349 4257 2395 4311 si
2430 4257 2514 4311 illi
2559 4257 2903 4313 monasteria
2943 4261 3042 4313 aut
3087 4259 3346 4314 ecclesias
3377 4258 3552 4314 relin-

1924 4355 2106 4422 quant
2122 4369 2140 4421 ;
2172 4355 2340 4422 atque
2377 4351 2652 4406 mundani
2694 4350 2854 4421 ﬁant,
2885 4369 3052 4408 omne
3081 4353 3336 4424 ipsorum
3352 4353 3450 4422 jus
3481 4353 3553 4406 ad

1924 4445 2336 4500 monasterium
2361 4449 2460 4499 aut
2488 4444 2776 4500 ecclesiam
2802 4445 3067 4516 pertinet.

2583 4578 2707 4632 LEX
2760 4579 2890 4634 LVI.

1995 4685 2150 4740 Idem
2169 4685 2457 4755 Augustus
2474 4682 2674 4737 Joanni
2696 4684 2800 4739 PP.

1994 4779 2107 4832 Deo
2132 4775 2296 4830 nobis
2313 4774 2592 4830 auxilium
2616 4776 2925 4849 praebente,
2948 4781 3138 4838 omnia
3163 4801 3293 4857 quae
3318 4803 3422 4858 pro
3447 4787 3545 4846 hou

1921 4887 2060 4926 nore
2085 4872 2289 4924 sancte
2311 4869 2570 4924 Ecclesiae
2581 4860 2882 4926 catholicas
2901 4874 2971 4928 ad
3007 4876 3104 4931 Dei
3132 4879 3404 4948 placitum
3422 4882 3548 4940 ﬁeri

1921 4979 2316 5036 properamus,
2344 4963 2567 5034 legibus
2604 4965 2944 5022 constituere
2989 4973 3048 5024 et
3076 4973 3343 5041 operibus
3371 4977 3552 5032 adim-

1921 5057 2078 5129 plere
2101 5057 2506 5111 desideramus.
2536 5058 2603 5111 Et
2634 5057 2757 5127 jam
2785 5059 3016 5130 quidem
3043 5065 3222 5119 multa
3252 5083 3384 5123 cum
3427 5070 3548 5141 ejus

1920 5150 2128 5205 auxilio
2157 5149 2457 5204 statuimus
2479 5165 2609 5220 quae
2647 5151 3029 5208 ecclesiasticae
3070 5157 3339 5214 doctrinae
3380 5167 3552 5234 atque

1921 5243 2089 5298 statui
2114 5242 2457 5297 conveniunt
2484 5259 2498 5296 :
2526 5243 2586 5297 in
2612 5246 2878 5313 praesenti
2904 5263 3038 5303 vero
3078 5250 3186 5306 hoc
3209 5253 3307 5324 pia
3333 5254 3551 5313 delibe‘

1920 5336 2137 5390 ratione
2164 5335 2429 5390 duximus
2450 5336 2871 5408 corrigendum,
2888 5341 3041 5412 quod
3067 5342 3343 5403 hactenus
3359 5355 3555 5407 contra

1921 5430 2023 5485 Dei
2047 5428 2310 5485 timorem
2321 5428 2511 5486 ﬁebat.
2539 5431 2842 5502 Cognitum
2858 5434 3072 5492 etenim
3089 5439 3251 5495 nobis
3273 5445 3380 5512 est,
3402 5447 3554 5516 quod

1919 5524 1967 5581 si
1995 5523 2123 5597 quis
2148 5538 2409 5596 sponsus,
2435 5523 2523 5579 vel
2563 5541 2788 5596 sponsa,
2824 5533 2956 5600 post
2992 5530 3150 5588 datas
3190 5539 3250 5590 et
3297 5542 3552 5610 acceptas

1919 5619 2133 5688 arrhas,
2172 5618 2441 5673 voluisset
2478 5634 2536 5674 se
2581 5619 2769 5674 divino
2818 5622 3096 5694 deputare
3146 5628 3394 5697 servitio,
3423 5637 3480 5686 et
3521 5649 3556 5685 a

1918 5713 2172 5768 saeculari
2192 5712 2613 5768 conversatione
2645 5715 2930 5786 recedere,
2976 5736 3040 5774 ac
3066 5723 3553 5778 sanctimonialem

1917 5808 2089 5862 vitam
2117 5807 2322 5877 vivere,
2352 5810 2525 5878 atque
2550 5807 2611 5860 in
2640 5808 2740 5862 Dei
2764 5810 2966 5868 timore
3000 5831 3354 5885 permanere,
3383 5832 3545 5872 com-

1918 5897 2237 5972 pellebatur
2262 5901 2314 5957 vi
2340 5899 2581 5971 quidem
2609 5917 2672 5956 ea
2699 5919 2828 5973 quae
2854 5906 3152 5962 arrharum
3182 5907 3415 5964 nomine
3456 5911 3558 5967 de-
