4088 6506
577 422 700 471 1071

1697 411 1948 468 ΞᾹΞΟΗΙᾸ
1987 410 2178 465 SEXTI
2224 403 2771 464 SUPPLEMENTUM.

3843 398 3980 451 {072

571 526 732 593 perat
753 520 1028 587 amittere,
1049 533 1254 590 sponsa
1279 534 1410 574 vero
1435 518 1494 572 in
1520 519 1756 589 duplum
1783 519 1840 572 id
1859 517 2008 589 quod
2031 533 2179 571 acce-
2201 535 2260 608 Α
2278 515 2423 569 senti
2448 515 2572 585 lege
2602 514 2948 584 eripiantur;
2979 515 3036 566 et
3063 527 3161 566 eos
3189 513 3312 564 tam
3347 505 3598 578 judices
3645 503 3982 575 provincia-

570 618 727 684 peret
753 612 1001 666 reddere.
1025 613 1184 674 Quod
1219 615 1424 665 nostrae
1449 610 1888 674 mansuetudini,
1921 609 2180 679 religioni

570 704 912 761 contrarium
951 720 1088 772 esse,
1128 704 1310 757 visum
1355 709 1454 757 est.
1507 703 1659 757 Unde
1697 719 1798 772 per
1847 705 2180 772 praesentem

568 798 752 868 legem
779 795 837 848 in
865 798 1208 866 perpetuum
1233 796 1534 849 valituram
1550 795 1816 865 jubemus
1845 811 1856 847 :
1887 799 1951 848 ut
1980 795 2024 846 si
2055 793 2179 864 quis

567 903 806 960 sponsus
819 888 907 941 vel
923 903 1142 958 sponsa,
1179 887 1592 958 [desideraverit
1617 887 1806 940 saeculi
1827 886 1983 939 istius
2011 885 2180 938 vitam

567 986 948 1046 contemnere,
977 980 1110 1034 etin
1131 979 1642 1034 sanctimonialium
1665 978 2084 1032 conversatione
2106 977 2182 1030 vi-

566 1071 714 1144 vere]
751 1089 986 1142 Sponsus
1014 1072 1242 1141 quidem
1268 1071 1454 1125 omnia
1482 1087 1608 1141 qua:
1637 1071 1932 1124 arrharum
1953 1069 2180 1123 nomine

565 1163 740 1219 futuri
769 1181 934 1217 causa
957 1163 1204 1234 conjugii
1231 1165 1383 1218 dedit
1409 1163 1528 1216 sine
1549 1163 1663 1216 ulla
1675 1161 2057 1216 deminutione
2088 1177 2178 1215 re-

568 1256 772 1328 cipiat;
803 1273 1004 1326 sponsa
1031 1260 1222 1310 autem
1259 1273 1372 1309 non
1419 1255 1655 1324 duplum
1685 1254 1841 1323 (sicut
1867 1253 2178 1322 hactenus),

569 1349 664 1404 sed
685 1349 790 1402 hoc
803 1348 1191 1403 tantummodo
1218 1365 1420 1418 sponso
1443 1347 1697 1401 restituat
1722 1347 1870 1416 quod
1887 1347 2183 1400 arrharum

567 1441 800 1495 nomine
830 1442 1138 1509 acceperat,
1168 1446 1223 1494 et
1251 1440 1392 1494 nihil
1416 1439 1655 1510 amplius
1679 1438 1910 1492 reddere
1940 1438 2184 1507 compel—

567 1531 734 1600 latur,
753 1531 859 1585 nisi
879 1532 1026 1602 quod
1054 1531 1287 1602 probata
1313 1531 1482 1586 fuerit
1507 1531 1802 1600 accepisse.
1835 1532 1972 1584 Nam
1998 1535 2053 1584 et
2071 1546 2186 1584 ma-

568 1624 692 1678 ritis
721 1626 778 1677 et
801 1623 1069 1676 uxoribus
1096 1623 1194 1693 qui
1221 1624 1424 1677 szeculo
1452 1623 1783 1677 renuntiant
1800 1623 1921 1692 jam
1947 1621 2185 1676 anterio-

567 1731 628 1770 re
657 1715 782 1785 lege
815 1732 847 1767 a
879 1714 1040 1768 nobis
1073 1715 1361 1785 provisum
1390 1719 1472 1769 est
1503 1731 1515 1768 :
1547 1719 1608 1768 ut
1630 1715 1753 1783 fsive
1781 1714 2036 1781 maritus,
2071 1714 2183 1768 sive

565 1823 709 1861 uxor
737 1806 1020 1878 religionis
1058 1821 1222 1860 causa
1246 1823 1279 1860 a
1304 1807 1565 1877 conjugio
1602 1805 1906 1875 recesserit,
1965 1811 2022 1859 et
2050 1805 2179 1859 soli-

567 1899 772 1952 tariam
800 1899 976 1952 vitam
1001 1899 1255 1968 elegerit,
1278 1897 1666 1969 unusquisque
1709 1915 1905 1952 eorum
1929 1913 2017 1951 res
2059 1915 2185 1952 suas
2203 1887 2260 1958 B

564 1991 816 2061 recipiat,
860 2007 998 2060 quas
1036 2007 1139 2061 pro
1178 1990 1306 2044 dote
1339 1991 1424 2044 vel
1466 1994 1593 2044 ante
1627 1990 1850 2060 nuptias
1890 1989 2186 2045 donatione

565 2083 920 2152 praestiterat,
953 2086 1009 2136 et
1032 2083 1137 2136 hoc
1158 2082 1545 2136 tantummodo
1571 2082 1713 2136 lucri
1737 2081 1966 2136 nomine
1987 2098 2183 2136 conse-

565 2179 770 2245 quatur
792 2175 860 2227 ab
894 2191 958 2228 eo
988 2174 1084 2244 qui
1112 2174 1413 2228 solitariam
1443 2175 1620 2227 vitam
1647 2174 1895 2244 elegerit,
1919 2174 2070 2244 quod
2096 2175 2188 2229 de-

564 2265 687 2320 buit
711 2265 960 2335 legitime
991 2265 1076 2319 vel
1105 2283 1174 2320 ex
1189 2272 1353 2336 pacto
1381 2283 1482 2336 per
1503 2283 1690 2319 casum
1713 2267 1912 2320 mortis
1939 2267 2182 2336 exigere.

637 2358 669 2428 §
703 2362 750 2411 l.
783 2359 894 2412 Hoc
915 2359 1087 2412 etiam
1116 2359 1406 2428 cognitum
1432 2359 1592 2411 nobis
1623 2359 1962 2412 correctione
1995 2363 2187 2412 nostra

566 2447 804 2520 dignum
828 2466 945 2503 esse
964 2451 1309 2519 judicamus,
1341 2455 1400 2504 ut
1420 2450 1465 2503 si
1489 2450 1612 2520 quis
1631 2451 1690 2502 in
1711 2457 2017 2520 parentum
2035 2456 2188 2520 pote-

564 2546 704 2595 state
735 2542 1071 2596 constitutus
1095 2543 1182 2596 vel
1204 2542 1524 2607 constituta,
1547 2543 1630 2594 vel
1651 2542 1837 2595 forsan
1857 2543 2187 2612 hujusmodi

557 2634 687 2703 jure
727 2635 1012 2688 absolutus
1039 2635 1126 2688 vel
1165 2634 1442 2700 absoluta,
1483 2634 1716 2700 elegerit
1747 2650 1803 2687 se
1844 2635 2184 2688 monasterio

563 2727 651 2780 vel
675 2727 824 2781 clero
857 2727 1086 2792 sociare,
1115 2731 1170 2780 et
1197 2726 1481 2796 reliquum
1507 2726 1632 2779 vitae
1661 2742 1776 2779 suae
1801 2731 2028 2796 tempus
2064 2743 2184 2780 san-

563 2818 961 2872 ctimonialiter
986 2819 1188 2888 degere
1213 2818 1472 2883 voluerit,
1503 2834 1616 2871 non
1659 2817 1820 2872 liceat
1862 2819 2185 2888 parentibus

565 2909 790 2964 eosdem
803 2909 886 2963 vel
905 2911 1128 2964 easdem
1144 2926 1500 2980 quocumque
1527 2910 1693 2963 modo
1719 2911 2058 2975 abstrahere,
2097 2911 2184 2963 vel

563 3006 794 3070 prepter
821 3001 965 3054 hanc
992 3001 1387 3054 tantummodo
1426 3017 1654 3054 causam
1699 3001 1858 3070 quasi
1897 3001 2184 3070 ingratum

565 3091 652 3145 vel
695 3091 980 3161 ingratam
1021 3109 1054 3143 a
1095 3107 1192 3144 sua
1233 3091 1556 3145 hereditate
1597 3093 1682 3146 vel
1723 3093 2064 3145 successione
2095 3108 2182 3147 re-

565 3181 793 3252 pellere,
820 3183 916 3236 sed
945 3199 1166 3237 necesse
1194 3183 1266 3236 sit
1295 3183 1373 3236 eis
1399 3183 1746 3250 omnimodo,
1773 3201 1900 3237 cum
1926 3185 2182 3238 ultimam

567 3274 914 3328 voluntatem
941 3291 1127 3342 suam,
1149 3275 1262 3327 sive
1303 3291 1405 3344 per
1430 3275 1790 3345 scripturam,
1823 3277 1933 3328 sive
1965 3277 2072 3329 alio
2101 3277 2182 3330 le-

569 3367 765 3438 gitimo
792 3366 958 3420 modo
988 3365 1307 3436 perﬁciunt,
1333 3372 1590 3436 quartam
1610 3368 1838 3438 quidem
1865 3369 2186 3438 portionem

565 3459 875 3512 secundum
900 3459 1052 3528 leges
1073 3465 1290 3512 nostras
1322 3459 1401 3512 eis
1427 3459 1745 3529 relinquere
1768 3477 1780 3512 :
1810 3459 1896 3513 sin
1922 3466 2110 3514 autem
2133 3465 2188 3514 et

566 3551 808 3620 amplius
851 3550 1129 3604 voluerint
1162 3550 1240 3603 eis
1282 3551 1497 3620 largiri,
1536 3551 1641 3603 hoc
1675 3567 1870 3605 eorum
1914 3552 2187 3606 voluntati

565 3641 942 3696 concedimus.
974 3641 1074 3695 Sin
1108 3657 1236 3694 vero
1261 3641 1525 3695 ultimam
1553 3643 1900 3695 voluntatem
1927 3648 2185 3712 parentes

567 3750 748 3804 neque
783 3736 1140 3799 testamento,
1175 3749 1359 3806 neque
1395 3733 1502 3786 alio
1543 3735 1742 3788 ultimo
1787 3735 1967 3805 elogio
2012 3737 2188 3789 decla-

565 3842 714 3881 rasse
745 3826 1044 3879 monstrati
1069 3825 1300 3891 fuerint,
1335 3841 1567 3879 omnem
1601 3832 1899 3896 parentum
1928 3827 2184 3882 substan-

562 3918 700 3972 tiam
725 3917 999 3986 haeredes,
1031 3917 1236 3988 quibus
1265 3918 1334 3970 ab
1363 3918 1627 3973 intestato
1653 3920 1939 3990 competit,
1985 3936 2184 3974 secun-

565 4011 704 4064 dum
729 4011 882 4080 leges
907 4014 1120 4063 nostras
1147 4008 1250 4061 sibi
1279 4009 1597 4078 defendant,
1629 4012 1784 4065 nullo
1827 4013 1906 4065 eis
1943 4011 2184 4083 impedi-

569 4105 761 4155 mento
817 4117 882 4155 ex
924 4100 1336 4156 sanctimoniali
1369 4104 1788 4157 conversatione
1844 4105 2184 4174 generando,

567 4193 682 4246 sive
702 4193 821 4259 soli,
855 4193 968 4246 sive
1014 4210 1144 4246 cum
1182 4193 1306 4246 aliis
1336 4193 1408 4247 ad
1445 4196 1854 4250 successionem
1895 4201 2182 4252 vocantur.

567 4285 752 4357 —§2.
783 4285 958 4355 Hujus
989 4289 1180 4340 autem
1207 4290 1497 4356 perpetuae
1517 4293 1724 4342 nostrae
1745 4287 1886 4359 legis
1915 4289 2188 4342 beneﬁcia

567 4394 660 4432 eos
685 4379 938 4431 volumus
965 4378 1238 4446 obtinere,
1268 4378 1364 4448 qui
1396 4379 1456 4432 in
1477 4381 1818 4434 monasterio
1847 4382 1933 4435 vel
1962 4382 2188 4436 clerica-

567 4473 629 4524 tu
649 4471 1142 4540 perseveraverint.
1171 4472 1314 4524 Nam
1344 4471 1388 4524 si
1409 4472 1506 4541 qui
1527 4488 1722 4526 eorum
1739 4473 1806 4528 de
1821 4473 2022 4543 quibus
2046 4491 2186 4543 prae-

2277 624 2408 662 rum
2436 623 2606 678 quam
2633 608 2998 660 sacrosanctae
3021 603 3275 658 ecclesize
3301 601 3693 664 defensores,
3719 613 3838 650 nec
3867 612 3976 648 non

2276 699 2584 754 beatissimi
2613 698 2879 768 episcopi,
2907 697 3234 760 defendant,
3259 694 3410 748 nihil
3433 708 3552 763 pro
3585 705 3816 745 eorum
3855 705 3982 759 pre-

2277 791 2369 845 tiis
2417 792 2642 861 penitus
2687 790 3091 860 accipientibus
3139 787 3424 842 dominis.
3491 783 3684 848 Quod
3735 781 3790 835 si
3837 781 3979 834 forte

2285 884 2520 952 posthac
2547 881 2718 936 etiam
2743 883 2852 953 ipsi
2878 881 3094 935 domini
3125 897 3331 934 eorum
3359 879 3438 932 ad
3461 875 3894 930 orthodoxam
3927 873 3980 924 ﬁ-

2281 975 2412 1028 dem
2455 976 2706 1028 convcrsi
2743 975 2975 1041 fuerint,
3021 989 3142 1026 non
3177 973 3350 1025 liceat
3390 969 3480 1024 eis
3513 968 3600 1021 ad
3629 967 3978 1021 servitutem

2281 1067 2549 1120 reducere
2571 1067 2691 1120 illos
2717 1066 2812 1136 qui
2836 1081 2928 1119 eos
2945 1065 3016 1119 ad
3039 1065 3216 1118 ﬁdem
3237 1062 3648 1117 orthodoxam
3667 1074 3980 1130 praecesse-

2279 1163 2432 1212 runt.
2465 1159 2572 1213 Sed
2593 1159 2638 1212 si
2672 1159 2795 1229 quis
2821 1159 2951 1212 talia
2969 1157 3354 1228 usurpaverit,
3379 1154 3591 1225 pcnnis
3617 1151 3980 1223 gravissimis

2281 1250 2607 1320 subjacebit.
2649 1253 2778 1305 Haec
2817 1251 2994 1320 igitur
3033 1249 3230 1303 omnia
3265 1263 3404 1318 quae
3459 1245 3718 1316 pietatis
3765 1243 3982 1297 intuitu

2279 1347 2470 1396 nostra
2493 1343 2678 1397 sanxit
2703 1343 3002 1410 aeternitas,
3038 1357 3240 1396 omnes
3257 1339 3527 1409 judices,
3563 1341 3630 1392 et
3659 1336 3979 1408 religiosis—

2282 1437 2410 1489 simi
2440 1436 2734 1502 antistites,
2764 1436 2878 1488 sive
2923 1435 3200 1488 Africana:
3239 1433 3576 1486 dioeceseos
3605 1430 3692 1489 (in
3721 1446 3845 1501 qua
3869 1445 3981 1481 ma-

2281 1530 2432 1583 xime
2460 1528 2788 1597 hujusmodi
2812 1526 2948 1580 vitia
2971 1525 3334 1596 frequentari
3375 1523 3840 1594 cognovimus),
3871 1522 3982 1574 sive

2281 1623 2518 1675 aliarum
2543 1619 2986 1691 provinciarum,
3021 1618 3276 1689 graviter
3304 1619 3366 1671 et
3413 1615 3866 1670 studiosissime
3895 1613 3986 1666 oh-

2283 1714 2491 1768 servari
2517 1715 2838 1782 procurent.
2855 1713 2994 1764 Nam
3020 1715 3460 1779 contemptores
3485 1725 3620 1762 non
3649 1708 3856 1762 solum
3881 1721 3978 1776 pe-

2283 1805 2534 1860 cuniaria
2558 1805 2756 1874 multa,
2785 1804 2882 1858 sed
2912 1804 3084 1857 etiam
3114 1803 3319 1873 capitis
3336 1801 3654 1873 supplicio
3675 1801 3980 1855 ferientur.

2931 1901 3058 1954 LEX
3097 1900 3256 1953 LVII.

2353 1992 2506 2046 ldem
2532 1991 2817 2060 Augustus
2841 1988 3046 2042 Joanni
3073 1989 3132 2040 P.
3167 1988 3229 2040 P.

2351 2087 2598 2137 Praisens
2617 2083 2708 2136 lex
2737 2082 2798 2135 in
2827 2079 3058 2134 alterius
3087 2078 3233 2149 legis
3267 2077 3522 2148 scriptae
3551 2093 3589 2130 a
3607 2076 3790 2131 nobis
3815 2075 3985 2130 refer-

2284 2179 2379 2230 tnr
2403 2175 2769 2242 mentionem,
2799 2189 2971 2244 quam
3015 2170 3410 2242 proculdubio
3441 2175 3506 2224 et
3535 2171 3754 2224 denuo
3779 2167 3982 2222 conﬁr-

2285 2285 2442 2322 mare
2467 2283 2598 2321 cum
2628 2267 2872 2337 quadam
2899 2264 3140 2318 meliore
3177 2263 3540 2334 putavimus
3577 2267 3860 2332 oportere
3885 2261 3980 2313 ad-

2277 2360 2541 2430 jectione,
2571 2359 2848 2428 majorem
2871 2373 3100 2426 pcenam
3138 2359 3346 2409 contra
3375 2355 3828 2424 delinquentes
3853 2369 3982 2423 pro-

2284 2452 2552 2518 ferendo;
2582 2467 2696 2503 non
2722 2450 2855 2520 quia
2879 2448 3211 2518 augmentis
3241 2447 3653 2500 delectemur
3683 2460 3984 2516 poenarum

2289 2544 2450 2612 (nihil
2480 2543 2632 2597 enim
2651 2542 2810 2596 nobis
2835 2547 2952 2596 tam
2985 2547 3216 2611 gratum
3247 2545 3340 2593 est
3365 2555 3568 2610 quam
3601 2539 3986 2604 humanitas],

2284 2637 2381 2689 sed
2407 2640 2468 2689 ut
2491 2638 2647 2688 metu
2676 2649 2858 2704 preme
2886 2649 2980 2686 eos
3009 2633 3112 2702 qui
3155 2632 3230 2686 ad
3262 2632 3668 2702 peccandum
3717 2631 3988 2702 proclives

2284 2731 2416 2780 sunt
2441 2727 2778 2796 apeccando
2802 2740 3120 2778 arceamus.
3169 2723 3406 2777 Scimus
3459 2723 3672 2793 igitur
3713 2739 3822 2777 nos
3863 2721 3990 2774 scri-

2283 2819 2456 2888 psisse
2482 2819 2670 2888 legem
2691 2818 2976 2872 dicentem
2997 2817 3222 2870 nullam
3253 2831 3382 2870 esse
3397 2816 3740 2870 licentiam
3765 2815 3992 2869 sanctis-

2285 2910 2556 2963 simarum
2586 2909 2944 2964 ecclesiaram
2969 2908 3307 2974 ceconomis,
3332 2912 3442 2962 aut
3475 2909 3868 2962 antistitibus
3895 2923 3988 2960 xe-

2283 3019 2518 3068 nonum,
2551 3007 2648 3055 aut
2675 3002 3152 3067 nosocomiorum,
3175 3005 3280 3053 aut
3297 3001 3740 3069 ptochiorum,
3767 3005 3869 3054 aut
3881 3015 3996 3053 mo—

2283 3095 2677 3161 nasteriorum,
2710 3094 2822 3146 sive
2851 3093 3126 3160 virorum,
3161 3092 3281 3145 sive
3319 3093 3701 3160 mulierum,
3733 3099 3840 3148 aut
3867 3093 3996 3145 alio-

2283 3203 2413 3240 rnm
2451 3185 2650 3239 talium
2681 3201 3006 3255 corporum,
3049 3200 3306 3254 quorum
3343 3185 3616 3254 praefata
3653 3187 3998 3240 constitutio

2286 3277 2565 3346 meminit,
2584 3293 2650 3331 ea
2670 3293 2796 3346 quae
2817 3277 2876 3330 in
2897 3281 3250 3347 perpetuum
3267 3276 3388 3329 illis
3419 3277 3646 3331 relicta
3671 3285 3844 3346 sunt,
3873 3293 3996 3348 quae

2285 3371 2510 3423 annalia
2535 3375 2734 3423 vocant
2757 3371 2935 3438 leges,
2970 3369 3292 3422 secundum
3322 3369 3588 3440 aliquod
3617 3375 3878 3441 pactum
3907 3373 4000 3423 aut

2283 3479 2420 3515 auro
2445 3462 2753 3516 distrahere
2784 3465 2960 3529 certo,
2985 3467 3085 3514 aut
3112 3461 3374 3514 alienare
3418 3462 3615 3516 aliter
3641 3480 3764 3534 per
3789 3479 3996 3535 quem-

2285 3570 2506 3625 cunque
2535 3554 2790 3619 modum,
2817 3555 2874 3607 et
2899 3553 3145 3624 posteris
3170 3553 3446 3607 adimere
3477 3554 3544 3607 id
3577 3557 3756 3626 quod
3785 3557 3868 3610 eis
3909 3556 4000 3609 ob-

2283 3646 2500 3700 veniret
2526 3647 2727 3701 exinde
2757 3646 3023 3700 solatium
3053 3651 3134 3700 :et
3159 3646 3604 3702 convenientes
3637 3649 3770 3720 legi
3800 3649 4000 3719 adjeci-

2285 3755 2412 3792 mus
2437 3739 2699 3807 rationes,
2733 3743 2796 3792 ut
2819 3737 2954 3808 quia
2979 3754 3097 3791 non
3113 3738 3374 3808 amplius
3399 3745 3680 3810 propter
3709 3743 3834 3796 tale
3845 3757 3996 3796 com-

2284 3837 2562 3898 mentum,
2594 3847 2698 3885 nec
2725 3831 3029 3901 appellatio
3056 3831 3300 3901 quidem
3335 3835 3542 3886 annui
3585 3841 3996 3900 conservetur,

2285 3925 2389 3978 nisi
2419 3940 2521 3996 per
2549 3924 2800 3993 singulos
2820 3940 3004 3977 annos
3025 3922 3330 3992 contingat
3349 3928 3681 3996 praestari,
3707 3929 3816 3983 sed
3829 3927 3998 3983 semel

2285 4021 2770 4087 repraesentatum,
2800 4019 3001 4086 postea
3025 4016 3282 4085 perfecte
3301 4023 3544 4086 pereat.
3579 4020 3758 4074 Hanc
3793 4022 4000 4075 iterum

2286 4125 2416 4164 cum
2441 4109 2628 4179 aliqua
2646 4107 2966 4177 adjectione
2995 4113 3346 4162 renovantes
3387 4109 3612 4181 legem
3649 4115 3950 4168 sancimus
3983 4128 3996 4164 :

2287 4203 2332 4256 si
2379 4201 2506 4272 quis
2545 4203 2642 4253 aut
2675 4201 3292 4254 reverendissimorum
3336 4217 3855 4270 osconomorum,
3909 4209 4000 4260 aut

2285 4294 2764 4360 xenodochorum,
2813 4295 2913 4346 aut
2951 4309 3438 4362 nosocomorum,
3491 4301 3614 4351 aut
3653 4301 4000 4370 ptochotm-

2284 4387 2550 4457 phorum,
2579 4389 2677 4438 aut
2723 4389 3291 4455 gerontocomorum,
3338 4393 3450 4442 aut
3499 4389 3998 4464 brephotropho-

2285 4495 2434 4546 rum,
2451 4483 2550 4531 aut
2563 4478 3190 4549 orphanotrophorum,
3209 4485 3314 4532 aut
3341 4481 3999 4550 archimandritarum,

567 4567 786 4616 sentem
827 4563 1012 4633 legem
1042 4563 1331 4633 posuimus
1373 4563 1856 4619 sanctimonialem
1883 4565 2052 4619 vitam
2083 4566 2188 4620 ele-
2207 4579 2264 4650 D
2286 4576 2382 4625 aut
2405 4571 2644 4624 aliarum
2663 4573 3063 4625 contentarum
3077 4571 3504 4641 priorenostra
3527 4576 3755 4632 divina
3795 4577 4000 4633 consti-

567 4655 772 4725 gerint,
803 4656 872 4708 ad
898 4656 1229 4710 sacularem
1270 4661 1459 4710 autem
1483 4657 1962 4711 conversationem
1991 4662 2186 4727 postea

565 4747 960 4816 remeaverint,
984 4747 1252 4816 jubemus
1273 4765 1465 4802 omnes
1486 4765 1684 4802 eorum
1707 4765 1793 4804 res
1815 4749 1882 4804 ad
1895 4751 2026 4819 jura
2046 4751 2093 4820 ej
2103 4769 2188 4805 us-

567 4839 696 4895 dem
725 4839 969 4894 ecclesia:
997 4839 1088 4894 vel
1119 4839 1444 4894 monasterii
1474 4857 1508 4894 a
1533 4857 1646 4912 quo
1673 4842 2003 4896 recesserint
2023 4843 2190 4913 perti-

566 4948 720 4986 nere.
743 4925 812 4974 ὶ-
837 4931 941 5002 §3.
971 4932 1062 4986 His
1087 4932 1168 4986 ita
1192 4932 1497 5002 dispositis,
1521 4933 1760 5003 repetita
1779 4934 1905 5004 lege
1921 4935 2186 5004 jubemus

567 5029 631 5078 ut
653 5024 840 5078 nullus
868 5023 1110 5092 Judmus,
1141 5024 1227 5078 vel
1253 5041 1523 5095 paganus,
1560 5025 1644 5078 vel
1671 5025 1970 5080 hmreticus
2000 5043 2188 5081 servos

566 5115 910 5171 Christianos
947 5115 1169 5170 habeat.
1195 5116 1354 5179 Quod
1380 5117 1425 5169 si
1444 5117 1656 5171 inventi
1683 5117 1742 5171 in
1769 5119 1864 5171 tali
1891 5123 2050 5172 reatu
2070 5120 2188 5172 fue-

568 5207 700 5273 rint,
729 5208 1010 5262 sancimus
1046 5224 1231 5262 servos
1269 5209 1531 5262 omnibus
1579 5210 1758 5264 modis
1795 5211 1998 5264 liberos
2042 5229 2184 5280 esse,

567 5300 878 5354 secundum
897 5300 1234 5355 anteriorem
1261 5307 1580 5356 nostrarum
1607 5303 1800 5372 legum
1827 5307 2100 5358 tenorem.
2123 5307 2184 5358 In

567 5391 830 5460 presenti
853 5397 1042 5446 autem
1059 5393 1163 5448 hoc
1177 5394 1419 5464 amplius
1439 5395 1812 5462 decernimus,
1829 5401 1894 5450 ut
1913 5397 1956 5449 si
1973 5397 2097 5467 quis
2119 5413 2186 5451 ex

567 5482 846 5552 praedictis
865 5483 1091 5554 Judmis,
1117 5487 1201 5540 vel
1225 5487 1479 5557 paganis,
1508 5493 1606 5542 aut
1621 5488 1899 5542 haereticis
1925 5489 2188 5544 habuerit

567 5591 752 5629 servos
792 5577 1046 5630 nondum
1075 5579 1360 5633 catholicae
1405 5579 1532 5634 ﬁdei
1584 5581 1944 5635 sanctissimis
1979 5587 2186 5652 myste-

569 5667 667 5721 riis
692 5667 960 5733 imbutos,
995 5673 1050 5720 et
1075 5669 1328 5737 praedicti
1359 5671 1502 5725 servi
1544 5673 1980 5728 desideraverint
1999 5675 2069 5728 ad
2095 5691 2186 5728 or-

567 5759 872 5814 thodoxam
897 5759 1070 5813 ﬁdem
1081 5761 1292 5830 venire,
1311 5766 1610 5833 postquam
1635 5765 1922 5819 catholicae
1941 5767 2188 5821 ecclesiae

569 5850 758 5905 sociati
785 5851 1016 5920 fuerint,
1050 5851 1109 5904 in
1129 5851 1444 5908 libertatem
1469 5857 1650 5910 modis
1676 5858 1934 5912 omnibus
1953 5875 2024 5914 ex
2047 5875 2190 5930 prm-

2285 4662 2504 4718 tutione
2533 4663 3002 4732 personarum,id
3017 4664 3178 4734 quod
3211 4663 3273 4717 in
3305 4673 3714 4737 perpetuum
3743 4673 3998 4727 relictum

2286 4759 2366 4810 est
2391 4755 2800 4814 venerabilibus
2829 4756 3095 4810 domibus
3149 4757 3372 4826 quibus
3425 4770 3754 4830 praesunt,
3801 4767 3918 4819 sive
3945 4764 3996 4816 in

2287 4865 2445 4915 auro,
2471 4849 2584 4905 sive
2599 4849 2658 4902 in
2675 4849 2799 4903 aliis
2815 4849 2984 4903 rebus
3003 4849 3322 4906 tentaverit
3349 4855 3819 4926 transmutare,
3837 4875 3909 4912 ne
3928 4857 3998 4909 vi-

2292 4943 2494 4998 deatur
2513 4959 2634 4996 esse
2661 4941 3140 5012 perpetuum,sed
3167 4945 3712 5005 transactionibus
3743 4957 3846 5006 aut
3871 4967 3996 5004 ven-

2286 5035 2610 5103 ditionibus,
2644 5040 2741 5089 aut
2767 5034 3113 5104 quibusdam
3143 5035 3275 5088 aliis
3313 5039 3918 5110 machinationibus,
3943 5047 4000 5096 ut

2286 5127 2438 5198 quod
2465 5131 2806 5198 perpetuum
2835 5143 3071 5180 manere
3094 5127 3355 5182 debebat
3376 5134 3802 5206 terminetur,
3833 5143 4004 5191 tenta-

2284 5219 2445 5286 verit,
2479 5223 2690 5290 praeter
2715 5219 2829 5272 vim
2857 5235 2889 5271 a
2919 5218 3086 5272 nobis
3111 5235 3310 5290 nuper
3337 5226 3664 5292 profectae.
3705 5231 3772 5284 in
3807 5229 4002 5299 hujus-

2284 5313 2438 5368 modi
2469 5312 2638 5366 rebus
2667 5311 2874 5366 divina:
2905 5311 3069 5381 legis,
3101 5313 3334 5366 nullam
3367 5315 3626 5376 habere
3657 5325 3790 5378 ullo
3837 5322 4004 5376 modo

2286 5400 2570 5456 licentiam
2595 5401 2702 5454 hoc
2739 5400 2926 5453 facere
2947 5417 2964 5466 ;
3011 5399 3112 5452 sed
3143 5405 3202 5454 et
3233 5401 3284 5454 si
3311 5401 3570 5474 fecerit,
3611 5411 3864 5467 irritum
3891 5425 4002 5462 esse

2286 5493 2438 5564 quod
2465 5493 2678 5547 factum
2713 5492 2926 5557 fuerit;
2967 5495 3026 5546 et
3067 5491 3382 5549 licentiam
3432 5515 3576 5556 esse
3629 5504 3690 5558 ei
3739 5505 3844 5576 qui
3890 5507 4002 5573 post

2285 5586 2472 5655 ipsum
2501 5584 2768 5639 eamdem
2799 5583 3068 5653 suscipiet
3097 5601 3328 5654 curam,
3363 5591 3466 5644 vel
3499 5596 3706 5650 etiam
3735 5613 3807 5652 eo
3841 5593 4006 5664 negti-

2291 5683 2456 5748 gente
2485 5678 2568 5747 (ut
2589 5677 2712 5731 ﬁeri
2739 5675 2942 5746 potest)
2964 5681 3206 5731 caeteros
3235 5679 3546 5755 deinceps
3579 5705 3802 5745 omnes
3829 5689 4008 5744 statim

2289 5782 2550 5820 revocare
2581 5765 2636 5819 id
2663 5765 2814 5836 quod
2841 5765 3018 5818 fuerit
3043 5765 3292 5836 factum,
3325 5775 3392 5824 et
3423 5773 3518 5828 ita
3547 5777 3874 5834 inﬁrmum
3911 5778 3998 5830 de.

2289 5857 2695 5927 clarare,atque
2709 5853 2755 5908 si
2771 5853 2842 5910 ab
2853 5853 3019 5908 initio
3031 5870 3154 5910 non
3171 5863 3696 5938 processisset,ut
3703 5873 3766 5925 et
3783 5870 3998 5924 fructus
