4088 6426
224 348 367 401 1073

950 341 1320 396 JUSTINIANI
1358 340 1566 395 LEGES
1602 340 1936 395 SELECT/E.
1978 339 2105 393 LIB.
2147 341 2187 404 I,
2229 341 2353 394 ΤΙΤ.
2395 342 2480 408 IV,
2524 343 2653 397 LEX
2693 345 2872 398 XXIV.

3460 352 3592 405 l07i

214 451 405 506 medii
431 450 722 521 temporis,
755 452 813 504 et
852 464 1071 519 usuras,
1103 450 1162 504 et
1198 464 1426 503 omnem
1456 448 1755 502 utilitatem
1787 449 1856 503 ad
1878 446 2124 530 AQuod
2150 446 2197 501 si
2221 463 2338 502 non
2372 448 2445 501 sit
2476 449 2617 502 alius
2650 449 3077 507 administrator
3099 453 3296 523 civilis,
3326 456 3411 510 vel
3438 457 3588 512 mili-

216 544 393 616 pium
447 542 732 615 pertinere
798 542 1122 597 omnimodo
1162 542 1376 608 locum,
1422 540 1685 596 omnibus
1730 559 1858 613 qua:

216 638 418 692 medio
443 642 702 707 tempore
727 638 997 690 attentata
1022 640 1153 689 sunt
1173 634 1613 706 quiescentibus.
1636 635 1860 690 Homini

216 730 442 786 etenim
471 729 674 801 cuique
702 745 899 783 cursus
917 744 1062 783 unus
1078 730 1163 781 est
1186 727 1315 782 vitae
1345 727 1416 782 ab
1444 727 1642 799 Opiﬁce
1671 728 1855 797 datus,

216 824 393 894 cujus
440 823 569 877 ﬁnis
614 827 698 877 est
735 821 965 876 omnino
1004 838 1157 876 mors
1202 838 1216 875 :
1259 820 1677 875 venerabilibus
1728 837 1858 875 vero

216 917 514 985 domibus,
568 920 626 970 et
676 932 873 970 earum
930 914 1183 980 coetibus,
1244 914 1629 969 indesinenter
1677 932 1712 969 a
1746 916 1857 970 Deo

215 1010 538 1075 custoditis,
574 1026 690 1063 non
723 1014 806 1063 est
838 1024 1024 1079 neque
1064 1008 1375 1062 secundum
1407 1024 1606 1063 earum
1635 1025 1856 1079 posses-

214 1104 413 1159 siones
436 1103 701 1157 inducere
731 1102 977 1173 aliquam
1005 1107 1215 1156 metam
1249 1118 1262 1156 :
1298 1101 1395 1157 sed
1421 1118 1715 1173 quousque
1756 1102 1859 1156 uti-

216 1215 341 1271 que
362 1196 780 1270 permanserint
800 1196 1143 1250 venerabiles
1168 1196 1365 1249 domus
1388 1180 1642 1265 (manent
1665 1200 1858 1250 autem

216 1293 285 1347 in
314 1296 678 1364 perpetuum,
706 1294 762 1344 et
791 1307 968 1361 usque
992 1289 1061 1343 ad
1094 1288 1260 1359 hujus
1280 1288 1470 1342 saeculi
1490 1304 1854 1343 consumma-

211 1386 461 1453 tionem,
494 1401 789 1457 quousque
828 1382 1276 1438 Christianorum
1317 1398 1528 1437 nomen
1561 1382 1713 1452 apud
1749 1382 1855 1436 ho-

216 1479 412 1534 mines
441 1478 546 1533 erit
575 1483 631 1533 et
658 1478 911 1544 coletur),
938 1492 1168 1547 aequum
1195 1475 1391 1530 itidem
1419 1478 1503 1530 est
1530 1491 1779 1543 manere,
1802 1478 1858 1529 et

215 1572 285 1626 in
327 1574 670 1644 perpetuum
705 1570 929 1625 relictas
967 1569 1319 1639 erogationes
1365 1574 1463 1623 aut
1501 1568 1713 1623 reditus
1743 1568 1853 1623 im-

216 1666 495 1720 mortales
521 1680 749 1735 semper
772 1664 879 1734 piis
906 1662 1218 1717 actionibus
1239 1678 1534 1732 nunquam
1559 1661 1857 1717 cessaturis

215 1759 552 1814 servituros.
594 1760 735 1813 Eum
779 1757 956 1827 igitur
992 1755 1090 1827 qui
1127 1756 1238 1811 tale
1274 1755 1410 1826 quid
1445 1754 1766 1827 deliquerit,
1800 1760 1858 1811 et

216 1852 534 1907 transferre
564 1866 688 1906 rem
718 1866 855 1904 auro
884 1854 1133 1920 accepto,
1172 1853 1271 1904 aut
1295 1865 1398 1920 per
1425 1848 1595 1903 aliam
1620 1849 1856 1903 occasio-

213 1962 363 2000 nem
388 1943 836 2015 praesumpserit,
862 1943 1137 1997 damnum
1157 1942 1390 2014 quidem
1410 1943 1635 1997 nullum
1666 1943 1857 1998 induci

219 2038 563 2108 (secundum
604 2054 668 2091 ea
709 2053 838 2109 qua:
874 2036 1144 2107 praedicta
1187 2037 1333 2105 sunt)
1365 2035 1453 2090 his
1484 2038 1680 2090 contra
1718 2053 1859 2107 quas

216 2132 360 2187 talia
386 2133 785 2202 perpetrarunt
803 2130 1082 2195 domibus,
1111 2128 1210 2183 sed
1237 2128 1363 2183 illas
1387 2128 1619 2199 quidem
1639 2129 1855 2198 domos,

220 2229 285 2280 et
301 2241 527 2291 aurum,
543 2229 599 2279 et
610 2222 970 2292 remlucrari,
988 2238 1160 2293 quam
1181 2224 1551 2291 acceperunt;
1580 2223 1856 2278 etnihilo-

214 2318 419 2373 minus
442 2318 703 2372 relictum
739 2316 966 2387 exigere
1007 2315 1218 2386 absque
1257 2315 1369 2369 ulla
1394 2331 1731 2387 quacunque
1767 2316 1855 2371 di-

213 2411 568 2477 minutione,
597 2415 717 2463 tam
742 2409 810 2462 ab
837 2408 959 2478 ipso
987 2408 1083 2478 qui
1110 2408 1217 2462 hoc
1256 2408 1390 2477 egit,
1424 2424 1599 2478 quam
1628 2408 1698 2462 ab
1736 2408 1859 2479 ejus

213 2504 546 2560 haeredibus
582 2507 639 2557 et
674 2501 1112 2569 successoribus,
1164 2505 1220 2555 et
1256 2501 1407 2554 illius
1446 2517 1535 2555 res
1605 2505 1661 2555 et
1706 2502 1859 2557 bona

214 2597 472 2667 obligari
510 2595 619 2667 ipsi
647 2595 744 2665 qui
771 2611 902 2649 cum
930 2610 996 2647 eo
1018 2593 1326 2661 contraxit;
1358 2598 1414 2648 et
1439 2610 1504 2647 ea
1532 2593 1649 2664 ipse
1681 2594 1859 2649 vindi-

212 2696 332 2755 cet,
368 2692 483 2743 tam
508 2693 702 2742 contra
744 2688 897 2741 illius
925 2702 1225 2757 personam
1264 2702 1438 2756 quam
1467 2686 1618 2741 bona
1660 2687 1854 2757 ipsius,

210 2799 408 2854 usque
446 2781 517 2835 ad
555 2782 789 2851 plenam
830 2785 887 2834 et
928 2784 1343 2850 competentem
1368 2779 1475 2850 ipsi
1510 2780 1854 2836 indemnita-

210 2883 365 2941 tem,
387 2892 459 2929 ne
490 2874 700 2929 scilicet
737 2878 937 2928 contra
978 2872 1364 2927 venerabilem
1392 2873 1647 2941 domum,
1682 2890 1856 2945 quam

212 2971 424 3024 contra
444 2968 527 3022 fas
549 2965 851 3033 fraudavit,
872 2965 1041 3019 ullam
1063 2969 1250 3035 speret
1269 2965 1530 3019 datorum
1557 2982 1852 3037 recupera-

209 3061 458 3127 tionem,
488 3065 587 3115 aut
617 3059 757 3129 ejus,
791 3058 943 3129 quod
966 3058 1179 3113 factum
1212 3062 1313 3125 est,
1346 3044 1851 3114 instaurationem:

211 3154 377 3225 quod
421 3156 615 3208 autem
668 3152 738 3206 ad
783 3152 973 3246 ipsum
1026 3167 1274 3246 quocum
1314 3152 1608 3246 contraxit,
1634 3152 1851 3223 attinet,
1877 3171 1932 3246 Ο

211 3262 458 3302 omnem
484 3245 694 3300 habeat
729 3261 763 3298 a
803 3244 1025 3314 legibus
1062 3244 1350 3297 licentiam
1389 3244 1615 3315 regredi
1664 3251 1859 3300 contra

207 3341 436 3411 ipsum,
464 3343 521 3392 et
562 3337 821 3392 haeredes
852 3337 993 3407 ejus,
1024 3341 1080 3391 et
1115 3353 1205 3390 res
1234 3337 1376 3407 ejus,
1403 3342 1460 3391 et
1490 3337 1639 3407 quod
1665 3338 1859 3393 datum

210 3437 327 3498 est,
361 3431 406 3485 si
431 3430 630 3502 possit,
668 3430 929 3500 exigere;
959 3432 1042 3497 ut,
1072 3429 1118 3482 si
1147 3429 1333 3484 minus
1362 3429 1433 3483 ob
1477 3430 1579 3484 Dei
1615 3436 1854 3498 metum,

208 3529 384 3581 metu
402 3524 600 3578 saltem
627 3522 871 3593 propriae
898 3522 1150 3593 ipsorum
1167 3522 1512 3591 substantiae,
1541 3527 1597 3577 et
1625 3539 1859 3578 suorum

209 3618 525 3674 haeredum
559 3615 834 3670 tardiores
863 3614 1003 3670 ﬁant
1054 3615 1123 3669 ad
1163 3615 1485 3685 hujusmodi
1525 3616 1855 3688 pactiones;

208 3726 366 3781 quas
391 3709 449 3763 in
476 3710 727 3763 confesso
750 3711 833 3762 est
860 3724 953 3761 eos
980 3707 1189 3761 nullius
1214 3707 1353 3761 boni
1367 3724 1535 3761 causa
1551 3709 1855 3779 celebrare,

209 3803 323 3857 sed
354 3802 441 3856 vel
466 3802 720 3873 pecuniis
741 3806 1056 3872 corruptos,
1092 3800 1179 3855 vel
1206 3799 1595 3855 affectionibus
1622 3802 1855 3873 quibus-

208 3897 359 3952 dam
388 3897 698 3965 superatos.
723 3895 858 3958 Quae
890 3893 1083 3948 omnia
1108 3909 1210 3963 per
1235 3893 1380 3947 hanc
1399 3893 1651 3948 divinam
1672 3895 1858 3965 legem

205 3987 589 4061 prohibentes
625 3992 681 4040 et
708 3987 889 4057 ipsam
920 3986 1091 4040 sacris
1122 3986 1328 4039 nostris
1371 3985 1600 4041 inscribi
1637 3986 1859 4058 legibus

207 4080 529 4144 sancimus,
558 4085 614 4134 et
629 4078 917 4134 offerimus
944 4079 1049 4149 ipsi
1072 4080 1149 4132 Do
1162 4078 1317 4133 mino
1339 4079 1727 4134 universorum
1744 4081 1856 4135 Deo

208 4179 277 4230 et
306 4172 582 4228 Salvatori
609 4177 802 4227 nostro
831 4173 961 4226 .lesu
988 4171 1225 4238 Christo,
1253 4172 1557 4242 pulchrum
1573 4173 1857 4243 quoddam

209 4272 280 4323 et
306 4266 646 4320 conveniens
688 4265 793 4337 ipsi
837 4264 1170 4319 sacriﬁcium
1197 4268 1255 4319 et
1282 4265 1465 4335 ipsam
1493 4265 1856 4321 adducentes.

208 4361 431 4417 Datum
461 4357 608 4429 prid.
643 4358 725 4414 Id.
758 4357 1069 4429 Septemb.,
1091 4358 1219 4425 CP.,
1242 4357 1339 4412 dn.
1360 4357 1655 4413 Justinian.
1687 4360 1748 4414 P.
1774 4360 1855 4427 P.,

209 4457 287 4510 A.
325 4468 402 4520 iv,
436 4455 494 4506 et
519 4451 758 4507 Paulino
784 4468 837 4506 v.
866 4467 914 4506 c.
944 4467 1108 4517 coss.,
1139 4451 1261 4506 534.

744 4657 892 4721 LIB.
935 4658 981 4733 Ι,
1028 4657 1178 4721 ΤΙΤ.
1227 4658 1327 4722 IV.

205 4768 295 4821 De
315 4761 610 4830 episcopali
634 4761 915 4815 audientia
935 4724 986 4815 et
1010 4762 1237 4815 diversis
1264 4762 1658 4830 capitulisque
1679 4760 1755 4814 ad
1763 4761 1861 4830 jus

319 4847 613 4902 curamque
638 4837 690 4887 et
712 4834 1067 4887 reverentiam
1086 4834 1361 4902 pertinent
1381 4833 1762 4902 pontiﬁcalem.

892 5000 1017 5055 LEX
1062 5001 1189 5055 XXI.

292 5095 620 5164 Imperator
642 5094 993 5148 Justinianus
1029 5096 1311 5164 Augustus
1349 5095 1587 5150 Mennte.
1628 5096 1687 5149 P.
1728 5095 1788 5149 P.

294 5186 353 5243 Si
390 5203 643 5258 praasens
682 5187 915 5258 quidem
951 5187 1022 5241 sit
1061 5188 1160 5258 qui
1198 5188 1503 5259 pecuniam
1532 5204 1861 5243 numerasse

205 5281 313 5339 vel
340 5279 476 5334 alias
507 5297 597 5334 res
625 5279 847 5335 dedisse
874 5280 1113 5352 scriptus
1136 5284 1239 5349 est,
1262 5281 1516 5352 aliquam
1534 5298 1668 5336 vero
1687 5281 1865 5336 admi-

207 5372 625 5433 nistrationem
654 5373 713 5427 in
742 5374 1047 5444 provinciis
1074 5379 1257 5444 gerat,
1293 5378 1355 5430 ut
1381 5374 1609 5430 difficile
1637 5392 1755 5430 esse
1780 5374 1863 5430 vi-

210 5468 453 5534 deatur,
478 5466 981 5522 denuntiationem
1009 5468 1198 5522 eidem
1221 5485 1338 5523 non
1364 5472 1681 5524 numeratae
1701 5485 1865 5540 pecu-

210 5561 337 5618 niae
360 5559 611 5627 mittere,
634 5560 923 5615 licentiam
947 5560 1150 5615 damus
1172 5561 1223 5615 ei
1245 5562 1343 5632 qui
1363 5566 1679 5617 memorata
1701 5578 1863 5617 exce-

208 5654 427 5728 ptione
455 5652 534 5707 uti
564 5652 717 5719 velit,
744 5652 885 5707 alios
902 5651 1128 5722 judices
1145 5653 1323 5721 adire,
1347 5658 1404 5708 et
1424 5671 1525 5726 per
1550 5671 1643 5710 eos
1666 5655 1719 5709 ei
1742 5671 1864 5709 ma-

208 5747 494 5805 nifestare
510 5745 644 5816 quia
661 5745 1053 5817 exceptionem
1075 5746 1406 5817 hujusmodi
1422 5748 1636 5818 objicit,
1653 5748 1865 5803 factam

210 5859 254 5898 α
296 5856 355 5894 se
400 5854 574 5911 super
609 5855 726 5894 non
763 5842 1064 5894 numerata
1105 5838 1348 5913 pecunia
1385 5841 1680 5914 querelam
1724 5857 1864 5897 esse.

1957 538 2113 608 taris,
2143 540 2233 593 vel
2258 556 2363 611 per
2386 540 2633 612 aliquam
2657 560 2885 598 causam
2913 544 2965 598 ei
2990 544 3063 599 sit
3088 546 3335 615 difﬁcile,
3361 548 3457 619 qui
3476 565 3594 604 me-

1958 637 2246 687 moratam
2281 634 2571 704 querelam
2605 636 2867 711 opponit,‘
2894 652 3029 691 eum
3072 638 3249 706 adire,
3281 645 3338 694 et
3369 656 3432 695 ea
3463 658 3592 712 quas

1959 724 2109 779 dicta
2137 730 2268 779 sunt
2297 726 2482 781 facere
2509 744 2522 780 :
2546 726 2832 783 licentiam
2862 728 3063 783 damus
3090 730 3259 785 etiam
3280 749 3385 803 per
3405 734 3593 789 virum

1956 817 2489 873 reverendissimum
2508 819 2840 892 episcopum
2857 822 3122 877 eamdem
3140 841 3301 879 suam
3317 827 3594 897 exceptio-

1957 927 2094 965 nem
2134 911 2402 966 creditori
2439 913 2825 983 manifestare,
2859 917 2916 968 et
2952 915 3033 970 ita
3063 919 3286 987 tempus
3316 922 3593 975 statutum

1957 1003 2534 1077 interrumpere.—§
2564 1009 2612 1061 1.
2636 1006 2801 1071 Quod
2828 1008 3002 1063 etiam
3028 1008 3087 1063 in
3118 1012 3449 1082 exceptione
3478 1029 3593 1067 non

1959 1101 2272 1151 numeratae
2299 1097 2441 1151 dotis
2469 1099 2656 1153 locum
2688 1100 2897 1155 habere
2930 1107 3222 1173 receptum
3247 1108 3349 1158 est.
3382 1104 3590 1160 Datum

1957 1189 2189 1244 Kalend.
2220 1191 2353 1259 Jul.,
2387 1190 2757 1259 Constantin.,
2784 1193 2881 1248 dn.
2910 1195 3245 1251 Iustiniano.
3280 1198 3347 1252 Α.
3381 1214 3442 1266 n,
3476 1216 3589 1254 cos.

1958 1284 2082 1337 528.

2613 1354 2742 1411 LEX
2781 1356 2932 1411 XXII.

2027 1449 2336 1518 Imperator
2362 1450 2711 1506 Justinianus
2740 1454 3026 1523 Augustus
3054 1455 3269 1513 Menum
3298 1457 3357 1511 P.
3392 1458 3456 1511 P.

2027 1541 2326 1596 Neminem
2372 1544 2632 1597 volumus
2674 1544 2734 1599 in
2774 1546 3087 1602 custodiam
3134 1548 3338 1619 conjici
3378 1549 3593 1621 absque

1947 1634 2109 1706 jussu
2153 1634 2712 1707 gloriosissimorum,
2751 1640 2835 1692 vel
2877 1639 3202 1710 illustrium,
3235 1642 3323 1696 vel
3353 1642 3593 1697 clarissi-

1955 1744 2185 1783 morum
2222 1728 2660 1799 magistratuum
2698 1731 2871 1801 hujus
2907 1732 3246 1788 felicissima:
3285 1734 3460 1805 urbis,
3503 1736 3594 1790 vel

1874 1814 1932 1886 B
1954 1821 2394 1893 provinciarum,
2424 1825 2522 1875 aut
2548 1823 2909 1879 defensorum
2940 1825 3253 1881 civitatum.

2025 1914 2058 1985 §
2090 1918 2139 1969 l.
2167 1914 2244 1968 De
2282 1914 2368 1968 his
2407 1918 2600 1969 autem
2635 1916 2962 1989 quicunque
2999 1919 3241 1989 conjecti
3275 1924 3373 1976 aut
3411 1921 3587 1991 conji-

1956 2006 2141 2061 ciendi
2162 2010 2310 2073 sunt,
2336 2009 2444 2061 Deo
2465 2009 2737 2064 amabiles
2754 2010 3008 2065 locorum
3024 2011 3316 2083 episcopos
3325 2013 3592 2083 jubemus

1956 2115 2060 2171 per
2094 2116 2269 2154 unam
2301 2100 2571 2172 cujusque
2606 2101 2983 2158 hebdomadas
3019 2103 3191 2174 diem,
3231 2104 3289 2160 id
3323 2110 3425 2175 est,
3453 2107 3594 2161 feria

1958 2195 2178 2263 quarta,
2206 2196 2304 2247 aut
2329 2198 2504 2260 sexta,
2544 2210 2673 2263 quas
2703 2199 2758 2249 et
2784 2196 3087 2251 Parasceve
3125 2198 3464 2268 appellatur,
3500 2216 3593 2253 eos

1957 2285 2056 2356 qui
2095 2285 2156 2339 in
2192 2284 2442 2339 custodia
2481 2285 2769 2341 habentur
2803 2287 3050 2356 visitare,
3085 2291 3143 2342 et
3168 2288 3473 2361 diligenter
3501 2290 3590 2345 in-

1956 2380 2183 2451 quirere
2217 2395 2441 2434 causam
2479 2380 2549 2434 ob
2589 2397 2760 2451 quam
2795 2381 3156 2451 detinentur;
3194 2387 3252 2437 et
3290 2384 3405 2438 sive
3446 2384 3592 2440 servi

1958 2471 2071 2526 sint
2104 2473 2218 2526 sive
2247 2472 2431 2541 liberi,
2466 2472 2579 2527 sive
2610 2490 2711 2544 pro
2747 2474 3017 2545 pecuniis,
3047 2475 3159 2529 sive
3195 2492 3299 2547 pro
3325 2477 3447 2530 aliis
3478 2478 3589 2531 cri-

1955 2563 2381 2631 minationibus,
2408 2564 2521 2619 sive
2553 2581 2655 2635 pro
2690 2565 3006 2621 homicidiis
3041 2568 3295 2637 conjecti,
3327 2568 3591 2623 illustris-

1957 2657 2151 2726 simos,
2180 2662 2235 2711 et
2265 2657 2617 2728 spectabiles,
2648 2663 2704 2713 et
2732 2659 3073 2714 clarissimos
3099 2661 3463 2731 magistratus
3488 2663 3587 2717 ad-

1956 2767 2211 2817 monere,
2256 2753 2372 2804 tam
2409 2767 2507 2806 eos
2549 2750 2644 2822 qui
2685 2758 2815 2805 sunt
2857 2753 2918 2806 in
2964 2753 3068 2807 hac
3096 2753 3415 2808 felicissima
3448 2755 3590 2808 urbe

1956 2854 2127 2915 quam
2170 2842 2267 2914 qui
2320 2848 2450 2898 sunt
2493 2843 2555 2898 in
2604 2845 2937 2915 provinciis,
2987 2850 3049 2900 ut
3100 2862 3169 2900 ea
3210 2852 3594 2917 exsequantur

1955 2936 2105 2990 circa
2133 2936 2282 3006 ipsos
2304 2953 2430 3007 quas
2458 2936 2654 2992 divalis
2680 2943 2872 2992 nostra
2897 2938 3225 2993 constitutio
3248 2939 3319 2993 ad
3343 2939 3594 2993 illustres

1956 3028 2251 3099 praefectos
2292 3045 2357 3084 ea
2397 3028 2466 3083 de
2508 3046 2569 3084 re
2611 3029 2818 3084 emissa
2854 3032 3113 3103 praecipit
3149 3048 3163 3085 :
3201 3031 3429 3086 licentia
3463 3032 3594 3086 data

1958 3122 2075 3176 Deo
2102 3121 2446 3176 charissimis
2470 3139 2573 3194 pro
2596 3127 2853 3194 tempore
2887 3124 3187 3196 episcopis,
3218 3125 3266 3178 si
3290 3141 3462 3195 quam
3488 3142 3590 3180 ne-

1958 3214 2289 3287 gligentiam
2325 3214 2630 3269 admissam
2669 3216 3042 3286 cognoverint
3091 3217 3162 3270 ab
3201 3217 3596 3273 illustrissimis

1956 3311 2012 3362 et
2039 3307 2615 3378 magnificentissimis
2645 3313 2814 3379 atque
2852 3309 3177 3363 clarissimis
3202 3326 3304 3380 pro
3331 3315 3591 3382 tempore

1956 3400 2401 3471 magistratibus,
2434 3401 2520 3453 vel
2548 3399 2615 3453 iis
2645 3417 2769 3471 qua:
2797 3400 2907 3454 illis
2935 3405 3140 3471 parent
3168 3402 3388 3470 officiis,
3423 3405 3592 3457 talem

1954 3494 2210 3565 ipsorum
2276 3492 2689 3563 negligentiam
2747 3492 3063 3562 indicandi,
3123 3496 3186 3546 ut
3245 3494 3592 3549 conveniens

1957 3586 2224 3641 adversus
2258 3584 2610 3656 negligentes
2649 3585 2826 3640 animi
2864 3585 3042 3640 nostri
3080 3589 3269 3640 motus
3311 3585 3589 3658 insurgat.

1957 3680 2161 3733 Datum
2190 3694 2260 3732 xv
2289 3677 2523 3732 Kalend.
2563 3678 2854 3747 Februar.,
2895 3678 3020 3745 CP.,
3054 3678 3217 3733 Decio
3247 3695 3362 3734 cos.
3393 3682 3515 3734 529.

2605 3803 2732 3857 LEX
2768 3803 2944 3859 XXIII.

2027 3900 2181 3955 Idem
2219 3903 2503 3972 Augustus
2532 3899 2751 3955 Mennaa
2780 3901 2880 3955 PP.

2027 3994 2273 4048 Privatos
2295 4010 2549 4050 carceres
2573 3993 2755 4048 modis
2781 3993 3047 4048 omnibus
3073 3993 3131 4048 in
3161 3994 3397 4048 urbibus
3424 3998 3593 4066 atque

1956 4086 2015 4142 in
2042 4086 2178 4141 vicis
2195 4086 2460 4141 constitui
2477 4091 2733 4142 vetamus
2757 4106 2770 4141 :
2796 4087 2933 4158 ipsis
2953 4087 3052 4159 qui
3074 4087 3475 4143 custodiuntur
3496 4088 3594 4142 Dei

1955 4180 2430 4235 amicissimorum
2461 4180 2567 4235 loci
2608 4180 3005 4251 episcoporum
3042 4181 3397 4252 providentia
3431 4198 3465 4235 a
3494 4181 3593 4236 de-

1956 4273 2207 4329 tentione
2242 4273 2509 4329 remissis.
2547 4274 2664 4329 Dat.
2697 4290 2772 4330 xu
2814 4274 3049 4331 Kalend.
3084 4275 3237 4343 Feb.,
3273 4276 3400 4346 CP.,
3431 4274 3596 4330 Decio

1958 4369 2226 4422 cos.529.

2603 4438 2730 4493 LEX
2781 4438 2952 4493 XXIV.

1873 4531 1933 4604 D
2026 4534 2184 4590 Idem
2209 4535 2496 4605 Augustus
2524 4534 2890 4590 Demostheni
2918 4536 2981 4591 P.
3010 4536 3072 4591 P.

2029 4626 2253 4681 Nemini
2276 4627 2447 4683 licere
2473 4628 2753 4695 volumus,
2787 4627 2901 4683 sive
2930 4628 3002 4683 ab
3027 4618 3295 4699 ingenuis
3323 4629 3593 4700 genitori-

1957 4720 2064 4775 bus
2088 4736 2231 4791 puer
2255 4722 2521 4791 parvulus
2542 4724 2885 4792 procreatus,
2912 4721 3028 4775 sive
3059 4737 3092 4775 a
3112 4721 3379 4777 libertina
3397 4739 3598 4794 proge-

1958 4814 2072 4882 nie,
2106 4813 2221 4868 sive
2259 4814 2443 4868 servili
2474 4814 2800 4869 conditione
2837 4813 3152 4869 maculatus
3185 4815 3473 4886 expositus
3504 4817 3595 4883 sit,

1962 4923 2095 4961 eum
2118 4924 2366 4979 puerum
2391 4908 2449 4963 in
2478 4924 2645 4963 suum
2674 4908 2998 4962 dominium
3028 4908 3339 4978 vindicare,
3362 4909 3475 4963 sive
3502 4926 3601 4963 no-

1960 5000 2117 5055 mine
2148 5001 2405 5070 dominii,
2441 5001 2556 5055 sive
2592 5001 2937 5072 ascriptitiaa,
2976 5002 3090 5056 sive
3132 5001 3430 5057 colonariae
3460 5020 3597 5058 con-

1961 5093 2211 5149 ditionis.
2244 5094 2350 5149 Sed
2389 5110 2573 5165 neque
2620 5094 2707 5149 his
2742 5094 2840 5166 qui
2876 5111 2969 5149 eos
3003 5095 3336 5150 nutriendos
3362 5097 3600 5151 sustule-

1961 5186 2098 5255 rint,
2126 5186 2411 5242 licentiam
2439 5187 2801 5243 concedimus
2827 5188 3054 5259 penitus
3081 5204 3213 5242 cum
3244 5189 3490 5260 quadam
3521 5190 3602 5244 di-

1963 5280 2263 5336 stinctione
2296 5297 2393 5336 eos
2432 5281 2648 5336 tollere.
2682 5280 2791 5336 Sed
2832 5281 2989 5336 nullo
3029 5281 3355 5338 discrimine
3384 5282 3599 5350 habito,

1963 5375 2025 5430 hi
2049 5375 2146 5446 qui
2176 5374 2248 5429 ab
2278 5374 2605 5445 huiusmodi
2629 5373 2957 5430 hominibus
2987 5374 3232 5445 educati,
3260 5377 3349 5431 vel
3378 5376 3601 5444 nutriti,

1961 5468 2050 5524 vel
2088 5468 2238 5523 aucti
2273 5472 2423 5536 sunt,
2462 5468 2627 5523 liberi
2665 5473 2723 5523 et
2756 5468 2995 5540 ingenui
3030 5474 3367 5541 appareant,
3402 5475 3459 5525 et
3498 5470 3603 5525 sibi

1962 5560 2280 5633 acquirant,
2301 5566 2359 5616 et
2374 5561 2435 5615 in
2456 5562 2849 5633 posteritatem
2875 5577 3037 5617 suam
3062 5562 3152 5617 vel
3173 5566 3470 5619 extraneos
3489 5564 3604 5617 hae-

1962 5654 2124 5710 redes
2165 5654 2361 5709 omnia
2401 5670 2531 5726 quae
2571 5654 2891 5724 habuerint,
2934 5671 3048 5727 quo
3086 5656 3256 5712 modo
3296 5654 3599 5724 voluerint,

1964 5747 2374 5804 transmittant.
2392 5749 2520 5803 Hmc
2540 5749 2965 5806 observantibus
2990 5766 3105 5805 non
3132 5749 3316 5804 solum
3340 5747 3600 5819 praesidi-

1964 5841 2072 5896 bus
2115 5841 2561 5914 provinciarum,
2614 5843 2713 5899 sed
2762 5843 2935 5900 etiam
2988 5843 3119 5899 viris
3165 5840 3603 5914 religiosissimis
