4088 6448
571 374 702 424 1075
1691 367 1941 422 δίΕΟΙΙΙλΙ
1979 365 2168 421 SEXTI

2387 361 2752 418 LEMENTUM.
3831 369 3856 416 1
3871 364 4001 416 076

553 473 846 545 episcopis.
909 473 1114 526 Datum
1159 472 1540 536 Chalcedone,
1595 489 1690 526 vui
1742 473 1976 527 Kalend.
2027 473 2158 538 Jul.,
2183 469 2531 556 Ablicarum
2559 469 2840 522 rationum
2869 467 3316 522 exsecutionem.
3347 465 3464 522 Sed
3497 467 3546 520 si
3579 467 3742 537 quid
3793 468 4008 538 hujus

551 564 856 637 Lampadio
883 568 938 619 et
963 564 1156 619 Oreste
1185 579 1272 618 vv.
1301 580 1380 618 cc.
1409 580 1548 617 coss.
1583 567 1704 618 530.
2263 560 2417 614 modi
2447 559 2606 614 nobis
2631 559 3025 630 ignorantibus
3051 559 3169 626 tiet,
3201 561 3248 612 si
3280 559 3530 629 quidem
3565 575 3746 612 sacra
3777 560 4006 613 forma

1209 678 1336 736 LEX
1371 679 1516 732 xxv.
2261 653 2332 706 ad
2363 653 2581 722 aliquos
2605 669 2706 724 per
2731 652 3157 722 subreptionem
3185 651 3574 718 emanaverit,
3611 651 3804 706 liceat
3835 652 4002 705 reli-

621 773 774 827 ldem
805 775 1086 842 Augustus
1109 771 1470 826 Demostheni
1495 773 1554 826 Ρ,
1585 773 1645 826 Ρ.
2264 744 2572 842 giosissimo
2606 745 2864 814 episcopo
2906 745 3028 842 ejus
3072 744 3314 798 civitatis
3347 744 3667 842 suscipere
3715 744 4000 815 quidem

619 866 753 928 Qua3
782 865 850 918 de
891 836 1012 918 ὠθᾶ
1041 863 1152 917 sive
1184 863 1265 933 (ut
1291 865 1504 931 vocant)
1538 863 1723 929 coms,
1756 879 1818 916 ac
1855 863 1924 916 de
1961 877 2162 916 eorum
2261 853 2476 890 sacram
2503 837 2767 905 formam,
2803 837 3134 891 renuntiare
3161 839 3358 890 tamen
3387 836 3590 904 nobis,
3631 843 3702 891 ut
3738 853 3870 891 nos
3899 853 4006 892 co-

548 957 948 1028 prohibitione,
977 973 1008 1009 a
1037 955 1198 1010 nobis
1224 955 1436 1010 sancita
1457 961 1603 1024 sunt,
1628 973 1692 1009 ea
1717 956 1876 1008 liceat
1907 954 2000 1007 Dei
2027 953 2162 1007 ami-

2381 945 2595 982 scamus
2615 945 2686 982 an
2714 945 2780 983 ex
2806 933 2996 982 nostra
3017 929 3088 982 ad
3109 929 3278 982 illum
3305 929 3634 1000 praesidem
3656 930 3995 1000 jussione,

548 1050 783 1103 cissimis
801 1049 1075 1119 epiSCOpis
1098 1051 1154 1102 et
1175 1047 1533 1117 perscrutari,
1557 1051 1612 1102 et
1638 1047 1917 1111 cohibere,
1941 1045 1986 1099 si
2005 1045 2159 1112 ﬁant,

2385 1037 2460 1075 ter
2483 1021 2872 1091 obreptionem
2893 1022 3038 1076 facta
3067 1022 3158 1087 sit,
3183 1025 3250 1074 ut
3277 1021 3326 1074 si
3351 1037 3465 1092 per
3487 1021 3999 1092 subreptionem

548 1145 603 1194 et
629 1141 930 1212 ﬂagitiosos
955 1156 1055 1210 per
1074 1139 1410 1194 clarissimos
1435 1139 1704 1210 praesides
1725 1138 2159 1209 provinciarum,
2261 1115 2403 1212 met?
2439 1130 2556 1212 efse
2593 1114 2850 1212 vulgatur
2886 1114 3040 1212 (ξαθά
3083 1114 3302 1212 Ῡδοίυηξ
3340 1115 3696 1212 ῗξῖνξξὶυωθ
3741 1115 3888 1212 flat:
3911 1121 4002 1212 ft

548 1237 604 1287 et
651 1206 836 1302 patres
889 1206 1322 1302 defensoresque
1371 1206 1658 1286 civitatum
1713 1206 1782 1286 ad
1831 1231 2162 1284 modestiam

2389 1206 2580 1260 culum
2609 1207 2806 1261 subeat
2833 1207 2933 1276 qui
2963 1222 3088 1259 eam
3122 1206 3414 1277 quassivit.
3449 1207 3508 1260 Si
3549 1223 3700 1261 vero
3739 1208 3828 1262 ab
3867 1208 3997 1262 ali-

549 1299 836 1380 redhcem.
881 1327 1082 1380 Datum
1121 1341 1156 1380 Χ
1200 1299 1318 1378 [ζει.
1365 1323 1613 1391 Octobr”
1659 1324 1783 1392 Cp"
1839 1321 2001 1376 Decio
2047 1337 2157 1377 cos.
2263 1315 2374 1369 quo
2403 1315 2433 1352 e
2459 1299 2662 1353 nostris
2693 1299 2974 1368 praefectis
2998 1299 3274 1352 emissum
3307 1299 3628 1354 decretum
3661 1305 3776 1354 aut
3813 1317 4002 1354 com-

551 1420 673 1474 529.
1772 1391 1777 1392 ⁷
2261 1391 2625 1446 monitorium
2641 1391 2732 1458 sit,
2745 1395 2842 1445 aut
2859 1393 3213 1461 praeceptum
3235 1391 3500 1462 aliquod,
3519 1397 3630 1447 aut
3647 1393 3998 1448 rationum

1192 1487 1319 1540 LEX
1356 1487 1524 1540 XXVI.
2263 1483 2554 1554 scriptura,
2585 1488 2642 1537 et
2671 1483 2738 1538 de
2767 1483 2954 1554 aliquo
2984 1499 3054 1536 ex
3083 1484 3384 1553 przedictis
3417 1485 3620 1554 capite
3653 1486 4002 1555 permitta-

615 1581 772 1636 Idem
797 1581 1076 1652 Augustus
1103 1579 1320 1634 Juliano
1345 1579 1404 1632 P.
1433 1579 1492 1632 P.
2261 1577 2372 1644 tur,
2401 1577 2660 1630 volumus
2695 1579 2758 1629 ut
2790 1576 2971 1630 modis
3002 1575 3272 1629 omnibus
3303 1593 3430 1630 non
3463 1577 3598 1647 ejus
3633 1577 3814 1632 urbis
3861 1578 3998 1648 epi-

617 1673 696 1727 De
737 1672 824 1726 his
862 1688 989 1743 quae
1025 1671 1261 1742 singulis
1293 1670 1452 1724 annis
1489 1669 1562 1724 ad
1598 1669 1842 1724 civitates
1879 1670 2163 1740 pertinent
2261 1683 2480 1738 scopus,
2521 1673 2575 1722 et
2611 1667 2783 1738 primi
2813 1667 3104 1722 civitatum
3143 1668 3258 1722 illis
3295 1669 3476 1722 rebus
3519 1670 3994 1740 prasficiantur,

549 1765 680 1834 (sive
708 1765 892 1818 civiles
917 1763 1126 1818 reditus
1147 1763 1275 1830 sint,
1298 1763 1408 1816 sive
1433 1762 1664 1828 fructus,
1685 1778 1751 1815 ex
1779 1761 2036 1832 publicis,
2065 1767 2163 1816 aut
2262 1759 2354 1813 sed
2395 1759 2558 1813 liceat
2599 1759 2902 1829 provincias
2943 1761 3198 1830 praesidi,
3235 1763 3296 1814 et
3336 1761 3480 1831 ipsis
3513 1765 3996 1832 possessoribus

544 1857 772 1928 privatis
789 1857 1059 1928 pecuniis,
1081 1855 1290 1926 quasab
1312 1854 1590 1925 aliquibus
1610 1854 1706 1922 eis,
1725 1859 1822 1909 aut
1839 1854 2164 1925 relinquun-
2181 1839 2238 1912 B
2261 1867 2323 1904 ac
2357 1851 2568 1905 civibus
2599 1852 2882 1921 jussiones
2921 1852 3177 1921 rejicere,
3207 1869 3278 1906 ac
3309 1869 3386 1908 ne
3428 1855 3684 1910 obolum
3713 1857 3994 1926 quidem

547 1953 659 2016 tur,
705 1953 803 2004 aut
837 1949 1137 2016 donantur,
1175 1951 1272 2002 aut
1299 1948 1405 2002 alio
1438 1949 1603 2017 pacto
1630 1946 2036 2017 excogitantur,
2069 1949 2166 2000 aut
2264 1959 2331 1997 ea
2360 1943 2428 1996 de
2465 1959 2631 1997 causa
2657 1947 2943 2014 praestare.
2980 1945 3035 1998 Si
3063 1960 3200 1999 vero
3235 1945 3296 1999 in
3337 1961 3410 2000 ea
3441 1963 3508 2001 re
3547 1948 3994 2003 sanctissimus

545 2042 937 2110 instituuntur,
975 2041 1088 2096 sive
1119 2039 1190 2094 ad
1228 2057 1419 2111 opera,
1454 2039 1567 2094 sive
1599 2039 1668 2093 ad
1703 2055 1828 2093 rem
1860 2040 2164 2093 frumenta-
2264 2035 2554 2105 episcopus
2606 2035 2908 2106 negligens
2967 2037 3160 2106 fuerit,
3213 2037 3458 2092 habebit
3513 2043 3578 2092 et
3631 2041 3992 2096 Dominum

545 2135 714 2202 riam,
747 2133 860 2187 sive
887 2133 958 2187 ad
991 2133 1240 2203 publicos
1269 2131 1651 2203 aquaeductus,
1691 2131 1805 2184 sive
1835 2129 1906 2184 ad
1935 2131 2162 2185 balneo-
2261 2129 2442 2182 Deum
2473 2131 2731 2181 nostrum
2767 2128 3074 2196 infensum,
3105 2133 3164 2183 et
3201 2129 3586 2200 imperialem
3627 2131 3992 2188 vindictam

543 2243 676 2281 rum
703 2225 1140 2290 calefactionem,
1163 2224 1276 2278 sive
1301 2223 1370 2277 ad
1395 2227 1608 2294 portus,
1631 2223 1744 2280 sive
1773 2223 1842 2277 ad
1868 2239 2164 2278 murorum
2263 2219 2622 2289 exspectabit,
2645 2220 2691 2272 si
2718 2235 2782 2273 ea
2807 2221 2996 2274 servili
3020 2221 3248 2276 silentio
3275 2224 3764 2295 sacerdotalique
3791 2227 3994 2280 licen-

546 2321 645 2372 aut
671 2317 913 2372 turrium
954 2317 1404 2386 mdiﬁcationem,
1441 2316 1553 2370 sive
1590 2315 1660 2370 ad
1699 2316 1956 2386 pontium
1991 2319 2162 2386 atque
2263 2312 2338 2365 tia
2362 2311 2619 2382 indigno,
2646 2313 3092 2382 praeterierit.-—
3121 2315 3228 2384 §2.
3255 2315 3312 2370 Si
3339 2317 3476 2386 quis
3504 2321 3722 2371 autem
3749 2319 3824 2372 in
3847 2337 3994 2390 pro-

543 2411 764 2464 viarum
791 2409 1178 2478 refectionem,
1201 2408 1314 2462 sive
1341 2407 1412 2462 ad
1437 2407 1682 2480 publicas
1703 2407 1946 2479 denique
1968 2425 2163 2462 causas
2261 2405 2444 2458 vincia
2465 2405 2872 2458 renuntiaverit
2887 2406 3340 2476 magistratuum
3367 2413 3476 2462 aut
3494 2411 3830 2465 consulum
3850 2430 3994 2482 pro-

547 2502 904 2574 pertineant),
933 2505 1049 2556 tam
1076 2518 1140 2556 ex
1159 2501 1398 2572 publicis
1417 2517 1590 2572 quam
1615 2517 1680 2554 ex
1699 2501 1951 2571 privatis,
1969 2506 2034 2555 ut
2053 2499 2162 2554 dic-
2261 2497 2536 2551 cessiones
2559 2537 2573 2564 ,
2616 2497 2728 2550 sive
2770 2497 3067 2568 generales
3109 2499 3332 2554 formas
3377 2501 3994 2572 gloriosissimorum

542 2601 666 2649 tum
692 2599 794 2664 est,
817 2593 1016 2664 causis,
1036 2594 1319 2648 sancimus
1345 2597 1409 2648 ut
1431 2593 1490 2648 in
1509 2609 1688 2647 unum
1709 2592 2044 2646 conveniant
2067 2609 2158 2647 re-
2259 2589 2675 2659 praafectorum,
2711 2593 2810 2643 aut
2851 2590 3093 2660 alicujus
3133 2591 3376 2646 alterius
3417 2609 3450 2648 e
3487 2597 3726 2650 nostris
3773 2598 3992 2669 magi—

541 2687 931 2760 ligiosissimus
959 2687 1274 2758 episcopus,
1295 2703 1356 2740 ac
1381 2691 1494 2741 tres
1513 2686 1680 2740 bonae
1706 2685 2158 2752 existimationis,
2260 2681 2546 2748 stratibus,
2581 2681 2696 2737 sive
2733 2682 3227 2750 constitutionem,
3267 2685 3388 2740 sive
3423 2703 3672 2742 sacrum
3709 2705 3998 2746 commo-

545 2785 600 2834 et
642 2780 738 2852 qui
776 2779 992 2834 caeteris
1035 2783 1302 2850 praestant
1343 2779 1400 2832 in
1444 2795 1508 2832 ea
1542 2777 1779 2846 civitate,
1821 2794 1882 2832 ac
1926 2777 2160 2848 singulis
2259 2775 2550 2842 nitorium,
2605 2774 2718 2828 sive
2762 2775 3058 2844 generales
3105 2776 3358 2846 litteras,
3413 2778 3539 2834 sive
3597 2783 3996 2839 erectionem

543 2871 704 2926 annis
734 2872 1034 2942 inspiciant
1063 2887 1232 2941 opera
1255 2871 1427 2938 facta;
1453 2873 1510 2923 et
1537 2875 1732 2924 curent
1757 2875 1819 2924 ut
1846 2873 1902 2922 et
1926 2870 2163 2923 metian-
2258 2866 2636 2937 imperialium
2673 2869 2992 2921 statuarum
3029 2868 3402 2940 indicaverit,
3447 2887 3580 2926 non
3629 2875 3822 2931 liceat
3865 2895 4000 2932 am~

545 2969 656 3032 tur,
692 2967 750 3017 et
787 2964 1065 3018 rationem
1095 2961 1390 3016 conﬁciant
1419 2961 1514 3032 qui
1543 2978 1609 3016 ea
1646 2961 2038 3015 administrant
2065 2965 2162 3014 aut
2259 2959 2406 3031 plius
2429 2975 2521 3012 sex
2539 2959 2791 3013 nummis
2813 2959 3003 3013 aureis
3023 2959 3084 3014 in
3105 2961 3370 3032 singulas
3395 2965 3858 3036 nuntiationes,
3885 2976 3994 3025 aut

545 3057 642 3126 qui
663 3055 1218 3121 administraverant,
1236 3057 1293 3107 et
1313 3053 1372 3106 in
1389 3058 1886 3107 monumentorum
1909 3054 2161 3124 gestione
2259 3052 2318 3105 in
2337 3051 2585 3122 singulas
2604 3051 2837 3118 formas,
2861 3055 2962 3106 aut
2981 3054 3454 3126 constitutiones,
3483 3063 3594 3113 aut
3615 3075 3800 3115 sacra
3825 3079 3998 3118 com-

547 3148 841 3202 ostendant
875 3146 1267 3216 impletionem
1304 3162 1559 3216 operum,
1591 3148 1684 3199 aut
1719 3145 2156 3201 administratio-
2185 3192 2233 3217 η
2261 3143 2586 3212 monitoria,
2607 3149 2706 3198 aut
2736 3146 3028 3215 generales
3055 3147 3303 3217 litteras,
3335 3151 3444 3204 aut
3473 3155 3834 3209 statuarum
3865 3173 3996 3212 ere-

549 3192 841 3202 ν“¹“’“¹”“¹“’”⁶’
877 3192 1267 3216 “”Ἰ”“ν““““”““¹“““
1307 3192 1559 3216 'l"""'"'7
1592 3192 1684 3199 ““’
1719 3192 2128 3201 “’“”“““”’“¹“⁶“’“¹⁸ν
2263 3192 2586 3212 “““““”“““’“”1
2609 3192 2705 3198 *⁷-⁷
2736 3192 3027 3215 O"""“""
3055 3192 3303 3217 """’“"",
3335 3192 3444 3204 ““V
3473 3192 3706 3207 νωνυυιι
3723 3192 3834 3209 ιιι-ιι
3865 3192 3992 3212 σιτ

548 3257 678 3294 nem
698 3239 1081 3304 sitonicarum,
1111 3240 1166 3290 et
1192 3237 1610 3291 balneariarum
1639 3237 2023 3308 pecuniarum,
2051 3239 2162 3293 sive
2183 3192 2236 3266 Ο
2261 3237 2471 3290 ctiones
2496 3236 2747 3306 accipere
2775 3237 2832 3290 in
2867 3237 3108 3308 singulis
3135 3239 3476 3310 provinciis,
3507 3243 3592 3298 ad
3629 3261 3796 3316 quas
3825 3249 3992 3304 litte-

550 3351 674 3404 quas
709 3335 766 3387 in
805 3333 905 3386 viis
945 3332 1286 3399 muniendis,
1317 3335 1412 3386 aut
1439 3331 1881 3402 aquaeductibus,
1915 3335 2012 3386 aut
2042 3334 2164 3387 aliis
2263 3345 2351 3382 ras
2377 3328 2621 3398 accepit;
2654 3345 2736 3396 ac,
2767 3329 2899 3384 licet
2925 3331 3124 3384 multa;
3157 3332 3274 3386 sint
3303 3333 3370 3386 in
3407 3351 3482 3388 ea
3509 3338 3852 3405 provincia
3883 3359 3994 3396 ur-

547 3427 714 3481 rebus
749 3429 1176 3480 consumuntur.
1207 3425 1340 3488 Quae
1376 3424 1564 3478 omnia
1599 3441 1890 3495 nunquam
1934 3425 2163 3480 omnino
2261 3421 2378 3487 bes,
2411 3420 2554 3474 nihil
2580 3421 2824 3492 amplius
2857 3427 3184 3492 praestetur,
3215 3441 3400 3494 quam
3432 3427 3522 3482 illi
3559 3446 3674 3484 sex
3713 3436 3994 3490 nummi.

552 3519 734 3573 minui
755 3518 1034 3572 volumus.
1053 3520 1114 3570 In
1133 3523 1632 3570 monumentorum
1651 3533 1780 3571 vero
1801 3517 2051 3588 gestione
2073 3535 2165 3589 ap-
2264 3514 2317 3568 Si
2344 3513 2478 3582 quid
2507 3530 2641 3568 vero
2668 3513 2912 3584 amplius
2939 3516 3242 3585 acceperit,
3269 3517 3399 3587 ejus
3429 3523 3874 3596 quadruplum
3907 3545 3996 3582 re-

547 3615 760 3684 pareat,
792 3609 934 3664 sitne
960 3609 1174 3664 solutus
1199 3627 1272 3664 an
1299 3609 1576 3679 obligatus
1602 3610 1698 3680 qui
1723 3627 1789 3663 ea
1818 3610 2166 3664 administra—
2263 3607 2488 3674 stituet;
2519 3606 2792 3677 liceatque
2821 3607 2944 3676 ejus
2969 3607 3128 3661 urbis
3159 3608 3438 3681 episcopo
3469 3613 3592 3668 hoc
3621 3619 3990 3688 prohibere.

549 3702 645 3768 vit,
668 3703 722 3754 et
747 3717 818 3753 an
848 3699 995 3769 quod
1023 3697 1216 3752 debuit
1245 3697 1488 3762 solverit,
1518 3702 1686 3768 atque
1712 3697 1786 3751 ita
1808 3699 1912 3752 erit
1938 3703 2164 3753 cautum
2263 3699 2470 3752 Eadem
2498 3701 2686 3753 tamen
2713 3715 2882 3768 paena
2909 3700 3108 3753 decem
3129 3700 3426 3757 librarum
3455 3709 3620 3774 auri,
3651 3713 3718 3764 et
3749 3714 3996 3782 provin-

551 3793 600 3845 ei
632 3793 729 3862 qui
756 3807 880 3845 eam
909 3806 1102 3844 curam
1128 3789 1384 3858 suscepit.
1413 3789 1692 3843 Mittemus
1715 3790 1866 3844 enim
1892 3807 2013 3856 nos,
2036 3807 2166 3844 cum
2264 3790 2364 3844 ciae
2385 3791 2633 3861 praesidi,
2663 3795 2718 3845 et
2743 3792 2794 3845 ei
2817 3791 3045 3846 subdito
3067 3793 3276 3863 ofﬁcio,
3304 3799 3366 3850 et
3394 3798 3695 3871 episcopo
3729 3805 3998 3875 imponi-

547 3884 843 3955 placuerit,
877 3899 1050 3954 quem
1078 3881 1438 3935 commodum
1464 3882 1587 3947 erit,
1623 3886 1684 3935 ut
1709 3881 1966 3952 inspiciat
1995 3882 2163 3936 ratio-
2265 3885 2378 3950 tur,
2408 3883 2452 3936 si
2481 3883 2588 3936 illis
2624 3883 2962 3953 permittant
2997 3885 3126 3955 plus
3171 3890 3400 3957 petere,
3431 3907 3650 3963 neque
3693 3896 3760 3950 id
3793 3899 3997 3954 modis

550 3995 651 4031 nos
676 3977 744 4030 ab
777 3977 856 4029 eis
883 3975 1084 4042 factas;
1115 3977 1170 4027 et
1195 3990 1324 4027 cum
1349 3976 1494 4028 recte
1531 3975 1700 4028 factas
1731 3991 1848 4029 esse
1875 3975 2163 4046 repererit,
2265 3976 2526 4030 omnibus
2551 3976 2969 4046 prohibuerint.
3001 4008 3072 4018 ——
3101 3979 3134 4049 §
3163 3982 3216 4033 3.
3249 3981 3500 4037 Nemini
3529 3987 3712 4042 enim
3741 3993 3996 4046 omnino

552 4069 830 4124 calculum
864 4067 1007 4122 feret
1039 4083 1150 4137 quo
1179 4066 1314 4136 ipsis
1351 4067 1782 4139 haeredibusque
1806 4073 1860 4122 et
1886 4085 2164 4122 successo-
2265 4067 2650 4138 permittimus
2701 4073 3028 4124 nostrorum
3084 4071 3564 4142 magistratuum
3625 4081 3996 4153 hujusmodi

552 4161 708 4216 ribus
735 4159 1074 4226 consuletur,
1107 4175 1289 4229 neque
1317 4159 1557 4214 aliarum
1585 4161 1864 4215 rationum
1901 4153 1998 4215 aut
2031 4177 2165 4214 con-
2266 4161 2474 4214 formas
2501 4160 3002 4231 circa-provincias
3029 4163 3297 4218 emittere
3327 4165 3404 4221 de
3437 4168 3754 4240 rivorum,
3789 4184 3898 4231 aut
3925 4179 3995 4232 de

555 4253 951 4308 troversiarum
983 4252 1197 4306 occasio
1231 4252 1598 4322 relinquetur.
1627 4253 1826 4308 Omnia
1859 4270 2013 4322 vero,
2043 4269 2170 4325 pro-
2267 4253 2589 4306 cloacarum
2611 4253 2971 4322 purgatione,
2989 4258 3090 4308 aut
3109 4256 3180 4310 de
3197 4257 3558 4318 amolitione
3583 4266 3994 4324 aediﬁciorum

553 4345 746 4418 positis
785 4345 986 4399 sanctis
1023 4344 1352 4414 Evangeliis,
1392 4345 1693 4415 diligenter
1725 4346 1880 4414 ﬁant,
1921 4363 2052 4400 nam
2089 4347 2170 4400 in-
2268 4361 2301 4399 a
2329 4343 2524 4412 muris,
2555 4347 2654 4398 aut
2671 4345 2988 4400 stationum
3015 4363 3048 4400 a
3075 4349 3420 4420 porticibus,
3453 4359 3570 4408 aut
3605 4374 3834 4416 eorum
3861 4379 3994 4433 quzr

554 4438 914 4510 quisitionem
943 4454 1046 4491 nos
1076 4453 1202 4490 cum
1231 4437 1459 4491 libuerit
1483 4437 1606 4491 ﬁeri
1623 4437 1966 4508 jubehimus.
1997 4439 2171 4510 Opor-
2267 4436 2526 4508 produlia
2550 4437 2929 4507 appellantur,
2967 4445 3070 4494 aut
3105 4441 3176 4495 de
3205 4443 3508 4501 ruderum
3545 4465 3622 4504 ac
3653 4452 3998 4511 dimidiata-

553 4535 637 4586 tet
661 4531 850 4601 itaque
874 4529 1098 4584 studere
1119 4529 1602 4599 religiosissimum
1621 4529 1965 4601 episcopum,
1995 4535 2050 4585 et
2073 4531 2168 4602 qui
2187 4541 2247 4613 D
2268 4545 2398 4584 rum
2427 4529 2820 4583 columnarum
2849 4531 3164 4601 eversione:
3195 4538 3297 4588 aut
3329 4535 3404 4591 de
3437 4537 3864 4614 imaginibus:
3899 4555 3996 4602 ειη

556 4641 685 4677 cum
734 4639 800 4677 eo
851 4623 1092 4677 rationes
1135 4621 1454 4691 conﬁciunt,
1501 4627 1565 4676 ut
1605 4638 1772 4692 opera
1809 4623 1868 4677 in
1913 4623 2172 4692 ingentes
2271 4620 2316 4675 si
2344 4620 2482 4691 quid
2509 4621 2618 4674 alio
2647 4626 2812 4691 pacto
2840 4622 2911 4677 sit
2938 4625 3359 4697 excogitatum,
3381 4635 3494 4684 aut
3523 4635 3728 4692 etiam
3759 4641 3836 4696 de
3867 4643 3996 4696 civi-

558 4719 814 4788 sumptus
833 4715 1160 4785 prmscripta
1185 4713 1420 4785 singulis
1443 4713 1602 4768 annis
1629 4713 1925 4786 diligenter
1947 4715 2085 4769 ﬁant
2103 4733 2172 4770 ex
2269 4713 2415 4769 libus
2444 4713 2874 4785 quibuscunque
2906 4719 3334 4775 controversiis.
3372 4721 3497 4778 Sed
3535 4726 3730 4784 liceat
3765 4735 3992 4804 episco-

555 4807 796 4880 publicis
818 4808 1088 4862 fructibus
1115 4809 1281 4877 atque
1309 4807 1576 4861 reditibus
1597 4809 1924 4878 reparanda.
1956 4807 2052 4862 Sin
2079 4825 2172 4862 au-
2271 4822 2343 4876 po
2379 4809 2436 4859 et
2473 4805 2541 4858 iis
2577 4805 2676 4876 qui
2709 4807 2882 4876 primi
2924 4813 3056 4862 sunt
3096 4809 3221 4878 ejus
3265 4813 3463 4884 urbis,
3511 4824 3578 4874 et
3625 4827 3993 4892 praesidibus

556 4907 672 4957 tem
699 4899 950 4955 noluerit
990 4899 1296 4953 rationibus
1325 4899 1546 4952 subesse
1574 4899 1672 4970 qui
1706 4916 1772 4954 ea
1797 4899 2170 4968 administrat,
2271 4898 2705 4968 provinciarum,
2740 4901 2796 4953 et
2827 4902 3252 4970 possessoribus
3283 4921 3350 4960 ac
3389 4909 3640 4968 civibus
3685 4917 3993 4974 insinuata

557 5011 742 5065 neque
769 4993 913 5047 ferat
938 4992 1351 5046 sanctissimum
1380 4992 1499 5061 ejus
1525 4991 1627 5045 loci
1658 4993 2002 5062 episcopum,
2032 4995 2087 5046 et
2113 4993 2174 5046 il-
2274 4991 2460 5060 aliqua
2488 4990 2691 5059 forma,
2724 4991 2776 5044 ei
2803 4992 3038 5062 quidem
3067 5011 3186 5049 non
3215 4997 3474 5070 deferre,
3513 5007 3630 5061 sed
3661 5013 3988 5079 prohibere

557 5087 639 5140 los
659 5101 1005 5156 possessores
1033 5085 1130 5155 qui
1155 5085 1224 5138 ad
1254 5101 1378 5138 eam
1403 5101 1525 5138 rem
1549 5085 1983 5152 constituuntur,
2005 5088 2060 5139 et
2079 5085 2176 5156 qui
2274 5099 2336 5138 ac
2357 5099 2610 5137 coercere
2631 5099 2862 5138 omnem
2891 5087 3252 5142 exactionem
3281 5107 3680 5170 omnemque
3705 5105 3838 5159 vim
3865 5123 3989 5176 qua)

561 5179 630 5232 ad
661 5179 900 5232 rationes
929 5177 1236 5232 reddendas
1261 5193 1392 5232 eum
1421 5179 1642 5244 vocant,
1671 5183 1903 5248 cogatur
1925 5177 1982 5231 id
2009 5193 2174 5247 agere
2275 5191 2344 5230 ex
2380 5192 2444 5230 eo
2475 5175 2714 5230 eveniat.
2749 5177 3078 5250 Eademque
3109 5197 3284 5250 poena
3311 5185 3550 5244 afticiat
3579 5175 3994 5252 sanctissimos.

561 5287 664 5340 per
702 5271 1070 5324 clarissimum
1103 5271 1407 5342 provinciae
1449 5270 1749 5341 prmsidem
1793 5277 1848 5325 et
1888 5271 2174 5324 cohortem
2275 5268 2580 5340 episcopos,
2607 5267 2717 5322 nisi
2743 5269 2798 5324 id
2829 5271 3257 5340 prohibuerint.
3289 5307 3364 5317 —-
3398 5279 3432 5350 §
3469 5281 3531 5336 4.
3577 5285 3710 5343 Sed
3739 5297 3804 5346 et
3834 5308 3994 5362 οιτον.

562 5377 690 5434 qua:
717 5363 768 5416 ei
786 5378 982 5432 parere
1010 5364 1182 5418 solet:
1207 5381 1269 5418 ac
1295 5363 1414 5418 sine
1441 5363 1554 5418 ullo
1583 5363 1785 5418 damno
1810 5362 2178 5433 compellatur
2275 5365 2355 5415 tet
2380 5361 2726 5432 episcopum,
2757 5379 2821 5416 ac
2855 5367 3076 5433 patrem
3111 5365 3382 5441 civitatis,
3421 5375 3486 5428 et
3519 5384 3798 5438 (κεῖθι-οε
3829 5361 3994 5440 ὕδωρ

561 5459 624 5510 ut
651 5455 830 5509 modis
865 5455 1125 5509 omnibus
1157 5457 1406 5511 rationes
1437 5455 1732 5510 submittat
1757 5455 2174 5526 religiosissimo
2275 5453 2554 5524 opinionis
2581 5471 2931 5524 possessores
2957 5457 3284 5528 providere,
3319 5479 3397 5518 ne
3437 5465 3620 5526 locus
3653 5475 3882 5548 aliquis
3917 5479 3990 5532 ci-

564 5549 844 5642 episcopo,
873 5551 930 5642 et
949 5547 1145 5642 primis
1165 5549 1314 5642 illius
1339 5547 1573 5605 civitatis
1585 5567 1615 5642 ;i
1630 5549 1892 5620 quodque
1911 5553 2177 5642 appareat
2275 5545 2395 5600 vilis
2408 5551 2519 5642 aut
2541 5546 2801 5642 publicus
2823 5549 2992 5618 juxta
3027 5567 3228 5606 muros
3257 5555 3450 5628 urbis,
3491 5568 3608 5619 aut
3645 5567 3714 5622 in
3751 5545 3992 5642 ﬁumich

563 5641 632 5736 ab
655 5657 718 5695 eo
741 5639 2177 5736 deberi-,civitatireddatur.:§t.(lmnemveroli-
2273 5638 2612 5736 porticibus,
2648 5640 2858 5736 autin
2899 5643 3126 5736 plateis,
3179 5653 3283 5700 aut
3339 5649 3404 5704 in
3457 5638 3852 5736 quocunque
3889 5665 3990 5718 alio

561 5731 2177 5828 bertatemtollimusnostrispraesidibusmitteudiinagros
2273 5731 2395 5785 loco
2437 5731 2506 5785 ab
2545 5731 2732 5803 aliquo
2767 5733 3014 5790 indebita
3053 5739 3452 5812 possideatur,
3507 5765 3680 5808 neve
3729 5731 3990 5828 publicus

563 5821 1028 5888 discussores,aut
1041 5820 1475 5890 ratiocinatores,
1491 5824 1980 5895 autexzequatores
1995 5824 2064 5878 ad
2079 5840 2178 5896 pu-
2275 5824 2430 5881 locus
2452 5823 2618 5880 alicui
2645 5824 2764 5880 sine
2789 5827 2980 5882 nostra
3011 5845 3170 5886 sacra
3196 5831 3390 5890 forma
3421 5820 3748 5905 tradatur:
