4088 6426
241 375 258 426 I
272 373 376 426 O77

962 371 1324 429 JUSTINIANI
1365 373 1573 428 LEGES
1611 371 1942 428 SELECTE.
1985 372 2112 427 LIB.
2155 372 2197 438 I,
2240 371 2364 426 TIT.
2405 371 2491 439 IV,
2532 371 2662 427 LEX
2701 373 2878 459 XXIX.

3465 374 3593 426 1078

305 480 336 553 §
367 485 417 537 5.
460 480 615 535 Idem
659 479 949 551 inquirant
1000 481 1068 536 de
1121 499 1402 553 aquarum
1447 482 1859 548 distributione,
1885 492 1944 568 Α
1964 480 2066 536 etis
2086 479 2412 551 Scripturis,
2447 481 2768 551 depromat,
2791 483 2972 535 omnia
2997 495 3053 536 se
3075 485 3214 536 recte
3233 484 3417 536 etcum
3437 483 3593 536 utili-

230 590 360 645 quaa
389 589 547 628 sacra
571 573 760 644 aliqua
789 573 974 628 forma
999 573 1204 646 cuique
1234 575 1532 646 pertineat,
1569 577 1636 630 ut
1669 592 1741 631 ne
1769 576 1863 630 hic

228 667 380 737 plus,
407 666 504 720 ille
537 665 728 720 minus
757 665 978 734 habeat,
1015 683 1187 737 quam
1226 668 1277 723 ei
1309 667 1600 739 competit.
1637 698 1706 708 —-
1745 667 1776 740 §
1806 672 1858 723 6.

227 760 427 831 Neque
456 775 589 813 vero
633 758 1012 830 tldejussionis
1041 775 1228 827 causa,
1257 764 1355 816 aut
1401 777 1572 832 supra
1609 759 1862 816 mandati

225 852 478 906 formam
525 855 748 906 nostros
787 852 1064 922 subjectos
1095 852 1242 907 afﬁci
1287 858 1636 924 pateremur,
1679 853 1777 908 sed
1815 852 1862 907 si

227 945 466 1015 quidem
488 944 810 999 immobiles
829 961 918 999 res
935 945 1181 1000 habeant
1199 947 1444 1013 idoneas,
1455 945 1860 1017 jusjurandum

225 1040 457 1091 tantum
496 1042 784 1108 praestent,
826 1042 882 1091 et
910 1039 1366 1104 conscribentur;
1403 1038 1490 1092 sin
1527 1043 1720 1093 autem
1747 1054 1862 1092 non

225 1129 497 1196 habeant,
530 1145 710 1200 usque
747 1130 820 1182 ad
853 1130 1186 1201 quantitatis
1222 1129 1672 1199 aestimationem,
1719 1130 1858 1184 ﬁde-

216 1221 542 1290 jussionem
566 1221 685 1275 sine
711 1221 829 1276 ullo
856 1223 1064 1277 damno
1093 1222 1408 1294 praebeant.
1447 1222 1502 1277 Si
1531 1239 1663 1276 vero
1693 1222 1858 1277 dubi-

223 1313 475 1368 taverint
501 1316 790 1368 exactores
814 1315 882 1368 de
909 1315 1301 1385 ﬁdejussorum
1329 1315 1458 1380 fide,
1495 1313 1860 1368 facultatibus

221 1410 326 1460 aut
353 1407 634 1473 cautione,
667 1405 724 1460 in
753 1407 1016 1462 eumdem
1046 1408 1230 1462 locum
1255 1407 1710 1478 religiosissimus
1735 1407 1856 1478 epi-

223 1516 450 1570 scopus,
485 1502 541 1553 et
576 1502 764 1570 patres
800 1500 1059 1569 civitatis,
1094 1517 1159 1554 ac
1190 1501 1453 1555 defensor
1493 1499 1855 1568 conveniant,

218 1607 287 1645 ac
319 1592 653 1657 decernant,
678 1609 752 1645 an
779 1592 1012 1647 idoneus
1034 1608 1153 1646 esse
1170 1592 1469 1662 fidejussor
1497 1592 1757 1647 videatur
1770 1609 1858 1646 us-

219 1701 336 1754 que
365 1683 438 1738 ad
465 1683 843 1754 quantitatem
863 1685 930 1739 de
951 1701 1062 1756 qua
1083 1685 1292 1755 agitur,
1323 1690 1379 1740 et
1400 1700 1623 1740 necesse
1652 1685 1860 1740 habeat

221 1780 455 1830 exactor
481 1777 764 1847 suscipere
785 1793 918 1831 eum
946 1777 1004 1832 in
1022 1778 1153 1847 Iidej
1165 1793 1435 1845 ussorem,
1460 1777 1558 1848 qui
1582 1777 1726 1832 nihil
1751 1794 1856 1848 pro

1964 578 2072 629 tate
2087 576 2289 641 furiosi
2313 590 2516 643 gerere,
2545 589 2714 643 neque
2726 576 3138 644 praetermittere
3161 588 3283 643 qua:
3307 575 3470 628 utilia
3487 589 3596 630 esse

1959 669 2168 734 furioso
2193 669 2492 736 putaverit,
2534 681 2703 736 neque
2734 667 3016 722 admittere
3045 683 3108 721 ea
3135 682 3256 736 qua:
3289 682 3396 721 non
3431 668 3595 722 utilia

1958 762 2166 828 furioso
2192 774 2300 814 esse
2329 761 2758 824 existimaverit;
2801 761 2879 826 et,
2911 758 3227 814 inventario
3267 775 3397 814 cum
3435 759 3592 814 omni

1961 852 2269 907 subtilitate
2290 851 2510 922 publice
2536 851 2878 922 conscripto,
2907 868 2994 906 res
3013 851 3299 923 suscipiat,
3325 856 3380 907 et
3396 867 3594 906 secun-

1961 944 2099 999 dum
2124 945 2211 998 sui
2242 943 2572 1014 opinionem
2599 944 2864 1015 disponat
2899 944 3002 998 sub
3031 944 3352 1015 hypotheca
3391 961 3590 999 rerum

1963 1035 2037 1091 ad
2066 1052 2198 1090 eum
2227 1036 2661 1108 pertinentium,
2687 1037 2760 1092 ad
2787 1037 3222 1091 similitudinem
3246 1040 3505 1092 tutorum
3531 1041 3590 1093 et

1962 1133 2289 1184 curatorum
2314 1129 2508 1183 adulti.
2540 1129 2641 1184 Sin
2677 1133 2868 1185 autem
2904 1133 3312 1184 testamentum
3346 1130 3587 1201 quidem

1960 1237 2169 1292 parens
2198 1237 2314 1275 non
2333 1221 2658 1290 confecerit,
2687 1222 2780 1275 lex
2805 1227 2995 1277 autem
3015 1225 3358 1290 curatorem,
3388 1226 3586 1293 utpote

1958 1318 2254 1384 agnatum,
2278 1312 2578 1382 vocaverit,
2599 1314 2707 1379 vel,
2726 1329 2792 1368 eo
2818 1319 3088 1382 cessante,
3111 1319 3210 1368 aut
3233 1331 3350 1369 non
3375 1315 3585 1370 idoneo

1957 1405 2194 1462 forsitan
2221 1405 2514 1474 existente,
2535 1405 2872 1477 exjudiciali
2893 1407 3170 1461 electione
3187 1409 3506 1462 curatorem
3532 1406 3587 1461 ei

1960 1498 2092 1554 dare
2113 1515 2340 1553 necesse
2359 1497 2554 1566 fuerit,
2569 1501 2703 1552 tunc
2717 1499 2934 1552 scilicet
2952 1502 3009 1553 et
3033 1499 3092 1552 in
3112 1499 3414 1569 provinciis
3436 1500 3587 1570 apud

1956 1589 2226 1662 praesides
2244 1591 2632 1661 cujuscunque
2654 1589 2984 1662 provinciis,
3009 1594 3066 1645 et
3081 1591 3267 1646 virum
3283 1591 3589 1662 religiosis-

1957 1683 2165 1738 simum
2194 1682 2524 1754 episcopum
2567 1682 2826 1749 civitatis,
2860 1699 3086 1738 necnon
3132 1687 3250 1738 tres
3293 1684 3582 1754 primates,

1957 1776 2166 1831 creatio
2193 1774 2498 1846 procedat;
2529 1775 2609 1830 ita
2635 1778 2715 1844 ut,
2745 1775 2794 1829 si
2821 1774 3053 1846 quidem
3080 1779 3308 1830 curator
3331 1777 3587 1831 substan-

220 1869 354 1938 fidej
364 1869 586 1923 ussione
603 1873 1066 1924 autsaeramento
1082 1871 1390 1941 praestabit,
1410 1847 1794 1941 praeterquam
1812 1871 1857 1924 si
1876 1847 1933 1919 B
1959 1868 2096 1923 tiam
2112 1868 2386 1923 idoneam
2415 1868 2679 1938 possidet,
2701 1872 2756 1922 et
2781 1866 3160 1922 suﬁcientem
3179 1868 3253 1922 ad
3282 1868 3458 1923 fidem
3483 1884 3586 1940 gu-

217 1962 440 2032 privata
477 1967 690 2029 nostra,
725 1967 823 2016 aut
856 1962 1195 2032 cujusquam
1225 1962 1596 2033 magistratus
1625 1963 1856 2033 majoris

209 2053 473 2123 jussione
490 2069 781 2123 personam
806 2054 1104 2109 ducendam
1137 2070 1265 2116 esse,
1289 2055 1591 2124 ﬁdejussori
1609 2071 1717 2110 non
1747 2070 1855 2110 esse

217 2146 549 2200 credendum
563 2146 1075 2201 decernatur.Tunc
1090 2147 1244 2201 enim
1255 2147 1444 2202 licebit
1459 2147 1706 2202 exactori
1720 2148 1855 2202 ﬁde-
1901 2174 1904 2177 -

209 2239 504 2309 jussorem
527 2255 645 2292 non
671 2238 943 2310 accipere,
963 2239 1020 2293 id
1039 2256 1170 2294 vero
1197 2256 1367 2310 agere
1387 2239 1507 2294 sine
1530 2240 1646 2294 ullo
1675 2239 1850 2295 detri-

217 2335 435 2384 mento.
466 2332 746 2386 Caeterum
768 2332 970 2386 eadem
993 2333 1172 2386 multa
1201 2332 1464 2386 adversus
1497 2332 1850 2403 religiosissi-

216 2439 381 2478 mum
397 2424 726 2494 episcopum
754 2427 810 2478 et
827 2424 1204 2478 clarissimum
1229 2423 1529 2494 provinciae
1548 2424 1849 2494 praesidem

214 2517 554 2587 imponitur,
568 2515 614 2570 si
630 2516 766 2586 quid
782 2533 983 2571 eorum
998 2517 1317 2587 transgredi
1341 2517 1489 2588 passi
1504 2517 1736 2585 fuerint,
1751 2521 1850 2572 aut

214 2609 260 2662 si
299 2625 431 2662 cum
470 2612 887 2678 transgressum
918 2610 1166 2675 erit,non
1195 2609 1254 2663 id
1287 2609 1474 2663 statim
1499 2609 1850 2664 renuntiave-

211 2703 260 2756 ri
271 2700 462 2773 nt.—-§
481 2703 730 2772 7.Neque
749 2703 921 2756 etiam
935 2702 1222 2772 patiantur
1234 2705 1296 2756 ut
1307 2703 1431 2772 plus
1445 2702 1677 2758 definita
1688 2705 1846 2773 parte

209 2811 245 2848 a
269 2799 470 2848 nostra
492 2795 896 2849 constitutione
921 2811 1025 2866 pro
1044 2795 1310 2865 sportulis
1333 2795 1676 2866 accipiatur;
1702 2811 1843 2849 neve

210 2887 518 2957 descriptio
537 2888 610 2941 ob
632 2887 878 2958 aliquam
895 2889 1198 2942 causamin
1211 2887 1526 2942 civitatibus
1542 2889 1756 2942 fiatnisi
1771 2888 1844 2944 ob

206 2979 340 3034 illas
353 2983 599 3046 tantum,
619 2995 756 3050 quas
777 2997 946 3050 supra
964 2981 1448 3046 enumeravimus,
1466 2980 1841 3036 renuntiatio-

207 3088 314 3126 nes
334 3073 787 3142 processionum,
803 3072 1294 3138 constitutionum,
1317 3073 1462 3126 sacri
1485 3076 1541 3127 et
1565 3073 1843 3143 generalis

205 3168 657 3236 commonitorii,
695 3173 794 3223 aut
827 3170 1046 3237 formai,
1089 3173 1190 3224 aut
1213 3170 1553 3240 litterarum,
1588 3173 1644 3224 et
1671 3170 1841 3240 hujus
1859 3201 1914 3275 Ο

204 3261 368 3316 modi
405 3262 664 3315 omnium
702 3278 917 3330 rerum,
954 3262 1024 3316 de
1053 3262 1258 3334 quibus
1296 3265 1470 3317 antea
1511 3263 1835 3317 sanximus:

204 3355 349 3408 item
368 3370 492 3424 quin
521 3357 750 3424 propter
774 3371 933 3408 suam
963 3354 1474 3422 conservationem,
1495 3358 1665 3424 atque
1684 3354 1837 3408 salu-

203 3452 326 3502 tem
345 3447 491 3500 cives
513 3448 698 3501 facere
723 3447 1003 3500 voluerint
1022 3447 1093 3501 ad
1116 3463 1291 3517 opera
1311 3448 1456 3502 forte
1477 3447 1725 3518 publica,
1754 3447 1840 3502 vel

201 3540 277 3593 ad
329 3539 620 3606 sitoniam,
658 3541 743 3594 vel
782 3540 852 3593 ad
892 3539 1064 3593 aliam
1119 3539 1375 3610 quamvis
1413 3555 1660 3607 causam,
1710 3555 1839 3610 quas

203 3631 477 3685 omnibus
516 3632 737 3702 placeat
783 3636 1020 3702 pr0pter
1064 3631 1221 3685 urbis
1259 3632 1542 3686 honorem
1585 3632 1729 3700 ﬁeri,
1773 3648 1839 3685 ex

202 3741 322 3795 quo
351 3724 669 3794 respublica
709 3724 1030 3794 adjuvetur.
1063 3726 1272 3780 Contra
1302 3741 1396 3779 eos
1424 3741 1555 3779 vero
1590 3724 1689 3794 qui
1716 3725 1838 3779 haec

204 3816 530 3887 transgredi
583 3816 949 3883 tentaverint,
991 3821 1049 3870 et
1091 3817 1136 3870 si
1167 3817 1241 3871 ad
1278 3834 1380 3871 nos
1421 3816 1839 3887 religiosissimi

198 3909 460 3980 episcopi
476 3909 534 3963 id
560 3926 674 3963 non
698 3909 1017 3976 retulerint,
1041 3926 1109 3964 ea
1138 3914 1434 3964 serventur
1461 3926 1588 3980 qua:
1615 3913 1785 3964 antea
1805 3927 1838 3965 a

198 4003 371 4058 nobis
393 4003 748 4057 commonita
777 4006 930 4056 sunt.
950 4035 1018 4042 —
1047 4001 1076 4074 §
1108 4006 1158 4057 8.
1183 4006 1367 4074 Atque
1399 4005 1623 4073 oportet
1647 4003 1838 4074 singu-

197 4098 393 4150 larum
413 4095 641 4149 urbium
666 4095 765 4149 Dei
787 4095 1212 4150 amantissimos
1235 4096 1544 4166 episcopos,
1566 4111 1695 4150 cum
1719 4112 1838 4150 om-

200 4189 298 4242 nia
327 4188 698 4258 cognoverint
725 4205 853 4259 quaa
882 4205 916 4241 a
945 4189 1110 4243 nobis
1136 4189 1204 4243 de
1241 4189 1330 4243 his
1363 4189 1532 4243 rebus
1565 4188 1836 4258 disposita

197 4285 359 4346 sunt,
395 4285 452 4333 et
481 4280 551 4334 de
579 4283 923 4335 metatorum
961 4281 1269 4348 exactione,
1304 4286 1361 4336 et
1395 4281 1464 4336 de
1498 4281 1835 4351 rapinarum

198 4373 614 4446 prohibitione,
645 4391 709 4428 ac
739 4373 809 4428 de
839 4375 1059 4428 caeteris
1092 4374 1262 4428 rebus
1293 4391 1420 4445 quas
1455 4379 1645 4428 nostra
1679 4389 1835 4428 sacra

195 4465 610 4522 constitutione
656 4467 1040 4533 continentur,
1091 4483 1219 4538 quae
1263 4467 1332 4520 de
1376 4467 1640 4521 omnibus
1683 4466 1836 4520 edita

1956 1960 2330 2028 bernationis,
2366 1959 2487 2015 sine
2517 1959 2712 2030 aliqua
2745 1959 3111 2016 satisdatione
3139 1960 3352 2015 creatio
3378 1977 3579 2032 proce-

1953 2053 2070 2108 dat.
2092 2053 2190 2108 Sin
2210 2057 2406 2107 autem
2435 2068 2548 2106 non
2560 2051 2696 2106 talis
2721 2067 2925 2106 census
2944 2052 3065 2122 ejus
3079 2051 3422 2120 inveniatur,
3445 2057 3582 2108 tunc

1953 2151 2010 2201 et
2029 2144 2342 2216 ﬁdejussio,
2364 2145 2423 2198 in
2453 2148 2737 2216 quantum
2764 2143 3031 2215 possibile
3062 2149 3167 2214 est,
3191 2143 3262 2200 ab
3290 2161 3360 2200 eo
3387 2147 3578 2216 explo-

1950 2242 2136 2304 retur;
2182 2237 2473 2292 creatione
2525 2236 2796 2304 omnino,
2854 2238 3224 2292 sacrosanctis
3278 2237 3580 2309 Scripturis

1950 2329 2270 2402 propositis,
2307 2330 2366 2384 in
2393 2330 2557 2384 omni
2610 2346 2782 2384 causa
2821 2329 3187 2397 celebranda;
3231 2330 3352 2400 ipso
3387 2335 3581 2387 autem

1950 2426 2231 2489 curatore,
2263 2422 2653 2492 cujuscunque
2681 2421 3010 2476 substantiae
3040 2423 3130 2477 vel
3160 2422 3454 2493 dignitatis
3483 2424 3575 2491 sit,

1947 2515 2253 2586 praefatum
2277 2517 2696 2570 sacramentum
2725 2530 2832 2586 pro
2872 2513 3089 2568 utiliter
3114 2514 3282 2569 rebus
3309 2516 3576 2586 gerendis

1947 2608 2279 2679 praestante,
2311 2611 2368 2661 et
2393 2607 2778 2661 inventarium
2807 2607 3034 2678 publice
3060 2608 3486 2675 conscribente;
3519 2613 3578 2664 et

1946 2699 2270 2772 hypotheca
2295 2717 2491 2754 rerum
2512 2700 2790 2755 curatoris
2815 2699 3005 2754 modis
3020 2701 3286 2755 omnibus
3304 2701 3576 2757 adhiben-

1947 2793 2037 2859 da,
2057 2795 2338 2864 quatenus
2364 2809 2455 2847 res
2480 2792 2701 2864 possint
2726 2793 2923 2848 furiosi
2953 2793 3209 2865 undique
3236 2794 3449 2848 utiliter
3474 2811 3577 2865 gu-

1943 2885 2192 2940 bernari.
2226 2885 2431 2940 Datum
2479 2885 2603 2940 Kal.
2654 2886 2810 2956 Sept.
2855 2886 3238 2954 Constantin.,
3272 2886 3469 2958 Lamp.
3516 2889 3575 2943 et

1944 2977 2138 3035 Oreste
2166 2993 2256 3033 vv.
2283 2994 2363 3032 cc.
2393 2994 2535 3034 coss.
2569 2981 2692 3034 530.

2571 3076 2697 3131 LEX
2723 3077 2946 3132 XXVIII.

2011 3162 2170 3217 Idem
2197 3165 2486 3234 Augustus
2510 3163 2733 3219 Iuliano
2755 3165 2815 3219 P.
2839 3165 2902 3219 P.

2009 3251 2148 3304 Tam
2191 3251 2477 3305 dementis
2517 3269 2694 3322 quam
2730 3253 2930 3307 furiosi
2960 3254 3148 3322 liberi,
3179 3254 3571 3325 cujuscunque

1940 3359 2125 3409 sexus,
2164 3347 2404 3413 possunt
2438 3343 2723 3414 legitimas
2768 3345 3112 3400 contrahere
3163 3345 3412 3417 nuptias,
3448 3350 3568 3401 tam

1941 3435 2072 3489 dote
2095 3451 2266 3505 quam
2286 3442 2417 3490 ante
2441 3437 2668 3507 nuptias
2689 3437 3003 3492 donatione
3032 3455 3066 3492 a
3092 3443 3348 3493 curatore
3368 3455 3569 3494 eorum

1938 3527 2260 3600 praestanda
2283 3545 2297 3583 :
2320 3529 2699 3584 aestimatione
2723 3533 2917 3584 tamen
2939 3530 2998 3584 in
3020 3531 3126 3585 hac
3145 3531 3380 3602 quidem
3406 3531 3568 3602 regia

1939 3621 2080 3675 urbe
2113 3621 2569 3676 excellentissimi
2596 3622 2848 3693 praefecti
2875 3623 3026 3690 urbi,
3054 3623 3113 3678 in
3142 3623 3444 3695 provinciis
3471 3640 3568 3679 au-

1938 3717 2058 3767 tem
2102 3713 2353 3768 virorum
2399 3715 2847 3771 clarissimorum
2889 3732 3086 3788 earum
3127 3716 3434 3788 prmsidum
3478 3717 3568 3772 vel

1937 3807 2193 3861 locorum
2217 3807 2555 3876 antistitum,
2575 3811 2695 3863 tam
2713 3809 2983 3880 opinione
3002 3825 3259 3880 personas
3271 3827 3445 3880 quam
3461 3810 3563 3865 do-

1937 3899 2010 3956 tis
2031 3899 2446 3968 moderatione,
2477 3903 2535 3955 et
2552 3905 2683 3955 ante
2711 3902 2939 3974 nuptias
2957 3902 3304 3970 donationis,
3318 3906 3566 3959 statuen-

1939 3992 2036 4060 da;
2070 3993 2447 4063 praesentibus
2461 3998 2580 4049 tam
2598 3995 2951 4049 curatoribus
2980 3995 3262 4050 dementis
3282 4012 3457 4067 quam
3481 3997 3564 4051 fu-

1934 4085 2090 4155 riosi,
2136 4102 2364 4141 necnon
2399 4086 2488 4140 his
2523 4087 2620 4158 qui
2658 4104 2728 4143 ex
2758 4105 2973 4160 genere
3005 4105 3208 4144 eorum
3254 4089 3564 4145 nobiliores

1937 4187 2096 4250 sunt;
2125 4183 2205 4238 ita
2231 4186 2523 4251 tamen,ut
2538 4185 2698 4240 nulla
2719 4202 2786 4240 ex
2812 4186 2918 4240 hac
2945 4203 3114 4241 causa
3138 4186 3372 4256 oriatur,
3389 4188 3475 4242 vel
3506 4187 3565 4242 in

1935 4276 2043 4332 hac
2071 4276 2230 4347 regia
2257 4277 2418 4345 urbe,
2451 4279 2540 4333 vel
2568 4279 2628 4332 in
2654 4279 2956 4349 provinciis
2978 4280 3205 4351 jactura
3235 4281 3564 4337 substantia

1934 4369 2151 4436 furiosi,
2180 4370 2270 4425 vel
2299 4369 2604 4439 dementis,
2618 4373 2702 4426 vel
2720 4375 2914 4428 mente
2935 4372 3105 4444 capti,
3125 4374 3225 4428 sed
3244 4373 3418 4446 gratis
3437 4390 3562 4429 om-

1935 4462 2031 4518 nia
2055 4463 2384 4535 procedant,
2421 4481 2494 4518 ne
2516 4465 2628 4519 tale
2650 4465 2952 4520 hominum
2978 4466 3356 4523 infortunium
3391 4467 3563 4522 etiam

197 4564 312 4627 est,
340 4559 518 4613 ﬁnem
551 4563 967 4629 competentem
1006 4560 1322 4631 imponant.
1355 4562 1558 4616 Datum
1589 4576 1686 4615 vm
1723 4559 1833 4614 Ka-
1854 4564 1914 4637 D
1937 4572 2316 4628 expensarum
2343 4556 2687 4612 detrimento
2716 4562 3128 4630 praegravatur.

195 4651 360 4708 lend.
387 4652 518 4719 Jul.,
550 4652 839 4722 Chalced.,
869 4653 1139 4724 Lampad.
1169 4669 1284 4708 cos.
1321 4656 1441 4709 530.

837 4751 961 4804 LEX
1000 4752 1196 4806 XXVII.

275 4838 436 4895 Idem
465 4838 987 4909 AugustusJuliano
1011 4840 1072 4893 P.
1102 4839 1161 4893 P.

274 4933 356 4986 De
389 4931 769 4986 creationibus
789 4937 1138 5000 curatorum,
1163 4932 1262 5003 qui
1288 4931 1511 4987 furiosis
1536 4931 1834 5003 utriusque

196 5042 370 5081 sexus
402 5025 627 5090 dantur,
666 5025 1050 5080 necessarium
1093 5025 1256 5079 nobis
1283 5025 1467 5079 visum
1507 5030 1592 5080 est
1626 5025 1832 5080 consti-

195 5125 365 5174 tuere
409 5117 900 5188 quemadmodum
940 5134 1032 5172 eas
1059 5118 1334 5172 celebrari
1366 5122 1648 5189 oporteat.
1678 5119 1765 5185 Et,
1791 5118 1836 5172 si

198 5211 441 5284 quidem
455 5214 618 5282 pater
637 5215 961 5266 curatorem
981 5212 1195 5266 furioso
1211 5211 1300 5265 vel
1316 5211 1544 5266 furiosae
1559 5211 1616 5266 in
1636 5211 1835 5266 ultimo

200 5304 400 5375 elogio
424 5304 751 5358 haeredibus
779 5303 1050 5358 institutis
1080 5305 1164 5359 vel
1191 5304 1566 5358 exhaaredatis
1595 5304 1834 5371 dederit,

201 5397 305 5454 ubi
343 5400 400 5450 et
446 5397 872 5468 ﬁdejussionem
928 5411 1146 5451 cessare
1183 5413 1409 5451 necesse
1445 5401 1549 5464 est,
1593 5400 1836 5468 paterno

195 5489 537 5546 testimonio
563 5507 666 5561 pro
693 5491 815 5560 ejus
835 5488 1202 5542 satisdatione
1225 5489 1565 5556 sufficiente,
1591 5489 1710 5560 ipse
1739 5489 1837 5560 qui

195 5585 375 5640 datus
405 5586 489 5637 est
517 5583 589 5637 ad
611 5582 972 5637 curationem
999 5581 1322 5651 perveniat:
1355 5581 1435 5634 ita
1455 5590 1670 5651 tamen,
1696 5582 1835 5638 utin

196 5675 515 5749 provinciis
541 5676 692 5746 apud
731 5671 1002 5746 przesides
1039 5689 1258 5739 earum,
1288 5678 1568 5742 prasente
1605 5675 1689 5729 eis
1721 5680 1838 5729 tam

199 5770 330 5824 viro
369 5767 800 5838 religiosissimo
841 5766 1098 5820 locorum
1143 5764 1625 5836 antistite,'quam
1656 5766 1837 5821 tribus

199 5861 574 5937 primatibus,
608 5861 744 5916 actis
780 5858 1309 5929 intervenientibus,
1350 5858 1510 5914 tactis
1540 5875 1834 5917 sacrosan-

2579 4655 2705 4709 LEX
2743 4657 2900 4712 ΧΧΙΧ

2007 4741 2165 4797 Idem
2195 4742 2485 4811 Augustus
2507 4741 2733 4798 Juliano
2757 4745 2817 4800 P.
2849 4745 2910 4798 P.

2007 4834 2303 4889 Sancimus
2333 4838 2396 4889 ut
2425 4850 2598 4890 nemo
2624 4835 2962 4891 venerabilis
2998 4836 3241 4892 clericus
3273 4837 3344 4892 ab
3367 4838 3562 4910 aliquo

1937 4926 2052 4982 sive
2079 4927 2303 4997 clerico,
2335 4927 2452 4982 sive
2485 4928 2630 4982 laico
2658 4929 2728 4984 ab
2772 4929 2935 4984 initio
2963 4930 3115 5002 apud
3161 4929 3562 4986 beatissimum

1935 5020 2241 5094 provinciae
2283 5020 2672 5076 Patriarcham
2709 5028 3024 5092 accusetur,
3069 5024 3171 5078 sed
3210 5024 3368 5095 prius
3405 5025 3567 5096 juxta

1937 5131 2098 5171 sacra
2122 5114 2384 5170 instituta
2410 5115 2562 5186 apud
2591 5115 2922 5188 episcopum
2957 5117 3198 5172 civitatis
3224 5118 3284 5173 in
3313 5135 3429 5190 qua
3457 5119 3567 5174 cle-

1936 5208 2088 5264 ricus
2121 5211 2414 5275 versatur;
2447 5213 2591 5276 tum,
2624 5210 2670 5263 si
2698 5210 2744 5265 is
2780 5213 3074 5283 suspectus
3103 5215 3207 5279 est,
3254 5212 3409 5284 apud
3442 5228 3564 5268 me-

1936 5301 2355 5373 tropolitanum
2385 5303 2713 5374 episcopum
2736 5320 2899 5360 reum
2927 5309 3095 5376 agat;
3128 5306 3226 5361 sed
3253 5306 3298 5360 si
3323 5305 3470 5362 forte
3496 5324 3569 5363 ne

1939 5394 1992 5449 ei
2021 5395 2251 5466 quidem
2270 5395 2554 5450 accusatio
2575 5397 2869 5467 placuerit,
2894 5397 2966 5452 ad
2985 5415 3209 5454 sacram
3227 5399 3350 5470 ejus
3378 5400 3567 5471 regio-

1939 5488 2028 5542 nis
2055 5487 2333 5559 synodum
2351 5492 2674 5543 accusatum
2695 5489 2971 5557 deducat;
3005 5495 3062 5546 et
3087 5508 3217 5546 cum
3243 5493 3569 5564 motmpoli-

1938 5584 2096 5650 tano,
2115 5581 2296 5636 tribus
2317 5581 2783 5638 convenientibus
2804 5583 3248 5654 religiosissimis
3268 5585 3564 5657 episcopis,

1939 5675 2040 5746 qui
2081 5675 2300 5730 caeteris
2337 5677 2587 5746 propter.
2601 5675 3022 5733 ordinationem
3060 5678 3460 5749 praeferuntur,
3495 5677 3566 5732 de

1939 5783 2111 5822 causa
2137 5783 2329 5822 coram
2355 5771 2469 5822 tota
2489 5768 2709 5840 synodo
2731 5775 3141 5841 cognoscatur;
3173 5774 3230 5824 et
3258 5769 3304 5824 si
3331 5769 3566 5840 quidem

1940 5859 1994 5917 ei
2016 5859 2412 5934 quaajudicata
2426 5866 2597 5920 erunt
2613 5862 2953 5937 placuerint,
2966 5863 3036 5919 ab
3054 5862 3370 5920 accusando
3384 5860 3561 5918 disce-
