4088 6486
492 359 627 412 1079

1607 348 1860 404 SECULI
1897 349 2088 404 SEXTI
2125 347 2678 407 SUPPLEMENTUM.

3755 345 3926 400 1080

493 461 608 518 dat.
643 460 701 516 Si
737 473 868 514 vero
908 473 965 512 se
999 455 1132 512 ledi
1169 455 1592 522 existimaverit,
1637 457 1903 526 provocet
1950 453 2100 508 illius
2121 463 2181 537 Α
2201 453 2304 509 sub
2331 456 2414 510 eis
2445 460 2578 512 sunt
2604 454 2992 512 ordinationes
3028 453 3268 518 faciunt,
3303 468 3374 508 ea
3405 452 3484 507 de
3513 466 3718 506 causa
3749 449 3928 504 illud

493 552 798 625 provinciae
819 548 1210 604 beatissimum
1247 547 1654 618 patriarcham,
1689 549 1858 617 atque
1885 545 1952 600 iis
1973 561 2100 616 que

493 645 614 716 ipse
637 641 977 714 judicaverit
992 639 1226 696 omnino
1240 641 1452 710 pareat,
1470 638 1705 710 perinde
1726 654 1790 692 ac
1805 637 1854 691 si
1880 653 2011 692 eum
2029 637 2100 691 ab

490 735 655 790 initio
675 733 924 805 judicem
947 735 1095 787 esset
1117 734 1476 797 consecutus;
1507 746 1642 784 nam
1673 731 1869 784 contra
1891 729 2101 782 horum

491 827 809 883 antistitum
835 824 1145 879 sententias
1173 839 1291 878 non
1317 839 1438 876 esse
1467 823 1652 876 locum
1667 820 2045 892 appellationi,
2068 837 2103 874 a

493 919 807 989 majoribus
833 917 1039 972 nostris
1057 915 1428 970 constitutum
1455 917 1558 968 est.
1574 914 1688 967 Hoc
1707 912 1866 966 idem
1883 927 2105 966 servan-

495 1011 632 1066 dum
649 1013 752 1077 est,
779 1009 825 1063 si
856 1009 1151 1080 episcopus
1171 1007 1242 1061 ab
1271 1005 1460 1076 aliquo
1488 1005 1648 1073 laico,
1677 1005 1788 1058 sive
1815 1003 1886 1058 ab
1912 1003 2102 1074 aliquo

493 1103 716 1168 clerico,
749 1101 864 1155 sive
892 1101 962 1154 ab
991 1101 1168 1154 altero
1198 1097 1620 1170 religiosissimo
1651 1095 1911 1166 episcopo
1946 1111 2106 1150 accu-

495 1198 648 1250 satus
675 1195 764 1248 sit.
797 1194 939 1247 Nam
977 1195 1040 1246 ut
1069 1191 1256 1245 statim
1302 1189 1580 1244 accusatio
1610 1189 1682 1243 ad
1723 1187 2104 1242 sanctissimos

492 1286 840 1359 patriarchas
859 1285 1168 1350 deferatur,
1187 1286 1320 1338 etut
1339 1281 1581 1336 accusati
1603 1281 1664 1334 in
1683 1279 1858 1334 aliam
1884 1279 2108 1349 provin-

495 1379 639 1435 ciam
649 1378 968 1443 mittantur,
990 1375 1226 1430 omnino
1244 1373 1632 1446 prohibemus,
1655 1377 2034 1443 praeterquam
2059 1371 2106 1424 si

495 1469 913 1526 accusationem
928 1469 1053 1538 quis
1077 1467 1148 1522 ob
1169 1483 1296 1522 eam
1324 1481 1446 1520 rem
1470 1463 1742 1532 intulerit,
1759 1463 1910 1534 quod
1938 1479 2108 1517 causa

494 1563 644 1618 illius
669 1562 916 1634 regionis
933 1558 1356 1629 religiosissime
1377 1557 1638 1627 episcopo
1659 1556 1966 1610 commissa
1993 1555 2110 1608 fue-

495 1657 590 1723 rit,
622 1672 734 1726 quo
762 1671 892 1708 casu
918 1654 1050 1706 licet
1076 1651 1146 1704 ad
1176 1651 1328 1720 ipsos
1355 1665 1581 1720 quoque
1608 1647 1984 1702 sanctissimos
2005 1663 2106 1717 pa-

494 1747 770 1804 triarchas
796 1745 1020 1799 deferre
1047 1741 1482 1797 accusationem.
1511 1741 1738 1794 Littera:
1763 1743 1960 1793 tamen
1978 1755 2111 1792 con-

2201 549 2486 604 observari
2527 549 2832 615 sancimus,
2863 547 3019 618 quod
3058 545 3131 600 de
3162 542 3662 616 motropolitanis
3714 545 3931 596 antea

2201 641 2616 712 disposuimus;
2657 641 2704 695 is
2745 639 2902 694 enim
2931 639 3062 710 jure
3088 637 3603 708 metropolitanus
3637 637 3932 690 vocatur

2201 733 2298 804 qui
2323 733 2383 788 in
2415 733 2709 804 episcOpos
2735 731 2992 786 minores
3022 747 3090 786 ex
3119 729 3298 785 sacris
3323 729 3563 801 regulis
3594 744 3753 783 eam
3807 742 3930 797 po-

2199 825 2464 876 testatem
2487 821 2681 877 habet.
2714 822 2838 876 Dat.
2873 837 2946 876 xv
2975 819 3095 875 Kal.
3137 819 3302 886 Nov.,
3331 817 3472 886 CP.,
3505 817 3748 887 Lamp.
3791 830 3930 870 cos.

2203 916 2324 969 530.

2865 983 2993 1038 LEX
3023 982 3171 1036 XXX.

2273 1099 2429 1154 Idem
2450 1099 2736 1168 Augustus
2757 1097 2966 1152 Joanni
2985 1099 3045 1151 P.
3079 1080 3141 1151 P'.

2275 1191 2590 1258 Sancimus,
2618 1190 2677 1244 in
2709 1189 3100 1245 curationibus
3119 1187 3456 1259 juniorum,
3483 1187 3619 1242 sive
3653 1186 3930 1257 primae,

2205 1283 2319 1338 sive
2367 1283 2630 1338 secunda:
2665 1283 2780 1337 sint
2821 1281 3023 1348 aetatis,
3069 1283 3174 1335 aut
3203 1280 3302 1335 alii
3345 1279 3639 1351 quidam,
3681 1278 3935 1349 quibus

2204 1377 2294 1431 lex
2315 1375 2412 1430 dat
2431 1378 2742 1443 curatores,
2762 1373 3049 1445 siquidem
3064 1390 3253 1444 usque
3275 1373 3350 1428 ad
3376 1372 3788 1443 quingentos
3811 1387 3933 1424 au—

2205 1484 2329 1523 reos
2371 1472 2428 1522 et
2472 1467 2831 1522 solummodo
2869 1467 3174 1520 facultates
3214 1465 3335 1520 sint
3373 1464 3743 1535 juniorum,
3793 1479 3936 1516 non

2204 1559 2512 1631 praesidum
2539 1559 2962 1630 provinciarum
2991 1562 3328 1629 exspectare
3357 1557 3794 1623 creationem,
3825 1572 3938 1609 ne-

2206 1669 2317 1724 que
2329 1652 2598 1722 impensis
2611 1651 2878 1706 maximis
2889 1651 3114 1720 subjici,
3131 1649 3495 1722 praesidibus
3508 1651 3682 1704 forte
3705 1665 3936 1718 neque

2208 1743 2562 1800 morantibus
2589 1743 2647 1798 in
2677 1743 2913 1798 urbibus
2939 1743 3052 1797 illis
3080 1743 3142 1796 in
3175 1742 3393 1812 quibus
3420 1742 3712 1812 prospici
3747 1758 3940 1795 cura-

497 1841 758 1895 ﬁciantur
781 1837 855 1892 ad
882 1837 1134 1907 aliquem
1162 1851 1228 1888 ex
1242 1833 1516 1904 episcopis
1534 1848 1733 1887 eorum
1753 1832 2030 1896 locorum,
2049 1807 2185 1885 utB
2207 1836 2348 1891 tioni
2367 1835 2666 1906 contingit,
2693 1835 2794 1889 sed
2813 1835 2968 1905 apud
2993 1807 3240 1889 civitatis
3271 1807 3444 1888 illius
3462 1807 3774 1888 ecdicum
3810 1831 3940 1902 [de-

497 1933 548 1989 is
579 1947 805 1986 causam
839 1928 1051 1994 audiat,
1082 1931 1149 1982 ut
1179 1930 1346 1980 antea
1373 1941 1406 1978 a
1447 1924 1607 1978 nobis
1653 1923 1868 1978 dictum
1909 1926 2012 1978 est.
2041 1953 2110 1963 —

498 2024 530 2097 §
559 2028 609 2078 l.
640 2025 764 2078 Non
792 2037 923 2075 vero
943 2020 997 2074 ei
1027 2019 1192 2073 liceat
1223 2019 1407 2072 facere
1435 2021 1498 2070 ut
1527 2015 1948 2070 descendantin
1970 2031 2108 2086 pro-

497 2115 712 2170 vincias
739 2111 1090 2168 venerabiles
1119 2109 1329 2176 clerici,
1359 2114 1416 2162 et
1453 2107 1791 2163 immodicas
1817 2108 2107 2178 sportulas,

502 2209 638 2263 dum
659 2208 1014 2272 accusantur,
1032 2203 1298 2267 inferant,
1313 2216 1426 2271 qua
1444 2201 1504 2254 in
1525 2216 1584 2254 re
1606 2201 1898 2270 hucusque
1917 2215 2114 2270 pecca-

499 2306 623 2355 tum
654 2315 774 2352 esse
801 2295 1195 2366 cognovimus.
1221 2295 1412 2364 Neque
1445 2291 1600 2346 enim
1625 2292 1683 2345 in
1711 2292 1962 2362 singulas
1982 2307 2112 2346 reo-

500 2408 628 2448 rum
671 2406 944 2462 personas
987 2389 1113 2458 plus
1151 2389 1309 2441 sexta
1351 2384 1503 2439 aurei
1545 2383 1769 2438 nummi
1811 2386 1973 2454 parte
2011 2399 2113 2454 pro

501 2483 770 2556 sportulis
798 2481 920 2536 dari
956 2479 1318 2535 concedimus
1341 2477 1410 2531 iis
1435 2477 1534 2547 qui
1559 2493 1592 2530 a
1616 2475 1982 2530 sanctissimis
2013 2491 2112 2546 pa-

499 2576 762 2633 triarchis
785 2591 848 2628 ac
877 2570 1334 2642 metropolitanis
1353 2569 1686 2634 mittuntur;
1710 2571 1810 2622 aut
1835 2567 1881 2621 si
1907 2567 2116 2638 episco-

500 2687 604 2740 pus
621 2668 826 2722 missus
844 2669 948 2732 est,
963 2681 1061 2719 sex
1078 2666 1304 2718 tantum
1323 2661 1480 2716 aurei
1498 2677 1568 2715 ex
1582 2675 1920 2732 quacunque
1940 2675 2116 2730 quan-

501 2762 660 2816 titate
687 2776 751 2812 ac
779 2775 966 2823 causa,
1000 2772 1186 2826 neque
1219 2754 1460 2824 amplius
1503 2753 1846 2823 praebeatur.
1895 2753 2009 2806 Hoc
2054 2751 2114 2806 in

499 2850 952 2922 metropolitanis
993 2848 1168 2902 etiam
1194 2850 1406 2912 teneat,
1441 2861 1572 2900 cum
1607 2845 1679 2899 ad
1716 2860 1813 2899 eos
1839 2843 2116 2898 accusatio

501 2950 698 3000 contra
726 2943 1056 3013 episcopum
1083 2940 1180 3010 qui
1206 2939 1310 2992 sub
1339 2954 1407 2992 eo
1431 2937 1505 2991 sit
1532 2941 1630 2990 aut
1655 2936 1776 3006 ejus
1809 2935 2117 3006 provincia:

502 3037 774 3092 clericum
799 3033 1072 3088 defertur.
1095 3033 1237 3085 Nam
1263 3029 1308 3083 si
1328 3029 1388 3083 in
1405 3027 1894 3097 civilibusjudiciis
1919 3028 2114 3083 mode-

502 3127 617 3183 rari
648 3127 1030 3198 sportularum
1056 3127 1113 3176 et
1141 3125 1472 3192 sumptuum
1508 3119 1748 3174 modum
1777 3119 2111 3186 curavimus,

501 3235 685 3290 eaque
721 3234 791 3272 ex
823 3219 950 3286 lege
992 3213 1247 3285 praestari
1279 3211 1576 3278 voluimus,
1619 3211 1802 3264 multo
1839 3211 2026 3281 magis
2055 3212 2114 3265 in

504 3309 889 3368 ecclesiasticis
927 3304 1378 3362 accusationibus
1410 3303 1648 3358 modum
1687 3303 1892 3358 servari
1928 3303 2115 3357 sanci-

505 3421 654 3459 mus.
678 3402 794 3474 ——§
819 3405 872 3455 2.
893 3401 1218 3466 Enimvero,
1251 3397 1295 3451 si
1326 3396 1562 3450 remissa
1589 3411 1754 3450 causa
1780 3395 1852 3449 ad
1878 3397 2116 3450 sanctis-

504 3499 712 3552 simum
735 3493 1142 3566 patriarcham,
1177 3494 1274 3544 aut
1293 3490 1366 3544 ad
1393 3489 1641 3558 aliquem
1666 3504 1737 3542 ex
1761 3487 2117 3558 religiosissi-

505 3591 614 3645 mis
633 3583 1104 3657 metropolitanis,
1129 3585 1228 3636 aut
1247 3582 1318 3636 ad
1338 3581 1514 3636 alium
1535 3580 1638 3634 Dei
1661 3579 2120 3635 amantissimum

507 3683 836 3754 episcopum
857 3675 1141 3731 sententia
1156 3675 1272 3728 lata
1289 3673 1380 3740 sit,
1408 3689 1537 3744 qua:
1562 3671 1728 3726 alicui
1753 3672 1902 3742 parti
1925 3672 2116 3743 displi-

507 3777 632 3830 ceat
652 3789 717 3828 ac
735 3771 1098 3843 provocetur,
1118 3767 1189 3820 ad
1207 3765 1747 3836 archiepiscopalem
1770 3765 1915 3818 hanc
1929 3765 2120 3820 sedem

505 3867 788 3922 referatur
811 3859 1138 3934 appellatio,
1154 3859 1214 3912 in
1243 3874 1353 3928 qua
1373 3859 1459 3928 (ut
1487 3857 1672 3912 adhuc
1698 3859 1984 3911 servatum
2016 3857 2118 3926 est)

507 3959 576 4014 lis
601 3957 996 4028 cognoscatur.

579 4049 611 4122 §
636 4050 687 4104 3.
720 4047 778 4102 Si
805 4062 938 4100 vero
969 4045 1096 4114 quis
1125 4057 1296 4096 ausus
1326 4041 1497 4095 fuerit
1523 4041 1792 4096 adversus
1819 4041 1942 4095 haec
1963 4040 2122 4111 quid-

507 4156 678 4214 quam
715 4143 956 4203 tentare,
994 4136 1042 4190 is
1077 4134 1312 4206 quidem
1350 4150 1523 4188 omne
1554 4133 1708 4204 quod
1740 4133 1960 4202 accepit
1989 4149 2116 4188 cum

511 4235 688 4289 altero
723 4236 882 4286 tanto
908 4229 962 4284 ei
1003 4228 1098 4299 qui
1128 4226 1426 4298 negotium
1456 4243 1652 4297 passus
1679 4228 1766 4280 est
1805 4225 2116 4296 praestabit,

509 4327 718 4396 fietque
747 4321 1134 4378 ecclesiasticae
1163 4321 1361 4374 multas
1398 4319 1683 4389 subjectus
1705 4318 1856 4389 apud
1886 4319 2117 4373 sanctis-

509 4419 720 4474 simum
749 4415 1154 4488 patriarcham,
1185 4415 1285 4467 aut
1312 4410 1804 4482 religiosissimum
1835 4414 2122 4482 metropo-

510 4511 772 4576 litanum,
803 4507 902 4580 qui
925 4511 1060 4562 tunc
1085 4505 1195 4560 erit
1219 4503 1727 4558 ecclesiasticorum
1755 4519 1998 4558 numero
2025 4503 2123 4574 eji-
2140 4505 2199 4578 Ι)
2221 4507 2327 4561 sul.
2366 4505 2562 4576 Lamp.

511 4603 763 4658 ciendus.

580 4695 611 4768 §
641 4697 695 4750 4.
728 4695 836 4749 Has
859 4695 1050 4746 autem
1077 4689 1350 4756 actiones,
1383 4688 1663 4760 siquidem
1695 4687 1768 4743 ad
1795 4688 2124 4744 ecclesiasti-

509 4805 576 4844 ca
600 4786 833 4859 negotia
857 4783 1168 4855 pertinent,
1184 4797 1413 4836 necesse
1442 4781 1568 4835 fore
1582 4781 1850 4850 jubemus
1869 4785 1982 4835 uta
1995 4781 2126 4836 solis

507 4877 944 4951 religiosissimis
987 4873 1264 4946 episcopis
1305 4876 1406 4928 aut
1443 4873 1924 4942 metropolitanis,
1957 4876 2060 4927 aut
2093 4889 2127 4928 a

511 4973 682 5028 sacris
708 4969 955 5043 synodis,
981 4973 1080 5022 aut
1111 4983 1144 5022 a
1171 4965 1535 5021 sanctissimis
1558 4966 1896 5037 patriarchis
1914 4982 2124 5036 cogno-

509 5068 765 5131 scantur;
783 5063 828 5117 si
846 5077 978 5117 vero
1000 5059 1250 5115 civilium
1273 5074 1468 5113 rerum
1500 5058 1884 5112 controversia
1913 5057 2003 5124 sit,
2034 5075 2129 5114 vo-

510 5159 692 5212 lentes
719 5155 1095 5227 quaestionem
1125 5152 1278 5223 apud
1296 5150 1571 5206 antistites
1595 5150 1908 5217 instituere,
1938 5151 2123 5222 patie-

511 5266 664 5317 mur,
691 5249 896 5304 invitos
915 5252 1109 5302 tamen
1139 5261 1258 5300 non
1284 5259 1574 5314 cogemus,
1604 5259 1734 5298 cum
1749 5242 1962 5312 judicia
1992 5244 2124 5298 civi-

509 5341 586 5397 lia
609 5341 739 5409 sint,
765 5341 810 5394 si
839 5357 908 5394 ea
925 5339 1083 5395 adire
1109 5337 1334 5407 malint,
1363 5336 1515 5408 apud
1545 5353 1673 5407 quae
1696 5335 1831 5390 licet
1859 5336 2035 5391 etiam
2054 5337 2124 5392 de

513 5431 846 5489 criminibus
869 5446 1224 5500 cognoscere.

583 5525 615 5598 §
643 5529 694 5580 5.
723 5523 1003 5588 Quoniam
1030 5539 1163 5577 vero
1181 5522 1412 5593 quidam
1436 5524 1570 5576 sunt
1592 5520 1930 5576 sanctissimi
1955 5521 2128 5592 patri-

511 5618 724 5686 archae,
753 5616 850 5687 qui
870 5615 928 5669 in
953 5615 1254 5686 provinciis
1271 5614 1331 5668 in
1357 5614 1563 5686 quibus
1583 5613 1829 5668 existunt
1847 5617 2129 5684 metropo-

511 5713 822 5768 litanorum
852 5708 1104 5763 officium
1131 5709 1358 5777 gerunt,
1387 5706 1480 5760 alii
1505 5723 1607 5777 per
1629 5709 1807 5761 totam
1837 5705 2124 5774 diaecesin,

513 5804 931 5875 episcoporum,
959 5797 1553 5868 metropolitanorum,
1577 5801 1748 5869 atque
1769 5797 2009 5856 aliorum
2029 5799 2126 5872 qui

2209 1927 2511 1999 fensorem]
2544 1931 2643 1982 aut
2678 1931 2998 1997 strategum
3052 1925 3502 1996 [magistratum
3551 1926 3935 1996 municipa-

2207 2020 2366 2090 lem,]
2383 2019 2540 2074 velin
2557 2019 2940 2074 Alexandrina
2951 2018 3184 2073 civitate
3204 2019 3366 2089 apud
3385 2019 3439 2088 ej
3449 2035 3521 2072 us
3531 2018 3936 2088 juridicum,

2209 2129 2325 2167 una
2345 2128 2474 2166 cum
2492 2111 2923 2181 religiosissime
2943 2111 3068 2180 ejus
3090 2111 3396 2181 episcopo,
3416 2114 3528 2164 aut
3547 2110 3696 2165 aliis
3732 2111 3940 2164 etiam

2210 2204 2448 2275 publicis
2474 2203 2754 2274 personis,
2794 2203 2840 2256 si
2867 2202 3076 2256 harum
3117 2202 3356 2272 copiam
3401 2203 3645 2256 habeat
3673 2203 3939 2271 civitas,

2211 2297 2336 2351 ﬁeri
2365 2295 2684 2350 creationes
2708 2299 3038 2348 curatorum
3065 2311 3170 2348 seu
3197 2298 3508 2362 tutorum;
3536 2295 3694 2365 fidej
3707 2312 3941 2350 ussore

2213 2387 2527 2442 secundum
2570 2403 2904 2440 mensuram
2953 2387 3304 2441 facultatum
3347 2387 3519 2454 dato,
3567 2389 3947 2442 secundum

2213 2481 2488 2536 dictarum
2535 2494 2917 2549 personarum
2947 2479 3281 2549 judicium;
3325 2482 3391 2533 et
3429 2479 3573 2534 aliis
3627 2481 3946 2536 omnibus

2213 2571 2676 2644 procedentibus,
2706 2587 3066 2642 quaecunque
3091 2588 3272 2642 super
3299 2574 3585 2627 tutorum
3613 2574 3724 2628 vel
3760 2591 3951 2629 cura-

2212 2668 2405 2720 torum
2430 2663 2793 2734 ﬁdejussione
2821 2667 2879 2718 et
2903 2663 3231 2718 secundum
3257 2665 3522 2720 modum
3549 2665 3948 2722 facultatum

2213 2761 2484 2812 consueta
2522 2761 2688 2822 sunt;
2731 2757 2855 2810 sola
2905 2771 3299 2827 personarum
3355 2759 3946 2824 transmutatione,

2211 2865 2317 2920 per
2359 2865 2498 2918 quas
2543 2848 2667 2902 haec
2704 2848 2843 2902 ﬁant
2885 2852 3130 2919 propter
3167 2849 3490 2904 minorum
3521 2851 3886 2907 utilitatem
3914 2871 3950 2906 a

2213 2939 2480 3012 praesenti
2506 2939 2796 2995 sanctione
2815 2939 3176 3009 introducta;
3195 2941 3486 2996 omnibus
3510 2943 3832 2999 videlicet
3851 2945 3952 3000 his

2215 3033 2318 3088 sub
2329 3034 2448 3088 sola
2463 3032 2713 3086 duorum
2731 3031 3155 3087 numismatum
3175 3033 3258 3102 [id
3279 3039 3394 3101 est,
3414 3035 3816 3106 solidorum]
3843 3038 3953 3092 da-

2213 3125 2369 3180 tione
2412 3123 2794 3191 conficiendis,
2839 3124 3169 3194 praesertim
3203 3141 3344 3180 cum
3377 3126 3499 3180 hac
3531 3129 3836 3184 maxime
3872 3131 3951 3185 de

2217 3233 2387 3271 causa
2422 3216 2544 3270 haec
2572 3215 2759 3286 posita
2799 3215 2871 3270 sit
2901 3195 3263 3283 constitutio,
3299 3233 3492 3287 poena
3521 3219 3951 3292 imminente;

2217 3309 2264 3362 si
2285 3309 2412 3379 quis
2437 3309 2561 3378 plus
2579 3307 2836 3378 accipere
2853 3324 3028 3362 ausus
3059 3309 3265 3376 fuerit,
3300 3315 3412 3365 aut
3433 3310 3769 3368 distulerit
3800 3332 3954 3370 con-

2217 3401 2450 3455 stituere
2478 3401 2716 3454 tutelam
2755 3417 2857 3454 seu
2884 3400 3254 3455 curationem
3289 3418 3400 3472 spe
3431 3403 3710 3474 majoris
3741 3407 3913 3462 lucri
3938 3426 3955 3474 ;

2217 3497 2273 3547 et
2303 3509 2372 3546 eo
2397 3508 2510 3546 non
2543 3493 2729 3546 solum
2755 3491 2995 3564 triplum
3031 3493 3344 3548 reddituro
3385 3512 3585 3552 omne
3603 3499 3959 3573 'quidquid

2216 3583 2516 3654 acceperit,
2545 3583 2647 3638 sed
2667 3583 2842 3638 etiam
2870 3585 2942 3638 ab
2964 3585 3086 3656 ipsa
3103 3585 3524 3643 sollicitudine
3545 3594 3612 3645 et
3638 3592 3960 3648 adminis-

2217 3675 2458 3730 tratione
2488 3676 2858 3730 removendo.
2878 3677 3020 3730 Cum
3039 3681 3241 3731 autem
3267 3678 3458 3734 factae
3491 3681 3752 3739 fuerint
3779 3689 3956 3741 tuto-

2219 3784 2347 3822 rum
2368 3773 2466 3822 aut
2495 3771 2824 3822 curatorum
2845 3769 3188 3836 creationes,
3213 3777 3532 3840 praesente
3558 3775 3772 3832 etiam
3803 3781 3956 3834 reli-

2220 3859 2538 3930 giosissimo
2586 3859 2826 3915 civitatis
2873 3861 3181 3932 episcopo,
3225 3861 3290 3916 in
3329 3863 3485 3934 ipsis
3524 3870 3961 3927 sanctissimae

2221 3951 2470 4006 ecclesiae
2491 3951 2698 4006 archiis
2720 3951 2936 4023 deponi
2963 3958 3126 4022 gesta
3146 3955 3490 4025 sancimus,
3516 3962 3596 4014 ut
3622 3961 3710 4016 sit
3733 3979 3962 4034 perpe-

2219 4047 2316 4098 tua
2339 4043 2421 4098 rei
2451 4043 2752 4111 memoria,
2783 4048 2842 4098 et
2861 4061 2980 4100 non
3013 4045 3334 4102 intercidat
3367 4051 3634 4108 casibus
3669 4056 3960 4112 fortuitis

2219 4135 2526 4190 curationis
2551 4136 2758 4191 exinde
2786 4138 3026 4209 quaesita
3053 4140 3310 4195 cautela.
3356 4142 3468 4196 His
3504 4161 3658 4216 qua:
3693 4149 3770 4202 in
3823 4168 3957 4204 ma-

2221 4245 2335 4299 gna
2359 4228 2468 4283 hac
2493 4228 2718 4283 civitate
2744 4229 2892 4284 fiunt
2920 4231 3120 4285 tutelis
3161 4237 3268 4288 aut
3293 4237 3758 4296 curationibus
3788 4245 3962 4315 apud

2219 4322 2405 4375 solum
2455 4321 2831 4376 clarissimum
2889 4327 3210 4392 praetorem
3262 4325 3618 4399 faciendis,
3671 4336 3776 4390 uti
3822 4338 3959 4407 jam

2218 4413 2499 4468 sancitum
2537 4416 2643 4467 est.
2673 4415 2799 4469 Dat.
2830 4431 2866 4468 v
2903 4415 3151 4471 Kalend.
3195 4420 3380 4491 Aug.,
3416 4421 3571 4492 CP.,
3605 4433 3766 4498 post
3809 4445 3958 4485 con~

2862 4578 2992 4633 LEX
3024 4579 3200 4635 XXXI.

2295 4689 2452 4744 Idem
2483 4691 2768 4762 Augustus
2789 4692 2997 4746 Joanni
3019 4693 3082 4748 P.
3114 4695 3176 4748 P.

2295 4783 2591 4838 Sancimus
2615 4788 2678 4838 ut
2708 4783 2754 4837 si
2781 4785 3016 4855 quando
3044 4785 3306 4844 abfuerit
3335 4789 3390 4844 is
3427 4794 3544 4864 qui
3568 4813 3683 4853 res
3720 4801 3966 4858 alienas

2224 4875 2312 4928 vel
2341 4874 2610 4929 creditori
2629 4875 2898 4930 obnoxias
2923 4877 3173 4946 detinet,
3209 4885 3271 4936 et
3292 4883 3636 4946 desideret
3658 4893 3965 4952 dominus

2223 4967 2312 5021 rei
2329 4967 2416 5021 vel
2435 4967 2684 5022 creditor
2699 4985 2866 5023 suam
2891 4969 3288 5029 intentionem
3309 4992 3717 5054 proponere,
3745 4995 3814 5044 et
3841 5007 3964 5044 non

2225 5059 2279 5114 ei
2306 5059 2534 5116 licentia
2557 5060 2648 5128 sit,
2679 5061 2916 5116 absente
2948 5063 3294 5122 adversario
3321 5085 3437 5125 suo
3467 5077 3590 5146 qui
3620 5095 3778 5136 rem
3808 5083 3964 5138 deti-

2222 5156 2342 5220 net,
2375 5153 2460 5206 vel
2485 5152 2750 5220 infantia,
2790 5155 2880 5208 vel
2905 5156 3105 5211 furore
3137 5159 3490 5232 laborante,
3527 5174 3599 5225 et
3626 5177 3964 5232 neminem

2223 5247 2473 5342 tutorem
2491 5246 2930 5342 velcuratorem
2955 5249 3238 5320 habente,
3261 5255 3358 5309 vel
3387 5257 3456 5312 in
3486 5277 3762 5323 summa
3796 5277 3965 5342 pote-

2223 5340 2368 5390 state
2397 5337 2700 5393 constituto
2728 5337 3017 5410 [eamdem
3047 5359 3179 5397 rem
3208 5350 3595 5410 auctoritate
3619 5375 3748 5415 sua
3785 5337 3965 5418 usur-

2223 5429 2405 5522 pare],
2434 5429 2661 5484 licentia
2686 5430 2738 5485 ei
2766 5431 2938 5488 detur
2982 5434 3146 5491 adire
3192 5440 3542 5508 praesidem
3587 5456 3944 5522 provincia,

2223 5521 2594 5593 libellumque
2629 5523 2683 5578 ei
2720 5524 3046 5597 porrigere,
3097 5532 3159 5584 et
3203 5530 3336 5588 haec
3367 5534 3438 5590 in
3471 5503 3964 5612 quérimonia;

2227 5615 2529 5714 deducere,
2543 5619 2601 5671 et
2609 5615 2760 5714 intra
2774 5619 3091 5676 constituta
3106 5627 3388 5696 tempora
3409 5631 3964 5714 interruptionem

2225 5707 2449 5806 facere;
2485 5707 2573 5763 sin
2619 5712 2812 5764 autem
2858 5712 3018 5767 nullo
3065 5719 3293 5786 poterit
3339 5726 3551 5784 modo
3619 5707 3963 5806 ptimum

2227 5799 2403 5868 adire,
2443 5801 2649 5857 saltem
2694 5801 2770 5858 ad
2809 5803 3152 5878 episcopum
3193 5811 3490 5874 locorum
3539 5799 3653 5883 ea}
3687 5834 3754 5884 et
3791 5850 3961 5888 suam
