4088 6418
221 372 353 425 1081

920 369 1286 426 JUSTINIANI
1324 367 1534 424 LEGES
1570 367 1906 426 SELECTIE.
1949 369 2075 423 LIB.
2118 371 2158 434 I,
2199 369 2323 424 TIT.
2367 369 2451 434 IV,
2492 369 2622 424 LEX
2659 368 2883 423 XXXIV.

3446 369 3580 424 l082

217 475 588 532 manifestare
617 476 962 532 voluntatem
996 478 1056 533 in
1091 478 1308 549 scriptis
1345 479 1698 549 deproperet.
1729 478 1850 532 Dat.
1875 478 2105 561 Atebat
2143 494 2246 548 per
2284 483 2627 548 praasentem
2679 477 3026 532 sanctionem
3080 479 3138 531 et
3177 474 3333 531 vobis
3371 474 3582 546 ubique

221 569 572 624 Constantin.
620 569 739 624 Kal.
786 569 978 624 Octob.
1033 575 1162 642 post
1206 571 1419 626 consul.
1466 570 1756 642 Lampadii
1793 575 1855 625 et

217 662 432 718 Orestis
459 678 548 716 vv.
582 678 664 718 cc.
696 679 839 718 coss.
871 666 992 718 531.

862 770 991 825 LEX
1030 770 1222 824 XXXII.

295 839 450 894 Idem
483 842 788 910 Augustus.

295 931 598 987 Diﬂ‘erente
615 932 847 987 domino
864 933 1112 1003 recipere
1127 933 1554 1004 emphyteuma,
1568 933 1854 988 licentiam

220 1025 399 1079 habet
434 1026 800 1095 emphyteuta
827 1026 1162 1096 consignare
1201 1026 1410 1098 ipsum,
1439 1029 1497 1080 et
1534 1027 1852 1082 Constanti-

220 1117 414 1188 nopoli
461 1117 690 1188 quidem
729 1117 789 1172 in
828 1117 942 1172 ﬁne
983 1119 1214 1173 triennii
1251 1118 1552 1173 contestari
1580 1118 1639 1173 id
1668 1117 1856 1189 ipsum

220 1211 374 1281 apud
405 1210 727 1280 hyparchos
774 1210 890 1281 [seu
930 1211 1225 1282 prtefectos
1258 1211 1546 1282 praetorio]
1577 1215 1675 1265 aut
1703 1212 1857 1282 apud

221 1302 555 1373 praefectum
577 1303 750 1372 urbis,
766 1308 863 1357 aut
888 1309 1302 1374 competentem
1327 1304 1635 1359 recusantis
1654 1303 1857 1375 magis-

219 1400 460 1462 tratum,
495 1401 594 1450 aut
622 1396 1025 1466 patriarcham,
1057 1396 1102 1450 si
1127 1396 1387 1451 dominus
1425 1397 1599 1451 homo
1635 1397 1709 1450 sit
1751 1413 1853 1467 po-

222 1491 350 1543 tens
383 1505 396 1542 :
428 1488 487 1541 in
529 1489 830 1560 provinciis
858 1494 1049 1543 autem
1092 1490 1241 1559 apud
1284 1489 1606 1560 praasidem,
1645 1493 1762 1557 aut,
1791 1505 1856 1544 eo

220 1597 342 1636 non
385 1587 642 1636 morante
668 1581 767 1650 ibi,
799 1582 947 1652 apud
986 1582 1360 1650 defensorem,
1393 1586 1491 1636 aut
1532 1581 1856 1652 episcopum

223 1673 485 1740 civitatis,
512 1674 570 1727 in
598 1691 709 1744 qua
735 1680 818 1728 est
842 1674 888 1727 is
913 1673 1011 1745 qui
1041 1680 1296 1742 recusat;
1326 1679 1383 1729 et
1408 1675 1577 1729 unius
1603 1675 1858 1747 ipsorum

222 1781 512 1820 assumere
540 1766 897 1821 testationem
925 1783 937 1821 :
971 1783 1034 1821 ac
1070 1767 1179 1820 nisi
1207 1772 1308 1821 aut
1334 1767 1410 1821 sic
1449 1767 1728 1838 acceperit
1767 1783 1854 1821 ca-

1953 575 2234 627 terrarum
2258 571 2454 642 positis
2483 570 2919 640 religiosissimis
2950 568 3226 640 episcopis
3252 569 3373 623 haec
3397 568 3582 623 facere

1951 663 2267 732 manifesta,
2310 666 2609 734 propterea
2654 667 3062 734 congregantes
3106 678 3234 732 quae
3280 661 3351 715 ad
3396 661 3580 732 ipsam

1951 757 2257 827 pertinent,
2275 756 2630 828 expositione
2657 756 2852 811 latiore
2878 755 3110 822 sancita,
3131 754 3303 810 etiam
3322 753 3581 808 eamdem

1954 849 2203 903 divinam
2230 849 2692 903 constitutionem
2719 848 2958 902 fecimus
2981 848 3051 902 ad
3080 863 3196 913 vos,
3227 851 3291 902 ut
3317 846 3579 900 sacerdo-

1955 941 2128 995 talem
2150 946 2536 996 conservantes
2563 941 2955 1003 reverentiam,
2987 945 3044 994 et
3068 938 3434 993 continentiae
3461 943 3579 992 stu-

1955 1032 2117 1102 diosi,
2145 1033 2267 1087 haec
2292 1033 2631 1103 custodiatis,
2661 1038 2781 1088 tam
2808 1033 3002 1103 magni
3033 1031 3134 1086 Dei
3160 1036 3382 1085 metum
3410 1047 3580 1101 quam

1955 1125 2315 1196 imperialem
2339 1126 2808 1196 indignationem,
2841 1126 2888 1179 si
2918 1125 3058 1196 quid
3098 1125 3304 1178 horum
3342 1128 3580 1194 praeter-

1955 1218 2244 1285 miseritis,
2292 1219 2731 1272 considerantes.
2779 1220 2900 1272 Dat.
2942 1217 3064 1273 Kal.
3108 1218 3265 1285 Nov.,
3310 1217 3435 1285 CP.,
3480 1216 3578 1270 dn.

1954 1311 2156 1366 Justin.
2189 1326 2243 1364 Iv
2271 1315 2327 1365 et
2354 1310 2586 1365 Paulino
2618 1327 2756 1364 coss.
2792 1311 2912 1364 534.

2586 1408 2712 1461 LEX
2749 1407 2968 1462 XXXIV.

2027 1498 2183 1553 Idem
2204 1499 2492 1566 Augustus
2510 1494 2828 1566 Epiphanio
2847 1495 3198 1550 sanctissimo
3220 1495 3587 1567 archiepisco-

1954 1608 2027 1663 po
2047 1591 2217 1660 hujus
2243 1589 2587 1644 felicissimaa
2615 1588 2789 1656 urbis,
2814 1593 2869 1642 et
2894 1589 3199 1643 universali
3229 1589 3584 1659 patriarchae.

2026 1683 2343 1738 Certissime
2381 1681 2662 1736 credimus
2704 1681 2837 1751 quia
2881 1682 3237 1736 sacerdotum
3266 1681 3502 1751 puritas,
3535 1686 3590 1734 et

1957 1777 2144 1844 decus,
2169 1781 2226 1829 et
2243 1776 2312 1829 ad
2339 1773 2632 1831 dominum
2665 1776 2840 1828 Deum
2867 1777 2923 1828 et
2951 1773 3300 1828 Salvatorem
3329 1777 3588 1827 nostrum

223 1875 460 1925 nonem,
503 1875 684 1913 canon
733 1860 984 1927 solvitur,
1031 1865 1087 1915 et
1127 1857 1382 1914 lucretur
1420 1876 1700 1915 canonem
1737 1875 1854 1914 em-

1972 1871 2146 1924 lesum
2173 1868 2458 1923 Christum
2494 1867 2703 1932 fervor,
2737 1871 2793 1921 et
2821 1867 2890 1920 ab
2919 1866 3053 1937 ipsis
3085 1866 3270 1919 missae
3298 1871 3587 1937 perpetuae

224 1953 505 2022 phyteuta
542 1952 710 2006 etiam
739 1953 1025 2022 sequentis
1063 1953 1355 2024 temporis,
1385 1956 1442 2006 et
1469 1969 1713 2023 eousque
1744 1970 1857 2024 quo

226 2045 497 2100 dominus
524 2045 711 2099 mittat
739 2062 841 2115 per
861 2045 1216 2100 testationem
1243 2046 1516 2116 petitum:
1550 2046 1755 2100 exinde
1785 2051 1862 2100 et-

224 2137 405 2206 enim,
436 2154 554 2191 non
584 2142 773 2192 autem
801 2153 869 2192 ex
899 2138 1186 2208 praeterito
1217 2143 1492 2208 tempore,
1520 2138 1774 2209 accipiet,
1805 2143 1862 2192 et

224 2234 358 2300 post
387 2229 696 2284 triennium
727 2234 853 2300 post
875 2230 1294 2284 attestationem
1324 2230 1602 2300 ejusmodi
1627 2230 1858 2286 indevo-

224 2327 352 2376 tum
373 2323 801 2394 emphyteutam
827 2323 1109 2393 expellere
1137 2323 1361 2393 poterit.

853 2430 978 2483 LEX
1016 2430 1239 2485 XXXIII.

301 2515 460 2571 Idem
493 2519 779 2588 Augustus
820 2517 1032 2589 ubique
1066 2523 1350 2575 terrarum
1392 2519 1712 2574 constitutis
1751 2519 1865 2591 epi-

227 2625 433 2680 scopls.

303 2701 534 2757 Sacram
559 2702 794 2758 fecimus
813 2704 1294 2772 constitutionem,
1311 2705 1525 2760 nemini
1538 2706 1866 2776 permitten-

228 2799 337 2860 tes,
369 2811 553 2866 neque
576 2795 812 2851 invitam
839 2797 1160 2865 mulierem,
1190 2799 1470 2866 ancillam,
1507 2803 1606 2852 aut
1629 2797 1866 2852 liberam

226 2889 291 2942 in
320 2904 570 2955 scenam,
601 2893 698 2943 aut
729 2891 1077 2945 orchestram
1118 2892 1484 2960 pertrahere;
1522 2907 1704 2962 neque
1726 2907 1863 2944 con-

227 2981 375 3035 verti
407 2981 710 3050 volentem,
733 2983 1036 3052 prohibere
1058 3000 1183 3037 eam
1200 2984 1247 3052 ej
1258 3000 1319 3037 us
1335 2984 1692 3054 ﬁdejussores
1708 2982 1868 3054 quasi

230 3091 407 3143 super
432 3075 536 3128 hoc
562 3075 684 3144 ipso
703 3080 920 3130 certum
947 3077 1070 3130 auri
1095 3077 1332 3131 modum
1347 3077 1689 3146 promissum
1703 3093 1862 3146 repe-

1957 1978 2171 2034 preces,
2193 1961 2439 2014 multum
2467 1960 2719 2015 favorem
2744 1964 2953 2014 nostrae
2979 1958 3298 2029 reipublicaa
3325 1963 3382 2013 et
3409 1959 3589 2012 incre-

1957 2060 2217 2109 mentum
2238 2053 2515 2124 przebent,
2542 2069 2645 2123 per
2671 2068 2810 2123 quas
2840 2053 3005 2106 datur
3027 2052 3212 2120 nobis,
3241 2056 3297 2106 et
3320 2051 3589 2105 barbaros

1959 2148 2288 2217 subjugare,
2314 2151 2370 2200 et
2393 2146 2452 2200 in
2479 2145 2798 2200 dominium
2826 2145 3087 2215 redigere
3116 2144 3239 2198 illos
3270 2161 3399 2214 qua:
3427 2149 3591 2198 antea

1962 2257 2078 2295 non
2103 2240 2485 2305 obtinuimus;
2513 2243 2568 2293 et
2597 2243 2806 2309 quanto
2833 2238 2960 2308 plus
2990 2237 3158 2292 rebus
3184 2237 3411 2292 illorum
3441 2253 3592 2291 acce-

1961 2333 2043 2388 dit
2078 2333 2390 2388 honestatis
2436 2337 2492 2385 et
2535 2331 2768 2397 decoris,
2799 2335 2957 2385 tanto
3006 2331 3192 2400 magis
3237 2335 3291 2384 et
3335 2336 3590 2384 nostram

1962 2425 2370 2497 rempublicam
2389 2424 2589 2495 augeri
2609 2423 2909 2477 credimus.
2927 2423 2982 2478 Si
2997 2422 3145 2476 enim
3165 2423 3221 2476 hi
3237 2423 3593 2493 praetulerint

1961 2519 2135 2574 vitam
2152 2519 2472 2585 honestam,
2494 2522 2550 2571 et
2567 2516 2816 2586 undique
2837 2516 3408 2586 irreprehensibilem,
3426 2521 3482 2570 et
3506 2531 3594 2570 re-

1962 2613 2184 2684 liquum
2206 2611 2481 2682 populum
2506 2608 2891 2674 instruxerint,
2913 2614 2975 2663 ut
2998 2610 3045 2662 is
3074 2609 3144 2663 ad
3170 2609 3398 2663 illorum
3420 2609 3594 2662 hone-
3693 2596 3718 2613 “

1964 2708 2166 2759 statem
2193 2704 2519 2774 respiciens,
2544 2702 2736 2756 multis
2763 2701 3005 2772 peccatis
3030 2701 3328 2769 abstineat,
3354 2702 3594 2772 planum

1965 2803 2049 2851 est
2079 2797 2231 2868 quod
2261 2796 2390 2850 inde
2421 2799 2478 2849 et
2503 2795 2712 2848 anima:
2744 2794 3007 2848 omnibus
3032 2794 3292 2849 meliores
3321 2798 3505 2858 erunt,
3538 2797 3594 2847 et

1964 2891 2126 2944 facile
2167 2889 2333 2944 nobis
2372 2889 2654 2942 tribuetur
2684 2905 2717 2941 a
2758 2887 3008 2941 maximo
3054 2889 3164 2942 Deo
3210 2892 3265 2942 et
3307 2887 3593 2940 Salvatore

1967 2988 2157 3038 nostro
2185 2985 2313 3037 Jesu
2342 2981 2558 3037 Christo
2584 2980 2886 3034 clementia
2914 2979 3272 3034 conveniens.

2037 3077 2068 3147 §
2093 3081 2143 3130 1.
2165 3077 2292 3129 Haec
2321 3075 2498 3144 igitur
2521 3073 2684 3128 nobis
2716 3073 3128 3143 speculantibus
3148 3072 3471 3127 nuntiatum
3491 3077 3594 3141 est,

230 3167 442 3233 tendo;
472 3167 566 3221 sed
607 3168 652 3221 si
678 3168 814 3239 quid
839 3169 950 3222 tale
977 3169 1188 3222 factum
1217 3169 1405 3236 fuerit,
1439 3169 1725 3240 prohiberi
1743 3169 1866 3222 haec
1887 3209 1940 3282 Ο
1966 3173 2172 3240 praeter
2199 3183 2559 3222 communem
2591 3182 2783 3221 rerum
2808 3166 2998 3231 Iidem,
3030 3166 3304 3236 quosdam
3333 3181 3400 3219 ex
3437 3181 3595 3219 reve-

237 3263 287 3282 ,ι
321 3277 343 3282 _
384 3260 696 3282 -I__-Z_-I_-I_
724 3261 1139 3282 .x..-_.:__:__.____
1176 3261 1508 3282 ____2_13L_-_
1558 3267 1603 3282 λι
1633 3279 1650 3282 _
1686 3261 1833 3282 _:__!A_
1969 3261 2311 3282 ,-___J2-__'_-_'_
2363 3260 2603 3282 J:-_-_.’_
2670 3260 2917 3282 :1-.....--
2965 3259 3306 3282 ----ι,--ι....;-
3341 3259 3487 3282 [κρμ
3535 3273 3595 3282 ..Α

232 3263 293 3314 et
318 3277 350 3312 a
378 3260 698 3314 clarissimis
724 3261 1145 3332 provinciarum
1176 3261 1531 3332 praesidibus,
1551 3267 1606 3316 et
1628 3279 1661 3315 a
1679 3261 1865 3315 civita-

230 3359 361 3408 tum
413 3352 801 3424 religiossimis
861 3354 1162 3425 episcopis,
1209 3355 1624 3421 constituimus,
1671 3355 1866 3409 dantes

229 3445 526 3500 licentiam
547 3446 983 3517 religiosissimis
1009 3447 1302 3518 episcopis,
1330 3464 1448 3502 una
1480 3465 1610 3501 cum
1630 3447 1868 3501 clarissi-

230 3556 334 3594 mo
373 3539 680 3610 provinciae
712 3539 973 3610 praeside,
1004 3541 1171 3595 etiam
1214 3541 1415 3594 invitos
1454 3541 1674 3594 trahere
1709 3541 1780 3594 ad
1809 3556 1867 3593 se

233 3649 334 3687 eos
358 3632 460 3702 qui
485 3632 890 3703 compulerint,
919 3638 1017 3688 aut
1047 3633 1143 3704 qui
1169 3634 1380 3688 mutari
1405 3650 1504 3688 seu
1524 3634 1774 3687 converti
1797 3633 1868 3686 ab

234 3742 306 3780 ea
343 3725 564 3779 actione
601 3725 1030 3796 prohibuerint;
1067 3731 1123 3780 et
1164 3726 1450 3796 publicam
1489 3727 1718 3796 quidem
1747 3725 1869 3780 ﬁeri

233 3835 438 3874 eorum
478 3818 870 3887 substantiam,
913 3819 1062 3889 ipsos
1107 3835 1238 3873 vero
1283 3819 1506 3873 civitate
1545 3819 1770 3890 expelli.
1814 3818 1869 3873 Si

231 3929 371 3968 vero
402 3913 499 3983 qui
522 3911 876 3983 provinciam
905 3912 1057 3982 regit
1086 3911 1205 3983 ipse
1231 3913 1302 3966 sit
1335 3913 1432 3982 qui
1455 3928 1546 3966 eas
1572 3911 1866 3982 compule-

231 4005 330 4072 rit,
363 4009 462 4059 aut
498 4022 530 4059 a
565 4005 835 4076 praedicta
868 4005 1084 4060 actione
1127 4006 1549 4059 conversionem
1587 4021 1684 4059 seu
1729 4004 1866 4058 resi-

229 4098 572 4170 piscentiam
609 4097 984 4168 prohibuerit,
1024 4098 1222 4152 damus
1271 4097 1578 4165 licentiam,
1627 4103 1682 4151 et
1724 4097 1870 4150 solos

232 4190 695 4261 religiosissimos
720 4191 1011 4261 episcopos
1034 4191 1188 4246 adire
1225 4207 1369 4256 eam,
1406 4207 1533 4261 quae
1562 4190 1699 4244 talia
1724 4190 1869 4260 pati-

233 4289 354 4350 tur,
403 4286 503 4338 aut
533 4284 655 4354 ejus
694 4284 1103 4354 ﬁdejussorem,
1144 4285 1296 4338 hunc
1333 4299 1463 4338 vero
1506 4281 1870 4354 (episcopum)

235 4377 525 4432 adversari
554 4377 954 4448 magistratum
991 4377 1242 4444 habenti,
1288 4381 1343 4430 et
1384 4393 1500 4430 non
1543 4376 1872 4447 permittere

236 4470 455 4540 injuste
485 4485 684 4539 agere;
719 4474 818 4524 aut
847 4469 892 4522 si
915 4469 1104 4524 minus
1131 4469 1344 4524 fuerint
1368 4469 1439 4523 ad
1471 4469 1532 4522 id
1560 4484 1869 4540 exsequen-

1966 3261 2314 3317 rendissimis
2356 3260 2624 3324 diaconis,
2670 3260 2920 3329 itemque
2965 3259 3309 3329 presbyteris
3341 3259 3492 3328 (nam
3532 3273 3598 3312 eo

1963 3355 2204 3424 amplius
2219 3353 2392 3407 etiam
2406 3353 2588 3406 dicere
2605 3351 3007 3419 erubescimus,
3025 3353 3142 3405 Deo
3157 3351 3597 3417 amantissimos,

1964 3464 2169 3517 nempe
2197 3446 2527 3515 episcopos),
2550 3445 2847 3515 quosdam,
2882 3445 3138 3513 inquam,
3165 3460 3234 3497 ex
3257 3443 3344 3497 his
3366 3460 3478 3496 non
3498 3459 3595 3496 ve-

1966 3545 2182 3606 rentur,
2216 3539 2312 3592 alii
2341 3538 2574 3608 quidem
2627 3553 2730 3608 per
2770 3537 2981 3606 seipsos
3017 3536 3187 3590 cubos
3218 3552 3317 3590 seu
3360 3540 3597 3588 tesseras

1967 3636 2334 3697 contrectare,
2365 3635 2420 3684 et
2466 3624 2604 3684 adeo
2644 3629 2980 3700 pudendum
3026 3633 3198 3698 atque
3241 3627 3375 3697 ipsis
3429 3628 3598 3682 etiam

1968 3725 2154 3779 idiotis
2191 3742 2224 3778 a
2268 3723 2433 3777 nobis
2460 3723 2788 3793 frequenter
2815 3721 3178 3775 interdictum
3219 3720 3598 3791 spectaculum

1968 3817 2336 3890 participare;
2367 3816 2460 3869 alii
2476 3832 2606 3868 vero
2628 3816 2800 3868 talem
2827 3813 3026 3867 ludum
3053 3831 3166 3867 non
3193 3817 3476 3879 accusant,
3501 3813 3599 3867 sed

1968 3911 2055 3965 vel
2080 3909 2498 3964 communicant
2530 3907 2882 3976 facientibus,
2904 3911 3002 3960 aut
3031 3906 3230 3960 sedent
3257 3908 3600 3976 spectatores

1970 4009 2126 4058 actus
2157 4003 2443 4070 indecori;
2493 4006 2550 4055 et
2597 4006 2854 4071 spectant
2895 4000 3124 4071 quidem
3167 4016 3297 4053 cum
3341 3999 3601 4052 aviditate

1970 4096 2296 4152 omnimoda
2314 4112 2404 4148 res
2426 4094 2685 4150 omnium
2714 4109 2905 4148 rerum
2930 4092 3471 4163 importunissimas;
3491 4108 3603 4144 ser-

1971 4207 2165 4244 mones
2202 4205 2334 4243 vero
2359 4187 2599 4242 audiunt
2627 4187 3006 4257 blasphemos,
3037 4203 3177 4256 quos
3208 4185 3265 4239 in
3285 4185 3489 4240 talibus
3509 4201 3605 4239 ne-

1973 4300 2120 4338 cesse
2139 4288 2221 4337 est
2244 4282 2364 4336 ﬁeri
2386 4299 2401 4347 ;
2430 4282 2695 4352 polluunt
2715 4281 2885 4334 etiam
2915 4297 3042 4334 suas
3069 4295 3292 4346 manus,
3317 4282 3375 4333 et
3393 4277 3602 4342 oculos,

1972 4380 2027 4430 et
2053 4392 2217 4430 aures
2254 4375 2332 4429 sic
2374 4372 2654 4428 damnatis
2698 4377 2753 4426 et
2792 4373 3094 4444 prohibitis
3123 4371 3304 4439 ludis;
3352 4370 3446 4424 alii
3474 4386 3606 4424 vero

1972 4485 2156 4540 neque
2178 4468 2431 4536 obscure,
2457 4470 2557 4521 aut
2580 4465 2842 4534 latenter,
2871 4470 2969 4519 aut
2992 4481 3269 4535 equorum
3290 4462 3606 4518 certamini-

238 4563 381 4618 dum
410 4567 689 4633 potentes,
720 4562 968 4617 indicare
1009 4562 1068 4616 id
1106 4566 1298 4617 nostro
1323 4561 1582 4632 imperio,
1616 4566 1676 4616 ut
1701 4579 1734 4616 a
1764 4577 1870 4616 no-
1890 4579 1951 4652 D
1972 4562 2078 4617 bus
2116 4578 2173 4615 se
2219 4560 2558 4628 immiscent,
2589 4562 2688 4614 aut
2717 4559 2886 4613 etiam
2917 4558 3154 4612 invitant
3194 4557 3410 4626 aliquos
3437 4571 3607 4625 super

235 4657 330 4716 bis
353 4659 682 4727 competens
723 4660 1055 4710 exerceatur
1092 4672 1277 4726 poena,
1321 4655 1775 4726 lidejussionihus
1795 4653 1871 4708 si-

236 4749 367 4805 mul
407 4748 730 4818 liberandis,
773 4753 829 4802 et
866 4748 1290 4818 ﬁdejussoribus
1331 4747 1696 4802 indemnibus
1740 4763 1872 4801 con-

237 4841 548 4909 servandis,
575 4841 857 4896 licentiam
884 4842 1077 4897 dantes
1097 4841 1383 4896 conversis
1402 4840 1732 4911 hujusmodi
1749 4855 1876 4894 mu-

235 4935 479 4990 lieribus
503 4935 694 4989 liberis
719 4939 776 4989 et
799 4935 1066 5006 ingenuis
1086 4935 1453 4990 existentibus
1480 4935 1551 4989 ad
1582 4933 1875 4987 matrimo-

235 5029 406 5084 nium
433 5029 674 5083 transire
693 5029 1036 5100 legitimum,
1070 5029 1291 5082 etiamsi
1318 5028 1662 5099 contigerint
1699 5028 1875 5082 hone-

236 5121 504 5178 stissimis
532 5121 907 5193 dignitatibus
926 5122 1022 5194 qui
1044 5121 1168 5176 illas
1189 5122 1456 5176 duxerint
1478 5121 1740 5190 decorati,
1763 5137 1877 5174 non

236 5215 490 5286 amplius
536 5215 926 5283 indigentibus
980 5215 1368 5286 imperialibus
1421 5215 1726 5285 rescriptis,
1783 5214 1878 5269 sed

237 5325 346 5364 sua
365 5312 640 5379 potestate
673 5308 902 5380 nuptias
937 5307 1366 5376 celebrantibus,
1399 5308 1748 5379 nuptialibus
1789 5307 1878 5360 ni-

237 5400 461 5457 mirum
505 5401 897 5456 instrumentis
940 5399 1266 5454 omnimodo
1306 5400 1456 5454 inter
1503 5400 1656 5471 ipsos
1699 5399 1877 5454 factis.

238 5494 566 5566 Eademque
607 5498 663 5549 et
697 5494 766 5549 de
807 5493 1026 5548 filiabus
1066 5492 1416 5547 scenicarum
1455 5494 1879 5548 constituentes.

236 5587 374 5658 —-§
411 5591 458 5642 1.
507 5588 660 5643 Hanc
697 5590 890 5642 autem
939 5585 1149 5640 dictam
1196 5586 1674 5654 constitutionem,
1716 5591 1773 5640 et
1821 5587 1883 5640 in

238 5681 449 5753 quinto
472 5681 616 5734 libro
655 5680 912 5735 omnium
950 5677 1418 5732 constitutionum
1461 5679 1632 5749 hujus
1675 5679 1886 5733 scilicet

239 5774 463 5828 nostrae
491 5770 715 5842 pietatis
757 5766 1114 5841 cognominis
1153 5767 1301 5835 libri,
1353 5768 1421 5820 ad
1465 5767 1652 5822 civiles
1697 5768 1878 5838 magi-

239 5867 459 5922 stratus
483 5863 840 5936 rescriptam,
868 5860 1181 5936 posuimus.
1218 5859 1500 5926 Quoniam
1529 5861 1684 5916 enim
1712 5877 1879 5932 opor-

1975 4670 2253 4725 equomm
2283 4652 2675 4723 proﬂigatione
2701 4657 2798 4706 aut
2824 4651 3076 4719 victoria,
3104 4650 3190 4704 vel
3219 4665 3322 4720 per
3346 4665 3404 4703 se
3432 4649 3603 4720 ipsos,

1974 4749 2059 4802 vel
2097 4763 2198 4817 per
2243 4747 2382 4801 alios
2425 4744 2721 4816 quosdam,
2747 4749 2813 4798 ut
2841 4744 2976 4814 quia
3017 4759 3131 4797 non
3179 4743 3444 4798 decenter
3473 4742 3606 4796 talia

1975 4841 2193 4909 ludant,
2225 4845 2322 4894 aut
2361 4838 2732 4904 scenicorum,
2759 4838 2844 4892 vel
2875 4836 3302 4907 thymelitarum
3331 4838 3605 4907 spectato-

1976 4950 2064 4988 res
2089 4934 2235 4987 Iiunt
2264 4932 2550 5000 ludorum,
2581 4935 2680 4985 aut
2707 4947 2905 4984 varum
2934 4945 3059 5001 quae
3103 4929 3161 4983 in
3207 4929 3443 4984 theatris
3485 4945 3607 4982 cer~

1976 5027 2222 5082 tantium
2253 5026 2500 5080 ferarum
2521 5040 2734 5096 pugnae
2759 5024 2925 5090 fiunt,
2948 5038 3130 5094 neque
3152 5023 3399 5093 cogitant
3417 5037 3612 5092 quem-

1978 5119 2283 5175 admodum
2311 5117 2417 5189 ipsi
2454 5119 2540 5171 vel
2583 5118 2670 5171 his
2709 5118 2808 5187 qui
2855 5116 3026 5170 modo
3069 5119 3124 5170 et
3172 5132 3365 5170 recens
3408 5113 3614 5168 initiati

1979 5217 2112 5266 sunt
2136 5217 2190 5266 et
2218 5211 2517 5265 adorandis
2550 5209 2830 5280 mysteriis
2858 5210 3096 5279 dignati,
3127 5209 3233 5279 ipsi
3259 5209 3573 5280 praedicunt
3597 5225 3610 5263 :

1986 5308 2050 5361 Ut
2081 5307 2462 5359 abrenuntient
2490 5304 2796 5358 adversarii
2821 5303 3073 5358 daemonis
3094 5304 3284 5365 cultui,
3307 5303 3617 5356 etomnibus

1974 5401 2188 5469 pompis
2217 5397 2352 5466 ejus,
2383 5413 2626 5467 quarum
2657 5413 2770 5450 non
2806 5395 3047 5449 minima
3076 5413 3204 5466 pars
3228 5395 3365 5450 talia
3394 5398 3614 5467 specta-

1983 5492 2106 5546 cula
2131 5491 2295 5545 ﬁunt.

2054 5585 2166 5655 §2.
2213 5584 2370 5653 Saepe
2421 5582 2654 5653 quidem
2704 5581 2838 5652 ipsis
2887 5582 3024 5638 talia
3078 5583 3361 5637 custodire
3415 5581 3618 5635 debere

1983 5676 2414 5748 praedicavimus
2445 5693 2458 5731 :
2488 5675 2740 5731 videntes
2778 5679 2971 5731 autem
3017 5675 3086 5730 de
3112 5676 3199 5730 his
3227 5677 3428 5730 factam
3459 5673 3621 5726 nobis

1985 5770 2340 5836 relationem,
2360 5769 2417 5823 in
2439 5769 2829 5824 necessitatem
2857 5769 3157 5824 incidimus
3185 5769 3254 5822 ad
3283 5769 3619 5837 praesentem

1985 5862 2248 5919 veniendi
2263 5863 2473 5936 legem,
2490 5867 2614 5918 tum
2633 5868 2864 5935 propter
2881 5867 3139 5919 nostrum
3159 5875 3329 5932 super
3346 5857 3620 5929 religione
