4088 6478
522 389 541 454 l
552 395 652 455 083

1651 387 1902 448 SIECULl
1942 390 2133 448 SEXTl
2172 383 2722 444 SUPPLEMENTUM.

3790 369 3966 426 1084

516 505 786 572 studium,
817 507 940 557 tum
976 502 1145 556 etiam
1173 503 1404 572 propter
1439 499 1732 556 sacerdotii
1761 499 1935 570 ipsius
1963 496 2130 551 simul
2151 511 2208 584 Α
2228 493 2410 548 siones
2433 492 2615 546 facere
2640 490 2710 544 de
2735 489 2943 542 castero
2969 500 3143 542 ausus
3166 481 3366 548 fuerit,
3393 496 3542 536 eum
3565 494 3730 534 mox
3763 493 3812 531 ει
3843 480 3968 530 tua

517 601 573 652 et
599 593 920 650 communis
948 593 1268 664 reipublicaa
1291 591 1618 648 utilitatem.
1645 621 1713 633 —
1739 592 1772 663 §
1797 595 1849 646 3.
1873 593 1938 644 Et
1956 588 2130 643 sanci-

517 703 642 744 mus
655 685 961 753 neminem,
974 700 1158 756 neque
1178 684 1494 752 diaconum,
1513 699 1696 754 neque
1715 683 2126 754 presbyterum,

514 783 571 834 et
598 778 775 833 multo
802 775 1002 849 magis,
1030 792 1214 848 neque
1241 775 1565 846 episcopum
1605 775 1778 846 (quod
1818 773 2046 846 quidem
2074 775 2132 827 et

513 869 841 926 incredibile
865 869 1008 924 forte
1035 867 1214 923 videri
1238 868 1428 940 possit,
1459 871 1525 921 ut
1547 883 1792 938 quorum
1817 865 1875 920 in
1902 864 2127 918 ordina-

512 962 758 1016 tionibus
804 977 996 1032 preces
1041 961 1111 1014 ad
1155 959 1453 1014 Dominum
1501 959 1806 1013 mittuntur
1846 957 2131 1012 Christum

517 1054 694 1108 Deum
725 1057 999 1118 nostrum,
1033 1056 1090 1105 et
1115 1051 1385 1104 invocatio
1422 1050 1598 1104 sancti
1649 1054 1706 1104 et
1746 1048 2018 1102 adorandi
2062 1047 2132 1101 sit

518 1145 774 1215 Spiritus,
806 1149 861 1198 et
885 1159 1084 1198 eorum
1111 1143 1406 1214 capitibus,
1425 1145 1523 1196 aut
1547 1141 1807 1196 manibus
1835 1141 2133 1210 imponun-

516 1241 611 1291 tur
635 1236 984 1292 sanctissima
1007 1251 1204 1290 eorum
1229 1251 1358 1306 quae
1384 1234 1532 1305 apud
1559 1250 1660 1288 nos
1685 1237 1816 1287 sunt
1842 1231 2132 1302 mysterio-

517 1345 668 1397 rum,
708 1333 772 1382 ut
813 1328 1019 1382 scilicet
1054 1326 1192 1398 ipsis
1235 1326 1484 1380 sensoria
1524 1325 1716 1379 omnia
1759 1325 2133 1378 instrumenta

407 1474 432 1493 .
518 1436 660 1492 pura
679 1421 836 1489 ﬁant,
857 1425 912 1474 et
935 1421 1328 1474 consecrantur
1345 1417 1498 1488 Deo),
1519 1417 1803 1472 neminem
1830 1415 2004 1486 igitur
2023 1415 2128 1468 ho-

2225 583 2590 652 beatitudine,
2617 583 2717 636 aut
2743 596 2778 634 a
2796 577 3180 649 metropolita,
3209 579 3314 630 aut
3341 575 3462 628 Deo
3492 569 3968 626 amantissimo

2227 677 2490 748 episcopo
2527 675 2628 728 sub
2672 689 2788 743 quo
2831 671 3127 726 ordinatus
3170 673 3278 735 est,
3307 665 3357 721 si
3386 664 3655 737 quidem
3713 661 3970 733 aliquis

2227 768 2628 840 praedictorum
2648 765 2718 818 sit
2733 763 3094 829 clericorum,
3117 777 3151 814 a
3165 775 3325 814 sacra
3348 756 3628 828 separari
3653 753 3968 824 liturgia,

2227 859 2442 930 imponi
2497 861 2687 910 autem
2732 855 2838 926 ipsi
2883 852 3222 908 canonicam
3266 864 3532 920 pmnam,
3570 852 3639 901 et
3691 844 3971 902 definiri

2227 957 2451 1021 tempus
2475 949 2622 1002 intra
2646 946 2796 1018 quod
2825 943 3126 1000 conveniat
3144 943 3340 1013 ipsum
3359 939 3626 1012 jejuniis
3672 944 3745 992 et.
3802 953 3970 1008 sup-

2229 1041 2618 1114 plicationibus
2643 1042 2916 1106 utentem,
2949 1051 3233 1106 magnum
3258 1031 3582 1104 propitiari
3613 1031 3836 1086 Deum
3867 1046 3976 1083 su-

2229 1150 2332 1206 per
2355 1133 2452 1187 tali
2477 1130 2942 1202 transgressione.
2971 1129 3041 1182 Et
3066 1127 3113 1181 si
3149 1142 3254 1197 per
3291 1125 3618 1180 deﬁnitum
3655 1129 3968 1192 tempus,

2229 1225 2328 1298 qui
2353 1225 2522 1280 talem
2551 1238 2778 1294 pcenam
2815 1219 3080 1290 suscepit,
3112 1221 3358 1272 maneat
3381 1215 3689 1286 lacrymis
3719 1217 3792 1268 et
3822 1230 3965 1286 pce-

2229 1317 2484 1384 nitentia,
2516 1319 2573 1370 et
2594 1313 2838 1386 jejunio,
2866 1314 2925 1366 et
2951 1311 3028 1366 ad
3055 1309 3374 1365 Dominum
3398 1309 3598 1362 Deum
3627 1306 3967 1373 oratione,

2230 1408 2618 1464 remissionem
2643 1405 2830 1460 delicti
2855 1419 3120 1472 exorans,
3149 1400 3464 1456 confestim
3496 1415 3652 1454 eum
3675 1399 3792 1453 cui
3820 1398 3972 1452 sub-

517 1528 649 1567 rum
695 1511 903 1566 audere
946 1511 1015 1566 de
1058 1515 1278 1580 caetero,
1323 1514 1380 1564 et
1421 1515 1548 1581 post
1587 1509 1836 1564 divinam
1879 1511 2130 1561 nostram
2223 1501 2408 1573 jectus
2429 1505 2510 1554 est
2528 1499 2634 1553 hoc
2653 1498 2955 1568 diligenter
2973 1493 3233 1565 cognito,
3253 1497 3314 1548 et
3329 1491 3587 1546 sollicite
3606 1491 3965 1562 requisita,

518 1605 724 1674 legem,
753 1607 852 1658 aut
877 1603 1132 1657 cubicare
1163 1601 1239 1672 [id
1265 1606 1352 1656 est
1378 1602 1600 1656 tesseris
1629 1617 1728 1654 seu
1755 1599 1888 1654 aleis
1913 1598 2130 1667 ludere]

520 1711 853 1767 quocunque
876 1695 1012 1749 alea:
1043 1710 1267 1766 genere,
1289 1699 1386 1748 aut
1413 1693 1565 1762 ludo,
1585 1697 1685 1748 aut
1709 1693 1786 1745 ita
1810 1691 2133 1746 ludentibus

521 1787 956 1854 communicare,
983 1789 1082 1841 aut
1109 1785 1442 1852 conversari,
1473 1789 1572 1840 aut
1596 1801 1710 1839 una
1747 1783 2007 1850 recreari,
2035 1784 2136 1836 aut

2230 1607 2590 1647 communem
2619 1589 2852 1660 quidem
2869 1603 2976 1658 pro
2999 1587 3123 1656 ipso
3143 1583 3478 1640 orationem
3507 1583 3652 1638 fieri
3671 1583 3966 1650 cumbit,

2231 1691 2288 1741 et
2311 1700 2440 1739 cum
2465 1681 2623 1736 omni
2647 1679 2942 1751 diligentia
2965 1677 3240 1748 injunget
3264 1675 3382 1748 ipsi
3408 1681 3481 1730 ut
3507 1681 3740 1746 postea
3769 1691 3814 1729 a
3848 1674 3972 1730 tali

2231 1773 2524 1831 sacerdotii
2551 1770 2979 1828 dedecoratione
3015 1769 3308 1823 abstineat
3353 1783 3370 1822 :
3413 1773 3479 1822 et
3529 1768 3582 1821 si
3627 1766 3972 1838 putaverit

520 1895 635 1933 una
659 1895 789 1933 cum
815 1877 895 1932 eis
923 1893 1110 1949 agere,
1147 1881 1246 1932 aut
1282 1877 1362 1931 eis
1401 1876 1786 1931 testimonium
1814 1875 2130 1946 perhibere,
2152 1860 2210 1932 B
2231 1867 2420 1938 ipsum
2450 1865 2794 1920 sufficienter
2818 1862 2888 1917 ad
2920 1859 3326 1934 paenitentiam
3355 1859 3620 1930 venisse,
3657 1863 3828 1914 tunc
3864 1876 3968 1912 sa-

522 1975 620 2025 aut
668 1971 938 2024 interesse
981 1969 1214 2041 plebeiis
1262 1967 1587 2040 hujusmodi
1630 1965 1975 2038 spectaculis,
2008 1981 2136 2037 qua:

521 2061 678 2133 prius
705 2061 969 2130 diximus,
993 2066 1092 2115 aut
1113 2061 1248 2132 quid
1274 2077 1469 2114 eorum
1490 2075 1616 2130 quae
1641 2059 1700 2112 in
1725 2058 1813 2112 his
1838 2057 2136 2128 prohiben-

521 2158 618 2207 tur
639 2154 839 2219 facere,
873 2153 970 2206 sed
1011 2151 1167 2207 omni
1199 2152 1268 2206 ad
1311 2152 1404 2206 illa
1445 2151 1736 2221 participio
1767 2149 1824 2202 in
1851 2153 2134 2219 posterum

524 2244 824 2299 abstinere.
852 2244 1008 2308 Quod
1045 2244 1196 2298 enim
1233 2243 1518 2314 praecessit
1537 2243 1676 2312 jam,
1707 2241 1931 2296 tametsi
1967 2241 2138 2294 etiam

522 2337 809 2408 inquirere
820 2339 1163 2407 oportuerat,
1175 2351 1282 2389 nec
1291 2335 1626 2406 participare
1639 2333 1964 2388 indecenter
1976 2349 2138 2402 opor-

521 2430 696 2496 tebat,
713 2434 904 2483 tamen
922 2431 1154 2499 propter
1171 2426 1586 2482 humanitatem
1605 2426 1984 2496 indulgemus,
1997 2441 2138 2496 prae-

525 2521 694 2576 sentis
719 2519 859 2592 legis
885 2519 1330 2574 observationem
1357 2517 1618 2573 omnibus
1645 2517 1703 2572 in
1730 2522 2015 2587 posterum
2046 2515 2135 2570 in-

517 2615 821 2684 jungentes
843 2617 1090 2682 tempus.
1105 2611 1272 2666 Decet
1287 2611 1440 2665 enim
1455 2610 1606 2681 ipsos
1618 2610 1694 2680 jej
1702 2609 1848 2663 uniis
1867 2613 1923 2663 et
1936 2606 2140 2678 vigiliis

525 2711 582 2760 et
627 2704 1104 2772 meditationibus,
1143 2719 1242 2757 seu
1284 2701 1771 2757 exercitationibus
1822 2700 1883 2754 in
1935 2699 2138 2754 divinis

529 2797 790 2866 oraculis,
811 2802 866 2851 et
883 2812 987 2866 pro
1013 2795 1269 2850 omnium
1285 2795 1463 2850 salute
1481 2793 1784 2848 fundendis
1802 2808 1997 2846 vacare
2017 2808 2163 2862 pre--

527 2885 683 2939 cibus
713 2904 727 2940 :
761 2891 820 2940 at
843 2902 936 2940 eos
961 2885 1061 2956 qui
1089 2885 1222 2938 talia
1249 2901 1364 2938 non
1389 2883 1742 2954 reliquerint,
1771 2897 1876 2935 nec
1899 2895 2140 2934 cessave-

527 2977 642 3030 rint
669 2977 900 3030 omnino
928 2977 1138 3046 polluta
1163 2981 1218 3030 et
1243 2975 1524 3046 prohibita
1559 2977 1923 3028 contrectare.

601 3067 753 3121 idem
782 3067 935 3122 enim
963 3067 1131 3121 etiam
1155 3066 1456 3134 sancimus,
1479 3069 1534 3119 et
1557 3065 1617 3118 in
1641 3063 1888 3134 reliquos
1913 3062 2142 3116 clericos

533 3157 922 3227 (subdiaconos
949 3174 1157 3228 nempe
1183 3163 1239 3212 et
1263 3157 1538 3226 lectores),
1571 3155 1804 3227 quando
1831 3160 1887 3209 et
1918 3154 2024 3224 ipsi
2051 3170 2136 3207 sa-

534 3205 921 3227 \"'—"""""""
950 3205 1157 3228 """"l"
1187 3205 1238 3212 "
1263 3205 1538 3226 ""‘""I)
1576 3205 1798 3227 1“——"'
1837 3205 1885 3209 "
1919 3205 2023 3224 ‘L“‘
2053 3205 2107 3207 "‘

531 3262 640 3300 cras
690 3262 898 3300 mensas
946 3251 1004 3300 et
1046 3245 1230 3298 omnis
1276 3244 1420 3298 circa
1465 3243 1834 3297 sanctissimas
1883 3205 2215 3296 ecclesiasC

529 3343 756 3392 ornatus
781 3337 1065 3393 constituti
1095 3342 1227 3391 sunt
1261 3335 1506 3390 ministri
1533 3338 1587 3390 et
1615 3333 1874 3406 operarii,
1908 3339 1964 3388 et
1989 3350 2143 3388 sacra

529 3433 932 3485 contrectantes
975 3430 1202 3501 eloquia
1230 3445 1243 3483 :
1271 3428 1406 3483 dum
1445 3443 1628 3482 sacras
1669 3425 1829 3480 nobis
1863 3443 1932 3480 ex
1973 3426 2143 3480 sacris

531 3522 735 3576 nostris
759 3522 947 3576 Bibliis
973 3521 1056 3576 illi
1081 3521 1312 3592 quidem
1341 3521 1537 3591 legunt
1565 3517 1882 3589 scripturas,
1922 3517 1982 3572 hi
2011 3533 2143 3572 vero

525 3615 773 3686 hymnos
803 3619 861 3668 et
883 3615 1015 3669 odas
1035 3615 1266 3668 canunt.
1297 3641 1366 3652 —
1390 3612 1422 3682 §
1452 3613 1504 3666 4.
1539 3611 1598 3666 Si
1625 3626 1758 3664 vero
1783 3610 1910 3681 quis
1939 3610 2008 3664 de
2033 3626 2141 3665 οων

534 3709 654 3760 tero
678 3707 786 3760 tale
813 3705 948 3777 quid
979 3705 1185 3760 faciens
1210 3703 1593 3776 deprehensus
1631 3702 1820 3770 fuerit,
1847 3707 1903 3757 et
1929 3703 2144 3757 delatus

532 3797 721 3865 fuerit,
751 3797 812 3852 id
841 3797 926 3852 vel
954 3797 1012 3851 in
1047 3797 1154 3851 hac
1177 3795 1320 3850 felici
1349 3795 1572 3850 civitate
1596 3799 1707 3849 tuas
1733 3795 2029 3863 sanctitati,
2057 3795 2143 3849 vel

531 3889 832 3960 provinciis
856 3890 960 3944 sub
985 3889 1108 3960 ipsa
1132 3888 1345 3959 positis,
1374 3889 1488 3942 Deo
1513 3887 1912 3942 amantissimis
1930 3891 2141 3941 metro-

532 3981 718 4052 politis
759 3987 816 4037 et
857 3981 1072 4036 caeteris
1114 3980 1408 4052 episcopis,
1447 3995 1690 4050 quorum
1735 3979 2144 4034 ordinationem

533 4077 648 4128 tua;
683 4072 1044 4128 beatitudinis
1070 4072 1204 4127 facit
1230 4072 1486 4138 thronus,
1517 4076 1574 4126 et
1606 4071 1730 4126 talis
1753 4072 2012 4144 quaadam
2047 4088 2141 4126 su-

533 4165 852 4237 pervenerit
875 4165 1174 4232 accusatio,
1202 4169 1300 4219 aut
1322 4165 1579 4234 diacono,
1606 4169 1704 4219 aut
1729 4165 2072 4236 presbytero,
2091 4169 2146 4220 et

535 4257 718 4312 multo
762 4257 942 4328 magis
979 4257 1370 4328 episcoporum
1397 4259 1507 4312 Deo
1534 4257 1860 4312 amabilium
1899 4256 2143 4325 cuidam,

534 4355 693 4404 tuam
730 4349 822 4402 hic
860 4349 1286 4418 beatitudinem,
1318 4355 1374 4404 et
1397 4349 1457 4404 in
1485 4349 1784 4421 provinciis
1809 4349 2014 4419 positos
2043 4349 2146 4404 sub

535 4449 590 4496 te
619 4443 730 4496 Deo
757 4441 1168 4496 amantissimos
1193 4442 1594 4513 metropolitas,
1623 4446 1678 4497 et
1717 4441 1815 4513 qui
1858 4440 1962 4496 sub
2008 4439 2148 4512 ipsis

2235 1957 2498 2014 cerdotali
2525 1972 2656 2011 eum
2684 1954 2984 2010 restituere
3007 1953 3286 2024 dignetur
3303 1951 3692 2019 clementiae;
3722 1952 3780 2006 si
3807 1967 3966 2007 vero

2235 2053 2292 2106 et
2315 2055 2443 2121 post
2471 2045 3118 2104 excommunicationem
3158 2045 3438 2100 inventus
3482 2044 3707 2114 fuerit,
3748 2060 3970 2116 neque

2234 2159 2366 2196 vero
2389 2139 2722 2213 pcenitentia
2745 2153 2902 2204 usus,
2933 2141 2992 2192 et
3017 2136 3160 2192 alias
3187 2136 3371 2192 etiam
3403 2141 3793 2207 aspernatus
3823 2153 3969 2192 eam

2234 2250 2376 2302 rem,
2410 2239 2467 2289 et
2511 2231 2807 2287 manifeste
2855 2229 2926 2284 ab
2977 2229 3312 2284 adversario
3368 2228 3673 2302 [diabolo]
3741 2235 3970 2284 mente

2234 2325 2532 2394 inescatus,
2561 2325 2748 2394 ipsum
2775 2321 3012 2393 quidem
3038 2321 3310 2376 sacerdos
3330 2320 3444 2375 sub
3482 2338 3612 2393 quo
3643 2321 3835 2393 degit
3866 2339 3968 2376 sa-

2235 2417 2344 2472 cris
2375 2417 2585 2472 eximat
2620 2413 2910 2486 catalogis,
2959 2413 3200 2468 omnino
3248 2429 3390 2468 eum
3436 2413 3802 2484 deponens.
3860 2415 3970 2470 Ille

2235 2514 2428 2564 autem
2456 2525 2572 2564 non
2613 2507 2862 2578 amplius
2904 2506 3020 2561 ullo
3053 2505 3230 2561 modo
3259 2505 3576 2561 licentiam
3607 2507 3862 2562 habeat
3890 2507 3969 2561 ad

2235 2601 2635 2655 sacerdotalem
2661 2598 2856 2654 venire
2890 2597 3172 2669 gradum;
3213 2597 3320 2652 sed
3347 2597 3400 2652 si
3425 2597 3696 2668 quidem
3731 2599 3978 2654 habeat

2235 2693 2545 2762 facultates,
2577 2691 2812 2746 civitatis
2837 2690 2990 2745 illius
3017 2689 3264 2759 curiam,
3295 2689 3360 2744 in
3388 2705 3514 2760 qua
3543 2697 3974 2747 consecratus

2237 2793 2321 2842 est
2347 2787 2630 2858 primum;
2678 2787 2776 2840 aut
2821 2785 2867 2839 si
2911 2800 3030 2839 non
3073 2784 3291 2839 habeat
3332 2785 3577 2839 curiam
3608 2802 3688 2840 ea
3716 2787 3971 2856 civitas,

2236 2880 2342 2934 alia
2383 2879 2538 2934 curia
2582 2877 2910 2949 provinciae,
2943 2893 3074 2947 qua:
3105 2875 3370 2931 maxime
3408 2877 3666 2948 indiget
3715 2880 3974 2950 curiali,

2236 2971 2471 3041 accipiet
2507 2970 2667 3024 illum
2704 2969 2764 3024 in
2811 2973 3105 3039 posterum
3137 2968 3320 3024 curia:
3345 2985 3494 3024 cum
3525 2971 3660 3025 suis
3688 2971 3972 3028 faculta-

2236 3063 2388 3118 tibus
2413 3062 2756 3117 serviturum
2783 3079 2798 3115 :
2832 3060 2879 3114 si
2903 3077 3041 3115 vero
3073 3061 3382 3115 facultates
3413 3078 3546 3116 non
3573 3063 3805 3134 habet,
3841 3065 3977 3120 ofﬁ-

2239 3154 2388 3208 cialis
2415 3155 2473 3208 in
2499 3159 2789 3224 posterum
2813 3154 2911 3208 ﬁat
2930 3153 3306 3224 provincialis
3327 3152 3522 3209 ofﬁcii
3543 3171 3667 3225 pro
3693 3172 3772 3210 eo
3797 3160 3974 3229 quod

2238 3251 2367 3302 ante
2390 3246 2498 3300 fuit
2522 3249 2790 3315 sacratus,
2822 3251 2880 3300 et
2904 3261 3036 3300 eam
3063 3245 3136 3299 ob
3164 3260 3292 3300 rem
3319 3247 3489 3316 quod
3531 3247 3645 3302 Dei
3678 3249 3974 3304 oﬁicium

2239 3337 2558 3408 dereliquit,
2583 3337 2693 3392 erit
2715 3337 2972 3392 ofﬁcialis
2998 3337 3394 3408 provincialis,
3418 3338 3588 3394 hanc
3616 3341 3743 3397 sibi
3775 3345 3976 3414 turpi-

2238 3431 2496 3486 tudinem
2522 3445 2625 3500 pro
2649 3429 2890 3500 pristino
2914 3429 3136 3484 honore
3159 3429 3514 3502 imponens.

2310 3521 2419 3593 §5.
2463 3523 2592 3576 Haec
2623 3521 2800 3592 igitur
2837 3521 3035 3576 omnia
3067 3521 3368 3576 sancimus
3415 3523 3484 3577 in
3532 3523 3661 3580 hac
3700 3527 3975 3598 quidem

2238 3613 2387 3669 felici
2416 3613 2634 3668 civitate
2661 3618 2820 3667 tuam
2844 3613 3130 3668 custodire
3154 3614 3570 3685 sanctitatem,
3593 3622 3661 3673 et
3685 3618 3976 3692 singula—

2240 3722 2370 3761 rum
2415 3705 2778 3760 ecclesiarum
2821 3705 3150 3761 defensores
3191 3709 3252 3760 et
3295 3721 3694 3780 (economos,
3741 3714 3976 3784 quibus

2240 3814 2391 3854 curae
2416 3797 2524 3853 erit
2547 3797 2670 3852 haec
2697 3797 3012 3868 inquirere,
3041 3801 3100 3852 et
3125 3797 3519 3870 denuntiare,
3549 3809 3616 3858 et
3651 3807 3980 3862 convictos

2239 3889 2459 3962 privare
2489 3889 2638 3944 datas
2683 3889 2761 3943 eis
2805 3906 2841 3944 a
2883 3889 3094 3944 sanctis
3117 3891 3380 3946 ecclesiis
3427 3909 3714 3952 annonae
3746 3915 3975 3970 eroga-

2239 3982 2392 4037 tione
2426 3997 2441 4036 :
2472 3981 2534 4036 in
2557 3979 2860 4052 provinciis
2884 3985 3081 4036 autem
3108 3981 3210 4052 qui
3229 3982 3342 4038 sub
3375 3989 3488 4039 tua
3517 3988 3809 4046 ordinati
3836 3997 3980 4047 sunt

2239 4073 2604 4140 beatitudine,
2638 4074 2750 4127 Deo
2791 4073 3177 4128 amantissimi
3217 4079 3674 4151 metropolitas,
3710 4083 3799 4138 ad
3846 4085 3978 4140 haec

2241 4166 2414 4222 etiam
2440 4165 2538 4238 qui
2566 4165 2677 4220 illis
2706 4165 2950 4222 subsunt
2972 4165 3402 4238 religiosissimi
3434 4173 3766 4246 episcopi,
3793 4183 3860 4232 et
3887 4195 3978 4233 eo-

2241 4275 2372 4314 rum
2395 4257 2764 4313 ecclesiecdici
2809 4261 2866 4313 et
2907 4259 3216 4328 meonomi,
3249 4263 3312 4314 et
3354 4261 3477 4332 ipsi
3528 4265 3615 4320 ad
3667 4270 3974 4326 eumdem

2243 4350 2479 4406 modum
2509 4350 2607 4422 qui
2634 4349 2940 4422 praedictus
2968 4353 3056 4405 est
3083 4367 3146 4406 re
3172 4356 3439 4424 utentes,
3475 4360 3547 4411 et.
3579 4375 3838 4418 sacram
3879 4381 3977 4419 ve-

2241 4442 2600 4499 nerationem
2625 4441 2879 4514 undique
2903 4442 3498 4514 irreprehensibilem
3533 4457 3603 4507 et
3631 4453 3980 4528 inculpabi-

535 4539 667 4627 sunt
693 4535 999 4627 episcopos,
1027 4535 1147 4588 haec
1173 4550 1302 4589 cum
1330 4534 1625 4606 diligentia
1652 4534 1810 4589 omni
1835 4533 2146 4588 secundum
2165 4555 2224 4627 Β
2245 4535 2360 4592 lem
2391 4535 2788 4604 custodientes,
2821 4535 3250 4592 conservabunt
3292 4539 3562 4610 quidem
3612 4545 3741 4602 ista.
3775 4566 3793 4605 ε
3824 4555 3898 4606 ut
3925 4555 3982 4604 et

537 4626 904 4682 ordinationis
927 4627 1187 4687 ordinem
1209 4642 1484 4698 quaerere,
1509 4631 1564 4680 et
1589 4626 1944 4697 perscrutari,
1962 4641 2146 4696 neque
2179 4626 2182 4627 ⁷
2247 4627 2627 4700 gloriosissimi
2651 4643 2944 4682 sacrorum
2963 4633 3305 4685 nostrorum
3332 4637 3803 4702 praetoriorum
3831 4659 3982 4714 prte-

536 4719 947 4774 defunctoriam
970 4719 1151 4773 facere
1178 4718 1621 4790 inquisitionem,
1640 4717 1737 4773 sed
1761 4723 1817 4772 et
1845 4721 2009 4772 testes
2038 4717 2146 4771 fide

536 4811 736 4882 dignos
777 4811 992 4879 audire,
1021 4813 1077 4865 et
1121 4827 1221 4880 per
1261 4825 1488 4864 omnem
1539 4809 1691 4864 viam
1735 4809 2036 4879 procedere
2075 4809 2146 4864 ad

537 4903 843 4958 eruendam
871 4903 1178 4958 veritatem.
1201 4901 1359 4957 Sicut
1381 4902 1534 4956 enim
1554 4901 1693 4973 ipsis
1710 4901 1845 4956 talia
1863 4901 2143 4956 interdici-

538 5010 683 5062 mus,
715 4995 787 5048 ita
825 4999 880 5050 et
903 4994 1243 5050 calumniam
1270 4994 1385 5064 peti
1415 5011 1447 5048 a
1479 4992 1815 5064 quibusdam
1849 4997 2098 5046 vetemus
2129 5010 2144 5048 :

538 5090 595 5141 et
617 5087 683 5154 si,
711 5086 963 5158 undique
993 5087 1335 5141 discussione
1359 5086 1562 5140 divinis
1587 5084 1886 5157 propositis
1911 5085 2149 5156 eloquiis

537 5178 700 5246 facta,
731 5195 858 5234 vere
879 5196 938 5234 se
962 5179 1168 5234 habere
1193 5178 1468 5234 accusatio
1493 5177 1837 5249 apparuerit,
1865 5181 1921 5232 et
1956 5177 2146 5231 convi-

539 5274 661 5324 ctus
689 5271 858 5326 fuerit
891 5272 1156 5326 diaconus
1179 5276 1278 5326 aut
1301 5270 1609 5342 presbyter,
1639 5269 1728 5324 vel
1768 5269 1980 5324 aleator
2008 5285 2146 5340 esse,

537 5363 622 5416 vel
651 5363 958 5418 aleatorum
983 5365 1280 5434 particeps,
1309 5368 1406 5418 aut
1433 5363 1636 5417 talibus
1660 5361 1908 5418 assidens
1935 5363 2148 5416 vanita-

538 5455 709 5522 tibus,
736 5456 821 5509 vel
848 5457 1125 5527 praadictis
1173 5457 1442 5510 interesse
1479 5455 1828 5526 spectaculis,
1855 5458 1955 5510 aut
1981 5455 2150 5510 etiam

537 5549 681 5604 forte
706 5547 908 5619 aliquis
927 5551 1038 5604 Deo
1057 5548 1386 5603 amabilium
1411 5548 1801 5619 episcoporum
1833 5547 2004 5619 (quod
2025 5549 2148 5620 qui-

541 5641 670 5696 dem
699 5657 885 5712 neque
911 5644 1242 5696 eventurum
1261 5656 1375 5694 esse
1401 5640 1755 5710 confidimus)
1779 5657 2004 5711 prorsus
2024 5641 2152 5695 talis

541 5734 825 5804 cujusdam
856 5733 1136 5805 particeps
1163 5747 1282 5786 esse
1307 5733 1629 5802 spectaculi,
1660 5738 1758 5788 aut
1782 5749 1912 5787 cum
1941 5733 2149 5788 aleato-

541 5825 697 5880 ribus
737 5841 849 5880 una
883 5825 1078 5882 sedere
1103 5827 1160 5878 et
1189 5822 1494 5895 disponere
1516 5841 1579 5880 ac
1608 5825 1830 5896 pacisci,
1861 5831 1959 5880 aut
1984 5842 2147 5898 spon-

2244 4721 2376 4776 fecti
2401 4719 2659 4788 (dicimus
2687 4722 2880 4774 autem
2911 4719 3167 4775 Orientis
3193 4738 3334 4778 cum
3361 4725 3641 4784 subditis
3691 4736 3983 4804 gentibus

2247 4829 2446 4869 eorum
2467 4811 2868 4883 jurisdictioni,
2897 4811 3038 4868 item
3072 4814 3302 4885 lllyrici,
3332 4823 3524 4890 atque
3560 4825 3772 4882 etiam
3803 4829 3980 4884 Afro-

2247 4921 2378 4960 rum
2408 4903 2842 4975 praaeminentes
2866 4903 3118 4976 dioecesi)
3149 4909 3210 4960 et
3237 4911 3523 4978 parentia
3547 4914 3644 4970 eis
3669 4919 3907 4990 officia,
3931 4927 3985 4975 et

2247 4995 2542 5051 clarissimi
2571 4995 2995 5066 provinciarum
3044 4998 3325 5068 praesides
3372 5007 3436 5058 et
3470 5005 3827 5069 civitatum
3881 5015 3980 5068 de-

2246 5088 2515 5156 fensores,
2543 5087 2652 5158 ipsi
2678 5087 2914 5158 quidem
2941 5089 3043 5160 qui
3081 5091 3377 5147 maximos
3418 5099 3852 5170 magistratus
3881 5123 3981 5177 ge-

2247 5183 2402 5247 runt,
2447 5179 2904 5250 indignationem
2951 5184 3215 5237 nostram
3261 5185 3725 5262 subverentes;
3791 5199 3983 5254 officia

2250 5274 2440 5327 autem
2469 5288 2586 5326 non
2609 5271 3052 5328 obsecundantia
3071 5275 3256 5346 ipsis,'_
3261 5277 3476 5335 decem
3497 5287 3646 5342 auri
3679 5288 3984 5347 librarum

2249 5367 2553 5436 expertura
2575 5380 2809 5436 poenam
2837 5381 2851 5420 :
2883 5367 3162 5436 praesides
3192 5385 3332 5424 vero
3365 5375 3805 5442 provinciales
3855 5401 3982 5440 ma-

2241 5456 2396 5528 jores
2423 5457 2634 5528 pariter
2679 5459 2738 5512 et
2779 5456 3054 5528 minores,
3079 5463 3140 5514 et
3165 5461 3677 5536 obtemperantia
3707 5475 3870 5548 ipsis
3899 5478 3982 5534 of-

2248 5548 2396 5615 ﬁcia,
2424 5553 2482 5604 et
2519 5548 2754 5621 insuper
2781 5549 3080 5606 civitatum
3114 5553 3485 5630 defensores,
3517 5565 3827 5640 quinque
3860 5571 3984 5626 auri

2248 5641 2523 5696 librarum
2565 5658 2796 5713 poenam
2837 5649 3191 5712 metuentes,
3223 5648 3272 5702 si
3312 5649 3447 5706 haec
3498 5669 3980 5730 cognoscentes,

2249 5750 2362 5790 non
2392 5735 2855 5790 annuntiaverint
2893 5739 2951 5791 et
2988 5736 3100 5808 ipsi
3140 5741 3568 5803 sacerdotibus
3605 5751 3704 5824 (id
3738 5759 3856 5825 est,
3889 5761 3985 5811 aut

2251 5826 2365 5884 Deo
2392 5826 2728 5885 amabilibus
2757 5828 3058 5902 episcopis,
3089 5836 3204 5905 aut,
3220 5835 3636 5901 sanctissimis
3664 5853 3980 5923 metropo-
