4088 6418
219 384 237 438 1
251 385 360 440 085

984 386 1354 444 JUSTINIANI
1393 386 1603 444 LEGES
1639 387 1970 446 SELECTE.
2013 389 2140 447 LIB.
2182 391 2224 458 l,
2263 390 2388 446 ΤΙΤ.
2434 391 2492 458 ν,
2533 391 2662 447 LEX
2699 385 2808 448 XV.

3441 387 3577 447 1086

213 488 353 586 litis,
389 492 492 586 aut
526 471 969 566 uniuscujusque
1002 494 1307 551 diceceseos
1346 495 1716 552 sanctissimis
1741 513 1844 567 pa-
1867 512 1927 586 Α
1950 497 2075 553 ritas
2093 498 2478 570 prohibentur
2490 500 2890 570 magistratum
2909 514 3132 571 gerere,
3153 501 3213 553 et
3234 496 3578 570 dignitatem

218 580 509 653 triarchis,
543 585 858 642 secundum
886 602 1048 641 suam
1074 587 1280 658 cuique
1310 587 1631 658 regionem,
1649 591 1714 642 ut
1735 587 1848 660 ipsi

217 673 341 730 haec
389 674 798 748 intelligentes,
827 678 1140 734 secundum
1170 679 1326 751 quod
1353 684 1523 734 antea
1547 680 1846 736 deﬁnitum

217 778 322 838 est,
347 773 615 828 omnibus
629 791 689 828 se
720 781 1016 847 opponant
1043 783 1100 832 et
1124 777 1404 847 resistant)
1423 793 1437 844 ;
1459 781 1516 833 et
1543 783 1848 849 postquam

215 865 290 918 ab
313 863 396 919 eis
421 865 468 919 is
487 864 584 936 qui
606 865 813 922 harum
836 885 1030 924 rerum
1057 870 1345 924 convictus
1367 870 1538 924 fuerit
1561 869 1848 942 depositus

218 957 416 1025 fuerit,
446 974 564 1013 non
594 959 766 1015 curias
791 961 1030 1016 civitatis
1051 966 1151 1018 aut
1188 962 1378 1018 ofﬁcio
1414 978 1550 1017 eum
1579 963 1728 1018 tradi
1749 980 1848 1018 cu-

221 1049 473 1119 raverit;
505 1055 562 1106 et
585 1052 1022 1124 gloriosissimus
1042 1054 1340 1126 praefectus
1367 1055 1537 1126 hujus
1567 1054 1747 1111 felicis
1777 1054 1851 1110 ci-

219 1141 416 1198 vitatis
439 1143 562 1199 haec
585 1145 885 1215 custodiet,
909 1145 955 1200 si
979 1146 1214 1218 quidem
1247 1147 1304 1202 in
1333 1147 1441 1203 hac
1470 1153 1738 1219 peccetur
1755 1164 1845 1203 re-

223 1236 321 1309 gia
345 1239 542 1292 nostra
578 1237 824 1305 civitate,
861 1255 977 1294 una
1001 1256 1132 1295 cum
1165 1240 1466 1296 obediente
1496 1241 1600 1312 ipsi
1635 1241 1844 1310 ofﬁcio,

221 1331 345 1402 ipse
371 1329 607 1402 quidem
637 1331 1099 1402 indignationem
1124 1336 1378 1388 nostram
1405 1333 1743 1404 subveritus,
1767 1333 1850 1405 ip-

222 1423 340 1478 sius
365 1426 563 1478 autem
600 1423 853 1478 ofﬁcium
883 1425 1082 1480 decem
1120 1425 1397 1480 librarum
1426 1425 1551 1481 auri
1581 1430 1848 1481 metuens

219 1531 474 1588 pmnam.
495 1515 610 1589 —§
629 1519 681 1572 6.
707 1518 921 1572 Verum
949 1517 1056 1572 ista
1081 1517 1315 1589 quidem
1345 1534 1449 1573 nos
1475 1519 1848 1589 legislationis

217 1609 394 1665 modo
413 1609 785 1664 confecimus.
806 1609 949 1665 Illud
968 1627 1103 1666 vero
1122 1610 1180 1665 in
1197 1611 1456 1666 confesso
1478 1617 1579 1679 est,
1594 1612 1730 1683 quia
1751 1628 1850 1667 no-

218 1702 310 1758 bis
350 1702 582 1773 quidem
631 1705 965 1757 consecrata
1007 1707 1139 1758 sunt
1173 1704 1286 1759 Deo
1331 1720 1434 1775 pro
1479 1704 1846 1760 sacerdotum

219 1794 403 1867 ipsius
432 1794 754 1850 honestate.
788 1794 845 1850 Si
873 1811 1008 1850 vero
1035 1795 1142 1866 ipsi
1177 1797 1514 1868 transgressi
1539 1797 1754 1851 fuerint
1779 1814 1849 1853 ea

215 1865 348 1959 quae
372 1891 504 1942 sunt
528 1887 816 1955 ordinata,
831 1893 888 1942 et
903 1865 1279 1956 dissimulent,
1311 1865 1369 1942 et
1392 1905 1511 1944 non
1532 1889 1844 1958 vindicent,
1869 1865 1926 1938 Β

219 1981 320 2035 sed
335 1979 590 2051 quadam
610 1979 875 2035 videlicet
889 1981 1248 2036 humanitate
1265 1997 1383 2036 non
1405 1981 1674 2038 laudabili
1699 1982 1848 2053 capti

218 2073 463 2140 fuerint,
508 2076 720 2143 prteter
747 2073 1002 2128 caelestes
1040 2090 1236 2144 poenas
1273 2074 1568 2129 habebunt
1609 2080 1666 2130 et
1694 2075 1849 2129 illinc

217 2165 792 2231 condemnationem,
823 2181 954 2236 quae
977 2165 1163 2221 illisin
1189 2166 1310 2237 ipso
1339 2166 1442 2222 Dei
1469 2172 1844 2238 repraesenta-

216 2259 378 2314 bitur
392 2257 684 2324 tribunali,
698 2274 825 2329 quae
847 2257 1206 2313 indecentem
1229 2258 1745 2314 dissimulationem
1763 2276 1850 2314 ar-

220 2355 360 2423 guet
387 2354 446 2405 et
479 2349 806 2405 vindicabit.
844 2350 901 2405 Si
941 2367 1077 2404 vero
1119 2354 1178 2404 et
1209 2351 1413 2422 aliquis
1447 2350 1696 2406 civilium
1725 2367 1844 2405 ma-

219 2443 567 2514 gistratuum
595 2442 1019 2514 majorum,aut
1037 2443 1348 2510 minorum,
1377 2443 1732 2511 ofﬁcialium,
1749 2447 1850 2498 aut

219 2537 615 2604 defensorum,
645 2538 763 2605 aut,
787 2551 920 2590 cum
950 2535 1072 2590 haec
1100 2535 1384 2603 didicerit,
1417 2553 1536 2592 non
1551 2536 1846 2607 judicave-

217 2629 316 2698 rit,
340 2631 459 2696 aut,
491 2644 623 2684 cum
659 2627 948 2684 vindicare
976 2629 1195 2695 liceret,
1229 2628 1565 2700 neglexerit,
1597 2633 1697 2683 aut
1723 2645 1848 2683 rem

219 2721 491 2777 mercede
511 2720 846 2792 prodiderit,
871 2720 1014 2776 sciat
1030 2721 1206 2792 quod,
1229 2726 1439 2792 praeter
1452 2720 1849 2776 interminatas

219 2835 256 2874 a
281 2818 446 2873 nobis
465 2833 684 2889 poenas,
700 2817 934 2873 habebit
960 2821 1018 2872 et
1037 2834 1072 2872 a
1100 2818 1348 2874 maximo
1375 2819 1493 2874 Deo
1515 2824 1711 2874 nostro
1737 2835 1850 2890 pa:-

221 2928 356 2967 nam
399 2915 758 2982 sequentem,
797 2913 855 2966 et
879 2911 1158 2966 obnoxius
1209 2912 1320 2966 erit
1368 2911 1850 2967 exsecrationibus

221 3003 496 3060 omnibus
523 3019 653 3075 qua:
681 3003 855 3059 sacris
879 3003 1248 3060 continentur
1269 3005 1446 3059 libris.
1469 3004 1587 3076 —§
1613 3009 1666 3059 7.
1695 3004 1854 3060 Sicut

219 3100 422 3152 autem
469 3097 592 3151 hinc
632 3095 799 3152 nobis
837 3097 908 3151 ob
938 3096 1083 3151 nihil
1125 3096 1278 3152 aliud
1324 3114 1498 3168 quam
1524 3097 1597 3153 ob
1622 3097 1850 3152 Domini

218 3189 444 3246 sancita
470 3194 604 3245 sunt
631 3188 868 3256 cultum,
888 3189 966 3244 sic
995 3193 1052 3244 et
1076 3190 1185 3244 hoc
1211 3189 1496 3257 addimus,
1519 3194 1584 3244 ut
1610 3189 1847 3261 inquisi-

219 3283 409 3339 tiones
451 3298 582 3338 cum
622 3297 847 3336 summa
889 3282 1186 3354 diligentia
1219 3283 1378 3349 ﬁant,
1412 3286 1468 3338 et
1497 3298 1571 3337 ne
1600 3283 1727 3353 quis
1755 3299 1848 3338 ca-

215 3375 537 3431 lumniator
555 3374 818 3445 insurgat
843 3375 902 3430 in
923 3375 1148 3446 aliquos
1173 3378 1273 3430 aut
1298 3375 1442 3430 falso
1463 3378 1848 3444 accusaturus,

216 3472 325 3524 aut
349 3468 555 3522 falsum
586 3467 981 3523 testimonium
1009 3469 1229 3522 laturus
1253 3467 1341 3522 his
1368 3467 1440 3522 de
1470 3469 1674 3533 rebus;
1708 3467 1852 3522 sicut

215 3561 378 3616 enim
407 3559 817 3627 sacerdotibus,
848 3560 896 3614 si
923 3559 1062 3631 quid
1090 3560 1202 3614 tale
1224 3559 1466 3630 egerint,
1495 3561 1638 3614 tales
1663 3559 1847 3630 impo-

214 3654 444 3710 suimus
465 3669 680 3724 poenas,
701 3653 782 3707 ita
803 3655 861 3706 et
887 3652 974 3706 his
999 3652 1098 3723 qui
1125 3652 1460 3707 calumniari
1488 3652 1636 3723 ipsos
1669 3657 1851 3708 tenta-

213 3747 356 3815 rint,
379 3762 450 3800 ex
477 3746 618 3800 ccelo
645 3750 703 3799 et
727 3743 948 3814 legibus
974 3744 1181 3800 nostris
1205 3759 1406 3816 ptenas
1433 3745 1733 3800 imminere
1759 3760 1851 3800 vo-

214 3841 434 3906 lumus,
484 3837 550 3905 si,
594 3837 954 3892 accusatione
1003 3840 1202 3908 coepta,
1250 3853 1348 3892 seu
1387 3838 1848 3906 annuntiatione,

216 3935 322 3988 aut
331 3931 607 4004 persequi
615 3930 927 3998 noluerint,
943 3933 1044 3985 aut
1059 3945 1425 4002 perseverare
1438 3931 1499 3985 in
1518 3929 1854 4001 huiusmodi

213 4023 676 4082 accusationibus
724 4040 841 4079 non
889 4023 1231 4095 quieverint.
1274 4025 1340 4079 Ι).
1383 4025 1474 4078 Pr.
1511 4023 1656 4078 Non.
1690 4024 1849 4092 Nov.,

211 4122 277 4176 C.
308 4120 408 4186 P.,
459 4115 780 4173 Iustiniano
825 4117 886 4172 P.
937 4117 997 4172 Ρ.
1052 4118 1120 4171 Α.
1172 4132 1228 4172 Iv
1279 4119 1339 4172 et
1389 4115 1628 4172 Paulino
1683 4132 1738 4172 v.
1799 4131 1850 4172 c.

211 4227 361 4268 coss.
395 4210 518 4266 543.

760 4389 909 4454 LIB.
958 4389 1017 4467 Ι,
1061 4389 1214 4455 ΤΙΤ.
1258 4390 1332 4456 ν.
1445 4438 1450 4444 .

467 4495 544 4548 De
567 4493 826 4548 hareticis
846 4497 898 4548 et
921 4495 1230 4550 manichm’s
1256 4497 1307 4550 et
1329 4495 1639 4552 Samaritis.

930 4674 1057 4730 LEX
1082 4675 1168 4730 XI.

319 4769 512 4843 Graeca
536 4765 836 4817 constitutio
861 4765 1153 4892 Δηὲιέἐῧεέξὶ
1175 4769 1271 4816 aut
1296 4764 1605 4816 Iustiniani.
1636 4764 1768 4829 Ejus

290 4909 636 4980 Ubicunque
688 4907 981 4964 Manichaai
1033 4907 1418 4977 inveniantur,
1464 4906 1650 4979 capite
1689 4906 1851 4962 dam-

212 5005 406 5064 nandi
432 5007 590 5060 sunt.

279 5109 415 5163 Alia
440 5110 662 5176 epitomc
687 5123 757 5162 ea:
777 5109 959 5176 Eclog.
992 5111 1162 5160 Βασιλ.
1193 5109 1282 5176 lib.
1308 5125 1347 5169 ι,
1373 5111 1451 5160 tit.
1478 5111 1597 5174 Περὶ
1623 5111 1772 5159 Μανι-

819 5171 992 5237 χαίῶν,
1033 5186 1149 5237 cap.
1179 5173 1260 5225 25.

291 5256 608 5314 Manichteo
649 5255 709 5312 in
748 5257 875 5313 loco
918 5257 1174 5312 Romano
1210 5257 1422 5328 degere
1477 5255 1855 5328 deprehenso,

211 5355 398 5424 caput
421 5352 772 5421 amputator.

914 5443 1041 5498 LEX
1071 5445 1186 5498 XII.

249 5534 444 5584 Greca
468 5529 780 5593 constitutio
798 5529 1107 5593 Iustiniani.
1139 5530 1272 5592 Ejus
1299 5531 1520 5593 qpitome
1541 5543 1608 5581 ccc
1632 5529 1811 5580 collac-

363 5595 506 5644 tione
538 5593 721 5643 (ἕνεκα
747 5591 1190 5642 Constitutionum
1218 5591 1709 5642 ccclésiasticarum.

291 5675 588 5734 Manichaei
598 5675 854 5747 undique
871 5676 1312 5746 expelluntor,et
1322 5675 1506 5746 capite
1519 5677 1854 5746 puniuntor.

215 5769 456 5842 Reliqui
479 5772 674 5825 autem
699 5767 954 5823 hmretici
972 5767 1288 5837 (haereticus
1308 5771 1391 5822 est
1415 5768 1604 5822 omnis
1626 5784 1744 5823 non
1772 5785 1860 5824 or-

217 5862 530 5935 thodoxae)
557 5866 615 5918 et
634 5858 812 5918 Gnaei
847 5857 968 5932 [seu
992 5859 1223 5934 pagani)
1249 5863 1307 5915 et
1342 5859 1544 5931 Judaei,
1573 5867 1630 5917 et
1656 5860 1854 5920 Sama-

1947 590 2180 659 habere,
2213 595 2312 646 aut
2349 591 2444 662 jus
2489 591 2698 660 dicere,
2729 596 2828 648 aut
2858 592 3214 660 defensores,
3257 594 3358 647 aut
3386 595 3579 665 patres

1945 682 2232 738 civitatum
2256 683 2382 738 ﬁeri
2411 684 2504 755 (ne
2533 685 2784 740 habeant
2799 685 3091 741 licentiam
3114 701 3344 752 vexare,
3368 689 3467 740 aut
3477 685 3576 757 ju-

1948 774 2136 829 dicare
2181 775 2551 845 Christianos,
2603 780 2702 832 aut
2745 777 3080 848 episcopos).
3131 779 3278 834 Item
3326 777 3576 833 militare

1947 883 2174 938 quoque
2200 867 2600 938 prohibentur,
2631 872 3019 940 praeterquam
3049 869 3094 923 si
3123 886 3192 924 ex
3235 885 3448 940 genere
3475 886 3570 925 co-

1948 957 2364 1014 hortalinorum
2391 964 2556 1030 sunt;
2585 961 2647 1016 hi
2669 961 2823 1016 enim
2849 966 3111 1030 manent,
3140 977 3316 1018 onera
3337 961 3571 1034 quidem

1946 1051 2310 1120 sustinentes,
2334 1070 2447 1108 non
2469 1053 2828 1110 offendentes
2848 1059 3062 1125 autem,
3089 1071 3277 1126 neque
3304 1055 3362 1109 in
3390 1055 3582 1111 ortho-

1947 1143 2120 1198 doxos
2141 1144 2276 1215 quid
2293 1149 2660 1216 exsequentes
2681 1147 2737 1201 in
2759 1147 2999 1218 publicis
3009 1149 3096 1202 vel
3120 1147 3358 1219 privatis
3373 1147 3576 1204 causis.

1948 1235 2056 1300 Qui
2067 1239 2260 1290 autem
2279 1237 2586 1292 tentaverit
2602 1238 2739 1308 quid
2755 1239 2958 1294 horum
2975 1239 3180 1308 facere,
3199 1242 3578 1310 prmterquam

1948 1329 2104 1400 quod
2130 1329 2345 1384 factum
2370 1345 2476 1401 pro
2506 1329 2719 1385 infecto
2743 1331 2870 1398 erit,
2899 1331 3060 1385 dabit
3085 1331 3258 1386 etiam
3285 1348 3351 1388 xx
3381 1331 3576 1398 libras,

1948 1427 2006 1478 et
2034 1422 2131 1494 qui
2159 1421 2401 1494 publicis
2426 1422 2578 1494 ipsos
2607 1423 3082 1494 descriptionibus
3113 1423 3366 1478 inserere
3391 1424 3579 1478 conati

1947 1514 2180 1584 fuerint,
2210 1515 2383 1570 etiam
2414 1531 2502 1582 xx,
2529 1518 2586 1569 et
2609 1516 2882 1572 Prmsides
2909 1533 2960 1585 L,
2983 1521 3039 1572 et
3063 1532 3260 1570 omnes
3277 1516 3366 1571 hae
3392 1516 3579 1588 priva-

1946 1607 2018 1661 tis
2055 1607 2224 1662 rebus
2273 1607 2618 1662 inferuntur.
2657 1608 3028 1680 Excipiuntur
3073 1609 3261 1677 Gothi,
3305 1609 3400 1680 qui
3435 1609 3584 1662 ﬁunt

1946 1699 2228 1768 foederati,
2266 1705 2324 1755 et
2353 1700 2538 1770 aliter,
2580 1706 2757 1773 prout
2792 1701 2976 1756 visum
3020 1700 3357 1774 imperatori
3383 1700 3576 1770 fuerit,

1947 1793 2324 1848 honorantur.

2102 1912 2224 1963 Alia
2249 1912 2484 1975 ejusdem
2503 1926 2634 1977 pars
2659 1925 2726 1962 ea:
2751 1913 3011 1964 Theodoro
3037 1913 3417 1978 Hermopolim.

2019 2015 2050 2088 §
2080 2019 2128 2070 1.
2155 2016 2494 2072 Parentibus
2527 2017 2761 2072 diversas
2796 2017 2929 2072 ﬁdei
2955 2017 3326 2072 existentibus
3355 2020 3414 2071 et
3439 2017 3576 2071 reli-

1949 2108 2152 2178 gionis,
2179 2108 2328 2163 illius
2341 2108 2627 2163 sententia
2647 2110 2972 2180 praevaleat,
2991 2109 3090 2180 qui
3103 2109 3172 2164 ad
3202 2109 3580 2164 orthodoxam

1947 2200 2076 2255 illos
2102 2201 2338 2271 elegerit
2362 2201 2679 2272 perducere
2706 2201 2902 2269 ﬁdem,
2938 2205 2993 2256 et
3029 2201 3292 2272 quamvis
3318 2207 3483 2272 pater
3507 2201 3581 2254 sit

1948 2293 2046 2364 qui
2094 2293 2466 2362 contradicit;
2504 2309 2578 2348 ne
2614 2294 2819 2348 exinde
2864 2293 3231 2349 succensendi
3273 2293 3578 2348 materiam

1947 2388 2206 2456 captans,
2247 2386 2576 2441 necessariis
2611 2403 2708 2442 eos
2745 2385 2929 2459 privet
2979 2385 3286 2455 alimentis,
3325 2391 3426 2443 aut
3453 2384 3578 2442 aliis

1948 2477 2277 2533 necessariis
2301 2478 2578 2551 expensis.

2607 2599 2735 2653 LEX
2766 2600 2898 2655 XIII.

2027 2689 2102 2740 13.
2143 2690 2326 2740 Greca
2355 2690 2903 2816 constitutigplgstini,
2930 2689 3013 2743 υοι
3034 2690 3342 2743 Iustiniani.
3371 2692 3502 2755 Ejus

2695 2767 2712 2801 ι
2769 2767 2867 2802 mc.

2695 2767 2867 2802 uomc.

2019 2850 2278 2905 Haeretici
2305 2853 2497 2922 patres
2528 2850 2670 2904 nihil
2699 2850 2978 2906 habentes
3003 2849 3326 2921 legitimum
3355 2867 3470 2922 quo
3489 2867 3578 2906 ac-

1949 2947 2150 2997 cusent
2169 2943 2518 2998 orthodoxos
2537 2943 2705 3010 ﬁlios,
2739 2947 3024 3014 coguntur
3046 2947 3256 3014 prmter
3280 2944 3579 2998 facultates

1950 3053 2080 3091 suas
2107 3037 2284 3090 etiam
2311 3035 2590 3090 alimenta
2613 3052 2853 3106 erogare
2884 3035 3014 3103 illis,
3047 3039 3108 3090 et
3134 3036 3357 3107 reliqua
3386 3053 3580 3090 neces-

1951 3129 2122 3196 saria,
2151 3132 2209 3183 et
2237 3129 2588 3200 conjungere
2618 3129 2697 3199 (in
2737 3128 3194 3199 matrimonium)
3225 3128 3578 3196 orthodoxis,

1871 3223 1927 3297 ρ
1952 3225 2010 3276 et
2027 3221 2164 3276 dare
2189 3221 2350 3276 dotes
2372 3224 2431 3275 et
2449 3221 2872 3292 antenuptiales
2895 3221 3256 3286 donationes,
3279 3221 3582 3292 providen-

1950 3314 2028 3369 tia
2059 3313 2368 3384 prassidum
2398 3316 2454 3367 et
2481 3313 2904 3384 episcoporum.
2928 3343 2997 3354 —
3019 3311 3050 3385 §
3071 3317 3120 3367 1.
3147 3313 3460 3368 Orthodoxi
3477 3313 3580 3368 ﬁlii

1949 3407 2375 3472 haereticorum,
2393 3405 2490 3476 qui
2519 3405 2660 3459 nihil
2688 3404 3054 3475 deliquerunt
3074 3405 3133 3458 in
3161 3408 3452 3476 parentes,
3476 3405 3581 3460 illi-

1948 3499 2148 3554 batum
2179 3497 2486 3569 accipiunt,
2513 3501 2572 3552 et
2598 3496 3049 3565 indeminutum,
3079 3497 3235 3568 quod
3265 3497 3348 3551 eis
3375 3497 3447 3552 ab
3489 3497 3576 3550 in-

1949 3595 2157 3646 testato
2188 3590 2486 3662 competit,
2515 3593 2574 3644 et
2601 3589 2872 3644 adversus
2897 3590 3021 3644 haec
3050 3590 3202 3644 facta
3243 3589 3448 3643 ultima
3476 3605 3576 3644 vo-

1949 3685 2140 3739 luntas
2164 3683 2524 3738 inﬁrmatur:
2553 3682 2900 3736 conservatis
2929 3681 3310 3748 libertatibus,
3335 3681 3442 3736 nisi
3474 3681 3578 3735 ali-

1952 3793 2064 3848 qua
2096 3777 2221 3846 lege
2253 3775 2686 3846 prohibeantur.
2722 3775 2780 3829 Si
2809 3791 2943 3829 vero
2975 3774 3113 3844 quid
3144 3774 3494 3844 deliquerint
3521 3773 3579 3827 in

1949 3872 2239 3940 parentes,
2271 3873 2627 3934 accusantur,
2651 3873 2710 3921 et
2740 3867 3073 3938 puniuntur.
3109 3867 3332 3920 Habent
3359 3873 3577 3933 autem,

1953 3965 2011 4016 et
2047 3977 2179 4016 cum
2224 3959 2590 4032 deliquerint,
2638 3963 2904 4032 quartam
2941 3959 3279 4014 facultatum
3318 3958 3579 4031 ipsorum

1957 4053 2224 4127 [partem]
2253 4056 2602 4109 testamento
2634 4054 2806 4109 facto.
2844 4085 2912 4094 —
2939 4051 3042 4126 §2.
3071 4052 3290 4108 Eadem
3318 4058 3377 4108 et
3399 4051 3460 4108 in
3485 4053 3579 4108 Ju-

1954 4147 2092 4203 daais
2113 4150 2171 4202 et
2195 4146 2494 4202 Samaritis
2525 4146 2809 4202 obtinent.

2619 4267 2746 4323 LEX
2771 4267 2899 4323 XIV.

1955 4365 2142 4428 Graeca
2181 4363 2482 4428 constitutio
2532 4363 2764 4428 ejusdem
2813 4363 3170 4428 imperatoris.
3195 4362 3462 4428 ΔΕρξιοαηο
3518 4375 3586 4412 ca:

2017 4427 2202 4476 Graeca
2224 4425 2524 4475 collectione
2553 4423 2998 4475 Constitutionum
3027 4423 3502 4475 ecclesiasticarum
3535 4429 3584 4474 ct

2017 4489 2328 4545 Nomocan.,
2362 4487 2439 4538 tit.
2469 4487 2546 4549 12,
2578 4500 2696 4550 cap.
2723 4487 2774 4538 2.

1867 4578 1928 4652 D
2021 4585 2281 4640 Haeretici
2307 4585 2649 4657 synacteria,
2673 4601 2771 4638 seu
2799 4583 3064 4639 collectas
3089 4585 3278 4639 facere
3306 4599 3424 4638 non
3453 4598 3582 4654 pos-

1955 4681 2105 4745 sunt,
2131 4681 2230 4732 aut
2252 4693 2658 4750 parasynaxes,
2698 4679 2797 4731 aut
2830 4676 3100 4748 synodos,
3133 4679 3234 4731 aut
3263 4674 3579 4731 ordinatio-

1955 4788 2077 4839 nes,
2109 4772 2210 4824 aut
2235 4769 2601 4841 baptismata,
2632 4773 2733 4824 aut
2761 4769 3038 4825 exarchos
3073 4769 3308 4836 habere,
3338 4771 3439 4822 aut
3479 4783 3582 4838 pa-

1954 4863 2254 4918 ternitates
2279 4879 2378 4918 seu
2420 4862 2698 4929 abbatias,
2736 4865 2837 4917 aut
2865 4861 3231 4918 defensiones
3261 4860 3582 4928 instituere,

1957 4960 2056 5012 aut
2080 4972 2278 5012 curare
2309 4972 2410 5010 seu
2439 4955 2845 5010 administrare
2875 4955 3038 5010 villas
3063 4972 3168 5027 per
3214 4954 3452 5025 seipsos,
3486 4956 3586 5008 aut

1956 5065 2062 5120 per
2079 5048 2446 5120 interpositas
2465 5064 2761 5120 personas,
2781 5051 2881 5103 aut
2906 5047 3044 5119 quid
3067 5046 3489 5120 prohibitorum
3505 5045 3588 5100 fa-

1956 5159 2106 5197 cere.
2141 5141 2250 5207 Qui
2283 5145 2670 5214 transgressus
2695 5141 2818 5197 haec
2848 5141 3040 5209 fuerit,
3070 5141 3340 5196 ultimum
3368 5139 3584 5213 suppli-

1957 5235 2109 5290 cium
2138 5235 2261 5290 luit.

2631 5329 2759 5385 LEX
2807 5329 2912 5385 XV.

2034 5426 2218 5476 Graeca
2243 5425 2560 5477 constitutio.
2593 5427 2828 5501 Epitome
2853 5440 2921 5500 ex
2952 5425 3126 5477 indica
3153 5425 3510 5478 Basilicarum

2575 5503 2698 5537 ma
2721 5503 2960 5552 στιχειων.

2027 5581 2323 5637 Manichaai
2342 5581 2552 5637 liberos
2572 5582 2811 5653 quidem
2833 5583 3114 5638 habentes
3135 5583 3503 5650 orthodoxos,
3527 5583 3585 5638 in

1957 5692 2058 5730 eos
2075 5679 2133 5730 et
2157 5676 2308 5730 solos
2325 5674 2395 5730 ab
2417 5675 2686 5730 intestato
2711 5676 3136 5747 (transmittant
3156 5694 3170 5733 :
3201 5677 3361 5746 nulli)
3392 5678 3586 5730 autem

1955 5767 2054 5824 alii
2071 5768 2328 5823 viventes
2344 5773 2441 5824 aut
2463 5769 2780 5824 morientes
2793 5770 3084 5825 alienanto
3107 5771 3225 5838 (seu
3247 5785 3350 5838 per
3369 5767 3586 5822 institu-

1957 5861 2198 5931 tionem,
2222 5878 2318 5918 seu
2338 5878 2444 5937 per
2462 5862 2739 5938 legatum,
2776 5880 2876 5919 seu
2903 5880 3007 5936 per
3027 5859 3444 5933 donationem),
3468 5875 3585 5918 om-
