4088 6466
535 387 666 442 1087
1648 377 1900 433 SECULI
1939 375 2139 436 SEXTI

2318 374 2718 433 ’LEMENTUM.
3809 367 3968 420 1088

530 489 763 544 nimodo
803 503 1006 543 eorum
1047 482 1514 542 facultatibus'ad
1551 482 1806 541 ﬁscalem
1835 481 2144 538 reddituris
2165 493 2226 566 Α
2244 481 2578 552 praesidibus
2617 479 2880 536 referunt
2922 477 3192 552 principi,
3225 491 3424 552 pecua
3454 489 3612 530 vero
3645 473 3816 529 fisco
3849 487 3967 542 ap-

536 581 842 636 rationem.
2246 572 2550 647 plicantur.

1192 651 1318 705 LEX
1346 650 1471 705 XVI.
2919 665 3054 721 LEX
3083 665 3212 720 XIX.

536 742 728 798 Greca
769 744 1164 797 constitutionis
1215 745 1457 812 epitome,
1511 756 1578 795 ea:
1627 740 1927 794 collectione
1969 739 2150 796 Graeca

851 773 1163 797 ωιιιιηιυηω
1215 773 1457 812 σΡίῦυΊΙιῦ)
1511 773 1575 795 ω
1627 773 1926 794 υυιιῠυοιυηῡ
1969 773 2150 796 ulww
2900 773 2912 786 ο

851 813 1327 868 ecclesiasticarum
1355 811 1822 869 Constitutionum.
2317 777 2476 834 Idem
2497 779 2784 869 Angustus
2804 775 3031 869 mnam
3053 775 3114 829 Ρ·
3141 775 3207 828 Ρ·

2318 868 2699 938 Cognovimus
2737 867 2950 922 multos
2979 881 3104 920 esse
3131 863 3505 919 orthodoxos
3533 861 3794 916 liberos
3827 859 3972 930 qui-

2246 961 2353 1015 bus
2381 977 2486 1014 nec
2506 964 2671 1030 pater
2689 974 2795 1012 nec
2819 959 3008 1012 mater
3035 955 3381 1011 orthodoxae
3409 957 3561 1009 sunt
3588 951 3970 1022 religionis.

2247 1053 2316 1107 Et
2353 1051 2481 1106 ideo
2508 1051 2793 1104 sancimus
2820 1054 2883 1104 ut
2916 1064 3036 1102 non
3074 1051 3310 1102 tantum
3354 1047 3419 1100 in
3451 1062 3609 1100 casu
3654 1044 3776 1098 ubi
3812 1045 3978 1098 alter

2249 1143 2406 1215 [non]
2457 1142 2795 1197 orthodoxae
2842 1139 3142 1210 religionis
3188 1144 3296 1204 est,
3339 1138 3450 1192 sed
3491 1137 3701 1191 etiam
3755 1135 3831 1190 in
3880 1135 3977 1188 his

2249 1236 2468 1290 casibus
2488 1235 2547 1288 in
2564 1233 2770 1304 quibus
2790 1237 3034 1302 uterque
3055 1247 3271 1302 parens
3299 1231 3521 1286 alienae
3544 1232 3754 1284 sectae
3783 1228 3892 1295 sit,
3915 1227 3980 1280 id

601 927 680 980 Ex
706 925 1014 982 Manichaee
1050 927 1226 980 factus
1265 925 1633 992 orthodoxus,
1675 923 1720 977 si
1749 923 2011 977 inventus
2030 921 2150 974 fue-

535 1017 611 1072 rit
641 1035 707 1072 ea
727 1034 849 1088 qua:
876 1017 1142 1088 [pristini]
1175 1017 1383 1072 erroris
1413 1021 1577 1071 erant
1597 1021 1808 1081 tacere,
1832 1017 1932 1068 aut
1949 1013 2152 1067 saltem

535 1126 650 1164 una
678 1109 888 1179 degere
917 1110 1211 1176 duntaxat,
1235 1111 1293 1163 et
1308 1107 1628 1163 conversari
1649 1123 1778 1162 cum
1806 1105 2146 1170 Manichaais,

537 1218 642 1256 nec
669 1201 964 1256 confestim
989 1200 1305 1272 prodiderit
1323 1201 1418 1255 illa
1433 1197 1775 1270 competenti
1796 1197 1995 1268 judici,
2025 1196 2152 1250 ulti-

535 1309 632 1348 mo
660 1293 934 1364 supplicio
957 1293 1208 1364 punitur.
1235 1292 1353 1364 —§
1380 1297 1432 1346 t.
1459 1291 1617 1346 Idem
1643 1289 1738 1360 qui
1769 1289 1828 1343 in
1857 1287 2146 1358 dignitati-

533 1385 641 1438 bus
667 1389 724 1439 et
748 1385 963 1438 militiis
989 1387 1120 1438 sunt
1145 1383 1380 1438 sollicite
1403 1399 1501 1437 eos
1526 1383 1623 1453 qui
1651 1381 1709 1435 in
1737 1397 1836 1434 suo
1862 1379 2148 1434 consortio

539 1480 671 1530 sunt
699 1475 979 1546 ejusmodi
1007 1475 1314 1546 inquirant,
1341 1481 1396 1529 et
1420 1475 1669 1545 prodant
1696 1490 1710 1527 :
1743 1472 1875 1542 quia
1915 1470 1962 1524 si
1991 1487 2146 1524 com-

537 1568 854 1639 prehensus
877 1567 1214 1622 Manichaeus
1245 1567 1450 1620 dixerit
1473 1565 1600 1619 sciri
1622 1581 1681 1618 se
1709 1568 1768 1618 et
1792 1563 1948 1618 nosci
1976 1563 2149 1616 talem

540 1677 573 1713 a
605 1659 968 1729 quibusdam,
991 1675 1242 1728 congrue
1271 1658 1349 1712 illi
1376 1657 1707 1728 puniuntur,
1739 1659 1802 1710 ut
1827 1654 1921 1725 qui
1949 1654 2151 1708 eadem

540 1750 902 1821 deliquerint,
929 1750 1158 1804 tametsi
1189 1767 1302 1804 non
1329 1749 1444 1803 sint
1462 1750 1603 1802 tales
1623 1765 1637 1814 ;
1657 1748 1855 1802 eadem
1882 1746 2037 1800 enim
2058 1745 2151 1798 de-

539 1841 799 1912 linquere
835 1842 1102 1896 videntur
1139 1841 1380 1896 scientes
1426 1839 1659 1911 quidem
1699 1839 2230 1914 delinquentem,B

541 1949 658 1988 non
683 1933 956 1988 facientes
984 1938 1177 1988 autem
1207 1934 1370 1987 illum
1394 1931 1784 1986 manifestum.
1807 1961 1874 1969 ——
1902 1929 1932 2000 §
1959 1933 2012 1982 2.
2047 1927 2156 1992 Qui

540 2025 716 2079 habet
742 2025 919 2080 libros
941 2024 1334 2091 Manichaicos,
1364 2029 1422 2079 et
1449 2041 1566 2079 non
1594 2022 1920 2078 manifestat
1944 2037 2062 2087 eos,
2093 2023 2158 2073 ut

544 2116 975 2184 comburantur,
1003 2116 1258 2188 punitur.

2249 1331 2354 1392 est,
2371 1329 2535 1396 pater
2555 1328 2612 1380 et
2631 1329 2836 1390 mater,
2859 1323 2920 1378 hi
2949 1322 3361 1376 tantummodo
3393 1321 3581 1376 liberi
3609 1320 3700 1376 ad
3738 1336 3974 1374 eorum

2247 1419 2686 1483 successionem,
2724 1417 2840 1470 sive
2865 1432 2936 1471 ex
2964 1417 3346 1484 testamento,
3382 1414 3510 1468 sive
3543 1413 3630 1467 ab
3659 1413 3978 1468 intestato

2247 1513 2538 1577 vocentur,
2571 1513 2627 1564 et
2652 1509 3014 1576 donationes,
3058 1523 3160 1561 seu
3191 1507 3322 1560 alia:
3354 1507 3694 1560 libertates
3733 1505 3841 1559 his
3876 1521 3975 1558 ac-

2249 1603 2451 1657 cedere
2464 1601 2702 1672 possint,
2721 1601 2817 1670 qui
2836 1600 3296 1654 orthodoxorum
3307 1597 3661 1654 venerabili
3683 1603 3849 1652 sunt
3869 1613 3980 1651 no-

2248 1695 2403 1748 mine
2437 1693 2690 1748 decorati
2720 1709 2734 1746 :
2776 1691 2998 1746 caeteris
3027 1691 3231 1745 liberis
3269 1707 3487 1744 eorum
3521 1691 3641 1760 qui
3677 1707 3823 1745 non
3869 1691 3980 1745 Dei

2255 1785 2664 1856 omnipotentis
2704 1800 2988 1850 amorem,
3030 1783 3134 1836 sed
3179 1786 3527 1853 paternam,
3576 1784 3681 1836 vel
3729 1787 3976 1838 mater-

2254 1893 2389 1930 nam
2414 1877 2649 1946 impiam
2671 1875 3038 1930 affectionem
3060 1873 3245 1928 secuti
3265 1877 3426 1941 sunt,
3443 1874 3525 1928 ab
3549 1875 3747 1928 omni
3776 1875 3976 1930 bene-

2253 1969 2382 2024 ficio
2413 1967 2777 2038 repellendis.
2797 1967 3016 2021 Liberis
3038 1971 3240 2020 autem
3259 1966 3626 2020 orthodoxis
3661 1985 3806 2022 non
3842 1968 3971 2022 exi-

2256 2061 2552 2127 stentibus,
2585 2059 2660 2114 ad
2691 2059 3090 2128 agnationem,
3118 2058 3210 2112 vel
3245 2058 3705 2130 cognationem
3743 2076 3976 2114 eorum

2257 2151 2618 2222 (orthodoxos
2657 2151 2876 2222 tamen)
2921 2150 3158 2205 easdem
3209 2166 3328 2218 res,
3380 2151 3479 2205 vel
3525 2153 3977 2207 successiones

1206 2229 1331 2285 LEX
1361 2231 1512 2284 XVII.
2255 2243 2574 2315 pervenire.

613 2323 804 2379 Graece
827 2325 1217 2378 constitutionis
1241 2324 1538 2404 {ustiniani
1557 2323 1780 2391 epitome
1808 2335 1874 2374 ϐω
1901 2319 2086 2374 eadem
2327 2329 2493 2394 Quod
2512 2330 2557 2384 si
2575 2328 2700 2401 [nec
2715 2329 2973 2401 agnatio]
2986 2331 3075 2384 vel
3093 2331 3374 2400 cognatio
3386 2337 3564 2386 recta
3581 2331 3984 2402 inveniatur,

1191 2394 1510 2499 cf’uecmne’
1875 2492 1890 2499 _
1968 2497 1974 2499 _
2255 2425 2392 2476 tunc
2412 2421 2646 2476 easdem
2670 2438 2764 2476 res
2781 2421 2904 2476 ﬁsci
2925 2422 3111 2476 nostri
3119 2422 3358 2492 juribus
3372 2423 3729 2479 vindicari-
3753 2457 3837 2466 ——
3853 2426 3889 2499 §
3927 2432 3980 2480 t.

613 2497 856 2562 Sanctae,
885 2501 991 2550 etc.
1015 2496 1504 2552 Samaritanorum
1534 2509 1838 2566 synagogse
1859 2492 2156 2546 destruun-

2318 2515 2368 2569 ed
2381 2530 2453 2568 ne
2469 2513 2768 2568 videamur
2784 2513 3168 2568 morientibus
3189 2515 3442 2586 quidem
3468 2492 3893 2587 genitoribus
3909 2520 3981 2574 li-

543 2593 670 2656 tur;
703 2592 778 2656 et,
811 2587 858 2642 si
892 2587 1030 2642 alias
1066 2592 1288 2642 tentent
1322 2589 1532 2653 facere,
1583 2585 1913 2656 puniuntur.
1950 2615 2018 2623 —
2045 2583 2076 2655 §
2107 2587 2156 2637 t.

2318 2611 2408 2664 :ris
2421 2609 2741 2680 providere,
2755 2610 3076 2664 viventibus
3089 2613 3295 2666 autem
3312 2612 3556 2667 nullam
3570 2613 3830 2670 inferre
3849 2633 3990 2687 pro—

543 2682 669 2778 N_°'_l
697 2685 930 2778 Posi‘int
955 2696 1305 2778 succ‘essoré?
1338 2679 1548 2778 hfibere
1579 2695 1647 2732 ex
1675 2679 2037 2778 ίθδίδξηθηίίξν
2070 2676 2158 2778 vei
2256 2676 2568 2757 videntiam
2589 2701 2766 2772 (quod
2786 2702 2962 2757 etiam
2983 2719 3049 2756 ex
3076 2703 3231 2758 facto
3253 2703 3436 2758 nobis
3458 2707 3818 2777 cognitum
3841 2676 3981 2778 est),

547 2773 616 2865 ab
636 2772 928 2865 intestato,
955 2775 1164 2865 praeter
1189 2771 1566 2836 orthodoxae»;
1591 2786 1776 2865 neque
1803 2768 2037 2865 tionem:
2065 2771 2162 2820 aut
2259 2768 2654 2848 necessitatem
2668 2793 3248 2864 imponimustalibus
3261 2768 3668 2865 genitoribus
3682 2768 3992 2856 orthodo-

548 2864 714 2958 aliter
739 2864 996 2918 alienant
1020 2863 1082 2918 hi
1102 2864 1200 2934 qui
1225 2880 1338 2916 non
1369 2867 1500 2916 sunt
1519 2860 1838 2928 orthodoxi,
1872 2859 1969 2914 sed
1996 2859 2161 2912 fiscus
2259 2903 2358 2940 ms
2383 2886 2593 2940 liberos
2622 2859 2938 2940 secu‘ndum
2971 2887 3088 2941 vim
3119 2859 3480 2958 patri'monii
3513 2891 3723 2958 alere,
3763 2899 3834 2947 et
3867 2910 3992 2948 οω-

546 2955 669 3026 ipsa
692 2955 942 3010 vindicat
965 2954 1321 3026 providentia
1338 2953 1737 3024 episcoporum
1759 2957 1816 3006 et
1832 2950 2156 3022 praesidum.
2260 2978 2354 3032 nia
2382 2977 2463 3031 eis
2493 2981 2785 3048 prastare’
2819 2994 2949 3048 qua
2985 2978 3059 3033 ad
3090 2935 3468 3049 (gaudium
3510 2935 3991 3040 vimv'c;;;e:_

1184 3069 1312 3121 LEX
1350 3068 1528 3122 XVII].
2259 3069 2547 3124 vationem
2572 3069 2886 3124 sufﬁciant:
2911 3070 3016 3123 sed
3037 3073 3096 3124 et
3110 3071 3282 3124 dotes
3306 3088 3424 3142 pro
3446 3073 3713 3130 ﬁliabus
3744 3081 3815 3132 et
3843 3095 3994 3149 nep-

551 3161 742 3218 Grascw
781 3159 1440 3260 comtitutionisdnejmdﬂln
1462 3159 1780 3260 ’{uflt’iniani
1822 3159 2044 3226 epitome
2098 3171 2165 3208 ea:
2181 3186 2236 3260 Ο
2262 3160 2410 3214 tibus
2441 3161 2596 3228 dare,
2627 3163 2686 3214 et
2702 3163 2840 3214 ante
2861 3161 3092 3232 nuptias
3117 3161 3490 3219 donationes
3523 3182 3651 3236 pro
3681 3169 3866 3237 ﬁliis,
3899 3172 3994 3226 vel

1091 3230 1275 3283 eadem
1300 3230 1622 3282 collectione.

2318 3253 2565 3324 apotibus
2584 3252 2954 3322 perscribere,
2968 3254 3030 3307 in
3051 3254 3220 3308 omni
3249 3271 3396 3310 casu
3426 3260 3804 3316 secundum
3825 3263 3994 3318 vires

621 3331 756 3395 Quae
772 3331 842 3384 de
857 3331 1150 3385 Samaritis
1169 3332 1264 3400 138
1267 3347 1296 3383 θ
1317 3332 1528 3422 δίδωῑὲ
1540 3330 1672 3422 ἓυηῐ
1685 3330 1832 3422 εἰτ’οὲ
1845 3343 2163 3422 synagogas
2261 3345 2593 3416 patrimonii
2616 3345 2946 3415 hujusmodi
2963 3345 3428 3404 liberalitatibus
3446 3351 3895 3422 aestimandis,
3917 3373 3996 3411 ne

552 3429 608 3478 et
632 3423 1034 3490 successiones,
1067 3422 1326 3476 obtinent
1349 3423 1407 3475 et
1429 3421 1487 3474 in
1506 3419 1876 3484 Montanistis,
1911 3423 1967 3472 et
1989 3420 2163 3472 Asco-
2260 3439 2496 3508 propter
2525 3436 2700 3491 djvini
2719 3437 2934 3492 amoris
2963 3437 3342 3507 electionem,
3373 3447 3686 3512 paterna,
3720 3448 3830 3502 vel
3855 3419 3998 3503 ma-

552 3515 809 3586 drogitis,
839 3517 896 3568 et
922 3513 1158 3585 Ophitis.
1193 3514 1309 3569 Soli
1339 3513 1491 3567 enim
1523 3511 1821 3566 orthodoxi
1853 3509 2164 3564 succedunt
2262 3533 2429 3583 terna
2458 3529 2570 3583 sint
2591 3529 2756 3582 liberi
2786 3529 3116 3600 provisione
3146 3509 3532 3590 defrauaati.

551 3607 686 3678 ίΡδίθ
711 3624 777 3661 ex
807 3609 1174 3671 ῖθείθῐηθηῐον
1214 3609 1271 3660 9t
1310 3605 1381 3658 ab
1407 3605 1698 3669 ίηίεεῖδῖο»
1741 3605 1800 3656 εί
1841 3603 2026 3672 legata
2069 3617 2163 3655 ca'
2335 3621 2612 3676 Omnibus
2653 3620 2919 3680 videlicet
2944 3638 3076 3693 quas
3113 3627 3334 3680 nostrae
3375 3629 3889 3689 constitutiones
3924 3635 3998 3689 de

550 3699 718 3770 piunt
745 3715 758 3753 :
788 3699 981 3753 caeteri
1025 3703 1216 3752 autem
1243 3696 1516 3762 haeretici,
1547 3696 1605 3750 id
1635 3699 1738 3761 est,
1773 3694 1870 3766 qui
1894 3711 2008 3748 non
2036 3695 2168 3747 sunt
2264 3712 2444 3782 poenis
2466 3728 2849 3784 paganorum,
2881 3717 2940 3768 et
2974 3713 3475 3786 Manicbwomm’
3517 3725 3586 3774 et
3619 3723 3999 3781 Borborim_

553 3790 875 3857 orthodoxi,
919 3793 978 3844 et
1005 3789 1199 3856 Graeci,
1233 3805 1332 3843 seu
1363 3787 1594 3860 pagani,
1619 3793 1676 3842 et
1701 3786 2018 3852 Samaritae,
2047 3801 2165 3840 non
2263 3820 2414 3870 tum,
2442 3806 2500 3858 et
2522 3803 2954 3872 Samaritarum’
2983 3805 3521 3879 Montanistamm,
3557 3817 3627 3868 et
3640 3816 4000 3873 Tascodm_

550 3887 816 3953 militant,
837 3903 1024 3957 neque
1045 3887 1158 3940 ulla
1177 3885 1455 3955 dignitate
1480 3885 1842 3950 decorantur,
1864 3899 2049 3953 neque
2068 3897 2168 3952 pu-
2265 3895 2536 3967 sitarum,
2581 3901 2638 3950 et
2675 3895 3040 3966 Ophitarum,
3083 3902 3594 3975 ceterorumque
3649 3908 4000 3965 δωτθϋω-

548 3979 758 4072 micam
791 3977 1198 4072 γεάξρίεοιιᾲῐιῗιιτ
1253 3993 1468 4042 curam,
1506 3993 1690 4047 neque
1723 3976 1948 4072 ἀοεθξην
1980 3989 2168 4072 ηθξΙιξθ
2263 4004 2394 4042 rum
2429 3988 2556 4058 jam
2595 3988 3037 4057 constituerunt,
3071 4005 3138 4045 ex
3167 3991 3281 4046 hac
3313 3999 3541 4052 nostra
3577 3999 3732 4072 lege
3773 4003 4003 4058 contir-

551 4071 1010 4124 advocationibus
1047 4069 1381 4140 funguntur.
1417 4068 1473 4122 Si
1503 4085 1635 4123 vero
1663 4068 1789 4138 quis
1819 4066 1892 4122 ad
1923 4083 1992 4121 ea
2020 4064 2156 4120 obti-

2318 4079 2510 4146 Landis,
2529 4079 2663 4134 etin
2689 4083 3038 4151 perpetuum
3055 4083 3349 4140 valituris.
3366 4087 3519 4143 Dat.
3548 4064 3784 4150 Const.
3813 4096 4001 4151 xKal.

551 4161 742 4216 nenda
765 4161 994 4216 simulet
1029 4177 1088 4214 se
1116 4161 1517 4226 orthodoxum,
1548 4164 1606 4214 et
1626 4161 1902 4231 appareat
1927 4173 2164 4212 uxorem
2264 4173 2419 4238 nec"
2448 4171 2758 4243 Lampadio
2778 4175 2836 4228 et
2855 4171 3057 4229 Oreste
3083 4190 3180 4229 vv,
3203 4192 3289 4231 cc,
3327 4194 3494 4235 coss,
3537 4186 3683 4240 530.

554 4253 792 4319 habens,
820 4257 920 4307 aut
952 4253 1158 4307 liberos
1187 4253 1501 4320 haereticos,
1537 4256 1596 4306 et
1617 4269 1734 4307 non
1762 4251 2006 4306 adducat
2033 4250 2167 4320 ipsis

555 4345 624 4399 ad
655 4345 1072 4412 orthodoxiam,
1107 4345 1344 4416 ejicitur.
1377 4345 1436 4400 Si
1456 4319 1590 4400 vero
1613 4344 1788 4398 etiam
1817 4343 2014 4410 lateat,
2049 4319 2166 4398 non
2315 4413 2339 4416 ,γ
2555 4411 2588 4416 Α,
2669 4411 2680 4416 _
2741 4409 2771 4416 Δ
2951 4319 3082 4377 LEX
3115 4323 3225 4378 xx°

553 4440 742 4508 potest
753 4438 887 4508 quid
907 4409 1350 4492 suarum'rerum
1368 4437 1714 4504 donare,aut
1730 4435 1898 4489 aliter
1916 4409 2165 4489 alienare
2301 4411 2704 4468 constitutionis
2730 4409 2930 4467 θτεεοδ
2953 4415 3185 4483 epam
3213 4431 3285 4470 ϐω
3316 4419 3530 4475 eadem
3561 4425 3948 4484 collectione.

553 4529 842 4597 haeretica,
874 4529 974 4583 sed
1002 4529 1122 4584 haec
1148 4532 1206 4582 et
1229 4528 1554 4582 haereticam
1573 4527 1822 4581 delatam
1847 4525 2021 4596 ipsius
2049 4540 2166 4580 suc-
2183 4533 2242 4605 D
2336 4523 2595 4580 Hmretici
2618 4527 3134 4596 communicantes,
3158 4532 3263 4584 aut
3289 4547 3585 4603 synaxes,
3619 4544 3743 4596 aut
3767 4527 4004 4614 baptis-

557 4621 1332 4676 cessionemvindicatﬁscus.
1347 4623 1410 4674 In
1427 4619 1750 4674 universum
1769 4618 2170 4688 enimquipar-
2266 4619 2422 4672 mata
2457 4617 2734 4672 facientes
2776 4618 3118 4688 puniuntur,
3167 4625 3234 4676 ut
3268 4623 3374 4694 qui
3434 4627 3622 4699 leges
3669 4638 4006 4708 transgre-

553 4713 752 4784 ticipes
779 4717 910 4767 sunt
927 4713 1162 4779 militiae,
1190 4717 1288 4766 aut
1308 4711 1619 4782 dignitatis,
1642 4714 1742 4765 aut
1760 4709 2165 4776 advocationis,
2268 4708 2520 4776 diuntur,
2537 4712 2594 4763 et
2614 4709 2712 4779 qui
2729 4709 2939 4765 domos
2958 4711 3098 4782 ipsis
3113 4712 3190 4768 ad
3211 4713 3330 4770 hoc
3352 4719 3683 4793 praebent,
3705 4727 3858 4797 jam
3881 4746 4010 4783 san-

558 4809 657 4859 aut
679 4806 922 4876 publica:
941 4805 1319 4872 liberalitatis,
1349 4807 1447 4858 aut
1470 4804 1788 4874 applausus,
1809 4803 1956 4857 solos
1979 4801 2170 4857 ortho-
2268 4801 2392 4855 citis
2417 4799 2596 4871 poenis
2619 4799 3160 4877 subjiciuntur.—§
3190 4810 3242 4860 1.
3273 4807 3406 4863 Soli
3441 4815 3821 4874 orthodoxi
3851 4822 4006 4876 intra

555 4897 959 4952 doxoshabent
985 4913 1354 4963 successores,
1375 4902 1432 4950 et
1450 4913 1541 4950 res
1557 4895 2168 4966 ipsorumquocunque
2269 4908 2428 4948 sacra
2471 4896 2632 4963 septa
2676 4892 2958 4950 habentes
2997 4900 3351 4968 ergasteria,
3395 4906 3690 4963 utuntur
3741 4914 4000 4984 privile-

557 4989 726 5043 modo
757 4989 830 5044 ad
859 4989 1192 5044 haereticum
1225 4988 1462 5054 delatas,
1485 4987 1650 5042 ﬁscus
1678 4987 1945 5042 vindicat.
1967 4984 2089 5079 --_§
2117 4988 2165 5040 1.
2269 4984 2396 5055 giis,
2435 5000 2553 5079 non
2590 4984 2732 5040 item
2761 4985 3039 5079 haeretici,
3069 4991 3170 5059 qui
3211 5007 3327 5047 nec
3373 4993 3553 5052 intra
3607 5017 3809 5060 sacra
3841 5012 4010 5079 septa

555 5081 613 5135 Si
633 5082 775 5135 alter
794 5081 1103 5152 conjugum
1119 5080 1464 5135 orthodoxus
1481 5079 1572 5146 sit,
1597 5082 1653 5134 et
1677 5080 1822 5134 alter
1845 5077 2166 5146 haereticus,
2268 5076 2654 5169 negotiantur,
2696 5093 2769 5132 ne
2813 5077 3009 5135 divina
3054 5081 3310 5138 audiant
3365 5093 3725 5158 mysteria.
3765 5129 3849 5141 ——
3883 5076 3931 5169 ξ-
3956 5104 4008 5154 2.

557 5175 782 5264 oportet
807 5174 930 5228 ﬁeri
960 5173 1169 5228 liberos
1201 5189 1399 5226 eorum
1431 5171 1794 5226 orthodoxos.
1828 5169 1994 5234 Quod
2023 5169 2070 5224 si
2101 5186 2170 5223 ex
2267 5167 2621 5224 Montanistze
2640 5185 2796 5238 vero,
2840 5187 3031 5243 neque
3062 5157 3540 5236 commorantur
3577 5202 3740 5244 cum
3787 5157 4011 5264 hisuqui

556 5263 646 5316 his
673 5264 766 5356 alii
801 5265 1101 5320 orthodoxi
1127 5265 1288 5333 ﬁant,
1323 5264 1417 5320 alii
1462 5263 1714 5356 haeretici
1743 5264 2038 5356 maneant,
2067 5261 2170 5316 soli
2270 5261 2449 5356 ex-his
2472 5261 2776 5356 orthodoxi
2802 5262 2940 5356 facti
2968 5271 3140 5332 sunt;
3174 5271 3235 5322 et
3267 5270 3377 5340 qui
3403 5272 3730 5336 dicuntur
3767 5301 3850 5340 ex
3875 5261 4013 5356 ipsis

557 5355 865 5411 succedunt
879 5357 1107 5428 utrique
1138 5357 1360 5428 parenti
1392 5354 1712 5411 orthodoxi.
1735 5354 1793 5411 Si
1809 5369 1943 5409 vero
1971 5369 2170 5408 omnes
2271 5353 2543 5424 episcopi,
2576 5356 2677 5408 aut
2699 5355 2916 5423 clerici,
2939 5358 3329 5428 expelluntur
3343 5365 3509 5421 urbe
3545 5353 4014 5434 Constantino-

557 5447 672 5501 sint
683 5447 952 5515 haeretici,
971 5449 1196 5520 cognati
1208 5447 1508 5504 orthodoxi
1523 5447 1851 5513 succedunt,
1867 5450 1966 5500 aut
1975 5445 2042 5500 iis
2053 5462 2170 5500 non
2269 5445 2548 5516 politana.

559 5539 924 5595 existentibus
949 5541 1134 5594 ﬁscus.
1154 5570 1223 5582 —-
1248 5539 1278 5611 §
1306 5544 1358 5595 2.
1387 5540 1568 5596 Habet
1592 5538 1953 5611 (constitutio)
1985 5537 2169 5592 diver—
2340 5537 2721 5633 §Et.\tetantur
2736 5541 2986 5596 mercari
3006 5543 3333 5616 mancipia,
3354 5566 3580 5624 neque
3603 5565 4020 5633 erogationes

557 5649 648 5688 sas
674 5649 869 5702 poenas
897 5635 1099 5688 contra
1129 5633 1503 5701 neglectores,
1532 5635 1590 5686 et
1618 5646 1735 5686 non
1764 5633 2172 5700 persequentes
2269 5629 2593 5701 percipiunt
2617 5630 2720 5702 qui
2745 5647 2812 5686 ex
2839 5633 2930 5688 his
2951 5639 3198 5705 egentes
3218 5644 3368 5696 sunt
3393 5659 3509 5698 eas
3533 5665 3700 5720 quae.
3731 5629 4022 5714 ᾇίειωιω-

557 5729 655 5779 aut
677 5723 992 5779 indicantes
1013 5721 1283 5814 praesides
1305 5726 1362 5776 et
1381 5723 1568 5778 ofﬁcia
1589 5722 1792 5787 civilia,
1831 5723 1920 5775 vel
1959 5721 2173 5776 milita-
2271 5722 2583 5778 honoraria
2607 5739 2670 5778 ex
2695 5723 2930 5794 judiciis
2950 5727 3040 5782 vel
3073 5730 3342 5788 ecclesiis
3365 5752 3385 5804 ;
3425 5742 3495 5792 et
3529 5745 3654 5814 qui
3677 5749 3918 5805 tribuit
3937 5751 4014 5805 eis

557 5819 642 5870 ria
670 5819 726 5902 et
767 5816 1084 5888 episcopos,
1123 5813 1221 5886 qui
1269 5814 1503 5885 quidem
1539 5818 1596 5870 et
1637 5814 1710 5869 de
1752 5813 2174 5886 neglectoribus
2271 5814 2724 5874 irrationabilem
2744 5818 3180 5892 prefecturam,
3207 5823 3436 5886 decem
3464 5813 3664 5894 libris
3685 5845 4016 5911 multatur,
