4088 6414
234 387 368 440 1089

988 383 1352 440 JUSTINIANI
1391 381 1598 438 LEGES
1635 383 1964 438 SELECTzE.
2008 383 2130 436 LIB.
2173 382 2214 449 Ι,
2257 382 2381 436 ΤΙΤ.
2425 381 2579 447 XVII,
2622 381 2751 435 LEX
2792 379 2831 433 Ι.

3454 381 3588 434 1090

225 498 281 546 et
304 493 498 546 decem
527 507 751 563 quoque
785 491 940 545 libris
969 492 1236 562 praesides
1275 508 1344 546 ex
1387 492 1751 562 negligentia,
1793 496 1849 546 et
1869 507 1930 580 Α
1951 494 2005 545 et
2031 490 2230 545 mundi
2257 490 2431 544 totius
2455 489 2731 543 elementa
2745 490 3236 558 processerunt,et
3266 501 3459 540 rerum
3482 486 3593 539 dis-

227 601 413 639 comes
442 585 808 655 privatarum,
838 588 893 638 et
921 585 1172 638 officium
1199 601 1419 638 eorum.

904 696 1030 749 LEX
1068 697 1192 750 XXI.

299 789 455 842 Idem
482 791 766 857 Augustus
791 789 990 842 Joanni
1017 791 1075 842 P.
1107 790 1168 842 P.

295 876 574 940 Quoniam
612 876 779 929 multi
821 876 1040 945 judices
1075 875 1133 929 in
1167 875 1499 929 dirimendis
1529 874 1726 945 litigiis
1754 892 1856 928 nos

225 969 749 1040 interpellaverunt,
797 974 988 1022 nostro
1040 967 1357 1038 indigentes
1395 968 1636 1034 oraculo,
1668 972 1733 1021 ut
1779 967 1858 1021 eis

226 1064 510 1116 rescretur
539 1061 675 1131 quid
703 1061 770 1114 de
797 1061 1030 1115 testibus
1059 1061 1338 1114 haereticis
1368 1060 1732 1115 statuendum
1763 1060 1853 1128 sit,

226 1159 494 1208 utrumne
540 1153 888 1224 accipiantur
929 1170 1131 1207 eorum
1163 1153 1505 1220 testimonia,
1549 1170 1620 1206 an
1660 1169 1855 1223 respu-

226 1252 411 1313 antur,
437 1247 718 1300 sancimus
742 1251 936 1300 contra
965 1247 1304 1300 orthodoxos
1324 1246 1551 1316 quidem
1573 1245 1856 1316 litigantes

226 1339 443 1393 nemini
471 1339 751 1407 haeretica,
779 1339 865 1392 vel
892 1339 978 1392 his
1010 1339 1182 1393 etiam
1209 1339 1306 1409 qui
1324 1338 1611 1392 Iudaicam
1637 1354 1858 1408 supers-

224 1431 484 1485 titionem
509 1432 718 1498 colunt,
751 1447 869 1485 esse
911 1431 969 1484 in
1017 1431 1344 1485 testimonia
1374 1431 1851 1499 communionem,

227 1524 338 1577 sive
366 1527 608 1594 utraque
636 1541 765 1594 pars
797 1524 1105 1578 orthodoxa
1133 1523 1223 1591 sit,
1256 1523 1367 1577 sive
1395 1525 1589 1577 altera.
1620 1526 1768 1577 Inter
1797 1539 1855 1576 se

225 1622 415 1670 autem
447 1617 747 1684 haereticis,
778 1617 864 1670 vel
889 1616 1118 1681 Judaeis,
1150 1616 1246 1670 ubi
1295 1616 1633 1686 litigandum
1659 1615 1853 1670 existi-

226 1709 525 1774 maverint,
556 1709 912 1762 concedimus
950 1709 1127 1762 foedus
1168 1708 1534 1778 permixtum,
1569 1714 1624 1762 et
1657 1708 1856 1779 dignos

224 1800 604 1872 litigatoribus
632 1802 803 1855 etiam
833 1805 1003 1855 testes
1033 1801 1391 1855 introducere
1423 1819 1435 1854 :
1465 1802 1708 1871 exceptis
1745 1800 1852 1854 sci-

1959 584 2158 654 positio
2197 585 2257 636 in
2303 584 2498 637 orbem
2532 587 2816 636 terrarum
2856 580 3128 650 producta
3165 583 3266 633 est.
3297 578 3327 649 §
3373 582 3420 632 1.
3453 579 3596 631 Cum

1955 677 2146 747 itaque
2177 675 2320 729 nihil
2350 680 2466 730 tam
2494 675 2807 729 studiosum
2838 674 2894 726 in
2937 672 3204 726 omnibus
3240 671 3409 725 rebus
3440 671 3595 725 inve-

1955 770 2129 836 nitur,
2164 785 2335 838 quam
2361 769 2550 838 legum
2582 766 2907 834 auctoritas,
2933 782 3058 835 quae
3082 770 3140 820 et
3167 763 3381 818 divinas
3411 766 3470 818 et
3495 764 3598 817 hu-

1955 878 2151 915 manas
2181 879 2267 915 res
2287 861 2430 914 bene
2462 860 2731 930 disponit,
2764 863 2818 912 et
2845 874 3073 911 omnem
3101 857 3459 926 iniquitatem
3495 872 3594 909 ex-

1959 954 2134 1023 pellit,
2153 954 2470 1024 reperimus
2485 957 2674 1006 autem
2692 967 2923 1005 omnem
2941 951 3138 1020 legum
3160 949 3474 1017 tramitem,
3498 948 3598 1018 qui

1959 1046 2029 1099 ab
2061 1046 2198 1098 urbe
2228 1048 2403 1100 Roma
2428 1046 2651 1099 condita
2673 1049 2729 1098 et
2759 1043 3044 1098 Romuleis
3067 1041 3354 1096 descendit
3381 1044 3599 1111 tempo-

1957 1121 2113 1192 ribus
2134 1138 2210 1191 ita
2245 1155 2362 1191 esse
2388 1138 2707 1205 confusum,
2727 1143 2791 1191 ut
2812 1135 2906 1207 [in]
2935 1135 3218 1189 inﬁnitum
3242 1133 3596 1200 extendatur,

1957 1236 2014 1285 et
2039 1224 2249 1284 nullltis
2289 1231 2554 1284 humanae
2596 1235 2815 1283 naturae
2859 1228 3168 1298 capacitate
3206 1227 3595 1293 concludatur,

1956 1323 2208 1393 primum
2234 1323 2394 1376 nobis
2414 1322 2521 1376 fuit
2545 1321 2798 1375 studium
2818 1339 2850 1375 a
2867 1319 3250 1374 sacratissimis
3269 1323 3423 1373 retro
3441 1319 3597 1389 prin-

1957 1405 2173 1481 cipibus
2214 1411 2441 1465 initium
2494 1425 2739 1476 sumere,
2795 1414 2852 1462 et
2899 1424 3094 1462 eorum
3167 1407 3594 1462 constitutiones

1955 1504 2276 1571 emendare,
2301 1509 2356 1557 et
2373 1504 2476 1556 viae
2497 1502 3019 1573 dilucidzetradere,
3039 1504 3317 1571 quatenus
3349 1500 3408 1552 in
3420 1515 3602 1552 unum

1956 1597 2214 1650 Codicem
2242 1600 2601 1666 congregatae
2629 1601 2683 1648 et
2709 1594 2866 1648 omni
2892 1609 3237 1664 supervacua
3285 1591 3604 1646 similitudi-

1955 1705 2046 1757 ne,
2076 1694 2132 1742 et
2158 1688 2511 1758 iniquissima
2537 1687 2812 1741 discordia
2841 1687 3135 1752 absolutae,
3166 1684 3454 1738 universis
3492 1684 3596 1737 ho-

1955 1781 2202 1834 minibus
2227 1784 2557 1852 promptum
2585 1796 2702 1833 suae
2729 1778 3065 1832 sinceritatis
3087 1777 3382 1847 prabeant
3398 1776 3596 1846 praesi-
3615 1806 3634 1817 ο

225 1863 358 1947 licet
384 1894 474 1948 his
501 1911 640 1964 quos
666 1895 751 1948 vel
773 1894 1144 1948 Manichaicus
1173 1893 1332 1947 furor
1348 1894 1524 1964 (cujus
1553 1863 1773 1964 partem
1800 1897 1856 1947 et
1876 1863 1931 1934 B
1955 1874 2132 1928 dium-
2166 1904 2234 1914 ·-·
2282 1873 2312 1944 §
2361 1877 2414 1928 2-
2457 1875 2680 1943 Hocque
2727 1888 2895 1943 οΡθιὈ
2928 1873 3344 1964 POHsummat":
3375 1869 3443 1964 _in
3478 1885 3596 1923 uno

228 1987 545 2041 Borboritas
577 2003 694 2041 esse
724 1987 1090 2041 manifestum
1119 1989 1216 2056 est)
1239 1987 1327 2040 vel
1353 2003 1572 2057 pagana
1595 1987 1860 2057 supersti-

226 2079 301 2133 tio
329 2079 573 2148 detinet;
606 2079 895 2134 Samaritis
921 2079 1314 2148 nihilominus,
1363 2084 1418 2133 et
1461 2079 1560 2149 qui
1602 2079 1713 2132 illis
1742 2096 1859 2132 non

226 2171 509 2225 absimiles
563 2177 712 2240 sunt,
768 2172 1136 2237 Montanistis,
1197 2175 1253 2226 et
1315 2171 1740 2242 Tascodrogitis,
1804 2176 1861 2225 et

225 2264 442 2334 Ophitis
472 2281 484 2318 :
517 2265 722 2334 quibus
748 2281 850 2334 pro
876 2269 1064 2319 reatus
1092 2264 1467 2319 similitudine
1500 2264 1684 2317 omnis
1713 2263 1856 2332 legi-

226 2357 395 2410 timus
434 2361 592 2410 actus
618 2357 946 2411 interdictus
977 2362 1078 2412 est.
1105 2357 1211 2412 Sed
1236 2357 1323 2411 his
1372 2357 1640 2427 quidem,.
1667 2356 1721 2410 id
1753 2359 1854 2426 est,

228 2449 562 2517 Manichaeis,
587 2449 913 2518 Borboritis,
940 2455 994 2504 et
1019 2450 1274 2520 paganis,
1307 2465 1529 2503 necnon
1548 2449 1856 2517 Samaritis,

228 2545 284 2594 et
306 2541 674 2610 Montanistis,
695 2545 751 2596 et
778 2542 1208 2613 Tascodrogitis,
1234 2547 1289 2596 et
1314 2542 1531 2612 Ophitis
1558 2557 1725 2595 omne
1754 2546 1860 2594 tes-

225 2634 552 2714 timonium,
594 2635 736 2689 sicut
788 2640 843 2688 et
887 2635 1024 2688 alias
1070 2635 1350 2705 legitimas
1389 2634 1855 2699 conversationes,

228 2727 506 2780 sancimus
534 2743 648 2780 esse
674 2726 1056 2781 interdictum.
1091 2727 1226 2780 Aliis
1254 2743 1385 2779 vero
1431 2725 1705 2780 haereticis
1731 2730 1856 2779 tan-

224 2819 520 2873 tummodo
564 2819 853 2888 judicialia
880 2819 1202 2872 testimonia
1257 2825 1454 2873 contra
1494 2818 1856 2884 orthodoxos,

227 2913 542 2965 secundum
567 2912 719 2981 quod
745 2911 1119 2965 constitutum
1142 2917 1243 2977 est,
1271 2911 1530 2965 volumus
1559 2927 1676 2964 esse
1705 2910 1856 2964 inhi-

226 3003 359 3057 bita.
391 3005 675 3058 Caeterum
713 3005 1140 3058 testamentaria
1178 3003 1502 3057 testimonia
1547 3019 1765 3071 eorum,
1806 3008 1861 3058 et

228 3111 352 3166 quae
376 3096 436 3148 in
463 3096 680 3149 ultimis
706 3096 904 3166 elogiis
931 3097 1015 3150 vel
1043 3097 1102 3150 in
1131 3097 1512 3150 contractibus
1550 3096 1861 3150 consistunt

228 3193 464 3258 propter
487 3188 789 3242 utilitatem
817 3189 1114 3243 necessarii
1138 3205 1266 3242 usus
1295 3189 1374 3242 eis
1401 3189 1519 3241 sine
1539 3189 1651 3241 ulla
1670 3187 1861 3241 distin-

229 3281 412 3335 ctione
444 3280 846 3350 permittimus,
877 3298 947 3335 ne
973 3281 1370 3351 probationum
1399 3281 1634 3334 facultas
1658 3296 1863 3350 angus-

227 3376 394 3426 tetur.
432 3373 555 3426 Dat.
600 3389 634 3425 v
676 3373 903 3427 Kalend.
948 3378 1208 3444 August.,
1250 3373 1693 3443 Constantiuop.,
1738 3378 1864 3442 post

233 3465 595 3520 consulatum
616 3466 813 3537 Lamp.
843 3471 898 3520 et
925 3466 1134 3520 Orestis
1158 3483 1244 3520 vv.
1272 3483 1352 3520 cc.
1378 3468 1500 3520 532.

889 3581 1016 3635 LEX
1042 3582 1192 3636 XXII.

298 3673 456 3728 Idem
484 3676 770 3745 Augustus
797 3674 998 3728 Joanni
1022 3676 1080 3728 P.
1108 3676 1169 3728 P.

295 3766 558 3820 Divinam
585 3771 834 3821 nostram
865 3766 1231 3834 sanctionem,
1263 3783 1369 3836 per
1391 3781 1568 3837 quam
1586 3765 1862 3835 jussimus

227 3860 522 3916 neminem
548 3876 737 3914 errore
765 3859 1129 3914 constrictum
1157 3859 1584 3928 hazreticorum,
1617 3859 1858 3913 haeredi-

227 3957 420 4022 tatem,
470 3953 553 4006 vel
604 3953 874 4023 legatum,
916 3953 1004 4006 vel
1043 3952 1539 4006 ﬁdeicommissum
1587 3952 1860 4021 accipere,

229 4046 402 4100 etiam
429 4045 491 4098 in
518 4045 734 4099 ultimis
758 4045 1006 4100 militum
1033 4045 1411 4099 voluntatibus
1434 4045 1626 4098 locum
1652 4043 1863 4097 habere

229 4138 612 4209 praecipimus,
637 4138 749 4192 sive
776 4138 1064 4192 communi
1083 4139 1234 4208 jure,
1267 4137 1381 4191 sive
1407 4137 1638 4191 militari
1661 4141 1866 4191 testen-

228 4235 340 4285 tur.
374 4233 504 4286 Dat.
534 4231 650 4284 Kal.
681 4231 928 4302 Septem.
961 4237 1088 4302 post
1112 4231 1464 4285 consulatum
1490 4229 1784 4300 Lampadii
1810 4233 1866 4283 et

230 4324 443 4379 Orestis
496 4340 582 4377 vv.
645 4341 726 4379 cc.
775 4341 909 4379 ann.
966 4324 1210 4379 secundo
1261 4323 1504 4395 [imperii
1545 4322 1863 4391 Iustiniani]

229 4419 356 4472 532.

712 4594 859 4660 LIB.
910 4597 955 4673 Ι,
1005 4596 1155 4661 ΤΙΤ.
1201 4595 1386 4662 XVII.

231 4703 308 4753 Dr
331 4704 499 4754 vetari
515 4705 642 4766 jure
683 4704 1025 4764 enucleando,
1062 4709 1109 4752 et
1143 4703 1206 4753 de
1244 4703 1560 4766 auctoritate
1581 4703 1866 4766 αὐτ-ἱερω-

516 4765 750 4816 dentium
785 4767 880 4828 qui
912 4768 968 4814 in
1004 4767 1222 4830 Digestis
1256 4765 1579 4827 referuntur.

850 4931 975 4986 LEX
1014 4932 1246 4986 PRIMA.

305 5031 625 5099 Imperator
663 5028 1008 5084 Justinianus
1055 5032 1344 5100 Augustus
1379 5029 1720 5084 Triboniano
1746 5029 1868 5082 viro

232 5121 680 5176 eminentissimo
698 5122 964 5192 quaestori
995 5123 1135 5176 sacri
1155 5122 1363 5193 palatii.

312 5215 425 5268 Deo
451 5218 680 5270 auctore
705 5218 964 5269 nostrum
992 5215 1345 5286 gubernante
1371 5215 1696 5286 imperium,
1719 5215 1872 5286 quod

235 5305 402 5360 nobis
431 5323 464 5359 a
488 5307 697 5361 caelesti
724 5307 1006 5378 Majestate
1037 5308 1310 5362 traditum
1353 5314 1456 5378 est,
1488 5313 1542 5362 et
1566 5308 1714 5362 bella
1739 5307 1868 5361 feli-

238 5399 383 5453 citer
407 5400 756 5470 peragimus,
779 5405 836 5454 et
862 5417 1064 5471 pacem
1087 5400 1437 5469 decoramus,
1461 5404 1518 5456 et
1538 5406 1748 5455 statum
1770 5401 1874 5455 rei-

236 5491 484 5561 publicae
529 5496 910 5547 sustentamus
939 5509 952 5546 :
987 5495 1045 5546 et
1073 5493 1148 5547 ita
1187 5497 1406 5547 nostros
1435 5495 1655 5548 animos
1678 5493 1748 5548 ad
1777 5493 1874 5548 Dei

242 5583 661 5654 Omnipotentis
691 5585 961 5655 erigimus
994 5585 1358 5654 adjutorium,
1384 5591 1450 5639 ut
1482 5603 1666 5658 neque
1703 5586 1876 5640 armis

244 5676 620 5743 confidamus,
642 5693 827 5748 neque
840 5676 1049 5732 nostris
1074 5676 1365 5743 militibus,
1383 5695 1565 5748 neque
1593 5678 1874 5732 bellorum

244 5768 503 5838 ducibus,
523 5770 612 5824 vel
639 5774 828 5824 nostro
858 5769 1106 5841 ingenio,
1126 5769 1219 5822 sed
1250 5785 1478 5823 omnem
1506 5787 1663 5841 spem
1689 5772 1759 5825 ad
1787 5788 1872 5825 so-

244 5860 361 5916 lam
390 5862 808 5934 providentiam
823 5864 1135 5920 referamus
1149 5876 1385 5917 summae
1401 5860 1710 5936 Trinitatis,
1731 5864 1878 5920 unde

1958 1966 2260 2033 volumine,
2303 1970 2495 2019 nostro
2526 1965 2756 2018 nomine
2795 1963 3194 2034 praefulgente,
3253 1962 3592 2030 coadunato,

1959 2075 2087 2112 cum
2116 2075 2179 2112 ex
2209 2058 2398 2128 paucis
2425 2063 2480 2111 et
2511 2057 2860 2111 tenuioribus
2889 2055 3118 2109 relevati
3145 2055 3216 2108 ad
3242 2069 3526 2107 summam
3541 2056 3598 2106 et

1959 2151 2344 2222 plenissimam
2365 2150 2514 2220 juris
2535 2149 2991 2203 emendationem
3016 2146 3310 2217 pervenire
3331 2161 3602 2216 propera-

1958 2260 2170 2311 remus,
2203 2248 2258 2296 et
2286 2259 2516 2297 omnem
2534 2244 2849 2296 Romanam
2880 2240 3229 2294 sanctionem
3259 2243 3313 2292 et
3332 2238 3598 2308 colligere

1958 2341 2013 2390 et
2042 2335 2364 2401 emendare,
2395 2341 2450 2389 et
2479 2338 2559 2388 tot
2585 2339 2882 2388 auctorum
2902 2333 3154 2402 dispersa
3180 2331 3468 2385 volumina
3501 2329 3597 2382 uni

1959 2429 2142 2482 Codici
2173 2428 2349 2481 indita
2381 2427 2699 2494 ostendere,
2726 2426 2875 2496 quod
2897 2441 3067 2478 nemo
3094 2424 3237 2478 alius
3264 2439 3450 2493 neque
3476 2438 3598 2492 spe-

1957 2537 2084 2578 rare
2114 2537 2299 2592 neque
2324 2526 2517 2590 optare
2549 2535 2718 2572 ausus
2745 2523 2846 2582 est,
2876 2533 2966 2571 res
2997 2517 3228 2587 quidem
3262 2515 3422 2569 nobis
3452 2514 3598 2568 difﬁ-

1960 2613 2188 2681 cillima,
2210 2613 2326 2666 imo
2352 2612 2532 2682 magis
2555 2610 2916 2681 impossibilis
2943 2609 3257 2673 videbatur,
3283 2607 3380 2660 sed
3414 2607 3598 2660 mani-

1958 2706 2062 2758 bus
2099 2702 2170 2758 ad
2209 2706 2415 2759 coelum
2450 2704 2668 2771 erectis,
2715 2707 2772 2756 et
2818 2706 3031 2756 aeterno
3069 2699 3278 2754 auxilio
3319 2700 3595 2766 invocato,

1959 2815 2087 2851 eam
2121 2813 2346 2869 quoque
2373 2813 2566 2850 curam
2595 2795 2800 2849 nostris
2829 2809 3191 2864 reposuimus
3220 2791 3446 2861 animis,
3484 2793 3596 2846 Deo

1960 2890 2107 2956 freti,
2123 2891 2220 2960 qui
2236 2894 2292 2944 et
2320 2907 2412 2942 res
2429 2888 2654 2959 penitus
2678 2888 2997 2957 desperatas
3023 2886 3252 2951 donare,
3268 2889 3325 2939 et
3342 2899 3602 2939 consum-

1963 2999 2116 3036 mare
2157 2999 2274 3036 suae
2305 2982 2523 3036 virtutis
2555 2980 2950 3052 magnitudine
2972 2982 3174 3049 potest.
3201 3007 3270 3018 --
3297 2977 3327 3048 §
3356 2981 3410 3032 3.
3439 2979 3506 3031 Et
3527 2977 3600 3031 ad

1962 3080 2075 3128 tuae
2101 3075 2434 3129 sinceritatis
2466 3074 2746 3144 Optimum
2779 3072 3131 3142 respeximus
3169 3069 3551 3124 ministerium
3583 3085 3596 3122 :

1958 3168 2171 3238 tibique
2198 3168 2382 3237 primo
2430 3172 2486 3220 et
2526 3167 2633 3220 hoc
2663 3183 2805 3236 opus
2834 3164 3240 3232 commisimus,
3272 3162 3490 3232 ingenii
3517 3161 3603 3215 tui

1961 3261 2338 3327 documentis,
2367 3276 2434 3313 ex
2470 3260 2649 3312 nostri
2679 3257 2901 3312 Codicis
2949 3257 3302 3310 ordinatione
3338 3256 3598 3325 acceptis,

1960 3359 2016 3408 et
2037 3353 2309 3423 jussimus
2354 3368 2496 3421 quos
2542 3349 2888 3420 probaveris,
2923 3354 3041 3402 tam
3078 3365 3147 3402 ex
3185 3347 3600 3402 facundissimis

1959 3444 2402 3498 antecessoribus
2419 3460 2587 3514 quam
2610 3459 2677 3496 ex
2699 3442 2830 3494 viris
2849 3440 3230 3495 disertissimis
3249 3440 3454 3510 togatis
3478 3438 3596 3493 fori

1959 3537 2323 3609 amplissima).
2349 3536 2518 3602 sedis,
2541 3536 2609 3589 ad
2630 3534 2958 3588 sociandum
2977 3533 3228 3586 laborem
3243 3533 3476 3602 eligere.
3505 3531 3599 3584 His

1959 3631 2148 3701 itaque
2174 3629 2441 3695 collectis,
2474 3633 2530 3682 et
2558 3628 2617 3681 in
2643 3630 2902 3681 nostrum
2931 3626 3205 3696 palatium
3232 3623 3594 3690 introductis,

1961 3723 2231 3793 nobisque
2247 3728 2343 3776 tuo
2366 3721 2686 3776 testimonio
2699 3719 2936 3790 placitis,
2957 3721 3132 3772 totam
3148 3734 3268 3771 rem
3280 3717 3596 3771 faciendam

1961 3819 2323 3890 permisimus
2365 3835 2376 3871 :
2424 3819 2503 3872 ita
2533 3823 2744 3886 tamen,
2777 3820 2838 3870 ut
2863 3816 2949 3869 tui
2977 3815 3389 3885 vigilantissimi
3417 3813 3593 3867 animi

1964 3912 2370 3983 gubernatione
2407 3927 2496 3964 res
2526 3910 2709 3963 omnis
2727 3909 3061 3963 celebretur.
3088 3937 3156 3948 —-
3187 3906 3217 3978 §
3248 3908 3299 3961 4.
3328 3906 3603 3961 Jubemus

1963 4005 2138 4076 igitur
2158 4005 2311 4058 vobis
2325 4004 2694 4074 antiquorum
2715 4001 3108 4066 Prudentium,
3132 4001 3340 4070 quibus
3359 3998 3598 4054 auctori-

1963 4103 2135 4152 tatem
2163 4096 2693 4151 conscribendarum
2719 4093 3387 4164 interpretendarumque
3407 4093 3602 4163 legum

1963 4189 2325 4243 sacratissimi
2351 4189 2636 4260 principes
2665 4187 3053 4258 praebuerunt,
3083 4186 3258 4240 libros
3283 4186 3353 4239 ad
3375 4186 3472 4255 jus
3501 4187 3606 4239 Ro«

1963 4298 2198 4336 manum
2239 4282 2585 4353 pertinentes
2621 4285 2676 4334 et
2705 4279 2915 4351 legere,
2947 4284 3002 4334 et
3035 4279 3286 4346 elimare,
3317 4285 3384 4333 ut
3413 4295 3481 4334 ex
3511 4278 3600 4332 his

1965 4375 2150 4430 omnis
2174 4375 2408 4429 materia
2434 4374 2752 4444 colligatur,
2777 4373 2932 4426 nulla
2953 4372 3282 4440 (secundum
3302 4372 3453 4441 quod
3474 4385 3602 4441 pos-

1963 4468 2124 4523 sibile
2154 4469 2255 4538 est)
2283 4483 2468 4538 neque
2507 4465 2898 4531 similitudine,
2928 4480 3114 4535 neque
3141 4463 3419 4518 discordia
3448 4463 3605 4518 dere-

1884 4584 1944 4655 D
1965 4561 2097 4655 licta
2114 4577 2140 4655 ;_
2165 4560 2356 4655 sed-ex‘
2371 4558 2459 4612 his
2476 4558 2583 4611 hoc
2603 4557 2816 4655 colligi,
2840 4556 2990 4655 quod
3012 4573 3191 4655 unum
3211 4571 3314 4626 pro
3335 4555 3601 4655 omnibus

1966 4653 2224 4708 sufﬁciat.
2257 4651 2395 4715 Quia
2424 4655 2613 4705 autem
2646 4654 2700 4704 et
2727 4649 2820 4702 alii
2846 4648 3018 4703 libros
3048 4650 3116 4703 ad
3136 4648 3232 4718 jus
3251 4648 3602 4719 pertinentes

1965 4746 2328 4815 scripserunt,
2372 4759 2616 4814 quorum
2662 4742 2953 4812 scripturae
2995 4758 3028 4794 a
3070 4740 3240 4794 nullis
3277 4739 3601 4794 auctoribus

1966 4843 2231 4909 receptae,
2262 4853 2364 4891 nec
2393 4836 2611 4890 usitatae
2628 4840 2778 4903 sunt,
2809 4850 2994 4905 neque
3014 4850 3120 4888 nos
3140 4849 3345 4888 eorum
3368 4833 3608 4887 volumi-

1965 4949 2040 4986 na
2061 4936 2312 4985 nostram
2339 4929 2658 5000 inquietare
2676 4928 2984 4998 dignamur
3003 4926 3380 4980 sanctionem.
3411 4924 3526 4997 ——§
3550 4930 3602 4980 5.

1968 5025 2225 5096 Cumque
2255 5025 2376 5078 haec
2402 5022 2636 5076 materia
2665 5037 2890 5075 summa
2925 5019 3098 5074 nostri
3125 5017 3378 5073 numinis
3397 5017 3602 5074 libera-

1967 5117 2121 5172 litate
2148 5117 2379 5171 collecta
2406 5115 2596 5184 fuerit,
2630 5118 2850 5184 oportet
2876 5130 3003 5168 eam
3031 5112 3416 5183 pulcherrimo
3436 5128 3607 5183 opere

1971 5214 2256 5276 extruere,
2291 5215 2345 5265 et
2374 5207 2532 5279 quasi
2575 5207 2873 5278 proprium
2915 5210 2971 5260 et
3013 5205 3427 5259 sanctissimum
3471 5210 3613 5260 tem-

1971 5304 2133 5375 plum
2155 5303 2392 5358 .lustitiae
2422 5316 2777 5367 consecrare,
2809 5305 2864 5354 et
2887 5299 2946 5353 in
2977 5299 3154 5352 libros
3170 5298 3609 5370 quinquaginta,

1973 5403 2027 5451 et
2055 5400 2238 5450 certos
2265 5396 2452 5450 titulos
2475 5399 2657 5448 totum
2686 5392 2816 5464 [jus]
2854 5391 3133 5462 digerere,
3159 5396 3278 5445 tam
3299 5393 3613 5447 secundum

1971 5490 2154 5544 nostri
2183 5489 2413 5544 Codicis
2450 5487 2926 5554 constitutionem,
2960 5501 3133 5556 quam
3163 5485 3333 5539 edicti
3356 5482 3617 5557 perpetui

1973 5582 2368 5650 imitationem,
2392 5585 2563 5652 prout
2588 5581 2694 5634 hoc
2720 5579 2875 5634 vobis
2894 5578 3402 5649 commodumjesse
3419 5581 3615 5648 patue-

1975 5676 2070 5746 rit,
2089 5680 2152 5730 ut
2171 5675 2316 5730 nihil
2339 5680 2500 5730 extra
2519 5678 2895 5728 memoratam
2917 5671 3466 5728 consummationem
3484 5684 3612 5738 pos-

1977 5770 2049 5824 sit
2069 5787 2184 5823 esse
2213 5768 2543 5823 derelictum
2568 5785 2580 5821 :
2607 5767 2702 5822 sed
2720 5767 2807 5820 his
2829 5765 3236 5838 quinquaginta
3261 5760 3415 5816 libris
3429 5765 3613 5816 totum

1972 5863 2066 5936 jus
2086 5862 2386 5935 antiquum
2413 5879 2516 5934 per
2539 5861 2690 5918 mille
2721 5866 2778 5916 et
2797 5861 3243 5933 quadringentos
3271 5871 3416 5928 pene
3435 5870 3614 5910 annos
