4088 6452
538 368 666 424 1091

1663 370 1915 425 SECULI
1952 370 2139 427 SEXTI
2176 370 2724 427 SUPPLEMENTUM.

3827 363 3855 415 1
3868 362 3991 416 092

535 475 847 540 confusum,
877 478 932 528 et
957 490 990 526 a
1008 472 1168 526 nobis
1186 477 1512 544 purgatum,
1533 475 1690 545 quasi
1714 476 1957 547 quodam
1975 492 2137 530 muro
2161 486 2221 559 Α
2239 476 2449 531 oriatur
2468 477 2682 548 aliquid
2711 478 2771 531 in
2785 476 2885 530 tali
2904 478 3069 546 prato
3093 472 3423 545 spinosum.
3446 500 3528 512 —-
3553 469 3594 540 §
3625 471 3727 527 10.
3759 467 3903 522 Sed
3929 472 3994 519 et

532 566 818 633 vallatum,
844 564 988 618 nihil
1016 569 1175 619 extra
1202 581 1261 618 se
1287 565 1520 620 habeat:
1540 567 1802 622 omnibus
1826 567 2146 624 auctoribus

526 658 671 729 juris
700 672 861 726 aequa
886 655 1163 726 dignitate
1190 657 1550 728 pollentibus,
1584 663 1640 712 et
1659 675 1729 713 ne
1741 658 1880 713 mini
1904 661 2145 729 quadam

532 748 902 820 praerogativa
930 748 1218 815 servanda,
1248 748 1380 819 quia
1393 766 1506 803 non
1526 766 1720 804 omnes
1748 751 1805 804 in
1817 750 2027 821 omnia,
2051 753 2146 807 sed

534 841 668 895 certi
688 856 790 910 per
816 844 987 909 certa,
1006 840 1091 893 vel
1119 841 1393 910 meliores,
1411 842 1496 895 vel
1516 843 1819 896 deteriores
1844 843 2144 897 inveniun-

532 937 647 988 tur.
677 960 746 973 —
771 931 801 1003 §
816 935 867 987 6.
883 932 989 987 Sed
1005 948 1189 1002 neque
1205 949 1273 987 ex
1299 933 1663 987 multitudine
1676 936 2145 1006 auctorum,quod

532 1024 735 1079 melius
780 1028 837 1079 et
880 1023 1093 1094 aequius
1137 1027 1241 1092 est,
1264 1024 1592 1094 judicatote,
1620 1042 1751 1084 cum
1776 1026 1954 1096 possit
1979 1028 2145 1081 unius

539 1114 809 1188 [forsitan]
836 1120 892 1170 et
907 1115 1202 1169 deterioris
1227 1116 1522 1182 sententia,
1553 1122 1610 1172 et
1636 1118 1857 1187 multas,
1887 1123 1943 1173 et
1965 1118 2143 1188 majo-

535 1225 625 1264 res
650 1209 709 1263 in
735 1208 920 1278 aliqua
939 1213 1097 1277 parte
1126 1223 1411 1278 superare.
1433 1209 1500 1261 Et
1519 1208 1647 1263 ideo
1662 1226 1726 1263 ea
1753 1226 1880 1280 quae
1910 1215 2071 1264 antea
2086 1210 2146 1264 in

537 1300 684 1355 notis
710 1300 897 1353 Emili
928 1299 1221 1369 Papiniani
1251 1302 1307 1353 et
1335 1299 1588 1370 Ulpiano,
1614 1304 1671 1355 et
1697 1302 1888 1368 Paulo,
1926 1317 2146 1355 necnon

533 1392 809 1447 Marciano
837 1392 1075 1461 ascripta
1103 1394 1252 1459 sunt,
1281 1406 1410 1461 quae
1448 1395 1612 1445 antea
1632 1392 1850 1446 nullam
1871 1393 1986 1446 vim
2009 1392 2148 1447 obti-

538 1483 747 1538 nebant
780 1487 1011 1554 propter
1048 1482 1320 1537 honorem
1360 1482 1798 1552 splendidissimi
1827 1484 2144 1554 Papiniani,

534 1592 654 1631 non
678 1575 867 1629 statim
897 1590 1157 1644 respuere
1180 1591 1196 1643 ;
1225 1574 1321 1628 sed
1345 1573 1391 1628 si
1418 1574 1556 1646 quid
1581 1590 1647 1628 ex
1670 1574 1758 1629 his
1782 1576 1852 1630 ad
1879 1576 2144 1647 repletio-

536 1682 669 1722 nem
692 1666 897 1721 summi
920 1666 1135 1736 ingenii
1153 1665 1443 1737 Papiniani
1464 1666 1740 1736 laborum,
1768 1668 1856 1721 vel
1874 1667 2148 1739 interpre-

533 1760 799 1814 tationem
828 1758 1203 1812 necessarium
1228 1774 1345 1812 esse
1374 1759 1789 1829 perspexeritis,
1820 1765 1876 1814 et
1900 1760 2007 1813 hoc
2040 1776 2143 1830 po-

2244 566 2290 621 si
2318 584 2444 638 quae
2464 569 2618 638 leges
2646 569 2705 623 in
2731 568 3015 623 veteribus
3038 566 3199 621 libris
3218 565 3453 636 positae,
3480 565 3630 635 jam
3657 562 3727 616 in
3752 560 3993 614 desue-

2245 659 2499 713 tudinem
2521 660 2802 728 abierunt,
2833 659 2992 713 nullo
3020 658 3191 712 modo
3221 658 3386 712 vobis
3415 656 3689 711 easdem
3732 668 3991 724 ponere

2244 751 2641 820 permittimus,
2674 754 2822 805 'cum
2856 751 2978 803 haec
3026 750 3441 804 tantummodo
3481 746 3799 801 obtinere
3838 744 3993 797 veli-

2244 858 2369 895 mus
2397 858 2525 912 que:
2551 842 2637 896 vel
2655 842 3005 911 judiciorum
3032 841 3567 912 frequentissimus
3602 838 3772 893 ordo
3807 853 3993 891 exer-

2244 932 2376 999 cuit,
2405 934 2492 988 vel
2520 933 2692 1005 longa
2726 934 3078 988 consuetudo
3119 933 3298 1002 hujus
3328 933 3515 986 almae
3566 930 3760 985 urbis
3799 945 3989 984 com-

2243 1024 2515 1094 probavit,
2534 1024 3267 1095 secundumESalviiJuliani
3282 1025 3873 1094 scripturam,quae
3900 1022 3995 1075 in-

2245 1116 2392 1170 dicat
2416 1117 2617 1171 debere
2643 1132 2837 1172 omnes
2876 1118 3133 1171 civitates
3168 1116 3706 1171 consuetudinem
3753 1116 3991 1169 Romae

2243 1208 2400 1277 sequi
2432 1206 2508 1279 [et
2529 1208 2724 1279 leges],
2754 1225 2885 1280 quae
2920 1214 3093 1279 caput
3121 1213 3207 1262 est
3234 1208 3397 1261 orbis
3433 1212 3813 1275 terrarum,
3854 1224 3991 1260 non

2244 1299 2425 1368 ipsam
2441 1299 2577 1353 alias
2594 1300 2860 1355 civitates.
2887 1301 3135 1355 Romam
3156 1304 3359 1354 autem
3384 1299 3839 1370 intelligimus
3857 1315 3991 1353 non

2246 1391 2429 1444 solum
2474 1395 2742 1460 veterem,
2797 1391 2895 1445 sed
2940 1391 3118 1445 etiam
3161 1392 3392 1461 regiam
3444 1394 3788 1460 nostram,
3845 1406 3992 1462 quae

2245 1482 2358 1536 Deo
2382 1482 2627 1553 propitio
2655 1499 2788 1537 cum
2817 1483 3155 1537 melioribus
3184 1482 3421 1536 condita
3451 1488 3551 1537 est
3579 1483 3919 1554 auguriis.

2315 1573 2348 1644 §
2379 1578 2461 1628 Η.
2494 1574 2623 1628 Ideo
2642 1574 2914 1644 jubemns
2941 1575 3166 1629 duobus
3194 1574 3326 1629 istic
3363 1574 3715 1629 Codicibus
3755 1576 3990 1630 omnia

2246 1665 2549 1736 gubernari
2578 1682 2592 1719 :
2628 1682 2741 1720 uno
2771 1666 3271 1734 eonstitutionum,
3293 1667 3491 1721 altero
3515 1667 3698 1736 juris
3730 1669 3991 1721 enucle-

2245 1757 2323 1811 ati
2349 1762 2405 1812 et
2431 1758 2490 1811 in
2521 1757 2772 1811 futurum
2798 1758 3065 1813 Codicem
3095 1759 3531 1829 componendi,
3573 1759 3681 1813 vel
3716 1760 3775 1814 si
3833 1760 3989 1831 quid

535 1867 690 1918 nere,
718 1849 857 1920 legis
881 1850 1059 1904 vicem
1077 1850 1351 1919 obtinens,
1371 1866 1485 1904 non
1504 1851 1837 1905 moremini:
1856 1853 1916 1905 ut
1928 1867 2144 1919 omnes,
2166 1833 2221 1904 Β
2244 1848 2397 1902 aliud
2414 1849 2621 1904 anobis
2631 1849 2801 1904 fuerit
2814 1850 3246 1922 promulgatum
3266 1851 3758 1905 institutionum
3780 1852 3989 1907 vicem

535 1942 635 2014 qui
656 1941 813 1997 relati
832 1941 1045 1996 fuerint
1062 1942 1123 1995 in
1142 1941 1293 1996 hunc
1313 1942 1573 1997 Codicem
1591 1943 2144 2013 prudentissimiviri,

533 2034 782 2089 habeant
803 2034 1211 2100 auctoritatem,
1252 2036 1524 2104 tanquam
1569 2034 1615 2087 si
1651 2050 1849 2088 eorum
1872 2035 2055 2089 studia
2080 2051 2148 2090 ex

534 2124 931 2197 principalibus
972 2124 1463 2179 constitutionibus
1503 2125 1774 2196 profecta,
1815 2129 1872 2180 et
1894 2141 1926 2178 a
1959 2132 2149 2181 nostro

537 2217 727 2272 divino
749 2217 959 2271 fuerint
969 2232 1064 2271 ore
1078 2217 1303 2286 profusa
1325 2233 1338 2270 :
1357 2217 1550 2271 omnia
1564 2217 1715 2271 enim
1736 2217 1936 2272 merito
1955 2224 2150 2273 nostra

535 2308 790 2376 facimus,
823 2307 954 2378 quia
977 2323 1045 2362 ex
1071 2307 1232 2362 nobis
1262 2308 1447 2362 omnis
1474 2308 1554 2363 eis
1577 2308 1931 2378 impertietur
1952 2313 2146 2364 aucto-

533 2400 697 2467 ritas;
724 2415 857 2453 nam
884 2398 983 2470 qui
1014 2398 1162 2471 [non]
1189 2400 1467 2454 subtiliter
1487 2400 1699 2454 factum
1725 2402 2002 2469 emendat,
2034 2402 2147 2456 lau-

535 2491 773 2546 dabilior
799 2496 881 2545 est
908 2508 973 2545 eo
992 2490 1088 2561 qui
1114 2491 1332 2561 primus
1357 2491 1592 2546 invenit.
1620 2522 1689 2532 —-
1708 2491 1804 2563 §7.
1829 2493 1937 2547 Sed
1963 2497 2019 2546 et
2042 2494 2147 2547 hoc

535 2582 847 2637 studiosum
870 2582 1025 2636 vobis
1051 2597 1168 2636 esse
1184 2583 1459 2650 volumus,
1476 2583 1603 2637 utsi
1627 2584 1765 2653 quid
1786 2584 1845 2638 in
1870 2584 2149 2639 veteribus

532 2690 647 2728 non
668 2674 809 2729 bene
834 2673 1082 2745 positum
1100 2674 1258 2728 libris
1283 2674 1594 2742 inveniatis,
1621 2675 1707 2729 vel
1724 2675 1935 2746 aliquid
1953 2693 2150 2746 super-

532 2765 736 2833 ﬂuum,
763 2766 847 2820 vel
867 2766 1055 2819 minus
1074 2765 1387 2836 perfectum
1413 2765 1775 2837 [supervacua
1794 2768 2147 2838 longitudine

535 2863 770 2924 semota,
799 2862 856 2912 et
880 2858 1029 2928 quod
1043 2856 1460 2930 imperfectum]
1488 2862 1571 2912 est
1588 2859 1872 2929 repleatis,
1902 2864 1958 2914 et
1981 2876 2149 2914 omne

535 2963 680 3020 Opus
705 2949 1080 3018 moderatum,
1102 2952 1158 3003 et
1172 2965 1343 3020 quam
1358 2950 1805 3020 pulcherrimum
1825 2951 2144 3005 ostendatis.

533 3042 647 3095 Hoc
676 3041 847 3094 etiam
876 3039 1242 3094 nihilominus
1270 3040 1640 3106 observando,
1677 3045 1739 3094 ut
1780 3040 1825 3094 si
1853 3041 2061 3112 aliquid
2087 3042 2144 3095 in

535 3131 816 3187 veteribus
842 3131 1082 3201 legibus,
1110 3132 1197 3185 vel
1231 3131 1739 3198 constitutionibus,
1769 3149 1905 3203 quas
1932 3133 2146 3204 antiqui

534 3224 595 3277 in
607 3223 722 3277 suis
735 3222 892 3276 libris
906 3226 1235 3291 posuerunt,
1250 3239 1366 3276 non
1384 3226 1533 3276 recte
1548 3223 1816 3294 scriptum
1832 3224 2145 3294 inveniatis,

537 3320 594 3370 et
621 3316 726 3368 hoc
752 3314 1084 3380 reformatis,
1114 3319 1169 3368 et
1187 3313 1369 3367 ordini
1394 3315 1682 3369 moderato
1697 3316 2027 3385 tradatis,ut
2043 3317 2150 3372 hoc

533 3406 789 3461 videatur
813 3421 931 3459 esse
956 3420 1171 3473 verum,
1204 3409 1260 3459 et
1284 3404 1584 3475 optimum,
1612 3409 1667 3460 et
1693 3407 1851 3476 quasi
1890 3407 1960 3462 ab
1988 3408 2150 3462 initio

534 3497 829 3569 scriptum,
850 3496 1003 3568 quod
1020 3513 1053 3549 a
1081 3496 1235 3549 vobis
1251 3497 1508 3563 electum,
1525 3503 1579 3552 et
1593 3497 1668 3551 ibi
1687 3498 1931 3568 positum
1958 3499 2146 3554 fuerit.

536 3591 604 3643 Et
630 3605 798 3643 nemo
839 3604 906 3643 ex
945 3588 1359 3658 comparatione
1398 3589 1600 3643 veteris
1638 3589 1956 3657 voluminis,
1992 3592 2152 3662 quasi

534 3680 792 3745 vitiosam
816 3680 1153 3751 scripturam
1178 3696 1420 3750 arguere
1446 3679 1668 3735 audeat.
1692 3682 1831 3735 Cum
1850 3682 2003 3736 enim
2026 3683 2151 3754 lege

533 3773 785 3844 antiqua,
812 3788 938 3843 qua;
964 3771 1143 3842 Regia
1166 3771 1614 3842 nuncupabatur,
1640 3788 1806 3828 omne
1826 3773 1922 3843 jus
1946 3774 2153 3828 omnis—

534 3879 644 3936 que
656 3869 901 3935 potestas
919 3863 1360 3934 populiRomani
1376 3862 1433 3917 in
1446 3863 1866 3932 imperatoriam
1884 3866 2152 3920 translata

533 3961 666 4010 sunt
693 3960 1046 4026 potestatem,
1090 3972 1192 4010 nos
1234 3970 1367 4009 vero
1394 3955 1736 4011 sanctionem
1780 3972 2010 4011 omnem
2037 3974 2152 4012 non

535 4048 837 4103 dividimus
860 4048 921 4101 in
954 4046 1111 4117 alias,
1157 4050 1214 4101 et
1260 4047 1393 4100 alias
1425 4047 1780 4102 conditorum
1822 4053 2027 4120 partes,
2054 4049 2153 4104 sed

532 4144 709 4194 totam
735 4142 985 4194 nostram
1011 4154 1130 4193 esse
1156 4138 1438 4204 volumus,
1466 4138 1603 4208 quid
1637 4140 1811 4209 possit
1848 4140 2153 4211 antiquitas

537 4231 742 4286 nostris
753 4230 973 4302 legibus
984 4230 1257 4301 abrogare
1269 4231 1296 4284 ‘I
1311 4231 1377 4284 Et
1389 4230 1451 4283 in
1475 4234 1699 4285 tantum
1715 4231 1915 4287 eadem
1940 4232 2152 4301 omnia,

536 4314 669 4380 cum
690 4323 931 4395 reposita
944 4325 1097 4391 sunt,
1116 4322 1387 4390 obtinere,
1404 4324 1535 4376 utet
1550 4322 1597 4376 si
1617 4323 1777 4378 aliter
1786 4324 1996 4379 fuerint
2004 4325 2155 4395 apud

535 4421 750 4471 veteres
769 4414 1100 4486 conscripta,
1130 4414 1189 4468 in
1210 4413 1553 4469 contrarium
1577 4421 1769 4470 autem
1794 4415 1855 4470 in
1873 4416 2148 4486 positione

2167 3174 2222 3248 C

2249 1940 2543 2006 obtinens;
2574 1946 2634 1995 ut
2662 1941 2818 1995 rudis
2844 1942 3077 1996 animus
3106 1942 3354 1997 studiosi
3383 1943 3801 2014 simplicibus
3838 1962 3992 1999 enu-

2246 2032 2431 2099 tritus,
2458 2032 2675 2087 facilius
2705 2033 2774 2087 ad
2796 2034 3009 2088 altioris
3027 2035 3362 2105 prudentiae
3392 2036 3743 2107 redigatur
3771 2038 3987 2091 scien-

2246 2124 2403 2177 tiam.
2434 2154 2503 2162 —
2544 2122 2574 2194 §
2618 2127 2701 2178 l2.
2752 2124 3010 2178 Nostram
3056 2132 3255 2180 autem
3312 2129 3987 2196 consummationem,

2246 2232 2372 2285 qua:
2392 2215 2600 2269 anobis
2629 2216 2743 2269 Deo
2773 2222 3065 2271 annuente
3097 2223 3521 2288 componetur,
3560 2220 3987 2289 Digestorum

2247 2309 2332 2360 vel
2382 2308 2798 2361 Pandectarum
2847 2324 3055 2363 nomen
3112 2309 3333 2364 habere
3379 2311 3743 2380 sancimus,
3795 2314 3990 2367 nullis

2239 2399 2384 2469 juris
2406 2398 2601 2469 peritis
2626 2399 2687 2453 in
2716 2402 3008 2470 posterum
3050 2401 3407 2456 audentibus
3468 2408 3990 2461 commentarios

2245 2491 2324 2544 illi
2373 2492 2655 2561 applicare
2693 2494 2751 2544 et
2790 2492 3133 2547 verbositate
3177 2510 3285 2547 sua
3330 2496 3696 2566 supradicti
3739 2499 3991 2554 Codicis

2247 2582 2646 2652 compendium
2674 2583 3023 2639 confundere
3058 2600 3072 2638 :
3113 2585 3661 2655 quemadmodum
3718 2590 3790 2644 in
3819 2594 3989 2645 anti-

2246 2674 2534 2745 quioribus
2562 2675 2950 2748 [temporibus]
2985 2676 3206 2731 factum
3233 2684 3344 2747 est,
3380 2696 3533 2733 cum
3575 2698 3702 2751 per
3733 2691 3989 2737 contra-

2246 2767 2356 2820 rias
2381 2766 2879 2837 interpretantium
2902 2769 3218 2823 sententias
3247 2774 3454 2825 totum
3478 2771 3591 2841 jus
3627 2790 3806 2845 pene
3838 2794 3988 2831 con-

2245 2859 2533 2913 turbatum
2558 2863 2675 2925 est;
2699 2859 2794 2914 sed
2822 2859 3064 2914 sufﬁciat
3090 2876 3197 2931 per
3240 2860 3476 2917 indices
3521 2868 3991 2923 tantummodo

2246 2956 2301 3004 et
2324 2950 2617 3004 titulorum
2627 2950 2997 3005 subtilitatem
3016 2950 3535 3025 [ᾳιιεξεξπαράτιτλαζη
3544 2974 3722 3013 uncu
3726 2962 3989 3033 paritur]

2245 3042 2506 3112 quaedam
2531 3042 2912 3096 admonitoria
2936 3044 3059 3113 ejus
3081 3044 3295 3114 facere,
3319 3048 3499 3103 nullo
3537 3066 3621 3104 ex
3670 3052 3743 3105 in
3754 3058 3993 3125 terpre-

2246 3134 2459 3188 tatione
2484 3150 2681 3188 eorum
2705 3134 2840 3188 vitio
2870 3134 3137 3190 oriundo.
3172 3166 3243 3177 —
3272 3138 3307 3208 §
3333 3141 3427 3193 13.
3464 3140 3559 3194 Ne
3603 3150 3836 3199 autem
3884 3163 3994 3217 per

2246 3224 2579 3294 scripturam
2602 3224 2796 3295 aliqua
2818 3225 2947 3293 .ﬁat
2975 3226 3037 3281 in
3066 3234 3375 3298 posterum
3406 3230 3764 3303 dubitatio,
3799 3237 3990 3307 jube-

2248 3332 2376 3369 mus
2399 3333 2514 3371 non
2543 3333 2646 3387 per
2671 3317 3018 3387 simplorum
3059 3320 3382 3401 captiones.
3405 3326 3472 3377 et
3519 3330 3996 3398 compendiosa

2247 3408 2568 3478 aenigmata,
2595 3425 2725 3480 quae
2770 3408 2980 3464 multas
3018 3427 3125 3482 per
3151 3428 3213 3466 se
3245 3416 3307 3466 et
3340 3430 3462 3485 per
3503 3433 3707 3474 suum
3762 3422 3995 3477 vitium

2247 3500 2583 3554 antinomias
2602 3500 2970 3570 induxerunt,
2994 3503 3257 3573 ejusdem
3281 3506 3529 3563 Codicis
3552 3513 3822 3569 textum
3851 3532 3995 3570 con-

2248 3591 2433 3657 scribi,
2475 3592 2694 3646 etiamsi
2734 3609 3014 3648 numerus
3058 3596 3347 3651 librorum
3402 3600 3849 3677 significetur,
3891 3610 3994 3664 aut

2247 3682 2398 3736 aliud
2426 3683 2764 3754 quidquam;
2796 3701 2903 3739 nec
2929 3686 3085 3741 enim
3103 3704 3207 3758 per
3226 3691 3525 3760 specialia
3552 3696 3755 3767 signa
3778 3716 3993 3756 nume

2249 3789 2446 3828 rorum
2471 3776 2840 3845 manifestari,
2855 3778 2953 3832 sed
2971 3780 3437 3849 perlitterarum
3448 3795 3994 3862 consequentiam

2250 3866 2540 3935 explanari
2580 3868 2966 3924 concedimus.
3014 3902 3085 3911 —
3123 3872 3157 3943 ς
3198 3873 3289 3929 14.
3328 3876 3477 3931 Haec
3530 3880 3743 3952 igitur
3779 3888 3995 3942 omnia

2251 3957 2362 4012 Deo
2392 3958 2613 4029 placido
2638 3960 2824 4015 facere
2844 3965 2942 4015 tua
2960 3964 3272 4033 prudentia
3297 3984 3425 4024 una
3438 3987 3596 4028 eum
3615 3976 3763 4031 aliis
3788 3980 3995 4034 facun-

2251 4049 2495 4104 dissimis
2521 4051 2654 4105 viris
2681 4053 2922 4121 studeat,
2957 4060 3016 4109 et
3040 4058 3161 4110 tam
3188 4058 3396 4115 subtili
3427 4080 3636 4135 quam
3661 4071 3993 4128 celerrimo

2250 4140 2351 4195 ﬁni
2369 4142 2611 4208 tradere;
2633 4147 2698 4197 ut
2722 4144 2912 4199 Codex
2941 4153 3416 4224 consummatus,
3453 4161 3524 4211 et
3559 4159 3635 4214 in
3667 4164 3990 4237 quinqua-

2254 4238 2410 4308 ginta
2437 4238 2608 4294 libros
2635 4239 2888 4311 digestus
2917 4243 3084 4298 nobis
3110 4244 3397 4303 offeratur
3430 4251 3503 4307 in
3537 4258 3905 4316 maximam
3934 4268 3988 4318 et

2254 4335 2526 4385 aeternam
2561 4332 2647 4387 rei
2674 4335 3038 4405 memoriam,
3072 4338 3290 4409 Deique
3327 4345 3813 4417 omnipotentis
3847 4373 3990 4427 pm.

2252 4421 2458 4476 dentiaa
2495 4431 2921 4494 argumentum,
2964 4429 3266 4500 nostrique
3316 4433 3608 4507 imperii,
3676 4421 3993 4521 vestr-ique

532 4506 1135 4576 inveniantur,nullum
1148 4506 1361 4561 crimen
1389 4506 1680 4577 scripture
1706 4508 2038 4606 imputetur,
2058 4508 2154 4563 sed
2172 4519 2231 4591 D
2253 4514 2550 4569 ministerii
2567 4517 2824 4586 gloriam.
2849 4519 2969 4575 Dat.
2998 4537 3136 4577 xviii
3164 4506 3806 4606 KalendJanuariis,
3827 4506 3996 4595 ιεῖωο

533 4604 743 4656 nostra:
767 4598 1023 4655 electioni
1049 4599 1154 4653 hoc
1180 4597 1510 4652 ascribatur.
1538 4628 1606 4638 —
1636 4597 1666 4670 §
1696 4601 1749 4654 8.
1780 4580 1941 4653 Nulla
1964 4599 2151 4671 itaque

537 4691 597 4747 in
621 4692 881 4747 omnibus
904 4690 1157 4762 praedicti
1181 4690 1395 4744 Codicis
1423 4690 1692 4745 membris
1713 4691 2029 4745 antinomia
2059 4692 2152 4761 (sic

536 4785 689 4839 enim
718 4801 751 4838 a
789 4787 1060 4838 vetustate
1089 4782 1277 4837 Graeco
1314 4782 1584 4837 vocabulo
1628 4784 2006 4854 nuncupatur)
2046 4783 2148 4838 ali-

537 4892 708 4947 quem
734 4875 839 4930 sibi
865 4875 1108 4929 vindicet
1129 4875 1334 4941 locum,
1363 4875 1459 4928 sed
1479 4874 1552 4928 sit
1573 4890 1688 4929 una
1711 4874 2022 4942 concordia,
2036 4891 2154 4930 una

537 4967 954 5039 consequentia,
980 4967 1301 5021 adversario
1332 4966 1557 5021 nemine
1599 4967 1921 5022 constituto.
1949 4997 2017 5007 —
2042 4967 2075 5038 §
2096 4969 2149 5022 9.

535 5059 645 5123 Sed
672 5064 728 5119 et
752 5056 1176 5114 similitudinem
1202 5059 1535 5129 (secundum
1562 5059 1710 5129 quod
1730 5057 1940 5114 dictum
1967 5060 2066 5131 est)
2083 5060 2152 5114 ab

534 5151 863 5229 hujusmodi
893 5151 1378 5206 consummatione
1402 5151 1664 5205 volumus
1696 5151 1971 5221 exsulare,
2004 5153 2061 5206 et
2088 5167 2154 5206 ea

536 5266 665 5321 quae
687 5243 1074 5302 sacratissimis
1105 5241 1600 5298 constitutionibus
1628 5258 1766 5314 quas
1795 5243 1857 5297 in
1891 5242 2154 5299 Codicem

536 5346 793 5396 nostrum
809 5338 1139 5408 redegimus
1158 5341 1318 5390 cauta
1336 5337 1487 5403 sunt,
1508 5335 1716 5389 iterum
1733 5335 1867 5407 poni
1892 5352 1959 5390 ex
1976 5335 2158 5391 veteri

529 5434 661 5504 jure
690 5449 802 5486 non
826 5430 1203 5494 concedimus,
1231 5444 1361 5482 cum
1388 5427 1654 5482 divalium
1694 5427 2152 5483 constitutionum

538 5525 749 5580 sanatio
776 5523 1016 5578 sufﬁciat
1034 5522 1106 5576 ad
1130 5536 1327 5576 eorum
1351 5520 1762 5586 auctoritatem,
1786 5519 2057 5589 nisiforte
2069 5520 2155 5575 vel

536 5622 765 5688 propter
793 5614 1143 5681 divisionem,
1166 5612 1253 5666 vel
1271 5617 1500 5683 propter
1519 5611 1906 5683 repletionem,
1921 5612 2006 5667 vel
2029 5628 2156 5683 pro-

536 5712 659 5779 pter
684 5709 992 5779 pleniorem
1021 5703 1348 5774 indaginem
1377 5705 1482 5759 hoc
1509 5704 1835 5775 contigerit;
1866 5707 1923 5759 et
1946 5704 2053 5758 hoc
2075 5706 2154 5759 ta-

536 5819 669 5860 men
691 5819 941 5874 perraro,
969 5818 1041 5857 ne
1071 5815 1141 5855 ex
1165 5798 1578 5854 continuatione
1604 5799 1935 5870 huiusmodi
1961 5800 2152 5872 lapsus

2246 4606 2416 4678 padio
2447 4612 2503 4662 et
2519 4609 2710 4663 Oreste
2738 4610 2874 4666 viris
2897 4613 3235 4669 clarissimis
3260 4633 3422 4673 coss.
3479 4626 3635 4683 530.
3678 4630 3989 4691 Feliciter.

2946 4713 3074 4767 LEX
3106 4716 3201 4770 Ill.

2404 4800 2465 4849 1η
2488 4800 2699 4850 nomine
2732 4803 2944 4852 Domini
2968 4809 3017 4853 et
3042 4806 3142 4855 Dei
3166 4810 3352 4859 nostri
3374 4810 3525 4864 Iesu
3555 4818 3813 4874 Christi.

2320 4885 2637 4953 Imperator
2651 4886 2835 4940 Caesar
2849 4887 3114 4943 FlaviusJ
3122 4891 3989 4977 ustinianus,AJemannicus,

2250 4975 2528 5044 Gothicus,
2561 4977 2880 5046 Francicus,
2912 4980 3316 5051 Germanicus,
3343 4990 3651 5063 Anticus,
3674 4975 3990 5069 Alanieus,

2250 5066 2595 5136 Vandalicas,
2628 5068 2943 5140 Africanus,
2987 5073 3144 5143 pius,
3185 5076 3354 5145 felix,
3396 5080 3719 5159 inclytus,
3780 5066 3989 5162 victor,

2249 5159 2652 5258 triumphator,
2674 5178 2900 5258 semper
2925 5164 3201 5222 colendus
3226 5171 3561 5241 Augustus
3577 5183 3669 5237 ad
3687 5159 3991 5258 magnum

2251 5254 2509 5306 senatum
2538 5257 2594 5306 et
2618 5254 2913 5324 populum,
2939 5259 2997 5311 et
3013 5273 3221 5313 omnes
3241 5262 3410 5318 orbis
3436 5274 3657 5328 nostri
3682 5254 3989 5335 civitates.

2323 5343 2490 5397 Dedit
2516 5344 2678 5398 nobis
2708 5346 2857 5400 Deus
2883 5353 3012 5418 post
3049 5366 3263 5420 pacem
3293 5371 3442 5413 eum
3490 5362 3723 5422 Persis
3753 5371 3989 5437 initam,

2249 5437 2381 5505 post
2404 5434 2708 5491 Vandalica
2737 5439 3018 5534 trophzea,
3042 5446 3102 5534 et
3130 5446 3318 5499 totam
3349 5448 3571 5522 Libyae
3612 5434 3987 5534 acquisitio;

2250 5541 2405 5593 nem,
2435 5533 2673 5599 postque
2700 5530 3225 5589 nominatissimam
3256 5530 3747 5615 Carthaginem
3789 5564 3988 5613 nostro

2251 5617 2454 5672 iterum
2484 5619 2727 5690 imperio
2752 5622 3044 5690 sociatam,
3069 5630 3138 5680 ut
3162 5633 3445 5688 veterum
3475 5636 3725 5711 legum
3740 5665 3989 5706 renova-

2255 5709 2419 5763 tionis
2448 5728 2587 5781 opus
2600 5713 2670 5766 ad
2681 5718 2942 5784 optatum
2955 5709 3675 5805 finemperduceremiis,
3704 5745 3880 5812 quod
3890 5761 3983 5799 ne-

2252 5816 2349 5856 mo
2359 5802 2686 5875 principum
2695 5808 2829 5860 ante
2841 5812 3105 5865 nostrum
3114 5811 3461 5885 imperium
3470 5833 3616 5889 ,aut
3630 5802 3705 5886 in
3721 5802 3985 5893 mentem
