4088 6416
232 365 250 418 t
261 366 356 418 093

943 365 1307 422 JUSTINIANI
1349 366 1556 422 LEGES
1594 367 1927 422 SELECTxE.
1970 366 2094 422 LIB.
2138 368 2177 436 l,
2220 366 2343 422 TlT.
2383 367 2539 434 XVII,
2582 368 2709 423 LEX
2749 369 2837 424 lIl.

3431 371 3567 427 1094

226 470 410 525 induci
435 486 613 541 posse,
637 472 737 526 aut
762 472 1018 528 humano
1045 473 1279 544 ingenio
1303 473 1566 544 possibile
1595 489 1710 528 esse
1731 473 1844 528 exi-
1866 485 1925 558 Α
1943 472 2265 541 maritimis,
2286 479 2343 528 et
2366 476 2435 529 de
2453 475 2889 546 probationibus
2919 478 3091 546 atque
3108 475 3565 548 praesumptioni-

223 563 478 618 stimavit.
507 565 637 618 Erat
655 564 811 620 enim
831 565 1092 620 mirabile
1115 583 1343 622 omnem
1372 567 1692 620 Romanam
1712 583 1841 621 san-

222 656 465 710 ctionem
502 672 532 710 a
561 656 788 712 condita
813 662 1005 714 vetere
1027 661 1212 714 Roma
1239 675 1417 730 usque
1439 660 1508 713 ad
1536 659 1719 714 nostri
1742 659 1846 713 im-

220 748 358 819 perii
384 753 664 819 tempora,
697 767 824 821 quae
845 767 992 822 pene
1020 752 1081 806 in
1101 752 1262 806 mille
1288 755 1345 807 et
1364 756 1642 807 trecentos
1661 769 1844 806 annos

219 847 577 908 concurrunt,
607 859 724 897 non
746 844 932 899 solum
945 861 1140 900 secum
1160 845 1221 899 in
1240 845 1410 899 variis
1426 845 1538 899 suis
1565 844 1839 914 partibus,

217 932 315 986 sed
344 933 403 987 in
431 934 824 1005 imperialibus
854 953 1080 1008 quoque
1109 937 1430 1008 praesertim
1462 937 1842 991 sanctionibus

217 1024 362 1080 inter
380 1042 614 1081 omnem
625 1032 832 1083 nutare
853 1031 1289 1085 consonantiam
1304 1029 1520 1101 pariter
1536 1047 1600 1084 ac
1627 1029 1837 1084 discor-

217 1116 399 1186 diam;
439 1135 554 1173 non
591 1123 787 1176 tamen
817 1122 875 1176 id
911 1123 1100 1177 solum
1118 1123 1280 1194 quod
1304 1139 1499 1177 secum
1529 1122 1838 1193 pugnabat,

216 1209 429 1279 tollere,
469 1212 570 1267 sed
597 1213 769 1268 etiam
796 1215 952 1285 quod
979 1215 1151 1282 idem,
1183 1220 1284 1270 aut
1305 1215 1492 1270 simile
1517 1215 1836 1285 reperieba-

213 1307 322 1372 tur,
337 1305 638 1374 expellere,
655 1307 985 1379 variamque
1005 1308 1180 1379 ipsius
1195 1307 1632 1379 pulchritudinis
1647 1307 1839 1362 ideam

213 1395 476 1464 tribuere,
494 1397 574 1452 ita
601 1402 664 1452 ut
688 1415 792 1470 pro
812 1401 1050 1471 singulis
1076 1401 1247 1455 rebus
1267 1400 1506 1471 singulae
1528 1400 1683 1472 leges
1701 1417 1836 1455 con-

213 1487 418 1543 stitutae
435 1489 788 1547 viderentur.
807 1493 968 1557 Quod
994 1493 1368 1564 proculdubio
1399 1493 1706 1564 superioris
1731 1493 1838 1546 Nu-

211 1580 378 1635 minis
409 1584 468 1636 et
493 1582 725 1638 ﬂuentis
746 1584 878 1640 inde
897 1586 1267 1656 benignitatis
1287 1586 1416 1654 fuit,
1438 1603 1556 1641 non
1573 1586 1840 1640 humanae

211 1674 585 1743 cogitationis,
609 1680 707 1730 aut
737 1677 972 1749 incepti,
995 1682 1096 1733 aut
1125 1678 1446 1750 potestatis.
1475 1680 1588 1733 Nos
1620 1678 1836 1749 itaque,

211 1781 366 1820 more
395 1767 563 1822 solito
589 1769 853 1824 manibus
874 1771 945 1826 ad
965 1772 1147 1825 Deum
1176 1771 1399 1838 erectis,
1430 1788 1632 1843 eoque,
1654 1774 1719 1825 ut
1735 1787 1840 1826 nos

1942 565 2048 619 bus
2062 565 2120 620 in
2135 583 2313 621 unum
2327 567 2559 637 librum;
2580 568 2668 621 his
2685 571 2878 622 autem
2897 569 3074 622 tribus
3088 569 3570 639 monobiblis,sin-

1944 659 2239 729 gularibus
2259 660 2417 714 libris
2438 664 2568 732 post
2593 664 2897 714 tractatum
2919 661 2988 716 de
3010 661 3175 716 rebus
3196 662 3303 715 sibi
3324 662 3567 717 invicem

1941 751 2209 821 proximis
2227 753 2519 823 depositis,
2551 757 2607 807 et
2624 770 2851 807 rursum
2871 771 2939 808 ea
2958 771 3086 826 quae
3104 756 3171 810 de
3187 755 3565 825 sponsalibus,

1942 847 1999 898 et
2019 844 2250 914 nuptiis,
2276 848 2333 898 et
2355 845 2424 898 de
2447 845 2578 900 dote
2600 846 2820 917 legibus
2837 846 2988 900 dicta
3009 851 3568 918 suntcongregantes

1943 935 2031 988 his
2061 937 2236 990 etiam
2265 938 2374 992 tria
2409 938 2619 992 habere
2655 939 2714 992 in
2756 939 2864 994 hac
2889 939 3248 995 ordinatione
3277 941 3568 995 volumina

1942 1029 2342 1084 concessimus.
2373 1031 2452 1084 De
2469 1031 2747 1085 tutoribus
2774 1035 2968 1086 autem
2998 1033 3239 1087 minoris
3264 1035 3447 1088 aetatis
3465 1051 3562 1105 ge-

1942 1119 2127 1174 minos
2153 1120 2347 1189 libros,
2379 1139 2496 1190 eos,
2521 1123 2780 1194 inquam,
2817 1125 2913 1194 qui
2946 1124 3017 1178 de
3043 1126 3234 1179 tutelis
3261 1127 3409 1196 apud
3438 1143 3565 1181 om-

1942 1229 2044 1266 nes
2057 1212 2448 1281 nominantur,
2465 1217 2522 1268 et
2537 1215 2626 1268 hic
2644 1215 2817 1269 etiam
2828 1217 2888 1269 in
2904 1218 3310 1287 compendium
3323 1218 3568 1273 concidi-

1940 1321 2068 1358 mus
2098 1309 2477 1361 memoratam
2525 1310 2651 1361 octo
2700 1308 2976 1362 librorum
3021 1309 3468 1381 ordinationem,
3511 1315 3568 1366 et

1939 1397 2195 1452 mediam
2235 1398 2317 1468 (ut
2346 1398 2564 1453 dictum
2590 1402 2689 1470 est)
2727 1400 2877 1453 hanc
2907 1405 3130 1470 partem
3162 1403 3334 1456 totius
3377 1404 3567 1475 operis

1939 1489 2306 1560 confecimus,
2334 1491 2725 1561 pulcherrima
2743 1498 2800 1546 et
2822 1493 3340 1564 utilissimajurain
3365 1496 3453 1550 his
3475 1497 3567 1552 de-

1940 1582 2346 1637 scribentes.—
2364 1583 2456 1655 §6.
2482 1585 2560 1638 De
2584 1585 2944 1638 testamentis
2965 1590 3177 1654 autem,
3191 1593 3248 1642 et
3270 1589 3494 1659 legatis,
3510 1593 3567 1644 et

1939 1674 2414 1745 ﬁdeicommissis,
2447 1661 2640 1730 omnia
2665 1679 3234 1747 congregavimus’in
3275 1697 3482 1736 novem
3505 1683 3566 1736 li-

1938 1766 2175 1821 brorum
2193 1785 2500 1823 numerum
2517 1787 2530 1823 :
2551 1785 2797 1839 quorum
2817 1770 3201 1841 principatum
3217 1773 3480 1828 obtinent
3496 1793 3564 1830 ea

209 1860 506 1929 complecti
538 1861 892 1931 dignaretur,
917 1863 1201 1930 invocato,
1237 1867 1295 1918 et
1319 1880 1443 1919 rem
1473 1863 1731 1934 aggressi
1752 1881 1839 1917 su-
1859 1843 1915 1914 Β
1940 1875 2067 1930 qua:
2097 1865 2226 1914 sunt
2249 1861 2318 1914 de
2338 1861 2709 1930 testamentis,
2731 1866 2788 1916 et
2801 1862 3090 1931 codicillis,
3117 1881 3246 1919 cum
3278 1867 3559 1935 omnium,

208 1965 350 2019 mus,
379 1954 437 2005 et
465 1952 665 2008 omnia
684 1954 923 2009 tandem
949 1955 1319 2026 confecimus,
1351 1955 1698 2011 Tribouiano
1720 1957 1839 2026 glo-

207 2042 510 2098 riosissimo
537 2047 833 2116 magistro,
858 2051 915 2101 et
936 2054 1294 2118 exquzestore
1311 2049 1456 2104 sacri
1477 2048 1658 2104 nostri
1679 2065 1753 2120 pa
1775 2064 1834 2103 a-

207 2134 287 2202 tii,
317 2141 373 2190 et
398 2139 720 2206 exconsule,
754 2140 825 2194 ad
854 2157 1023 2195 omne
1049 2141 1440 2196 ministerium
1469 2141 1576 2209 usi,
1610 2157 1837 2196 necnon

205 2226 324 2281 aliis
355 2229 702 2300 quibusdam
735 2231 1044 2287 illustribus
1071 2236 1130 2286 et
1158 2234 1534 2305 prudentibus
1559 2234 1712 2301 viris,
1740 2234 1830 2288 in-

207 2319 494 2389 quirentes
517 2340 749 2394 semper
778 2341 848 2379 ea
873 2341 1000 2396 quae
1029 2327 1100 2380 ab
1122 2325 1202 2381 eis
1227 2327 1752 2398 componebantur;
1777 2330 1836 2381 et

205 2410 278 2480 id,
298 2414 448 2483 quod
469 2418 596 2470 erat
617 2416 854 2472 dubium
871 2419 1585 2488 perscrutantes,omnibus
1603 2435 1832 2490 quoque

205 2507 514 2562 secundum
541 2507 736 2563 datam
765 2511 930 2564 nobis
958 2528 990 2564 a
1026 2511 1265 2566 Domino
1297 2513 1415 2566 Deo
1449 2515 1506 2565 et
1544 2512 1834 2566 Salvatore

204 2602 393 2653 nostro
420 2602 447 2654 ,Ι
452 2617 554 2655 esu
578 2601 798 2657 Christo
828 2603 1126 2658 scientiam
1148 2607 1206 2658 et
1232 2603 1555 2659 intellectus
1573 2603 1831 2674 vigorem

204 2689 564 2762 imponentes
587 2698 1012 2765 competentem
1043 2697 1392 2752 formam.—-
1418 2696 1448 2768 §
1482 2702 1529 2752 l.
1563 2697 1631 2751 Et
1656 2696 1833 2767 piissi-

205 2797 323 2838 mas
342 2785 519 2856 igitur
537 2787 987 2842 Constitutiones
1000 2789 1122 2859 jam
1137 2793 1267 2845 ante
1279 2789 1339 2844 in
1355 2788 1655 2845 duodecim
1673 2789 1833 2844 libris

205 2879 664 2949 comprehensas,
689 2880 956 2936 Codicem
983 2885 1195 2937 nostra:
1223 2883 1451 2953 pietatis
1481 2882 1829 2953 cognomine

201 2969 522 3041 fulgentem
554 2975 1012 3044 composuimus:
1035 2991 1189 3030 nunc
1220 2991 1353 3030 vero
1387 2976 1652 3030 omnium
1674 2980 1827 3030 vete-

202 3077 328 3117 rum
334 3064 482 3134 juris
497 3065 865 3121 conditorum
886 3068 1193 3122 sententias
1207 3083 1274 3122 ex
1293 3068 1680 3138 multitudine,
1703 3085 1830 3139 qua:

202 3155 274 3209 ad
304 3155 414 3211 duo
446 3157 632 3212 millia
660 3175 809 3229 pene
837 3159 1116 3213 librorum
1144 3163 1202 3213 et
1231 3163 1518 3214 trecentas
1539 3160 1830 3231 myriadas
1849 3197 1904 3272 Ο

199 3262 459 3304 versuum
487 3250 878 3321 pertingebat,
909 3251 969 3305 in
994 3252 1351 3306 moderatum
1381 3256 1436 3307 et
1465 3253 1829 3323 perspicuum

201 3341 532 3412 collegimus
561 3344 994 3414 compendium.
1025 3344 1456 3416 Quinquaginta
1475 3345 1650 3416 igitur
1670 3346 1828 3400 libris

199 3435 390 3489 omnia
403 3436 687 3506 complexi
709 3453 861 3491 nunc
880 3453 1079 3491 sumus
1091 3438 1302 3492 caelesti
1316 3439 1531 3508 favore,
1550 3438 1824 3509 colligen-

197 3529 278 3582 tes
307 3543 477 3584 omne
500 3528 561 3583 id
593 3529 749 3599 quod
779 3533 904 3584 erat
923 3530 1080 3597 utile,
1110 3533 1169 3585 et
1197 3547 1403 3585 omnes
1427 3530 1828 3602 ambiguitates

200 3618 548 3687 decidentes,
573 3622 729 3676 nullo
750 3622 1019 3678 seditioso
1045 3623 1262 3678 relicto.
1297 3623 1450 3687 Quos
1475 3624 1649 3679 libros
1669 3624 1828 3695 Dige-

199 3713 282 3766 sta
310 3729 410 3767 seu
446 3714 762 3768 Pandectas
791 3715 1228 3785 appellavimus,
1260 3732 1326 3772 ex
1353 3733 1420 3771 eo
1453 3717 1606 3787 quod
1633 3718 1827 3788 legum

197 3803 446 3860 habeant
462 3805 774 3861 divisiones
792 3810 849 3860 et
866 3807 1215 3877 decisiones;
1232 3809 1490 3880 itemque
1509 3826 1574 3864 ex
1592 3825 1658 3863 eo
1672 3810 1827 3880 quod

196 3913 366 3952 omne
398 3899 460 3953 in
501 3915 681 3953 unum
723 3903 1141 3971 congregatum
1176 3902 1520 3972 receperint,
1556 3903 1705 3957 hanc
1746 3903 1826 3955 eis

195 3991 643 4060 appellationem
690 3991 1093 4064 imponentes:
1147 4011 1251 4048 nec
1302 3996 1449 4048 ultra
1497 3995 1825 4065 quindecim

194 4083 526 4152 myriadum
563 4100 829 4139 versuum
863 4103 1175 4140 numerum
1207 4088 1287 4141 eis
1320 4087 1538 4153 dantes,
1570 4091 1624 4142 et
1656 4087 1713 4141 in
1746 4105 1828 4142 se-

192 4180 344 4243 ptem
369 4193 468 4230 eos
491 4176 858 4247 disponentes
879 4181 1174 4234 tractatus.
1197 4180 1370 4250 ldque
1392 4196 1506 4233 non
1526 4197 1824 4250 perperam

190 4282 377 4338 neque
405 4269 530 4323 sine
560 4269 802 4338 ratione,
840 4271 939 4325 sed
969 4271 1042 4324 ad
1070 4289 1446 4326 numerorum
1474 4279 1739 4327 naturam
1771 4277 1828 4327 et

188 4358 562 4416 harmoniam
588 4363 1053 4434 respicientes.——
1078 4363 1174 4436 §2.
1198 4367 1278 4419 Ea
1305 4365 1496 4435 igitur,
1521 4383 1646 4436 quae
1674 4365 1826 4436 apud

189 4468 391 4508 omnes
423 4462 609 4526 πρῶτα,
626 4455 681 4510 id
709 4459 796 4510 est
810 4456 1147 4526 primordia,
1170 4462 1589 4528 nuncupantur,
1614 4459 1674 4513 in
1694 4475 1830 4529 qua-

1941 1955 2062 2006 tum
2076 1952 2248 2008 etiam
2267 1953 2534 2021 militum,
2551 1953 2648 2024 qui
2670 1971 2757 2023 ea,
2774 1957 2838 2008 ut
2855 1956 3324 2027 volunt,faciunt,
3341 1959 3562 2014 duobus

1937 2045 2098 2099 libris
2124 2045 2409 2115 ordinata,
2431 2047 2577 2101 etde
2599 2048 2956 2102 testamentis
2976 2048 3274 2120 inscripta;
3307 2051 3561 2122 quinque

1939 2141 2133 2192 autem
2148 2139 2519 2209 sequentibus
2531 2139 2897 2194 continentur
2910 2157 2978 2194 ea
2996 2157 3122 2211 quas
3134 2142 3203 2196 de
3223 2143 3423 2212 legatis
3435 2148 3493 2197 et
3503 2145 3563 2198 tl-

1939 2229 2370 2298 deicommissis,
2391 2235 2447 2285 et
2468 2233 2628 2286 omni
2649 2248 2850 2286 eorum
2879 2233 3256 2303 ambiguitate
3279 2235 3563 2306 disputata

1936 2324 2070 2375 sunt
2085 2339 2097 2376 :
2113 2325 2170 2376 et
2191 2323 2469 2393 quoniam
2484 2323 2747 2378 Falcidian
2762 2325 3012 2378 narratio
3039 2326 3340 2380 continens
3357 2334 3414 2382 et
3431 2345 3561 2383 con-

1935 2417 2212 2468 sentanea
2242 2419 2362 2469 erat
2385 2416 2706 2486 legatorum
2729 2419 2786 2469 et
2814 2416 2945 2470 fidei
2967 2418 3404 2473 commissorum
3431 2437 3559 2491 pros

1932 2506 2057 2577 prio
2070 2508 2352 2574 tractatui,
2367 2511 2673 2578 propterea
2691 2509 2940 2579 etipsam
2959 2510 3230 2565 continuo
3243 2512 3561 2583 legatorum

1932 2599 2336 2669 supposuimus
2363 2601 2709 2667 tractationi,
2733 2602 2878 2655 libro
2902 2601 3128 2673 integro
3151 2603 3233 2657 rei
3253 2605 3556 2674 applicato,

1933 2707 2063 2745 cum
2099 2692 2259 2746 brevi
2302 2693 2551 2763 quadam
2587 2693 2946 2763 adjectione;
2979 2697 3036 2748 et
3063 2712 3289 2750 rursum
3321 2697 3456 2767 quia
3486 2699 3560 2752 ad

1933 2784 2196 2838 Falcidian
2225 2785 2611 2840 imitationem
2643 2786 3074 2856 [introductum]
3108 2792 3228 2842 erat
3251 2789 3556 2844 Trebellia-

1930 2892 2072 2930 num
2091 2879 2650 2932 senatusconsultum
2676 2877 2734 2932 in
2756 2877 3233 2949 ﬁdeicommissis,
3252 2884 3310 2935 et
3328 2881 3457 2936 huic
3480 2883 3562 2937 ul—

1932 2969 2138 3023 timum
2155 2969 2322 3040 hujus
2336 2971 2710 3025 ordinationis
2722 2971 3028 3026 tribuimus
3045 2973 3252 3040 locum,
3267 2977 3450 3028 totum
3462 2975 3558 3045 jus

1933 3078 2104 3132 super
2123 3062 2212 3116 his
2231 3063 2498 3133 positum,
2517 3063 2871 3118 Trebelliano
2891 3067 3381 3120 senatusconsulto
3401 3067 3562 3122 attri-

1930 3153 2189 3221 buentes,
2223 3160 2279 3210 et
2300 3172 2710 3226 supervacuam
2729 3173 2848 3212 esse
2873 3157 3172 3228 Pegasiani
3200 3165 3560 3215 senatuscon-

1929 3247 2061 3301 sulti
2091 3247 2435 3318 positionem
2464 3248 2834 3315 invenientes,
2863 3252 2922 3301 et
2949 3250 3224 3305 absurdas
3245 3251 3452 3306 horum
3472 3269 3558 3309 se-

1929 3341 2487 3394 natusconsultorum
2506 3340 2658 3395 inter
2673 3357 2732 3394 se
2747 3340 3118 3409 differentias,
3137 3347 3195 3397 et
3207 3345 3560 3401 communio-

1929 3448 2199 3503 nes,quas
2211 3449 2348 3487 sane
2361 3439 2418 3487 et
2438 3437 2656 3488 veteres
2669 3431 2860 3503 perosi
2875 3433 3152 3503 captiosas
3172 3438 3230 3489 et
3248 3436 3558 3492 damnosas

1929 3525 2308 3595 appellarunt,
2343 3525 2684 3596 simpliciore
2717 3525 2962 3596 quadam
3002 3527 3348 3597 narratione,
3383 3546 3556 3584 omne

1929 3617 2037 3672 hoc
2049 3618 2281 3672 schema
2291 3621 2732 3688 congregantes,
2749 3618 2890 3672 etad
2905 3619 3072 3674 unius
3084 3623 3558 3677 senatusconsulti

1927 3710 2267 3765 Trebelliani
2299 3711 2723 3766 ordinationem
2754 3711 3125 3781 applicantes,
3151 3717 3206 3768 et
3233 3714 3557 3786 hancquin-

1927 3808 2049 3858 tam
2064 3808 2288 3874 partem
2305 3804 2478 3858 totius
2493 3803 2868 3858 ordinationis
2881 3821 3091 3859 novem
3111 3805 3197 3859 his
3208 3807 3556 3876 perfecimus

1926 3896 2121 3963 libris;
2157 3896 2214 3950 in
2242 3897 2447 3967 quibus
2468 3913 2676 3952 novem
2704 3897 2864 3951 libris
2879 3897 3017 3951 nihil
3048 3898 3118 3952 de
3133 3900 3428 3969 quondam
3460 3917 3553 3956 ca-

1929 3989 2088 4044 ducis
2121 3989 2335 4043 dictum
2368 4007 2402 4044 a
2420 3990 2586 4044 nobis
2611 3995 2714 4058 est,
2746 3991 2880 4061 quia
2907 3995 3144 4062 propter
3165 4009 3327 4047 usum
3358 4010 3558 4065 quem-

1928 4081 2064 4136 dam
2080 4098 2197 4136 non
2215 4099 2573 4154 prosperum,
2594 4099 2724 4136 cum
2742 4083 3158 4138 increbuissent
3170 4085 3226 4139 in
3240 4087 3553 4156 republica,

1928 4176 1985 4226 et
1997 4175 2320 4229 luctuosum
2334 4177 2775 4230 monumentum
2787 4175 3064 4230 bellorum
3081 4177 3328 4233 civilium
3346 4183 3554 4250 essent,

1927 4282 2043 4320 non
2073 4268 2378 4337 Oportebat
2407 4267 2467 4320 in
2504 4267 2591 4321 his
2618 4284 2850 4322 manere
2879 4270 3236 4340 temporibus
3263 4271 3322 4324 in
3352 4273 3558 4343 quibus

1928 4364 1985 4413 et
2007 4361 2154 4413 Deus
2186 4359 2346 4414 dedit
2373 4376 2571 4430 pacem
2601 4376 2771 4432 agere
2801 4361 2957 4415 domi
2997 4366 3054 4414 et
3097 4363 3254 4430 foris,
3307 4368 3382 4432 et,
3425 4381 3554 4421 cum

1928 4452 2183 4522 oportuit
2210 4452 2425 4507 bellum
2452 4469 2668 4523 gerere,
2698 4453 2860 4507 facile
2882 4471 3012 4508 cum
3041 4455 3217 4523 ipsius
3241 4457 3434 4510 favore
3461 4459 3556 4512 ho-

187 4547 318 4601 tuor
336 4546 519 4601 libros
543 4548 1100 4622 seposuimus.—§3.
1124 4551 1406 4622 Deinceps
1427 4568 1497 4606 ea
1517 4568 1644 4622 qum
1665 4551 1828 4622 deju.
1845 4556 1905 4628 D
1927 4546 2040 4598 stes
2075 4561 2346 4615 superare
2374 4548 2432 4598 et
2451 4561 2674 4615 capere.
2707 4575 2775 4585 -—
2805 4545 2836 4616 §
2864 4551 2915 4600 7.
2945 4546 3214 4617 Sequitur
3251 4549 3457 4604 deinde
3498 4553 3555 4606 et

191 4637 351 4693 diciis
370 4642 640 4709 tractant,
660 4639 719 4695 in
746 4641 888 4697 alios
915 4645 1137 4714 septem
1157 4644 1348 4698 libros.
1369 4675 1438 4684 —
1461 4643 1558 4716 §4.
1591 4646 1732 4700 ltem
1755 4661 1824 4699 ea

189 4748 316 4802 quae
339 4733 412 4787 de
439 4732 631 4801 rebus,
653 4751 771 4790 non
795 4735 857 4789 in
878 4735 1070 4806 plures
1089 4754 1263 4808 quam
1291 4741 1419 4792 octo
1436 4737 1706 4792 libros.——
1725 4736 1822 4809 §5.

191 4823 549 4895 Sequentem
569 4843 704 4882 vero
722 4827 912 4899 operis
930 4833 1174 4899 partem,
1192 4847 1318 4901 quae
1331 4833 1537 4901 quarta
1555 4833 1612 4884 et
1629 4829 1825 4884 media

189 4922 275 4971 est
294 4920 352 4973 to
361 4919 471 4972 tius
485 4921 674 4991 operis
687 4919 851 4983 (μέσον
863 4920 963 4969 ἐστι
974 4918 1059 4970 τοῦ
1071 4921 1281 4986 παντὸς),
1295 4923 1354 4977 in
1377 4923 1502 4978 aliis
1524 4926 1650 4978 octo
1667 4923 1824 4977 libris

185 5009 582 5080 deposuimus,
603 5013 663 5067 in
687 5015 894 5085 quibus
906 5021 992 5070 est
1017 5015 1252 5086 quidem
1277 5017 1825 5088 hypothecaria,non

183 5099 362 5175 longe
384 5105 705 5161 admodum
727 5124 760 5161 a
779 5107 1148 5179 pignoratitia
1160 5110 1383 5164 actione
1408 5109 1643 5178 distans;
1665 5113 1752 5164 est
1770 5112 1827 5164 et

181 5195 510 5251 Edilitium
555 5199 827 5266 edictum,
878 5203 937 5254 et
978 5201 1047 5255 de
1077 5201 1450 5257 evictionibus
1481 5203 1772 5273 stipulatio
1808 5218 1821 5257 :

183 5302 314 5359 quae
343 5289 461 5345 duo
490 5293 821 5359 accesseria,
844 5295 900 5348 et
926 5295 1341 5365 consequentia
1355 5295 1664 5350 constituta
1690 5311 1824 5349 ven-

184 5379 500 5451 ditionum,
519 5385 692 5455 longe
709 5389 896 5441 tamen
918 5385 1304 5442 admodumin
1324 5388 1503 5442 veteri
1518 5387 1663 5458 juris
1685 5388 1828 5443 ordi-

183 5473 420 5528 natione
472 5476 546 5530 ab
588 5477 675 5531 his
706 5478 1050 5549 devagantia
1081 5480 1559 5550 congregavimus
1590 5483 1826 5552 propius

184 5569 428 5638 propter
459 5571 722 5624 mutuam
749 5569 901 5626 inter
931 5586 988 5625 se
1020 5571 1450 5642 cognationem,
1485 5590 1556 5627 ne
1597 5590 1724 5643 quae
1753 5573 1823 5627 de

186 5658 398 5714 eodem
414 5677 563 5731 pene
586 5663 898 5733 loquuntur
928 5664 1101 5734 longe
1115 5679 1148 5716 a
1165 5679 1223 5715 se
1237 5663 1531 5718 distarent.
1556 5667 1686 5719 Post
1705 5667 1826 5723 haec

183 5750 618 5808 introduximus
642 5758 770 5826 post
788 5755 932 5810 duos
951 5755 1074 5810 illos
1098 5754 1273 5808 libros
1294 5770 1363 5809 ea
1383 5771 1509 5825 quae
1532 5761 1664 5811 sunt
1688 5759 1822 5812 scri-

187 5847 286 5913 pta
312 5845 384 5900 de
415 5847 600 5900 usuris
635 5850 754 5902 tam
782 5847 1147 5904 terrestribus
1181 5863 1352 5919 quam
1382 5849 1703 5919 trajectitiis
1726 5867 1826 5906 seu

1927 4637 2181 4693 exoritur
2201 4637 2362 4691 nobis
2379 4641 2435 4691 et
2447 4632 2597 4694 scita
2613 4654 2746 4708 pars
2762 4638 2935 4693 totius
2951 4639 3400 4710 compositionis,
3425 4648 3551 4698 octo

1924 4732 2191 4786 conclusa
2230 4729 2410 4784 libris.
2458 4731 2694 4784 Pulchre
2734 4734 2929 4785 autem
2968 4731 3168 4803 incipit
3206 4733 3278 4788 ab
3303 4734 3392 4788 his
3424 4752 3553 4807 quae

1923 4823 2311 4896 possessiones
2332 4823 2723 4890 nominantur,
2756 4840 2898 4894 quas
2928 4841 3033 4879 nos
3057 4824 3335 4897 similiter,
3364 4832 3425 4882 ut
3451 4846 3555 4884 cae-

1924 4921 2046 4972 tera
2070 4917 2380 4987 diligenter
2408 4916 2854 4985 considerantes,
2879 4920 2996 4971 tam
3023 4934 3116 4973 eas
3143 4935 3271 4990 quae
3299 4920 3372 4974 ad
3401 4921 3552 4993 inge-

1927 5026 2072 5064 nuos
2097 5025 2270 5080 quam
2313 5025 2441 5079 qua)
2472 5009 2546 5063 ad
2594 5008 2888 5064 libertinos
2921 5012 3231 5080 pertinent,
3280 5029 3345 5067 ex
3376 5015 3555 5070 multa

1927 5102 2283 5157 anteriorem
2313 5107 2641 5172 temporum
2673 5101 3010 5157 confusione
3038 5108 3092 5158 et
3123 5104 3461 5160 obscuritate
3490 5108 3551 5163 in

1924 5211 2134 5267 purum
2159 5194 2496 5249 deduximus
2520 5195 2944 5266 compendium,
2978 5197 3344 5266 geminorum
3356 5198 3465 5254 illis
3484 5201 3554 5256 li-

1924 5294 2159 5349 brorum
2180 5309 2485 5347 numerum
2497 5293 2755 5347 sufﬁcere
2769 5293 3554 5367 arbitrantes.Applicavimus

1925 5390 2115 5442 autem
2142 5386 2275 5457 ipsis
2303 5389 2359 5440 et
2392 5402 2592 5440 omnes
2611 5385 2680 5440 ab
2699 5386 2968 5441 intestato
2998 5388 3311 5458 appellatas
3331 5407 3550 5448 succes-

1925 5480 2136 5547 siones,
2161 5482 2219 5532 et
2237 5479 2390 5549 ipsos
2406 5495 2684 5550 generum
2705 5478 2957 5546 ordines,
2981 5496 3177 5536 eorum
3196 5483 3472 5553 gradibus
3491 5503 3546 5540 e-

1925 5572 2068 5627 tiam
2083 5573 2229 5627 libro
2241 5572 2602 5642 inscriptis,et
2619 5571 2769 5626 circa
2785 5573 3046 5628 omnium
3065 5575 3243 5630 ﬁnem
3260 5578 3552 5633 Tertulliad

1927 5682 2068 5720 num
2091 5669 2149 5719 et
2167 5664 2522 5720 Orsicianum
2536 5665 2960 5735 composuimus
2973 5671 3546 5737 senatusconsultum,

1927 5775 1993 5814 ex
2021 5759 2227 5830 quibus
2245 5760 2463 5814 matres
2487 5763 2545 5814 et
2569 5758 2732 5813 liberi
2753 5759 2996 5815 invicem
3018 5777 3364 5816 successores
3380 5761 3543 5815 ﬁunt.

1925 5851 2187 5907 Procedit
2211 5854 2405 5907 autem
2430 5855 2560 5922 post
2576 5852 2697 5908 haec
2721 5851 2865 5909 alius
2890 5853 3054 5922 liber,
3082 5853 3179 5925 qui
3200 5854 3268 5907 de
3287 5852 3549 5910 aedificio-
