4088 6454
551 407 683 461 1095

1680 395 1930 451 διΕϐυΙᾸ
1968 392 2151 448 SEXTI
2188 385 2738 446 SUPPLEMENTUM.

3842 374 3867 425 1
3880 376 3994 427 096

546 526 676 564 rum
699 506 961 579 operibus
981 504 1117 559 etde
1150 520 1216 558 ea
1240 519 1365 574 quae
1391 503 1461 556 ob
1486 502 1713 555 ruinosa
1740 505 1797 555 et
1812 502 1997 555 diruta
2018 498 2151 552 sedi-
2176 508 2236 580 Α
2255 511 2401 561 mus,
2429 493 2477 547 si
2496 493 2826 547 conferatur
2853 488 2928 543 ad
2952 488 3139 542 totam
3157 479 3739 580 consummationis
3775 479 3998 551 perfe-

547 602 674 655 ﬁcia
708 598 912 670 [datur]
964 596 1371 661 satisfactione,
1416 597 1474 648 et
1503 594 1591 648 his
1618 594 1713 665 qui
1740 594 1798 646 in
1830 593 1918 645 his
1948 591 2161 661 aliquid

548 691 884 745 insidiarum
913 693 1009 742 aut
1034 688 1247 741 fraudis
1273 685 1625 753 admiserint,
1668 688 1724 739 et
1752 685 1821 738 de
1852 684 1939 737 his
1962 683 2060 753 qui
2091 700 2162 737 ex

548 798 823 853 aquarum
852 782 1065 851 impetu
1092 780 1305 833 vicinos
1331 778 1595 843 lazserint,
1624 782 1681 831 et
1710 776 1779 830 de
1806 776 2161 846 publicorum

547 873 906 943 vectigalium
921 872 1472 940 coactoribus,atque
1490 870 1722 939 insuper
1741 868 1811 921 de
1842 867 2159 922 donationi-

548 966 654 1019 bus
678 968 797 1018 tam
823 963 1133 1017 indefinitis
1151 964 1271 1032 [seu
1292 961 1683 1031 simplicibus],
1714 975 1889 1030 quam
1918 960 1977 1012 in
2006 957 2161 1027 cogi-

549 1057 829 1111 tationem
859 1055 1060 1109 mortis
1084 1054 1278 1107 relatis
1298 1055 1454 1123 leges
1475 1069 1539 1106 ac
1551 1053 1684 1123 jura
1715 1051 1999 1105 ordinant.
2026 1051 2164 1103 Bur-

550 1166 677 1203 sum
707 1151 899 1202 autem
938 1146 1212 1217 quidquid
1239 1146 1309 1199 de
1346 1160 1683 1215 quacunque
1719 1142 2163 1196 manumissione

550 1244 749 1307 exstat,
767 1241 853 1294 vel
877 1239 946 1293 de
968 1238 1054 1291 his
1075 1254 1202 1308 qua:
1233 1253 1402 1307 super
1426 1237 1548 1306 ipsa
1578 1235 1864 1305 agitantur
1889 1234 2085 1299 causis,
2109 1236 2166 1285 et

550 1334 659 1386 hoc
702 1331 801 1385 uni
832 1331 1107 1384 traditum
1134 1335 1219 1383 est
1246 1329 1413 1381 libro.
1436 1328 1692 1397 Amplius
1722 1330 1911 1379 autem
1944 1342 2012 1378 ea
2040 1340 2165 1394 quas

553 1425 622 1479 de
648 1423 1022 1495 possessione,
1046 1425 1103 1474 et
1126 1438 1229 1492 per
1249 1421 1429 1492 ipsam
1452 1418 1843 1489 acquisitione,
1869 1421 1925 1469 et
1948 1417 2017 1469 de
2039 1432 2166 1470 cau-

552 1516 625 1569 sis
645 1532 772 1569 eam
802 1513 1288 1568 introducentibus
1321 1514 1471 1578 sunt,
1502 1512 1559 1563 in
1593 1525 1773 1563 unum
1816 1507 2166 1578 seposuimus

552 1610 853 1662 tractatum
874 1607 993 1675 [seu
1010 1604 1262 1673 librum].
1284 1605 1349 1656 Et
1361 1602 1639 1673 quidquid
1656 1602 1826 1654 etiam
1848 1601 1915 1653 de
1930 1599 2168 1669 judicia-

552 1700 651 1752 riis
680 1701 854 1752 exstat
879 1682 1194 1763 sententiis,
1228 1699 1286 1748 et
1314 1694 1401 1747 his
1432 1694 1530 1764 qui
1560 1694 1619 1746 in
1653 1693 1733 1746 eis
1756 1692 1944 1761 aliqua
1973 1694 2168 1745 contra

553 1791 768 1861 seipsos
801 1788 1039 1843 confessi
1079 1790 1228 1852 sunt,
1267 1791 1323 1840 et
1361 1786 1429 1839 de
1474 1785 1756 1839 bonorum
1787 1783 2059 1848 cessione,
2111 1785 2169 1835 et

2258 588 2504 641 ctionem
2531 586 2648 654 [seu
2669 578 3083 649 harmoniam].
3117 608 3189 618 —
3214 576 3247 649 §
3269 580 3325 631 9.
3358 578 3512 643 Quae
3542 574 3788 629 omnia
3810 586 3994 626 com-

2258 677 2442 748 posita
2471 679 2621 742 sunt,
2641 678 2700 728 et
2719 673 3015 727 elaborata
3034 670 3391 742 peroptime,
3408 673 3475 722 et
3502 669 3582 719 ut
3616 668 3856 719 nostra
3867 663 3998 733 jus-

2259 770 2419 823 sione
2451 768 2691 837 dignum
2716 767 2843 832 fuit,
2871 780 2978 835 per
2996 761 3421 817 Tribonianum
3441 757 3993 821 illustrissimum,

2261 876 2367 914 nec
2379 876 2492 913 non
2505 853 3488 930 prudentissimum,magistrum,et
3502 853 3807 921 exquaest
3815 864 3997 902 orem

2261 956 2587 1006 nostrorum
2623 949 2992 1019 palatiorum,
3029 952 3088 1001 et
3117 945 3539 1011 exconsulem,
3577 942 3807 996 virum
3839 944 3910 995 et
3935 940 3997 993 in

2257 1043 2394 1114 ipsis
2424 1057 2616 1096 rerum
2642 1037 3075 1111 experimentis,
3102 1041 3161 1092 et
3178 1038 3241 1091 in
3268 1034 3673 1106 eloquentia,
3711 1036 3781 1086 et
3810 1032 3888 1086 in
3922 1033 3998 1086 le-

2263 1135 2424 1205 gibus
2443 1133 2755 1187 scribendis
2775 1131 2911 1185 satis
2931 1133 3278 1201 spectatum,
3299 1131 3362 1183 et
3374 1127 3486 1198 qui
3505 1126 3681 1180 nihil
3700 1140 3995 1195 unquam

2262 1231 2588 1281 nostrarum
2615 1224 2943 1294 jussionum
2970 1219 3346 1291 contempsit,
3376 1235 3645 1273 necnon
3679 1234 3808 1288 per
3841 1216 3997 1270 alios

2264 1318 2453 1388 [viros]
2467 1317 2563 1388 qui
2581 1316 2681 1370 sub
2703 1316 2828 1385 ipso
2845 1314 3014 1369 nobis
3034 1314 3147 1368 hoc
3166 1328 3317 1384 opus
3342 1310 3796 1376 elaborarunt,
3815 1309 3889 1363 id
3909 1312 3999 1363 est

2260 1409 2686 1464 Constantinum
2696 1404 3331 1477 magniﬁcentissimum
3343 1403 3650 1458 comitem
3664 1417 3998 1456 sacrarum

2262 1500 2721 1571 largitionum,et
2732 1496 3240 1567 antigrapharium
3254 1497 3385 1566 [seu
3400 1494 3999 1565 magistrum]sacri

2266 1592 2477 1659 scrinii,
2492 1595 2547 1646 et
2566 1606 2856 1644 sacrorum
2879 1589 3208 1643 libellorum
3233 1592 3295 1642 et
3310 1587 3781 1657 cognitionum
3802 1587 4000 1657 impe-

2265 1684 2513 1749 rialium,
2543 1683 2638 1753 qui
2658 1683 2820 1736 nobis
2836 1682 3053 1735 bonam
3082 1680 3155 1734 de
3184 1696 3245 1733 se
3279 1679 3662 1749 opinionem
3688 1679 3761 1732 in
3794 1678 3999 1732 omni-

2264 1775 2369 1829 bus
2401 1775 2679 1845 prznbuit;
2722 1790 2948 1827 necnon
2988 1771 3383 1842 Theophilum
3420 1771 3995 1841 magniﬁcentissi-

553 1882 899 1936 creditorum
916 1876 1697 1944 detentione,etvenditione,
1723 1879 1780 1929 et
1795 1876 1863 1929 de
1884 1875 2168 1928 bonorum
2189 1870 2245 1941 B
2270 1883 2431 1921 mum
2457 1866 2817 1936 magistrum,
2851 1870 2909 1918 et
2932 1866 3090 1933 leges
3121 1866 3247 1934 [seu
3291 1863 3460 1932 jura]
3512 1864 3586 1916 in
3642 1865 3839 1933 regia
3890 1865 3998 1917 hac

555 1973 913 2044 separatione
940 1976 997 2025 et
1012 1971 1322 2036 curatione,
1344 1973 1401 2022 et
1419 1985 1493 2022 ne
1513 1968 1649 2038 quid
1669 1967 1958 2038 patiantur
1986 1965 2166 2020 credi-

552 2071 706 2119 tores
737 2064 973 2130 fraudis,
1014 2067 1070 2116 et
1107 2062 1165 2115 id
1195 2062 1255 2114 in
1294 2077 1469 2114 unum
1500 2060 1768 2113 similiter
1793 2060 2057 2113 collatum
2086 2063 2170 2111 est

552 2156 786 2212 librum.
821 2156 934 2210 Sed
958 2158 1015 2209 et
1041 2153 1467 2207 lnterdictorum
1495 2152 1729 2205 modum
1760 2167 1875 2204 non
1915 2150 2169 2220 pluribus

558 2263 731 2318 quam
764 2246 861 2300 uni
890 2245 1150 2299 dedimus
1173 2244 1335 2297 libro.
1360 2243 1496 2297 Inde
1513 2248 1703 2297 autem
1729 2245 1783 2297 et
1810 2242 1883 2294 ad
1910 2241 2167 2311 praescri-

553 2339 780 2411 ptiones
806 2337 922 2408 [seu
949 2334 1322 2406 exceptiones]
1352 2334 1481 2387 etin
1503 2333 1590 2387 his
1619 2334 1883 2387 ordinata
1908 2336 2170 2402 tempora

554 2430 830 2484 venimus.
864 2430 931 2482 Et
956 2427 1365 2497 obligationum
1403 2426 1653 2495 quidem,
1683 2430 1738 2479 et
1765 2426 2049 2479 actionum
2082 2440 2166 2477 se-

552 2520 846 2593 posuimus
871 2520 1092 2585 modos,
1121 2523 1176 2573 et
1205 2518 1495 2588 coegimus
1517 2534 1747 2572 omnem
1777 2518 1922 2570 hanc
1946 2519 2169 2587 partem

554 2609 644 2663 cui
674 2611 924 2679 praesunt
950 2606 1327 2678 possessiones
1361 2609 1442 2673 (ut
1461 2605 1673 2659 dictum
1704 2605 1807 2675 est)
1840 2610 1964 2659 octo
1995 2604 2166 2657 libro-

554 2717 682 2755 rum
704 2715 942 2755 numero
966 2699 1324 2768 descriptam,
1346 2703 1562 2751 sextam
1585 2698 1732 2751 hanc
1755 2700 1973 2768 partem
1998 2695 2170 2750 totius

552 2791 857 2847 voluminis
883 2793 1318 2862 seponentes.—
1343 2788 1373 2860 §
1404 2793 1455 2843 8.
1479 2789 1666 2843 Totius
1695 2792 1886 2843 autem
1916 2791 2171 2842 extrema

553 2900 704 2955 pars,
734 2900 862 2954 quae
892 2888 948 2937 et
973 2882 1211 2952 septima
1245 2884 1330 2935 est
1362 2881 1535 2935 totius
1580 2880 1941 2945 tractationis,
1984 2896 2078 2933 sex
2112 2879 2173 2932 li-

554 2976 790 3029 brorum
812 2989 1054 3028 numero
1083 2973 1435 3026 demandata
1459 2977 1561 3039 est,
1582 2972 1860 3041 incipiens
1881 2971 2115 3041 quidem
2139 2987 2172 3023 a

557 3066 1034 3136 stipulationibus,
1078 3064 1394 3133 procedens
1431 3080 1564 3117 vero
1609 3063 1682 3117 ad
1711 3079 1780 3116 ea
1810 3079 1934 3133 quia
1965 3062 2171 3132 scripta

555 3163 689 3211 sunt
714 3157 785 3210 de
805 3156 1186 3225 fidejussione,
1215 3159 1271 3209 et
1295 3155 1624 3209 debitorum
1654 3155 2067 3221 numeratione,
2087 3170 2171 3207 so-

556 3248 774 3302 lutione
806 3252 863 3301 et
892 3213 1223 3301 liberatione
1249 3248 1524 3317 ipsorum,
1556 3250 1613 3299 et
1638 3247 1708 3300 de
1734 3213 2071 3300 introductis
2101 3262 2171 3301 ex
2189 3213 2244 3286 Ο

557 3344 861 3410 praetorum
892 3339 1257 3408 juridictione
1306 3338 1777 3409 stipulationibus,
1812 3355 1938 3409 quas
1980 3340 2171 3393 omnia

558 3433 776 3487 duobus
796 3449 831 3486 a
848 3432 1010 3485 nobis
1035 3435 1324 3485 contracta
1344 3437 1474 3485 sunt
1500 3431 1675 3497 libris,
1696 3447 1825 3484 cum
1846 3431 1997 3501 apud
2025 3434 2172 3484 vete-

557 3539 647 3578 res
674 3540 778 3578 nec
805 3522 915 3577 dici
946 3527 1135 3593 posset
1160 3529 1296 3593 quot
1319 3527 1505 3577 essent
1532 3524 1660 3577 libri
1689 3525 1703 3593 [
1709 3540 1775 3577 ea
1803 3524 1872 3577 de
1901 3524 2006 3592 re].
2035 3525 2167 3577 Pro-

556 3617 706 3671 cedit
726 3621 782 3671 et
804 3616 1071 3685 deinceps
1092 3616 1163 3670 ad
1183 3616 1520 3669 delictorum
1542 3615 1948 3681 narrationem,
1980 3620 2035 3669 et
2055 3631 2171 3669 om-

556 3708 654 3762 nia
682 3713 938 3763 recenset
972 3724 1099 3778 quaa
1127 3708 1200 3761 ad
1229 3708 1449 3777 majora
1475 3705 1679 3761 delicta
1706 3707 2012 3777 pertinent,
2043 3723 2169 3777 quae

554 3806 759 3855 vocant
782 3801 1031 3871 privata;
1064 3803 1122 3853 et
1141 3800 1280 3853 item
1305 3815 1432 3870 quae
1464 3800 1532 3854 ad
1560 3816 1627 3853 ea
1656 3815 1781 3869 qua:
1813 3799 2057 3853 necdum
2084 3815 2171 3854 or-

557 3892 772 3946 dinaria
784 3893 1091 3963 appellant,
1111 3891 1210 3945 sed
1224 3891 1362 3961 ipsis
1382 3891 1957 3946 extraordinariorum
1975 3891 2166 3962 appel-

555 3983 828 4038 lationem
862 3984 1201 4055 imponunt:
1236 3982 1527 4037 descendit
1557 3983 1728 4037 etiam
1758 3988 1815 4037 et
1843 3984 1915 4037 ad
1945 3984 2171 4053 publica

555 4075 812 4143 crimina,
837 4091 965 4144 quae
984 4074 1339 4129 atrocissima
1355 4080 1486 4129 sunt
1508 4078 1566 4129 et
1579 4091 1850 4145 magnam
1881 4075 1986 4129 sibi
2002 4075 2170 4130 advo-

557 4170 691 4221 cant
722 4183 967 4237 pcznam.
1021 4168 1141 4220 Duo
1182 4172 1371 4221 autem
1402 4170 1459 4220 et
1492 4167 1584 4221 hic
1614 4172 1745 4221 sunt
1772 4168 1922 4235 libri,
1948 4168 2048 4238 qui
2073 4167 2170 4221 illa

559 4258 788 4328 quidem
820 4274 943 4328 quae
972 4258 1044 4312 ad
1072 4258 1277 4313 delicta
1296 4258 1600 4313 etcrimina
1615 4259 1903 4329 pertinent
1922 4259 2170 4331 comple-

557 4353 824 4404 ctuntur:
859 4350 1061 4421 quibus
1089 4350 1365 4421 permixta
1406 4353 1538 4404 sunt
1573 4353 1631 4404 et
1667 4368 1735 4405 ea
1777 4367 1903 4421 qua
1948 4351 2019 4406 de
2055 4351 2168 4406 reis

555 4441 857 4497 criminum
878 4443 975 4513 qui
995 4460 1054 4497 se
1070 4443 1250 4497 celare
1267 4446 1462 4497 tamen
1478 4446 1760 4498 conantur
1785 4443 1992 4514 scripta
2014 4447 2164 4510 sunt,

558 4540 615 4590 et
632 4534 701 4589 de
720 4550 920 4589 eorum
936 4534 1117 4603 bonis,
1134 4538 1191 4587 et
1202 4534 1271 4588 de
1297 4551 1364 4589 ea
1376 4551 1503 4604 quae
1517 4534 1791 4613 infligitur
1810 4536 2162 4591 condemna-
2183 4565 2243 4637 D

554 4626 626 4680 tis
650 4643 815 4696 paena
844 4628 932 4681 vel
960 4627 1332 4697 indulgentia.
1366 4627 1594 4681 Initium
1624 4632 1813 4682 autem
1841 4628 2001 4682 nobis
2021 4629 2163 4683 alte-

555 4718 672 4773 rius
696 4734 922 4774 rursum
944 4719 1069 4773 libri
1090 4720 1153 4773 ﬁt
1166 4719 1417 4774 narratio
1437 4719 1508 4773 de
1527 4720 2015 4790 appellationibus,
2042 4736 2168 4791 qua:

555 4812 872 4865 communis
890 4813 973 4865 est
991 4811 1239 4882 profecto
1256 4811 1329 4865 ad
1347 4810 1754 4865 rescindendas
1773 4817 1887 4866 tam
1904 4813 2168 4883 pecunia-

553 4902 667 4957 rias
698 4904 819 4973 [seu
848 4902 1051 4975 civiles]
1081 4903 1405 4969 sententias,
1436 4919 1609 4974 quam
1634 4903 1977 4958 criminales.
1999 4906 2167 4969 Quaa-

555 5008 778 5065 cunque
799 4997 992 5049 autem
1010 4994 1080 5049 de
1101 4995 1313 5049 civibus
1334 4996 1457 5065 [seu
1476 4995 1900 5066 municipibus],
1925 5000 1983 5051 et
2003 4996 2170 5051 decu-

554 5084 825 5154 rionibus,
849 5089 907 5140 et
924 5087 1275 5154 muneribus,
1305 5091 1362 5141 et
1382 5087 1619 5158 publicis
1646 5088 1930 5159 operibus,
1951 5092 2009 5142 et
2026 5105 2169 5143 nun-

557 5177 723 5245 dinis,
741 5183 799 5233 et
808 5178 1093 5233 redituum
1106 5178 1693 5249 pollicitationibus,et
1702 5180 1870 5234 variis
1886 5180 2165 5251 cognitio-

555 5269 721 5323 nibus
736 5269 851 5341 [seu
861 5270 1504 5341 interrogationibus],et
1518 5272 1745 5342 publica
1764 5272 2165 5343 descriptione,

556 5360 838 5415 veteribus
870 5362 1101 5417 inventa
1132 5368 1282 5430 sunt,
1316 5369 1370 5419 et
1392 5379 1740 5436 quaecunque
1768 5364 1836 5419 de
1864 5365 2167 5420 verborum

557 5455 775 5508 exstant
792 5453 1288 5523 significatione,et
1306 5456 1376 5510 de
1399 5456 1486 5510 his
1507 5472 1631 5527 qua:
1654 5474 1756 5527 pro
1779 5458 1991 5528 regulis
2015 5458 2167 5529 apud

553 5550 774 5601 veteres
795 5545 941 5599 dicta
959 5550 1107 5612 sunt,
1136 5547 1254 5601 haec
1279 5546 1471 5603 omnia
1486 5549 1544 5603 in
1564 5566 1685 5603 sese
1704 5550 1906 5620 recipit
1937 5550 2167 5605 ultimus

553 5640 716 5694 liber.
740 5638 1102 5709 Hujusigitur
1123 5641 1567 5710 compositionis,
1596 5644 1756 5713 cujus
1771 5642 2000 5697 initium
2020 5646 2105 5697 est
2133 5660 2167 5697 a

556 5730 1035 5801 stipulationibus,
1055 5731 1147 5784 hic
1170 5731 1313 5784 liber
1328 5737 1412 5785 est
1421 5738 1607 5787 sextus
1628 5734 1863 5804 quidem
1878 5734 1922 5789 si
1940 5735 2010 5789 ad
2030 5752 2162 5806 pro-

555 5821 746 5894 prium
759 5822 1102 5895 principium
1121 5826 1514 5893 comparetur;
1541 5826 1642 5882 sed
1659 5830 1745 5882 est
1764 5827 2167 5900 quinquagesi-

2268 1960 2406 2012 urbe
2440 1958 2821 2026 laudabiliter,
2846 1961 2904 2010 et
2923 1972 3055 2010 cum
3079 1956 3333 2009 summis
3360 1955 3621 2025 vigiliis,
3658 1960 3729 2009 et
3760 1961 3837 2010 ut
3863 1973 3995 2010 ma-

2267 2051 2496 2120 gisteria
2523 2050 2819 2103 sedulitate
2852 2049 3095 2118 dignum
3125 2050 3233 2114 est,
3260 2048 3636 2115 docentem;
3692 2054 3760 2102 et
3802 2051 3995 2103 Doro-

2267 2144 2468 2196 theum
2488 2142 3126 2212 magnificentissimum
3147 2144 3549 2210 quaestorem,
3570 2145 3642 2193 et
3661 2140 3997 2196 doctorem

2268 2235 2326 2289 in
2347 2235 2540 2304 legum
2557 2234 2779 2287 civitate
2811 2233 3207 2301 designatum;
3237 2232 3507 2285 dicimus
3529 2238 3763 2289 autem
3778 2251 3997 2288 veren-

2269 2327 2403 2380 dam
2427 2330 2483 2379 et
2500 2325 2863 2395 splendidam
2878 2324 3311 2395 Berytiensium
3329 2327 3786 2395 metropolim,
3807 2343 3997 2397 quem

2269 2418 2340 2471 de
2370 2418 2494 2489 ipso
2523 2418 2739 2488 optima
2768 2417 2964 2487 opinio
3002 2420 3061 2471 et
3106 2417 3317 2487 gloria,
3346 2421 3411 2471 et
3448 2418 3534 2470 ad
3567 2435 3692 2472 nos
3744 2420 4003 2475 deduxit

2266 2510 2475 2579 ipsum,
2491 2513 2548 2563 et
2563 2513 2624 2563 ut
2639 2510 2807 2579 hujus
2832 2509 3023 2579 operis
3039 2509 3398 2580 participem
3418 2509 3829 2580 faceremus,
3854 2513 3998 2566 hor-

2268 2606 2385 2656 tata
2414 2605 2531 2655 est:
2551 2602 2649 2655 sed
2675 2604 2733 2654 et
2758 2601 3091 2656 Anatolium
3111 2601 3837 2670 magnificentissimum
3865 2622 3997 2659 ma-

2269 2693 2528 2763 gistrum,
2556 2694 2654 2763 qui
2678 2697 2736 2746 et
2759 2694 2881 2763 ipse
2914 2693 3071 2763 apud
3092 2694 3476 2763 Berytienses
3506 2711 3588 2749 ea
3625 2712 3780 2766 quae
3810 2714 3893 2752 ex
3917 2698 3997 2751 le-

2270 2785 2434 2855 gibus
2463 2786 2889 2855 [profiscuntur]
2912 2785 3151 2855 pulchre
3174 2785 3369 2852 docet,
3404 2786 3505 2840 vir
3531 2804 3616 2840 ex
3638 2790 3845 2844 tertia
3874 2791 4001 2844 stir-

2268 2893 2340 2947 pe
2384 2877 2659 2931 laudabili
2692 2877 2840 2947 juris
2883 2877 3039 2947 apud
3075 2877 3387 2932 Phoenices
3415 2878 3869 2951 interpretum
3898 2882 3999 2936 de-

2270 2968 2572 3033 scendens;
2601 2969 2780 3022 refert
2799 2968 2956 3021 enim
2979 2984 3169 3037 genus
3188 2968 3267 3022 ad
3297 2970 3677 3039 Leontium,
3714 2978 3785 3027 et
3810 2975 4001 3028 Eudo-

2268 3060 2440 3126 xium,
2482 3060 2750 3113 homines
2787 3061 2847 3114 in
2896 3061 3124 3130 legibus
3166 3061 3419 3131 optimm
3451 3068 3833 3133 memoriae,
3870 3072 4001 3137 post

2269 3152 2574 3205 Patricium
2596 3152 2823 3222 inclyta:
2846 3153 3296 3220 recordationis,
3323 3158 3759 3224 questorium
3797 3162 3865 3212 et
3897 3176 3998 3213 an-

2269 3244 2630 3313 ticensorem,
2670 3250 2728 3298 et
2752 3244 3057 3299 Leontium
3091 3245 3646 3317 gloriosissimum,
3683 3254 3995 3322 exprmfe-

2269 3340 2423 3390 ctum
2449 3340 2507 3390 et
2529 3338 2893 3392 exconsulem
2910 3340 3086 3408 atque
3106 3338 3441 3394 Patricium
3463 3342 3611 3412 ejus
3630 3344 3807 3399 ﬁlios
3831 3348 4005 3414 (sum-

2268 3446 2378 3483 mae
2404 3429 2802 3483 admirationis
2825 3428 3025 3499 viros);
3052 3434 3110 3483 et
3128 3431 3451 3487 Cratinum
3484 3438 4001 3507 magniﬁcentis-

2269 3521 2481 3575 simum
2528 3525 2697 3592 atque
2746 3522 3269 3592 prudentissimum
3302 3527 3622 3582 comitem
3674 3546 4003 3586 sacrarum

2268 3614 2637 3683 largitionum
2658 3615 2740 3684 [et
2762 3615 3019 3684 optimus
3041 3632 3280 3686 quoque
3306 3622 3403 3670 est
3418 3619 3473 3672 is
3495 3621 3727 3692 legum
3756 3641 4004 3679 enarra-

2269 3706 2437 3759 torin
2468 3706 2628 3775 regia
2653 3706 2761 3759 hac
2786 3707 2977 3775 urbe],
3008 3712 3068 3761 et
3098 3712 3319 3777 praeter
3346 3709 3471 3765 hos
3505 3714 3715 3769 etiam
3747 3718 4002 3789 Stepha-

2269 3798 2681 3867 num,Menam,
2700 3799 3104 3866 Prosdocium,
3122 3802 3544 3873 Eutolmium,
3564 3808 3999 3876 Timotheum,

2268 3891 2597 3959 Leonidem,
2617 3891 2943 3959 Leontium,
2964 3893 3294 3961 Platonem,
3312 3896 3665 3968 Iacobum,
3700 3904 3997 3957 Constan-

2269 3984 2473 4050 tinum,
2498 3986 2800 4050 Joannem,
2825 3984 2976 4039 viros
3001 3985 3560 4059 prudentissimos,
3598 3995 3714 4065 qui
3737 3997 3998 4050 universi

2267 4076 2524 4130 rhetores
2541 4077 2777 4147 quidem
2793 4080 2929 4130 sunt
2944 4077 3535 4148 gloriosissimorurn
3549 4089 3998 4155 praefectorum

2268 4184 2554 4222 sacrorum
2596 4172 2928 4224 nostrorum
2960 4170 3431 4241 praetoriorum;
3467 4178 3769 4246 gloriam
3802 4188 3999 4237 autem

2268 4275 2366 4313 seu
2389 4260 2620 4316 laudem
2651 4262 2803 4331 apud
2831 4277 3036 4316 omnes
3056 4263 3403 4332 prudentie
3429 4267 3619 4337 juste
3656 4273 3923 4342 habent,
3948 4278 3999 4327 et

2267 4368 2302 4405 a
2341 4352 2506 4407 nobis
2544 4353 2752 4407 merito
2786 4354 3031 4423 judicati
3073 4358 3212 4408 sunt
3253 4356 3439 4428 digni
3478 4365 3563 4415 ut
3616 4366 3999 4437 eligerentur

2265 4444 2407 4497 tanti
2433 4445 2767 4499 certaminis
2797 4446 3127 4517 participes.
3167 4448 3308 4502 Haec
3352 4449 3570 4522 igitur
3613 4460 3808 4514 nobis
3854 4461 3999 4514 circa

2266 4535 2625 4606 Digestorum
2639 4538 2933 4593 elaborata
2944 4543 3079 4593 sunt
3089 4542 3639 4613 conscriptionem
3655 4569 3775 4622 per
3778 4554 3804 4624 j
3814 4570 3915 4608 am
3929 4553 4000 4609 di-

2266 4632 2385 4683 ctos
2401 4629 2837 4699 gloriosissimos
2866 4630 3114 4686 viros.—
3141 4632 3173 4704 §
3204 4637 3295 4688 10.
3330 4636 3549 4694 Tanta
3568 4649 3807 4700 autem
3836 4646 3998 4701 nobis

2264 4722 2588 4775 reverentia
2608 4723 2973 4794 antiquitatis
2996 4725 3129 4795 fuit,
3153 4731 3218 4780 ut
3243 4743 3456 4799 neque
3476 4739 3741 4793 mutari
3758 4742 3999 4795 nomina

2264 4817 2525 4867 veterum
2544 4814 3097 4884 jurisconsultorum
3116 4820 3648 4897 sustinuerimus,
3674 4834 3791 4887 sed
3812 4836 3998 4888 unius—

2266 4907 2539 4978 cujusque
2557 4907 2787 4962 illorum
2805 4911 3264 4981 appellationem
3282 4915 3548 4985 legibus
3566 4922 3996 4999 inscripsimus

2266 5002 2552 5053 mutantes
2572 5000 2829 5070 quidem,
2853 5002 2899 5055 si
2918 5004 3060 5073 quid
3084 5004 3218 5074 jam
3239 5006 3478 5065 habere
3498 5014 3728 5073 visum
3766 5026 3864 5075 est
3891 5035 3994 5075 non

2266 5094 2440 5157 recte,
2470 5094 2663 5162 partes
2684 5109 2816 5148 vero
2848 5095 2974 5149 illas
3001 5112 3161 5152 nunc
3188 5099 3500 5172 tollentes,
3544 5107 3678 5164 has
3711 5130 3886 5170 nunc
3912 5114 3996 5168 ad

2267 5183 2487 5277 dentes,
2514 5200 2581 5239 ex
2605 5186 2804 5241 multis
2823 5185 3080 5261 denique
3112 5192 3419 5262 optimum
3454 5198 3824 5277 eligentes,
3849 5214 3909 5263 et
3933 5225 3994 5262 u-

2266 5275 2631 5371 nam_[atque
2667 5280 2891 5352 parem]
2931 5282 3209 5339 omnibus
3251 5288 3633 5356 prebentes
3682 5275 3996 5371 potestatis

2264 5367 2378 5422 vim
2409 5369 2527 5439 [seu
2557 5370 2775 5443 robur],
2814 5373 2894 5427 ita
2931 5379 2995 5428 ut
3030 5376 3323 5449 quidquid
3350 5367 3708 5459 scriptum.
3724 5404 3823 5453 est
3854 5401 3913 5454 in
3938 5413 3995 5452 eo

2265 5461 2435 5528 llbro,
2470 5461 2529 5515 id
2555 5467 2752 5518 nostra
2773 5465 2844 5519 sit
2861 5469 3191 5525 sententia:
3227 5476 3491 5534 nemine
3527 5488 3836 5548 audente
3859 5509 3993 5549 εοω.

2264 5569 2467 5651 parare
2492 5571 2561 5651 ea
2585 5569 2712 5627 quis
2738 5575 2892 5613 nunc
2916 5560 3070 5616 facta
3097 5568 3239 5620 sunt
3259 5565 3355 5623 bis
3386 5588 3539 5642 quae
3578 5583 3781 5650 prius
3814 5592 3989 5651 erant,

2266 5645 2401 5748 quia
2438 5649 2618 5749 multa
2646 5652 2707 5749 et
2726 5657 3036 5749 numeratu
3071 5672 3194 5712 non
3221 5659 3424 5718 facilia
3470 5645 3991 5749 transposuimus

2264 5737 2323 5848 in
2356 5741 2579 5844 melius,
2634 5743 2861 5848 etiamsi
2889 5747 3381 5848 quid-imperiali
3438 5737 3703 5838 aliqua.
3730 5776 3993 5848 antiquo.

2264 5846 2394 5888 rum
2434 5833 2847 5907 imperatorum
2888 5842 3315 5905 constitutione
3376 5851 3448 5911 in
3500 5833 3727 5924 aliam
3784 5833 3991 5928 dictum

4046 6050 4051 6247 l

2528 6384 2545 6387 μ
2698 6374 2721 6383 ἰ
2760 6378 2967 6396 Ms

2580 6378 2682 6395 κ-
2994 6378 3601 6420 ι--α-..Ἥ-ιῊμἸ-τκιὴ
3666 6416 3718 6426 Ἢ.
3784 6418 3809 6425 Α
3884 6422 3955 6432 ἡ..
4032 6252 4050 6432 J

2580 6378 2721 6395 τμη-ἰ
2760 6378 3365 6408 -ι-ιήμ-ήΔ-α-..Ἥ-ιῊμ
3398 6404 3444 6411 Ἰ-
3480 6400 3601 6420 ira“

3666 6416 3718 6426 Ἢ
3784 6418 3809 6425 ⁸·
3884 6422 3955 6432 ‘-—-
