4088 6456
201 417 327 470 1097

948 413 1312 468 JUSTINIANI
1353 415 1565 470 LEGES
1603 414 1934 470 SELECTA‘J.
1981 416 2102 469 LIB.
2147 415 2185 481 l,
2227 415 2350 469 TIT.
2396 414 2503 479 VII,
2545 412 2674 466 LEX
2713 412 2802 465 IIl.

3412 412 3546 464 1098

193 523 370 575 fuerat
398 519 659 574 formam.
689 520 832 575 Nam
858 522 1089 576 nomina
1117 523 1349 593 quidem
1390 523 1669 578 veteribus
1699 540 1814 578 ser-
1839 535 1899 608 Α
1919 528 1974 578 et
1993 522 2264 577 similium
2279 520 2687 591 assumpsimus
2701 515 3170 589 positionem,vel
3185 514 3353 569 rebus
3367 514 3552 585 subje-

192 613 454 682 vavimus,
484 613 678 684 legum
705 619 896 669 autem
928 616 1222 670 veritatem
1260 621 1514 670 nostram
1561 617 1813 670 fecimus.

197 709 378 777 Itaque
407 706 453 759 si
481 707 617 777 quid
651 711 774 762 erat
808 708 866 762 in
895 708 1006 762 illis
1037 709 1370 763 seditiosum
1399 710 1597 780 (multa
1625 714 1818 765 autem

191 798 316 852 talia
337 803 496 853 erant
515 799 592 852 ibi
613 800 896 870 reposita),
914 802 1023 856 hoc
1045 801 1296 856 decisum
1317 807 1400 856 est
1420 808 1476 856 et
1493 802 1814 871 definitum,

192 892 244 942 et
273 887 329 940 in
355 887 721 958 perspicuum
750 888 924 944 finem
964 889 1207 944 deducta
1233 895 1316 945 est
1344 906 1584 962 quaeque
1613 891 1722 945 lex.
1752 921 1819 929 ——

189 981 220 1051 §
251 983 333 1034 lt.
365 980 471 1035 Sed
491 997 622 1034 cum
648 982 941 1052 oportebat
971 986 1026 1037 et
1054 983 1306 1054 aliquam
1333 983 1678 1038 mediocrem
1708 983 1817 1036 isa-

192 1089 393 1144 gogem
432 1073 616 1128 facere
652 1074 712 1128 in
751 1091 946 1128 eorum
987 1077 1226 1146 gratiam
1251 1076 1349 1147 qui
1378 1082 1633 1131 recenter
1667 1077 1822 1148 leges

191 1165 496 1236 attingunt,
526 1183 632 1220 nec
661 1167 939 1237 majorem
970 1168 1280 1222 doctrinam
1311 1174 1536 1240 portare
1566 1173 1818 1240 possunt,

189 1275 371 1329 neque
398 1259 504 1312 hoc
532 1264 693 1313 extra
721 1265 972 1315 nostram
1010 1262 1424 1331 providentiam
1464 1262 1818 1333 reliquimus,

188 1350 397 1406 scilicet
435 1351 780 1426 Triboniano
832 1353 1262 1423 gloriosissimo,
1295 1355 1391 1424 qui
1440 1360 1495 1409 et
1537 1356 1606 1409 ad
1652 1355 1822 1409 totius

188 1443 375 1514 operis
412 1444 657 1514 legitimi
698 1446 1165 1516 gubernationem
1211 1447 1420 1502 electus
1462 1453 1564 1517 est,
1603 1464 1824 1503 necnon

187 1536 518 1607 Theophilo,
543 1542 598 1592 et
617 1539 898 1593 Dorotheo
915 1539 1486 1611 magniﬁcentissimis
1509 1544 1565 1594 et
1583 1542 1824 1611 pruden-

188 1629 420 1683 tissimis
469 1631 920 1686 anticensoribus
971 1633 1253 1686 accersitis
1305 1633 1715 1702 mandavimus,
1761 1638 1826 1686 ut

187 1717 494 1788 seligerent
515 1734 580 1774 ex
605 1719 690 1772 his
717 1735 843 1790 quae
870 1721 1021 1790 apud
1043 1727 1256 1776 veteres
1277 1726 1439 1776 erant
1461 1722 1824 1794 isagogarum

187 1809 358 1864 modo
385 1811 717 1882 composita,
740 1828 807 1866 ea
833 1829 963 1884 quae
991 1819 1177 1868 essent
1206 1814 1511 1885 aptissima,
1537 1819 1593 1869 et
1612 1816 1671 1869 in
1693 1815 1826 1886 ipsis

1918 618 2019 672 etis
2038 617 2098 671 id
2124 616 2504 687 exigentibus,
2526 619 2591 668 ut
2619 614 2908 684 oporteret
2927 610 3078 664 idem
3099 608 3352 678 pluribus
3371 608 3551 678 appli-

1918 709 2033 764 cari
2068 710 2260 778 titulis,
2293 709 2382 762 vel
2409 708 2541 778 quia
2565 722 2696 760 cum
2724 707 2994 759 extraneo
3039 703 3164 756 loco
3203 705 3347 755 esset
3386 715 3545 754 com-

1919 804 2164 858 mixtum
2187 803 2242 856 id
2263 801 2418 872 quod
2445 799 2627 854 simile
2655 796 2933 869 superiori
2954 795 3270 862 videbatur,
3294 793 3552 864 impossi-

1919 897 2027 950 bile
2054 896 2162 950 fuit
2190 912 2318 950 eam
2344 893 2777 948 similitudinem
2807 888 3060 956 detrahi;
3100 888 3188 941 vel
3214 887 3387 940 etiam
3419 886 3552 958 quia

1922 1005 2068 1059 saepe
2094 988 2462 1042 custodienda
2490 987 2599 1040 fuit
2626 986 2849 1055 integra
2874 982 3046 1037 totius
3072 980 3305 1035 theoriae
3328 980 3452 1049 [seu
3475 979 3554 1032 vi-

1922 1082 2110 1152 sionis]
2155 1080 2520 1146 continentia,
2547 1095 2650 1132 nec
2694 1076 3005 1147 separanda
3053 1071 3171 1145 [aut
3215 1072 3551 1140 divellenda]

1921 1191 2082 1229 mens
2108 1179 2163 1228 et
2187 1173 2501 1227 intellectus
2547 1167 2892 1241 [legentium]
2925 1184 3026 1237 per
3051 1182 3250 1220 eorum
3275 1181 3404 1235 quae
3426 1165 3551 1234 jam

1923 1268 2129 1337 scripta
2166 1267 2397 1320 fuerant
2439 1262 2862 1334 ademptionem
2897 1277 2908 1314 :
2949 1259 3088 1330 quin
3133 1263 3190 1312 et
3229 1259 3333 1311 hoc
3373 1256 3556 1310 sicubi

1923 1364 2276 1430 assumptum
2309 1362 2393 1412 est
2432 1359 2662 1427 propter
2707 1353 2790 1408 rei
2830 1352 3241 1418 necessitatem,
3275 1355 3468 1404 tamen
3497 1348 3556 1402 id

1923 1453 2090 1507 breve
2131 1457 2230 1520 est,
2265 1467 2366 1504 nec
2412 1449 2592 1503 ullum
2635 1447 2754 1502 fere
2797 1445 2885 1500 sui
2920 1461 3148 1498 sensum
3175 1442 3459 1513 praebens.
3488 1471 3557 1482 —

1927 1546 1958 1616 §
1991 1547 2074 1599 14.
2109 1546 2222 1599 Hoc
2257 1545 2427 1598 etiam
2461 1543 2668 1612 ipsum,
2697 1545 2752 1594 et
2797 1539 2855 1592 in
2903 1535 3414 1593 Constitutionibus
3437 1535 3560 1605 jam

1926 1640 2076 1692 inter
2112 1636 2434 1708 imperiales
2463 1632 2898 1688 Constitutiones
2926 1630 3136 1698 relatis,
3171 1633 3227 1683 et
3245 1629 3376 1698 jure
3406 1627 3560 1697 quod

1927 1749 1996 1786 ex
2020 1730 2107 1785 his
2135 1730 2388 1797 resultat,
2419 1725 2839 1782 observavimus
2867 1740 2880 1777 :
2903 1739 3037 1776 nam
3066 1737 3194 1792 quae
3222 1721 3280 1774 in
3309 1721 3416 1774 illis
3437 1721 3559 1790 jam

1928 1828 2088 1878 cauta
2127 1826 2310 1891 erant,
2344 1838 2411 1875 ea
2437 1837 2541 1874 nec
2566 1819 2625 1873 in
2653 1819 2759 1872 hoc
2784 1815 3073 1870 volumine
3107 1813 3243 1884 poni
3284 1812 3560 1867 concessi-

185 1918 380 1958 rerum
413 1905 770 1974 argumentis
796 1905 1135 1975 obtinentia;
1180 1913 1354 1978 utque
1393 1909 1746 1979 colligerent,
1775 1898 1905 1969 etB
1928 1934 2074 1986 mus,
2097 1915 2208 1971 nisi
2226 1916 2296 1970 ob
2320 1914 2571 1985 aliquam
2597 1911 2882 1966 interdum
2913 1906 3390 1962 circumstantiam
3411 1905 3562 1959 simi-

184 1995 348 2050 nobis
368 1995 660 2066 offerrent,
680 2000 737 2051 et
755 2001 819 2052 ut
845 1999 1195 2054 mentionem
1223 2000 1396 2054 etiam
1439 2002 1691 2056 facerent
1731 2018 1827 2056 no-

187 2091 438 2143 strarum
473 2090 978 2158 Constitutionum,
1005 2109 1143 2164 quas
1174 2110 1278 2163 pro
1309 2094 1702 2148 emendatione
1733 2111 1825 2150 ve-

186 2182 323 2235 teris
342 2182 495 2252 juris
514 2184 1019 2256 promulgavimus,
1053 2191 1109 2240 et
1136 2186 1212 2240 ita
1238 2193 1641 2258 componerent
1659 2187 1829 2242 libros

184 2277 434 2344 quatuor
449 2275 671 2329 futuros
691 2277 875 2347 prima
891 2279 1172 2333 elementa
1193 2279 1363 2333 totius
1385 2279 1665 2351 isagoges,
1683 2297 1831 2351 quos

184 2368 378 2421 vocari
397 2367 658 2423 Instituta
682 2370 863 2424 visum
885 2374 996 2439 est;
1026 2387 1193 2442 quam
1214 2388 1349 2425 sane
1373 2372 1613 2442 legitimi
1647 2373 1832 2444 operis

185 2463 414 2530 partem
469 2463 838 2533 compositam
881 2464 1042 2517 nobis
1087 2465 1430 2534 obtulerunt,
1466 2470 1522 2519 et
1559 2482 1664 2520 nos
1708 2482 1833 2520 eam

187 2555 366 2607 totam
393 2556 806 2610 consideratam
835 2574 869 2610 a
894 2557 1076 2627 nobis,
1107 2562 1162 2612 et
1187 2574 1546 2628 perpensam,
1570 2563 1833 2630 recteque

187 2645 404 2702 habere
445 2648 644 2717 visam,
676 2650 880 2704 nostris
926 2650 1178 2705 sensibus
1222 2668 1337 2706 non
1381 2652 1673 2722 indignam
1716 2669 1833 2706 esse

176 2739 590 2809 judicavimus,
625 2745 681 2795 et
719 2759 822 2813 pro
853 2744 1056 2798 nostris
1082 2745 1283 2798 haberi
1311 2745 1831 2813 Constitutionibus,

187 2837 244 2887 et
258 2839 593 2889 nostrarum
615 2836 1096 2891 Constitutionum
1114 2838 1289 2891 robur
1305 2839 1510 2894 habere
1524 2839 1799 2909 jussimus
1818 2856 1831 2892 :

184 2927 341 2996 quod
389 2931 449 2982 et
479 2943 544 2982 ex
573 2927 661 2982 his
690 2944 818 3000 qua:
845 2930 904 2983 in
929 2930 1223 3000 prooemiis
1249 2931 1505 3000 ejusdem
1535 2932 1837 2986 voluminis

185 3019 588 3088 disseruimus,
620 3022 885 3075 omnibus
915 3023 1282 3078 manifestum
1307 3024 1560 3079 fecimus.
1591 3056 1658 3064 —
1688 3026 1720 3096 §
1752 3028 1833 3079 12.

185 3112 278 3166 Sic
306 3113 505 3184 itaque
535 3114 692 3168 omni
722 3115 965 3169 Romani
984 3116 1130 3186 juris
1162 3116 1526 3187 dispositione
1555 3118 1834 3184 ordinata,

1927 2010 2181 2065 litudinis
2201 2009 2389 2079 aliqua
2415 2005 2798 2080 causarelicta
2825 2005 2928 2058 est.
2947 2031 3015 2041 —
3036 2002 3069 2071 §
3095 2004 3179 2055 l5.
3202 1999 3562 2054 Contrariam

1931 2107 2122 2158 autem
2143 2102 2263 2156 aliis
2290 2100 2512 2172 legibus
2530 2099 2715 2168 legem
2737 2113 2804 2152 ex
2823 2095 2913 2150 his
2929 2111 3056 2166 quae
3073 2094 3132 2147 in
3152 2093 3258 2146 hoc
3278 2091 3564 2145 volumine

1931 2197 2129 2269 positae
2176 2199 2309 2249 sunt
2346 2209 2465 2248 non
2508 2191 2670 2246 facile
2710 2190 2837 2262 quis
2877 2186 3172 2258 repererit,
3203 2185 3248 2238 si
3289 2185 3456 2238 modo
3495 2183 3566 2238 ad

1932 2305 2128 2344 omnes
2149 2285 2560 2342 contrarietatis
2579 2284 2718 2338 fines
2731 2282 2985 2337 animum
3004 2279 3295 2334 intendere
3315 2277 3564 2339 festinet,

1934 2383 2028 2436 sed
2060 2383 2206 2435 inest
2231 2379 2443 2451 aliquid
2465 2379 2771 2442 diversum,
2790 2373 2943 2445 quod
2963 2376 3318 2441 assumptum
3339 2369 3568 2424 alterius

1935 2473 2157 2546 generis
2180 2473 2323 2527 forte
2344 2472 2487 2525 hanc
2509 2476 2565 2525 et
2578 2470 2735 2523 illam
2762 2467 2905 2537 legis
2930 2464 3271 2536 positionem
3291 2477 3567 2534 apparere

2020 2586 2117 2622 16L

1932 2569 2117 2622 faciet.

2006 2663 2037 2732 §
2061 2663 2145 2715 l6.
2179 2659 2288 2715 Sed
2317 2661 2374 2712 et
2403 2657 2449 2710 si
2472 2656 2604 2728 quid
2632 2655 2778 2709 forte
2801 2651 3248 2724 praetermissum
3265 2654 3348 2705 est
3366 2664 3569 2704 eorum

1934 2771 2060 2826 quae
2091 2753 2223 2824 poni
2254 2751 2537 2805 debebant
2568 2749 2729 2818 (forte
2756 2746 2910 2800 enim
2947 2749 3005 2799 et
3041 2743 3253 2815 aliquid
3277 2743 3390 2796 tale
3429 2757 3567 2796 con-

1933 2846 2064 2916 tigit
2089 2849 2323 2916 propter
2343 2843 2608 2896 humanae
2634 2839 3073 2894 imbecillitatem
3100 2836 3362 2906 natura),
3389 2833 3571 2888 multo

1936 2955 2069 2994 sane
2114 2937 2316 2992 melius
2366 2941 2452 2991 est
2498 2934 2706 2988 nostris
2755 2931 2992 2986 subditis
3039 2929 3232 2984 multis
3276 2927 3572 2982 inutilibus

1938 3031 2164 3086 liberari
2191 3027 2474 3102 [legibus],
2498 3028 2634 3082 dum
2653 3025 2948 3097 privantur
2965 3024 3112 3078 forte
3135 3020 3324 3093 paucis
3345 3020 3574 3092 quibus-

1941 3126 2071 3180 dam
2101 3140 2230 3196 quae
2269 3122 2606 3178 videbantur
2638 3119 2864 3184 idonea,
2896 3116 3244 3188 myriadibus
3271 3130 3450 3186 prope
3480 3113 3571 3168 in-

185 3210 244 3258 et
286 3206 352 3259 in
399 3207 586 3260 tribus
620 3207 856 3278 integris
901 3213 957 3262 et
997 3208 1380 3264 voluminibus
1412 3215 1467 3264 et
1490 3211 1653 3264 annis
1683 3216 1838 3265 tanto
1861 3261 1911 3285 n
1938 3217 2114 3271 ﬁnitis
2139 3216 2355 3271 defossa
2387 3220 2442 3270 et
2471 3213 2744 3285 deposita,
2764 3218 2820 3265 et
2838 3209 3055 3265 nemini
3080 3209 3224 3263 forte
3249 3205 3576 3262 mortalium

740 3261 774 3278 υ
912 3261 953 3262 η
1013 3261 1056 3262 re
1420 3261 1464 3264 η
1938 3261 2113 3271 ...ιη-υ
2141 3261 2355 3271 υ-νηυη
2389 3261 2442 3270 ν-
2473 3261 2744 3285 “rum.
2770 3261 3054 3265 η--ντν--κ
3207 3261 3215 3262 κ

184 3314 367 3369 opere
413 3299 663 3370 perfecto
698 3301 865 3371 (quod
893 3301 1054 3355 nobis
1099 3302 1170 3356 ab
1211 3302 1369 3356 initio
1403 3319 1632 3357 omnem
1679 3261 2348 3374 spemCanimadversa.
2381 3338 2449 3346 ——-
2495 3307 2528 3376 §
2578 3310 2660 3360 l7.
2712 3305 2860 3358 Hauc
2903 3303 3056 3357 enim
3105 3301 3178 3355 ob
3221 3317 3451 3355 causam
3493 3304 3578 3354 tot

185 3393 494 3462 excedere,
523 3393 670 3448 circa
695 3393 867 3449 ﬁnem
893 3398 1103 3462 autem,
1127 3413 1258 3450 cum
1280 3396 1400 3466 jam
1426 3397 1836 3468 penetrabilem
1937 3404 2094 3458 libris
2132 3419 2276 3474 quos
2321 3407 2489 3455 antea
2527 3397 2692 3452 scribi
2731 3395 3026 3467 oportebat
3055 3393 3308 3448 destituti
3328 3392 3572 3462 judices,

181 3501 308 3540 esse
331 3502 463 3540 rem
491 3486 803 3556 demimus,
828 3503 899 3542 ne
923 3488 980 3542 in
1000 3488 1196 3543 decem
1219 3490 1448 3560 quidem
1468 3490 1630 3545 annis
1656 3495 1837 3545 totum
1937 3498 2155 3552 facilius
2181 3513 2251 3551 ex
2276 3492 2626 3566 paucissimis
2656 3490 2804 3562 juris
2837 3487 3164 3543 auctoribus
3207 3491 3266 3539 et
3301 3485 3461 3539 libris
3503 3485 3575 3540 ad

179 3579 413 3633 absolvi
443 3595 608 3650 posse
635 3580 970 3652 videbatur),
1003 3586 1161 3636 tanta
1191 3599 1326 3653 ergo
1359 3583 1534 3638 trium
1557 3601 1838 3640 annorum
1938 3592 2111 3646 ﬁnem
2137 3590 2324 3645 litium
2350 3584 2774 3659 perveniebant,
2799 3586 2856 3637 et
2870 3581 3085 3653 judicia
3111 3579 3464 3646 decidebant,
3487 3579 3574 3634 vel

179 3671 527 3727 celebritate
550 3679 942 3728 consummato
974 3691 1166 3746 opere,
1198 3681 1254 3730 et
1279 3677 1381 3730 hac
1409 3693 1579 3748 opera
1600 3679 1838 3733 Domino
1939 3687 2170 3757 propter
2195 3682 2450 3752 inopiam
2476 3680 2771 3747 librorum,
2799 3676 2886 3730 vel
2913 3675 3050 3747 quia
3074 3691 3192 3728 non
3219 3672 3576 3727 sufﬁciebant

180 3766 307 3820 Deo
341 3765 558 3835 oblata,
597 3766 695 3838 qui
726 3767 878 3821 dedit
906 3773 962 3822 et
985 3785 1179 3838 pacem
1207 3785 1397 3840 agere,
1419 3777 1474 3825 et
1492 3771 1642 3825 bella
1661 3772 1834 3826 felici-
1939 3777 2132 3832 multis
2174 3775 2460 3830 laboribus
2500 3773 2572 3826 ad
2613 3769 2951 3825 invenienda
2979 3768 3158 3822 multa
3187 3766 3346 3822 utilia
3377 3781 3573 3821 neces-

176 3862 275 3914 ter
302 3858 585 3929 dirigere,
622 3863 678 3913 et
707 3859 861 3930 leges
888 3876 1100 3930 ponere
1125 3863 1432 3931 praeterito,
1463 3865 1750 3934 praesenti,
1785 3869 1840 3919 et
1940 3871 2122 3940 sariis,
2155 3874 2212 3924 et
2235 3869 2448 3923 viribus
2477 3869 2639 3922 erant
2678 3865 2942 3935 impares.
2986 3862 3046 3915 In
3093 3859 3357 3932 praesenti
3382 3862 3574 3914 autem

174 3953 393 4007 futuro
421 3953 686 4024 tempori,
707 3953 929 4022 justum
959 3969 1078 4007 esse
1106 3956 1428 4025 putavimus
1457 3957 1721 4012 omnibus
1742 3958 1840 4013 ho-
1941 3962 2423 4020 consummatione
2466 3959 2750 4014 maximus
2788 3958 2982 4028 legum
3020 3954 3398 4009 obtinentium
3436 3969 3574 4007 con-

174 4045 452 4100 minibUS
504 4045 688 4099 facere
739 4046 1103 4101 manifestum
1146 4051 1402 4102 ηοεὶτυιῑι
1446 4049 1504 4103 in
1544 4051 1630 4105 his
1673 4051 1840 4106 rebus
1943 4064 2131 4131 gestus
2152 4061 2235 4111 est
2253 4071 2528 4110 numerus
2555 4069 2623 4107 ex
2644 4052 2803 4107 libris
2830 4051 2990 4118 raris,
3010 4053 3068 4103 et
3087 4048 3186 4120 qui
3211 4047 3304 4102 vix
3330 4047 3576 4102 inveniri

176 4139 457 4194 εῒυάίυω
507 4139 676 4193 είωυῙ
729 4143 786 4193 8t
831 4141 1260 4212 Pl‘OVidentiem,
1293 4143 1575 4213 quomodo
1628 4161 1840 4217 nempe
1940 4151 2248 4224 potuerint,
2279 4155 2335 4204 et
2361 4165 2604 4221 quorum
2643 4163 2745 4201 nec
2783 4144 3015 4199 nomina
3056 4158 3161 4197 nec
3205 4140 3573 4196 eruditissimi

173 4233 383 4304 priori
410 4231 574 4286 soluti
601 4233 1044 4303 perturbatione,
1074 4239 1131 4288 et
1155 4235 1501 4304 confusione,
1537 4241 1592 4292 et
1619 4239 1838 4293 nullum
1942 4245 2174 4317 quidem
2196 4245 2254 4298 in
2274 4243 2495 4314 legibus
2511 4241 2833 4312 complures
2847 4238 3115 4292 homines
3129 4236 3579 4299 noverant.0uo-

174 4327 379 4381 tinem
407 4325 650 4379 habente
667 4326 817 4396 juris
845 4327 1144 4398 positione,
1171 4330 1325 4382 usuri
1355 4335 1488 4384 sunt
1513 4333 1745 4400 posthac
1766 4334 1842 4388 le-
1942 4355 2072 4394 rum
2105 4355 2236 4393 sane
2262 4338 2481 4407 copiam
2523 4337 2643 4406 [seu
2687 4332 3006 4400 materiam]
3038 4330 3199 4385 nobis
3223 4329 3576 4383 uberrimam

173 4421 368 4492 gibus
417 4419 603 4486 rectis,
633 4421 1072 4492 compendiosis,
1106 4427 1162 4476 et
1203 4424 1466 4478 omnibus
1503 4427 1574 4480 ad
1607 4443 1842 4482 manum
1942 4433 2122 4487 dictus
2147 4430 2578 4502 gloriosissimus
2593 4426 2964 4481 Tribonianus
2992 4423 3235 4494 praebuit
3258 4421 3576 4476 multorum

172 4513 506 4586 promptis,
534 4516 590 4567 et
615 4512 803 4568 litium
827 4516 1226 4586 compendium
1257 4517 1642 4590 afferentibus,
1666 4526 1721 4575 et
1739 4538 1840 4592 pa-
1942 4525 2242 4593 librorum,
2273 4527 2330 4577 et
2353 4523 2451 4594 qui
2476 4521 2569 4575 vix
2594 4517 2883 4574 numerari
2919 4521 3178 4588 possunt,
3217 4513 3577 4586 suppeditata

170 4607 357 4674 ratis,
379 4611 552 4678 atque
573 4607 839 4678 expositis
859 4609 1121 4664 omnibus
1144 4609 1510 4684 [hominibus]
1530 4614 1601 4669 ad
1614 4614 1839 4670 facilem
1858 4629 1917 4701 D
1941 4617 2327 4683 multitudine,
2371 4616 2575 4687 quibus
2624 4612 2887 4668 omnibus
2923 4610 3169 4682 perfecte
3219 4608 3397 4673 lectis,
3437 4623 3574 4662 con-

171 4701 1341 4774 acquisitionem,necampliusegentibus
1357 4707 1551 4761 multis
1565 4700 1892 4785 pecuniis,“
1948 4715 2102 4784 gesta
2129 4710 2407 4765 sunthaec
2435 4706 2751 4773 volumina;
2794 4704 2893 4758 sed
2927 4720 2997 4757 ex
3035 4703 3243 4756 horum
3285 4700 3478 4755 multis
3521 4705 3580 4755 et

171 4801 248 4851 ut
279 4795 530 4850 illorum
566 4794 854 4849 inutilium
886 4796 1163 4851 librorum
1189 4805 1502 4870 congerant
1524 4803 1842 4859 multitudi-
1947 4805 2111 4859 variis
2141 4805 2203 4858 hi
2229 4804 2328 4874 qui
2371 4820 2404 4856 a
2441 4801 2604 4856 nobis
2629 4800 2700 4854 ad
2736 4799 2842 4852 hoc
2867 4795 3199 4867 congregati
3232 4799 3416 4861 erant,
3445 4809 3578 4848 cum

170 4906 364 4957 nem,
397 4887 494 4942 sed
519 4888 787 4943 vilissima
815 4891 1074 4960 pecunia,
1104 4895 1223 4946 tam
1251 4893 1547 4949 ditioribus
1579 4913 1750 4968 quam
1778 4915 1847 4954 ex
1947 4899 2089 4954 nihil
2109 4897 2455 4952 invenissent
2470 4895 2762 4960 idoneum,
2783 4897 2882 4946 aut
2896 4905 3105 4946 novum
3119 4889 3189 4943 ab
3209 4887 3298 4942 his
3315 4903 3443 4959 quae
3455 4887 3579 4958 jam

169 4983 467 5040 tenuiore
486 4981 750 5053 profectis
768 4983 1129 5054 patrimonio,
1145 4987 1366 5057 copiam
1382 4988 1468 5042 sui
1486 4992 1849 5062 comparandi
1949 4996 2296 5064 congregata
2322 4995 2500 5056 erant,
2533 4988 2846 5044 illationem
2873 5001 2941 5040 ex
2961 4984 3049 5038 his
3076 4983 3136 5037 in
3163 4983 3272 5037 hoc
3298 4996 3470 5052 opere
3492 4981 3578 5036 fa-

171 5075 618 5150 prsebentibus.
649 5106 718 5115 —
747 5077 779 5147 §
814 5079 895 5131 l3.
925 5077 978 5132 Si
1008 5078 1148 5150 quid
1173 5085 1362 5135 autem
1391 5098 1459 5136 ex
1486 5084 1849 5141 multitudine
1950 5087 2207 5142 ciendam
2231 5085 2445 5157 optimo
2477 5083 2668 5137 animo
2691 5082 3052 5151 respuerunt.

169 5189 253 5227 ea
308 5185 452 5241 quae
487 5185 640 5223 nunc
671 5175 937 5241 congesta
968 5177 1070 5241 est,
1100 5178 1156 5227 et
1199 5190 1269 5229 ex
1306 5176 1476 5230 tantis
1504 5178 1850 5249 myriadibus
2021 5182 2054 5252 §
2087 5185 2170 5235 18.
2200 5180 2254 5236 Si
2274 5195 2407 5234 vero
2435 5183 2632 5249 postea
2652 5174 2865 5246 aliquid
2893 5171 3024 5227 novi
3047 5173 3581 5239 controverteretur,

171 5264 470 5329 collecta,
499 5262 779 5318 videbitur
815 5281 933 5318 esse
964 5265 1148 5320 simile
1191 5267 1270 5336 [et
1314 5270 1683 5344 geminatum]
1723 5273 1852 5342 (hoc
1951 5277 2103 5348 quod
2133 5292 2246 5328 non
2292 5272 2588 5345 apparebit
2627 5269 2849 5341 legibus
2893 5267 2979 5321 his
3018 5263 3354 5334 inscriptum
3384 5263 3586 5336 (multa

167 5362 406 5414 autem
432 5361 698 5426 putamus
717 5361 909 5413 ratum
935 5362 1090 5431 esse),
1113 5365 1368 5417 attamen
1396 5363 1663 5420 humanae
1693 5373 1852 5422 natu-
1953 5371 2107 5425 enim
2133 5384 2339 5424 novare
2365 5366 2518 5421 novit
2542 5364 2781 5434 natura),
2810 5361 2904 5416 sed
2934 5357 3243 5430 imperium
3272 5358 3420 5412 Deus
3448 5373 3584 5429 pro-

171 5468 276 5507 rae
298 5448 800 5520 [imbecillitatem]
819 5452 1322 5526 considerantibus,
1338 5473 1451 5511 non
1467 5464 1628 5513 extra
1639 5460 1852 5531 justam
1952 5470 2079 5537 pter
2103 5465 2208 5518 hoc
2237 5461 2510 5534 imposuit
2532 5457 2875 5524 hominibus,
2904 5457 2970 5509 ut
2995 5451 3351 5523 emergentia
3371 5457 3427 5506 et
3445 5451 3589 5522 legis

167 5543 543 5618 apologiam
580 5560 652 5599 ne
679 5545 786 5599 hoc
814 5546 1046 5617 quidem
1083 5548 1368 5604 videbitur
1407 5567 1563 5619 esse;
1606 5554 1665 5608 in
1693 5555 1852 5610 nullo
1954 5558 2179 5631 egentia
2220 5557 2346 5628 lege
2386 5553 2635 5622 deﬁniat,
2671 5554 2728 5606 et
2765 5551 3031 5605 humanae
3056 5549 3279 5601 naturai
3305 5547 3588 5600 incertum

172 5637 375 5696 enim
393 5635 654 5692 aberrare
677 5639 796 5709 [seu
819 5639 876 5692 in
899 5640 1161 5695 omnibus
1181 5642 1736 5714 irreprehensibilem
1755 5665 1854 5704 seu
1954 5649 2189 5720 repleat,
2217 5651 2273 5701 et
2297 5644 2461 5700 certis
2486 5641 2782 5697 concludat
2805 5639 3030 5710 legibus
3055 5653 3121 5690 ac
3148 5635 3379 5706 regulis,
3402 5647 3588 5702 neque

170 5729 704 5790 inemendabilem
733 5733 896 5803 esse],
929 5733 1130 5789 divina:
1159 5735 1356 5807 utique
1382 5737 1574 5808 solius,
1597 5757 1718 5795 non
1748 5759 1852 5797 au-
1954 5742 2060 5796 hoc
2089 5745 2346 5796 nostrum
2382 5752 2534 5792 nunc
2570 5734 2830 5803 dicimus,
2860 5732 2959 5787 sed
2987 5731 3112 5802 jam
3149 5727 3405 5782 omnium
3438 5723 3588 5794 juris

170 5835 331 5884 tem
387 5823 643 5879 mortalis
681 5829 767 5879 est
813 5827 1137 5882 constantiae
1182 5829 1300 5898 [seu
1351 5829 1611 5904 roboris],
1650 5849 1853 5905 quem-
1957 5835 2312 5892 conditorum
2340 5831 2438 5906 qui
2458 5830 2593 5885 olim
2618 5829 2965 5895 claruerunt,
2996 5819 3468 5897 prudentissimus
3485 5818 3584 5872 Ju-

168 5916 529 5980 admodum
557 5923 614 5975 et
639 5934 674 5973 a
693 5918 1002 5988 majoribus
1027 5921 1242 5977 dictum
1267 5928 1352 5978 est
1383 5939 1396 5978 :
1429 5923 1631 5981 deinde
1653 5931 1736 5983 est
1754 5928 1854 5984 ubi
1956 5929 2138 5985 lienus
2164 5930 2268 5984 hoc
2295 5917 2482 6000 ipsum
2509 5925 2730 5980 videtur
2754 5922 2981 5988 dixisse,
3003 5917 3103 5992 qui
3131 5920 3189 5971 et
3213 5915 3282 5969 ab
3307 5909 3590 5984 imperiali

547 6015 823 6080 Pyram"
869 6016 1106 6086 LXXII.
3197 6019 3276 6078 35
