4088 6460
532 437 668 490 1099
942 424 947 427 ’
1655 416 1905 474 διΕΟΗΙᾸ
1944 411 2135 469 SEXTI

2384 400 2724 461 EMENTUM.
3833 380 3861 430 1
3889 377 3998 432 100

521 539 847 598 auctoritate
912 535 1179 607 implorat
1221 532 1344 587 ﬁeri
1400 531 1591 601 legum
1649 526 2023 599 repletionem
2076 521 2137 575 in
2158 531 2215 604 Α
2233 522 2424 573 torum
2444 505 2950 585 paratitlorum(11t
2977 498 3334 607 οοιινξῐξξθηε
3356 495 3475 600 δξῐ)
3498 489 4002 607 δεθτξδθξξινω

524 581 847 598 ιι“νιυ⁵⁸”“υν
913 581 1107 607 ὐτ-ν’
1121 581 1179 589 ’.⁷
1224 581 1344 587 ’“““”’
1401 581 1487 601 _'C)
1504 581 1590 584 "‘"7
1690 581 1738 599 ‘1'
2446 581 2464 585 .-

524 629 945 703 emergentibus
971 624 1433 698 ambiguitatibus
1472 628 1528 677 et
1565 618 1998 692 questionibus;
2040 614 2137 668 sed
2158 581 2215 604 η
2235 609 2445 665 luerint
2461 621 2660 673 usum;
2690 600 2842 656 aliud
2862 601 3057 653 autem
3069 593 3219 649 nihil
3242 589 3507 647 omnino
3528 601 3621 640 ne
3646 581 4000 639 tantillum

2320 701 2329 703 _
2355 701 2365 703 _
2545 699 2555 703 -
2787 693 2809 703 ι.
3204 700 3391 703 _,,,_l__
3435 681 3588 703 _1__...
3622 674 3977 703 ,Αλζιζεηιξο

525 674 945 703 υιιιυιον-νικυν
972 674 1358 698 --ι-σσυ------
1375 674 1429 679 -ν
1479 674 1523 677 ν
1574 674 1683 692 ιηη
1982 674 1995 685 ι

525 730 581 780 et
623 726 688 779 D.
729 721 1005 777 Adrianus
1047 720 1157 790 piae
1204 716 1512 783 memoriae,
1544 713 1768 785 quando
1813 726 1899 779 ea,
1942 723 2069 779 quae
2106 722 2140 758 a
2236 701 2468 774 quidem
2510 699 2658 752 circa
2687 711 2755 749 ea
2780 693 2986 758 facere,
3016 704 3123 743 nec
3152 700 3400 741 rursum
3428 681 3592 736 dare
3621 674 4001 737 seditionis,

2671 788 2677 790 _
2862 789 2866 790 ,
2934 782 2943 790 .
2997 780 3025 790 Α
3076 780 3110 790 ..
3333 774 3426 790 ’.οι
3504 771 3670 790 1⁸ης-
3736 767 4001 790 1--21.--,

522 815 852 889 praetoribus
873 767 1176 884 quotannis
1199 809 1380 865 edicta
1396 767 1624 862 fuerant
1643 802 1802 877 brevi
1817 767 2142 870 complexus
2238 767 2296 849 et
2348 788 2732 857 dubitationis,
2778 789 2878 839 aut
2928 780 3170 836 inﬁnitae
3222 771 3674 831 multitudinis
3736 767 4003 840 legibus

2403 885 2412 889 _
2638 880 2689 889 ..
2850 877 2866 889 ει
2980 879 2989 889 .
3107 873 3151 889 σν
3204 867 3429 889 ,__13___:
3489 863 3691 889 -.ι;-ι;
3744 862 3998 889 οηηιιηηηη

528 862 611 963 ζεῖ
633 908 841 973 libello,
859 862 1146 975 assumpto
1165 903 1235 957 ad
1252 902 1313 955 id
1332 918 1403 971 op
1429 900 1544 954 imo
1563 872 1798 961 Iuliano,
1814 895 1871 948 in
1891 862 2141 947 oratione
2238 885 2607 951 occasionem,
2634 880 2695 934 id
2719 877 2872 949 quod
2898 879 3068 930 antea
3103 873 3167 927 in
3196 867 3435 940 antiqui
3485 863 3699 920 edicti
3744 862 4002 916 factum

529 953 611 963 νυ*
634 953 1138 975 ···”·“ῖ’-----ι-νν
1166 953 1312 957 -“--ί
1344 953 1394 971 κς
1786 953 1796 961 ι

526 1017 696 1072 quam
711 1000 771 1052 in
788 1012 1088 1053 commune
1101 994 1297 1049 habuit
1312 994 1371 1047 in
1390 991 1606 1047 seniore
1623 990 1819 1055 Roma,
1838 987 1943 1041 hoc
1957 984 2145 1054 ipsum
2242 982 2327 1034 est
2368 973 2742 1035 ordinatione,
2770 971 2851 1024 ita
2888 972 2952 1023 ut
2990 965 3134 1021 illud
3170 960 3622 1017 brevissimum
3666 953 4003 1010 constitu-

2547 1065 2639 1072 _...
2777 1063 2810 1072 ..
3250 1052 3553 1072 .,,,3-__-_.
3622 1046 4000 1072 .1:£l.'....-...t:-

528 1046 696 1072 ἰκνκ-
714 1046 771 1052 ---
792 1046 1085 1053 νν--η--ν-η
1101 1046 1203 1049 ——~—
1222 1046 1270 1048 η
1284 1046 1291 1047 ί
1316 1046 1367 1047 νίν
1430 1046 1437 1047 ί
1805 1046 1816 1055 ι
1980 1046 1999 1054 -

528 1108 751 1164 quoque
775 1091 853 1144 ait
875 1107 888 1145 :
911 1089 1039 1145 utsi
1065 1087 1197 1159 quid
1220 1088 1428 1157 praeter
1443 1084 1499 1138 id
1519 1083 1667 1155 quod
1686 1082 1806 1151 jam
1824 1077 2145 1132 ordinatum
2240 1076 2365 1127 tum
2414 1085 2481 1124 ex
2533 1063 2920 1121 differentium
2969 1052 3562 1114 commentariorum
3616 1046 4008 1103 differentia

2399 1160 2435 1164 __
2570 1158 2601 1164 ,Α
2653 1161 2659 1164 .
2729 1156 2739 1164 .
2818 1154 2829 1164 .
2881 1152 2909 1164 η
2962 1151 2995 1164 ι.
3205 1152 3219 1164 Α
3283 1163 3292 1164 ,
3319 1145 3574 1164 jl__-1___
3614 1137 3973 1164 __-1L:a.-.1:

531 1137 750 1164 ‘1‘"1"
775 1137 888 1145 “"-
917 1137 974 1145 ~"
995 1137 1039 1143 --
1068 1137 1419 1159 1“"r""’—
1445 1137 1483 1138 η
1534 1137 1555 1155 ,1.
1686 1137 1707 1151 υ

529 1188 614 1240 est
625 1182 933 1249 emerserit,
948 1181 1285 1236 conveniens
1299 1182 1382 1232 est
1394 1193 1486 1231 eos
1498 1174 1666 1246 quiin
1675 1171 2006 1242 magistratu
2018 1169 2148 1221 sunt
2244 1178 2347 1217 seu
2383 1158 2701 1215 diversitate
2726 1156 2786 1209 in
2815 1151 3099 1208 inﬁnitam
3127 1145 3576 1203 extenderetur
3614 1137 4005 1196 multitudi-

2750 1246 2759 1249 _
2859 1246 2875 1249 _
3121 1241 3138 1249 ε
3167 1241 3178 1249 ι
3406 1237 3431 1249 ιι
3556 1235 3569 1245 ο
3584 1238 3596 1249 ι
3681 1233 3694 1244 ο
3914 1248 3949 1249 κ
3964 1247 3977 1249 μ
3988 1230 4001 1249 1

532 1230 1277 1249 ----...--_----,--_._-_-m,
1406 1230 1443 1231 η
1514 1230 1536 1246 ι
1772 1230 1804 1242 ν

478 1316 489 1320 ~
527 1277 667 1331 illud
693 1274 880 1331 conari
909 1273 1189 1341 decidere,
1211 1276 1267 1326 et
1290 1267 1607 1325 remedium
1631 1267 1921 1336 imponere
1948 1274 2145 1315 secun-
2245 1270 2398 1309 nem.
2417 1251 2476 1307 Si
2505 1249 2641 1322 quid
2673 1246 2826 1302 enim
2851 1246 2996 1299 forte
3026 1241 3379 1312 ambiguum
3399 1235 3609 1291 fuerit
3628 1233 3893 1301 visum,
3912 1230 4007 1285 vel

530 1370 669 1424 dum
706 1326 907 1423 eorum
918 1326 1069 1436 ique;
1082 1326 1203 1435 jam
1229 1362 1493 1417 ordinata
1525 1363 1657 1415 sunt
1692 1326 2150 1425 consequentiam
2245 1345 2433 1401 litium
2457 1339 2846 1407 certatoribus,
2863 1337 2954 1391 vel
2972 1333 3062 1390 his
3082 1333 3185 1405 qui
3204 1331 3386 1386 rebus
3409 1326 3807 1399 judicandis
3832 1340 4003 1395 prae-

539 1417 1071 1533 [imitationemi—;
1082 1417 1254 1526 u§l9.
1284 1456 1409 1509 Haec
1455 1452 1628 1523 igitur
1665 1464 1859 1504 omnes
1877 1417 2152 1515 -(dicimus
2250 1442 2399 1504 sunt,
2427 1437 2533 1490 hoc
2559 1433 2870 1504 imperator
2895 1424 3385 1497 interpretabitur
3415 1423 3599 1475 recte
3627 1435 3647 1473 :
3673 1434 3848 1473 nam
3870 1417 4008 1469 hinc

532 1509 722 1608 autem
743 1569 859 1621 vos,
883 1509 1079 1620 magni
1105 1509 1329 1602 senatus
1357 1550 1412 1600 et
1439 1509 1634 1599 omnes
1659 1546 1866 1597 nostrae
1889 1509 2150 1608 reipubli-
2249 1530 2487 1585 facultas
2501 1526 2581 1581 illi
2601 1525 2704 1580 soli
2719 1522 2989 1593 alegibus
3004 1517 3291 1591 permissa
3310 1518 3427 1571 est.
3442 1517 3687 1584 Itaque
3706 1509 4008 1582 quisquis

534 1663 613 1700 cae
644 1644 921 1714 homines)
948 1642 1371 1712 cognoscentes,
1402 1636 1644 1708 gratiam
1668 1633 1899 1705 quidem
1922 1628 2153 1684 conﬁte-
2254 1638 2423 1678 ausus
2446 1619 2618 1674 fuerit
2646 1617 2717 1671 ad
2741 1616 2891 1670 hanc
2918 1616 3175 1668 nostram
3205 1610 3417 1679 legum
3446 1603 4009 1675 compositionem

536 1737 678 1792 mini
722 1738 851 1803 Deo,
897 1700 994 1805 qui
1020 1700 1247 1788 Unostris
1290 1700 1638 1801 temporibus
1681 1700 1904 1780 tantum
1943 1722 2156 1776 bonum
2255 1710 2728 1770 commentarium
2756 1705 2992 1777 aliquod
3017 1702 3289 1773 adjicere,
3311 1700 3497 1755 aliter
3523 1703 3737 1769 atque
3774 1701 4009 1750 nosti-aa

538 1829 802 1894 servavit;
846 1826 1070 1882 utimini
1099 1841 1231 1880 vero
1267 1822 1476 1877 nostris
1524 1820 1762 1891 legibus,
1795 1816 1937 1871 nulli
1965 1827 2159 1869 earum
2256 1807 2426 1878 hujus
2449 1802 2717 1876 jussionis
2734 1800 2922 1854 forma
2947 1794 3297 1869 praescribit,
3321 1792 3375 1847 is
3397 1791 3561 1846 sciat
3590 1789 3778 1861 quod
3806 1792 3876 1843 et
3897 1787 4009 1858 ipsi

538 1938 665 1993 quae
692 1880 973 1975 veteribus
1001 1918 1157 1972 libris
1181 1916 1465 1985 inscriptae
1491 1880 1622 1967 sunt
1651 1880 2019 1974 attendentes,
2054 1922 2151 1960 ne-
2173 1893 2230 1965 B
2252 1899 2377 1955 falsi
2401 1913 2498 1952 reo
2516 1894 2735 1966 legibus
2754 1893 2969 1961 futuro,
2992 1892 3052 1944 et
3075 1887 3239 1959 quod
3264 1882 3738 1957 composuerit,
3767 1880 4008 1953 eripie-

538 1974 647 2085 que
676 2014 747 2068 ad
782 2028 848 2067 ea
880 2027 1006 2082 quae
1038 2026 1190 2064 nunc
1226 1974 1409 2079 posita
1434 2010 1564 2061 sunt
1590 2005 1717 2058 illas
1742 2003 2154 2072 comparantes;
2253 1998 2365 2061 tur,
2399 1994 2456 2047 et
2483 1987 2663 2043 modis
2694 1984 2960 2041 omnibus
2987 1983 3430 2050 corrumpetur.
3456 2007 3538 2017 —
3564 1976 3605 2047 §
3627 1978 3740 2031 22.
3766 1974 4010 2029 Eadem

542 2106 674 2175 quia
692 2105 796 2159 etsi
821 2104 1118 2158 videantur
1135 2101 1391 2173 quaedam
1422 2097 1663 2152 invicem
1691 2111 1809 2149 non
1833 2106 2155 2155 consonare,
2254 2100 2419 2157 poena
2444 2080 2711 2152 imposita
2734 2082 2791 2133 et
2818 2077 3088 2131 adversus
3122 2089 3220 2127 eos
3249 2071 3359 2143 qui
3390 2069 3565 2124 notis
3604 2070 3743 2136 (seu
3790 2067 4009 2139 signis)

540 2160 734 2253 tamen
758 2196 916 2267 prius
941 2194 1080 2249 illud
1108 2160 1173 2248 et
1184 2192 1458 2247 vetustius
1486 2189 1648 2243 nobis
1670 2190 1736 2241 ut
1760 2183 2158 2256 imperfectum
2257 2175 2593 2249 quibusdam
2632 2173 2694 2226 in
2736 2169 3017 2241 scriptura
3053 2169 3296 2221 utentur
3343 2163 3518 2234 (quae
3571 2161 3773 2231 signa
3824 2160 4010 2229 siglas

543 2254 845 2360 displicuit,
867 2304 1017 2342 nunc
1036 2292 1222 2340 autem
1245 2286 1350 2339 hoc
1363 2284 1544 2336 visum
1566 2286 1648 2335 est
1668 2254 1869 2333 debere
1887 2276 2157 2330 obtinere.
2257 2269 2475 2337 vocant)
2506 2269 2563 2320 et
2602 2264 2701 2335 qui
2741 2278 2844 2333 per
2872 2277 2938 2315 ea
2968 2256 3320 2314 conturbare
3362 2254 3775 2324 scripturam
3809 2255 4009 2307 tenta-

544 2347 683 2437 Nain
712 2347 1076 2451 prohibemus
1113 2379 1221 2432 illis
1250 2379 1309 2431 in
1348 2379 1636 2446 posterum
1664 2371 1747 2425 uti
1780 2387 1793 2423 :
1826 2370 1948 2422 haec
1973 2371 2162 2421 autem
2257 2361 2459 2429 verint,
2488 2374 2591 2413 nec
2617 2372 2719 2428 per
2743 2360 2921 2409 totam
2949 2348 3442 2421 consequentiam
3475 2347 3865 2402 litterarum
3896 2361 4010 2399 nu-

546 2476 659 2529 sola
699 2473 981 2529 observari
1018 2472 1078 2525 in
1116 2469 1402 2540 republica
1431 2472 1488 2521 et
1511 2464 1764 2519 obtinere
1806 2460 2164 2515 concedimus
2260 2468 2463 2519 meros,
2479 2442 3555 2514 etnominaveterumprudentum,et
3573 2440 4012 2510 totamlegum

548 2572 605 2622 et
630 2566 940 2632 sancimus;
987 2564 1064 2617 ita
1093 2566 1157 2616 ut
1195 2562 1293 2632 qui
1329 2561 1560 2614 conatus
1596 2555 1768 2610 fuerit
1790 2570 1857 2607 ex
1888 2551 2166 2623 prioribus
2263 2545 2600 2617 positionem
2653 2538 3004 2611 scripserint.
3037 2534 3235 2591 Sciant
3284 2533 3484 2588 etiam
3541 2532 3881 2587 librorum
3932 2532 4011 2584 ita

546 2659 721 2727 libris,
753 2661 811 2712 et
838 2673 956 2711 non
982 2672 1049 2711 ex
1080 2655 1168 2709 his
1195 2653 1409 2707 duobus
1437 2651 1565 2704 solis
1599 2654 1656 2702 et
1695 2645 2167 2701 Constitutionum
2265 2638 2603 2707 scriptorum
2633 2633 3052 2703 comparatores
3082 2644 3143 2681 se
3170 2626 3407 2680 inutilis
3436 2626 3584 2680 fore
3614 2624 3774 2679 libri
3809 2624 4012 2679 domi-

550 2717 731 2822 [libro']
765 2766 797 2803 a
826 2749 986 2804 nobis
1013 2745 1351 2817 compositis,
1379 2744 1466 2798 vel
1508 2741 1685 2807 factis,
1714 2738 1795 2793 uti
1834 2735 2169 2808 quibusdam
2265 2746 2397 2798 nos;
2427 2742 2610 2798 neque
2639 2725 2793 2779 enim
2824 2723 3028 2777 damus
3056 2718 3369 2775 licentiam
3419 2718 3675 2773 talibus
3730 2717 3916 2772 libris
3958 2717 4011 2769 in

549 2810 786 2913 legibus,
814 2842 901 2897 vel
927 2857 1017 2895 eas
1047 2841 1106 2895 in
1125 2810 1349 2909 judiciis
1372 2837 1581 2905 legere,
1609 2833 1697 2887 vel
1727 2831 1773 2885 si
1794 2829 1921 2901 quis
1948 2827 2168 2898 judica-
2261 2820 2486 2893 judiciis
2500 2819 2674 2888 uti,et
2692 2815 2908 2887 aliquid
2930 2830 3123 2885 agere,
3144 2810 3387 2867 etiamsi
3406 2811 3769 2883 contingat
3789 2810 4014 2865 librum

550 2931 692 2985 verit
716 2947 785 2985 ex
803 2929 893 2984 his
909 2928 1060 2998 apud
1082 2943 1138 2981 se
1162 2923 1386 2980 recitari
1406 2939 1499 2977 eas
1520 2918 1874 2992 passus,falsi
1892 2932 2022 2971 reus
2044 2914 2169 2980 erit,
2269 2914 2328 2968 in
2358 2929 2425 2967 ea
2449 2912 2571 2982 ipsa
2611 2914 2771 2981 parte
2798 2923 2927 2979 quae
2968 2905 3249 2961 recitatur
3285 2903 3549 2958 nullum
3606 2904 3860 2958 habere
3910 2902 4015 2955 tale

554 3029 609 3078 et
628 2996 980 3095 publicorum
992 3018 1300 3073 criminum
1314 3015 1615 3085 judicatus,
1630 3016 1686 3066 et
1700 3026 1877 3081 poena:
1894 3007 2169 3063 addictus:
2270 3007 2496 3077 signum
2519 3005 2641 3073 [aut
2663 2999 2881 3071 notam]
2894 3042 2908 3066 ,
2928 2998 3027 3053 sed
3047 2998 3110 3051 in
3128 2997 3248 3052 alia
3275 3013 3678 3069 quacunque
3698 2996 3803 3051 sui
3827 3003 4014 3068 parte,

556 3089 710 3186 quod
732 3113 837 3169 etsi
862 3129 977 3166 non
1002 3111 1336 3176 diceremus,
1356 3108 1443 3161 vel
1460 3122 1529 3159 ex
1551 3106 1654 3158 hoc
1678 3104 1797 3173 ipso
1816 3100 2173 3155 manifestum
2272 3097 2528 3170 quamvis
2552 3094 2727 3148 semel
2751 3095 2979 3146 tantum
3008 3091 3066 3144 id
3097 3089 3439 3144 admissum
3474 3090 3591 3144 sit.
3642 3091 3867 3161 Itaque
3900 3090 4017 3159 ipse

557 3181 719 3261 esset.
751 3235 820 3245 —-
844 3204 875 3274 §
903 3206 993 3258 20.
1032 3201 1144 3256 Sed
1187 3205 1242 3254 et
1282 3200 1385 3252 hoc
1431 3197 1707 3267 optimum
1749 3195 1868 3249 fore
1898 3190 2174 3263 judicavi-
2198 3242 2249 3274 η
2274 3191 2503 3261 quidem
2529 3204 2661 3243 eum
2682 3186 2894 3240 librum
2914 3198 3020 3254 pro
3039 3199 3162 3237 non
3184 3182 3417 3252 scripto
3442 3198 3723 3252 prorsus
3746 3181 4019 3236 habebit.

558 3242 719 3261 ποορ.
752 3242 818 3245 —
844 3242 875 3274 δ
905 3242 993 3258 ην.
1032 3242 1144 3256 νυν.
1188 3242 1242 3254 ν.
1282 3242 1385 3252 ..νυ
1434 3242 1707 3267 erm“...
1749 3242 1866 3249 --η
1898 3242 2087 3263 ,___-_,
2127 3242 2143 3244 -
2281 3242 2436 3261 TT-
2468 3242 2501 3243 η
2546 3242 2549 3243 ,
2915 3242 2936 3254 ι
3306 3242 3328 3252 ⁵
3443 3242 3466 3252 ⁸

558 3314 705 3364 mus,
753 3310 1085 3368 preponere
1138 3293 1496 3362 Digestorum
1541 3286 1813 3342 volumini
1862 3289 1918 3340 et
1963 3242 2324 3338 veteresCIs
2370 3286 2558 3337 autem
2605 3279 2702 3349 qui
2746 3293 2879 3331 eum
2924 3275 3239 3347 scripserit,
3270 3279 3332 3329 et
3364 3274 3716 3345 ignoranti
3764 3272 4026 3345 emptori

552 3391 699 3462 juris
724 3367 1062 3455 conditores,
1093 3388 1149 3440 et
1173 3384 1402 3438 illorum
1435 3380 1744 3446 volumina,
1771 3384 1826 3433 et
1867 3377 2018 3431 unde
2064 3375 2174 3429 col-
2277 3374 2512 3440 dederit,
2541 3372 2779 3442 duplum
2808 3370 2986 3423 solvet
3013 3373 3141 3439 ejus
3167 3367 3625 3422 aestimationis
3678 3368 3740 3423 ei
3792 3368 3907 3439 qui
3950 3368 4023 3420 ita

560 3459 722 3538 lectio
755 3481 900 3536 facta
940 3479 1010 3533 sit
1052 3478 1247 3548 legum
1290 3492 1441 3529 nunc
1479 3493 1511 3528 a
1549 3472 1708 3528 nobis
1734 3474 2132 3541 congestarum
2162 3483 2176 3521 :
2277 3467 2338 3521 in
2363 3466 2671 3537 quantitate
2704 3464 2981 3518 damnum
3010 3477 3211 3531 passus
3236 3459 3456 3527 fuerit,
3486 3460 3933 3516 nihilominus
3948 3460 4027 3513 in-

562 3575 711 3646 quod
739 3576 794 3629 et
832 3572 954 3627 fieri
991 3571 1283 3642 jussimus,
1313 3573 1369 3622 et
1396 3567 1605 3621 factum
1649 3570 1764 3632 est;
1805 3569 1862 3618 et
1906 3561 2074 3616 simul
2118 3576 2183 3615 ea
2279 3559 2527 3630 ﬂigenda
2554 3555 2836 3611 criminali
2859 3570 3050 3625 pcena.
3081 3554 3200 3607 Hoc
3229 3551 3470 3607 etenim
3505 3558 3578 3608 et
3614 3554 3687 3609 in
3720 3554 3863 3609 aliis
3890 3570 4022 3608 con-

564 3644 691 3734 quaa
728 3662 795 3715 de
830 3661 918 3714 his
944 3659 1112 3712 rebus
1139 3656 1455 3726 conscripta
1475 3659 1621 3722 sunt,
1651 3651 1893 3724 supponi
1932 3649 2065 3704 huic
2095 3649 2180 3702 di-
2281 3650 2668 3706 stitutionibus
2688 3665 2753 3703 ea
2770 3648 2841 3702 de
2869 3663 2932 3701 re
2954 3645 3154 3717 positis
3186 3644 3591 3715 scripsimus,
3616 3650 3760 3701 tam
3778 3647 3882 3701 his
3902 3661 4026 3717 quas

565 3755 707 3809 vinaa
749 3758 953 3807 nostrae
997 3747 1391 3807 Constitutioni
1427 3745 1805 3818 praecipimus,
1838 3748 1898 3797 ut
1925 3740 2186 3797 omnibus
2283 3743 2481 3798 Latina
2502 3744 2926 3813 [processerunt
2966 3755 3124 3806 voce,
3156 3753 3340 3809 quam
3371 3754 3450 3792 ea
3480 3755 3643 3809 quae
3676 3741 4024 3795 Graecorum

567 3848 665 3901 ﬁat
692 3846 1072 3912 manifestum,
1092 3846 1147 3897 et
1167 3841 1305 3913 quid
1320 3838 1523 3911 prioris
1548 3835 1974 3907 inexperientiaa
1992 3833 2182 3901 simul,
2283 3836 2503 3907 lingua,
2533 3850 2706 3905 quam
2737 3832 2971 3904 quidem
3010 3831 3085 3885 ad
3125 3832 3336 3902 legum
3373 3830 3791 3901 professores
3822 3831 4022 3888 rescri-

570 3944 625 3994 et
648 3935 1061 3994 incertitudinis
1080 3938 1239 3999 esset,
1256 3938 1310 3987 et
1328 3932 1464 4002 quid
1482 3948 1514 3984 a
1529 3930 1692 3985 nobis
1710 3929 1784 3982 sit
1801 3928 2185 3982 adinventum.
2286 3929 2521 4001 psimus.

574 4031 941 4102 Legislatores
967 4034 1158 4082 autem
1188 4041 1287 4080 seu
1315 4025 1509 4094 legum
1537 4023 1874 4093 interpretes
1901 4020 2021 4074 illos
2053 4036 2187 4074 con-
2358 4021 2391 4092 §
2418 4023 2508 4075 23.
2538 4020 2665 4073 Haec
2690 4017 2870 4089 igitur
2893 4015 3195 4071 volumina
3234 4015 3728 4084 (Institutorum
3759 4024 3827 4073 et
3860 4017 4023 4087 Dige-

577 4123 872 4195 gessimus,
899 4121 995 4192 qui
1022 4119 1173 4190 apud
1209 4133 1403 4172 omnes
1430 4116 1645 4186 probati
1676 4118 1731 4168 et
1770 4113 1979 4183 recepti
2008 4116 2188 4180 erant,
2289 4118 2503 4169 storum
2534 4111 2791 4177 dicimus)
2826 4126 2897 4165 ex
2924 4110 3040 4164 ﬁne
3070 4106 3229 4163 tertii
3254 4109 3462 4163 nostri
3492 4108 3873 4167 felicissimi
3900 4126 4023 4165 con-

578 4221 635 4271 et
657 4214 939 4286 prioribus
964 4209 1398 4282 imperatoribus
1427 4209 1770 4278 placuerant,
1804 4209 1859 4260 et
1881 4205 1973 4276 qui
2004 4204 2075 4259 ab
2104 4204 2193 4258 his
2290 4208 2508 4261 sulatus
2557 4220 2725 4259 suum
2764 4203 2945 4257 robur
2984 4200 3253 4255 obtinere
3302 4202 3664 4274 sancimus,
3702 4205 3776 4260 id
3829 4209 3939 4270 est,
3966 4217 4027 4256 ει

578 4304 857 4362 nominari
894 4307 1242 4358 meruerunt.
1271 4300 1325 4357 Si
1353 4300 1504 4355 enim
1534 4298 1735 4370 aliquis
1761 4298 2014 4353 nondum
2039 4302 2191 4351 vete-
2291 4304 2421 4354 ante
2439 4297 2670 4352 tertium
2692 4295 3064 4349 calendarum
3080 4293 3516 4348 Ianuariarum
3532 4298 3887 4367 prmsentis
3905 4296 4024 4351 duo-

580 4401 734 4454 ribus
759 4394 1165 4470 legislatoribus
1191 4394 1448 4465 cognitus
1478 4397 1578 4457 est,
1606 4408 1705 4446 nos
1751 4397 1806 4445 et
1844 4390 1974 4445 huic
2018 4390 2193 4443 inter-
2293 4390 2526 4447 decima
2554 4387 2896 4453 indictionis,
2923 4387 2984 4441 in
3013 4402 3185 4440 omne
3225 4402 3433 4440 avum
3462 4389 3793 4458 valitura,
3829 4396 3890 4446 et
3926 4404 4025 4443 una

583 4493 822 4549 diximus
835 4491 1002 4561 hujus
1014 4488 1311 4543 voluminis
1327 4485 1910 4542 communicationem.
1926 4482 2197 4538 Omnibus
2296 4499 2425 4538 cum
2448 4480 2839 4552 imperialibus
2859 4478 3376 4533 constitutionibus
3406 4480 3723 4551 vigorem
3755 4489 3821 4540 et
3845 4483 4021 4538 locum

582 4604 711 4642 sane
740 4584 828 4639 hic
852 4583 1046 4656 positis
1068 4598 1247 4637 unum
1277 4580 1533 4635 ordinem
1556 4584 1609 4632 et
1633 4576 1966 4648 dignitatem
1996 4590 2197 4645 parem
2216 4594 2276 4666 D
2298 4575 2559 4631 habitura
2582 4578 2698 4628 tam
2723 4573 2785 4627 in
2809 4571 2899 4626 his
2925 4588 3056 4643 quae
3082 4576 3288 4642 postea
3330 4576 3741 4631 emerserint
3772 4593 3956 4649 quam
3982 4575 4027 4627 in

585 4679 860 4745 dedimus,
889 4675 1030 4731 nulli
1067 4675 1310 4746 cuipiam
1354 4673 1569 4742 majore
1612 4687 1780 4741 quam
1818 4668 2033 4723 caeteris
2074 4668 2202 4722 data
2222 4664 2253 4666 ί
2300 4669 2388 4724 his
2418 4683 2546 4739 quae
2571 4667 2630 4721 in
2649 4665 2879 4737 judiciis
2907 4664 3096 4719 adhuc
3125 4664 3422 4735 pendent,
3464 4684 3597 4723 nec
3628 4670 3800 4726 dum
3831 4670 4025 4725 amica-

586 4770 979 4845 praerogativa.
1014 4768 1074 4823 Si
1109 4767 1259 4822 enim
1289 4765 1377 4820 his
1419 4781 1545 4837 qua
1575 4763 1644 4817 ab
1678 4762 1787 4816 illis
1828 4761 2033 4831 scripta
2073 4763 2206 4814 sunt
2302 4762 2505 4816 bilibus
2553 4759 2762 4813 tradita
2812 4761 2946 4812 sunt
2998 4756 3560 4829 transactionibus;
3632 4765 4028 4834 quodcunque

589 4864 851 4919 omnibus
899 4860 1279 4932 imperialium
1313 4856 1783 4912 Constitutionum
1820 4853 2076 4909 dedimus
2114 4869 2202 4908 ro-
2305 4854 2459 4910 enim
2508 4853 2783 4907 hactenus
2826 4851 2913 4905 vel
2949 4850 3304 4920 judicatum,
3332 4851 3435 4905 vel
3486 4856 3903 4913 transactum
3944 4858 4026 4915 est

588 4958 716 5028 bur,
746 4956 882 5029 quid
911 4960 995 5010 est
1023 4952 1173 5025 quod
1216 4952 1276 5006 in
1322 4950 1410 5005 his
1450 4948 1693 5019 amplius
1726 4947 1993 5019 quodque
2021 4946 2207 5001 minus
2306 4945 2599 5002 retractari
2614 4961 2731 4998 non
2747 4942 3120 4997 sustinemus.
3138 4942 3329 5006 Quem
3355 4945 3639 5014 quidem
3668 4952 4028 5005 consulatum

592 5049 787 5105 haberi
816 5047 1049 5103 debeat?
2307 5040 2544 5096 tertium
2569 5037 2733 5092 nobis
2763 5034 3302 5090 nominatissimum
3349 5036 3533 5092 dedit
3577 5041 3785 5113 Deus,
3820 5039 4027 5116 quando

664 5144 809 5215 §2~L
856 5140 993 5194 Illud
1031 5140 1243 5205 autem,
1271 5136 1421 5208 quod
1459 5134 1666 5201 statim,
1695 5150 1824 5188 cum
1864 5133 2012 5188 hanc
2055 5148 2209 5186 com-
2312 5136 2371 5187 et
2412 5132 2516 5186 sub
2560 5130 2682 5201 ipso
2728 5146 2840 5200 pax
2884 5145 3019 5183 cum
3064 5127 3254 5183 Persis
3283 5129 3684 5189 conﬁrmata
3721 5143 3839 5204 est,
3872 5136 4028 5190 ethoc

664 5181 696 5215 δ
724 5181 809 5197 ...,
856 5181 993 5194 ...μυ
1031 5181 1243 5205 .....c...,
1273 5181 1421 5208 τη..
1461 5181 1666 5201 -.κη-η
1698 5181 1824 5188 η---
1864 5181 2009 5188 ..-Μ
2060 5181 2179 5186 _,___
2315 5181 2368 5187 ν,
2413 5181 2512 5186 ___
2562 5181 2674 5201 Tn
2730 5181 2840 5200 [__
2895 5181 2934 5183 τί
3081 5181 3086 5182 ί
3332 5181 3684 5189 W_____“_
3723 5181 3820 5193 ww
3875 5181 4023 5190 “Fr

596 5235 931 5309 positionem
946 5234 1137 5303 legum
1150 5229 1480 5300 congregari
1496 5227 1912 5295 mandaremus,
1920 5226 2210 5296 jussimus,
2310 5229 2533 5280 tantum
2553 5224 2748 5294 legum
2761 5221 3037 5279 volumen
3054 5221 3389 5292 repositum
3413 5229 3537 5294 est,
3560 5230 3756 5298 quod
3772 5247 3809 5284 a
3824 5181 4029 5284 nemine
4054 5248 4059 5257 ι

597 5329 803 5383 iterum
820 5333 874 5381 et
891 5342 1042 5380 nunc
1062 5323 1341 5379 sancimus
1361 5322 1497 5376 illud
1523 5318 2216 5375 conﬁrmandozomnibus
2313 5318 2598 5388 majorum
2633 5331 2891 5386 unquam
2935 5313 3335 5385 excogitatum
3380 5316 3532 5387 fuit,
3571 5326 3785 5394 atque
3819 5323 3893 5378 ad
3937 5322 4029 5374 haec

601 5419 855 5474 similiter
884 5416 1267 5473 interdicimus
1301 5432 1372 5471 ne
1411 5413 1536 5486 quis
1569 5414 1771 5467 audeat
1794 5412 2086 5466 hominum
2120 5410 2219 5482 qui
2315 5411 2481 5465 tertia
2524 5426 2653 5480 pars
2695 5407 2898 5463 mundi
2943 5407 3213 5477 (dicimus
3247 5412 3460 5464 autem
3517 5416 3746 5471 totam
3804 5414 4025 5487 Lybiam

602 5516 734 5567 sunt
784 5526 954 5576 nunc,
995 5514 1091 5563 aut
1127 5509 1186 5562 in
1228 5513 1518 5580 posterum
1560 5512 1745 5574 erunt,
1786 5503 2219 5559 commentarios
2316 5503 2525 5559 nostris
2553 5502 2819 5572 adjuncta
2863 5502 2951 5554 est
2992 5501 3260 5571 sceptris,
3292 5504 3511 5557 omnia
3541 5505 3699 5562 Ιιειτεο
3759 5528 3796 5565 a
3838 5519 4029 5564 summa
4078 5542 4079 5565 ι

602 5605 842 5662 scribere
870 5603 1075 5658 harum
1104 5602 1314 5672 legum,
1344 5604 1723 5672 praeterquam
1759 5597 1804 5652 si
1832 5599 1967 5653 velit
2001 5598 2126 5669 quis
2161 5597 2221 5652 in
2319 5597 2435 5651 Deo
2473 5598 2531 5650 et
2568 5596 2857 5651 Servatore
2896 5597 3099 5648 nostro
3155 5595 3291 5649 Jesu
3345 5595 3610 5654 Christo
3675 5604 3848 5659 dona
3900 5598 4030 5657 tertio

602 5701 850 5757 Graecam
864 5696 1121 5766 linguam
1139 5694 1259 5748 haec
1272 5694 1590 5761 transferre,
1605 5709 1775 5763 quem
1789 5691 2224 5747 etiamvolumus
2322 5694 2515 5744 nostro
2585 5688 2881 5743 consulatu
2951 5686 3201 5742 indulta.
3259 5718 3333 5727 ———
3392 5691 3500 5746 24.
3566 5693 3825 5753 Omnes
3877 5697 4027 5761 itaque

605 5795 725 5848 sola
762 5790 1072 5846 secundum
1112 5786 1315 5858 pedem
1356 5803 1454 5842 seu
1479 5794 1602 5843 κατά
1631 5793 1755 5843 πόδα
1782 5789 2105 5855 nuncupata
2140 5782 2224 5838 uti
2322 5780 2698 5836 laudatissimi
2729 5784 2938 5834 nostrae
2968 5778 3313 5850 reipublicm
3340 5782 3776 5855 Magistratus
3816 5790 4026 5846 divinam

604 5886 797 5956 legum
822 5879 1303 5952 interpretatione,
1328 5885 1385 5936 et
1409 5879 1457 5933 si
1484 5878 1621 5949 quid
1641 5879 1954 5935 secundum
1973 5877 2229 5933 nomina-
2326 5876 2474 5932 hanc
2490 5879 2742 5932 nostram
2762 5872 3139 5945 suscipientes
3158 5876 3725 5956 constitutionem,
3748 5890 3820 5943 ut
3838 5885 4026 5940 utantur
