4088 6414
164 423 284 475 llOl

159 523 435 596 praedictis
475 523 678 579 nostris
711 523 952 595 legibus,
987 526 1378 597 unusquisque
1413 526 1473 580 in
1511 543 1613 581 suo
1650 543 1752 598 pro

160 618 373 672 curabit
391 617 625 688 judicio.
658 619 940 689 Proponet
969 625 1162 674 autem
1193 637 1319 674 eam
1352 619 1412 673 in
1451 620 1702 678 maxima
1731 625 1785 675 et

158 711 309 782 regia
355 712 458 765 hac
506 711 662 778 urbe,
711 715 768 766 et
811 713 931 782 ejus
982 712 1420 784 gloriosissimus
1462 715 1782 784 przefectus.

159 806 313 859 Curae
326 809 516 858 autem
529 804 636 858 erit
646 805 1112 860 excellentissimo
1124 806 1580 860 etlaudatissimo
1592 812 1784 861 nostro

157 897 447 968 magistro,
478 901 534 952 et
560 898 974 968 gloriosissimis
999 904 1165 970 atque
1196 899 1531 953 beatissimis
1558 900 1787 970 praafec-

158 990 224 1045 tis
247 1006 537 1044 sacrorum
560 996 884 1046 nostrorum
903 992 1320 1062 praetoriorum,
1337 997 1454 1046 tam
1474 992 1532 1046 in
1551 993 1641 1046 his
1660 1009 1786 1064 quae

156 1083 224 1136 ad
249 1083 424 1136 solem
450 1083 729 1138 orientem
755 1101 927 1155 quam
951 1084 1039 1138 his
1063 1101 1191 1155 qum
1212 1085 1270 1139 in
1300 1085 1539 1156 lllyride,
1565 1101 1788 1139 necnon

159 1175 241 1230 his
271 1175 439 1230 etiam
471 1192 600 1247 quae
627 1177 685 1230 in
725 1177 897 1247 Lybia
924 1181 1075 1248 sunt,
1106 1195 1207 1249 per
1233 1195 1332 1233 sua
1359 1179 1540 1232 edicta
1569 1178 1658 1232 his
1688 1177 1786 1249 qui

159 1273 258 1327 sub
288 1273 417 1345 ipsis
457 1273 703 1328 ordinati
743 1279 875 1328 sunt
916 1281 972 1330 et
1007 1276 1111 1330 ista
1146 1277 1330 1331 facere
1370 1275 1682 1346 manifesta,
1713 1275 1785 1329 ad

157 1367 408 1421 omnium
433 1371 759 1422 nostrorum
785 1367 1138 1423 subditorum
1167 1369 1606 1424 inexcusabilem
1634 1367 1781 1423 noti-

159 1459 308 1514 tiam.
355 1460 494 1515 Data
536 1477 645 1516 xvu
691 1460 920 1516 Calend.
964 1462 1276 1532 Januarias,
1320 1461 1550 1516 domino
1589 1463 1782 1516 nostro

156 1552 464 1606 Iustiniano
495 1557 774 1626 perpetuo
803 1557 1055 1626 Augusto
1085 1571 1144 1611 ιιι
1175 1572 1290 1611 cos.
1319 1558 1443 1611 533.

167 1666 357 1675 .—.......——
371 1671 376 1673 .
387 1669 576 1677 --——...._—
589 1671 744 1679 -h-
755 1673 808 1679 —_
821 1674 906 1679 φ...-
921 1673 1144 1679 -—.--_____—
1157 1672 1780 1680 m_—-~--_—_—-

598 1753 748 1817 LIB.
796 1755 843 1831 Ι,
892 1754 1040 1819 ΤΙΤ.
1087 1754 1326 1820 XXVII.
1425 1757 1429 1760 ’

157 1857 226 1908 De
247 1856 420 1924 ofﬁcio
443 1858 691 1926 praefecti
702 1862 958 1983 pgaetorio
976 1861 1202 1985 Afrt‘ictw,
1229 1859 1364 1913 etde
1383 1860 1528 1913 omni
1547 1858 1784 1926 ejusdem

771 1946 1006 1985 zwceseos
1035 1948 1120 1985 sa
1150 1947 1202 1985 ιι.

771 1946 1006 1986 ιωσρδθοε
1035 1946 1202 1985 statu.

770 2098 897 2153 LEX
933 2099 1164 2154 PRIMA.

383 2190 452 2243 In
485 2191 698 2245 nomine
731 2192 949 2246 Domini
976 2195 1148 2246 nostri
1174 2195 1297 2247 Jesu
1323 2193 1543 2250 Christi.

224 2285 530 2355 Imperator
553 2288 738 2342 Caesar
764 2287 982 2343 Flavius
1006 2289 1372 2358 Justinianus,
1398 2287 1780 2358 Alemanicus,

158 2376 433 2446 Gothicus,
464 2379 849 2450 Germanicus,
874 2381 1191 2448 Francicus,
1219 2382 1471 2452 Anticus,
1502 2381 1779 2451 Alanicus,

158 2470 500 2541 Vandalicus,
531 2473 840 2543 Africanus,
868 2475 1018 2545 pius,
1046 2475 1202 2545 felix,
1228 2475 1489 2546 inclytus,
1519 2475 1696 2530 victor
1719 2492 1783 2530 ac

158 2562 547 2636 triumphator,
591 2582 815 2638 semper
854 2569 1159 2639 Augustus,
1200 2568 1474 2624 Archelao
1515 2569 1782 2625 Praefecto

159 2657 412 2726 praetorio
439 2658 662 2714 Africae.

224 2751 363 2813 Quas
396 2753 624 2824 gratias,
661 2757 758 2808 aut
789 2769 927 2825 quas
955 2755 1146 2809 laudes
1178 2755 1422 2810 Domino
1449 2757 1560 2810 Deo
1591 2758 1782 2809 nostro

157 2844 275 2898 Jesu
311 2845 535 2900 Christo
576 2847 842 2902 exhibere
883 2848 1206 2914 debeamus,
1252 2865 1354 2903 nec
1389 2865 1547 2903 mens
1589 2852 1781 2903 nostra

159 2940 336 3006 potest
371 2939 686 3010 concipere,
731 2957 832 2995 nec
871 2941 1068 3012 lingua
1110 2943 1381 3013 proferre.
1425 2941 1620 2996 Multas
1663 2941 1783 3012 qui-

160 3029 281 3086 dem
315 3035 371 3087 et
406 3037 577 3087 antea
600 3049 634 3087 a
671 3034 784 3088 Deo
824 3036 1134 3090 meruimus
1169 3036 1476 3107 largitates,
1517 3040 1574 3090 et
1609 3035 1780 3090 innu-

162 3125 442 3180 merabilia
477 3126 627 3181 circa
664 3144 766 3182 nos
806 3129 927 3198 ejus
959 3129 1233 3184 beneﬁcia
1275 3127 1632 3194 conﬁtemur,
1680 3145 1783 3199 pro

161 3217 354 3286 quibus
383 3219 531 3275 nihil
567 3220 807 3290 dignum
847 3237 948 3275 nos
987 3222 1165 3293 egisse
1205 3221 1620 3292 cognoscimus.
1664 3223 1782 3276 Prae

899 419 1266 475 JUSTINIANI
1308 419 1515 475 LEGES
1553 421 1888 476 SELECT/E.
1931 421 2054 475 LIB.
2099 423 2141 478 Ι,
2183 421 2307 474 ΤΙΤ.
2351 422 2552 488 XXVII,
2596 423 2727 476 LEX
2767 423 2805 474 l.

3392 426 3522 476 1102

1883 527 2034 581 nitas
2075 526 2332 596 contulit,
2362 526 2468 581 hoc
2500 527 2569 582 de
2605 525 2825 581 Domini
2856 525 2954 581 Dei
2991 526 3165 580 nostri
3199 525 3520 581 misericor—

1884 620 1975 674 dia
2013 621 2380 690 postulamus,
2408 625 2472 674 ut
2510 620 2826 690 provincias
2853 636 2994 690 quas
3028 619 3190 673 nobis
3225 619 3524 674 restituere

1885 714 2152 785 dignatus
2180 718 2262 768 est
2290 713 2481 767 ﬁrmas
2511 717 2567 769 et
2590 713 2788 767 illuasas
2818 712 3111 779 custodiat,
3143 717 3198 766 et
3224 712 3392 766 faciat
3415 729 3522 767 nos

1885 823 1981 860 eas
2012 807 2325 861 secundum
2353 806 2700 860 voluntatem
2727 822 2886 860 suam
2916 822 2979 860 ac
3008 804 3281 876 placitum
3311 805 3521 876 guber-

1884 915 2041 967 nare,
2083 904 2144 954 ut
2183 899 2444 954 universa
2477 899 2662 954 Africa
2696 898 2900 953 sentiat
2943 897 3388 970 [omnipotentis]
3425 897 3524 952 Dei

1884 991 2359 1061 misericordiam,
2413 996 2469 1047 et
2521 996 2868 1062 cognoscant
2921 991 3043 1061 ejus
3096 990 3440 1044 habitatores
3491 1008 3526 1045 a

1887 1100 2061 1154 quam
2102 1085 2403 1139 durissima
2432 1085 2750 1155 captivitate
2787 1090 2842 1138 et
2871 1084 3013 1155 jugo
3049 1083 3343 1138 barbarico
3382 1083 3522 1138 libe-
3575 1158 3580 1162 ἱ

1884 1177 2016 1246 rati,
2045 1177 2104 1230 in
2135 1181 2345 1248 quanta
2369 1177 2627 1232 libertate
2653 1177 2756 1231 sub
2783 1177 3102 1232 felicissimo
3131 1181 3322 1231 nostro
3347 1175 3525 1246 impe-

1886 1271 1970 1324 rio
2008 1271 2215 1340 degere
2255 1274 2606 1324 meruerunt.
2640 1271 2750 1323 Hoc
2788 1269 2956 1322 etiam
2987 1270 3356 1339 deprecantes
3390 1284 3520 1322 exo-

1884 1379 2077 1418 ramus
2126 1369 2334 1417 sanctae
2378 1368 2434 1418 et
2480 1361 2740 1432 gloriosae
2784 1377 3007 1431 semper
3050 1361 3286 1431 virginis
3332 1365 3388 1414 et
3428 1360 3524 1415 Dei

1886 1456 2172 1528 genitricis
2216 1456 2402 1511 Mariae
2450 1455 2732 1526 precibus,
2782 1459 2846 1508 ut
2889 1453 3165 1526 quidquid
3209 1453 3399 1507 minus
3441 1457 3528 1508 est

1883 1549 2206 1621 reipublicae
2234 1554 2444 1604 nostra:
2473 1565 2577 1619 per
2601 1564 2704 1602 nos
2730 1547 2955 1602 ultimos
2981 1563 3170 1602 servos
3200 1562 3331 1600 suos
3359 1546 3521 1601 resti-

1883 1644 2006 1696 tuat
2040 1641 2100 1696 in
2135 1659 2238 1696 suo
2277 1641 2511 1695 nomine
2551 1641 2717 1709 Deus,
2747 1644 2804 1694 et
2839 1639 3040 1710 dignos
3068 1655 3170 1694 nos
3208 1639 3377 1694 faciat
3402 1654 3522 1693 ser-

1882 1735 2080 1789 vitium
2109 1735 2231 1805 ejus
2258 1734 2590 1804 adimplere.

1953 1828 1986 1898 §
2035 1831 2084 1882 l.
2129 1827 2238 1880 Deo
2279 1827 2469 1896 itaque
2505 1824 2828 1892 auxiliante,
2872 1840 2976 1894 pro
3023 1823 3288 1878 felicitate
3333 1823 3523 1894 reipu-

1803 1929 1860 2001 B
1882 1917 2044 1974 blicae
2069 1923 2297 1986 nostraa,
2330 1935 2433 1989 per
2461 1919 2610 1973 hanc
2637 1915 2886 1972 divinam
2914 1916 3104 1988 legem
3135 1916 3435 1984 sancimus,
3457 1921 3523 1971 ut

1885 2013 2070 2066 omnis
2094 2012 2302 2081 Africa,
2343 2027 2515 2082 quam
2551 2009 2713 2064 nobis
2741 2010 2883 2064 Deus
2907 2008 3188 2080 praestitit,
3217 2025 3320 2079 per
3347 2008 3521 2080 ipsius

1885 2103 2336 2161 misericordiam
2374 2104 2655 2175 optimum
2695 2102 2964 2174 suscipiat
2991 2101 3272 2171 ordinem,
3315 2107 3371 2156 et
3398 2118 3524 2172 pro-

1883 2198 2069 2269 priam
2107 2199 2311 2253 habeat
2342 2198 2737 2268 praefecturam
2766 2213 2779 2250 :
2809 2201 2874 2250 ut
2907 2195 3050 2250 sicut
3091 2195 3310 2265 Oriens,
3353 2201 3525 2266 atque

1883 2291 2190 2361 Illyricum,
2220 2291 2299 2345 ita
2327 2296 2382 2345 et
2406 2290 2592 2344 Africa
2616 2289 2953 2360 praetoriana
2978 2288 3225 2342 maxima
3247 2291 3521 2358 potestate

1883 2384 2199 2454 specialiter
2233 2401 2265 2437 a
2307 2389 2503 2438 nostra
2544 2381 2846 2437 clementia
2884 2382 3198 2436 decoretur.
3229 2381 3402 2450 Cujus
3440 2395 3523 2435 se-

1882 2477 2013 2532 dem
2050 2477 2320 2547 jubemus
2363 2492 2484 2530 esse
2528 2475 2952 2546 Carthaginem,
2997 2479 3054 2528 et
3091 2473 3150 2528 in
3193 2472 3521 2544 praefatione

1881 2570 2238 2642 publicarum
2266 2570 2592 2624 chartarum
2620 2567 2972 2640 praefecturis
3001 2566 3127 2621 aliis
3153 2567 3275 2637 ejus
3311 2581 3521 2621 nomen

1881 2664 2138 2735 adjungi,
2178 2679 2351 2734 quam
2379 2679 2532 2718 nunc
2573 2665 2730 2717 tuam
2769 2659 3159 2716 excellentiam
3201 2659 3520 2730 gubernare

1881 2757 2258 2812 decernimus.

1953 2852 1986 2920 §
2001 2854 2055 2905 2.
2074 2849 2218 2904 Etab
2239 2865 2304 2904 ea
2325 2847 2649 2919 (auxiliante
2667 2847 2796 2916 Deo)
2829 2849 3045 2916 septem
3070 2845 3375 2917 provinciae
3391 2861 3521 2900 cum

1881 2943 1999 2998 suis
2030 2942 2314 3014 judicibus
2357 2941 2727 3013 disponantur
2759 2955 2771 2994 :
2816 2955 3064 3010 quarum
3099 2938 3264 3010 Tingi
3303 2944 3358 2994 et
3395 2955 3522 3010 qua:

1881 3036 2296 3092 Proconsularis
2351 3039 2516 3089 antea
2568 3033 2889 3100 vocabatur,
2924 3033 3206 3103 Carthago
3250 3037 3306 3087 et
3348 3033 3521 3104 Byza-

1883 3130 2032 3184 cium
2073 3146 2137 3184 ac
2166 3128 2403 3199 Tripolis
2436 3132 2684 3183 rectores
2724 3126 2968 3182 habeant
3008 3126 3357 3194 consulares;
3393 3125 3523 3180 reli-

1883 3235 2011 3290 quae
2050 3235 2204 3287 vero,
2243 3218 2301 3272 id
2337 3222 2439 3284 est,
2472 3216 2733 3270 Numidia
2761 3219 2818 3269 et
2856 3215 3213 3282 Mauritania,
3246 3217 3302 3270 et
3339 3214 3522 3270 Sardi-

161 3311 410 3368 omnibus
449 3320 646 3368 tamen
687 3315 812 3385 hoc,
854 3315 1003 3385 quod
1047 3333 1198 3370 nunc
1243 3315 1599 3385 omnipotens
1638 3292 1860 3370 DeusC
1883 3313 1980 3367 nia
2018 3329 2050 3365 a
2088 3310 2422 3382 praasidibus
2459 3326 2592 3364 cum
2635 3307 2734 3362 Dei
2771 3306 2975 3360 auxilio
3013 3307 3424 3377 gubernentur.
3454 3338 3522 3347 —

160 3421 256 3475 per
286 3423 385 3462 nos
420 3424 526 3478 pro
568 3425 670 3462 sua
707 3408 891 3477 laude,
920 3414 976 3464 et
1010 3425 1112 3480 pro
1151 3426 1251 3464 suo
1292 3409 1523 3464 nomine
1553 3410 1784 3464 demon-

160 3502 326 3554 strare
363 3501 628 3572 dignatus
668 3506 771 3567 est,
813 3501 1036 3556 excedit
1064 3503 1256 3556 omnia
1285 3503 1564 3557 mirabilia
1591 3519 1780 3574 opera,

160 3607 278 3662 quin
309 3593 369 3647 in
408 3594 614 3648 saculo
645 3595 1028 3665 contigerunt,
1066 3599 1130 3650 ut
1159 3595 1344 3650 Africa
1385 3613 1488 3667 per
1525 3611 1629 3650 nos
1669 3598 1782 3650 tam

159 3684 306 3740 brevi
329 3690 588 3759 tempore
616 3688 891 3759 reciperet
916 3689 1254 3756 libertatem,
1282 3693 1446 3744 antea
1472 3689 1784 3760 nonaginta

157 3779 400 3852 quinque
439 3798 618 3836 annos
653 3799 686 3836 a
719 3782 982 3836 Vandalis
1008 3783 1307 3853 captivata,
1339 3782 1437 3854 qui
1465 3782 1784 3837 animarum

158 3872 374 3928 fuerant
397 3875 569 3929 simul
593 3876 784 3930 hostes
809 3878 865 3930 et
889 3892 1193 3946 corporum
1223 3896 1237 3931 ε
1267 3893 1396 3930 nam
1428 3875 1643 3930 animas
1661 3876 1784 3947 qui-

158 3965 280 4020 dem
314 3967 530 4023 diversa
556 3974 842 4023 tormenta
874 3973 1044 4040 atque
1071 3969 1340 4041 supplicia
1371 3986 1487 4024 non
1517 3970 1779 4038 ferentes,

158 4059 546 4131 rebaptizando
573 4062 644 4116 ad
670 4078 831 4116 suam
859 4062 1158 4134 perﬁdiam
1187 4063 1624 4131 transferebant;
1658 4079 1782 4117 cor-

157 4167 289 4222 pora
315 4171 445 4210 vero
474 4155 668 4210 liberis
696 4157 972 4210 natalibus
999 4157 1170 4224 clara,
1191 4157 1334 4227 jugo
1363 4157 1656 4211 barbarico
1687 4157 1787 4211 du-

158 4245 371 4302 rissime
404 4249 803 4320 subjugabant.
843 4251 989 4320 lpsas
1021 4266 1248 4321 quoque
1279 4251 1377 4305 Dei
1406 4255 1785 4305 sacrosanctas

157 4341 411 4396 ecclesias
444 4342 560 4396 suis
594 4343 846 4413 perﬁdiis
885 4344 1260 4414 maculabant,
1292 4344 1507 4415 aliquas
1546 4360 1677 4399 vero
1716 4360 1785 4398 ex

159 4433 234 4487 eis
272 4436 488 4491 stabula
528 4437 803 4492 fecerunt.
845 4437 1097 4492 Vidimus
1129 4437 1475 4493 venerabiles
1502 4438 1650 4492 viros
1688 4438 1785 4509 qui

157 4527 405 4584 abscissis
440 4530 715 4586 radicitus
750 4531 962 4603 linguis
995 4549 1122 4586 suas
1161 4549 1352 4602 poenas
1390 4533 1788 4587 miserabiliter

1884 3408 1917 3478 §
1944 3410 1995 3462 3.
2028 3407 2093 3461 Et
2122 3407 2179 3460 in
2206 3405 2392 3459 ofﬁcio
2424 3403 2654 3475 quidem
2685 3405 2799 3456 tuae
2834 3400 3261 3472 magnitudinis,
3293 3417 3518 3456 necnon

1884 3517 1986 3571 pro
2012 3504 2266 3570 tempore
2293 3497 2396 3552 viri
2425 3494 2717 3566 magnifici
2744 3494 2993 3566 praefecti
3021 3493 3290 3564 praetorio
3321 3493 3521 3549 Africa:

1882 3597 2164 3649 trecentos
2201 3590 2516 3662 nonaginta
2545 3605 2643 3642 sex
2676 3587 2824 3641 viros
2861 3603 2965 3658 per
2991 3587 3211 3642 diversa
3237 3585 3442 3641 scrinia
3469 3590 3525 3641 et

1883 3687 2071 3742 ofﬁcia
2095 3686 2338 3740 militare
2366 3681 2743 3738 decernimus.
2773 3683 2835 3734 In
2873 3679 3070 3734 ofﬁciis
3095 3695 3228 3734 vero
3260 3680 3520 3734 consula-

1883 3780 2034 3836 rium
2071 3795 2134 3833 ac
2173 3776 2482 3849 praesidum
2525 3773 2944 3845 quinquaginta
2983 3772 3247 3828 homines
3281 3789 3384 3844 per
3413 3772 3523 3828 sin-

1887 3873 2018 3946 gula
2043 3871 2226 3927 ofﬁcia
2251 3887 2369 3926 esse
2396 3869 2698 3924 sancimus.

1956 3968 1990 4038 §
2033 3968 2086 4022 4.
2131 3966 2265 4030 Quae
2311 3979 2442 4018 vero
2487 3961 2889 4027 emolumenta,
2943 3959 3058 4015 sive
3104 3959 3525 4030 magniﬁcentia

1883 4065 2001 4130 tua,
2030 4061 2145 4114 sive
2170 4059 2518 4123 consulares,
2549 4062 2604 4111 et
2632 4054 2926 4128 praesides,
2953 4059 3009 4110 et
3039 4053 3189 4126 quod
3215 4054 3522 4125 unusquis-

1885 4171 1996 4228 que
2035 4170 2103 4209 ex
2148 4151 2332 4207 ofﬁcio
2373 4166 2571 4206 eorum
2613 4149 2682 4204 de
2720 4147 2942 4219 publico
2989 4147 3254 4219 consequi
3299 4147 3521 4216 debeat,

1884 4249 2082 4304 notitia
2107 4246 2301 4301 subter
2332 4261 2555 4300 annexa
2580 4243 2845 4298 declarat.

1957 4344 1988 4413 ς
2017 4345 2070 4396 5.
2099 4341 2371 4410 Optamus
2398 4354 2538 4408 ergo
2573 4341 2636 4391 ut
2660 4352 2856 4391 omnes
2878 4334 3100 4405 judices
3123 4334 3306 4389 nostri
3331 4350 3524 4390 secun-

1886 4438 2024 4492 dum
2056 4415 2405 4489 voluntatem
2445 4436 2502 4486 et
2531 4431 2804 4486 timorem
2843 4428 2964 4496 Dei,
3007 4433 3064 4481 et
3092 4433 3345 4482 nostram
3374 4428 3518 4482 elec-

1886 4531 2098 4585 tionem
2124 4531 2293 4598 atque
2316 4523 2729 4580 ordinationem
2749 4522 2826 4576 sic
2856 4537 2984 4575 suas
3011 4521 3525 4576 administrationes

155 4620 546 4695 loquebantur,
576 4625 669 4679 alii
697 4642 832 4680 vero
862 4630 990 4696 post
1017 4626 1232 4682 diversa
1257 4631 1539 4682 tormenta
1567 4643 1669 4698 per
1696 4627 1777 4681 di-
1801 4659 1860 4731 D
1888 4624 2207 4696 gubernare
2235 4619 2534 4685 studeant;
2566 4622 2632 4671 ut
2658 4616 2847 4670 nullus
2873 4630 3072 4670 eorum
3103 4618 3200 4669 aut
3229 4613 3536 4731 cupiditati

153 4730 334 4772 versas
350 4719 592 4790 dispersi
605 4720 918 4790 provincias
933 4720 1104 4774 vitam
1121 4721 1180 4774 in
1200 4721 1396 4776 exsilio
1414 4725 1778 4791 peregerunt.

151 4808 265 4871 Quo
291 4828 430 4883 ergo
467 4829 750 4883 sermone,
783 4817 881 4868 aut
912 4814 1115 4884 quibus
1145 4815 1411 4885 operibus
1439 4815 1640 4886 dignas
1671 4815 1780 4869 Deo

154 4903 354 4971 gratias
378 4923 550 4977 agere
576 4907 879 4976 valeamus,
903 4908 1000 4979 qui
1019 4925 1121 4980 per
1144 4925 1235 4963 me
1260 4908 1527 4963 ultimum
1554 4924 1779 4962 servum

152 5009 333 5068 suum,
362 5000 620 5054 Ecclesiae
653 5017 770 5055 suae
806 5001 1044 5072 injurias
1075 5001 1360 5057 vindicare
1386 5002 1650 5073 dignatus
1674 5003 1776 5071 est,

153 5092 205 5141 et
233 5094 516 5148 tantarum
549 5094 967 5165 provinciarum
997 5097 1235 5167 populos
1266 5113 1300 5150 a
1331 5096 1473 5167 jugo
1501 5095 1780 5151 servitutis

152 5183 402 5254 eripere?
446 5188 604 5252 Quod
647 5189 987 5244 beneficium
1032 5191 1131 5246 Dei
1177 5195 1559 5246 antecessores
1599 5189 1779 5246 nostri

151 5290 263 5332 non
289 5287 641 5351 meruerunt,
670 5283 874 5354 quibus
902 5301 1017 5339 non
1053 5285 1237 5340 solum
1272 5285 1514 5340 Africam
1539 5285 1780 5340 liberare

154 5385 262 5424 non
292 5373 469 5444 licuit,
499 5377 595 5431 sed
628 5380 684 5432 et
707 5377 886 5448 ipsam
911 5380 1149 5434 Romam
1176 5379 1438 5434 viderunt
1466 5379 1535 5433 ab
1566 5380 1778 5434 eisdem

152 5462 404 5522 Vandalis
432 5472 676 5540 captam,
709 5476 764 5526 et
797 5472 988 5526 omnia
1011 5473 1329 5545 imperialia
1357 5477 1690 5528 ornamenta
1720 5473 1779 5527 in

152 5557 388 5614 Africam
415 5563 617 5620 exinde
653 5567 942 5621 translata.
972 5567 1130 5621 Nunc
1160 5583 1292 5622 vero
1319 5569 1463 5622 Deus
1491 5583 1593 5638 per
1617 5583 1777 5622 suam

122 5651 591 5730 imisericordiam
627 5675 741 5713 non
786 5661 966 5714 solum
1012 5661 1280 5726 Africam,
1321 5666 1378 5716 et
1422 5677 1618 5716 omnes
1657 5663 1779 5732 ejus

122 5748 464 5814 ,provincias
518 5753 679 5807 nobis
727 5753 988 5824 tradidit,
1040 5754 1138 5809 sed
1188 5759 1243 5808 et
1301 5755 1420 5826 ipsa
1469 5753 1780 5824 imperialia

124 5848 498 5932 eornamenta,
535 5865 661 5920 quae
703 5855 866 5920 capta
912 5851 1091 5905 Roma
1133 5849 1357 5906 fuerant
1391 5849 1576 5904 ablata
1615 5848 1777 5904 nobis

127 5937 411 6022 {restituit
440 5940 588 6014 Ergo
623 5946 754 6014 post
779 5945 935 5999 tanta
958 5944 1249 6013 beneﬁcia,
1277 5963 1406 6018 quae.
1438 5944 1600 6000 nobis
1627 5943 1775 5998 Divi-

1881 4718 1954 4773 sit
1990 4715 2232 4780 deditus,
2270 4717 2367 4766 aut
2409 4710 2698 4764 violentias
2743 4708 2963 4779 aliquas
3006 4708 3095 4762 vel
3137 4707 3254 4778 ipse
3292 4705 3517 4775 inferat,

1880 4811 1970 4865 vel
1999 4807 2288 4880 judicibus
2325 4810 2422 4860 aut
2459 4804 2656 4858 officiis
2692 4819 2912 4870 eorum,
2953 4807 3052 4855 aut
3089 4799 3518 4872 quibuscunque

1879 4905 2002 4960 aliis
2037 4901 2397 4958 collatoribus
2434 4897 2643 4952 inferre
2684 4895 2994 4967 permittat.
3038 4895 3192 4948 Licet
3226 4892 3379 4947 enim
3416 4909 3520 4965 per

1879 5015 2075 5056 omnes
2109 4994 2422 5068 provincias
2459 4996 2676 5046 nostras
2715 4989 2847 5060 (Deo
2874 4989 3128 5059 juvante)
3161 4987 3515 5053 festinemus,

1880 5099 1945 5149 ut
1980 5094 2184 5147 illaasos
2229 5090 2473 5145 habeant
2519 5086 2836 5151 collatores,
2885 5082 3132 5136 maxime
3177 5087 3369 5136 tamen
3413 5081 3514 5135 tri-

1877 5187 2113 5244 butariis
2164 5185 2463 5240 diceceseos
2511 5179 2786 5235 Africanas
2835 5175 3208 5244 consulimus,
3253 5174 3352 5245 qui
3394 5180 3521 5246 post

1878 5287 2168 5340 tantorum
2215 5286 2536 5350 temporum
2583 5271 2959 5343 captivitatem
3008 5273 3341 5324 meruerunt
3387 5269 3518 5338 (Deo

1871 5379 2123 5450 juvante)
2183 5390 2284 5444 per
2332 5388 2434 5426 uos
2480 5370 2675 5423 lumen
2719 5363 2994 5419 libertatis
3039 5363 3312 5433 aspicere.
3367 5364 3514 5436 Ergo

1871 5473 2140 5545 jubemus
2167 5483 2366 5523 omnes
2401 5461 2688 5519 violentias
2719 5464 2774 5513 et
2809 5474 3044 5513 omnem
3073 5456 3370 5511 avaritiam
3408 5474 3520 5513 ces-

1879 5584 2032 5636 sare,
2091 5569 2148 5619 et
2194 5560 2478 5634 justitiam
2528 5561 2696 5626 atque
2757 5553 3052 5607 veritatem
3122 5551 3270 5606 circa
3323 5566 3515 5604 omnes

1877 5667 2099 5717 nostros
2149 5653 2475 5712 tributarios
2536 5646 2826 5704 reservari.
2892 5646 2979 5701 Sic
3045 5645 3199 5699 enim
3249 5647 3305 5698 et
3364 5644 3512 5698 Deus

1878 5753 2208 5828 placabitur,
2255 5754 2311 5805 et
2353 5746 2462 5818 ipsi
2507 5746 2744 5816 possunt
2793 5739 3062 5808 celerius,
3111 5739 3253 5792 sicut
3289 5735 3514 5790 collato-

1879 5868 1966 5906 res
2022 5847 2117 5902 alii
2183 5847 2389 5899 nostra:
2458 5836 2817 5909 reipublicae,
2881 5831 3116 5888 relevari
3177 5835 3346 5899 atque
3406 5829 3509 5883 ilo-

1878 5961 2026 6000 rere.
2067 5971 2135 5983 -—-
2173 5941 2206 6010 §
2239 5941 2290 5992 6.
2333 5933 2618 6006 Sportulas
2670 5931 2840 5984 etiam
2905 5926 2974 5978 ab
3021 5923 3205 5978 officio
3256 5927 3369 5977 tam
3409 5923 3516 5978 viri
