4088 6488
591 447 722 500 1103

1713 439 1964 495 81130111
2003 435 2192 492 SEXTI
2229 434 2780 492 SUPPLEMENTUM.

3899 437 4062 490 {104

584 547 1148 620 magniﬁci,prsefecti
1171 546 1470 618 [praetorio]
1497 545 1943 616 Africani,quam
1963 544 2201 615 reliquo-
2223 543 2467 626 AFiunt
2505 543 2663 598 solid.
2695 545 2786 598 27.
2831 543 2892 596 In
2933 542 3140 597 scrinio
3181 542 3252 596 ab
3289 544 3432 596 actis
3487 539 3902 596 hominibus
3965 545 4058 606 10,

583 659 712 696 rum
734 641 990 711 judicum
1018 641 1093 694 sic
1120 641 1264 710 exigi
1285 640 1574 710 jubemus,
1601 639 1886 709 quomodo
1913 639 1972 692 in
1996 637 2200 690 nostris

582 733 799 802 legibus
829 737 912 785 est
948 732 1296 801 dispositum,
1327 737 1381 784 et
1417 731 1484 783 ab
1515 729 1668 783 omni
1699 730 1984 799 republica
2013 733 2202 782 nostra

583 825 912 892 custoditur,
961 829 1024 877 ut
1067 824 1252 876 nullus
1298 823 1498 876 audeat
1540 837 1872 892 quocunque
1911 825 2196 890 tempore,

581 917 668 970 vel
717 931 1056 986 quocunque
1107 915 1294 982 modo,
1351 931 1544 968 earum
1597 914 1862 967 excedere
1917 914 2198 983 quantita-

581 1013 716 1062 tem.
759 1038 828 1047 —
867 1008 899 1077 §
935 1012 986 1060 7.
1029 1009 1140 1060 Hoc
1183 1007 1350 1060 etiam
1390 1006 1652 1075 prwsenti
1697 1005 1980 1058 sanctione
2017 1004 2197 1058 credi-

579 1116 706 1152 mus
758 1099 1163 1166 ordinandum,
1214 1103 1278 1152 ut
1337 1114 1454 1152 non
1515 1098 1694 1151 multa
1746 1097 2036 1166 dispendia
2096 1112 2198 1166 pro

580 1191 955 1262 completione
1001 1191 1362 1254 chartarum,
1408 1189 1496 1243 vel
1547 1188 1966 1252 codicillorum,
2013 1187 2098 1240 vel
2141 1187 2199 1240 in

579 1289 768 1338 nostro
819 1284 1106 1348 laterculo,
1152 1283 1238 1335 vel
1287 1281 1346 1335 in
1397 1282 1612 1334 scriniis
1649 1281 1897 1350 przefecti
1938 1279 2199 1348 praetorio

579 1393 682 1447 per
735 1375 974 1428 Africam
1017 1374 1234 1444 judices
1285 1373 1562 1426 sustinere
1605 1372 1920 1436 videantur,
1972 1371 2104 1441 quia
2151 1371 2196 1424 si

577 1467 684 1538 ipsi
727 1466 1030 1536 dispendiis
1073 1466 1192 1518 laesi
1226 1482 1340 1519 non
1383 1465 1611 1532 fuerint,
1651 1463 1864 1516 nullam
1907 1463 2199 1517 habebunt

577 1560 968 1613 necessitatem
1036 1557 1286 1626 ejusdem
1349 1562 1552 1610 nostra;
1615 1556 1814 1610 Africa:
1873 1554 2197 1609 tributarios

577 1649 985 1723 praegravandi.
1038 1649 1305 1702 Jubemus
1349 1665 1483 1720 ergo
1535 1653 1595 1702 ut
1635 1649 1855 1718 judices
1902 1649 2196 1703 diceceseos

577 1745 846 1798 Africanae
887 1747 1001 1796 tam
1041 1742 1230 1794 civiles
1268 1757 1436 1812 quam
1485 1741 1755 1796 militares
1798 1743 1856 1796 in
1897 1747 2087 1796 nostro
2123 1743 2198 1794 la-

575 1837 788 1890 terculo
817 1851 919 1906 pro
949 1834 1327 1888 codicillorum
1354 1837 1521 1904 atque
1550 1834 1932 1888 chartularum
1965 1851 2192 1905 promo-

575 1929 741 1983 tionis
789 1944 902 1981 suae
943 1925 1437 1980 consuetudinibus
1483 1925 1624 1979 nihil
1665 1927 1814 1980 ultra
1860 1944 1956 1982 sex
1995 1901 2270 1980 solidosB

573 2021 881 2092 praebeant,
913 2023 968 2073 at
996 2035 1130 2072 vero
1163 2018 1222 2071 in
1257 2018 1461 2072 scrinio
1494 2018 1888 2088 prazfectorum
1911 2035 2024 2073 non
2047 2019 2194 2072 ultra

574 2113 866 2167 duodecim
895 2111 1095 2164 solidos
1121 2114 1399 2181 cogantur
1425 2111 1654 2164 inferre.
1685 2112 1863 2174 Quem
1889 2112 2120 2166 modum
2146 2111 2191 2164 si

573 2205 698 2277 quis
727 2204 1033 2270 excesserit,
1061 2203 1180 2272 ipse
1209 2202 1440 2272 quidem
1457 2203 1633 2272 judex
1665 2203 1895 2274 triginta
1919 2203 2191 2257 librarum

573 2298 695 2351 auri
739 2295 1030 2365 dispendio
1075 2295 1413 2364 subjaccbit;
1460 2295 1706 2349 ofﬁcium
1745 2312 1877 2348 vero
1921 2297 2042 2365 ejus
2077 2312 2190 2349 non

571 2389 752 2442 solum
780 2388 960 2440 simile
987 2386 1365 2456 dispendium,
1399 2386 1494 2439 sed
1525 2393 1578 2440 et
1603 2387 1842 2456 capitale
1875 2387 2188 2457 periculum

569 2479 882 2535 sustinebit.
915 2480 1048 2532 Nam
1076 2478 1122 2532 si
1154 2478 1352 2546 aliquis
1379 2494 1448 2531 ex
1483 2463 1813 2548 quacunque
1845 2485 1999 2548 parte
2025 2495 2191 2532 ausus

567 2574 738 2626 fuerit
771 2571 1051 2641 jussiones
1099 2574 1316 2623 nostras
1362 2571 1648 2638 excedere,
1701 2575 1756 2624 et
1805 2587 1918 2624 non
1959 2571 2186 2624 festina-

569 2665 710 2718 verit
735 2679 864 2716 cum
897 2663 990 2716 Dei
1019 2662 1216 2715 timore
1251 2677 1341 2714 eas
1371 2678 1608 2728 servare,
1637 2679 1750 2715 non
1779 2663 1962 2716 solum
1999 2663 2184 2731 digni-

567 2757 694 2810 tatis
723 2761 820 2810 aut
850 2755 1173 2808 substantia:
1203 2754 1512 2824 periculum
1545 2754 1854 2820 sustinebit,
1886 2755 1978 2808 sed
2016 2755 2188 2808 etiam

565 2851 764 2903 ultimo
811 2847 1085 2916 supplicio
1129 2845 1454 2915 subjacebit.
1502 2875 1569 2885 —
1604 2846 1635 2916 §
1675 2849 1726 2899 8.
1769 2848 1834 2898 Et
1874 2851 1957 2900 est
1995 2847 2188 2900 notitia

567 2943 680 2996 Deo
713 2939 1033 2994 auxiliante.
1065 2940 1166 2991 Pro
1203 2937 1438 2990 annonis
1483 2943 1536 2990 et
1571 2939 1756 3008 capitu
1795 2955 1897 3007 pro
1935 2941 2188 3008 tempore

565 3033 832 3104 prmfecto
879 3030 1145 3099 praetorio
1191 3045 1290 3098 per
1335 3033 1508 3082 totam
1549 3029 1814 3098 Africam,
1857 3031 1978 3083 auri
2019 3030 2186 3083 libras

568 3127 816 3178 centum.
861 3123 966 3174 Pro
1005 3121 1242 3174 annonis
1287 3121 1685 3188 consularium,
1728 3121 1852 3174 auri
1891 3121 2056 3174 libras
2095 3125 2182 3176 20.

564 3218 670 3270 Pro
700 3215 936 3268 annonis
964 3213 1418 3266 cancellariorum
1447 3213 1567 3266 auri
1603 3213 1769 3266 libras
1799 3219 1848 3267 7.
1893 3216 2028 3266 ltcm
2058 3215 2180 3268 ofﬁ-
2203 3251 2257 3324 Ο

563 3310 660 3362 ciis
687 3309 807 3377 ejus
835 3307 928 3360 ita.
961 3307 1020 3360 ln
1057 3306 1262 3358 scrinio
1297 3306 1480 3374 primo
1511 3305 1832 3358 hominibus
1859 3305 2050 3359 decem
2081 3324 2181 3376 pro

563 3401 800 3455 annonis
855 3402 948 3466 18;
1011 3414 1112 3468 pro
1157 3397 1344 3467 capit.,
1395 3397 1495 3450 sol.
1557 3401 1639 3451 12.
1687 3399 1852 3451 Fiunt
1905 3399 2006 3451 sol.
2059 3400 2176 3453 148.

563 3495 699 3548 Item
747 3491 1102 3558 numerario,
1153 3507 1255 3559 pro
1303 3489 1566 3554 annonis,
1629 3490 1788 3543 solid.
1843 3494 1909 3558 5;
1965 3495 2019 3544 et
2078 3507 2181 3562 pro

561 3586 752 3656 capit.,
797 3584 898 3636 sol.
945 3584 998 3636 4.
1053 3583 1218 3634 Fiunt
1265 3582 1365 3634 sol.
1408 3583 1494 3635 46.
1543 3581 1795 3635 Secundo
1843 3599 1948 3652 pro
1999 3599 2092 3636 an.
2149 3586 2178 3636 3

561 3693 776 3732 annuos
811 3677 912 3730 sol.
955 3679 1016 3741 5;
1064 3679 1118 3726 et
1161 3690 1262 3743 pro
1302 3673 1466 3739 capit.
1507 3678 1538 3726 7
1582 3691 1704 3744 cap.
1742 3675 1840 3727 sol.
1889 3679 1939 3742 5,
1986 3679 2040 3728 et
2079 3691 2181 3746 pro

561 3770 730 3842 capit.
765 3772 798 3824 2
835 3785 952 3838 cap.
993 3765 1155 3820 solid.
1199 3767 1252 3819 4.
1287 3766 1456 3819 Fiunt
1492 3766 1648 3819 solid.
1695 3769 1779 3820 16.
1813 3769 1842 3820 3
1879 3783 2006 3820 vero
2039 3771 2094 3821 et
2125 3767 2176 3836 4,

559 3863 628 3916 ad
667 3878 799 3916 ann.
839 3865 933 3925 50,
984 3876 1092 3912 ann
1163 3857 1321 3911 solid.
1367 3862 1430 3925 5;
1482 3863 1538 3912 et
1587 3859 1657 3912 ad
1699 3875 1818 3928 cap.
1871 3862 1956 3927 50,
2010 3860 2178 3930 capit.

559 3953 722 4009 solid.
765 3953 817 4007 4.
873 3952 1036 4005 Fiunt
1078 3953 1166 4004 24.
1211 3950 1460 4021 Reliquis
1507 3953 1558 4016 3,
1605 3951 1674 4004 ad
1722 3967 1854 4004 ann.
1909 3955 1994 4020 50,
2044 3968 2176 4007 ann.

560 4047 719 4100 solid.
776 4049 840 4112 5;
895 4050 952 4097 et
996 4044 1065 4097 ad
1109 4042 1274 4113 capit.
1331 4045 1418 4110 50,
1479 4043 1646 4113 capit.
1697 4043 1853 4097 solid.
1907 4045 1960 4098 4.
2016 4045 2182 4099 Fiunt

561 4139 718 4192 solid.
746 4140 834 4191 28.
869 4137 928 4188 ln
961 4135 1166 4188 scrinio
1195 4136 1456 4203 secundo,
1483 4139 1547 4188 ut
1573 4152 1739 4205 supra
1766 4135 2036 4206 scriptum
2077 4142 2177 4191 est.

561 4233 623 4284 In
660 4229 863 4282 scrinio
895 4228 1078 4294 tertio,
1121 4232 1185 4280 ut
1215 4243 1385 4296 supra
1423 4227 1694 4298 scriptum
1730 4231 1833 4281 est.
1879 4229 1937 4282 In
1979 4229 2182 4283 scrinio

562 4325 783 4394 quarto,
821 4325 881 4374 ut
906 4337 1072 4390 supra
1099 4319 1368 4389 scriptum
1396 4325 1498 4373 est.
1531 4322 1590 4374 lu
1619 4319 1819 4373 scrinio
1845 4321 2016 4389 primi
2043 4322 2178 4375 scri-

557 4416 668 4483 nii,
718 4413 868 4484 quod
926 4417 1007 4466 est
1055 4412 1374 4482 subadjuvm
1425 4397 1748 4465 hominibus
1809 4415 1892 4480 10,
1944 4430 2036 4467 an.
2093 4415 2180 4482 14,

562 4526 682 4579 cap.
724 4510 808 4560 12.
851 4507 1013 4559 Fiunt
1049 4505 1207 4558 solid.
1253 4508 1370 4568 116,
1408 4503 1636 4558 scilicet.
1671 4507 1748 4558 Ita
1775 4505 1944 4574 primi
1981 4506 2182 4560 scrinio

2299 652 2431 690 ann.
2479 637 2564 702 14,
2607 653 2730 707 cap.
2781 639 2866 702 12,
2907 635 3070 689 solid.
3115 637 3238 690 118.
3299 637 3380 688 lla
3423 633 3681 704 primo,
3743 651 3918 688 ann.
3979 637 4058 696 3;

2298 743 2400 797 pro
2441 745 2574 780 ann.
2617 733 2666 792 1,
2711 729 2873 781 solid.
2915 732 2974 792 6;
3017 744 3141 797 cap.
3182 731 3238 794 2,
3283 727 3464 798 capit.
3511 727 3710 780 solid.
3755 727 3822 779 4.
3865 726 4062 780 Fiunt

2299 819 2462 874 solid.
2505 823 2592 874 23.
2635 821 2892 874 Secundo
2933 825 2990 874 et
3023 820 3212 884 tertio,
3255 820 3330 873 ad
3369 837 3472 872 an.
3521 819 3842 886 secund.,
3901 835 4056 873 ann.

2298 911 2459 965 solid.
2505 915 2568 979 5;
2618 917 2674 966 et
2709 913 2780 966 ad
2817 913 2988 982 capit.
3025 916 3082 980 2,
3125 928 3254 982 cap.
3297 912 3470 965 solid.
3507 913 3568 965 4.
3613 912 3830 965 Fiunt
3865 911 4058 966 solid.

2299 1006 2384 1057 32.
2429 1004 2672 1073 Reliquis
2719 1007 2803 1072 17,
2848 1005 2918 1058 ad
2961 1021 3099 1058 ann.
3147 1008 3198 1066 1,
3247 1003 3414 1058 solid.
3467 1007 3526 1056 5.
3581 1003 3672 1056 ad
3729 1005 3946 1074 capit.
4007 1009 4056 1070 1,

2297 1095 2461 1165 capit.
2500 1095 2659 1150 solid.
2697 1099 2750 1150 8.
2783 1095 2950 1150 Fiunt
2981 1096 3147 1150 solid.
3181 1097 3272 1150 64.
3309 1097 3372 1149 ln
3411 1095 3652 1150 scrinio
3693 1097 4058 1152 libellorum

2297 1187 2618 1241 hominibus
2668 1193 2720 1256 7,
2765 1204 2900 1242 ann.
2946 1192 2998 1254 6,
3053 1204 3178 1258 cap.
3225 1191 3279 1242 6.
3327 1187 3512 1242 Fiunt
3561 1187 3766 1242 solidi
3945 1191 4060 1242 Pro

2297 1295 2420 1349 cap.
2453 1283 2521 1348 ’2,
2566 1297 2692 1350 cap.
2741 1280 2900 1334 solid.
2945 1281 2998 1334 4.
3043 1280 3216 1334 Fiunt
3253 1280 3426 1334 solid.
3471 1283 3570 1334 16.
3625 1281 3978 1350 Secundo,
4027 1287 4058 1336 '2

2295 1387 2398 1442 pro
2437 1389 2594 1438 ann.,
2641 1373 2823 1438 solid.,
2873 1375 2973 1440 10;
3019 1389 3124 1442 pro
3169 1373 3344 1443 capit.
3393 1377 3446 1442 1,
3491 1373 3690 1429 solid.
3743 1375 3811 1429 4.
3867 1375 4058 1429 Fiunt

2297 1464 2458 1518 solid.
2505 1468 2588 1518 12.
2641 1465 2888 1535 Reliquis
2935 1464 3268 1518 hominibus
3309 1466 3366 1532 4,
3417 1465 3500 1519 ad
3553 1483 3724 1522 ann.
3785 1472 3850 1536 1,
3899 1485 4054 1522 ann.

2295 1555 2454 1609 solid.
2495 1559 2555 1624 5;
2599 1561 2655 1610 et
2691 1557 2762 1610 ad
2801 1557 2968 1627 capit.
3015 1561 3066 1624 1,
3115 1557 3282 1610 solid.
3333 1559 3390 1612 4.
3443 1558 3646 1614 Fiunt
3699 1561 3902 1615 solid.
3961 1564 4054 1614 36.

2297 1648 2354 1700 ln
2404 1647 2595 1702 schola
2643 1654 2980 1718 emceptorum
3025 1649 3363 1704 hominibus
3410 1653 3510 1716 60,
3565 1668 3734 1706 ann.
3797 1655 3908 1718 ’74,
3965 1671 4056 1706 ca-

2293 1739 2395 1809 pit.
2435 1743 2520 1806 62,
2561 1740 2722 1794 solid.
2765 1745 2888 1796 618.
2937 1743 3017 1795 lta
3053 1742 3248 1812 primo
3300 1749 3360 1796 et
3405 1745 3724 1812 secundo,
3777 1763 3944 1800 ann.
3999 1753 4050 1812 3,

2293 1847 2398 1901 pro
2435 1847 2568 1886 ann.
2609 1833 2771 1888 solid.
2810 1837 2872 1900 5;
2911 1837 2968 1887 et
3005 1834 3078 1888 ad
3113 1851 3269 1905 cap.,
3301 1835 3482 1906 capit.
3525 1837 3722 1892 solid.
3759 1839 3828 1892 4.
3867 1839 4056 1894 Fiunt

2294 1923 2458 1977 solid.
2495 1925 2582 1978 46.
2623 1924 2756 1978 Aliis
2799 1925 3130 1980 hominibus
3173 1930 3226 1992 6,
3271 1927 3346 1982 ad
3393 1943 3547 1982 ann.
3605 1933 3688 1996 2,
3745 1947 3916 1987 ann.
3965 1949 4056 1987 so-

2291 2015 2393 2069 lid.
2427 2019 2490 2084 5;
2534 2016 2606 2070 ad
2644 2033 2764 2088 cap.
2801 2023 2852 2086 1,
2893 2019 3060 2089 capit.
3103 2019 3271 2074 solid.
3313 2021 3372 2074 4.
3423 2021 3627 2074 Fiunt
3663 2024 3866 2080 solid.
3923 2029 4050 2080 116.

2291 2107 2541 2178 Reliquis
2567 2108 2898 2164 hominibus
2929 2113 3014 2174 10,
3047 2112 3120 2166 ad
3151 2129 3294 2166 ann.
3339 2115 3394 2180 1,
3427 2129 3586 2168 ann.
3639 2115 3840 2170 solid.
3881 2121 3952 2184 5;
3997 2123 4052 2172 et

2293 2199 2361 2253 ad
2401 2200 2563 2270 capit.
2615 2205 2663 2269 1,
2705 2203 2872 2273 capit.
2917 2204 3082 2258 solid.
3129 2206 3185 2259 4.
3227 2205 3406 2259 Fiunt
3449 2205 3650 2261 solid.
3705 2211 3856 2264 115.
3901 2211 4052 2264 Reli-

2291 2292 2414 2361 quis
2457 2293 2784 2348 hominibus
2827 2297 2914 2360 44,
2955 2297 3028 2350 ad
3067 2313 3204 2352 ann.
3255 2301 3306 2364 1,
3351 2297 3534 2352 solid.
3575 2303 3658 2368 5;
3709 2305 3782 2355 et.
3823 2303 3910 2356 ad
3955 2321 4048 2356 ca-

2289 2383 2416 2453 pit.,
2461 2385 2620 2438 solid.
2671 2387 2722 2440 4.
2767 2387 2935 2442 Fiunt
2979 2389 3146 2443 solid.
3191 2392 3320 2444 386.
3371 2392 3438 2444 In
3493 2391 3728 2446 schola
3781 2398 4050 2464 singula-

2287 2479 2432 2530 rium
2471 2477 2798 2532 hominibus
2841 2482 2929 2545 50,
2961 2497 3100 2535 ann.
3144 2484 3198 2546 3,
3243 2498 3376 2552 cap.
3431 2487 3490 2552 1,
3541 2485 3744 2540 solid.
3787 2489 3938 2542 4'73.
3975 2491 4050 2542 Ita

2293 2571 2341 2634 1,
2388 2585 2519 2622 ann.
2558 2573 2620 2634 2,
2665 2587 2798 2625 ann.
2841 2571 3002 2626 solid.
3045 2577 3116 2640 5;
3159 2575 3338 2645 capit.
3387 2579 3444 2642 1,
3495 2578 3712 2648 capit.
3765 2582 3956 2636 solid.
3997 2585 4046 2636 3.

2289 2660 2454 2713 Fiunt
2489 2661 2648 2716 solid.
2691 2664 2777 2718 34.
2812 2665 3094 2732 Secundo,
3137 2667 3312 2721 tertio
3361 2671 3425 2720 et
3465 2675 3742 2740 quarto,
3783 2675 3870 2728 ad
3907 2692 4044 2728 ann.

2288 2755 2339 2820 5,
2371 2769 2504 2808 ann.
2542 2754 2705 2808 solid.
2740 2759 2792 2821 5,
2835 2761 2892 2809 et
2931 2757 3000 2811 ad
3031 2775 3156 2828 cap.
3207 2763 3258 2826 1,
3299 2761 3490 2831 capit.
3531 2765 3734 2820 solid.
3773 2767 3840 2822 4.
3877 2769 4046 2822 Fiunt

2287 2844 2448 2898 solid.
2500 2847 2586 2900 34.
2633 2847 2686 2901 S.
2731 2848 2986 2918 Reliquis
3026 2851 3116 2917 46,
3165 2851 3238 2906 ad
3283 2869 3430 2908 ann.
3487 2859 3550 2923 1,
3609 2859 3810 2914 solid.
3871 2864 3940 2928 5;
3997 2867 4044 2914 et

2287 2953 2409 3006 cap.
2457 2942 2505 3004 1,
2551 2955 2676 3008 cap.
2721 2940 2882 2994 solid.
2931 2943 2984 2994 4.
3028 2943 3203 2996 Fiunt
3249 2945 3424 2999 solid.
3489 2949 3646 3004 418.
3709 2953 3784 3006 In
3849 2955 4044 3008 schola

2285 3030 2750 3084 mittendarz’orum
2781 3032 3114 3088 hominibus
3152 3039 3244 3102 50,
3281 3053 3380 3090 an.
3423 3041 3530 3105 52,
3589 3042 3658 3096 S.
3707 3047 3912 3117 capit_
3959 3051 4040 3110 50,

2285 3122 2443 3174 solid.
2490 3123 2611 3176 442.
2655 3125 2734 3176 Ita
2773 3125 2980 3194 primo,
3017 3143 3156 3182 ann.
3205 3131 3262 3194 2,
3303 3146 3458 3185 ann.
3515 3134 3718 3190 solid.
3759 3142 3824 3207 5,
3879 3145 3940 3193 et
3981 3140 4042 3192 ad

2284 3214 2450 3283 capit.
2499 3218 2546 3278 1,
2593 3231 2713 3285 cap.
2769 3216 2932 3272 solid.
2979 3219 3034 3272 4.
3089 3220 3263 3274 Fiunt
3314 3223 3502 3278 solid.
3573 3229 3682 3283 14.
3733 3229 4042 3294 Secundo,

2281 3307 2449 3360 tertio
2485 3311 2540 3360 et
2569 3312 2789 3377 quarto,
2833 3310 2904 3364 ad
2943 3327 3081 3366 ann.
3127 3316 3180 3378 1,
3213 3329 3356 3369 ann.
3411 3317 3614 3375 solid.
3669 3325 3746 3392 5;
3785 3329 3854 3379 et
3887 3327 3964 3380 ad
3997 3329 4042 3392 8,

2281 3403 2494 3490 cap.,t,
2536 3415 2658 3469 cap.
2703 3401 2864 3454 solid.
2907 3403 2960 3456 4.
3009 3403 3182 3458 Fiunt
3223 3406 3405 3462 solid.
3463 3411 3576 3466 34.
3641 3413 3706 3468 S.
3771 3417 4044 3490 Reliquis

2279 3489 2601 3544 hominibus
2633 3492 2718 3558 46,
2761 3493 2832 3546 ad
2870 3511 3008 3550 ann.
3045 3499 3096 3562 1,
3129 3512 3272 3552 ann.
3309 3499 3428 3554 sol.
3471 3505 3508 3556 5
3543 3520 3560 3569 ;
3599 3509 3670 3560 et
3709 3509 3796 3564 ad
3831 3489 3968 3582 cap.
4001 3515 4040 3574 1,

2281 3597 2400 3652 cap.
2441 3583 2600 3636 solid.
2641 3586 2695 3638 4.
2737 3585 2906 3640 Fiunt
2945 3587 3108 3642 solidi
3153 3591 3286 3645 324.
3342 3593 3411 3646 In
3459 3596 3698 3654 schola
3745 3619 4040 3659 cursorum

2279 3675 2607 3729 hominibus
2640 3679 2728 3746 30,
2777 3694 2916 3733 ann.
2954 3683 3045 3746 22,
3092 3681 3148 3736 S.
3183 3699 3313 3753 cap.
3363 3687 3470 3754 30,
3525 3691 3728 3750 solid.
3773 3700 3919 3752 232.
3969 3700 4036 3750 Its

2280 3767 2483 3837 primo,
2529 3783 2686 3836 ann.,
2730 3786 2868 3825 ann.
2913 3772 3085 3827 solid.
3135 3776 3190 3840 5,
3237 3791 3378 3847 cap.
3431 3783 3496 3848 1,
3550 3800 3705 3858 cap.
3763 3791 3946 3846 solid.
3987 3793 4034 3844 4.

2281 3859 2444 3914 Fiunt
2469 3861 2626 3914 solidi
2662 3866 2744 3916 17.
2777 3863 3054 3932 Secundo,
3085 3867 3258 3920 tertio
3289 3873 3352 3924 et
3383 3882 3664 3948 quarto,
3697 3883 3784 3937 ad
3813 3901 3960 3938 ann.
3987 3891 4032 3946 1.

2279 3951 2333 4005 S.
2367 3969 2501 4006 ann.
2533 3953 2692 4008 solid.
2731 3959 2792 4024 5;
2833 3961 2890 4010 et
2926 3957 2998 4011 ad
3029 3974 3156 4029 cap.
3193 3963 3244 4028 1,
3287 3965 3484 4033 capit.
3525 3971 3736 4029 solid.
3783 3977 3846 4032 4.
3879 3979 4034 4032 Fiunt

2281 4045 2441 4098 solid.
2471 4046 2556 4099 34.
2589 4046 2645 4100 S.
2677 4048 2930 4119 Reliquis
2959 4050 3300 4106 hominibus
3332 4059 3437 4124 26,
3479 4063 3574 4116 ad
3607 4081 3780 4123 ann.
3819 4075 3878 4136 1,
3909 4089 4028 4124 ann.

2281 4135 2440 4190 solid.
2481 4140 2544 4204 5;
2589 4143 2644 4191 et
2685 4139 2756 4193 ad
2796 4157 2920 4210 cap.
2967 4146 3016 4210 1,
3059 4144 3233 4214 capit.
3269 4147 3454 4204 solid.
3511 4155 3580 4208 4.
3637 4135 4030 4217 Fiuntsolidi

2279 4229 2494 4326 234.“ln
2535 4230 2730 4326 schola
2765 4235 3274 4292 nomenculatorum
3317 4239 3730 4306 hominibus
3771 4259 3876 4326 22,
3909 4273 4028 4310 ann.

2281 4321 2442 4374 solidi
2480 4326 2532 4388 5,
2576 4324 2766 4393 capitu
2811 4329 2897 4390 12,
2949 4328 3112 4382 solid.
3165 4331 3220 4384 4.
3277 4331 3468 4389 Fiunt
3521 4343 3736 4400 solidi
3787 4321 3918 4404 115.
3967 4353 4030 4403 Ita

2280 4413 2487 4514 primo,
2524 4431 2680 4514 ann.,
2721 4433 2856 4514 ann.
2897 4419 3064 4474 solid.
3111 4424 3175 4490 5;
3224 4425 3410 4494 capit.
3465 4433 3530 4498 1,
3585 4434 3660 4490 S.
3720 4444 3912 4514 capit.
3955 4459 4028 4495 so-

2281 4505 2425 4558 lidos
2454 4507 2506 4560 4.
2547 4508 2714 4562 Fiunt
2749 4509 2917 4566 solid.
2961 4515 3048 4566 16.
3095 4513 3365 4586 Reliquis
3407 4505 3826 4589 hominibus
3865 4540 3948 4600 11,
3973 4535 4026 4588 ad

559 4617 663 4671 pro
710 4600 940 4692 ann.i3,
987 4596 1325 4692 annlsolid.
1374 4600 1438 4692 5;
1487 4601 1686 4692 (it—pro
1726 4613 1850 4666 cap.
1891 4601 1944 4665 2,
1994 4598 2412 4674 capituDann.
2448 4603 2498 4664 1,
2539 4617 2672 4654 ann.
2713 4603 2872 4657 solid.
2918 4608 2971 4671 5,
3007 4609 3064 4659 et
3095 4607 3168 4660 ad
3199 4610 3384 4680 capit.
3427 4618 3490 4682 1,
3527 4625 3752 4692 capit.
3789 4596 3956 4683 solidi.
3983 4631 4022 4682 3,.

563 4693 719 4746 solid.
757 4693 808 4745 4.
848 4690 1014 4743 Fiunt
1043 4689 1204 4742 solidi
1239 4691 1327 4742 23.
1369 4688 1620 4742 Secundo
1651 4705 1752 4760 pro
1791 4706 1924 4744 ann.
1963 4693 2016 4758 2,
2051 4707 2180 4744 ann.

563 4784 744 4852 solidi,
773 4787 838 4837 ut
871 4798 1039 4852 supra
1071 4781 1340 4850 scriptum
1380 4785 1490 4848 est;
1525 4786 1580 4834 et
1603 4797 1706 4852 pro
1741 4798 1860 4852 cap.
1895 4783 2059 4852 capit.
2093 4799 2182 4836 so-

561 4879 682 4945 lid.,
717 4881 781 4930 ut
817 4891 985 4946 supra
1023 4873 1292 4943 scriptum
1331 4877 1432 4940 est,
1476 4877 1532 4926 et
1565 4873 1708 4927 ﬁunt
1743 4875 1900 4928 solidi
1932 4879 2018 4929 16.
2060 4876 2184 4930 Ter-

2285 4692 2452 4746 Fiunt
2491 4693 2650 4747 solid.
2695 4697 2783 4749 99.
2829 4697 2893 4750 In
2939 4697 3130 4752 schola
3177 4705 3516 4764 stratarum
3557 4713 3944 4778 hominibus

2283 4801 2416 4839 ann.
2457 4789 2508 4852 7,
2551 4787 2719 4856 capit.
2769 4791 2820 4856 6,
2868 4789 3034 4846 solid.
3077 4794 3168 4846 59.
3217 4795 3302 4848 Ita
3347 4799 3610 4874 primo,
3661 4829 3852 4882 ann.,
3907 4833 4016 4870 ann.

2283 4877 2440 4930 solid.
2489 4881 2550 4945 5;
2600 4895 2724 4950 cap.
2773 4884 2823 4948 1,
2876 4883 3048 4952 capit.
3099 4885 3270 4942 solid.
3323 4889 3384 4944 4.
3445 4894 3670 4957 Fiunt
3733 4877 3912 4964 solidi
3955 4909 4014 4963 11.

558 4975 634 5028 tio
685 4973 742 5025 et
781 4972 996 5039 quarto,
1045 4981 1146 5036 pro
1189 4983 1320 5018 ann.
1372 4970 1420 5034 1,
1477 4983 1700 5020 annona
1745 4967 2070 5036 solidorum,
2119 4973 2184 5022 ut
2281 4970 2532 5040 Reliquis
2567 4971 2894 5026 hominibus
2925 4979 2978 5043 5,
3013 4976 3088 5031 ad
3125 4994 3269 5034 ann.
3315 4985 3372 5048 1,
3415 5001 3586 5046 ann,
3651 5001 3844 5058 εοιίά.
3885 5007 3948 5058 5;
3979 5005 4018 5054 εξ

564 5081 731 5136 supra
761 5061 1028 5132 scriptum
1064 5064 1182 5124 est;
1219 5064 1274 5112 et
1311 5075 1412 5129 pro
1445 5075 1567 5129 cap.
1605 5063 1653 5125 1,
1695 5076 1813 5129 cap.
1857 5060 2178 5128 solidorum,

567 5165 628 5212 ut
661 5173 828 5226 supra
858 5153 1126 5224 scriptum
1159 5157 1258 5206 est.
1290 5151 1456 5205 Fiunt
1485 5151 1584 5206 sol.
1613 5155 1700 5206 23.
1733 5151 1980 5222 Reliquis
2005 5153 2184 5207 homi—

567 5249 730 5305 nibus
756 5253 806 5316 6,
837 5248 904 5300 ad
938 5262 1070 5299 ann.
1111 5249 1160 5313 1,
1203 5261 1428 5298 annona
1466 5244 1627 5298 solidi
1657 5249 1721 5311 5;
1764 5251 1817 5298 et
1841 5261 1942 5315 pro
1972 5247 2177 5317 capitu,

565 5341 729 5411 capit.
762 5339 922 5392 solid.
953 5339 1004 5390 4.
1037 5338 1198 5390 Fiunt
1228 5337 1390 5390 solidi
1421 5339 1506 5390 58.
1539 5337 1598 5389 In
1631 5336 1832 5390 scrinio
1859 5343 2176 5393 commenta-

567 5435 756 5488 ricnsis
793 5430 1118 5484 hominibus
1158 5433 1240 5494 12,
1276 5445 1408 5482 81111.
1453 5431 1536 5496 17,
1577 5445 1701 5498 cap.
1741 5429 1792 5482 4.
1827 5429 1989 5483 Fiunt
2021 5431 2180 5484 solidi

571 5530 688 5582 153.
739 5523 926 5577 Primo
973 5521 1458 5575 commentariensi
1499 5537 1632 5574 ann.
1679 5525 1730 5587 3,
1779 5522 1937 5576 solid.
1981 5526 2043 5588 5;
2077 5541 2179 5594 pro

565 5619 732 5692 capit.
777 5621 830 5686 2,
871 5613 1034 5682 capit.
1081 5613 1180 5666 sol.
1226 5615 1279 5667 4.
1323 5613 1486 5667 Fiunt
1525 5613 1688 5668 solidi
1737 5617 1826 5668 23.
1869 5614 2178 5686 Sequentes

565 5711 822 5767 homines
868 5711 920 5775 3,
958 5705 1028 5759 ad
1065 5719 1197 5759 ann.
1235 5707 1289 5770 2,
1334 5721 1466 5761 ann.
1509 5707 1667 5760 solid.
1707 5710 1769 5774 5;
1811 5723 1914 5776 pro
1955 5725 2076 5779 cap.
2120 5713 2174 5778 2,

565 5804 730 5874 capit.
764 5799 923 5856 solid.
957 5799 1007 5852 4.
1049 5797 1218 5850 Fiunt
1256 5796 1414 5850 solidi
1454 5799 1542 5853 48.
1581 5798 1796 5869 Reliqui
1835 5799 2095 5856 homines
2121 5805 2172 5871 8,

565 5897 634 5952 ad
668 5911 800 5950 ann.
839 5897 890 5962 1,
925 5905 1058 5946 ann.
1096 5888 1253 5945 solid.
1293 5891 1356 5958 5;
1393 5893 1450 5946 et
1479 5907 1601 5962 cap.
1645 5895 1692 5958 1,
1723 5891 1890 5964 capit.
1919 5893 2078 5950 solid.
2119 5897 2172 5952 4.

2280 5063 2348 5116 ad
2379 5079 2500 5134 cap.
2542 5068 2591 5130 1,
2625 5065 2796 5134 capit.
2837 5068 3004 5122 solid.
3045 5071 3100 5123 4.
3133 5071 3316 5128 Fiunt
3347 5078 3546 5138 solid.
3591 5089 3714 5148 45,
3753 5096 3820 5150 [n
3861 5065 4014 5150 9135;;

2273 5159 2728 5225 praetorianorum
2757 5159 3096 5216 hominibus
3121 5163 3354 5236 decem,
3385 5187 3554 5232 ann,
3599 5186 3716 5254 12,
3751 5190 3928 5260 capit.
3951 5195 4010 5242 μ,

2281 5248 2437 5302 solid.
2595 5252 2674 5304 lta
2699 5253 2927 5349 primo,
2959 5271 3234 5328 annonae,
3279 5277 3398 5331 pro
3437 5282 3614 5329 ann.
3731 5299 3750 5349 ;
3791 5248 3948 5337 εδιίά.

2279 5357 2384 5444 pro
2422 5341 2588 5444 capit.
2631 5343 2796 5444 solid.
2825 5346 3094 5444 4.AFiunt
3137 5351 3309 5407 solid.
3353 5359 3452 5413 16.
3493 5337 3814 5444 Reliquis
3855 5337 4004 5430 horai-

2279 5433 2444 5487 nibus
2483 5439 2536 5503 9,
2585 5435 2656 5490 ad
2695 5453 2830 5492 ann.
2881 5442 2932 5506 1,
2983 5457 3090 5510 pro
3143 5459 3313 5516 ann.,
3365 5451 3568 5512 solid.
3761 5471 3931 5540 capit.
3973 5477 4000 5518 1.

2279 5542 2380 5596 pro
2413 5528 2580 5597 capit.
2612 5529 2776 5584 solid.
2815 5531 2870 5586 4.
2909 5532 3082 5588 Fiunt
3113 5537 3285 5594 solid.
3317 5545 3420 5598 71.
3461 5548 3540 5604 In
3576 5528 3812 5616 πιέσω
3835 5528 4000 5617 idm-:3;-

2275 5623 2552 5675 uariorum
2601 5622 2932 5678 hominibus
2979 5629 3067 5694 10,
3115 5645 3260 5686 ann.
3315 5638 3416 5704 11,

2277 5805 2378 5914 pit.
2416 5810 2604 5914 .1,"pro
2633 5773 2804 5914 capit.
2845 5773 3010 5914 solid.
3043 5773 3118 5868 4.,
3146 5773 3334 5875 liiiunt
3367 5773 3752 5898 9:665:14:

2277 5898 2598 5956 hominibus
2632 5904 2686 5972 9,
2713 5903 2784 5960 ad
2813 5919 2948 5960 ann.
2985 5909 3038 5974 1,
3077 5924 3190 5982 pro
3219 5927 3374 5974 ann.
3407 5925 3616 5990 solid.
3659 5939 3698 5992 5
3727 5955 3742 6008 ;
3777 5898 3966 6014 capiti:
