4088 6416
197 369 332 425 1105

924 372 1284 427 JUSTINIAN]
1324 373 1532 427 LEGES
1569 371 1902 426 SELECTxE.
1947 372 2070 424 LIB.
2115 371 2154 434 l,
2200 370 2323 424 'l‘lT.
2367 364 2569 435 XXVII,
2614 369 2742 422 LEX
2782 368 2846 422 ll.

3431 367 3559 420 1106

189 493 296 547 pro
331 476 503 546 capit.
539 477 701 532 solid.
729 478 783 532 4.
820 478 988 532 Fiunt
1023 480 1124 533 sol.
1156 483 1242 535 80.
1279 482 1338 533 In
1371 479 1578 535 scrinio
1614 496 1833 550 ope-rum
1853 490 1912 563 Α
1933 494 2035 550 per
2063 478 2250 549 ipsum
2279 477 2531 530 Africam
2557 475 2864 529 defendere
2897 477 2953 528 et
2976 474 3077 527 sub
3101 476 3362 527 nostrum
3387 472 3562 542 impe-

193 569 529 624 hominibus
559 573 647 636 20,
679 587 812 625 ann.
848 573 934 639 24,
978 588 1102 642 cap.
1135 577 1224 642 21,
1258 574 1402 627 solid
1439 575 1560 628 224.
1591 575 1673 627 Ita
1713 574 1827 643 pri-

193 679 313 728 mo,
358 681 496 718 ann.
529 667 580 730 3,
613 680 717 734 pro
762 681 898 718 ann.
947 666 1111 720 solid.
1149 670 1223 734 5;
1255 683 1379 736 cap.
1410 669 1461 732 2,
1505 683 1608 736 pro
1657 668 1826 738 capit.

196 755 364 809 solid.
395 758 448 810 8.
482 757 648 810 Fiunt
678 757 841 811 solid.
879 759 966 812 24.
1006 759 1263 829 Reliquis
1306 759 1634 814 hominibus
1673 763 1726 826 3,
1758 759 1830 813 ad

197 865 333 902 ann.
365 853 417 904 2.
449 866 551 920 pro
581 866 714 904 ann.
746 851 910 905 solid.
948 855 1008 916 5;
1044 857 1100 906 et
1132 851 1205 905 ad
1239 852 1408 922 capit.
1443 857 1492 919 1,
1525 870 1627 923 pro
1657 853 1826 923 capit.

196 941 362 996 solid.
393 943 445 996 4.
482 942 649 996 Fiunt
671 943 836 997 solid.
870 947 956 998 62.
988 945 1240 1016 Reliquis
1267 945 1390 999 aliis
1417 946 1748 1000 hominibus
1777 948 1828 1011 6,

195 1035 269 1088 ad
299 1051 437 1088 ann.
473 1039 639 1105 1,pro
668 1053 800 1090 ann.
822 1037 987 1091 solid.
1037 1041 1099 1102 5;
1134 1042 1190 1091 et
1217 1038 1288 1092 ad
1320 1037 1489 1108 capit.
1530 1043 1578 1105 1,
1615 1055 1715 1108 pro
1747 1055 1833 1092 ca-

195 1127 299 1197 pit.
328 1127 495 1182 solid.
527 1129 578 1181 4.
617 1129 783 1182 Fiunt
814 1130 978 1183 solid.
1032 1132 1119 1184 99.
1150 1131 1209 1183 111
1236 1130 1444 1185 scrinio
1471 1148 1610 1185 arca
1641 1131 1830 1185 homi-

196 1220 365 1274 nibus
408 1223 495 1287 20,
530 1238 664 1275 ann.
700 1225 787 1290 28,
820 1223 995 1292 capit.
1021 1226 1110 1290 21,
1150 1223 1314 1277 solid.
1347 1225 1470 1277 224.
1505 1225 1584 1278 lta
1619 1224 1827 1295 primo,

194 1330 330 1367 ann.
368 1316 419 1380 3,
454 1331 556 1384 pro
595 1331 731 1369 ann.
779 1316 943 1369 solid.
989 1321 1053 1383 5;
1087 1317 1256 1386 capit.
1305 1321 1355 1383 2,
1389 1333 1491 1386 pro
1533 1318 1703 1387 capit.
1739 1336 1829 1372 so-

194 1405 296 1460 lid.
342 1407 393 1460 4.
444 1407 612 1461 Fiunt
659 1407 819 1462 solid.
859 1412 947 1463 23.
997 1409 1248 1480 Reliquis
1301 1409 1632 1463 hominibus
1667 1411 1718 1479 4,
1757 1411 1830 1464 ad

195 1516 334 1552 ann.
367 1503 418 1564 2,
449 1517 552 1570 pro
581 1517 718 1554 ann.
751 1501 853 1554 sol.
891 1504 951 1565 5;
981 1507 1036 1556 et
1065 1503 1132 1555 ad
1176 1519 1298 1572 cap.
1335 1506 1382 1568 1,
1419 1519 1520 1572 pro
1548 1519 1673 1573 cap.
1723 1505 1828 1557 sol.

193 1592 246 1644 4.
280 1592 450 1645 Fiunt
492 1593 656 1647 solid.
704 1596 790 1648 42.
837 1594 1089 1664 Reliquis
1127 1595 1251 1648 aliis
1307 1595 1635 1649 hominibus
1674 1599 1724 1660 6,
1761 1597 1831 1651 ad

194 1701 330 1738 ann.
361 1688 413 1751 2,
447 1686 611 1740 solid.
648 1690 708 1753 5;
740 1692 796 1741 et
823 1687 897 1739 ad
923 1703 1047 1758 cap.
1079 1691 1126 1753 1,
1161 1705 1264 1757 pro
1297 1705 1421 1758 cap.
1448 1689 1549 1742 sol.
1580 1690 1631 1742 4.
1664 1689 1833 1743 Fiunt

195 1777 361 1832 solid.
396 1779 482 1832 68.
520 1779 772 1850 Reliquis
807 1779 932 1834 aliis
982 1780 1317 1834 hominibus
1361 1784 1479 1847 110,
1507 1781 1580 1834 ad
1608 1799 1743 1836 ann.
1780 1787 1828 1848 1,

1931 573 2083 627 rium
2114 570 2379 641 redigere
2401 570 2566 624 nobis
2587 584 2922 623 concessum
2953 571 3056 635 est,
3082 583 3186 637 per
3208 566 3398 636 ipsum
3423 582 3560 636 quo-

1933 682 2040 735 que
2056 668 2122 719 ut
2141 667 2336 718 nostro
2364 662 2757 717 moderamine
2776 665 2929 714 recte
2944 660 3297 730 gubernetur
3318 663 3373 712 et
3395 659 3558 712 ﬁrme

1931 757 2286 812 custodiatur
2301 756 2660 810 confidimus.
2681 755 2837 808 Unde
2857 770 2960 824 per
2973 754 3096 822 ejus
3115 753 3358 822 gratiam
3381 751 3558 805 etiam

1932 852 2178 906 civilium
2197 849 2763 904 administrationum
2783 847 3005 916 judices
3027 849 3084 900 et
3105 845 3290 900 ofﬁcia
3317 845 3560 915 singulis

1930 944 2203 998 Africanis
2237 941 2540 1014 provinciis
2567 940 2990 1007 constituimus,
3019 939 3395 993 attribuentes
3427 937 3556 1008 qui-

1934 1036 2063 1090 dem
2085 1037 2543 1089 emolumentum
2567 1033 2718 1104 quod
2742 1033 3137 1103 unusquisque
3159 1031 3452 1102 percipere
3469 1031 3560 1084 de-

1932 1129 2084 1184 beat.
2100 1129 2181 1182 Ad
2200 1128 2507 1197 ejusigitur
2524 1127 2939 1198 providentiam
2961 1126 3279 1178 etiamnum
3301 1123 3559 1177 animum

1931 1227 2194 1276 nostrum
2216 1222 2530 1275 referentes
2551 1224 2607 1274 et
2633 1223 2884 1274 armatas
2907 1218 3160 1284 militias,
3185 1221 3242 1270 et
3269 1217 3436 1270 duces
3457 1217 3560 1269 mi-

1930 1314 2098 1368 litum
2127 1313 2387 1368 ordinare
2419 1311 2792 1382 disponimus.
2815 1309 2933 1380 —§
2961 1314 3006 1363 1.
3036 1309 3333 1363 Sancimus
3366 1309 3558 1378 itaque

1931 1412 1995 1462 ut
2018 1407 2127 1460 dux
2156 1406 2401 1460 militum
2440 1404 2809 1475 Tripolitanae
2850 1401 3152 1473 provinciae
3184 1403 3241 1455 in
3270 1402 3555 1471 Leptima-

1933 1499 2133 1570 gnensi
2157 1499 2382 1552 civitate
2414 1497 2581 1552 sedes
2610 1496 2844 1550 interim
2879 1495 3104 1549 habeat.
3142 1495 3261 1548 Dux
3293 1511 3427 1548 vero
3456 1495 3558 1564 By-

1931 1609 2152 1646 zacena:
2175 1591 2481 1661 provinciae
2517 1590 2610 1660 [et]
2644 1589 2703 1643 in
2735 1590 2935 1658 Capsa,
2963 1589 3206 1642 etaltera
3227 1589 3399 1657 Lepte
3426 1587 3559 1640 civi-

1931 1686 2145 1740 tatibus
2163 1685 2395 1739 interim
2423 1684 2643 1737 sedeat.
2663 1683 2781 1736 Dux
2799 1697 2932 1735 vero
2960 1680 3237 1734 Numidiae
3260 1680 3561 1750 provinciae

1933 1779 1990 1832 in
2009 1777 2464 1833 Constantinensi
2487 1775 2713 1829 civitate
2743 1775 2903 1828 sedes
2929 1773 3161 1828 interim
3179 1773 3410 1826 habeat.
3435 1774 3561 1826 Dux

193 1886 300 1941 pro
328 1887 466 1924 ann.
512 1872 615 1926 sol.
652 1876 710 1938 5;
742 1876 800 1926 et
845 1873 919 1926 ad
961 1873 1126 1944 capit.
1167 1876 1215 1940 1,
1259 1889 1361 1944 pro
1403 1890 1525 1944 cap.
1569 1874 1733 1929 solid.
1777 1853 1909 1929 4.Β
1937 1876 2130 1925 autem
2172 1869 2518 1925 Mauritaniae
2551 1867 2856 1939 provinciae
2883 1867 2943 1920 in
2972 1865 3307 1921 Cmsariensi
3337 1865 3558 1920 civitate

194 1963 364 2017 Fiunt
406 1964 566 2018 solid.
608 1967 694 2018 90.
741 1967 800 2019 In
842 1965 1037 2020 schola
1086 1967 1545 2021 chartulariorum
1589 1968 1834 2022 homini-

192 2057 302 2109 bus
346 2060 432 2123 50,
466 2074 600 2111 ann.
642 2061 729 2124 58,
771 2075 891 2129 cap.
930 2062 982 2126 2,
1026 2075 1127 2129 pro
1165 2060 1334 2130 capit.
1381 2059 1545 2114 solid.
1590 2061 1642 2114 4.
1669 2061 1835 2115 Fiunt

193 2149 359 2204 solid.
389 2151 476 2204 24.
508 2152 592 2205 Ita
620 2151 832 2221 primo,
863 2169 997 2205 ann.
1029 2155 1081 2220 3,
1108 2169 1212 2222 pro
1243 2169 1377 2207 ann.
1408 2152 1570 2207 solid.
1607 2157 1636 2207 5
1662 2171 1674 2219 ;
1705 2171 1829 2224 cap,

197 2246 250 2308 2,
281 2259 386 2313 pro
414 2259 535 2314 cap.
567 2243 727 2298 solid.
762 2245 813 2298 4.
855 2245 1022 2298 Fiunt
1052 2245 1215 2299 solid.
1242 2249 1328 2300 23.
1361 2246 1611 2317 Reliquis
1642 2247 1829 2301 homi-

196 2335 365 2389 nibus
395 2339 445 2401 3,
469 2336 541 2390 ad
564 2353 696 2390 ann.
716 2340 768 2405 2,
801 2354 905 2407 pro
934 2354 1066 2392 ann.
1099 2338 1264 2393 solid.
1292 2343 1320 2392 5
1352 2356 1364 2405 ;
1396 2343 1455 2393 et
1482 2339 1554 2393 ad
1577 2340 1746 2410 capit.
1781 2343 1830 2406 1,

193 2446 300 2500 pro
333 2445 458 2500 cap.
493 2430 658 2484 solid.
691 2432 743 2484 4.
773 2431 941 2485 Fiunt
969 2431 1132 2486 solid.
1167 2433 1254 2486 48.
1288 2432 1540 2503 Reliquis
1575 2433 1698 2486 aliis
1727 2433 1828 2487 ho-

195 2523 454 2576 minibus
482 2527 546 2591 6;
580 2524 651 2578 ad
691 2540 825 2578 ann.
863 2529 910 2592 1,
959 2541 1061 2594 pro
1094 2541 1227 2579 ann.
1260 2526 1424 2580 solid.
1456 2529 1519 2591 5;
1552 2531 1608 2580 et
1638 2527 1711 2580 ad
1738 2543 1828 2581 ca-

191 2611 299 2681 pit.
330 2615 379 2679 1,
411 2627 515 2681 pro
548 2612 719 2683 capit.
747 2614 832 2667 sol
853 2615 905 2667 4.
938 2613 1102 2666 Fiunt
1128 2614 1293 2668 solid.
1322 2616 1410 2669 49.
1444 2613 1700 2684 Reliquis
1727 2616 1830 2670 h0-

195 2703 452 2758 minibus
478 2706 566 2771 40,
592 2706 665 2759 ad
690 2722 825 2760 ann.
862 2711 909 2772 1,
934 2723 1037 2777 pro
1069 2724 1202 2761 ann.
1231 2708 1336 2761 sol.
1366 2712 1430 2773 5;
1458 2709 1603 2763 etad
1622 2726 1744 2780 cap.
1777 2715 1827 2779 1,

192 2813 298 2868 pro
330 2797 502 2868 capit.
548 2798 713 2852 solid.
757 2801 809 2852 4.
855 2800 1022 2854 Fiunt
1069 2800 1211 2854 solid
1256 2804 1377 2855 360.
1434 2803 1601 2856 Fiunt
1641 2803 1828 2857 homi-

192 2907 298 2944 nes
341 2892 463 2957 396,
494 2907 627 2944 ann.
674 2893 798 2956 499,
833 2893 995 2946 solid.
1030 2897 1080 2959 2,
1130 2897 1252 2960 390,
1287 2895 1454 2965 capit.
1498 2896 1620 2950 420.
1666 2896 1831 2950 Fiunt

193 2983 364 3038 solid.
393 2985 445 3049 4,
478 2986 565 3051 73,
598 2987 648 3051 3,
689 2986 809 3039 682.
843 2987 986 3039 110111
1027 3003 1129 3056 pro
1163 3003 1297 3041 ann.
1346 2992 1402 3041 et
1431 3004 1553 3059 cap.
1587 3005 1827 3043 censua-

192 3077 338 3129 lium
370 3076 536 3130 solid.
580 3078 704 3131 449.
749 3078 1080 3132 Officiorum
1109 3079 1232 3148 ejus
1273 3080 1436 3134 solid.
1478 3084 1593 3136 160.
1643 3086 1829 3153 potest

193 3169 355 3223 medi
399 3170 732 3225 hominibus
761 3175 812 3240 5,
853 3188 985 3225 ann.
1025 3174 1112 3238 48,
1155 3173 1326 3243 capit.
1372 3177 1455 3239 18,
1508 3175 1668 3230 solid.
1702 3177 1824 3229 418.

188 3266 274 3318 Ita
321 3263 528 3333 primo,
585 3281 743 3331 ann.,
797 3281 900 3335 pro
953 3282 1085 3318 ann.
1158 3270 1267 3332 15;
1325 3267 1495 3336 capit.
1554 3272 1605 3332 5,
1659 3268 1825 3323 solid.

195 3361 245 3411 5.
281 3356 567 3424 Secundo,
602 3374 705 3428 pro
749 3375 883 3412 ann.
928 3361 1012 3426 10,
1051 3359 1220 3430 capit.
1267 3364 1317 3430 5,
1368 3360 1532 3414 solid.
1581 3364 1665 3416 70.
1719 3362 1824 3414 Re-

191 3450 368 3521 liquis
407 3450 735 3505 hominibus
767 3454 818 3518 3,
849 3452 921 3505 ad
960 3468 1094 3507 ann.
1137 3456 1188 3518 8,
1225 3457 1279 3507 et
1316 3454 1386 3508 ad
1414 3470 1538 3524 cap.
1573 3457 1624 3520 2,
1661 3454 1824 3509 solid.

199 3546 319 3598 150.
369 3545 748 3600 Grammaticis
792 3545 1124 3599 hominibus
1165 3550 1216 3614 2,
1251 3547 1324 3600 ad
1365 3563 1500 3601 ann.
1544 3551 1628 3617 10,
1673 3554 1729 3602 et
1758 3549 1828 3602 ad

193 3653 320 3707 cap.
358 3640 408 3706 2,
439 3637 510 3692 ad
553 3638 716 3693 solid.
752 3641 839 3705 70,
874 3638 1121 3693 sortitas.
1156 3641 1471 3696 Oratoribus
1503 3641 1829 3695 hominibus

193 3735 248 3796 2,
298 3730 373 3784 ad
405 3747 540 3785 ann.
588 3735 670 3798 10,
719 3748 844 3802 cap.
898 3736 949 3798 5,
997 3733 1067 3786 ad
1115 3733 1278 3787 solid.
1327 3737 1510 3788 70.—
1547 3734 1576 3806 §
1619 3737 1670 3788 9.
1701 3736 1828 3789 Haec

191 3824 404 3894 igitur,
477 3841 606 3894 quae
678 3841 779 3896 pro
829 3825 1142 3896 dispendiis
1211 3827 1469 3881 civilibus
1534 3827 1826 3898 judicibus

190 3918 419 3995 Africae,
476 3933 794 3989 eorumque
833 3918 1051 3987 officiis,
1095 3921 1150 3974 id
1197 3925 1302 3989 est,
1348 3925 1468 3975 tam
1519 3921 1830 3975 scriniariis

193 4011 570 4082 amplissimas
619 4011 742 4082 ejus
798 4013 1156 4083 praefectura:
1204 4030 1382 4084 quam
1428 4014 1827 4082 cohortalibus,

192 4120 303 4176 per
344 4104 494 4158 hanc
543 4104 793 4158 divinam
844 4105 1308 4161 constitutionem
1356 4106 1680 4174 statuimus,
1733 4110 1829 4162 tua

192 4197 537 4268 magnitudo
562 4214 903 4268 cognocens,
927 4215 996 4253 ex
1015 4200 1137 4254 Kal.
1168 4199 1457 4270 Septemb.
1489 4200 1697 4255 futurae
1723 4203 1831 4255 ter-

191 4292 290 4346 tias
319 4291 555 4345 decima:
585 4290 913 4346 indictionis
941 4291 1170 4347 effectui
1200 4293 1541 4363 mancipari,
1573 4294 1831 4349 observa-

191 4385 360 4456 rique
389 4387 680 4455 procuret,
725 4389 898 4456 atque
937 4385 1133 4440 edictis
1170 4386 1408 4457 publicis
1446 4388 1712 4442 omnibus
1742 4388 1828 4442 in-

188 4479 474 4544 notescat,
522 4477 628 4544 his,
679 4478 911 4546 scilicet,
967 4479 1064 4550 qui
1115 4479 1356 4534 ordinati
1405 4480 1619 4536 fuerint
1657 4498 1690 4534 a
1734 4485 1832 4535 tua

1849 3213 1903 3286 C

1935 1965 2166 2019 interim
2190 1963 2401 2018 sedeat.
2421 1995 2488 2002 —-
2519 1963 2548 2033 §
2570 1966 2622 2016 2.
2651 1961 2924 2016 Jubemus
2949 1959 3122 2014 etiam
3141 1963 3202 2013 ut
3223 1959 3280 2012 in
3298 1959 3559 2028 trajectu,

1937 2057 2033 2129 qui
2055 2063 2139 2111 est
2159 2060 2360 2111 contra
2381 2055 2725 2126 Hispaniam,
2756 2053 2855 2124 qui
2884 2057 3046 2123 septa
3061 2052 3286 2118 dicitur,
3314 2054 3561 2122 quantos

1935 2149 2251 2222 providerit
2271 2153 2368 2203 tua
2389 2147 2753 2219 magnitudo,
2779 2147 2849 2199 de
2875 2145 3151 2199 militibus
3167 2160 3287 2198 una
3308 2160 3439 2197 cum
3467 2144 3563 2197 tri-

1935 2243 2088 2297 buno
2115 2259 2216 2296 suo
2240 2242 2474 2296 homine
2498 2240 2800 2312 prudente,
2831 2242 2890 2293 et
2913 2237 3274 2292 devotionem
3302 2242 3562 2291 servante

1935 2335 2262 2406 reipublicae
2287 2338 2638 2404 nostrae,per
2652 2332 2843 2386 omnia
2864 2330 3192 2395 constituas,
3218 2330 3314 2400 qui
3345 2329 3563 2399 possint

1934 2434 1989 2483 et
2016 2429 2202 2504 ipsum
2222 2428 2524 2497 trajectum
2550 2441 2778 2495 semper
2806 2440 3052 2489 servare,
3078 2429 3133 2477 et
3159 2422 3372 2488 omnia,
3403 2438 3557 2492 quae-

1934 2537 2158 2592 cunque
2179 2521 2238 2574 in
2269 2519 2520 2590 partibus
2551 2518 2858 2589 Hispaniae,
2889 2517 2974 2570 vel
3007 2515 3224 2581 Galliae,
3257 2531 3355 2568 seu
3388 2515 3558 2568 Fran-

1933 2630 2132 2669 corum
2160 2617 2428 2684 aguntur,
2455 2612 2576 2666 viro
2608 2609 2901 2682 spectabili
2932 2608 3060 2662 duci
3107 2607 3466 2672 denuntiare,
3500 2612 3565 2661 ut

1933 2708 2052 2778 ipse
2082 2711 2194 2760 tute
2220 2704 2606 2776 magnitudini
2633 2704 2862 2757 referat.
2886 2705 2945 2756 111
2974 2718 3084 2772 quo
3118 2701 3358 2771 trajectu
3386 2701 3562 2754 etiam

1933 2801 2252 2865 dromones,
2301 2803 2547 2870 quantos
2595 2796 2923 2868 provideris,
2967 2794 3222 2849 ordinari
3271 2794 3460 2848 facias.
3494 2825 3560 2834 ——-

1932 2893 1962 2965 §
1993 2898 2042 2948 3.
2075 2896 2136 2948 In
2167 2892 2428 2948 Sardinia
2455 2895 2646 2946 autem
2670 2890 2943 2961 jubemus
2969 2889 3174 2942 ducem
3203 2887 3477 2953 ordinari,
3504 2892 3561 2942 et

1934 3003 2066 3040 eum
2081 2986 2240 3057 juxta
2261 2989 2504 3050 montes,
2525 2984 2622 3038 ubi
2648 2983 2963 3037 barbaricae
2981 2985 3178 3051 gentes
3196 2980 3461 3035 videntur
3482 2997 3563 3034 se-

1932 3081 2085 3148 dere,
2113 3080 2422 3133 habentem
2440 3077 2648 3132 milites
2669 3092 2772 3147 pro
2796 3075 3054 3130 custodia
3074 3075 3354 3142 locorum,
3381 3090 3560 3144 quan-

1931 3177 2020 3227 tos
2047 3176 2103 3227 et
2127 3172 2202 3226 ibi
2231 3176 2326 3226 tua
2353 3170 2697 3241 magnitudo
2729 3168 3059 3240 providerit.

2001 3266 2030 3337 §
2057 3267 2108 3318 4.
2144 3267 2209 3319 Et
2237 3281 2436 3318 omnes
2472 3263 2780 3332 diligenter
2810 3279 2913 3332 pro
2946 3261 3268 3315 commissis
3298 3277 3415 3315 suae
3457 3277 3554 3315 cu-

1931 3358 2129 3413 stodiae
2149 3356 2453 3428 provinciis
2482 3355 2798 3424 invigilent,
2829 3357 2884 3406 et
2912 3354 2982 3406 ab
3012 3352 3170 3406 omni
3202 3353 3452 3407 hostium
3480 3353 3562 3407 in-

1929 3451 2192 3506 cursione
2220 3450 2503 3518 subjectos
2525 3451 2750 3502 nostros
2777 3449 3046 3501 tueantur
3069 3445 3290 3511 illresos,
3324 3451 3381 3500 et
3407 3446 3562 3500 festi-

1930 3549 2071 3598 nent
2096 3543 2187 3597 die
2217 3546 2495 3613 nocteque
2523 3541 2625 3596 Dei
2651 3539 2969 3595 invocando
3001 3538 3298 3604 auxilium,
3333 3544 3387 3592 et
3421 3539 3552 3592 dili-

1930 3642 2132 3707 genter
2175 3636 2511 3703 laborando,
2546 3650 2727 3704 usque
2771 3633 2840 3687 ad
2889 3633 3013 3686 illos
3049 3633 3192 3685 111105
3243 3632 3559 3703 provincias

1928 3724 2221 3785 Africanas
2253 3729 2581 3796 extendere,
2623 3727 2718 3780 ubi
2747 3730 2878 3780 ante
2907 3725 3257 3780 invasionem
3285 3725 3561 3780 Vandalo-

1928 3841 2060 3879 rum
2089 3829 2145 3878 et
2158 3825 2480 3878 Maurorum
2494 3820 2814 3892 respublica
2829 3821 3089 3874 Romana
3111 3819 3255 3872 ﬁnes
3276 3818 3560 3872 habuerat

1932 3921 1989 3972 et
2009 3917 2104 3970 ubi
2133 3916 2391 3971 custodes
2416 3914 2638 3984 antiqui
2667 3913 2988 3979 servabant,
3020 3912 3166 3966 sicut
3197 3929 3264 3966 ex
3285 3911 3561 3966 clausuris

1932 4015 1989 4065 et
2011 4011 2208 4082 burgis
2239 4008 2591 4073 ostenditur;
2636 4006 2882 4061 maxime
2903 4011 3102 4075 autem
3134 4005 3389 4060 civitates
3430 4022 3558 4076 quae

1929 4121 2106 4176 prope
2142 4105 2432 4158 clausuras
2469 4105 2525 4158 et
2555 4102 2698 4155 ﬁnes
2727 4104 2891 4156 antea
2914 4100 3278 4167 tenebantur,
3313 4116 3442 4153 cum
3472 4115 3557 4153 es-

1931 4201 2059 4252 sent
2078 4199 2179 4252 sub
2211 4199 2470 4251 Romano
2506 4195 2754 4266 imperio
2778 4194 3118 4260 constitutae,
3151 4193 3454 4248 auxiliante
3486 4192 3566 4246 di-

1933 4292 2061 4346 vina
2076 4290 2486 4357 misericordia,
2507 4306 2636 4344 cum
2649 4289 2841 4343 hostes
2854 4305 2958 4359 per
2972 4290 3163 4359 partes
3177 4287 3562 4358 expelluntur,

1933 4385 2204 4441 festinent
2232 4383 2743 4454 comprehendere,
2777 4385 2948 4451 atque
2975 4381 3236 4446 munire;
3267 4385 3325 4434 et
3362 4380 3420 4433 in
3453 4380 3564 4434 illis

1933 4479 2100 4532 duces
2115 4481 2171 4530 et
2190 4476 2400 4531 milites
2419 4493 2522 4547 per
2535 4479 2728 4546 partes
2741 4473 3036 4540 accedant,
3058 4473 3154 4527 ubi
3169 4475 3337 4526 antea
3347 4472 3491 4526 ﬁnes
3509 4478 3564 4525 et

192 4570 552 4626 sublimitate
598 4571 914 4626 secundum
947 4578 1289 4643 praesentem
1332 4573 1580 4627 divinam
1621 4574 1830 4628 consti-
1851 4577 1910 4648 D
1933 4573 2205 4626 clausuras
2230 4569 2648 4640 provinciarum
2681 4569 2865 4634 erant,
2900 4566 3127 4638 quando
3159 4565 3401 4635 integras
3426 4565 3564 4620 Afri-

189 4663 507 4732 tutionem,
540 4663 870 4719 firmitatem
898 4665 986 4719 sui
1015 4668 1194 4720 status
1219 4667 1275 4720 in
1305 4669 1582 4737 perpetuo
1611 4667 1832 4722 habitu-

190 4758 294 4812 ris.
325 4758 470 4812 Nam
504 4757 616 4811 Deo
641 4758 877 4828 juvante
907 4758 976 4814 de
1005 4759 1348 4815 militaribus
1360 4760 1646 4830 judicibus
1673 4763 1730 4814 et
1761 4761 1829 4814 de

193 4850 404 4907 01110115
435 4865 652 4918 eorum,
683 4853 741 4905 et
771 4851 840 4906 de
872 4851 982 4907 alio
1013 4857 1205 4908 nostro
1237 4853 1487 4908 exercitu
1514 4869 1617 4924 per
1662 4853 1832 4908 aliam

195 4944 563 5000 sanctionem
594 4947 931 5001 statuemus.
965 4947 1092 5002 Dat.
1134 4947 1558 5018 Constantinop.
1589 4947 1834 5002 Domino

194 5043 397 5094 nostro
420 5037 742 5094 Iustiniano
770 5041 828 5094 P.
857 5041 916 5094 P.

905 5133 1033 5189 LEX
1065 5135 1130 5190 II.

271 5226 432 5281 Idem
467 5229 754 5298 Augustus
798 5227 1068 5283 Belisario
1121 5227 1400 5299 magistro
1445 5228 1694 5284 militum
1734 5245 1838 5300 per

197 5320 519 5376 Orientem.

275 5415 336 5467 In
368 5412 600 5468 nomine
648 5415 876 5469 Domini
916 5415 1095 5470 nostri
1125 5417 1258 5470 Jesu
1300 5415 1506 5470 Christi
1537 5416 1610 5470 ad
1641 5416 1838 5471 omnia

201 5506 445 5562 consilia
475 5523 790 5578 omnesque
821 5510 979 5562 actus
1001 5525 1227 5580 semper
1257 5509 1661 5579 progredimur
1690 5527 1703 5576 ;
1736 5526 1838 5581 per

199 5604 393 5676 ipsum
427 5601 580 5656 enim
610 5601 746 5672 jura
763 5600 989 5672 imperii
1006 5601 1382 5672 suscepimus,
1407 5619 1511 5672 per
1534 5602 1722 5673 ipsum
1749 5620 1840 5674 pa-

202 5712 331 5752 cem
354 5711 484 5750 cum
500 5696 681 5752 Persis
707 5695 768 5750 in
792 5697 1077 5748 mternum
1105 5693 1589 5760 conﬁrmavimus,
1621 5713 1725 5765 per
1749 5697 1835 5767 ip-

204 5806 333 5844 sum
360 5789 754 5844 acerbissimos
782 5788 973 5842 hostes
1004 5790 1060 5842 et
1079 5785 1418 5841 fortissimos
1448 5791 1724 5858 tyrannos
1747 5789 1841 5843 de-

197 5883 465 5956 jecimus,
480 5883 786 5956 peripsum
811 5881 1020 5935 multas
1039 5879 1399 5936 difficultates
1426 5881 1837 5952 superavimus,

1932 4681 2090 4719 canae
2117 4663 2492 4718 servabantur
2520 4661 2622 4715 sub
2656 4662 2914 4714 Romano
2949 4658 3190 4729 imperio
3234 4657 3560 4729 provincias,

1934 4757 2087 4828 quod
2102 4757 2216 4810 Deo
2229 4758 2517 4814 annuente
2532 4753 2710 4824 (cujus
2721 4751 2931 4806 auxilio
2944 4751 3109 4806 nobis
3125 4750 3399 4805 restitutae
3412 4752 3562 4820 sunt)

1933 4866 2233 4921 speramus
2259 4848 2370 4902 cito
2401 4846 2608 4902 nostris
2641 4845 2939 4917 provenire
2989 4843 3385 4914 temporibus;
3421 4849 3478 4898 et
3503 4846 3567 4897 ut

1934 4944 1993 4999 in
2020 4943 2321 4997 securitate
2349 4945 2406 4995 et
2432 4957 2572 5013 pace
2595 4939 2902 5011 provinciae
2928 4954 3060 4994 cum
3085 4936 3334 5008 antiquis
3356 4937 3566 4991 ﬁnibus

1936 5038 2176 5108 integra:
2206 5037 2524 5102 serventur,
2550 5038 2608 5088 et
2627 5033 2836 5105 vigiliis
2859 5049 2924 5086 ac
2954 5031 3244 5086 laboribus
3273 5030 3565 5085 devotissi-

1935 5148 2165 5186 morum
2196 5129 2467 5197 militum,
2501 5131 2558 5182 et
2588 5145 2723 5182 cura
2751 5125 3149 5198 spectabilium
3176 5141 3281 5196 pro
3303 5129 3568 5195 tempore

1937 5227 2157 5281 Ducum
2177 5223 2574 5279 custodiantur
2591 5221 2800 5290 illaesa,
2818 5219 3094 5291 quoniam
3116 5219 3196 5273 ita
3222 5217 3491 5273 convenit
3506 5221 3570 5272 ut

1938 5336 2166 5390 semper
2209 5317 2472 5372 custodes
2508 5315 2649 5371 ﬁnes
2679 5313 2982 5386 provincia:
3011 5316 3257 5379 servent,
3299 5328 3372 5366 ne
3402 5312 3572 5367 detur

1940 5413 2192 5468 hostibus
2219 5411 2447 5466 licentia
2467 5409 2798 5465 incurrendi
2816 5412 2914 5463 aut
2931 5407 3267 5461 devastandi
3295 5407 3415 5460 loca
3441 5422 3570 5476 quas

1940 5507 2118 5562 nostri
2139 5505 2379 5576 subjecti
2418 5503 2732 5574 possident.
2752 5533 2819 5542 ———
2837 5502 2866 5574 ἓ
2885 5505 2935 5555 5.
2953 5501 3211 5566 Quantos
3242 5506 3433 5555 autem
3460 5499 3569 5553 mi-

1938 5601 2083 5667 lites,
2116 5600 2231 5654 sive
2258 5597 2498 5669 pedites,
2537 5597 2650 5650 sive
2683 5596 2921 5668 equites,
2959 5611 3063 5666 per
3092 5607 3571 5664 unumquemque
3639 5635 3654 5650 ,

1938 5693 2182 5748 limitem
2199 5690 2466 5747 collocari
2487 5694 2711 5761 oportet
2733 5689 2806 5743 ad
2829 5686 3227 5744 custodiendas
3252 5681 3570 5756 provincias

1942 5790 1999 5842 et
2012 5787 2286 5848 civitates,
2312 5791 2411 5839 tua
2426 5783 2788 5856 magnitudo,
2814 5787 2985 5854 prout
3005 5775 3464 5838 consideraverit,
3484 5791 3572 5829 or-

1942 5881 2103 5937 dinet
2129 5886 2187 5936 et
2207 5879 2371 5936 nobis
2399 5877 2630 5949 referat,
2661 5883 2722 5934 ut
2750 5877 2797 5933 si
2821 5873 3248 5950 praeviderimus
3275 5867 3566 5924 sufﬁcien-
