4088 6458
563 382 698 434 1107

1707 370 1956 429 S/ECULl
1997 369 2189 424 SEXTI
2226 368 2778 424 SUPPLEMENTUM.

3872 364 4022 416 1108

551 489 672 540 tem
699 499 819 539 esse
847 480 1296 546 ordinationem,
1334 479 1740 533 conﬁrmemus
1766 494 1932 544 eam;
1960 477 2046 531 sin
2071 494 2166 532 au-
2186 485 2246 559 Α
2267 476 2574 531 necessitas
2599 473 2922 541 emerserit,
2948 473 3056 528 viri
3088 471 3454 544 spectabiles
3485 471 3698 525 duces
3729 469 4019 525 invicem

551 575 670 626 tem
701 567 1116 642 perspeximus,
1146 571 1202 622 et
1232 565 1448 637 aliquid
1481 566 1726 637 amplius
1759 565 1902 632 fieri,
1947 569 2009 619 ut
2033 581 2164 622 eam

553 666 1008 734 augmentemus.
1023 659 1140 730 —§
1164 662 1216 714 6.
1233 658 1380 724 Quid
1398 662 1592 712 autem
1617 657 1728 712 dux
1751 657 2168 728 stipendiorum

553 755 789 810 nomine
819 769 920 825 pro
946 769 1006 806 se
1025 751 1253 822 suisque
1273 749 1624 817 hominibus,
1645 753 1700 804 et
1721 749 1858 821 quid
1885 751 2006 822 ejus
2039 750 2164 805 offi-

551 847 700 901 cium
722 848 1120 916 consequetur,
1144 843 1332 898 hocin
1353 841 1580 896 subdita
1601 842 1924 896 declaratur
1948 842 2166 897 notitia.

553 939 662 1011 ——§
687 944 740 993 7.
757 938 907 994 Sicut
927 953 1065 1008 ergo
1087 935 1422 1008 pradictum
1443 937 1546 1001 est,
1574 933 1804 988 interim
1827 950 1976 988 nunc
1998 935 2170 988 duces

551 1049 616 1087 ac
663 1031 874 1086 milites
905 1029 1220 1084 secundum
1268 1033 1520 1082 nostram
1559 1025 1987 1096 dispositionem
2012 1027 2166 1094 locis,

554 1142 652 1178 seu
678 1123 1014 1188 civitatibus,
1061 1121 1121 1176 in
1147 1121 1354 1193 quibus
1385 1119 1679 1190 jussimus,
1711 1119 1962 1186 sedeant,
1990 1119 2170 1174 donec

551 1217 669 1271 Deo
691 1215 994 1270 auxiliante
1025 1214 1189 1268 nobis
1220 1229 1285 1267 ac
1313 1211 1637 1283 reipublica
1652 1213 1863 1265 nostra
1891 1227 1995 1281 per
2019 1211 2170 1266 labo-

552 1326 639 1364 res
668 1311 892 1364 nostros
921 1307 980 1361 in
1008 1306 1118 1360 illis
1145 1305 1284 1360 locis
1313 1303 1574 1359 constitui
1602 1303 1840 1374 possint,
1877 1303 1934 1356 in
1964 1303 2170 1374 quibus

549 1401 995 1471 uniuscujusque
1023 1397 1328 1468 provincia
1347 1397 1614 1466 antiquus
1639 1395 1804 1449 limes
1831 1395 2169 1450 constitutus

553 1497 694 1559 erat,
723 1492 953 1564 quando
975 1491 1216 1545 ﬂorente
1247 1490 1506 1543 Romana
1527 1487 1814 1558 republica
1839 1491 2170 1543 memorata

558 1584 863 1656 provincia
887 1584 1126 1652 integra
1142 1581 1504 1635 tenebantur.
1523 1611 1590 1620 —
1611 1579 1641 1651 §
1665 1581 1716 1635 8.
1740 1581 1846 1634 Pro
1862 1580 2169 1635 limitaneis

554 1695 688 1732 vero
717 1675 1041 1730 ordinandis
1073 1673 1456 1727 necessarium
1491 1671 1652 1726 nobis
1685 1688 1808 1726 esse
1835 1671 2078 1740 videtur,
2109 1677 2170 1728 ut

553 1775 709 1825 extra
734 1767 1138 1822 comitatenses
1166 1765 1394 1833 milites,
1423 1764 1518 1835 qui
1547 1781 1652 1835 per
1675 1768 1859 1819 castra
1890 1769 2037 1831 sunt,
2067 1765 2169 1819 mi-

2271 569 2396 636 sibi,
2440 569 2672 639 quando
2707 583 2842 622 usus
2873 566 3148 638 exegerit,
3185 564 3484 620 auxilium
3526 562 3921 634 prabeant,
3959 568 4021 616 ut

2270 661 2600 735 provincia,
2642 677 2742 714 seu
2782 659 2996 714 limites
3038 675 3240 714 eorum
3271 656 3507 727 vigiliis
3558 661 3631 710 et.
3679 655 4018 710 laboribus

2271 754 2406 825 (Deo
2426 754 2678 823 juvante)
2710 751 2871 806 illasi
2898 749 3324 806 custodiantur.
3348 780 3424 790 —
3460 748 3497 820 §
3534 751 3603 803 11
3622 787 3639 803 .
3683 747 3878 802 Sicut
3910 765 4016 802 au-

2268 851 2390 902 tem
2410 845 2680 916 jubemus
2705 844 2952 898 audaces
2979 845 3038 897 et
3065 843 3293 897 feroces
3310 844 3541 896 contra
3575 840 3905 896 inimicos
3925 841 4017 912 ju-

2272 939 2425 994 dices
2453 955 2517 993 ac
2547 937 2760 1012 milites
2785 940 3013 991 nostros
3039 951 3186 1001 esse,
3216 935 3300 989 sic
3325 935 3637 989 volumus
3671 950 3789 988 eos
3827 935 4018 989 muas

2269 1035 2326 1088 et
2352 1031 2661 1086 benevolos
2679 1029 2830 1084 circa
2858 1029 3162 1083 collatores
3187 1030 3434 1082 nostros
3458 1027 3779 1094 existere,
3799 1029 3872 1082 et
3887 1029 4017 1082 nul-

2268 1127 2390 1180 lum
2418 1125 2715 1189 damnum,
2749 1121 3086 1191 nullamque
3119 1120 3426 1174 lasionem
3460 1119 3532 1174 in
3566 1136 3691 1174 eos
3727 1119 4012 1174 efﬁcere.

2271 1217 2370 1272 Sin
2392 1221 2584 1270 autem
2607 1214 2916 1285 quisquam
2938 1213 3010 1266 de
3032 1212 3320 1267 militibus
3332 1228 3524 1266 ausus
3555 1213 3769 1267 fuerit
3791 1229 4014 1284 quam-

2268 1325 2492 1380 cunque
2514 1308 2808 1362 lasiouem
2823 1305 3145 1360 tributariis
3162 1305 3384 1359 nostris
3408 1305 3696 1372 inferre,
3719 1306 4012 1376 periculo

2269 1402 2372 1456 viri
2415 1399 2735 1473 spectabilis
2771 1398 2930 1452 ducis
2958 1414 3060 1452 seu
3087 1396 3312 1451 tribuni
3345 1401 3406 1450 et
3437 1397 3773 1469 principis
3815 1398 4012 1469 digna

2269 1493 2518 1548 vindicta
2547 1492 2849 1557 afficiatur,
2877 1495 2940 1544 ut
2962 1489 3274 1544 indemnes
3295 1489 3631 1543 tributarii
3665 1491 3884 1545 nostri
3917 1509 4012 1544 cu-

2270 1585 2610 1640 stodiantur.
2642 1615 2710 1624 —
2740 1583 2771 1655 §
2817 1585 2903 1637 12.
2938 1582 2997 1637 Si
3028 1598 3166 1636 vero
3195 1597 3304 1652 pro
3347 1581 3762 1652 quibusdam
3805 1585 4010 1638 causis

2265 1677 2652 1748 interpellatio
2683 1675 2836 1747 apud
2855 1679 3083 1728 nostros
3099 1673 3336 1744 judices
3362 1675 3536 1729 facta
3571 1675 3812 1742 fuerit,
3829 1677 4010 1746 jube-

2268 1787 2396 1824 mus
2422 1785 2539 1823 non
2561 1767 2805 1838 amplius
2831 1767 3222 1836 sportularum
3255 1765 3506 1820 nomine
3530 1783 3754 1837 quam
3773 1770 4010 1822 nostris

549 1859 974 1917 liteslimitanei
999 1858 1436 1924 constituantur,
1457 1857 1553 1928 qui
1578 1855 1798 1928 possint
1813 1859 1870 1910 et
1892 1861 2168 1922 castra,et
2187 1835 2243 1908 B
2267 1862 2488 1932 legibus
2521 1835 2822 1915 deﬁnitum
2859 1835 2944 1913 est
2971 1862 3343 1914 exsecutores
3374 1835 3710 1930 accip—ere,
3746 1877 4006 1932 poenam

551 1953 785 2010 civitatis
809 1953 1019 2007 limites
1040 1949 1371 2018 defendere,
1396 1954 1452 2003 et
1471 1953 1648 2002 terras
1675 1950 1882 2018 colere,
1907 1953 1964 2003 et
1989 1951 2051 2002 ut
2069 1949 2167 2003 alii

551 2044 923 2118 provinciales
951 2043 1209 2098 videntes
1235 2057 1331 2096 eos
1359 2058 1464 2112 per
1487 2046 1700 2113 partes,
1733 2041 1806 2095 ad
1835 2040 1932 2095 illa
1955 2041 2079 2096 loca
2107 2057 2166 2096 se

553 2139 869 2193 conferant.
884 2138 952 2190 Et
975 2135 1300 2205 exemplum
1319 2133 1559 2188 fecimus
1579 2133 1746 2188 unius
1774 2133 1999 2188 numeri
2022 2133 2169 2188 limi-

553 2235 874 2294 taneorum,
901 2232 964 2280 ut
994 2225 1305 2280 secundum
1334 2225 1658 2296 exemplum
1693 2224 1847 2296 quod
1871 2241 1976 2279 nos
2006 2225 2164 2278 misi-

557 2339 682 2377 mus
694 2324 992 2392 percastra
1009 2319 1198 2374 etloca
1218 2334 1345 2389 qua
1364 2316 1676 2388 providerit
1688 2320 1784 2370 tua
1805 2317 2164 2387 magnitudo,

553 2431 650 2469 eos
677 2414 748 2468 ad
774 2410 1207 2466 similitudinem
1233 2410 1409 2464 nostri
1437 2409 1680 2480 exempli
1707 2407 1959 2476 ordinet;
1983 2409 2060 2462 sic
2089 2413 2169 2464 ta-

550 2522 702 2571 men,
732 2505 867 2560 utsi
898 2503 1180 2558 inveneris
1209 2502 1280 2556 de
1324 2501 1626 2572 provinciis
1661 2501 1872 2555 idonea
1905 2517 2164 2572 corpora,

550 2604 647 2654 aut
671 2598 741 2653 de
767 2596 874 2652 illis
902 2612 1045 2667 quos
1071 2600 1241 2649 antea
1269 2594 1477 2648 milites
1504 2593 1810 2660 habebant,
1839 2593 2162 2648 limitaneo-

552 2708 678 2746 rum
707 2689 1017 2744 constituas
1043 2687 1101 2741 in
1130 2702 1394 2752 numero,
1415 2685 1470 2739 in
1498 2701 1844 2757 unoquoque
1873 2685 2073 2753 limite,
2106 2689 2169 2740 ut

553 2790 596 2841 si
619 2788 812 2857 aliqua
823 2785 1059 2839 forsitan
1075 2782 1384 2837 commotio
1409 2783 1597 2848 fuerit,
1616 2781 1950 2852 possintipsi
1967 2781 2169 2837 limita-

553 2881 646 2934 nei
673 2880 794 2933 sine
821 2876 1281 2932 comitatensibus
1311 2873 1607 2940 militibus,
1640 2891 1754 2930 una
1778 2890 1907 2928 cum
1933 2874 2166 2929 ducibus

553 2977 665 3030 suis
703 2975 971 3046 adjuvare
1004 2973 1149 3039 loca,
1177 2971 1274 3026 ubi
1307 2970 1561 3042 dispositi
1591 2971 1824 3037 fuerint,
1856 2987 1971 3025 non
1997 2972 2167 3042 longe

552 3072 797 3127 limitem
823 3074 1112 3138 exeuntes,
1142 3085 1246 3122 nec
1274 3067 1382 3138 ipsi
1411 3066 1714 3134 limitanei,
1740 3084 1843 3122 nec
1872 3067 2042 3122 duces
2068 3084 2164 3122 eo-

2269 1955 2483 2011 eisdem
2516 1953 2740 2025 legibus
2791 1951 3070 2006 insertam
3109 1967 3179 2005 ex
3208 1951 3732 2023 transgressiéne
3779 1955 4004 2009 formi-

2267 2048 2490 2104 dantes.

2337 2139 2368 2212 §
2397 2142 2480 2194 13.
2510 2141 2654 2196 Cum
2691 2140 2885 2192 autem
2911 2137 3030 2192 Deo
3064 2141 3371 2192 annuente
3397 2139 3742 2195 Africanae
3777 2148 4005 2197 nostra

2267 2231 2571 2305 provincia
2604 2245 2709 2301 per
2731 2233 2892 2284 tuam
2923 2228 3434 2298 magnitudinem,
3473 2233 3858 2290 secundum
3894 2254 4002 2290 no-

2267 2330 2445 2381 stram
2456 2321 2889 2394 dispositionem
2906 2321 3214 2388 ordinata,
3231 2327 3291 2377 et
3316 2323 3554 2378 limites
3569 2325 3642 2380 in
3658 2328 4003 2400 antiquum

2267 2421 2479 2472 statum
2525 2415 2764 2480 reducti,
2800 2418 2859 2468 et
2888 2415 3080 2469 omnis
3125 2415 3328 2470 Africa
3361 2415 3448 2471 sic
3481 2417 3769 2476 detenta
3819 2422 4004 2478 fuerit

2268 2511 2410 2564 sicut
2435 2514 2578 2574 erat,
2609 2524 2738 2561 cum
2765 2523 2905 2576 ergo
2938 2507 3062 2562 hac
3080 2509 3289 2563 omnia
3318 2508 3474 2580 (Deo
3495 2511 3812 2585 juvante)
3843 2533 4000 2588 pra-

2268 2607 2425 2658 sente
2454 2606 2555 2656 tua
2579 2598 2980 2671 magnitudine
2997 2599 3286 2672 disposita
3304 2606 3367 2657 et
3396 2605 3710 2674 perfecta
3742 2608 4001 2678 fuerint,

2267 2697 2325 2750 et
2347 2711 2450 2766 per
2473 2694 2700 2749 labores
2725 2698 2851 2749 tuos
2882 2693 3190 2766 [antiquos]
3223 2695 3378 2748 ﬁnes
3402 2712 3649 2753 omnes
3673 2702 3899 2758 Africa
3921 2721 4001 2757 re-

2267 2787 2500 2859 ceperit,
2534 2791 2591 2841 et
2619 2787 2882 2842 docuerit
2910 2804 3018 2842 nos
3044 2787 3117 2841 de
3151 2789 3322 2842 omni
3353 2788 3785 2850 ordinatione
3819 2797 4001 2851 totius

2264 2879 2548 2934 Africana
2571 2879 2901 2946 diaceseos,
2931 2879 2989 2935 id
3020 2885 3125 2946 est,
3147 2881 3363 2952 quanti
3397 2885 3463 2936 et
3488 2885 3612 2954 qui
3647 2887 3921 2953 milites,
3945 2890 4000 2942 in

2269 2971 2471 3043 quibus
2485 2971 2644 3040 locis,
2673 2972 2759 3026 vel
2785 2971 3112 3026 civitatibus
3138 2974 3450 3028 constituti
3481 2981 3668 3045 sunt,
3688 2985 3762 3034 et
3790 2983 4000 3052 quanti

2266 3065 2567 3132 limitanei,
2599 3067 2657 3119 et
2684 3064 2744 3119 in
2765 3064 2974 3136 quibus
2997 3065 3140 3120 locis
3161 3071 3221 3120 et
3239 3065 3480 3122 militiis
3505 3070 3830 3128 collocati
3846 3079 3998 3140 sunt,

553 3179 704 3233 rum,
739 3167 795 3217 et
833 3162 1054 3216 nullum
1099 3160 1274 3214 etiam
1324 3158 1680 3229 dispendium
1713 3176 1748 3213 a
1791 3157 2044 3228 ducibus,
2079 3161 2166 3214 vel
2187 3186 2242 3260 Ο
2268 3157 2693 3260 tunc-jubemus
2718 3160 2880 3212 tuam
2907 3157 3394 3260 magnitudinem
3428 3160 3516 3214 ad
3551 3169 3864 3222 nostram
3888 3170 3999 3223 cle~

553 3259 808 3316 ducianis
837 3257 1090 3330 praedicti
1132 3256 1413 3310 limitanei
1451 3255 1784 3322 sustineant,
1814 3273 1920 3310 nec
1951 3257 2168 3326 aliquas

553 3353 656 3408 sibi
681 3350 1120 3407 consuetudines
1136 3349 1206 3403 de
1227 3363 1427 3402 eorum
1455 3346 1746 3418 stipendiis
1773 3365 1874 3418 per
1901 3348 2167 3403 fraudem

553 3447 624 3501 ad
640 3461 806 3499 suum
830 3445 1053 3498 lucrum
1072 3444 1424 3496 convertant.
1455 3441 1582 3494 Hac
1610 3444 1803 3495 autem
1833 3457 1949 3495 non
1983 3442 2166 3496 solum

549 3539 610 3594 in
631 3536 954 3592 limitaneos
973 3535 1232 3588 volumus
1259 3532 1683 3600 observari,sed
1714 3531 1888 3587 etiam
1920 3532 1978 3586 in
1994 3533 2168 3587 comi-

551 3634 800 3686 tatenses
827 3627 1056 3682 milites.
1076 3657 1142 3666 -—
1165 3625 1195 3698 §
1223 3628 1275 3680 9.
1298 3627 1365 3680 Et
1397 3640 1862 3695 unumquemque
1884 3624 2092 3679 ducem
2110 3628 2169 3680 et

549 3723 808 3778 tribunos
855 3718 1192 3774 earumdem
1230 3716 1480 3772 militum
1513 3715 1804 3786 jubemus,
1838 3719 1902 3770 ut
1941 3733 2168 3788 semper

552 3815 758 3870 milites
785 3813 854 3867 ad
885 3810 1346 3867 exercitationem
1369 3825 1664 3863 armorum
1691 3811 1944 3875 teneant,
1969 3813 2025 3862 et
2049 3826 2168 3864 non

551 3906 869 3960 concedant
894 3921 989 3958 eos
1009 3901 1280 3972 divagari,
1302 3904 1367 3954 ut
1384 3901 1430 3954 si
1447 3899 1678 3972 quando
1709 3900 2012 3954 necessitas
2027 3917 2164 3955 con-

550 3997 762 4068 tigerit,
775 3995 995 4068 possint
1019 3993 1264 4048 inimicis
1285 3991 1566 4060 resistere,
1593 3994 1649 4046 et
1675 3992 1896 4046 nullum
1919 3993 2169 4048 audeant

553 4090 724 4144 duces
749 4093 849 4142 aut
884 4085 1099 4142 tribuni
1125 4085 1562 4139 commeatalem
1594 4085 1664 4139 de
1697 4084 1834 4155 ipsis
1857 4084 2165 4154 dimittere,

553 4198 646 4248 ne,
681 4181 818 4234 dum
838 4179 946 4234 sibi
969 4180 1188 4232 lucrum
1219 4176 1450 4231 student
1478 4177 1778 4244 conﬁcere,
1796 4176 2167 4233 incustoditas

554 4277 777 4329 nostras
806 4272 1131 4342 relinquant
1165 4269 1499 4341 provincias.
1530 4270 1670 4323 Nam
1698 4269 1745 4322 si
1772 4270 2168 4341 usurpaverint

553 4365 860 4421 memorati
882 4364 1070 4429 duces,
1088 4362 1176 4417 vel
1195 4361 1381 4417 officia
1407 4377 1628 4428 eorum,
1643 4378 1743 4416 seu
1767 4361 2002 4430 tribuni,
2016 4379 2168 4417 com-

551 4458 857 4514 meatalem
871 4457 940 4512 de
955 4455 1226 4510 militibus
1238 4455 1579 4525 relinquere,
1599 4453 2168 4524 autaliquodlucrum

2267 3245 2545 3300 mentiam
2575 3261 2858 3300 remeare.
2891 3275 2960 3286 -—
2992 3244 3024 3318 §
3057 3246 3142 3300 14.
3178 3247 3425 3302 Interea
3458 3265 3622 3307 vero
3669 3253 3724 3308 si
3767 3257 4004 3328 aliquas

2265 3337 2514 3392 civitates
2531 3353 2631 3391 seu
2653 3338 2886 3392 castella
2905 3355 3012 3409 per
3031 3338 3247 3394 limites
3273 3342 3633 3400 constituta
3650 3350 4002 3418 providerit

2265 3432 2365 3484 tua
2393 3429 2734 3501 magnitudo
2754 3430 2952 3486 nimia
2978 3447 3104 3486 esse
3127 3433 3624 3506 magnitudinis,
3653 3444 3725 3496 et
3749 3449 4004 3515 propter

2265 3523 2373 3577 hoc
2396 3539 2512 3577 non
2540 3539 2708 3594 posse
2734 3523 2886 3578 bene
2918 3523 3218 3590 custodiri,
3256 3526 3334 3581 ad
3369 3529 3578 3585 talem
3617 3535 3904 3592 modum
3936 3555 4001 3592 ea

2265 3615 2515 3670 construi
2538 3615 2824 3687 disponat,
2840 3621 2904 3672 ut
2917 3617 3140 3688 possint
3159 3635 3270 3688 per
3289 3636 3538 3690 paucos
3549 3624 3735 3682 bene
3751 3632 3997 3686 servari.

2265 3739 2333 3748 ——
2357 3707 2388 3779 §
2420 3711 2502 3763 t5.
2526 3709 2668 3764 Cum
2694 3712 2890 3764 autem
2909 3709 3260 3782 magnitudo
3289 3714 3423 3782 tua,
3453 3719 3780 3778 omnibus
3810 3723 3999 3797 dispo-

2266 3801 2405 3867 sitis,
2421 3801 2494 3855 ad
2517 3817 2622 3856 nos
2645 3817 2908 3856 remeare
2924 3802 3087 3873 jussa
3107 3803 3310 3874 fuerit,
3345 3809 3504 3863 tunc
3544 3810 3759 3869 duces
3795 3818 3996 3872 unius-

2265 3893 2538 3965 cujusque
2569 3893 2796 3962 limitis;
2835 3895 3060 3966 quoties
3091 3912 3199 3967 pro
3228 3907 3724 3972 componendis
3752 3911 3997 3966 civitati-

2263 3985 2388 4054 bus,
2425 3990 2524 4042 aut
2551 3986 2766 4054 castris,
2797 3990 2856 4042 et
2891 4005 2996 4058 pro
3025 3988 3352 4060 dispendiis
3383 3995 3546 4066 suis,
3587 4005 3714 4056 aut
3741 4021 3861 4076 pro
3895 4022 3992 4059 an-

2266 4078 2434 4134 nonis
2476 4078 2711 4150 aliquod
2757 4096 2902 4152 0pus
2949 4081 3292 4154 habuerint,
3327 4089 3620 4146 celerius
3671 4097 3761 4152 ad
3807 4099 3990 4153 virum

2263 4171 2638 4243 magniﬁcum
2677 4173 3020 4244 praefectum
3048 4191 3156 4246 per
3184 4177 3471 4235 Africam
3509 4184 3912 4258 signiﬁcent,
3938 4197 3994 4246 ut

2263 4265 2384 4336 ipse
2410 4281 2539 4336 qua
2558 4267 2879 4320 necessaria
2902 4267 3121 4323 fuerint
3141 4268 3398 4329 festinet
3413 4273 3674 4348 facere,
3699 4299 3784 4339 ne
3804 4285 3991 4357 aliqua

2264 4358 2572 4429 protractio
2599 4357 2908 4429 provinciis
2939 4366 3168 4416 noceat.

2337 4450 2367 4522 §
2406 4453 2490 4506 16.
2530 4452 2610 4505 Ea
2641 4468 2796 4519 vero,
2835 4468 2966 4523 qua
3003 4453 3128 4524 ipse
3165 4453 3402 4526 fecerit,
3439 4464 3548 4518 vel
3605 4483 3761 4538 qua
3811 4471 3994 4526 adhuc

553 4552 624 4607 de
651 4566 853 4607 eorum
866 4548 1266 4604 emolumentis
1279 4547 1386 4601 sibi
1399 4545 1711 4617 acquirere,
1727 4547 1834 4602 hoc
1852 4564 1968 4602 non
1983 4548 2165 4603 solum
2184 4541 2244 4614 D
2265 4543 2583 4598 necessario
2605 4543 2972 4614 procuranda
2996 4550 3385 4620 suntpostea,
3404 4555 3476 4608 et.
3488 4566 3904 4619 memoratus
3920 4563 3996 4618 vi:

548 4645 608 4700 in
622 4643 1002 4716 quadruplum
1010 4640 1278 4712 jubemus
1287 4639 1512 4711 publico
1527 4639 1863 4709 rependere,
1881 4640 1981 4694 sed
1995 4640 2169 4696 etiam

552 4736 832 4808 dignitate
859 4751 956 4790 eos
981 4732 1211 4805 privari.
1232 4731 1408 4802 Magis
1434 4730 1589 4786 enim
1615 4730 1828 4786 debent
1850 4731 2089 4786 etduces
2112 4735 2170 4786 et

547 4828 760 4884 tribuni
791 4843 962 4899 supra
987 4827 1257 4896 deputata
1290 4823 1394 4878 sibi
1436 4824 1826 4878 emolumenta
1856 4823 2167 4880 secundum

546 4921 768 4976 labores
816 4936 948 4974 suos
986 4919 1057 4972 de
1098 4919 1292 4972 nostra
1335 4915 1598 4987 largitate
1639 4915 2166 4973 remunerationem

548 5030 798 5084 sperare,
835 5015 892 5066 et
923 5027 1040 5066 non
1078 5009 1147 5064 de
1177 5008 1513 5064 commeatis
1550 5007 1796 5064 militum
1839 5011 1939 5064 aut
1966 5026 2164 5065 eorum

547 5105 842 5177 stipendiis
869 5106 1088 5159 lucrum
1118 5101 1222 5156 sibi
1253 5101 1567 5172 acquirere,
1599 5101 1874 5172 quoniam
1906 5101 2034 5157 ideo
2069 5119 2162 5158 or-

548 5197 727 5253 dinati
748 5202 879 5253 sunt
899 5196 1129 5263 milites,
1161 5198 1222 5250 ut
1244 5211 1348 5266 per
1373 5194 1525 5265 ipsos
1550 5193 1855 5264 provincia
1882 5195 2166 5250 vindicen-

547 5292 660 5356 tur,
695 5290 978 5361 pracipue
1015 5305 1148 5344 cum
1187 5287 1537 5343 sufficienter
1559 5289 1616 5341 et
1652 5286 1788 5358 ipsis
1819 5287 2075 5356 ducibus,
2107 5291 2166 5343 et

549 5395 751 5436 eorum
777 5381 973 5436 ofﬁciis
1003 5381 1389 5436 emolumenta
1417 5378 1800 5450 prastitimus,
1833 5384 1890 5434 et
1935 5396 2164 5451 semper

544 5473 898 5544 providimus
923 5488 1396 5544 unumquemque
1433 5471 1749 5527 secundum
1777 5471 2005 5527 labores
2032 5490 2163 5528 suos

547 5566 622 5620 ad
637 5565 901 5621 meliores
927 5565 1155 5635 gradus,
1183 5569 1240 5620 et
1267 5565 1339 5620 ad
1367 5564 1614 5634 majores
1631 5563 1936 5636 dignitates
1961 5565 2163 5636 perdu-

543 5675 693 5713 cere.
726 5689 794 5700 -
833 5657 864 5730 §
897 5661 982 5713 10.
1012 5657 1318 5728 Postquam
1347 5673 1482 5712 vero
1509 5659 1622 5712 Deo
1648 5657 1943 5728 placuerit,
1973 5661 2031 5712 et
2057 5675 2162 5730 per

542 5755 702 5806 tuam
716 5749 1176 5821 magnitudinem
1189 5749 1350 5803 limes
1363 5749 1548 5804 omnis
1562 5749 1621 5803 in
1637 5750 1936 5820 antiquum
1949 5753 2156 5806 statum

544 5843 887 5910 pervenerit,
901 5846 959 5897 et
969 5843 1119 5897 bene
1133 5839 1430 5896 ordinatns
1447 5841 1660 5898 fuerint
1671 5844 1807 5898 tunc
1831 5841 2156 5916 ubicunque

2269 4634 2606 4729 magniﬁcus
2637 4637 2941 4707 prafectus
2971 4639 3293 4711 [pratorio]
3321 4643 3589 4718 Africa,
3625 4658 3698 4709 et
3725 4655 3843 4712 viri
3871 4673 3992 4729 spe~

2267 4729 2494 4784 ctabiles
2522 4727 2712 4822 duces,
2741 4732 2798 4784 et
2824 4729 2896 4783 de
2927 4730 3055 4786 aliis
3087 4733 3377 4790 omnibus
3414 4755 3577 4811 qua
3610 4745 3710 4803 ibi
3742 4727 3992 4822 aguntur

2266 4822 2598 4893 frequenter
2627 4821 2699 4876 ad
2731 4838 2836 4876 nos
2862 4823 3147 4892 referant,
3181 4829 3251 4882 ut
3279 4826 3646 4894 benefacta
3681 4821 3991 4899 conﬁrma.

2264 4933 2414 4982 mus,
2445 4919 2503 4970 et
2528 4931 2654 4986 qua
2680 4916 3065 4986 opportunius
3093 4918 3322 4977 debent
3346 4922 3525 4996 ﬁeri,
3558 4947 3644 4988 ex
3665 4940 3886 4992 nostra
3913 4937 3985 4992 di-

2265 5008 2577 5079 spositione
2606 5012 2982 5079 peragantur.
3016 5041 3088 5050 ——
3120 5011 3152 5083 §
3188 5016 3276 5068 1⁵7.
3299 5015 3434 5074 Hoc
3467 5022 3691 5084 etiam
3723 5029 3986 5086 decemi-

2264 5118 2412 5169 mus,
2436 5103 2500 5155 ut
2519 5099 2745 5171 judices
2771 5101 2869 5173 qui
2892 5102 3209 5160 ordinandi
3240 5113 3388 5166 sunt
3417 5127 3548 5183 per
3575 5121 3911 5180 Africanos
3933 5124 3984 5178 li-

2263 5194 2451 5261 mites,
2477 5193 2621 5248 nihil
2651 5194 2898 5265 amplius
2931 5194 2990 5250 in
3015 5199 3426 5260 sacratissimo
3465 5211 3730 5278 palatio
3758 5217 3983 5273 cuilibet

2262 5303 2522 5359 persona
2563 5290 2662 5341 aut
2688 5286 2978 5357 dignitati,
3007 5291 3100 5344 vel
3129 5291 3192 5346 in
3230 5298 3544 5364 praetorio
3578 5321 3712 5376 per
3739 5312 3984 5367 Africam

2262 5380 2616 5451 prafectura
2654 5382 2713 5434 et
2755 5379 3111 5452 magisteria
3148 5390 3448 5456 potestati
3485 5401 3858 5473 praebeant,
3889 5403 3983 5458 nisi

2263 5476 2542 5569 quantum
2563 5472 2760 5528 subter
2779 5489 3008 5529 annexa
3030 5475 3300 5535 declarat
3313 5485 3556 5548 notitia
3581 5508 3599 5559 ;
3626 5511 3791 5554 nam
3803 5472 3853 5554 si
3871 5497 3981 5569 quis

2259 5565 2502 5664 amplius
2526 5581 2702 5638 quam
2726 5566 2788 5621 in
2811 5566 3281 5664 subditapnotitia
3293 5577 3599 5640 taxatum
3627 5596 3736 5646 est
3757 5565 3980 5664 usurpa-

2259 5658 2421 5724 verit,
2451 5674 2552 5714 seu
2591 5659 2895 5731 acceperit,
2923 5660 3167 5733 triginta
3211 5665 3402 5724 libras
3433 5677 3591 5732 auri
3631 5686 3858 5740 multa:
3884 5658 3973 5739 de-

2259 5750 2473 5849 pendat
2506 5751 2759 5849 nomine,
2787 5769 2920 5849 cum
2950 5772 3067 5849 quo
3111 5761 3172 5812 et
3197 5760 3481 5830 periculo
3519 5768 3976 5849 indignationis

2261 5847 2473 5901 nostra
2509 5845 2867 5918 [serenitatis]
2915 5847 3261 5920 subjacebit,
3309 5858 3492 5916 nulla
3535 5845 3972 5946 alia'qualibet
