4088 6426
203 373 346 425 1109

926 369 1291 425 JUSTINIANI
1331 371 1540 426 LEGES
1579 372 1914 428 SELECTE.
1955 373 2082 428 LIB.
2127 374 2166 438 l,
2207 375 2330 428 Tl'l‘.
2372 377 2574 443 XXVII,
2616 378 2746 432 LEX
2785 381 2850 434 11.

3427 388 3564 440 1110

197 494 474 550 persona,
501 481 598 532 aut
618 476 920 549 dignitate,
949 479 1050 533 aut
1067 477 1252 533 ofﬁcio
1277 478 1590 550 accipiente
1617 479 1832 552 aliquid
1853 494 1914 569 Α
1935 483 1992 535 et
2017 497 2142 552 cap.
2173 484 2224 538 3.
2254 480 2399 537 ﬁunt
2427 499 2551 555 cap.
2577 488 2629 540 2.
2657 487 3008 541 Centenariis
3033 490 3085 542 9.
3119 488 3190 542 ad
3221 505 3358 544 ann.
3395 493 3480 546 10.
3505 495 3564 545 et

197 572 272 626 ab
303 571 406 638 eis,
436 575 644 643 prater
669 570 798 626 illos
826 587 1070 642 quorum
1103 571 1334 626 nomina
1362 571 1420 626 in
1451 573 1704 643 subjecta
1724 590 1829 628 no-

197 663 324 718 titia
352 663 740 719 continentur.
760 694 828 703 —
867 663 897 736 §
931 666 1013 719 18.
1044 664 1128 718 Ad
1161 665 1270 720 hoc
1293 665 1567 735 jubemus
1603 665 1682 733 (ut
1717 668 1830 722 Deo

186 755 456 828 juvante)
482 756 873 829 unusquisque
903 755 1014 810 dux
1035 773 1133 812 seu
1161 774 1365 812 eorum
1393 758 1602 826 ofﬁcia,
1628 775 1827 814 secun-

195 849 340 904 dum
375 849 532 920 quod
574 848 775 904 notitia
813 850 1010 904 subter
1051 865 1272 905 annexa
1309 850 1584 919 continet,
1615 853 1832 907 emolu-

193 943 398 997 menta
420 959 521 997 sua
539 959 608 996 ex
623 941 851 996 tributis
867 943 1148 998 Africana
1175 943 1477 1015 provincia
1494 961 1560 998 ex
1587 945 1827 1000 Kalend.

194 1035 558 1106 Septembris
595 1035 859 1090 instantis
897 1035 1237 1091 felicissima
1263 1036 1447 1092 tertia
1475 1036 1712 1093 decima
1739 1037 1828 1092 in-

194 1127 465 1183 dictionis
508 1127 846 1200 percipiant.
884 1161 953 1169 —
993 1128 1022 1201 §
1073 1132 1156 1184 19.
1195 1131 1262 1184 Et
1294 1129 1416 1185 hac
1451 1129 1675 1196 notitia,
1713 1132 1829 1186 Deo

189 1221 448 1288 volente,
481 1220 652 1275 debet
683 1221 938 1292 delegari
961 1221 1218 1288 ducibus,
1244 1225 1302 1276 et
1327 1238 1527 1277 eorum
1547 1222 1750 1277 ofﬁciis
1767 1222 1828 1278 in

190 1313 388 1368 Africa
411 1313 752 1383 constitutis,
773 1331 878 1384 pro
900 1314 1144 1369 annonis
1166 1318 1223 1370 et
1243 1315 1432 1386 capitu
1451 1331 1556 1386 per
1569 1315 1828 1386 singulos

192 1423 381 1461 annos
410 1406 751 1478 prabendis.
795 1410 877 1462 Ita
915 1407 1230 1462 clarissimo
1269 1407 1389 1463 viro
1430 1407 1559 1462 duci
1585 1407 1826 1479 Tripoli-

191 1504 346 1554 tana
383 1499 707 1571 provincia,
749 1505 806 1554 et
847 1499 1177 1554 hominibus
1210 1500 1332 1572 ejus
1368 1500 1606 1572 singulis
1635 1501 1739 1556 sol.
1770 1504 1822 1556 5.

191 1610 319 1665 cap.
359 1596 478 1648 159.
512 1592 752 1663 singulis
782 1609 906 1664 cap.
941 1593 1044 1648 sol.
1088 1595 1212 1649 783.
1241 1593 1522 1648 Assessori
1555 1592 1731 1660 ducis,
1769 1597 1828 1649 et

192 1687 387 1742 ofﬁcio
415 1703 481 1741 ac
511 1685 842 1741 hominibus
874 1685 996 1756 ejus
1026 1686 1112 1740 40.
1147 1701 1283 1740 ann.
1307 1687 1396 1742 96.
1427 1687 1484 1742 S.
1513 1685 1660 1756 sing.
1685 1703 1821 1741 ann.

190 1796 318 1850 cap.
355 1779 460 1833 sol.
493 1781 546 1834 6.
580 1777 760 1833 Simul
796 1779 942 1832 ﬁunt
975 1794 1077 1849 pre
1115 1795 1251 1832 ann.
1297 1781 1356 1832 et
1393 1794 1516 1850 cap.
1553 1779 1654 1833 sol.
1698 1780 1820 1834 674.

1933 573 2006 628 ad
2032 573 2200 646 capit.
2225 577 2276 630 3.
2306 575 2452 630 ﬁunt
2477 577 2648 648 capit.
2673 580 2724 632 3.
2755 578 3002 634 Biarchis
3033 583 3084 634 8.
3107 579 3476 638 Circitoribus
3488 583 3562 639 ad

1931 683 2026 722 an.
2055 671 2107 723 8.
2136 665 2282 722 ﬁunt
2301 684 2435 724 ann.
2462 672 2546 725 18.
2576 673 2634 724 et
2653 670 2727 725 ad
2748 687 2872 742 cap.
2897 675 2949 726 3.
2981 673 3128 728 ﬁunt
3151 674 3317 745 capit.
3344 677 3395 730 3.
3415 675 3562 730 ﬁunt

1929 776 2054 832 cap.
2095 763 2179 815 11.
2208 763 2351 816 Item
2379 761 2495 818 viro
2521 763 2834 819 clarissimo
2865 764 2996 820 duci
3027 765 3309 822 Sardiniae
3335 768 3558 836 insula,

1931 857 1989 908 et
2014 853 2346 908 hominibus
2365 855 2487 926 ejus
2513 872 2649 910 ann.
2672 859 2790 912 190.
2823 856 3062 930 singulis
3089 875 3224 914 ann.
3253 860 3418 915 solidi
3433 863 3558 917 282.

1928 946 2209 1000 Assessori
2239 946 2416 1015 ducis,
2452 953 2510 1004 et
2531 949 2719 1005 ofﬁcio
2746 950 2870 1021 ejus
2906 951 3236 1007 hominibus
3276 954 3364 1008 40.
3417 970 3553 1008 ann.

1931 1038 2082 1094 96.5.
2102 1039 2342 1110 singulis
2361 1057 2496 1096 ann.
2521 1042 2688 1097 solid.
2711 1043 2882 1115 capit.
2899 1045 2986 1100 48.
3007 1045 3244 1116 singulis
3262 1046 3428 1117 capit.
3454 1049 3556 1102 sol.

1931 1133 1982 1186 9.
2021 1131 2202 1186 Simul
2230 1133 2375 1188 ﬁunt
2398 1150 2500 1204 pro
2534 1139 2744 1191 ann.et
2763 1153 2884 1208 cap.
2911 1140 3030 1205 150,
3065 1141 3186 1192 186.
3221 1138 3559 1194 Dividuntur

1929 1223 2040 1279 sic:
2072 1225 2356 1281 Assessori
2377 1243 2513 1282 ann.
2545 1230 2596 1282 9.
2627 1230 2686 1282 et
2713 1245 2838 1300 cap.
2872 1232 2922 1285 3.
2953 1229 3284 1286 Primicerio
3306 1231 3366 1286 in
3385 1249 3478 1286 an.
3503 1235 3555 1287 2.

1927 1333 2054 1388 cap.
2084 1320 2136 1372 3.
2163 1318 2504 1374 Numerario
2527 1319 2589 1374 in
2615 1337 2708 1374 an.
2737 1338 2861 1392 cap.
2894 1325 2944 1377 3.
2975 1323 3306 1378 Ducenariis
3330 1325 3382 1379 4.
3417 1341 3552 1380 ann.

1929 1411 1981 1466 3.
2009 1413 2142 1464 sunt
2165 1427 2301 1466 ann.
2335 1415 2422 1466 16.
2455 1415 2512 1466 et
2539 1429 2660 1484 cap.
2692 1417 2744 1468 3.
2775 1417 2986 1469 suntet
3008 1431 3134 1486 cap.
3165 1419 3217 1470 9.
3266 1417 3555 1472 Circitori-

1925 1501 2031 1557 bus
2056 1504 2109 1556 9.
2137 1519 2230 1557 an.
2256 1506 2306 1558 3.
2341 1503 2489 1558 ﬁunt
2515 1521 2608 1560 an.
2644 1507 2732 1560 29.
2762 1508 2848 1560 29.
2882 1509 2940 1562 et
2967 1523 3090 1578 cap.
3114 1510 3166 1563 3.
3186 1507 3334 1562 ﬁunt
3357 1525 3478 1580 cap.
3503 1513 3555 1564 9.

1925 1594 2294 1651 Circitoribus
2330 1598 2382 1651 9.
2422 1613 2558 1652 ann.
2599 1600 2650 1665 3,
2683 1598 2831 1654 ﬁunt
2856 1615 2990 1654 ann.
3019 1601 3072 1654 4.
3113 1617 3239 1672 cap.
3269 1604 3321 1656 9.
3363 1603 3556 1658 semis.

1925 1686 2060 1742 Aliis
2088 1691 2172 1742 11.
2195 1688 2268 1744 ad
2299 1705 2434 1744 ann.
2470 1692 2554 1745 16.
2591 1693 2725 1745 sunt
2755 1695 2812 1746 et
2849 1691 2925 1746 ad
2959 1691 3129 1764 capit.
3167 1696 3220 1749 3.
3253 1694 3402 1748 ﬁunt
3428 1712 3554 1768 cap.

1924 1783 2013 1836 20.
2049 1811 2118 1822 --
2155 1780 2186 1854 §
2224 1784 2313 1836 20.
2346 1781 2557 1836 Notitia
2597 1783 3098 1853 consuetudinum,
3141 1802 3281 1858 quas
3307 1786 3368 1841 in
3399 1803 3559 1844 sacro

189 1870 540 1926 Dividuntur
575 1870 652 1924 sic
684 1886 697 1924 :
726 1869 1010 1925 Assessori
1040 1870 1099 1924 in
1129 1887 1264 1925 ann.
1293 1873 1344 1926 8.
1375 1887 1500 1942 cap.
1535 1871 1590 1925 4.
1628 1861 1901 1933 Primi-B
1925 1873 2218 1942 laterculo,
2269 1877 2328 1928 et
2368 1873 2428 1928 in
2475 1875 2742 1945 pratorio
2777 1877 3146 1947 amplissima
3203 1879 3560 1949 prafectura

187 1964 346 2019 cerio
373 1963 435 2018 in
459 1980 596 2018 ann.
627 1966 679 2018 8.
702 1979 828 2034 cap.
861 1966 912 2018 2.
943 1962 1272 2018 Ducenariis
1293 1966 1344 2018 3.
1374 1963 1446 2018 ad
1471 1980 1606 2018 ann.
1639 1967 1690 2019 6.
1723 1965 1822 2018 sol.

187 2057 338 2112 ﬁunt
368 2073 505 2112 ann.
537 2056 736 2129 capitis
763 2057 912 2110 ﬁunt
939 2057 1193 2128 capitum
1231 2073 1354 2128 cap.
1385 2057 1746 2112 Centenariis
1771 2059 1823 2111 6.

186 2168 326 2204 ann.
353 2155 404 2204 5.
431 2150 596 2204 ﬁunt.
630 2150 797 2204 Fiunt
826 2165 962 2203 ann.
992 2150 1043 2204 4.
1072 2152 1132 2203 et
1159 2149 1234 2204 ad
1261 2165 1380 2220 cap.
1420 2153 1466 2204 1.
1501 2149 1648 2204 ﬁunt
1686 2166 1822 2205 ann.

191 2247 278 2298 16.
314 2246 375 2297 et
400 2243 475 2298 ad
501 2259 625 2314 cap.
657 2246 705 2297 1.
729 2243 785 2298 S.
815 2243 963 2297 ﬁunt
987 2259 1124 2298 ann.
1161 2245 1212 2298 3.
1241 2242 1390 2296 ﬁunt
1416 2258 1542 2314 cap.
1572 2245 1624 2298 8.
1657 2242 1826 2299 Circi-

185 2337 412 2392 toribus
450 2339 501 2391 9.
539 2335 730 2390 semis.
771 2335 908 2391 Aliis
951 2338 1036 2391 11.
1075 2335 1149 2390 ad
1193 2351 1289 2390 an.
1340 2335 1424 2390 14.
1457 2339 1606 2390 sunt.
1659 2338 1718 2390 et
1754 2335 1822 2390 ad

187 2446 316 2502 cap.
349 2432 401 2484 3.
433 2429 581 2484 ﬁunt
604 2445 730 2500 cap.
765 2432 849 2482 11.

1925 1981 2030 2037 per
2047 1966 2320 2033 Africam,
2351 1965 2477 2021 etin
2504 1967 2694 2024 ofﬁcio
2715 1969 2975 2040 magistri
2997 1969 3265 2042 militum,
3289 1988 3391 2042 pro
3409 1977 3556 2028 tem-

1925 2073 2065 2130 pore
2093 2058 2205 2114 dux
2234 2059 2492 2130 prabere
2511 2059 2684 2115 debet
2709 2061 3158 2134 uniuscujusque
3191 2064 3409 2134 limitis,
3443 2066 3556 2121 sic:

1927 2152 1990 2205 In
2027 2167 2188 2206 sacro
2223 2151 2499 2207 laterculo
2532 2153 2634 2206 sol.
2676 2155 2728 2207 6.
2763 2155 2826 2210 In
2858 2155 3048 2209 ofﬁcio
3083 2155 3430 2227 magisteria
3461 2158 3562 2213 mi-

1929 2243 2096 2299 litum
2139 2243 2435 2315 potestatis
2471 2261 2578 2316 pro
2632 2245 2998 2301 insinuandis
3047 2247 3562 2306 administrationis

1928 2352 2046 2390 sua
2077 2335 2282 2391 divinis
2309 2341 2520 2392 nostra
2539 2337 2858 2393 serenitatis
2889 2339 3155 2394 affatibus
3181 2341 3346 2396 solid.
3383 2342 3468 2398 12.
3499 2345 3560 2397 In

1927 2428 2114 2484 ofﬁcio
2141 2428 2515 2500 amplissima
2545 2432 2901 2502 praefectura
2927 2449 3032 2504 per
3054 2433 3307 2488 Africam
3334 2451 3438 2506 pro
3469 2434 3555 2490 in-

257 2523 405 2578 ltem
436 2521 558 2578 viro
581 2521 892 2577 clarissimo
925 2519 1056 2575 duci
1082 2520 1388 2590 Byzacena
1407 2520 1734 2592 provinciae,
1767 2523 1828 2575 et
1925 2521 2220 2576 sinuandis
2250 2521 2512 2592 ejusdem
2537 2523 2769 2590 chartis,
2801 2524 2968 2580 solid.
3003 2529 3086 2580 12.

187 2614 525 2670 hominibus
550 2615 673 2686 ejus
699 2631 834 2669 ann.
853 2616 972 2668 190.
997 2613 1307 2684 singulisin
1335 2629 1472 2669 ann.
1496 2613 1600 2669 sol.
1625 2617 1676 2669 5.
1696 2629 1820 2684 cap.

188 2713 310 2764 158.
341 2707 582 2780 singulis
619 2723 746 2780 cap.
775 2708 878 2762 sol.
907 2709 992 2762 10.
1025 2706 1205 2762 Simul
1231 2707 1376 2760 ﬁunt
1400 2723 1503 2777 pro
1527 2723 1662 2761 ann.
1695 2723 1820 2778 cap.

183 2803 291 2857 sol.
323 2805 448 2857 670.
475 2801 688 2856 Omnes
710 2800 1044 2855 dividuntur
1069 2799 1147 2854 sic
1172 2816 1184 2854 :
1213 2799 1496 2854 Assessori
1522 2799 1582 2854 in
1603 2816 1738 2855 ann.
1767 2803 1820 2855 7.

184 2911 310 2966 cap.
328 2895 382 2950 4.
400 2893 734 2953 Primicerio
748 2894 808 2948 in
821 2909 956 2948 ann.
975 2897 1024 2948 5.
1039 2909 1164 2964 cap.
1185 2896 1236 2946 2.
1255 2893 1592 2948 Numerario
1609 2892 1668 2947 in
1682 2909 1818 2948 ann.

1940 2595 1945 2608 ’
1995 2613 2137 2686 §21.
2167 2614 2358 2670 Gloria
2384 2614 2582 2686 itaque
2602 2620 2718 2684 tua,
2749 2633 2878 2686 qua
2913 2635 3018 2689 per
3051 2618 3200 2674 hanc
3240 2622 3552 2691 pragmati-

1922 2723 2052 2762 cam
2073 2708 2433 2762 sanctionem
2459 2713 2658 2764 nostra
2683 2710 2880 2765 statuit
2897 2711 3207 2782 aternitas,
3237 2711 3465 2768 effectui
3488 2731 3558 2768 ea

1922 2799 2236 2871 mancipari
2267 2801 2675 2872 observarique
2702 2803 3016 2875 praecipiat.

1995 2892 2026 2965 §
2067 2896 2154 2948 22.
2189 2893 2407 2948 Emissa
2431 2893 2522 2948 lex
2565 2894 2710 2950 Idib.
2757 2896 2986 2968 Aprilis,
3031 2897 3157 2966 CP.,
3197 2898 3254 2953 d.
3294 2917 3350 2954 n.
3395 2899 3562 2955 Justi-

1922 2985 2095 3041 niano
2121 2988 2182 3041 P.
2215 2988 2275 3041 P.
2308 2989 2374 3042 A.
2402 3003 2478 3055 Iv,
2511 2992 2568 3042 et
2586 2988 2824 3044 Paulino
2851 3006 2906 3045 v.
2936 3007 2983 3044 c.
3008 3007 3194 3046 conss.
3228 3023 3298 3034 —-
3326 2991 3464 3065 §23.
3490 2995 3561 3048 Et

1921 3079 2045 3135 hac
2077 3079 2297 3148 notitia,
2344 3082 2458 3136 Deo
2487 3081 2736 3151 volente,
2771 3082 2944 3137 debet
2973 3083 3228 3156 delegari
3245 3085 3556 3157 judicibus,

183 2992 234 3043 6.
269 3005 400 3060 cap.
429 2986 812 3043 3.Ducenario
839 2987 892 3040 4.
919 2985 992 3040 ad
1019 3001 1156 3040 ann.
1181 2988 1234 3042 3.
1261 2985 1424 3040 ﬁunt.
1453 3002 1578 3057 cap.
1607 2989 1660 3041 3.
1683 2987 1824 3042 Cen-

182 3080 423 3136 tenariis
443 3083 494 3136 6.
519 3083 820 3135 ann.‘ann.
857 3082 942 3133 15.
976 3082 1034 3133 et
1061 3094 1187 3150 cap.
1223 3081 1272 3133 1.
1305 3079 1454 3133 ﬁunt
1481 3095 1602 3150 cap.
1631 3083 1684 3133 7.
1709 3077 1824 3134 Cir-

183 3173 463 3230 citoribus
483 3175 534 3228 9.
567 3173 641 3228 ad
668 3189 761 3227 an.
792 3172 938 3226 ﬁunt
962 3188 1056 3226 an.
1095 3175 1179 3226 13.
1212 3176 1268 3226 et
1311 3171 1384 3226 ad
1421 3188 1546 3243 cap.
1583 3174 1634 3227 3.
1677 3171 1824 3228 ﬁunt
1843 3221 1894 3248 η
1921 3177 1978 3227 ct
2017 3189 2220 3227 eorum
2249 3172 2453 3228 ofﬁciis
2487 3173 2546 3227 in
2581 3173 2768 3230 Africa
2801 3175 3125 3232 constitutis
3152 3195 3256 3248 pro
3289 3179 3554 3247 annonis,

329 3272 383 3322 7.
407 3265 775 3324 Circitoribus
805 3267 858 3320 9.
879 3265 952 3319 ad
975 3281 1109 3318 ann.
1139 3267 1192 3319 2.
1215 3263 1362 3318 ﬁunt
1388 3221 1564 3320 18.ret
1593 3264 1667 3320 ad
1695 3281 1816 3337 cap.
1841 3221 1896 3297 C
1923 3268 1980 3320 et
2005 3265 2194 3336 capitu
2222 3281 2326 3336 per
2361 3265 2616 3336 singulos
2657 3283 2840 3322 annos
2883 3221 3224 3339 prabendis.
3267 3273 3407 3327 Item
3437 3223 3557 3327 viro

183 3362 332 3416 ﬁunt
359 3377 452 3414 an.
491 3363 574 3414 13.
606 3376 730 3430 cap.
761 3362 814 3414 9.
843 3357 1033 3415 seruis.
1065 3357 1170 3414 Alii
1205 3361 1288 3412 11.
1322 3357 1395 3412 ad
1428 3373 1562 3413 ann.
1594 3361 1645 3413 3.
1675 3358 1823 3413 ﬁunt
1920 3357 2236 3412 clarissimo
2256 3357 2384 3412 duci
2407 3357 2774 3428 Tripolitana
2801 3360 3128 3430 provincia,
3153 3367 3210 3417 et
3226 3363 3557 3420 hominibus

181 3471 278 3510 an.
315 3457 402 3509 13.
437 3453 493 3508 S.
523 3455 580 3508 et
596 3453 670 3507 ad
698 3468 824 3523 cap.
855 3451 941 3506 11.
985 3452 1124 3505 Item
1157 3451 1278 3506 viro
1330 3450 1644 3506 clarissimo
1689 3451 1820 3506 duci
1919 3449 2040 3521 ejus
2071 3467 2225 3506 anno
2253 3449 2630 3522 nonagesimo
2655 3450 2881 3522 singula
2907 3469 3134 3508 annona
3157 3455 3372 3510 solidos
3395 3457 3557 3529 quin-

176 3545 468 3603 Numidia
511 3545 838 3617 provincia,
889 3548 944 3599 et
985 3544 1320 3600 hominibus
1363 3544 1487 3616 ejus
1525 3561 1662 3599 ann.
1694 3547 1814 3600 190.
1917 3559 2028 3615 que
2047 3543 2218 3614 capit,
2241 3545 2470 3599 centum
2497 3543 2918 3617 quinquaginta
2935 3562 3143 3602 novem
3171 3548 3411 3620 singulis
3425 3567 3548 3622 cap.

177 3641 390 3713 singul.
425 3655 561 3695 ann.
596 3637 762 3693 solid.
803 3641 854 3694 8.
885 3655 1012 3710 cap.
1053 3641 1172 3694 158.
1201 3637 1440 3709 singulis
1467 3653 1592 3709 cap.
1624 3637 1728 3692 sol.
1761 3640 1812 3693 9.
1919 3637 2125 3692 solidos
2153 3636 2428 3693 ducentos
2452 3636 2744 3710 octoginta
2773 3639 2916 3695 duos
2947 3657 2960 3694 :
2995 3641 3265 3697 assessori
3295 3643 3471 3713 ducis,
3495 3647 3555 3698 et

177 3733 367 3790 Simul
394 3732 542 3788 ﬁunt
561 3749 662 3804 pro
683 3747 818 3786 ann.
848 3733 908 3786 et
931 3748 1055 3802 cap.
1089 3732 1192 3786 sol.
1239 3734 1361 3786 351.
1406 3732 1492 3786 34.
1535 3731 1815 3787 Assessori
1916 3729 2104 3786 ofﬁcio
2140 3726 2208 3786 ac
2243 3729 2574 3786 hominibus
2605 3731 2728 3802 ejus
2753 3733 3132 3804 quadraginta
3167 3735 3332 3791 annis
3366 3752 3549 3792 nona-

177 3827 344 3882 ducis
374 3829 433 3882 et
461 3825 654 3882 ofﬁcio
678 3825 800 3897 ejus
824 3824 1156 3881 hominibus
1185 3827 1274 3879 40.
1298 3841 1435 3879 ann.
1475 3827 1534 3879 et
1559 3841 1680 3896 cap.
1709 3824 1813 3881 sol.
1917 3823 2078 3896 ginta
2112 3827 2170 3879 et
2198 3826 2439 3895 septem.
2480 3825 2626 3879 Item
2652 3825 2773 3880 viro
2812 3825 3123 3882 ciarissimo
3151 3827 3284 3884 duci
3309 3829 3548 3900 Byzace-

175 3925 225 3977 5.
258 3936 388 3992 cap.
413 3921 504 3975 49.
529 3918 738 3990 singuli
759 3935 885 3990 cap.
915 3918 1022 3974 sol.
1053 3922 1102 3973 5.
1117 3934 1242 3990 cap.
1266 3918 1389 3973 472.
1418 3917 1660 3990 singulis
1685 3935 1810 3990 cap.
1916 3933 2026 3984 na,
2067 3919 2126 3971 et
2148 3916 2484 3972 hominibus
2509 3917 2632 3988 ejus
2653 3917 2938 3974 similiter.
2975 3921 3117 3976 Item
3149 3921 3270 3978 viro
3301 3922 3547 3979 clarissi-

171 4017 284 4071 sol.
325 4017 379 4070 3.
409 4012 594 4069 Simul
624 4013 774 4068 ﬁunt
799 4029 908 4084 pro
931 4028 1066 4068 ann.
1098 4015 1156 4067 et
1181 4028 1305 4083 cap.
1340 4013 1444 4068 sol.
1481 4013 1600 4067 164.
1628 4011 1686 4068 S.
1721 4012 1809 4068 Di-
1911 4026 2010 4066 mo
2037 4009 2171 4065 duci
2189 4009 2490 4080 Numidia,
2521 4013 2579 4065 et
2599 4011 2930 4067 hominibus
2952 4013 3073 4084 ejus
3097 4013 3380 4072 similiter.
3404 4019 3546 4072 Item

170 4109 453 4164 viduntur
471 4106 579 4162 sic:
600 4105 888 4162 Assessori
907 4105 968 4161 in
986 4122 1124 4162 ann.
1144 4108 1228 4160 13.
1251 4121 1376 4177 cap.
1409 4105 1810 4174 6.Primicerio
1910 4103 2033 4159 viro
2065 4103 2378 4158 clarissimo
2404 4103 2534 4160 duci
2559 4105 2910 4162 Mauritania
2939 4107 3244 4178 provincia
3271 4113 3330 4165 et
3354 4110 3547 4166 homi-

171 4219 319 4258 ann.
359 4217 484 4272 cap.
518 4203 571 4256 3.
603 4199 944 4256 Numerario
965 4199 1024 4254 in
1055 4215 1273 4254 annum
1301 4199 1354 4254 4.
1385 4197 1552 4254 Fiunt
1570 4199 1644 4254 ad
1671 4215 1806 4254 ann.
1912 4196 2080 4252 nibus
2106 4197 2228 4268 ejus
2254 4196 2534 4253 similiter.
2562 4200 2706 4255 Item
2735 4199 2863 4256 duci
2883 4199 3182 4272 Sardinia,
3212 4205 3273 4258 et
3294 4204 3548 4261 homini-

173 4299 265 4352 16.
286 4297 347 4349 et
366 4294 440 4349 ad
461 4310 587 4366 cap.
617 4291 962 4348 centenariis
981 4292 1056 4348 ad
1087 4309 1223 4348 ann.
1255 4295 1338 4347 11.
1369 4292 1426 4348 S.
1461 4291 1628 4346 Fiunt
1676 4292 1812 4348 duo-
1909 4289 2018 4346 bus
2043 4290 2168 4362 ejus
2192 4290 2479 4346 similiter.

171 4387 388 4444 decim.
429 4391 488 4444 et
513 4387 588 4442 ad
628 4403 753 4459 cap.
785 4385 975 4459 capita
1005 4389 1057 4442 6.
1090 4384 1338 4441 Biarchis
1367 4388 1417 4441 8.
1447 4384 1810 4441 Circitoribus
1980 4382 2011 4456 §
2042 4385 2130 4438 24.
2162 4385 2307 4439 Item
2337 4383 2540 4440 notitia
2567 4385 3071 4456 consuetudinum,
3104 4403 3247 4458 quas
3290 4388 3349 4444 in
3388 4407 3546 4448 sacro

169 4486 225 4538 9.
260 4481 336 4536 ad
361 4496 497 4536 ann.
525 4483 578 4536 2.
624 4480 772 4535 ﬁunt
797 4497 890 4535 an.
929 4482 1048 4534 127.
1077 4481 1137 4534 et
1165 4477 1239 4533 ad
1263 4495 1388 4551 cap,
1419 4481 1471 4534 3.
1504 4478 1652 4534 ﬁunt
1679 4495 1804 4550 cap.
1907 4477 2200 4546 laterculo,
2231 4481 2288 4532 et
2312 4476 2371 4532 in
2393 4478 2661 4549 pratorio
2679 4479 3048 4551 amplissima
3067 4481 3423 4552 prafectura
3443 4501 3549 4556 per

170 4579 224 4632 8.
265 4573 458 4630 semis.
485 4573 622 4630 Aliis
650 4575 736 4629 11.
764 4573 840 4628 ad
866 4589 1002 4628 ann.
1034 4575 1088 4628 2.
1118 4572 1266 4675 ﬁunt
1289 4588 1384 4675 an.
1421 4574 1508 4628 16.
1528 4575 1804 4675 ‘sunt..15.
1826 4601 1886 4675 D
1909 4569 2184 4675 Africam,
2205 4573 2263 4626 et
2280 4569 2340 4626 in
2371 4571 2561 4675 ofﬁcio
2587 4571 2849 4675 magistri
2876 4573 3543 4675 militum-pro-tempore

171 4672 231 4724 et
273 4667 346 4724 ad
394 4683 520 4739 cap.
565 4669 618 4723 3.
658 4667 808 4722 ﬁunt
843 4682 968 4737 cap.
1018 4669 1102 4722 11.
1155 4667 1299 4720 Item
1332 4665 1453 4721 viro
1496 4663 1878 4722 clarissimo"
1909 4663 2023 4720 dux
2049 4664 2308 4737 prabere
2339 4665 2484 4720 solet
2513 4665 2960 4738 uniuscujusque
2981 4666 3199 4738 limitis,
3229 4667 3344 4724 sic:
3376 4670 3437 4724 In
3461 4687 3545 4726 sa-

172 4761 310 4818 duci
339 4759 695 4817 Mauritiana
735 4759 1047 4832 provincia
1087 4761 1145 4814 et
1183 4758 1514 4815 hominibus
1551 4759 1674 4830 ejus
1711 4775 1808 4816 an.
1910 4774 2006 4814 cro
2036 4757 2314 4813 laterculo
2344 4774 2440 4812 sex
2466 4758 2699 4814 solidos.
2731 4760 2792 4813 In
2821 4759 3024 4815 ofﬁciis
3049 4761 3398 4832 magisteria
3431 4765 3539 4819 mi-

175 4858 300 4912 190.
334 4853 576 4926 singulis
609 4869 704 4910 an.
743 4853 910 4909 solid.
941 4856 992 4908 5.
1022 4869 1144 4925 cap.
1191 4852 1356 4908 solid.
1397 4855 1521 4908 200.
1555 4855 1674 4908 160.
1717 4855 1806 4910 35.
1907 4851 2075 4907 litum
2097 4851 2393 4924 potestatis
2421 4868 2524 4924 pro
2553 4852 2912 4908 insinuandis
2941 4853 3146 4909 divinis
3181 4855 3558 4912 administra-

169 4947 461 5005 Assessori
487 4947 664 5016 ducis,
691 4950 751 5002 et
769 4945 956 5003 ofﬁcio
985 4945 1108 5018 ejus
1124 4946 1456 5002 hominibus
1475 4946 1564 5002 40.
1590 4963 1684 5001 an.
1717 4948 1806 5002 96.
1905 4944 2174 5013 tionibus,
2216 4961 2316 5000 seu
2357 4945 2564 5000 divina
2611 4945 2946 5002 Serenitatis
2997 4947 3282 5018 affatibus,
3331 4950 3542 5006 solidos

171 5044 231 5100 S.
268 5045 320 5098 3.
349 5041 406 5098 S.
445 5041 597 5096 ﬁunt
629 5041 800 5096 simul
833 5056 938 5112 pro
959 5053 1095 5096 ann.
1142 5043 1200 5096 et
1219 5057 1341 5112 cap.
1375 5041 1477 5096 sol.
1511 5041 1635 5096 670.
1665 5043 1716 5095 3.
1746 5038 1804 5096 S.
1909 5038 2247 5104 duodecim;
2277 5055 2380 5111 pro
2425 5037 2614 5094 ofﬁcio
2655 5040 3028 5112 amplissima
3060 5042 3412 5114 prafectura
3435 5061 3542 5116 per

173 5135 518 5192 Dividuntur
545 5135 624 5191 sic
657 5151 672 5190 :
714 5133 996 5190 Assessori
1025 5133 1086 5190 in
1119 5150 1256 5189 ann.
1289 5136 1341 5188 9.
1381 5132 1551 5205 capit.
1593 5133 1646 5188 4.
1684 5133 1806 5188 Pri-
1905 5133 2158 5188 Africam
2185 5149 2292 5205 pro
2319 5133 2679 5188 insinuandis
2707 5133 2830 5206 ejus
2851 5135 3063 5190 chartis
3083 5135 3294 5193 solidos
3319 5137 3537 5194 duode-

172 5227 414 5284 micerio
436 5227 498 5282 in
525 5244 661 5284 ann.
691 5231 880 5298 5.cap.
916 5227 966 5282 1.
989 5225 1328 5282 Numerario
1355 5225 1414 5281 in
1436 5243 1573 5282 ann.
1607 5229 1802 5299 cap.3.
1907 5226 2112 5282 cim.—
2140 5225 2172 5300 §
2197 5229 2285 5282 25.
2313 5226 2505 5282 Gloria
2529 5225 2722 5299 itaque
2763 5229 2862 5283 tua
2906 5245 3034 5300 qua
3072 5245 3174 5302 per
3213 5230 3365 5287 hanc
3415 5249 3544 5304 pra-

170 5321 506 5380 Ducenariis
531 5325 583 5378 3.
615 5320 692 5377 ad
717 5319 792 5376 ad
811 5336 947 5375 ann.
975 5323 1026 5375 3.
1061 5319 1120 5376 S.
1151 5319 1300 5376 ﬁunt
1321 5335 1457 5376 ann.
1488 5323 1547 5376 et
1575 5319 1804 5392 capit.3.
1907 5319 2220 5393 gmaticam
2246 5319 2607 5376 sanctionem
2650 5325 2910 5377 nostram
2948 5325 3276 5380 statuuntur
3307 5325 3538 5382 aterni-

173 5417 324 5472 ﬁunt
347 5415 518 5486 capit.
552 5418 606 5472 2.
646 5412 1002 5471 Centenariis
1021 5416 1073 5470 3.
1105 5413 1180 5470 ad
1207 5429 1340 5470 ann.
1365 5417 1417 5470 3.
1451 5414 1507 5470 S.
1540 5412 1686 5469 ﬁunt
1708 5429 1804 5468 an.
1907 5413 2041 5469 tatis
2066 5413 2293 5469 effectui
2320 5414 2634 5487 mancipari
2667 5415 3070 5489 observarique
3099 5417 3414 5492 pracipiat.

1241 5677 1350 5684 ----
1375 5678 1390 5683 -
1415 5653 2449 5704 ψ-
2473 5678 2499 5684 -‹
