4088 6444
534 439 3972 491 m

1517 547 1958 614 JUSTINIANI
2001 545 2386 612 EPISTOLA
2428 545 2531 608 AD
2574 544 2882 609 PATRES

1258 649 1468 728 (Hanc
1494 647 1832 730 epistolam
1865 645 2102 708 videsz's
2131 643 2377 708 Patrol.
2411 651 2564 707 tam.
2597 643 2836 718 LXIX,
2867 642 2986 706 col.
3021 643 3152 722 30.)

1161 807 1708 874 JUSTINIANI
1781 805 2203 870 EDICTUM
2273 803 2650 870 CONTRA
2729 802 3239 868 ORIGENEM

1296 905 1458 985 (Hoc
1485 904 1764 967 edictum
1790 903 2026 966 videsz's
2055 903 2302 968 Patro].
2338 909 2490 964 tom.
2519 901 2756 978 LXIX,
2789 901 2909 964 col.
2946 902 3117 982 177.)

951 1065 1389 1130 JUSTINIANI
1451 1064 1793 1129 EDICTUM
1854 1063 2166 1129 CONTRA
2224 1061 2711 1127 THEODORUM
2771 1059 3472 1126 MOPSUESTENUM.

1303 1163 1466 1242 (Hoc
1496 1163 1778 1225 edictum
1805 1161 2040 1224 videsz's
2067 1160 2315 1225 Patrol.
2351 1168 2502 1222 tam.
2536 1159 2774 1235 LXIX,
2802 1159 2918 1221 col.
2949 1159 3120 1238 2'73.)

1067 1570 1074 1575 ν
1165 1534 2081 1758 GLYCERIUS
2115 1362 3271 1756 liminum.

1731 1859 2090 1923 GLYCERII
2153 1857 2682 1922 IMPERATORIS

847 1981 1342 2075 EDICTUM
1411 1977 1863 2072 CONTRA
1931 1974 2784 2070 OBDINATIONES
2853 1973 3634 2068 SIMONIACAS.

1336 2109 1498 2188 (Hoc
1521 2107 1801 2170 edictum
1834 2105 2072 2167 videsz's
2105 2105 2351 2168 Patrol.
2387 2113 2540 2166 tam.
2570 2104 2746 2180 LVI,
2771 2103 2888 2166 col.
2920 2102 3090 2182 896.)

1171 2447 1178 2454 ’
1325 2447 3106 2730 THEODORICUs,

1605 2771 1898 2879 REX
1985 2768 2830 2878 GOTHORUM.

1317 2997 2020 3086 THEODORICI,
2099 2996 2696 3069 GOTHORUM
2776 2995 3134 3084 REGIS,

1785 3119 2658 3307 ΡΒλἘΟΕΡΊἸΟ²³¹9

807 3337 1137 3422 MISSA
1207 3337 1424 3420 PER
1491 3336 2114 3421 GERMANUM
2182 3335 2320 3420 ET
2390 3333 2920 3420 CAROSUM
2993 3331 3728 3423 EPISCOPOS.

621 3532 881 3592 Dominis
919 3530 1126 3586 sanctis
1163 3534 1222 3585 et
1256 3529 1676 3585 venerabilibus
1713 3529 1986 3600 patribus.
2025 3530 2165 3585 Lau-
2190 3540 2491 3613 Amerum
2537 3528 2866 3596 convenire,
2915 3528 3015 3600 qui
3061 3529 3291 3585 dudum
3337 3531 3563 3589 fuerat
3610 3540 4005 3592 convocatus.

558 3628 764 3694 rentio,
797 3623 1140 3694 Marcellino,
1165 3626 1223 3676 et
1249 3625 1438 3690 Petro,
1471 3626 1528 3678 et
1556 3621 1772 3677 cunctis
1795 3622 2074 3694 episcopis
2110 3621 2167 3676 in
2270 3622 2418 3692 Ergo
2461 3621 2776 3692 ingravatis
2821 3621 3188 3677 sanctitatem
3239 3627 3534 3686 vestram
3613 3629 4008 3703 reliquorum

557 3721 706 3776 Urbe
727 3716 1128 3781 residentibus,
1159 3715 1539 3770 Theodericus
1563 3731 1675 3769 rex.
2270 3713 2633 3785 praesentiam
2654 3715 2925 3769 convenit
2939 3715 3221 3787 opperiri,
3241 3721 3313 3771 ut
3332 3733 3730 3791 compresso
3751 3725 4007 3779 tumultu

623 3815 733 3868 Vos
763 3811 997 3883 quidem
1025 3825 1148 3863 rem
1184 3807 1394 3862 fecistis
1425 3807 1712 3878 proposito
1742 3810 2170 3877 congruentem,
2273 3811 2328 3862 et
2360 3805 2706 3861 dissensione
2740 3806 3032 3873 submota,
3081 3825 3212 3880 quae
3256 3807 3334 3864 ab
3379 3813 3709 3872 omnibus
3741 3821 3883 3873 orta
3911 3822 4007 3881 est,

559 3922 662 3962 nos
687 3904 875 3976 potius
897 3901 966 3956 de
986 3901 1173 3955 reditu
1193 3903 1380 3954 vestro
1403 3899 1651 3954 secundo
1670 3901 1985 3966 consulere,
2000 3915 2172 3970 quam
2273 3899 2344 3952 ab
2364 3899 2628 3954 omnibus
2653 3915 2818 3955 causa
2845 3904 3179 3972 peragatur.
3202 3903 3360 3958 Nam
3377 3904 3816 3980 Ravennam,
3841 3927 4008 3984 quem

558 3999 838 4054 indictum
871 3993 1170 4050 concilium
1199 3993 1396 4046 alienae
1427 3992 1708 4047 facilitatis
1727 3991 2047 4046 imitatione
2075 3992 2172 4046 de-
2273 3991 2583 4046 admodum
2606 3992 2870 4064 speratis,
2892 4009 3012 4048 non
3029 3993 3378 4064 putavimus
3409 4005 3882 4060 revocandum
3901 4019 4010 4058 esse

563 4107 782 4154 serere;
806 4105 878 4142 ne
904 4084 1320 4141 discedentibus
1344 4083 1618 4138 universis
1642 4085 1744 4138 sub
1761 4085 2065 4138 manifesta
2085 4083 2179 4138 de-
2277 4084 2602 4150 concilium,
2636 4084 2775 4139 dum
2813 4085 3060 4140 aliorum
3096 4087 3326 4155 labore,
3361 4090 3658 4150 aliorum
3706 4115 4010 4170 permove-

563 4182 699 4237 serti
722 4179 1090 4250 dispositione
1117 4177 1316 4247 judicii
1347 4177 1526 4246 major
1555 4177 1752 4231 urbem
1788 4177 2008 4248 regiam
2036 4175 2179 4231 sedi—
2277 4193 2410 4230 mur
2439 4180 2630 4245 actate,
2663 4177 2848 4247 parati
2881 4182 2943 4232 ut
2971 4178 3078 4232 nisi
3126 4181 3402 4238 secundo
3454 4197 3809 4246 conventu
3841 4207 4010 4246 causae

562 4273 720 4356 tiosis
737 4272 986 4328 motibus
1010 4269 1178 4324 turba
1203 4272 1546 4324 concuteret.
1577 4269 1689 4326 Sed
1714 4285 1830 4324 non
1862 4269 2181 4340 optavimus
2277 4269 2453 4323 ﬁnem
2479 4269 2761 4340 judicium
2791 4271 3068 4341 synodale
3093 4273 3368 4342 posuerit
3388 4275 3591 4346 juxta
3645 4283 4009 4340 desiderium

563 4366 929 4431 commisisse,
959 4366 1166 4418 sanctae
1181 4361 1640 4432 congregationis
1663 4361 1937 4417 examinis
1956 4362 2058 4416 sub
2074 4362 2182 4416 hac
2279 4364 2550 4429 vestrum,
2572 4378 2686 4433 quo
2717 4379 2820 4416 nos
2846 4363 3080 4434 poscitis
3105 4381 3230 4420 esse
3250 4375 3655 4442 praesentes,
3687 4378 4014 4450 occupatio-

564 4456 1104 4532 protrahidilatione
1119 4454 1552 4526 negotium,nec
1570 4454 1950 4509 universitatis
1964 4454 2183 4509 animos
2282 4453 2448 4508 nibus
2484 4453 2693 4508 nostris
2735 4455 2933 4510 Romae
2982 4457 3196 4528 quietis
3223 4461 3428 4516 amori
3461 4471 3889 4540 postpositis,
3923 4486 4013 4525 nos

534 735 3961 772 ____,_______________________________—_—

533 1253 3976 1299 μ

567 4553 794 4618 gravius
837 4548 1166 4622 prmjudicio
1206 4547 1460 4631 pendere
1519 4563 1839 4618 suspensos.
1892 4545 2035 4610 Quia
2076 4563 2184 4602 nec
2281 4545 2470 4616 potius
2498 4546 2744 4601 Romam
2775 4548 2894 4603 Deo
2918 4551 3155 4604 auctore
3184 4552 3554 4626 veniamus,
3601 4566 3686 4616 ut
3715 4565 4011 4636 pmsenﬁ-

565 4641 965 4716 tranquillitati
985 4641 1143 4695 urbis
1166 4639 1513 4695 definitionis
1531 4656 1713 4706 mora,
1734 4656 1839 4694 nec
1857 4639 2184 4694 sacerdotali
2281 4637 2387 4692 bus
2401 4637 2600 4693 saltem
2621 4638 2786 4694 nobis
2805 4640 2948 4695 citra
2970 4642 3386 4700 confusionem
3417 4652 3639 4723 atque
3657 4655 4012 4714 discordiam

564 4737 855 4812 proposito
883 4731 1166 4790 sententia
1194 4736 1380 4803 potest
1403 4732 1705 4787 convenire
1734 4731 2044 4787 discordiae.
2065 4732 2183 4787 Mo-
2285 4731 2600 4786 secundum
2620 4731 2718 4786 Dei
2743 4732 3049 4804 timorem,
3078 4739 3247 4791 tanta
3274 4755 3472 4796 causa
3509 4747 3892 4807 terminum
3921 4767 4012 4804 sor.

569 4832 711 4886 ιεειει
736 4829 911 4900 igitur
935 4828 1161 4896 accepta
1187 4823 1539 4918 confusione,
1569 4841 1696 4895 qua;
1723 4828 1861 4918 nata
1893 4829 1996 4890 est,
2020 4828 2182 4879 caate-
2203 4898 2256 4918 ἢ
2286 4823 2477 4918 tiatur.
2511 4825 2584 4918 Ut
2604 4841 2723 4880 non
2753 4825 2969 4881 diutius
2998 4821 3161 4884 urbis
3181 4831 3768 4902 regia-turbarum
3807 4849 4009 4918 tempe-

567 4898 880 4993 rornmque
921 4919 1190 4983 discessu,
1233 4917 1330 4989 qui
1372 4921 1608 4988 propter
1659 4917 1884 4971 turbam
1916 4933 2042 4988 quae
2086 4898 2260 4972 autB
2284 4918 2428 4970 state
2455 4916 2741 4987 fatigetur,
2774 4918 2874 4973 sed
2903 4921 3071 4976 vestri
3101 4898 3391 4994 aequitate
3419 4927 3675 4998 judicii
3710 4898 4011 4994 redeat‘ad

569 5033 709 5070 ausu
727 5018 825 5069 aut
841 5012 976 5066 vitio
998 5011 1320 5080 aliquorum
1343 5008 1602 5079 conligit,
1635 5008 1840 5091 iterata
1866 5025 1993 5080 quae
2012 5025 2192 5080 coepe-
2291 5009 2566 5080 quietem.
2611 5010 2690 5064 Ne
2731 5027 2897 5066 mora
2935 5014 3100 5068 vobis
3137 5015 3422 5074 videatur
3467 5038 3804 5098 onerosa,
3839 5034 3923 5088 fas
3948 5036 4012 5087 est

567 5111 703 5162 runt
717 5105 996 5177 reliquere
1011 5103 1226 5173 judicia
1241 5101 1357 5173 (qui
1377 5101 1654 5167 tamen,si
1681 5101 1818 5172 quid
1840 5101 2068 5168 dixerit,
2085 5117 2188 5172 po-
2289 5105 2491 5156 vestrae
2541 5102 2825 5158 aestimare
2867 5107 3280 5178 providentiae,
3317 5111 3368 5166 si
3404 5125 3790 5181 commodo
3821 5127 3913 5191 sit,
3938 5133 4014 5179 au:

571 5201 684 5254 tius
709 5198 1052 5269 cogitassent
1068 5196 1326 5266 exemplo
1345 5197 1530 5248 vestro
1548 5195 1604 5248 in
1626 5193 1764 5248 urbe
1789 5193 2058 5260 residere,
2093 5210 2188 5248 ex-
2289 5194 2393 5248 sub
2413 5197 2744 5251 nostrorum
2764 5200 3098 5270 temporum
3116 5203 3586 5275 tranquillitate
3607 5219 4010 5276 tolerandum,

571 5289 1066 5363 spectantesdehis
1079 5287 1491 5359 quasillicfacta
1506 5287 1575 5341 de
1591 5289 1796 5342 nostra;
1815 5286 2190 5357 providentia;
2291 5285 2583 5343 solitumve
2611 5287 2669 5342 in
2695 5289 2888 5360 aliqua
2925 5291 3269 5350 deﬁnitione
3303 5301 3601 5362 concilio
3652 5313 3781 5367 sub
3821 5314 4014 5368 incerto

574 5381 932 5438 ordinatione
970 5380 1328 5449 remedium),
1369 5395 1498 5434 cum
1542 5378 1600 5432 in
1632 5379 1840 5433 multas
1865 5394 1920 5432 se
1949 5377 2064 5432 vias
2092 5395 2188 5434 co-
2289 5379 2594 5435 Ecclesiam
2622 5381 2726 5435 sub
2753 5382 2861 5437 hoc
2890 5387 3213 5442 certamine
3244 5389 3637 5456 Romanam
3684 5407 3942 5477 perdere
3963 5404 4014 5459 σί.

576 5473 774 5570 gitatio
797 5476 992 5528 nostra
1019 5472 1366 5570 disperserit,
1390 5471 1463 5526 ad
1489 5472 1723 5570 hunc-se
1759 5471 2194 5570 tramitem-con-
2287 5469 2717 5570 ﬁtemini-Alia
2765 5491 2952 5531 manu.
3009 5478 3188 5535 Orate
3229 5499 3343 5553 pro
3393 5489 3632 5565 nobis,
3684 5469 3926 5556 homini
3964 5514 4008 5551 δε
4073 5521 4078 5570 δ

574 5567 681 5623 silii
702 5581 839 5622 cura
868 5565 1162 5630 convertit,
1184 5567 1248 5618 ut
1271 5579 1499 5618 rursum
1527 5564 1592 5617 ad
1621 5563 1903 5617 Kalendas
1928 5563 2190 5633 Septem-
2288 5563 2642 5619 venerabiles
2680 5571 2894 5638 patreS-
2942 5569 3154 5626 Datum
3204 5575 3314 5630 sub
3347 5577 3459 5636 die
3495 5599 3573 5642 VI
3611 5563 3778 5648 ldus
3806 5593 4012 5652 Augusti

571 5660 686 5715 bris
715 5658 892 5723 diem,
934 5655 1198 5710 eumdem
1251 5655 1636 5712 censuerimus
1681 5655 2038 5710 sacerdotum
2083 5671 2188 5710 nu-
2289 5655 2435 5710 Rufo
2462 5672 2692 5729 magno,
2722 5660 3164 5721 FaustoAVienO
3182 5683 3237 5722 ν.
3268 5685 3470 5728 εοαοδι
4066 5619 4078 5758 λ

640 5781 782 5859 {He
809 5778 1220 5859 praeceptiones
1249 5778 1418 5857 regis:
1447 5778 1791 5859 antecedunt
1809 5777 2191 5859 ‘synodumuv
2289 5779 2496 5859 ᾕρει
2504 5782 2838 5859 emendatas
2870 5785 2946 5842 ad
2973 5787 3410 5859 Collectionem
3439 5813 3581 5859 ms,

640 5797 666 5812 '
688 5797 782 5836 ne
809 5797 1220 5853 praeceptiones
1249 5797 1418 5857 regis:
1447 5797 1791 5860 antecedunt
1826 5797 2191 5860 synodumuv
2290 5797 2470 5860 srmee,
2504 5797 2838 5862 emendatas
2870 5797 2946 5842 ad
2973 5797 3410 5852 Collectionem
3439 5813 3581 5859 ms.
3626 5810 3950 5870 canonum
3970 5811 4006 5863 in
4069 5797 4078 5880 η

573 5846 908 5919 palmarem.
931 5851 1054 5916 Eas,
1076 5865 1206 5904 cum
1227 5863 1382 5918 prius
1401 5850 1621 5904 mendis
1643 5852 1829 5904 essent
1847 5852 2185 5920 lnqmnatis-
2289 5849 2428 5905 Bibl.
2460 5852 2634 5908 Paris.
2664 5869 2774 5910 soc.
2806 5857 2939 5912 Jesu
2967 5857 3182 5916 damus
3211 5878 3284 5918 ex
3308 5865 3700 5930 Hau-duim,
4063 5896 4077 5930 ι

3579 5894 3700 5936 no.
4062 5896 4070 5939 Ι
