4088 6420
989 455 1706 547 THEODORICI,
1785 453 2404 527 GOTHORUM
2479 453 2830 543 REGIS,

1213 572 1978 734 PR/ECEP’I‘IO
2058 571 2564 731 ALTERA

1098 779 1548 875 MISSA
1659 778 1842 874 AD

1962 776 2692 874 SYNODUM.

281 969 360 1024 F1.
387 969 768 1024 Theodericus
811 984 910 1026 rex
951 971 1224 1028 universis
1251 972 1528 1045 episcopis
1565 974 1636 1030 ad
1666 988 1834 1043 syno-
1859 982 1918 1056 Α
1937 971 2279 1026 multuosam
2301 973 2558 1043 expectat
2574 972 2602 1026 ?
2623 971 2864 1026 Intentio
2882 972 3133 1027 estvobis
3150 973 3568 1044 servandajus-

213 1063 348 1118 dum
377 1063 720 1118 convocatis.

283 1157 558 1212 Romana
613 1155 873 1211 Ecclesiae
931 1173 1150 1229 pacem,
1201 1159 1467 1232 episcopo
1513 1161 1850 1233 Symmacho

217 1248 531 1304 criminosis
578 1249 1057 1320 propositionibus
1093 1251 1377 1324 impetito,
1419 1253 1524 1308 sub
1567 1270 1635 1310 ea
1675 1271 1851 1326 quam

216 1343 442 1398 cernitis
467 1342 798 1398 confusione
818 1343 1020 1413 turba,
1047 1345 1533 1416 quemadmodum
1551 1348 1734 1420 magis
1751 1365 1852 1420 po-

218 1436 323 1491 tuit
349 1435 707 1508 providentia
725 1439 918 1491 nostra
937 1438 1246 1505 consulere,
1263 1455 1437 1510 quam
1456 1444 1520 1496 ut
1529 1441 1696 1512 juxta
1712 1443 1852 1514 peti-

216 1529 430 1584 tionem
458 1529 694 1584 Senatus
725 1533 782 1585 et
807 1529 964 1597 cleri,
991 1531 1062 1586 ad
1078 1533 1504 1604 congregandos
1519 1550 1588 1588 ex
1619 1534 1852 1590 diversis

216 1621 520 1693 provinciis
544 1638 773 1677 causam
811 1639 1074 1678 revocare
1107 1625 1407 1692 antistites,
1439 1630 1496 1682 et
1519 1627 1588 1682 de
1611 1628 1847 1700 religio-

217 1733 289 1770 sa
321 1715 610 1770 sanctione
634 1732 895 1787 persona
925 1719 1183 1772 sanctum
1213 1718 1396 1775 facere
1414 1719 1676 1792 judicare
1713 1737 1849 1776 con-

219 1809 414 1863 cilium
435 1808 462 1862 ?
485 1809 544 1862 ln
564 1809 738 1862 oculis
751 1809 1114 1864 suntdudum
1135 1811 1206 1866 ad
1219 1811 1539 1866 universam
1569 1813 1852 1884 synodum

222 1900 520 1970 destinata,
548 1907 604 1956 et
628 1901 991 1958 conscientia
1019 1907 1228 1959 nostra
1257 1905 1636 1977 astipulantur
1663 1923 1854 1962 oracu-

217 1995 289 2064 la,
311 1993 518 2066 quibus
542 1994 716 2050 solius
756 1995 1104 2067 integritatis
1137 1997 1340 2053 affectu
1369 1998 1479 2054 hoc
1496 1999 1592 2071 jus
1620 2000 1850 2072 pontiﬁ-

216 2087 372 2143 cibus
389 2087 780 2143 commisimus
796 2089 1062 2160 evocatis,
1076 2093 1142 2145 ut
1159 2091 1262 2145 sub
1286 2093 1567 2163 synodalis
1583 2094 1853 2165 aquitate

217 2180 534 2248 sententia,
565 2185 664 2235 aut
692 2185 926 2252 propter
947 2182 1164 2254 objecta
1192 2184 1496 2255 convictus,
1528 2187 1708 2242 reatui
1729 2186 1855 2242 sub-

1947 1063 2089 1120 titia
2119 1064 2179 1118 in
2202 1065 2548 1136 cognitione,
2567 1065 3040 1121 libertasremotis
3050 1067 3313 1122 omnibus
3339 1067 3582 1121 occasio-

1949 1156 2120 1212 nibus
2148 1157 2371 1228 integra
2399 1157 2472 1212 sit
2496 1162 2698 1212 vestrae
2722 1159 3058 1228 voluntatis;
3089 1160 3440 1232 objectorum
3466 1159 3577 1214 cri-

1948 1249 2173 1305 minum
2183 1267 2348 1305 causa
2363 1250 2990 1322 examinatejudicium,
3008 1252 3317 1308 dummodo
3331 1252 3582 1308 studiosa

1949 1341 2258 1398 certamina
2283 1342 2511 1399 defendi
2538 1359 2752 1410 amore,
2789 1347 2847 1398 et
2887 1361 3054 1400 omne
3091 1346 3431 1400 confusionis
3455 1362 3578 1400 am-

1949 1439 2182 1507 putetur
2193 1435 2551 1508 ambiguum,
2574 1437 2822 1492 maxime
2843 1453 2974 1492 cum
2989 1438 3304 1493 hancvobis
3324 1455 3430 1510 pro
3455 1439 3584 1493 reli-

1952 1528 2138 1600 gionis
2152 1530 2489 1596 reverentia,
2506 1546 2610 1584 con
2618 1530 2958 1585 sideratione
2965 1531 2988 1602 j
2999 1532 3204 1586 ustitia
3217 1536 3444 1598 nostra,
3459 1547 3581 1586 ora-

1950 1622 2078 1676 cula
2097 1621 2688 1678 tribuantfacultatem
2698 1665 2712 1692 ,
2727 1623 2943 1678 utsicut
2959 1624 3114 1678 vobis
3127 1628 3209 1678 est
3227 1625 3584 1696 inquirenda

1949 1713 2010 1769 in
2028 1714 2135 1769 hoc
2161 1715 2390 1786 negotio
2403 1715 2663 1770 voluntas
2688 1720 2745 1770 et
2759 1731 2892 1771 cura
2906 1715 3175 1783 veritatis,
3196 1718 3450 1788 personis
3470 1717 3586 1772 illic

1952 1807 2219 1862 omnibus
2267 1809 2607 1878 constitutis,
2639 1825 2743 1880 per
2783 1826 2922 1881 quas
2966 1814 3152 1881 potest
3205 1810 3346 1866 ﬁdes
3390 1827 3584 1866 rerum

1950 1900 2189 1973 quasita
2215 1906 2508 1973 prastare,
2527 1918 2624 1957 vos
2649 1903 2942 1972 noveritis,
2964 1907 3022 1958 et
3047 1904 3215 1973 Deus,
3234 1903 3443 1976 quidin
3462 1903 3586 1976 ipsa

1950 2009 2114 2048 causa
2127 1993 2388 2065 judicare
2410 1995 2682 2065 debeatis,
2703 2011 2902 2068 pacem
2927 1997 3112 2052 modis
3133 1996 3396 2052 omnibus
3415 1997 3584 2066 clero,

1951 2085 2173 2141 senatui
2201 2091 2257 2141 et
2283 2087 2539 2142 Romano
2565 2087 2776 2160 populo
2817 2094 2945 2160 post
2966 2088 3250 2160 judicium
3285 2089 3585 2159 reddituri,

1952 2195 2025 2235 ne
2054 2195 2166 2251 qua
2189 2179 2461 2248 turbatio,
2475 2180 2631 2236 nulla
2657 2181 2933 2236 discordia
2947 2181 3009 2237 in
3027 2181 3249 2237 civitate
3273 2186 3586 2237 remaneat.

209 2270 450 2341 jaceret.
477 2271 612 2324 Post
634 2269 969 2340 hujusmodi
993 2271 1316 2344 constituta,
1340 2273 1467 2345 quis
1495 2273 1671 2330 ﬁnem
1694 2278 1852 2330 tanto
1954 2271 2010 2326 Si
2035 2288 2170 2326 vero
2196 2272 2363 2327 vultis
2388 2277 2452 2328 ut
2489 2273 2640 2344 quod
2673 2274 3027 2346 propositum
3053 2281 3155 2345 est,
3201 2279 3449 2331 transeat
3469 2275 3588 2331 sine

217 2361 472 2418 dandum
505 2361 776 2418 dubitarit
807 2379 926 2420 esse
949 2366 1366 2438 negotio?quis
1405 2365 1475 2422 de
1499 2370 1617 2423 tam
1646 2384 1848 2424 nume-
1870 2357 1928 2430 B
1951 2363 2294 2420 discussione
2329 2365 2632 2436 judicium,
2677 2383 2774 2422 vos
2809 2368 3016 2434 sciatis,
3053 2371 3110 2423 et
3145 2369 3315 2432 Deus,
3349 2368 3590 2440 qualiter

215 2471 348 2512 roso
374 2454 614 2511 concilio
645 2456 1001 2512 sacerdotum
1027 2457 1213 2530 magis
1233 2460 1384 2514 nasci
1400 2460 1703 2517 crediderit
1717 2477 1850 2516 con-
1952 2457 2240 2526 ordinetis,
2282 2457 2594 2514 dummodo
2641 2476 2747 2531 pax
2776 2461 2950 2528 clero,
2981 2461 3221 2531 senatui,
3263 2462 3586 2533 populoque

215 2548 456 2606 fusionis
493 2549 830 2622 ambiguum
849 2551 877 2605 τ
923 2551 1061 2622 quid
1090 2552 1304 2623 profuit
1325 2553 1354 2585 ⁸
1396 2553 1516 2609 sine
1553 2554 1607 2609 vi
1637 2558 1756 2609 tam
1784 2555 1854 2610 de
1953 2553 2206 2607 Romano
2236 2551 2340 2606 sub
2358 2553 2900 2609 vestraordinatione
2922 2555 3206 2610 reddatur.
3236 2555 3372 2610 Ecce
3397 2571 3589 2610 coram

219 2641 442 2716 prolixo
468 2641 670 2698 itinere
710 2646 916 2698 catera
947 2643 1018 2698 ad
1058 2661 1161 2699 nos
1203 2645 1538 2717 imposuisse
1581 2647 1854 2720 negotia?
1955 2645 2069 2700 Deo
2098 2649 2155 2700 et
2178 2645 2504 2700 hominibus
2542 2645 2777 2702 arbitrio
2798 2651 2982 2702 vestro
3011 2647 3430 2703 committentes
3459 2648 3587 2702 uni-

219 2736 361 2809 quid
384 2739 674 2791 tantarum
703 2737 1077 2792 Ecclesiarum
1107 2737 1436 2794 absentibus
1474 2741 1855 2797 sacerdotibus
1954 2755 2113 2794 versa
2141 2738 2551 2794 conscientiam
2582 2743 2860 2810 nostram,
2887 2740 3035 2796 sicut
3065 2741 3320 2811 decebat,
3348 2740 3588 2796 absolvi-

219 2829 396 2885 fuisse
416 2844 756 2900 suspensum
772 2830 800 2884 ?
815 2829 951 2902 quid
963 2830 1244 2902 supererit
1256 2831 1560 2904 reliquum,
1576 2833 1622 2888 si
1640 2833 1710 2889 de
1726 2837 1852 2888 tan-

218 2926 281 2977 to
311 2921 468 2977 exitu
494 2937 610 2977 non
635 2921 805 2978 datur
837 2923 1118 2995 imperare
1149 2922 1322 2995 [Forte
1363 2924 1682 2999 impetrare]
1721 2943 1855 2981 con-

220 3018 458 3070 ventum
476 3014 505 3069 τ
541 3013 646 3070 Sed
687 3019 966 3072 transacta
994 3015 1294 3087 sufﬁciant,
1336 3033 1464 3091 qua
1495 3019 1562 3073 ad
1592 3019 1698 3074 hoc
1728 3024 1854 3074 tan-

222 3112 348 3163 tum
374 3108 435 3163 in
455 3107 792 3164 memoriam
817 3109 947 3164 satis
978 3114 1062 3164 est
1081 3125 1363 3177 revocare,
1395 3112 1547 3182 quod
1574 3113 1854 3168 desinant.

221 3205 379 3258 Bona
397 3205 482 3258 est
505 3201 923 3273 prateritorum
953 3203 1286 3273 recordatio,
1315 3204 1361 3258 si
1387 3221 1516 3276 qua
1539 3205 1855 3276 displicent,

222 3299 417 3352 secuta
439 3311 573 3350 cura
597 3296 965 3367 correptionis
995 3297 1284 3352 emendet.
1306 3298 1426 3352 Non
1455 3299 1652 3353 saltem
1679 3299 1854 3353 disce-

224 3388 493 3445 dentibus
541 3388 824 3461 aliquibus
878 3389 1166 3462 dilatoque
1219 3391 1447 3462 negotio
1483 3391 1555 3446 ad
1595 3392 1858 3446 secunda

221 3481 680 3555 congregationis
710 3482 990 3538 venientis
1029 3483 1267 3554 repetita
1293 3484 1528 3555 judicia,
1573 3501 1677 3556 pro
1723 3485 1854 3552 ﬁde,

223 3593 330 3650 pro
357 3575 708 3645 innocentia,
730 3592 834 3647 pro
855 3576 1119 3648 aquitate
1146 3577 1460 3647 concordis,
1487 3579 1722 3633 remotis
1749 3582 1861 3633 stu-

224 3671 334 3726 diis
360 3669 643 3741 aliquibus
667 3669 964 3743 dissentiat
986 3670 1302 3742 integritas.
1327 3673 1439 3727 Hoc
1466 3671 1738 3744 petitione
1764 3688 1861 3726 no-

1954 2847 2101 2886 mus.
2129 2831 2372 2887 Tantum
2402 2836 2488 2888 est
2514 2831 2617 2886 sub
2638 2833 2790 2904 justa
2815 2833 3171 2890 ordinatione
3191 2850 3309 2890 rem
3330 2834 3502 2890 fuisse
3530 2835 3593 2889 fi-

1955 2924 2157 2990 nitam,
2190 2930 2246 2980 et
2269 2924 2550 2980 unitatem
2576 2925 2860 2982 redditam
2899 2927 3314 2982 discedentibus
3357 2927 3588 2984 incidet.

1957 3019 2150 3088 Neque
2177 3018 2331 3074 enim
2357 3017 2645 3074 tolerabile
2670 3025 2754 3074 est
2783 3020 2855 3075 ob
2891 3020 3034 3076 hanc
3060 3021 3472 3092 negligentiam
3497 3038 3589 3076 re-

1961 3113 2069 3183 gia
2109 3111 2347 3168 civitatis
2386 3128 2638 3168 amorem
2668 3130 2784 3185 quo
2831 3118 3094 3170 tenemur
3136 3115 3453 3182 adremitti,
3494 3120 3594 3170 aut

1959 3205 2128 3260 rebus
2143 3205 2407 3260 omnibus
2421 3206 2534 3261 Deo
2561 3212 2788 3263 auctore
2809 3207 3019 3278 pacatis
3045 3208 3162 3262 sola
3180 3208 3593 3280 tranquillitate

1959 3297 2124 3368 erigi,
2153 3301 2211 3353 et
2235 3297 2294 3352 in
2321 3299 2507 3354 media
2538 3300 2678 3356 urbe
2707 3299 2994 3368 confundi,
3025 3306 3089 3356 ut
3116 3301 3468 3357 desideratur
3509 3302 3591 3356 ci-

1956 3390 2140 3445 vilitas
2161 3390 2222 3444 in
2251 3391 2609 3447 archilatiora
2638 3393 2685 3461 b,
2715 3409 2842 3464 qua
2869 3395 2952 3446 est
2979 3393 3084 3447 sub
3109 3393 3361 3448 hostium
3398 3395 3596 3449 vicini-

1957 3483 2087 3538 tatis
2117 3500 2274 3540 cura.
2309 3485 2374 3538 Et
2402 3501 2473 3539 ne
2514 3484 2653 3556 quid
2703 3485 2955 3540 omisisse
2984 3485 3297 3555 videamur,
3327 3503 3457 3541 cum
3488 3504 3591 3542 ne-

1958 3577 2258 3632 cessariam
2289 3577 2640 3633 credideritis
2669 3579 2920 3651 episcopi
2947 3579 3268 3650 Symmachi
3295 3580 3355 3635 in
3391 3581 3592 3652 cogni-

1958 3670 2111 3724 tione
2132 3671 2513 3742 prasentiam,
2540 3671 2798 3727 Gudilam
2831 3675 2888 3726 et
2920 3673 3308 3744 Bedeulphum
3325 3673 3594 3728 sublimes

227 3718 332 3726 “””
362 3718 571 3741 “””Ὶ”’”
585 3718 640 3723 ““”
671 3718 964 3743 "".""""‘
986 3718 1302 3742 """O""'"
1327 3718 1438 3727 ""'
1469 3718 1738 3744 l’""""’“'
1764 3718 1835 3726 ""
1965 3718 2110 3724 """
2132 3718 2513 3742 ι’·”ν”··“’”·-›
2545 3718 2798 3727 “”“““““”“”
2833 3718 2887 3726 ’⁷⁷
2923 3718 3308 3744 νν“·ν“··ι’·⁴“···’·
3325 3718 3592 3728 “¹“⁴“’⁴’⁶⁸“⁵⁸ν“”’

225 3768 343 3820 stra
371 3765 640 3820 Romana
665 3763 954 3818 confertur
983 3764 1194 3818 civitati
1217 3770 1282 3820 ut
1315 3765 1647 3821 sacerdotali
1675 3765 1857 3820 consi-
1879 3718 1935 3794 ϐ
1960 3765 2128 3830 viros,
2158 3765 2399 3834 majores
2415 3763 2620 3819 domus
2648 3770 2875 3831 nostra,
2903 3782 3048 3836 quos
3077 3765 3144 3821 de
3175 3771 3451 3837 prasente
3481 3766 3592 3820 mi-

225 3857 524 3914 deratione
568 3856 858 3928 proposito
899 3857 1156 3930 delegato
1201 3858 1510 3914 terminum
1559 3859 1702 3914 detis
1739 3859 1861 3914 sine

223 3950 592 4007 contentione
612 3951 862 4022 negotio,
884 3950 1122 4006 scientes
1143 3967 1402 4006 examem
1419 3955 1672 4007 vestrum
1687 3952 1755 4007 de
1775 3951 1863 4006 his

225 4059 496 4100 securum
513 4060 631 4098 esse
644 4043 948 4116 judicium.
971 4043 1225 4116 Cogitate
1248 4048 1491 4100 matrem
1519 4045 1863 4100 confusionis

227 4155 349 4194 esse
375 4137 742 4208 discordiam,
775 4141 832 4192 et
870 4137 1355 4210 quemadmodum
1385 4155 1660 4194 consensu
1693 4139 1864 4194 dubia

227 4232 566 4301 solidantur,
597 4232 676 4287 ita
703 4231 873 4286 etiam
894 4230 1061 4286 ﬁrma
1083 4231 1427 4288 dissensione
1454 4231 1696 4287 dissolvi.
1715 4233 1759 4286 Ν
1769 4248 1864 4286 un-

227 4325 366 4399 quid
397 4323 696 4393 laboriosa,
742 4324 1002 4396 nunquid
1029 4325 1383 4381 conscientia
1415 4328 1612 4380 vestrae
1652 4324 1862 4396 gravia,

225 4418 488 4491 nunquid
519 4418 746 4473 inimica
772 4417 1058 4490 proposito
1075 4419 1145 4473 ab
1167 4418 1511 4474 antistitibus
1536 4418 1649 4473 suis
1669 4434 1864 4490 pacem

226 4513 412 4586 poscit
445 4511 708 4581 Ecclesia,
742 4515 799 4568 et
823 4512 893 4567 ab
927 4512 1016 4566 his
1043 4512 1248 4585 quibus
1277 4528 1382 4584 per
1421 4511 1701 4567 rationem
1730 4528 1859 4582 pro-

223 4605 488 4663 fessionis
507 4611 706 4660 vestra
725 4622 860 4661 cura
879 4605 1080 4662 debeat
1097 4622 1214 4662 esse
1235 4605 1568 4678 propensior
1584 4604 1755 4660 ﬁdem
1773 4609 1864 4660 tu-

299 4708 326 4738 ⁸
346 4705 526 4760 Locus
555 4704 613 4760 in
633 4705 731 4760 Ms.
759 4703 1220 4760 immedicabilis.

1960 3857 2138 3912 simus
2149 3873 2277 3912 cum
2292 3856 2690 3914 Gonzatrierno
2705 3860 2827 3929 [Με.
2845 3875 2973 3914 cum
2991 3858 3156 3913 illum
3169 3875 3318 3914 com.
3331 3860 3591 3929 Arierno;

1958 3953 2120 4018 forte,
2151 3967 2279 4005 cum
2309 3951 2510 4006 illustri
2533 3951 2735 4006 comite
2764 3951 3022 4022 Arierno]
3047 3968 3117 4006 ne
3139 3952 3275 4023 quid
3297 3951 3597 4008 dubitatio-

1960 4045 2049 4099 nis
2077 4043 2468 4116 habeatjussio
2479 4049 2691 4114 nostra,
2707 4049 3057 4100 sacramenta
3069 4045 3592 4116 prastabuntsatis-

1960 4137 2166 4192 facturi
2179 4137 2472 4210 designato
2491 4137 2774 4209 episcopo,
2790 4138 3270 4210 quemadmodum
3289 4139 3598 4194 astimave-

1963 4232 2037 4286 rit
2061 4230 2342 4286 ordinatio
2371 4237 2553 4287 vestra
2583 4248 2596 4286 :
2627 4231 2909 4287 suffecerit
2946 4237 3011 4288 ut
3041 4236 3270 4287 vocatus
3297 4233 3368 4288 ad
3411 4233 3596 4288 conci-

1962 4325 2105 4379 lium
2131 4325 2269 4380 citra
2291 4325 2497 4380 Urbem
2517 4330 2572 4380 et
2599 4325 2872 4380 molestia
2895 4330 3050 4380 metu
3071 4342 3302 4380 securus
3321 4332 3600 4382 occurrat.

1965 4418 2130 4472 Orate
2161 4435 2262 4488 pro
2290 4435 2401 4487 me,
2449 4418 2664 4474 domini
2708 4419 2882 4473 sancti
2917 4424 2974 4474 et
3009 4419 3358 4474 venerabiles
3387 4425 3597 4492 patres.

1965 4511 2167 4566 Datum
2180 4517 2262 4566 est
2277 4512 2380 4566 sub
2393 4511 2482 4568 die
2494 4528 2546 4566 Vl
2565 4512 2685 4567 Kal.
2705 4511 2990 4583 Septemb.
3002 4553 3015 4579 ,
3035 4513 3315 4578 Ravenna,
3325 4517 3600 4584 regnante

1965 4604 2290 4676 snpradicto
2321 4605 2598 4672 feliciter;
2634 4604 2836 4661 Ruﬁno
2861 4606 3069 4660 Avieno
3101 4605 3302 4659 Fausto
3327 4621 3378 4659 v.
3408 4621 3457 4660 c.
3488 4622 3599 4660 cos.

2037 4703 2064 4744 ι)
2093 4704 2272 4758 Locus
2301 4703 2421 4758 sine
2451 4719 2556 4774 Ope
2581 4703 2823 4758 aliorum
2851 4703 3121 4758 Codicum
3149 4702 3492 4760 insanabilis.

993 4906 1004 4916 .
1397 4855 1501 4919 AD
1545 4854 2113 4921 THEODORICUM
2165 4853 2436 4919 REGEM

1061 4965 1652 5061 RELATIO
1765 4963 2780 5073 EPISCOPORUM.

300 5149 538 5223 Agimus
569 5149 681 5204 Deo
713 5149 940 5221 gratias,
953 5147 1052 5222 qui
1071 5165 1275 5222 regum
1294 5149 1468 5205 corda
1495 5149 1721 5222 pietatis
1746 5165 1865 5204 sua
1884 5163 1944 5236 D
1969 5149 2142 5220 (Joan.
2167 5151 2273 5220 xv),
2303 5148 2454 5222 quod
2479 5149 2678 5221 utique
2695 5147 2831 5204 boni
2859 5146 3296 5218 intelligendum
3325 5153 3428 5202 est.
3453 5147 3602 5203 ideo-

227 5261 411 5301 manu
441 5247 499 5298 et
525 5242 807 5315 gubernat
832 5248 890 5300 et
918 5249 1218 5316 temperat,
1248 5243 1476 5316 quando
1523 5243 1595 5298 ab
1622 5243 1746 5316 ipso
1767 5259 1865 5299 ve-

231 5338 323 5393 nit
351 5337 501 5409 quod
527 5337 830 5392 clementia
855 5342 1037 5392 vestra
1063 5353 1130 5392 ex
1157 5352 1349 5392 amore
1365 5353 1467 5391 suo
1482 5337 1780 5408 praceptis
1798 5337 1869 5392 ad

228 5449 341 5488 nos
369 5429 834 5487 moderatissimis
859 5446 964 5502 per
989 5430 1238 5502 majores
1265 5430 1470 5486 domus
1497 5431 1761 5486 Gudilam
1815 5436 1872 5486 et

118 5569 126 5576 ,
231 5523 628 5596 Bedeulphum
667 5522 938 5579 sublimes
981 5525 1194 5578 vestros
1235 5523 1423 5579 missis
1462 5524 1725 5580 ostendit.
1784 5524 1870 5580 Sic

231 5618 400 5676 enim
432 5620 757 5674 mansuetos
789 5615 1076 5690 principes
1117 5616 1240 5672 coeli
1281 5617 1553 5673 Dominus
1578 5618 1711 5673 fecit
1750 5633 1870 5674 esse

230 5729 378 5785 quos
421 5710 631 5784 diligit,
668 5715 725 5767 et
763 5707 1068 5784 propitiata
1114 5708 1385 5764 Divinitas
1421 5725 1518 5768 eos
1572 5709 1632 5766 in
1687 5709 1871 5766 causis

231 5804 506 5862 omnibus
535 5803 815 5860 mandatis
848 5802 964 5858 suis
1000 5801 1228 5858 ordinat
1261 5801 1519 5872 obedire;
1547 5803 1703 5875 quod
1732 5803 1869 5858 scri-

231 5903 404 5973 ptum
433 5902 541 5970 est,
569 5896 793 5955 dicente
822 5896 936 5952 Deo
971 5913 983 5952 :
1012 5897 1138 5956 Sine
1163 5911 1245 5953 me
1268 5895 1426 5952 mihi!
1441 5898 1667 5970 potestis
1690 5897 1873 5964 facere

1969 5260 2081 5316 que
2108 5248 2301 5298 nostro
2315 5248 2433 5298 toto
2445 5241 2651 5298 affectu
2679 5246 2735 5298 et
2754 5241 3020 5313 obsequio
3033 5239 3270 5311 jussioni
3293 5246 3491 5296 vestra
3512 5258 3607 5313 pa-

1967 5353 2092 5392 rere
2117 5337 2420 5403 voluimus,
2450 5341 2507 5392 et
2528 5336 2600 5390 ad
2626 5352 2831 5408 papam
2853 5335 2949 5407 qui
2976 5333 3378 5406 impetebatur,
3407 5339 3609 5408 quater

1971 5446 2100 5484 cum
2126 5429 2444 5484 sacerdotes
2472 5435 2694 5483 nostros
2736 5445 2805 5482 ex
2849 5426 3094 5482 secunda
3132 5427 3347 5498 synodo
3394 5428 3604 5484 direxi-

1970 5539 2118 5591 mus,
2151 5527 2214 5577 ut
2257 5522 2326 5577 ad
2355 5521 2638 5593 judicium
2685 5520 3032 5576 conveniret.
3063 5520 3171 5577 Sed
3210 5536 3504 5576 occurrere
3547 5537 3604 5574 se

1969 5615 2254 5672 audentia
2284 5618 2491 5671 nostra
2506 5615 2732 5686 penitus
2747 5631 2862 5670 non
2877 5631 3040 5688 posse
3067 5614 3280 5680 statuit,
3307 5613 3598 5668 mandans.

1970 5709 2226 5765 Primum
2253 5707 2326 5764 ad
2353 5712 2692 5764 conventum
2730 5713 3003 5776 vestrum,
3036 5707 3261 5780 quando
3289 5707 3481 5761 Roma
3507 5723 3602 5760 ve-

1971 5802 2150 5871 nistis,
2183 5801 2304 5857 sine
2331 5800 2520 5873 aliqua
2547 5800 2900 5858 dubitatione
2928 5799 3244 5873 properavi,
3274 5805 3330 5853 et
3373 5797 3602 5872 privile-

1972 5895 2066 5967 gia.
2091 5909 2218 5952 mea
2243 5893 2519 5952 voluntati
2531 5894 2705 5968 regia
2730 5893 2984 5965 submisi,
3001 5892 3460 5951 etauctoritatem
3477 5906 3606 5962 syn-
