4088 6490
506 399 524 450 l
545 398 564 449 t
583 398 648 450 15
1637 392 1891 448 διλΕϐυΙᾹ
1927 392 2117 447 SEXTl

2353 391 2702 448 .EMENTUM.
3807 385 3832 434 1
3853 385 3876 436 1
3897 382 3967 434 16

503 501 597 556 odi
636 499 794 567 dedi;
841 498 984 554 sicut
1019 499 1188 554 habet
1231 498 1600 555 ecclesiastica
1646 496 1960 568 disciplina,
2029 515 2118 554 re-
2143 508 2202 582 Α
2223 497 2586 568 congruebat.
2614 495 2759 561 Quia
2786 493 3124 551 confusione
3141 496 3325 550 tantae
3354 489 3641 548 civitatis
3659 493 3727 544 et
3755 485 3970 582 gemi-

501 591 902 646 staurationem
943 591 1305 646 ecclesiarum
1351 594 1686 664 regulariter
1725 592 1970 664 poposci,
2026 593 2122 647 sed
2143 579 2200 582 ﬁ
2222 607 2368 657 mus,
2395 594 2453 644 et
2477 589 2892 645 horrescimus:
2914 589 2988 644 ad
3013 587 3452 660 amplissimum
3473 585 3802 638 senatum
3827 579 3966 634 col-

500 675 692 738 nullus
716 681 857 736 mihi
882 699 916 736 a
935 683 1090 738 vobis
1109 683 1336 740 effectus
1363 690 1464 741 est.
1490 687 1700 742 Deinde
1716 703 1846 742 cum
1873 685 2124 741 venirem
2220 684 2485 754 legesque
2541 685 2767 738 nostros
2821 681 3070 736 secundo
3120 679 3484 747 direximus,
3545 679 3829 730 orantes
3886 689 3966 728 ex

503 791 632 831 cum
658 774 808 829 clero
827 791 976 844 meo,
999 775 1300 830 crudeliter
1317 782 1587 834 mactatus
1605 795 1751 834 sum.
1773 779 2014 834 Ulterius
2031 793 2124 833 me
2225 775 2404 831 verbis
2428 776 2701 846 Apostoli,
2741 775 2840 847 qui
2889 775 3090 829 monet
3119 789 3134 828 :
3163 771 3323 840 Quod
3349 786 3425 826 ea:
3455 769 3635 824 vobis
3668 771 3790 831 est,
3831 781 3967 820 cum

501 871 687 922 vestro
719 867 967 922 examini
991 884 1110 922 non
1135 869 1428 924 committo
1461 887 1475 924 :
1505 871 1562 925 in
1592 876 1864 942 potestate
1898 871 1994 926 Dei
2019 874 2121 938 est,
2222 869 2460 924 omnibus
2483 885 2671 938 pacem
2699 869 2972 930 habentes,
3002 881 3110 921 non
3136 865 3508 933 vosmetipsos
3530 860 3965 920 vindicantes,

509 964 566 1014 et
586 959 798 1014 domini
828 959 996 1031 regis,
1025 961 1159 1032 quid
1187 961 1255 1016 de
1281 977 1372 1016 me
1396 963 1666 1018 deliberet
1689 963 1967 1018 ordinare.
1995 965 2125 1018 Post
2222 962 2544 1022 charissimi,
2571 960 2664 1014 sed
2695 959 2820 1014 date
2861 960 3036 1013 locum
3067 960 3188 1011 irae.
3223 957 3529 1026 Scriptum
3577 957 3673 1007 est
3715 953 3919 1006 etiam
3948 969 3966 1004 :

506 1052 792 1123 episcopos
815 1056 1003 1106 tamen
1035 1052 1085 1107 ei
1116 1054 1386 1124 majorem
1414 1055 1614 1110 domus
1637 1061 1832 1111 vestrae
1853 1056 2124 1110 illustrem
2221 1055 2360 1108 Mihi
2386 1053 2700 1115 vindictam,
2728 1067 2820 1120 ego
2856 1051 3182 1111 retribuam,
3226 1048 3369 1103 dicit
3405 1048 3713 1102 Dominus
3761 1047 3966 1112 (Rom.

505 1144 691 1198 virum
729 1144 1070 1216 Arigernum
1109 1145 1437 1213 direximus,
1465 1147 1554 1202 cui
1584 1148 1719 1219 quid
1748 1149 2000 1220 responsi
2025 1147 2122 1202 de-
2223 1146 2341 1217 x11).
2370 1147 2480 1200 Nec
2519 1143 2894 1200 admonitioni
2939 1142 3282 1196 clericorum
3318 1138 3673 1207 defuimus,
3719 1136 3970 1208 quibus

507 1235 656 1291 derit
673 1253 774 1290 sua
796 1237 1155 1308 suggestione
1184 1239 1492 1299 renuntiat;
1516 1244 1571 1294 et
1593 1240 1919 1295 intimamus
1939 1244 2126 1294 tamen
2223 1237 2558 1308 regulariter
2583 1237 2843 1291 volumus
2872 1233 3200 1288 subvenire.
3230 1231 3383 1296 Quia
3412 1231 3624 1286 etiam
3671 1229 3968 1284 salutare

508 1328 863 1413 serenissimo
885 1329 1112 1396 domno,
1143 1331 1274 1402 quia
1299 1332 1462 1385 nobis
1483 1332 1620 1404 quid
1649 1333 1921 1404 possimus
1946 1333 2126 1386 facere
2223 1330 2506 1384 monitum
2539 1331 3036 1399 contempserunt;
3086 1326 3222 1380 ideo
3275 1323 3462 1378 vestri
3517 1323 3650 1378 erit
3698 1321 3968 1392 imperii

506 1421 1040 1489 nonremansit,nec
1057 1423 1296 1478 invitum
1310 1425 1379 1478 ad
1393 1424 1860 1495 disceptationem
1875 1428 2127 1478 nostram
2222 1428 2367 1477 nutu
2396 1421 2492 1476 Dei
2517 1421 2799 1493 respicere
2841 1417 3107 1474 Ecclesia:
3150 1415 3800 1488 redintegrationem,
3840 1415 3964 1468 Ro-

507 1513 788 1569 adducere
816 1530 1135 1584 possumus.
1169 1515 1279 1586 Ipsi
1308 1532 1412 1586 per
1443 1533 1686 1571 canones
1721 1513 2127 1588 appellationes
2223 1531 2408 1570 mana:
2435 1513 2674 1568 civitatis
2699 1517 2757 1568 et
2780 1511 3210 1583 provinciarum
3235 1509 3544 1580 quietem.
3561 1509 3757 1563 Nunc
3779 1523 3968 1578 roga-

509 1605 767 1660 omnium
794 1605 1184 1676 episcoporum
1222 1608 1534 1662 commissa:
1573 1613 1732 1678 sunt;
1761 1613 1816 1664 et
1846 1625 1975 1663 cum
2005 1609 2126 1680 ipse
2225 1624 2351 1662 mus
2369 1612 2434 1661 ut
2467 1604 2895 1661 inﬁrmitatibus
2923 1609 2981 1658 et
3023 1601 3339 1659 deunitatis
3379 1601 3585 1670 [Forte
3619 1599 3966 1655 indemni-

508 1698 773 1768 appellat,
805 1697 1005 1768 ecquid
1048 1699 1406 1754 faciendum?
1433 1717 1564 1754 cum
1600 1717 1704 1756 nec
1735 1701 1793 1754 in
1834 1701 2128 1756 absentem
2225 1699 2346 1770 tati]
2376 1703 2604 1765 nostrae,
2633 1695 3120 1768 quemadmodum
3150 1693 3236 1766 pii
3248 1692 3506 1761 domini,
3532 1691 3966 1761 succurratis;

503 1789 788 1843 valeamus
829 1789 976 1844 ferre
1003 1791 1360 1860 sententiam,
1405 1808 1508 1846 nec
1557 1792 1899 1847 contumacis
1942 1793 2128 1846 locum
2226 1791 2496 1863 quoniam
2525 1787 2812 1844 calliditati
2839 1787 3099 1842 saeculari
3143 1785 3534 1841 sacerdotum
3573 1785 3969 1857 simplicitas

508 1881 800 1952 deputare,
853 1882 948 1952 qui
985 1897 1044 1937 se
1085 1882 1368 1954 judicibus
1411 1884 1718 1940 occurrisse
1767 1885 2088 1956 praeclamat
2109 1902 2122 1952 ;
2145 1865 2202 1938 Β
2224 1901 2338 1939 non
2359 1882 2586 1952 sufﬁcit,
2613 1882 2803 1954 etjam
2831 1879 3043 1936 diutius
3068 1883 3413 1934 nostrorum
3440 1882 3722 1946 mortes,
3764 1881 3836 1932 et
3867 1893 3972 1948 pe-

507 1972 752 2028 maxime
778 1974 910 2045 quia
943 1991 1032 2030 res
1069 1991 1217 2030 nova
1237 1981 1338 2045 est,
1369 1982 1425 2031 et
1444 1977 1772 2048 pontiﬁcem
1799 1977 1944 2032 sedis
1969 1977 2127 2032 istius
2223 1977 2400 2032 ricula
2429 1975 2786 2047 propriarum
2821 1973 2940 2045 pati
2965 1987 3084 2027 non
3113 1986 3437 2043 possumus
3487 1986 3504 2022 :
3560 1970 3682 2026 sed
3735 1986 3968 2025 conce-

507 2065 662 2137 apud
687 2082 790 2120 nos
813 2066 1018 2133 audiri,
1048 2068 1268 2123 nullum
1297 2072 1516 2124 constat
1552 2070 1895 2140 exemplum.
1935 2069 2126 2124 Volui-
2226 2070 2341 2124 dite
2365 2069 2528 2122 nobis
2553 2065 2902 2138 optatissimo
2948 2067 3243 2136 prmoepto
3275 2067 3504 2130 vestro,
3527 2067 3611 2118 ut
3639 2064 3724 2118 ad
3760 2063 3968 2118 eccle—

512 2175 640 2212 mus
667 2158 818 2229 quod
838 2159 1079 2214 restabat
1095 2176 1291 2232 pacem
1309 2161 1476 2232 juxta
1495 2165 1837 2233 praeceptum
1855 2166 1910 2216 et
1927 2163 2128 2216 volun-
2228 2162 2336 2215 sias
2378 2164 2594 2215 nostras
2635 2159 2799 2214 liceat
2831 2175 2936 2212 nos
2968 2156 3201 2224 reverti,
3239 2155 3384 2227 quia
3421 2160 3570 2226 post
3625 2155 3778 2210 haec
3823 2171 3970 2226 quae

511 2252 688 2306 tatem
715 2253 956 2306 vestram
982 2252 1220 2308 reddere
1245 2253 1472 2322 civitati,
1500 2271 1628 2326 quae
1657 2271 1744 2309 res
1770 2257 1827 2310 et
1847 2255 2132 2326 proposito
2230 2252 2636 2323 suggessimus,
2655 2252 2803 2306 nihil
2819 2254 2904 2306 est
2915 2247 3304 2322 quodanobis
3318 2247 3520 2320 possit
3535 2247 3869 2303 ordinari.
3897 2252 3972 2304 Et

512 2345 703 2397 nostro
727 2343 908 2398 amica
927 2347 1030 2413 est,
1045 2350 1100 2400 et
1113 2345 1446 2400 beatitudini
1472 2351 1784 2401 vestrorum
1811 2351 2132 2418 temporum
2230 2345 2346 2400 alia
2372 2345 2848 2414 manu:0ptamus
2859 2342 3016 2396 vobis
3033 2342 3310 2410 salutem,
3335 2339 3597 2395 domine
3629 2341 3966 2412 princeps.

1280 2510 1968 2600 THEODORICI,
2049 2507 2647 2582 GOTHORUM
2725 2506 3084 2594 REGIS,

1499 2631 2863 2841 PRECEWERTIA.

585 2887 802 2943 Flavius
843 2888 1226 2943 Theudericus
1268 2904 1388 2956 rex,
1437 2887 1706 2942 universis
1745 2886 2023 2959 episcopis
2060 2886 2413 2971 adeente,
2459 2888 2645 2956 optata
2685 2899 2792 2954 per
2839 2900 2934 2938 vos
2973 2883 3290 2938 concordia
3339 2884 3762 2942 redderetur.
3797 2889 3974 2942 Nunc

515 2979 793 3049 synodum
819 2980 1149 3034 convocatis.
2229 2995 2362 3033 vero
2383 2978 2578 3032 eadem
2597 2993 2724 3048 quae
2749 2977 2966 3031 dudum
2992 2977 3388 3048 praesentibus
3415 2977 3824 3034 intimamus
3845 2997 3975 3036 ora-

592 3072 857 3126 Decuerat
905 3072 1137 3142 quidem
1192 3071 1597 3125 beatitudinem
1641 3074 1886 3124 vestram
1930 3069 2132 3124 divinae
2231 3070 2386 3138 culis,
2430 3087 2543 3123 non
2586 3085 2776 3123 coram
2805 3069 2921 3122 Deo
2953 3074 3010 3124 et
3040 3068 3385 3124 hominibus
3429 3070 3879 3140 absolventes,
3910 3077 3976 3127 ut

515 3163 982 3218 considerationis
1019 3163 1332 3218 reverentia
1375 3168 1634 3217 exortum
1670 3163 1790 3232 jam
1819 3161 2004 3216 ﬁnisse
2029 3179 2130 3216 ne-
2231 3180 2452 3218 causam
2483 3163 2788 3234 Dei,quam
2819 3163 3528 3233 vestrmcongregationis
3559 3166 3974 3236 amplissimo

519 3256 759 3326 gotium,
787 3260 852 3310 ut
867 3254 1022 3309 vobis
1036 3255 1421 3310 ordinantibus
1443 3255 1756 3308 submoveri
1776 3255 2046 3326 potuisset
2065 3255 2132 3309 de
2233 3255 2474 3320 senatui,
2507 3260 2561 3308 et
2587 3270 2786 3324 pacem
2840 3253 3062 3308 clericis
3101 3259 3435 3325 sperantes,
3488 3259 3975 3326 commisimus,

516 3352 670 3402 tanta
699 3347 917 3402 civitate
943 3348 1192 3402 confusio
1227 3364 1239 3400 :
1267 3347 1512 3402 maxime
1535 3364 1664 3401 cum
1685 3347 1970 3418 praetentis
1995 3346 2129 3402 affe-
2231 3346 2711 3419 quemadmodum
2735 3345 2923 3400 visum
2943 3346 3103 3400 vobis
3129 3346 3332 3416 fuerit,
3369 3348 3696 3405 ordinetis
3723 3369 3748 3420 ;
3803 3369 3921 3407 nec
3943 3371 3976 3405 a

517 3439 697 3493 ctibus
731 3439 1088 3508 jusserimus,
1136 3440 1614 3511 quemadmodum
1657 3443 1908 3494 vestrum
1950 3439 2133 3493 visum
2232 3439 2392 3494 nobis
2420 3438 2588 3492 vestri
2609 3441 2942 3510 expectetur
2969 3438 3160 3492 forma
3183 3438 3424 3509 judicii,
3457 3442 3577 3497 sed
3621 3459 3746 3498 vos
3780 3445 3977 3516 quali-

516 3531 708 3586 fuisset
731 3532 1046 3601 arbitrium,
1065 3535 1440 3587 memoratum
1467 3549 1566 3586 vos
1596 3531 1899 3586 terminare
1929 3531 2134 3586 debere
2231 3535 2320 3587 ter
2339 3531 2504 3586 vultis
2529 3531 2801 3586 ordinate.
2831 3531 2956 3585 Sive
2988 3531 3267 3598 discussa,
3285 3532 3411 3586 sive
3434 3533 3814 3593 indiscussa
3844 3555 3979 3593 cau-

517 3629 805 3680 certamen
829 3641 842 3691 ;
872 3624 1180 3680 dummodo
1211 3625 1314 3679 sub
1333 3625 1486 3695 justa
1512 3624 1860 3679 ordinatione
1885 3623 2130 3690 ﬁnitum,
2232 3641 2292 3679 sa
2314 3624 2566 3695 proferre
2595 3623 2955 3692 sententiam,
2978 3623 3048 3678 de
3078 3639 3196 3694 qua
3221 3623 3361 3678 estis
3393 3626 3731 3684 rationem
3767 3631 3977 3686 divino

517 3717 906 3772 dissentientes
929 3717 1126 3772 unitati
1148 3723 1203 3771 et
1232 3716 2131 3780 concordiaaredderentur.Quam
2224 3717 2440 3788 judicio
2479 3715 2796 3783 reddituri;
2839 3716 3176 3786 dummodo,
3221 3716 3401 3772 sicuti
3443 3736 3628 3791 saepe
3663 3721 3976 3793 diximus,

517 3809 794 3864 miramur
831 3810 1016 3864 denuo
1053 3809 1222 3864 fuisse
1265 3809 1585 3864 consultum
1627 3825 1640 3863 :
1679 3825 1807 3863 cum
1837 3808 1884 3863 si
1925 3825 2028 3862 nos
2063 3809 2132 3862 de
2231 3810 2338 3864 hoc
2367 3807 2696 3863 deliberatio
2723 3812 2907 3862 vestra
2932 3807 3248 3878 provideat,
3285 3813 3357 3864 ut
3383 3827 3513 3882 pax
3560 3817 3838 3872 senatui
3866 3834 3976 3888 po-

516 3901 786 3972 przesenti
820 3907 952 3956 ante
994 3902 1360 3956 voluissemus
1394 3902 1647 3972 judicare
1677 3900 1922 3972 negotio,
1945 3900 2135 3955 habito
2231 3901 2483 3974 pnloque
2507 3901 2784 3969 Romano,
2808 3899 3074 3954 submota
3107 3899 3271 3955 omni
3302 3902 3692 3962 confusione
3749 3910 3974 3964 redda-

517 4011 649 4048 cum
687 3995 1012 4065 proceribus
1050 3995 1254 4048 nostris
1281 3995 1349 4049 de
1380 3994 1714 4066 inquirenda
1759 3994 1990 4049 veritate
2016 3997 2132 4048 tra-
2231 3999 2345 4063 tur,
2368 4010 2440 4048 ne
2467 4009 2598 4064 qua,
2633 3992 2786 4063 quod
2810 3993 2977 4059 absit,
2992 3996 3124 4064 post
3133 3993 3442 4063 judicium
3467 3999 3702 4069 turba,
3732 4008 3851 4057 aut
3876 4004 3977 4056 ali-

517 4089 690 4153 ctatu,
718 4088 830 4142 Deo
855 4086 1100 4158 auspice,
1132 4087 1510 4158 potuissemus
1547 4087 1796 4142 invenire
1831 4085 2132 4156 justitiam,
2233 4103 2345 4158 qua
2366 4089 2658 4140 remaneat
2682 4084 2741 4138 in
2759 4084 2986 4140 civitate
3015 4084 3325 4140 discordia.
3355 4087 3465 4143 Sin
3489 4097 3732 4148 autem
3759 4112 3975 4151 secun-

517 4193 646 4249 quas
675 4195 778 4233 nec
802 4180 1067 4250 praesenti
1087 4179 1308 4248 saeculo,
1336 4195 1440 4234 nec
1457 4179 1667 4234 futurae
1689 4179 1924 4234 forsitan
1950 4177 2136 4249 displi-
2235 4179 2372 4234 dum
2393 4177 2662 4232 mandata
2693 4179 2890 4230 nostra
2914 4177 3222 4232 concordia
3247 4181 3720 4242 sacratissime
3743 4189 3921 4244 urbis
3947 4205 3978 4242 a

520 4286 647 4324 cere
675 4270 950 4341 potuisset
975 4271 1166 4326 aetati?
1186 4271 1290 4326 Sed
1317 4271 1446 4342 quia
1459 4286 1574 4326 non
1591 4276 1848 4326 nostrum
1869 4269 2138 4340 judicavi-
2153 4250 2214 4323 D
2235 4270 2392 4325 vobis
2420 4269 2593 4324 fuerit
2617 4269 2896 4339 restituta,
2919 4273 3060 4324 tunc
3085 4269 3449 4327 universitas
3479 4292 3864 4348 agnoscere
3885 4300 3980 4354 po-

518 4379 647 4416 mus
675 4363 744 4417 de
769 4363 1154 4418 ecclesiasticis
1184 4363 1396 4434 aliquid
1427 4381 1657 4418 censere
1700 4363 1940 4432 negotiis
1969 4381 1982 4416 :
2011 4363 2138 4417 ideo
2234 4363 2407 4418 tuerit
2427 4362 2650 4433 justum
2675 4361 2818 4416 sacri
2839 4361 3060 4416 ordinis
3079 4363 3257 4416 vestri
3309 4365 3608 4425 extitisse
3635 4372 3978 4444 judicium.

518 4472 613 4509 vos
641 4455 734 4510 die
762 4455 996 4510 diversis
1021 4456 1318 4526 provinciis
1358 4456 1592 4510 fecimus
1627 4472 1886 4524 evocare;
1927 4459 1993 4509 ut
2034 4455 2137 4508 sub
2239 4455 2402 4512 Orate
2437 4471 2542 4525 pro
2582 4453 2766 4522 nobis,
2809 4453 3028 4508 domini
3069 4455 3254 4510 sancti
3296 4472 3369 4511 ac
3421 4467 3846 4524 venerabiles
3873 4471 3978 4524 Pa-

521 4549 696 4603 divini
721 4549 926 4603 timore
945 4549 1166 4618 judicii,
1203 4549 1372 4604 totius
1394 4547 1717 4603 certaminis
1760 4547 1914 4602 vobis
1953 4547 2142 4618 dispo-
2241 4553 2372 4603 tres.
2406 4548 2607 4602 Datum
2626 4547 2730 4602 sub
2757 4545 2849 4600 die
2879 4546 3273 4628 Kalendarum
3300 4549 3629 4611 Octobris.

521 4641 788 4696 nentibus
833 4658 996 4696 causa
1036 4641 1320 4704 transiret,
1371 4641 1606 4712 urbique
1647 4645 1874 4710 nostrae,
1905 4641 2023 4695 Deo
2057 4641 2141 4694 fa-

1698 4798 1998 4864 SYNODO
2061 4797 2685 4863 ECCLESIASTICzE

805 4915 1044 5024 VIR
1121 4913 1969 5024 SPECTABILIS
2044 4911 3054 5025 ANAGNOSTICUS
3135 4915 3644 5032 REGIS.

579 5123 820 5177 Primum
847 5121 1128 5176 salutandi
1150 5124 1485 5208 episcopalet
1513 5120 1794 5176 dicendum
1815 5123 1889 5176 eis
1915 5136 2080 5175 causa
2239 5119 2558 5191 Evangelio,
2593 5123 2650 5175 et
2672 5119 2945 5192 Apostolo
2971 5120 3045 5175 ad
3079 5120 3458 5194 Corinthios,
3494 5127 3630 5184 hoc
3662 5136 3979 5208 sequami-

1163 5207 1282 5261 (Ιῑιεε
1307 5197 1510 5262 αΩίίαν·
2237 5213 2318 5268 ni.
2361 5213 2501 5266 Nam
2537 5212 2584 5266 si
2625 5229 2777 5268 metu

2366 5213 2501 5266 Nam
2537 5212 2584 5266 si
2625 5229 2822 5268 meum
2853 5211 3118 5268 animum
3157 5215 3517 5289 requiretis,
3569 5227 3650 5280 ut
3703 5197 3980 5301 superius

594 5305 650 5360 Si
679 5306 823 5360 mihi
841 5306 1022 5361 visum
1049 5307 1264 5373 fuisset,
1292 5311 1391 5360 aut
1429 5305 1710 5376 justitiam
1737 5305 2039 5374 habuisset,
2079 5310 2142 5360 ut
2239 5304 2376 5372 dixi,
2418 5321 2544 5376 quin
2589 5304 2848 5377 praecipit
2891 5305 3046 5360 Deus
3089 5305 3150 5360 in
3194 5308 3570 5382 Evangelio,
3611 5315 3748 5374 hoc
3781 5339 3982 5393 sequa-

523 5413 631 5469 ego
675 5397 989 5453 debuissem
1023 5399 1216 5454 audire
1246 5415 1376 5454 cum
1416 5398 1738 5469 proceribus
1789 5397 1980 5468 palatii
2005 5397 2137 5468 mei,
2243 5397 2405 5452 mini.
2449 5397 2508 5452 Si
2548 5413 2684 5452 vero
2724 5396 2887 5452 vobis
2921 5397 3112 5452 visum
3164 5398 3352 5456 fuerit
3391 5403 3540 5460 sine
3601 5409 3983 5470 discussione

523 5495 823 5563 potueram
851 5495 1087 5546 tractare
1113 5493 1396 5562 quomodo
1415 5495 1471 5545 et
1498 5493 1605 5546 Deo
1631 5491 1944 5562 placuisset,
1970 5494 2027 5545 et
2045 5506 2142 5561 po-
2239 5505 2470 5546 causam
2500 5489 2686 5558 ﬁnire,
2711 5493 2813 5545 aut
2831 5489 3172 5561 discussam,
3203 5497 3780 5564 quemadmodum
3798 5509 3983 5564 visum

524 5581 762 5638 steritati
805 5581 1094 5652 ingratum
1139 5599 1253 5638 non
1280 5583 1498 5652 fuisset,
1539 5583 1639 5638 sed
1677 5582 1813 5654 quia
1854 5598 2020 5636 causa
2059 5587 2143 5638 est
2239 5581 2428 5650 fuerit,
2444 5582 2714 5653 judicate.
2735 5583 2918 5638 Meam
2935 5599 3252 5654 personam
3271 5588 3477 5647 nolite
3499 5601 3982 5673 metuere,red-

525 5673 624 5730 Dei
655 5679 710 5729 et
734 5673 1089 5743 clericorum,
1133 5675 1375 5744 ideoque
1403 5676 1570 5730 modo
1598 5675 1669 5730 ad
1694 5673 2026 5745 petitionem
2052 5691 2138 5730 se-
2241 5675 2415 5730 dituri
2440 5675 2721 5730 rationem
2733 5678 2869 5731 ante
2887 5681 3275 5748 conspectum
3307 5679 3420 5738 Dei
3456 5701 3474 5739 :
3501 5689 3786 5750 tantum
3813 5701 3904 5751 est
3926 5698 3984 5750 ut

525 5772 693 5822 natus
719 5767 808 5822 vel
840 5766 974 5822 cleri
998 5783 1068 5821 ex
1093 5765 1324 5820 diversis
1348 5766 1661 5822 civitatibus
1701 5782 2012 5822 convenere
2038 5784 2140 5823 an-
2242 5771 2520 5837 senatum,
2539 5767 2757 5824 clerum
2783 5771 2841 5824 et
2859 5769 3151 5841 populum
3178 5773 3524 5844 paciﬁcum
3549 5783 3982 5856 dimimus,eg

528 5857 745 5926 tistites,
775 5860 932 5913 velut
976 5859 1088 5913 Deo
1124 5857 1331 5923 medio,
1357 5859 1667 5914 secundum
1694 5858 1846 5932 quod
1870 5858 2056 5932 legitis
2084 5860 2144 5916 in
2241 5860 2392 5934 quod
2415 5859 2803 5932 judicaveritis
2833 5860 3116 5918 scribatis.
3148 5865 3269 5921 Nos
3288 5874 3518 5930 autem
3544 5875 3687 5937 hoc
3716 5882 3982 5956 probam.

524 4735 3930 4763 Μ
