4088 6426
221 348 369 402 1117

1135 351 1463 407 CLODOVEI
1503 351 1699 408 REGIS
1734 352 2154 409 ΡΒλΕΟΕΡἸὍΜ
2190 353 2280 409 AD
2319 353 2698 423 EPISCOPOS.

3456 356 3591 410 1118

213 468 358 508 mus
381 469 484 546 vos
523 452 675 509 bene
719 452 1010 524 ordinare,
1042 455 1088 511 si
1124 459 1361 528 p0pulo,
1409 458 1656 526 senatui,
1703 459 1856 514 clero
1879 460 2250 546 Aproposuit
2274 459 3082 533 similitudinemzAliquando
3099 461 3294 534 utipse
3309 461 3592 516 ﬂeretim-

213 561 432 616 pacem
450 544 739 617 integram
764 547 1039 604 reddatis.
1061 549 1227 614 Quod
1245 550 1290 605 si
1313 550 1557 605 minime
1585 551 1854 621 feceritis,

215 639 544 694 ostendetis
569 655 666 694 vos
695 640 797 695 uni
820 642 973 713 parti
998 643 1227 699 favisse.
1254 643 1471 699 Nullius
1493 661 1634 715 ergo
1659 661 1854 716 perso-

213 749 365 788 nam
393 735 527 788 ante
557 733 752 788 oculos
784 733 1082 790 habeatis:
1108 737 1370 807 quamvis
1397 736 1444 790 si
1467 737 1624 792 vobis
1655 737 1858 809 aliquis

211 827 511 882 violenter
533 826 708 900 vellet
747 843 874 898 quae
905 827 1117 899 injusta
1161 833 1294 884 sunt
1320 829 1641 900 imponere,
1670 831 1857 886 missis

209 916 398 972 rebus
408 890 640 987 vestrisj
650 890 903 970 ustitiam
915 890 1202 972 custodire
1220 890 1498 972 debeatis.
1521 890 1664 973 Nam
1690 919 1860 974 multi

211 1013 282 1066 et
309 1013 512 1064 vestras
550 1012 610 1064 et
646 1013 856 1064 nostrae
894 1009 1148 1080 regionis
1193 1011 1446 1083 episcopi
1490 1017 1727 1084 propter
1756 1012 1858 1068 Dei

211 1119 445 1170 causas,
485 1105 545 1157 et
577 1101 648 1157 de
673 1102 938 1157 Ecclesiis
967 1105 1026 1157 et
1051 1103 1122 1158 de
1143 1103 1314 1158 rebus
1343 1105 1457 1159 suis
1474 1105 1677 1176 jactati
1702 1108 1855 1174 sunt,

211 1201 280 1253 et
301 1199 503 1251 tamen
531 1195 746 1251 vivunt.
775 1197 896 1266 Ego
918 1212 1035 1252 non
1061 1197 1247 1252 solum
1275 1197 1536 1270 impono,
1556 1197 1659 1253 sed
1680 1198 1857 1253 etiam

209 1305 392 1361 rogo,
421 1291 483 1345 ut
511 1288 733 1344 faciatis
759 1305 885 1361 quin
916 1290 1062 1344 Deus
1077 1291 1369 1362 praecepit,
1404 1294 1614 1363 etquae
1641 1290 1858 1362 legistis

1955 557 2208 626 perator,
2236 555 2437 625 Aspari
2468 571 2502 609 a
2531 558 2731 610 senatu
2763 554 3058 611 dicebatur
3089 573 3103 622 ;
3144 555 3242 628 qui
3266 556 3381 611 tale
3408 555 3593 610 fertur

1958 647 2182 703 dedisse
2211 664 2522 720 reponsum
2546 666 2560 703 :
2593 647 2790 703 Timeo
2814 665 2886 703 ne
2917 665 3022 720 per
3041 665 3134 704 me
3161 647 3432 721 peccandi
3459 663 3594 702 con-

1956 737 2198 792 suetudo
2241 737 2302 791 in
2339 753 2520 807 regno
2566 741 2850 792 nascatur.
2891 739 2973 792 Ita
3010 738 3135 792 dico
3181 742 3240 792 et
3281 737 3470 803 modo,
3515 753 3588 790 ne

1956 825 2268 880 irascantur
2297 825 2480 880 sancti
2505 827 2696 880 Patres
2717 825 2916 892 nostri,
2941 842 3012 880 ne
3035 843 3141 896 per
3169 842 3284 894 eos,
3313 842 3442 880 cum
3471 842 3590 883 non

1959 917 2325 972 discusserint
2341 918 2491 972 etita
2504 918 2908 989 judicaverint,
2936 919 3290 973 consuetudo
3316 919 3588 990 peccandi

1957 1010 2218 1065 omnibus
2261 1010 2654 1066 sacerdotibus
2693 1011 3041 1082 generaliter
3079 1011 3200 1066 ﬁat.
3231 1013 3376 1066 Item
3416 1011 3462 1066 si
3492 1029 3586 1067 vo-

1955 1103 2129 1158 luerit
2153 1103 2437 1158 discutere
2462 1120 2715 1172 causam,
2745 1108 2808 1159 ut
2827 1119 3058 1159 securus
3085 1105 3438 1176 egrediatur,
3468 1105 3589 1160 Ari-

1957 1212 2190 1267 gernus,
2218 1195 2444 1263 Gudila,
2474 1199 2532 1251 et
2560 1196 2925 1268 Bedeulphus
2946 1202 3307 1253 sacramenta
3337 1199 3390 1253 ei
3407 1215 3585 1271 praes-

1957 1289 2178 1344 tabunt.
2203 1291 2280 1344 De
2303 1305 2440 1344 area
2458 1305 2592 1343 vero
2610 1291 2699 1343 vel
2720 1289 2790 1344 de
2814 1290 2988 1345 domo
3013 1291 3591 1363 Lateranensi,prout

209 1384 280 1437 in
311 1381 617 1453 Evangelia
636 1387 694 1438 et
714 1383 1006 1453 Apostolo.
1021 1381 1078 1438 Si
1095 1385 1289 1438 autem
1309 1383 1585 1438 discutitis
1604 1399 1855 1451 causam,
1947 1381 2272 1452 judicatum
2291 1381 2484 1450 fuerit,
2506 1382 2694 1437 eidem
2717 1382 2968 1453 synodus
2981 1383 3205 1438 reddat.
3228 1384 3586 1451 Devindicta,

205 1477 310 1531 vel
339 1476 446 1531 sub
469 1475 658 1547 aliquo
679 1475 869 1531 colore
895 1475 1097 1530 melius
1116 1492 1345 1531 causam
1361 1476 1652 1547 judicatis.
1673 1476 1731 1532 Si
1755 1493 1856 1531 au-

209 1573 344 1624 tem
375 1569 755 1624 indiscussam
775 1568 1122 1638 dimiseritis,
1147 1567 1295 1624 datis
1321 1570 1647 1641 exemplum
1671 1586 1853 1624 sacer-

209 1661 453 1718 dotibus
472 1661 710 1718 omnino
734 1663 885 1718 male
901 1661 1292 1718 conversandi.
1320 1663 1448 1718 Haec
1460 1679 1591 1717 cum
1614 1663 1853 1728 diceret,

1954 1491 2084 1546 quae
2110 1479 2348 1546 sperant
2387 1475 2805 1531 discussionem
2835 1475 2882 1530 si
2910 1475 2994 1530 eis
3022 1476 3320 1547 placuerit,
3352 1480 3452 1531 aut
3485 1477 3591 1548 ipsi

1953 1567 2246 1623 vindicent
2270 1573 2370 1623 aut
2394 1585 2534 1640 quos
2563 1568 2908 1640 deputemus
2942 1569 3165 1641 legibus
3205 1575 3593 1642 exsequantur

1957 1662 2154 1733 culpas
2175 1661 2220 1716 ⁸.

289 1768 317 1798 ⁸
345 1770 526 1842 Locus
555 1769 650 1824 hic
675 1771 1016 1842 depravatus
1046 1770 1125 1826 sic
1153 1771 1543 1826 restituendus
1574 1776 1660 1826 est
1685 1788 1752 1826 ex
1781 1770 1919 1828 Cod.
1943 1769 2190 1826 Colbert.
2217 1769 2515 1826 Ballerinis
2543 1770 2966 1827 indicantibus:
3001 1775 3099 1826 aut
3138 1773 3248 1841 ipsi
3285 1771 3582 1834 vindicent,

206 1844 319 1894 aut
345 1855 442 1896 nos
468 1841 802 1911 deputemus,
830 1844 928 1912 qui
952 1843 1157 1911 legibus
1185 1847 1554 1912 exsequantur
1579 1843 1790 1913 culpas.

996 2007 1695 2096 THEODORICI,
1783 2007 2380 2080 GOTHORUM
2465 2007 2810 2096 REGIS,

1196 2130 1963 2291 PMCEPTIO
2057 2131 2628 2326 QUARTA,

301 2333 465 2399 Sive
503 2333 608 2398 lex
652 2333 813 2429 data
854 2353 915 2429 α,
931 2335 1397 2429 glorzgsissimo
1433 2355 1591 2429 .rege
1622 2337 2026 2429 'z'heodorico
2070 2336 2487 2429 [sz’ederz'co]
2513 2345 2754 2429 .contra
2792 2337 2936 2400 illos
2979 2337 3356 2429 sacerdoles,
3390 2339 3510 2419 qui

621 2413 1054 2479 substantiam
1083 2417 1389 2482 Ecclesiae
1401 2413 1564 2499 jufe
1593 2416 1836 2480 directo
1863 2425 1984 2480 aut
2007 2413 2306 2496 vendere,
2337 2413 2728 2481 aut-donare
2747 2425 3178 2498 prwsumunt.

285 2583 567 2640 Domitori
587 2585 759 2654 orbis,
786 2586 1013 2658 praesuli
1030 2591 1086 2644 et
1098 2589 1417 2660 reparatori
1446 2589 1742 2658 libertatis,
1771 2605 1856 2644 se-
1873 2601 1930 2674 Β
1956 2591 2116 2645 enim
2156 2589 2414 2646 frustrari
2441 2589 2562 2646 sola
2580 2588 2866 2662 pontificis
2896 2589 3184 2644 voluntate
3206 2589 3293 2643 vel
3317 2589 3454 2643 cleri
3481 2605 3579 2660 pe-

206 2677 383 2734 natui
401 2678 557 2734 urbis
587 2679 802 2749 Romus,
832 2681 1054 2736 Flavius
1082 2681 1468 2738 Theodoricus
1498 2685 1634 2738 Rex.

289 2772 558 2827 Pervenit
587 2773 663 2828 ad
712 2791 835 2842 nos,
882 2777 1072 2845 patres
1111 2776 1440 2847 conscripti,
1485 2777 1556 2830 de
1600 2776 1852 2832 ecclesiae

205 2865 402 2920 missa
440 2865 688 2921 utilitate
721 2868 1034 2938 suggestio,
1066 2871 1125 2922 et
1155 2872 1362 2924 nostra;
1391 2869 1855 2924 mansuetudinis

205 2962 386 3030 grata
416 2959 559 3014 sacri
589 2963 764 3015 ccetus
791 2960 965 3014 vestri
993 2960 1277 3016 ordinatio
1300 2963 1472 3017 corda
1496 2962 1760 3033 pulsavit.
1786 2965 1857 3018 Et

203 3051 354 3107 licet
381 3055 511 3122 post
538 3052 929 3108 venerabilem
967 3053 1254 3125 synodum
1285 3054 1359 3108 ad
1391 3055 1724 3125 bujusmodi
1761 3055 1856 3109 de-

204 3143 559 3200 cretavestri
576 3144 824 3200 sufficiat
835 3145 1122 3204 ordinatio
1149 3146 1267 3201 sola
1282 3146 1504 3217 judicii,
1533 3150 1728 3202 tamen
1749 3165 1854 3218 pro

200 3243 408 3293 vestra
426 3237 764 3309 hujusmodi
781 3239 1160 3310 praesentibus
1177 3241 1418 3294 oraculis
1439 3241 1706 3296 dedimus
1723 3257 1856 3295 con-

203 3327 501 3382 solatione
523 3343 894 3400 responsum;
915 3332 981 3383 ut
1005 3327 1150 3382 nulli
1181 3329 1262 3382 fas
1290 3328 1362 3383 sit
1388 3329 1652 3383 Ecclesia
1673 3330 1856 3399 cujus-

201 3421 360 3477 libet
391 3419 631 3476 antistiti
659 3422 763 3476 sub
802 3420 1060 3493 qualibet
1100 3421 1444 3477 alienatione
1478 3421 1548 3476 de
1589 3423 1851 3494 proprie-

199 3519 338 3571 tate
368 3517 690 3570 contractus
719 3531 887 3570 usum
913 3515 1168 3570 fructum
1195 3517 1367 3587 plane
1397 3532 1565 3570 suum
1585 3515 1676 3570 cui
1704 3517 1854 3570 salva

199 3607 505 3664 voluerint
529 3607 956 3682 [Al.,voverint]
975 3609 1242 3680 aequitate
1259 3607 1634 3680 prmstabunt.
1657 3610 1853 3680 Neque

1949 2702 2014 2741 re
2021 2683 2198 2755 grinis
2211 2683 2407 2738 debita
2423 2682 2687 2738 omnibus
2701 2683 2792 2738 vel
2813 2681 2985 2737 statui
2996 2681 3257 2738 Ecclesize
3275 2698 3366 2737 res
3379 2681 3580 2738 delata.

1953 2777 2100 2842 Quid
2129 2777 2286 2830 enim
2315 2781 2436 2832 tam
2474 2776 2808 2848 profanum,
2846 2792 3020 2846 quam
3057 2778 3121 2830 ut
3150 2776 3257 2830 hac
3284 2774 3584 2846 largientis

1951 2875 2112 2942 parte
2156 2869 2398 2924 violetur
2423 2869 2724 2924 arbitrium
2749 2869 2778 2923 ‘?
2809 2869 2955 2923 Dum
2986 2868 3144 2939 quod
3181 2869 3254 2923 ad
3282 2867 3581 2922 ecclesiam

1955 2963 2196 3034 quisque
2227 2962 2404 3017 voluit
2433 2962 2740 3034 pertinere,
2763 2962 3000 3033 privatae
3021 2960 3234 3033 [prave]
3262 2961 3377 3015 sive
3397 2960 3580 3015 vindi-

1953 3061 2086 3112 cent
2111 3072 2216 3127 per
2235 3055 2666 3110 usufructuariae
2692 3071 2956 3126 personae
2976 3057 3352 3108 contractum.
3373 3055 3520 3125 Ergo
3539 3053 3584 3108 si

1953 3149 2080 3221 quis
2124 3149 2376 3204 scelestis
2425 3149 2655 3204 ausibus
2697 3149 3004 3203 interdicta
3045 3147 3496 3220 praesumpserit,
3529 3150 3588 3201 et

1955 3244 2103 3297 ultra
2123 3243 2542 3297 usumfructum
2566 3241 2813 3296 retinere
2829 3241 3006 3312 cupit,
3026 3241 3293 3312 episcopo
3319 3241 3406 3295 vel
3433 3241 3584 3295 clero

1953 3335 2258 3405 largiente,
2289 3334 2536 3389 alienata
2563 3350 2654 3388 res
2679 3333 2938 3404 protinus
2967 3349 3096 3388 cum
3125 3333 3404 3388 fructibus
3433 3348 3468 3386 a
3495 3349 3587 3387 ve-

1955 3427 2212 3482 nerando
2238 3428 2480 3498 praesule
2511 3427 2854 3482 vindicetur.
2888 3428 2954 3482 Et
2982 3429 3206 3480 caetera.
3237 3426 3380 3480 Data
3405 3425 3584 3479 vldus

1952 3520 2180 3575 Martias
2234 3521 2542 3590 Ravennae,
2597 3519 2876 3574 Venantio
2926 3536 2976 3574 ν.
3039 3534 3088 3573 c.
3141 3519 3372 3572 consule
3425 3519 3583 3587 (anno

1956 3610 2156 3667 Christ.
2191 3610 2334 3680 507).

208 3747 3584 3755 ww

1793 3819 2038 3940 IV.

366 3993 1361 4120 ATHALARICUS,
1448 3994 2539 4168 AMALASUINTHA,
2625 3992 3457 4114 THEODATUs,

1059 4198 1216 4264 VEL
1282 4166 2181 4283 THEODAHADUS,
2253 4169 2742 4264 VITIGES.

297 4315 586 4396 (Horum
605 4317 871 4398 pietatis
899 4324 962 4398 et
997 4315 1159 4396 ﬁdei
1195 4317 1389 4379 varia
1406 4324 1842 4398 monumenta
1880 4325 2138 4380 exstant
2164 4317 2352 4398 apud
2360 4317 2878 4398 ,Cassz'oa'orum,
2913 4319 2980 4380 in
3008 4317 3373 4398 gYariarum
3401 4314 3588 4378 libris

196 4416 354 4479 vni,
377 4415 476 4479 1x“
489 4403 550 4479 et
573 4396 660 4479 jx.
699 4397 956 4479 Legesis
987 4396 1550 4479 prasertimulibri
1582 4398 1908 4479 vn_1_epist.
1952 4404 2012 4469 8,
2054 4401 2153 4466 24,
2190 4396 2268 4479 33
2319 4397 2586 4479 [Patro].
2635 4406 2790 4460 tom.
2836 4397 3071 4474 LXIX,
3103 4396 3218 4458 col.
3262 4400 3579 4479 ηεξ-787,

198 4477 380 4560 763];
427 4475 584 4538 libri
619 4495 685 4538 1x
724 4473 910 4558 ep'ist.
947 4473 1004 4546 5',
1050 4481 1153 4560 15,
1201 4482 1276 4540 16
1321 4475 1537 4557 [Ibid.,
1577 4475 1718 4539 coll.
1753 4473 1910 4554 '770,‘
1941 4482 2080 4549 778,
2123 4477 2286 4556 781];
2320 4473 2482 4540 libri
2517 4496 2560 4539 x
2605 4479 2788 4560 epist.
2837 4482 2896 4551 3,
2951 4473 3055 4551 15,
3094 4482 3192 4549 96,
3236 4480 3314 4538 34
3363 4473 3580 4554 [lbid.,

199 4556 358 4621 coll.
403 4561 543 4630 798,
577 4561 719 4633 eos,
751 4556 892 4631 915,
929 4556 1120 4636 822].)

1158 4773 2664 5172 CLoovaUS.

1423 5193 1646 5264 REX
1714 5191 2396 5264 FRANCORUM.

729 5388 1206 5474 CLODOVEI
1289 5395 1567 5475 REGIS
1650 5394 2256 5475 PRECEPTUM
2338 5395 2470 5474 AD
2550 5393 3048 5474 EPISCOPOS

1383 5503 1581 5570 POST
1622 5503 1941 5570 BELLUM
1985 5504 2412 5569 GOTHICUM.

399 5606 496 5670 De
531 5602 810 5685 captivis
839 5609 982 5664 tum
1011 5598 1282 5680 clericis,
1313 5609 1454 5666 tum
1483 5602 1689 5680 laicis,
1721 5604 2170 5686 episcoporum
2199 5603 2472 5667 arbitrio
2503 5611 2565 5666 et
2591 5603 2955 5667 testimonio
2988 5603 3388 5668 relaxandis.

2147 5711 2205 5722 .-

282 5776 542 5834 Dominis
556 5775 765 5831 sanctis
784 5777 844 5830 et
863 5769 1170 5844 apostolica
1191 5770 1327 5826 sede
1354 5771 1709 5846 dignissimis
1733 5773 1850 5846 epi-
1867 5783 1926 5860 ρ
2021 5774 2369 5830 Enuntiante
2381 5776 2558 5846 fama,
2573 5775 2708 5849 quid
2730 5781 2922 5833 actum
2942 5776 3113 5832 fuerit
3124 5774 3208 5830 vel
3227 5777 3576 5846 praeceptum

196 5871 394 5946 scopis
421 5869 838 5930 Chlotovechus
869 5881 991 5921 rex.

1947 5866 2108 5924 omni
2134 5867 2406 5925 exercitui
2428 5872 2644 5940 nostro,
2666 5869 3003 5943 priusquam
3018 5869 3076 5926 in
3097 5867 3341 5942 patriam
3355 5866 3572 5923 Gotho-
