  <div class='ocr_page' id='page_1' title='image "/cluster/home/n/w/nwhite01/storage/ocr_20150623/72/umn.31951002477365o/567.png"; bbox 0 0 4088 6452; ppageno 0'>
   <div class='ocr_carea' id='block_1_1' title="bbox 521 365 2135 430">
    <p class='ocr_par' dir='ltr' id='par_1_1' title="bbox 521 372 2111 430">
     <span class='ocr_line' id='line_1_1' title="bbox 521 372 2111 430; baseline -0.001 -2"><span class='ocrx_word' id='word_1_1' title='bbox 521 377 655 429; x_wconf 83' lang='grc'><strong>1119</strong></span> <span class='ocrx_word' id='word_1_2' title='bbox 1634 372 1885 430; x_wconf 66' lang='grc' dir='ltr'><strong>δίΕΟυΙΑῘ</strong></span> <span class='ocrx_word' id='word_1_3' title='bbox 1921 372 2111 428; x_wconf 83' lang='grc' dir='ltr'><strong>8ΕΧΤῘ</strong></span> 
     </span>
    </p>
   </div>
   <div class='ocr_carea' id='block_1_2' title="bbox 2347 365 3961 430">
    <p class='ocr_par' dir='ltr' id='par_1_2' title="bbox 2347 365 3961 427">
     <span class='ocr_line' id='line_1_2' title="bbox 2347 365 3961 427; baseline -0.004 -2"><span class='ocrx_word' id='word_1_4' title='bbox 2347 371 2702 427; x_wconf 73' lang='lat' dir='ltr'><strong>.EMENTUM.</strong></span> <span class='ocrx_word' id='word_1_5' title='bbox 3804 367 3829 420; x_wconf 84' lang='grc'><strong>1</strong></span> <span class='ocrx_word' id='word_1_6' title='bbox 3849 365 3961 420; x_wconf 82' lang='grc'><strong>120</strong></span> 
     </span>
    </p>
   </div>
   <div class='ocr_carea' id='block_1_3' title="bbox 511 470 3965 562">
    <p class='ocr_par' dir='ltr' id='par_1_3' title="bbox 511 470 3965 562">
     <span class='ocr_line' id='line_1_3' title="bbox 511 470 3965 562; baseline -0.002 -29"><span class='ocrx_word' id='word_1_7' title='bbox 511 494 640 533; x_wconf 90' lang='lat' dir='ltr'><strong>rum</strong></span> <span class='ocrx_word' id='word_1_8' title='bbox 672 476 1815 548; x_wconf 86' lang='lat' dir='ltr'><strong>ingrederemur,beatitudinemvestram</strong></span> <span class='ocrx_word' id='word_1_9' title='bbox 1831 478 2126 550; x_wconf 70' lang='lat' dir='ltr'><strong>praeterire</strong></span> <span class='ocrx_word' id='word_1_10' title='bbox 2147 490 2206 562; x_wconf 79' lang='grc' dir='ltr'><strong>Α</strong></span> <span class='ocrx_word' id='word_1_11' title='bbox 2228 475 2456 548; x_wconf 84' lang='lat' dir='ltr'><strong>captivis</strong></span> <span class='ocrx_word' id='word_1_12' title='bbox 2499 475 2674 543; x_wconf 91' lang='lat' dir='ltr'><strong>laicis,</strong></span> <span class='ocrx_word' id='word_1_13' title='bbox 2723 474 2822 546; x_wconf 86' lang='lat' dir='ltr'><strong>qui</strong></span> <span class='ocrx_word' id='word_1_14' title='bbox 2855 476 3016 530; x_wconf 82' lang='lat' dir='ltr'><strong>extra</strong></span> <span class='ocrx_word' id='word_1_15' title='bbox 3051 489 3259 545; x_wconf 86' lang='lat' dir='ltr'><strong>pacem</strong></span> <span class='ocrx_word' id='word_1_16' title='bbox 3306 475 3456 527; x_wconf 89' lang='lat' dir='ltr'><strong>sunt</strong></span> <span class='ocrx_word' id='word_1_17' title='bbox 3499 470 3852 544; x_wconf 86' lang='lat' dir='ltr'><strong>captivati,</strong></span> <span class='ocrx_word' id='word_1_18' title='bbox 3903 476 3965 526; x_wconf 89' lang='lat' dir='ltr'><strong>et</strong></span> 
     </span>
    </p>
   </div>
   <div class='ocr_carea' id='block_1_4' title="bbox 516 563 3965 641">
    <p class='ocr_par' dir='ltr' id='par_1_4' title="bbox 516 563 3965 641">
     <span class='ocr_line' id='line_1_4' title="bbox 516 563 3965 641; baseline -0.002 -17"><span class='ocrx_word' id='word_1_19' title='bbox 516 587 632 626; x_wconf 90' lang='lat' dir='ltr'><strong>non</strong></span> <span class='ocrx_word' id='word_1_20' title='bbox 664 569 868 641; x_wconf 90' lang='lat' dir='ltr'><strong>potuit.</strong></span> <span class='ocrx_word' id='word_1_21' title='bbox 887 571 949 623; x_wconf 93' lang='lat' dir='ltr'><strong>In</strong></span> <span class='ocrx_word' id='word_1_22' title='bbox 965 569 1152 640; x_wconf 90' lang='lat' dir='ltr'><strong>primo</strong></span> <span class='ocrx_word' id='word_1_23' title='bbox 1172 585 1396 641; x_wconf 89' lang='lat' dir='ltr'><strong>quoque</strong></span> <span class='ocrx_word' id='word_1_24' title='bbox 1417 570 1488 624; x_wconf 92' lang='lat' dir='ltr'><strong>de</strong></span> <span class='ocrx_word' id='word_1_25' title='bbox 1504 569 1824 626; x_wconf 89' lang='lat' dir='ltr'><strong>ministerio</strong></span> <span class='ocrx_word' id='word_1_26' title='bbox 1851 572 2124 626; x_wconf 86' lang='lat' dir='ltr'><strong>Ecclesia-</strong></span> <span class='ocrx_word' id='word_1_27' title='bbox 2225 567 2441 624; x_wconf 80' lang='lat' dir='ltr'><strong>fuerint</strong></span> <span class='ocrx_word' id='word_1_28' title='bbox 2467 566 2786 640; x_wconf 89' lang='lat' dir='ltr'><strong>approbati,</strong></span> <span class='ocrx_word' id='word_1_29' title='bbox 2833 565 3145 638; x_wconf 88' lang='lat' dir='ltr'><strong>apostolica</strong></span> <span class='ocrx_word' id='word_1_30' title='bbox 3177 565 3270 621; x_wconf 88' lang='lat' dir='ltr'><strong>cui</strong></span> <span class='ocrx_word' id='word_1_31' title='bbox 3313 563 3654 620; x_wconf 81' lang='lat' dir='ltr'><strong>volueritis</strong></span> <span class='ocrx_word' id='word_1_32' title='bbox 3707 563 3965 619; x_wconf 80' lang='lat' dir='ltr'><strong>arbitrii</strong></span> 
     </span>
    </p>
   </div>
   <div class='ocr_carea' id='block_1_5' title="bbox 511 657 3965 734">
    <p class='ocr_par' dir='ltr' id='par_1_5' title="bbox 511 657 3965 734">
     <span class='ocr_line' id='line_1_5' title="bbox 511 657 3965 734; baseline -0.002 -17"><span class='ocrx_word' id='word_1_33' title='bbox 511 677 641 717; x_wconf 88' lang='lat' dir='ltr'><strong>rum</strong></span> <span class='ocrx_word' id='word_1_34' title='bbox 661 661 920 716; x_wconf 89' lang='lat' dir='ltr'><strong>omnium</strong></span> <span class='ocrx_word' id='word_1_35' title='bbox 938 661 1332 734; x_wconf 70' lang='lat' dir='ltr'><strong>praecepimus,</strong></span> <span class='ocrx_word' id='word_1_36' title='bbox 1355 667 1416 716; x_wconf 89' lang='lat' dir='ltr'><strong>ut</strong></span> <span class='ocrx_word' id='word_1_37' title='bbox 1432 662 1580 717; x_wconf 91' lang='lat' dir='ltr'><strong>ullus</strong></span> <span class='ocrx_word' id='word_1_38' title='bbox 1600 663 1673 717; x_wconf 88' lang='lat' dir='ltr'><strong>ad</strong></span> <span class='ocrx_word' id='word_1_39' title='bbox 1695 664 2126 734; x_wconf 91' lang='lat' dir='ltr'><strong>subripiendum</strong></span> <span class='ocrx_word' id='word_1_40' title='bbox 2224 661 2394 716; x_wconf 86' lang='lat' dir='ltr'><strong>vestri</strong></span> <span class='ocrx_word' id='word_1_41' title='bbox 2423 663 2509 714; x_wconf 88' lang='lat' dir='ltr'><strong>est</strong></span> <span class='ocrx_word' id='word_1_42' title='bbox 2539 676 2657 715; x_wconf 90' lang='lat' dir='ltr'><strong>non</strong></span> <span class='ocrx_word' id='word_1_43' title='bbox 2697 658 3055 729; x_wconf 88' lang='lat' dir='ltr'><strong>negandum.</strong></span> <span class='ocrx_word' id='word_1_44' title='bbox 3087 659 3236 713; x_wconf 82' lang='lat' dir='ltr'><strong>Nam</strong></span> <span class='ocrx_word' id='word_1_45' title='bbox 3277 657 3356 712; x_wconf 93' lang='lat' dir='ltr'><strong>de</strong></span> <span class='ocrx_word' id='word_1_46' title='bbox 3389 657 3494 712; x_wconf 91' lang='lat' dir='ltr'><strong>his</strong></span> <span class='ocrx_word' id='word_1_47' title='bbox 3528 657 3651 728; x_wconf 86' lang='lat' dir='ltr'><strong>qui</strong></span> <span class='ocrx_word' id='word_1_48' title='bbox 3697 657 3768 711; x_wconf 91' lang='lat' dir='ltr'><strong>in</strong></span> <span class='ocrx_word' id='word_1_49' title='bbox 3806 673 3965 728; x_wconf 86' lang='lat' dir='ltr'><strong>pace</strong></span> 
     </span>
    </p>
   </div>
   <div class='ocr_carea' id='block_1_6' title="bbox 510 747 3966 824">
    <p class='ocr_par' dir='ltr' id='par_1_6' title="bbox 510 747 3966 824">
     <span class='ocr_line' id='line_1_6' title="bbox 510 747 3966 824; baseline -0.002 -16"><span class='ocrx_word' id='word_1_50' title='bbox 510 754 571 808; x_wconf 88' lang='lat' dir='ltr'><strong>in</strong></span> <span class='ocrx_word' id='word_1_51' title='bbox 603 753 790 824; x_wconf 87' lang='lat' dir='ltr'><strong>aliquo</strong></span> <span class='ocrx_word' id='word_1_52' title='bbox 821 758 1136 821; x_wconf 83' lang='lat' dir='ltr'><strong>conaretur,</strong></span> <span class='ocrx_word' id='word_1_53' title='bbox 1167 770 1354 824; x_wconf 91' lang='lat' dir='ltr'><strong>neque</strong></span> <span class='ocrx_word' id='word_1_54' title='bbox 1379 753 1451 808; x_wconf 91' lang='lat' dir='ltr'><strong>de</strong></span> <span class='ocrx_word' id='word_1_55' title='bbox 1465 755 2006 823; x_wconf 88' lang='lat' dir='ltr'><strong>sanctimonialibus,</strong></span> <span class='ocrx_word' id='word_1_56' title='bbox 2030 773 2129 810; x_wconf 91' lang='lat' dir='ltr'><strong>ne-</strong></span> <span class='ocrx_word' id='word_1_57' title='bbox 2225 756 2440 819; x_wconf 89' lang='lat' dir='ltr'><strong>nostra,</strong></span> <span class='ocrx_word' id='word_1_58' title='bbox 2473 757 2590 807; x_wconf 90' lang='lat' dir='ltr'><strong>tam</strong></span> <span class='ocrx_word' id='word_1_59' title='bbox 2634 751 2825 806; x_wconf 88' lang='lat' dir='ltr'><strong>clerici</strong></span> <span class='ocrx_word' id='word_1_60' title='bbox 2851 767 3027 822; x_wconf 89' lang='lat' dir='ltr'><strong>quam</strong></span> <span class='ocrx_word' id='word_1_61' title='bbox 3071 750 3222 819; x_wconf 87' lang='lat' dir='ltr'><strong>laici,</strong></span> <span class='ocrx_word' id='word_1_62' title='bbox 3270 749 3563 822; x_wconf 82' lang='lat' dir='ltr'><strong>subrepti</strong></span> <span class='ocrx_word' id='word_1_63' title='bbox 3598 749 3882 816; x_wconf 83' lang='lat' dir='ltr'><strong>fuerint,</strong></span> <span class='ocrx_word' id='word_1_64' title='bbox 3918 747 3966 803; x_wconf 89' lang='lat' dir='ltr'><strong>si</strong></span> 
     </span>
    </p>
   </div>
   <div class='ocr_carea' id='block_1_7' title="bbox 514 843 3972 917">
    <p class='ocr_par' dir='ltr' id='par_1_7' title="bbox 514 843 3972 917">
     <span class='ocr_line' id='line_1_7' title="bbox 514 843 3972 917; baseline -0.001 -18"><span class='ocrx_word' id='word_1_65' title='bbox 514 861 624 917; x_wconf 88' lang='lat' dir='ltr'><strong>que</strong></span> <span class='ocrx_word' id='word_1_66' title='bbox 645 845 717 900; x_wconf 90' lang='lat' dir='ltr'><strong>de</strong></span> <span class='ocrx_word' id='word_1_67' title='bbox 749 844 952 914; x_wconf 85' lang='lat' dir='ltr'><strong>viduis,</strong></span> <span class='ocrx_word' id='word_1_68' title='bbox 980 862 1106 917; x_wconf 66' lang='lat' dir='ltr'><strong>quae</strong></span> <span class='ocrx_word' id='word_1_69' title='bbox 1127 845 1186 900; x_wconf 90' lang='lat' dir='ltr'><strong>in</strong></span> <span class='ocrx_word' id='word_1_70' title='bbox 1214 845 1492 916; x_wconf 83' lang='lat' dir='ltr'><strong>religione</strong></span> <span class='ocrx_word' id='word_1_71' title='bbox 1516 845 1738 901; x_wconf 87' lang='lat' dir='ltr'><strong>domini</strong></span> <span class='ocrx_word' id='word_1_72' title='bbox 1756 847 1976 902; x_wconf 80' lang='lat' dir='ltr'><strong>devotae</strong></span> <span class='ocrx_word' id='word_1_73' title='bbox 2007 865 2126 902; x_wconf 88' lang='lat' dir='ltr'><strong>esse</strong></span> <span class='ocrx_word' id='word_1_74' title='bbox 2224 845 2500 900; x_wconf 80' lang='lat' dir='ltr'><strong>veraciter</strong></span> <span class='ocrx_word' id='word_1_75' title='bbox 2521 844 2848 916; x_wconf 85' lang='lat' dir='ltr'><strong>agnoscitis,</strong></span> <span class='ocrx_word' id='word_1_76' title='bbox 2879 848 3096 898; x_wconf 84' lang='lat' dir='ltr'><strong>vestras</strong></span> <span class='ocrx_word' id='word_1_77' title='bbox 3125 843 3410 914; x_wconf 77' lang='lat' dir='ltr'><strong>epistolas</strong></span> <span class='ocrx_word' id='word_1_78' title='bbox 3439 843 3526 897; x_wconf 88' lang='lat' dir='ltr'><strong>de</strong></span> <span class='ocrx_word' id='word_1_79' title='bbox 3565 843 3828 897; x_wconf 82' lang='lat' dir='ltr'><strong>annulo</strong></span> <span class='ocrx_word' id='word_1_80' title='bbox 3873 859 3972 896; x_wconf 84' lang='lat' dir='ltr'><strong>ve-</strong></span> 
     </span>
    </p>
   </div>
   <div class='ocr_carea' id='block_1_8' title="bbox 514 934 3972 1010">
    <p class='ocr_par' dir='ltr' id='par_1_8' title="bbox 514 934 3972 1010">
     <span class='ocr_line' id='line_1_8' title="bbox 514 934 3972 1010; baseline -0.001 -18"><span class='ocrx_word' id='word_1_81' title='bbox 514 938 913 1010; x_wconf 88' lang='lat' dir='ltr'><strong>probarentur.</strong></span> <span class='ocrx_word' id='word_1_82' title='bbox 956 937 1138 992; x_wconf 89' lang='lat' dir='ltr'><strong>Simili</strong></span> <span class='ocrx_word' id='word_1_83' title='bbox 1183 938 1511 992; x_wconf 88' lang='lat' dir='ltr'><strong>conditione</strong></span> <span class='ocrx_word' id='word_1_84' title='bbox 1551 943 1608 994; x_wconf 89' lang='lat' dir='ltr'><strong>et</strong></span> <span class='ocrx_word' id='word_1_85' title='bbox 1645 940 1716 993; x_wconf 91' lang='lat' dir='ltr'><strong>de</strong></span> <span class='ocrx_word' id='word_1_86' title='bbox 1759 939 1996 1008; x_wconf 89' lang='lat' dir='ltr'><strong>clericis,</strong></span> <span class='ocrx_word' id='word_1_87' title='bbox 2041 942 2128 994; x_wconf 87' lang='lat' dir='ltr'><strong>vel</strong></span> <span class='ocrx_word' id='word_1_88' title='bbox 2228 942 2342 992; x_wconf 88' lang='lat' dir='ltr'><strong>stro</strong></span> <span class='ocrx_word' id='word_1_89' title='bbox 2371 938 2520 992; x_wconf 83' lang='lat' dir='ltr'><strong>infra</strong></span> <span class='ocrx_word' id='word_1_90' title='bbox 2543 937 2794 1007; x_wconf 89' lang='lat' dir='ltr'><strong>signatas</strong></span> <span class='ocrx_word' id='word_1_91' title='bbox 2809 937 2887 990; x_wconf 89' lang='lat' dir='ltr'><strong>sic</strong></span> <span class='ocrx_word' id='word_1_92' title='bbox 2914 936 2986 990; x_wconf 91' lang='lat' dir='ltr'><strong>ad</strong></span> <span class='ocrx_word' id='word_1_93' title='bbox 3005 952 3113 992; x_wconf 90' lang='lat' dir='ltr'><strong>nos</strong></span> <span class='ocrx_word' id='word_1_94' title='bbox 3140 934 3523 990; x_wconf 88' lang='lat' dir='ltr'><strong>omnimodis</strong></span> <span class='ocrx_word' id='word_1_95' title='bbox 3554 935 3972 1006; x_wconf 85' lang='lat' dir='ltr'><strong>dirigatis,et</strong></span> 
     </span>
    </p>
   </div>
   <div class='ocr_carea' id='block_1_9' title="bbox 512 1027 3969 1102">
    <p class='ocr_par' dir='ltr' id='par_1_9' title="bbox 512 1027 3969 1102">
     <span class='ocr_line' id='line_1_9' title="bbox 512 1027 3969 1102; baseline -0.001 -17"><span class='ocrx_word' id='word_1_96' title='bbox 512 1031 642 1086; x_wconf 86' lang='lat' dir='ltr'><strong>ﬁliis</strong></span> <span class='ocrx_word' id='word_1_97' title='bbox 671 1029 1146 1102; x_wconf 90' lang='lat' dir='ltr'><strong>supradictorum,</strong></span> <span class='ocrx_word' id='word_1_98' title='bbox 1187 1033 1306 1084; x_wconf 90' lang='lat' dir='ltr'><strong>tam</strong></span> <span class='ocrx_word' id='word_1_99' title='bbox 1347 1030 1704 1100; x_wconf 88' lang='lat' dir='ltr'><strong>clericorum,</strong></span> <span class='ocrx_word' id='word_1_100' title='bbox 1736 1047 1906 1102; x_wconf 89' lang='lat' dir='ltr'><strong>quam</strong></span> <span class='ocrx_word' id='word_1_101' title='bbox 1931 1033 2126 1087; x_wconf 91' lang='lat' dir='ltr'><strong>vidua-</strong></span> <span class='ocrx_word' id='word_1_102' title='bbox 2227 1048 2259 1084; x_wconf 87' lang='lat' dir='ltr'><strong>a</strong></span> <span class='ocrx_word' id='word_1_103' title='bbox 2276 1035 2433 1100; x_wconf 86' lang='lat' dir='ltr'><strong>parte</strong></span> <span class='ocrx_word' id='word_1_104' title='bbox 2451 1035 2643 1084; x_wconf 88' lang='lat' dir='ltr'><strong>nostra</strong></span> <span class='ocrx_word' id='word_1_105' title='bbox 2656 1029 3108 1100; x_wconf 71' lang='lat' dir='ltr'><strong>praeceptionem</strong></span> <span class='ocrx_word' id='word_1_106' title='bbox 3129 1029 3313 1082; x_wconf 90' lang='lat' dir='ltr'><strong>latam</strong></span> <span class='ocrx_word' id='word_1_107' title='bbox 3345 1027 3664 1082; x_wconf 87' lang='lat' dir='ltr'><strong>noveritis</strong></span> <span class='ocrx_word' id='word_1_108' title='bbox 3694 1044 3840 1083; x_wconf 89' lang='lat' dir='ltr'><strong>esse</strong></span> <span class='ocrx_word' id='word_1_109' title='bbox 3862 1028 3969 1082; x_wconf 82' lang='lat' dir='ltr'><strong>ﬁr-</strong></span> 
     </span>
    </p>
   </div>
   <div class='ocr_carea' id='block_1_10' title="bbox 514 1109 3972 1194">
    <p class='ocr_par' dir='ltr' id='par_1_10' title="bbox 514 1109 3972 1194">
     <span class='ocr_line' id='line_1_10' title="bbox 514 1109 3972 1194; baseline -0.001 -16"><span class='ocrx_word' id='word_1_110' title='bbox 514 1139 663 1189; x_wconf 88' lang='lat' dir='ltr'><strong>rum,</strong></span> <span class='ocrx_word' id='word_1_111' title='bbox 693 1122 792 1194; x_wconf 88' lang='lat' dir='ltr'><strong>qui</strong></span> <span class='ocrx_word' id='word_1_112' title='bbox 821 1138 951 1177; x_wconf 89' lang='lat' dir='ltr'><strong>cum</strong></span> <span class='ocrx_word' id='word_1_113' title='bbox 980 1123 1090 1176; x_wconf 91' lang='lat' dir='ltr'><strong>illis</strong></span> <span class='ocrx_word' id='word_1_114' title='bbox 1123 1121 1181 1176; x_wconf 90' lang='lat' dir='ltr'><strong>in</strong></span> <span class='ocrx_word' id='word_1_115' title='bbox 1213 1122 1384 1177; x_wconf 91' lang='lat' dir='ltr'><strong>domo</strong></span> <span class='ocrx_word' id='word_1_116' title='bbox 1417 1123 1670 1194; x_wconf 90' lang='lat' dir='ltr'><strong>ipsorum</strong></span> <span class='ocrx_word' id='word_1_117' title='bbox 1705 1123 2014 1178; x_wconf 85' lang='lat' dir='ltr'><strong>consistere</strong></span> <span class='ocrx_word' id='word_1_118' title='bbox 2046 1125 2127 1178; x_wconf 90' lang='lat' dir='ltr'><strong>vi-</strong></span> <span class='ocrx_word' id='word_1_119' title='bbox 2227 1122 2524 1178; x_wconf 89' lang='lat' dir='ltr'><strong>mandam.</strong></span> <span class='ocrx_word' id='word_1_120' title='bbox 2544 1121 2632 1177; x_wconf 92' lang='lat' dir='ltr'><strong>Sic</strong></span> <span class='ocrx_word' id='word_1_121' title='bbox 2656 1109 2852 1174; x_wconf 77' lang='lat' dir='ltr'><strong>tanien</strong></span> <span class='ocrx_word' id='word_1_122' title='bbox 2866 1121 3116 1192; x_wconf 89' lang='lat' dir='ltr'><strong>populus</strong></span> <span class='ocrx_word' id='word_1_123' title='bbox 3144 1125 3352 1176; x_wconf 89' lang='lat' dir='ltr'><strong>noster</strong></span> <span class='ocrx_word' id='word_1_124' title='bbox 3381 1120 3576 1191; x_wconf 90' lang='lat' dir='ltr'><strong>petit,</strong></span> <span class='ocrx_word' id='word_1_125' title='bbox 3603 1125 3679 1176; x_wconf 90' lang='lat' dir='ltr'><strong>ut</strong></span> <span class='ocrx_word' id='word_1_126' title='bbox 3707 1120 3972 1175; x_wconf 87' lang='lat' dir='ltr'><strong>cuicun-</strong></span> 
     </span>
    </p>
   </div>
   <div class='ocr_carea' id='block_1_11' title="bbox 515 1211 3969 1287">
    <p class='ocr_par' dir='ltr' id='par_1_11' title="bbox 515 1211 3969 1287">
     <span class='ocr_line' id='line_1_11' title="bbox 515 1211 3969 1287; baseline -0.001 -17"><span class='ocrx_word' id='word_1_127' title='bbox 515 1215 817 1270; x_wconf 89' lang='lat' dir='ltr'><strong>debantur.</strong></span> <span class='ocrx_word' id='word_1_128' title='bbox 839 1215 996 1268; x_wconf 91' lang='lat' dir='ltr'><strong>Idem</strong></span> <span class='ocrx_word' id='word_1_129' title='bbox 1023 1219 1082 1269; x_wconf 91' lang='lat' dir='ltr'><strong>et</strong></span> <span class='ocrx_word' id='word_1_130' title='bbox 1101 1215 1170 1269; x_wconf 90' lang='lat' dir='ltr'><strong>de</strong></span> <span class='ocrx_word' id='word_1_131' title='bbox 1189 1215 1362 1268; x_wconf 90' lang='lat' dir='ltr'><strong>servis</strong></span> <span class='ocrx_word' id='word_1_132' title='bbox 1384 1214 1926 1286; x_wconf 89' lang='lat' dir='ltr'><strong>ecclesiarum,quos</strong></span> <span class='ocrx_word' id='word_1_133' title='bbox 1945 1217 2014 1271; x_wconf 93' lang='lat' dir='ltr'><strong>de</strong></span> <span class='ocrx_word' id='word_1_134' title='bbox 2038 1233 2128 1271; x_wconf 89' lang='lat' dir='ltr'><strong>ec-</strong></span> <span class='ocrx_word' id='word_1_135' title='bbox 2229 1230 2338 1287; x_wconf 91' lang='lat' dir='ltr'><strong>que</strong></span> <span class='ocrx_word' id='word_1_136' title='bbox 2369 1214 2634 1284; x_wconf 85' lang='lat' dir='ltr'><strong>epistolas</strong></span> <span class='ocrx_word' id='word_1_137' title='bbox 2666 1218 2880 1268; x_wconf 88' lang='lat' dir='ltr'><strong>vestras</strong></span> <span class='ocrx_word' id='word_1_138' title='bbox 2908 1215 3192 1284; x_wconf 55' lang='lat' dir='ltr'><strong>praestare</strong></span> <span class='ocrx_word' id='word_1_139' title='bbox 3220 1211 3466 1266; x_wconf 82' lang='lat' dir='ltr'><strong>fueritis</strong></span> <span class='ocrx_word' id='word_1_140' title='bbox 3499 1212 3793 1283; x_wconf 81' lang='lat' dir='ltr'><strong>dignati,</strong></span> <span class='ocrx_word' id='word_1_141' title='bbox 3825 1229 3969 1268; x_wconf 88' lang='lat' dir='ltr'><strong>cum</strong></span> 
     </span>
    </p>
   </div>
   <div class='ocr_carea' id='block_1_12' title="bbox 515 1303 3968 1378">
    <p class='ocr_par' dir='ltr' id='par_1_12' title="bbox 515 1303 3968 1378">
     <span class='ocr_line' id='line_1_12' title="bbox 515 1303 3968 1378; baseline -0.001 -18"><span class='ocrx_word' id='word_1_142' title='bbox 515 1306 699 1362; x_wconf 88' lang='lat' dir='ltr'><strong>clesiis</strong></span> <span class='ocrx_word' id='word_1_143' title='bbox 719 1309 929 1361; x_wconf 90' lang='lat' dir='ltr'><strong>tractos</strong></span> <span class='ocrx_word' id='word_1_144' title='bbox 947 1323 1055 1378; x_wconf 86' lang='lat' dir='ltr'><strong>per</strong></span> <span class='ocrx_word' id='word_1_145' title='bbox 1073 1307 1464 1376; x_wconf 89' lang='lat' dir='ltr'><strong>episcoporum</strong></span> <span class='ocrx_word' id='word_1_146' title='bbox 1493 1311 1848 1362; x_wconf 86' lang='lat' dir='ltr'><strong>sacramenta</strong></span> <span class='ocrx_word' id='word_1_147' title='bbox 1871 1308 2133 1362; x_wconf 91' lang='lat' dir='ltr'><strong>constite-</strong></span> <span class='ocrx_word' id='word_1_148' title='bbox 2229 1308 2582 1360; x_wconf 86' lang='lat' dir='ltr'><strong>sacramento</strong></span> <span class='ocrx_word' id='word_1_149' title='bbox 2611 1321 2717 1376; x_wconf 92' lang='lat' dir='ltr'><strong>per</strong></span> <span class='ocrx_word' id='word_1_150' title='bbox 2737 1305 2943 1372; x_wconf 89' lang='lat' dir='ltr'><strong>Deum,</strong></span> <span class='ocrx_word' id='word_1_151' title='bbox 2965 1309 3023 1359; x_wconf 90' lang='lat' dir='ltr'><strong>et</strong></span> <span class='ocrx_word' id='word_1_152' title='bbox 3043 1303 3475 1359; x_wconf 88' lang='lat' dir='ltr'><strong>benedictione</strong></span> <span class='ocrx_word' id='word_1_153' title='bbox 3494 1309 3722 1360; x_wconf 87' lang='lat' dir='ltr'><strong>vestra</strong></span> <span class='ocrx_word' id='word_1_154' title='bbox 3751 1305 3968 1360; x_wconf 88' lang='lat' dir='ltr'><strong>dicere</strong></span> 
     </span>
    </p>
   </div>
   <div class='ocr_carea' id='block_1_13' title="bbox 518 1396 3968 1470">
    <p class='ocr_par' dir='ltr' id='par_1_13' title="bbox 518 1396 3968 1470">
     <span class='ocr_line' id='line_1_13' title="bbox 518 1396 3968 1470; baseline 0 -18"><span class='ocrx_word' id='word_1_155' title='bbox 518 1399 610 1468; x_wconf 91' lang='lat' dir='ltr'><strong>rit,</strong></span> <span class='ocrx_word' id='word_1_156' title='bbox 643 1402 996 1470; x_wconf 81' lang='lat' dir='ltr'><strong>praeceptum</strong></span> <span class='ocrx_word' id='word_1_157' title='bbox 1025 1402 1110 1452; x_wconf 90' lang='lat' dir='ltr'><strong>est</strong></span> <span class='ocrx_word' id='word_1_158' title='bbox 1141 1399 1458 1465; x_wconf 89' lang='lat' dir='ltr'><strong>observare,</strong></span> <span class='ocrx_word' id='word_1_159' title='bbox 1487 1401 1549 1452; x_wconf 93' lang='lat' dir='ltr'><strong>ut</strong></span> <span class='ocrx_word' id='word_1_160' title='bbox 1571 1399 1757 1453; x_wconf 87' lang='lat' dir='ltr'><strong>nullus</strong></span> <span class='ocrx_word' id='word_1_161' title='bbox 1787 1416 1853 1453; x_wconf 84' lang='lat' dir='ltr'><strong>ex</strong></span> <span class='ocrx_word' id='word_1_162' title='bbox 1882 1399 2016 1470; x_wconf 88' lang='lat' dir='ltr'><strong>ipsis</strong></span> <span class='ocrx_word' id='word_1_163' title='bbox 2035 1401 2132 1454; x_wconf 86' lang='lat' dir='ltr'><strong>ali—</strong></span> <span class='ocrx_word' id='word_1_164' title='bbox 2231 1415 2346 1452; x_wconf 90' lang='lat' dir='ltr'><strong>non</strong></span> <span class='ocrx_word' id='word_1_165' title='bbox 2381 1397 2617 1452; x_wconf 86' lang='lat' dir='ltr'><strong>tardetis</strong></span> <span class='ocrx_word' id='word_1_166' title='bbox 2660 1412 2786 1452; x_wconf 91' lang='lat' dir='ltr'><strong>rem</strong></span> <span class='ocrx_word' id='word_1_167' title='bbox 2825 1397 2992 1452; x_wconf 90' lang='lat' dir='ltr'><strong>istam</strong></span> <span class='ocrx_word' id='word_1_168' title='bbox 3029 1413 3163 1468; x_wconf 59' lang='lat' dir='ltr'><strong>quas</strong></span> <span class='ocrx_word' id='word_1_169' title='bbox 3211 1396 3490 1468; x_wconf 89' lang='lat' dir='ltr'><strong>poscitur</strong></span> <span class='ocrx_word' id='word_1_170' title='bbox 3527 1414 3764 1454; x_wconf 81' lang='lat' dir='ltr'><strong>veram</strong></span> <span class='ocrx_word' id='word_1_171' title='bbox 3811 1414 3968 1464; x_wconf 89' lang='lat' dir='ltr'><strong>esse,</strong></span> 
     </span>
    </p>
   </div>
   <div class='ocr_carea' id='block_1_14' title="bbox 519 1489 3969 1562">
    <p class='ocr_par' dir='ltr' id='par_1_14' title="bbox 519 1489 3969 1562">
     <span class='ocr_line' id='line_1_14' title="bbox 519 1489 3969 1562; baseline -0 -17"><span class='ocrx_word' id='word_1_172' title='bbox 519 1507 692 1562; x_wconf 90' lang='lat' dir='ltr'><strong>quam</strong></span> <span class='ocrx_word' id='word_1_173' title='bbox 719 1490 1049 1545; x_wconf 85' lang='lat' dir='ltr'><strong>violentiam</strong></span> <span class='ocrx_word' id='word_1_174' title='bbox 1076 1491 1162 1544; x_wconf 89' lang='lat' dir='ltr'><strong>vel</strong></span> <span class='ocrx_word' id='word_1_175' title='bbox 1193 1491 1468 1544; x_wconf 90' lang='lat' dir='ltr'><strong>damnum</strong></span> <span class='ocrx_word' id='word_1_176' title='bbox 1508 1494 1820 1561; x_wconf 89' lang='lat' dir='ltr'><strong>pateretur.</strong></span> <span class='ocrx_word' id='word_1_177' title='bbox 1865 1491 2026 1555; x_wconf 89' lang='lat' dir='ltr'><strong>Quod</strong></span> <span class='ocrx_word' id='word_1_178' title='bbox 2053 1492 2133 1546; x_wconf 88' lang='lat' dir='ltr'><strong>ita</strong></span> <span class='ocrx_word' id='word_1_179' title='bbox 2233 1491 2367 1561; x_wconf 87' lang='lat' dir='ltr'><strong>quia</strong></span> <span class='ocrx_word' id='word_1_180' title='bbox 2391 1491 2697 1544; x_wconf 86' lang='lat' dir='ltr'><strong>multorum</strong></span> <span class='ocrx_word' id='word_1_181' title='bbox 2718 1489 3020 1544; x_wconf 85' lang='lat' dir='ltr'><strong>varietates</strong></span> <span class='ocrx_word' id='word_1_182' title='bbox 3037 1490 3130 1544; x_wconf 92' lang='lat' dir='ltr'><strong>vel</strong></span> <span class='ocrx_word' id='word_1_183' title='bbox 3150 1489 3452 1544; x_wconf 83' lang='lat' dir='ltr'><strong>falsitates</strong></span> <span class='ocrx_word' id='word_1_184' title='bbox 3477 1489 3770 1546; x_wconf 68' lang='lat' dir='ltr'><strong>inventa:</strong></span> <span class='ocrx_word' id='word_1_185' title='bbox 3798 1495 3969 1558; x_wconf 86' lang='lat' dir='ltr'><strong>sunt,</strong></span> 
     </span>
    </p>
   </div>
   <div class='ocr_carea' id='block_1_15' title="bbox 523 1579 3972 1654">
    <p class='ocr_par' dir='ltr' id='par_1_15' title="bbox 523 1579 3972 1654">
     <span class='ocr_line' id='line_1_15' title="bbox 523 1579 3972 1654; baseline 0.001 -18"><span class='ocrx_word' id='word_1_186' title='bbox 523 1583 596 1637; x_wconf 89' lang='lat' dir='ltr'><strong>ad</strong></span> <span class='ocrx_word' id='word_1_187' title='bbox 617 1582 908 1653; x_wconf 90' lang='lat' dir='ltr'><strong>integrum</strong></span> <span class='ocrx_word' id='word_1_188' title='bbox 929 1586 1012 1636; x_wconf 90' lang='lat' dir='ltr'><strong>est</strong></span> <span class='ocrx_word' id='word_1_189' title='bbox 1033 1581 1481 1652; x_wconf 83' lang='lat' dir='ltr'><strong>agnoscendum,</strong></span> <span class='ocrx_word' id='word_1_190' title='bbox 1501 1587 1562 1636; x_wconf 92' lang='lat' dir='ltr'><strong>ut</strong></span> <span class='ocrx_word' id='word_1_191' title='bbox 1582 1599 1648 1636; x_wconf 87' lang='lat' dir='ltr'><strong>ex</strong></span> <span class='ocrx_word' id='word_1_192' title='bbox 1667 1583 1754 1636; x_wconf 87' lang='lat' dir='ltr'><strong>his</strong></span> <span class='ocrx_word' id='word_1_193' title='bbox 1775 1583 2130 1654; x_wconf 86' lang='lat' dir='ltr'><strong>supradictis,</strong></span> <span class='ocrx_word' id='word_1_194' title='bbox 2231 1587 2295 1636; x_wconf 92' lang='lat' dir='ltr'><strong>ut</strong></span> <span class='ocrx_word' id='word_1_195' title='bbox 2319 1581 2858 1652; x_wconf 88' lang='lat' dir='ltr'><strong>comprehendatur,</strong></span> <span class='ocrx_word' id='word_1_196' title='bbox 2885 1579 3030 1636; x_wconf 88' lang='lat' dir='ltr'><strong>sicut</strong></span> <span class='ocrx_word' id='word_1_197' title='bbox 3051 1580 3345 1653; x_wconf 88' lang='lat' dir='ltr'><strong>scriptum</strong></span> <span class='ocrx_word' id='word_1_198' title='bbox 3379 1586 3478 1638; x_wconf 91' lang='lat' dir='ltr'><strong>est</strong></span> <span class='ocrx_word' id='word_1_199' title='bbox 3508 1599 3524 1638; x_wconf 90' lang='lat'><strong>:</strong></span> <span class='ocrx_word' id='word_1_200' title='bbox 3572 1585 3748 1638; x_wconf 79' lang='lat' dir='ltr'><strong>Perit</strong></span> <span class='ocrx_word' id='word_1_201' title='bbox 3765 1585 3972 1652; x_wconf 81' lang='lat' dir='ltr'><strong>justus</strong></span> 
     </span>
    </p>
   </div>
   <div class='ocr_carea' id='block_1_16' title="bbox 522 1673 3970 1746">
    <p class='ocr_par' dir='ltr' id='par_1_16' title="bbox 522 1673 3970 1746">
     <span class='ocr_line' id='line_1_16' title="bbox 522 1673 3970 1746; baseline 0.001 -18"><span class='ocrx_word' id='word_1_202' title='bbox 522 1675 569 1728; x_wconf 87' lang='lat' dir='ltr'><strong>si</strong></span> <span class='ocrx_word' id='word_1_203' title='bbox 596 1674 800 1746; x_wconf 88' lang='lat' dir='ltr'><strong>aliquis</strong></span> <span class='ocrx_word' id='word_1_204' title='bbox 815 1674 929 1728; x_wconf 88' lang='lat' dir='ltr'><strong>vim</strong></span> <span class='ocrx_word' id='word_1_205' title='bbox 950 1673 1290 1745; x_wconf 80' lang='lat' dir='ltr'><strong>captivitatis</strong></span> <span class='ocrx_word' id='word_1_206' title='bbox 1307 1675 1652 1744; x_wconf 87' lang='lat' dir='ltr'><strong>pertulisset,</strong></span> <span class='ocrx_word' id='word_1_207' title='bbox 1667 1674 1777 1728; x_wconf 88' lang='lat' dir='ltr'><strong>sive</strong></span> <span class='ocrx_word' id='word_1_208' title='bbox 1799 1675 1858 1729; x_wconf 92' lang='lat' dir='ltr'><strong>in</strong></span> <span class='ocrx_word' id='word_1_209' title='bbox 1879 1676 2132 1742; x_wconf 89' lang='lat' dir='ltr'><strong>ecclesia,</strong></span> <span class='ocrx_word' id='word_1_210' title='bbox 2232 1690 2350 1728; x_wconf 83' lang='lat' dir='ltr'><strong>cum</strong></span> <span class='ocrx_word' id='word_1_211' title='bbox 2375 1676 2540 1745; x_wconf 77' lang='lat' dir='ltr'><strong>impio</strong></span> <span class='ocrx_word' id='word_1_212' title='bbox 2572 1674 2776 1743; x_wconf 79' lang='lat' dir='ltr'><strong>(Genes.</strong></span> <span class='ocrx_word' id='word_1_213' title='bbox 2798 1675 2974 1742; x_wconf 80' lang='lat' dir='ltr'><strong>xvui).</strong></span> <span class='ocrx_word' id='word_1_214' title='bbox 3011 1674 3189 1728; x_wconf 86' lang='lat' dir='ltr'><strong>Orate</strong></span> <span class='ocrx_word' id='word_1_215' title='bbox 3212 1691 3328 1744; x_wconf 89' lang='lat' dir='ltr'><strong>pro</strong></span> <span class='ocrx_word' id='word_1_216' title='bbox 3361 1690 3492 1742; x_wconf 91' lang='lat' dir='ltr'><strong>me,</strong></span> <span class='ocrx_word' id='word_1_217' title='bbox 3531 1675 3796 1731; x_wconf 88' lang='lat' dir='ltr'><strong>domini</strong></span> <span class='ocrx_word' id='word_1_218' title='bbox 3823 1692 3970 1731; x_wconf 89' lang='lat' dir='ltr'><strong>san-</strong></span> 
     </span>
    </p>
   </div>
   <div class='ocr_carea' id='block_1_17' title="bbox 523 1764 3523 1839">
    <p class='ocr_par' dir='ltr' id='par_1_17' title="bbox 523 1764 3523 1839">
     <span class='ocr_line' id='line_1_17' title="bbox 523 1764 3523 1839; baseline 0 -19"><span class='ocrx_word' id='word_1_219' title='bbox 523 1767 638 1821; x_wconf 91' lang='lat' dir='ltr'><strong>sive</strong></span> <span class='ocrx_word' id='word_1_220' title='bbox 665 1771 823 1821; x_wconf 82' lang='lat' dir='ltr'><strong>extra</strong></span> <span class='ocrx_word' id='word_1_221' title='bbox 851 1767 1163 1834; x_wconf 88' lang='lat' dir='ltr'><strong>ecclesiam,</strong></span> <span class='ocrx_word' id='word_1_222' title='bbox 1194 1767 1430 1821; x_wconf 91' lang='lat' dir='ltr'><strong>omnino</strong></span> <span class='ocrx_word' id='word_1_223' title='bbox 1465 1767 1582 1821; x_wconf 89' lang='lat' dir='ltr'><strong>sine</strong></span> <span class='ocrx_word' id='word_1_224' title='bbox 1627 1767 1820 1838; x_wconf 89' lang='lat' dir='ltr'><strong>aliqua</strong></span> <span class='ocrx_word' id='word_1_225' title='bbox 1863 1767 2134 1823; x_wconf 88' lang='lat' dir='ltr'><strong>dilatione</strong></span> <span class='ocrx_word' id='word_1_226' title='bbox 2234 1765 2332 1831; x_wconf 88' lang='lat' dir='ltr'><strong>cti,</strong></span> <span class='ocrx_word' id='word_1_227' title='bbox 2361 1771 2418 1820; x_wconf 88' lang='lat' dir='ltr'><strong>et</strong></span> <span class='ocrx_word' id='word_1_228' title='bbox 2444 1765 2759 1837; x_wconf 87' lang='lat' dir='ltr'><strong>apostolica</strong></span> <span class='ocrx_word' id='word_1_229' title='bbox 2786 1765 2922 1820; x_wconf 91' lang='lat' dir='ltr'><strong>sede</strong></span> <span class='ocrx_word' id='word_1_230' title='bbox 2949 1764 3288 1837; x_wconf 80' lang='lat' dir='ltr'><strong>dignissimi</strong></span> <span class='ocrx_word' id='word_1_231' title='bbox 3315 1783 3523 1839; x_wconf 69' lang='lat' dir='ltr'><strong>papas.</strong></span> 
     </span>
    </p>
   </div>
   <div class='ocr_carea' id='block_1_18' title="bbox 521 1858 2132 1931">
    <p class='ocr_par' dir='ltr' id='par_1_18' title="bbox 521 1858 2132 1931">
     <span class='ocr_line' id='line_1_18' title="bbox 521 1858 2132 1931; baseline 0.001 -17"><span class='ocrx_word' id='word_1_232' title='bbox 521 1858 852 1914; x_wconf 89' lang='lat' dir='ltr'><strong>reddendos</strong></span> <span class='ocrx_word' id='word_1_233' title='bbox 893 1875 1014 1913; x_wconf 90' lang='lat' dir='ltr'><strong>esse</strong></span> <span class='ocrx_word' id='word_1_234' title='bbox 1058 1859 1472 1930; x_wconf 60' lang='lat' dir='ltr'><strong>praecipiamus.</strong></span> <span class='ocrx_word' id='word_1_235' title='bbox 1527 1859 1607 1914; x_wconf 91' lang='lat' dir='ltr'><strong>De</strong></span> <span class='ocrx_word' id='word_1_236' title='bbox 1639 1860 1856 1914; x_wconf 75' lang='lat' dir='ltr'><strong>caeteris</strong></span> <span class='ocrx_word' id='word_1_237' title='bbox 1901 1859 2132 1931; x_wconf 88' lang='lat' dir='ltr'><strong>quidem</strong></span> 
     </span>
    </p>
   </div>
   <div class='ocr_carea' id='block_1_19' title="bbox 1511 2139 2938 2664">
    <p class='ocr_par' dir='ltr' id='par_1_19' title="bbox 1511 2139 2938 2664">
     <span class='ocr_line' id='line_1_19' title="bbox 1511 2139 2938 2664; baseline 0.006 -7"><span class='ocrx_word' id='word_1_238' title='bbox 1511 2139 2938 2664; x_wconf 47' lang='lat' dir='ltr'><strong>Gauisus;</strong></span> 
     </span>
    </p>
   </div>
   <div class='ocr_carea' id='block_1_20' title="bbox 1049 2727 1984 2738">
    <p class='ocr_par' dir='ltr' id='par_1_20' title="bbox 1049 2727 1984 2738">
     <span class='ocr_line' id='line_1_20' title="bbox 1049 2727 1984 2738; baseline 0.003 -3"><span class='ocrx_word' id='word_1_239' title='bbox 1049 2727 1984 2738; x_wconf 69' lang='lat'><strong>.—-—_~—————————_—</strong></span> 
     </span>
    </p>
   </div>
   <div class='ocr_carea' id='block_1_21' title="bbox 1885 2823 2924 2908">
    <p class='ocr_par' dir='ltr' id='par_1_21' title="bbox 1885 2823 2924 2908">
     <span class='ocr_line' id='line_1_21' title="bbox 1885 2823 2924 2908; baseline 0.005 -21"><span class='ocrx_word' id='word_1_240' title='bbox 1885 2823 2246 2889; x_wconf 82' lang='lat' dir='ltr'><strong>CLOTABII</strong></span> <span class='ocrx_word' id='word_1_241' title='bbox 2291 2825 2522 2890; x_wconf 84' lang='lat' dir='ltr'><strong>REGIS</strong></span> <span class='ocrx_word' id='word_1_242' title='bbox 2912 2899 2924 2908; x_wconf 31' lang='grc' dir='ltr'><em>μ</em></span> 
     </span>
    </p>
   </div>
   <div class='ocr_carea' id='block_1_22' title="bbox 1333 2950 3071 3048">
    <p class='ocr_par' dir='ltr' id='par_1_22' title="bbox 1333 2950 3071 3048">
     <span class='ocr_line' id='line_1_22' title="bbox 1333 2950 3071 3048; baseline 0.002 -5"><span class='ocrx_word' id='word_1_243' title='bbox 1333 2951 2169 3046; x_wconf 86' lang='lat' dir='ltr'><strong>CONSTITUTIO</strong></span> <span class='ocrx_word' id='word_1_244' title='bbox 2206 2950 2242 2988; x_wconf 70' lang='grc'>⁸</span> <span class='ocrx_word' id='word_1_245' title='bbox 2309 2955 3071 3048; x_wconf 79' lang='lat' dir='ltr'><strong>GENERALIS.</strong></span> 
     </span>
    </p>
   </div>
   <div class='ocr_carea' id='block_1_23' title="bbox 525 3192 3985 3284">
    <p class='ocr_par' dir='ltr' id='par_1_23' title="bbox 525 3192 3985 3284">
     <span class='ocr_line' id='line_1_23' title="bbox 525 3192 3985 3284; baseline 0.004 -35"><span class='ocrx_word' id='word_1_246' title='bbox 525 3192 972 3250; x_wconf 76' lang='lat' dir='ltr'><strong>Cblodaeharius</strong></span> <span class='ocrx_word' id='word_1_247' title='bbox 1001 3195 1361 3266; x_wconf 88' lang='lat' dir='ltr'><strong>[Clotharius]</strong></span> <span class='ocrx_word' id='word_1_248' title='bbox 1391 3213 1486 3250; x_wconf 78' lang='lat' dir='ltr'><strong>rex</strong></span> <span class='ocrx_word' id='word_1_249' title='bbox 1515 3197 1860 3252; x_wconf 86' lang='lat' dir='ltr'><strong>Francorum</strong></span> <span class='ocrx_word' id='word_1_250' title='bbox 1881 3199 2144 3254; x_wconf 88' lang='lat' dir='ltr'><strong>omnibus</strong></span> <span class='ocrx_word' id='word_1_251' title='bbox 2163 3213 2218 3284; x_wconf 82' lang='grc' dir='ltr'><strong>Β</strong></span> <span class='ocrx_word' id='word_1_252' title='bbox 2244 3203 2476 3274; x_wconf 89' lang='lat' dir='ltr'><strong>negotia</strong></span> <span class='ocrx_word' id='word_1_253' title='bbox 2503 3219 2801 3259; x_wconf 87' lang='lat' dir='ltr'><strong>causarum</strong></span> <span class='ocrx_word' id='word_1_254' title='bbox 2827 3203 3102 3258; x_wconf 84' lang='lat' dir='ltr'><strong>Romanis</strong></span> <span class='ocrx_word' id='word_1_255' title='bbox 3121 3203 3370 3276; x_wconf 80' lang='lat' dir='ltr'><strong>legibus</strong></span> <span class='ocrx_word' id='word_1_256' title='bbox 3405 3207 3844 3280; x_wconf 60' lang='lat' dir='ltr'><strong>praecipimus</strong></span> <span class='ocrx_word' id='word_1_257' title='bbox 3866 3213 3985 3264; x_wconf 87' lang='lat' dir='ltr'><strong>ter-</strong></span> 
     </span>
    </p>
   </div>
   <div class='ocr_carea' id='block_1_24' title="bbox 1157 3289 3990 3374">
    <p class='ocr_par' dir='ltr' id='par_1_24' title="bbox 1157 3289 3990 3374">
     <span class='ocr_line' id='line_1_24' title="bbox 1157 3289 3990 3374; baseline 0.005 -33"><span class='ocrx_word' id='word_1_258' title='bbox 1157 3289 1457 3359; x_wconf 85' lang='lat' dir='ltr'><strong>agentibus</strong></span> <span class='ocrx_word' id='word_1_259' title='bbox 1482 3307 1527 3347; x_wconf 87' lang='lat' dir='ltr'><strong>b.</strong></span> <span class='ocrx_word' id='word_1_260' title='bbox 2242 3295 2469 3350; x_wconf 87' lang='lat' dir='ltr'><strong>minari.</strong></span> <span class='ocrx_word' id='word_1_261' title='bbox 2507 3296 2565 3351; x_wconf 88' lang='lat' dir='ltr'><strong>Si</strong></span> <span class='ocrx_word' id='word_1_262' title='bbox 2613 3296 2740 3368; x_wconf 90' lang='lat' dir='ltr'><strong>quis</strong></span> <span class='ocrx_word' id='word_1_263' title='bbox 2787 3295 3202 3352; x_wconf 86' lang='lat' dir='ltr'><strong>auctoritatem</strong></span> <span class='ocrx_word' id='word_1_264' title='bbox 3259 3301 3562 3354; x_wconf 87' lang='lat' dir='ltr'><strong>nostram</strong></span> <span class='ocrx_word' id='word_1_265' title='bbox 3610 3301 3990 3374; x_wconf 88' lang='lat' dir='ltr'><strong>subreptitie</strong></span> 
     </span>
    </p>
   </div>
   <div class='ocr_carea' id='block_1_25' title="bbox 601 3379 3992 3464">
    <p class='ocr_par' dir='ltr' id='par_1_25' title="bbox 601 3379 3992 3464">
     <span class='ocr_line' id='line_1_25' title="bbox 601 3379 3992 3464; baseline 0.005 -30"><span class='ocrx_word' id='word_1_266' title='bbox 601 3379 738 3434; x_wconf 90' lang='lat' dir='ltr'><strong>Usus</strong></span> <span class='ocrx_word' id='word_1_267' title='bbox 765 3383 850 3432; x_wconf 90' lang='lat' dir='ltr'><strong>est</strong></span> <span class='ocrx_word' id='word_1_268' title='bbox 877 3379 1194 3434; x_wconf 81' lang='lat' dir='ltr'><strong>clementiae</strong></span> <span class='ocrx_word' id='word_1_269' title='bbox 1225 3381 1552 3452; x_wconf 87' lang='lat' dir='ltr'><strong>principalis</strong></span> <span class='ocrx_word' id='word_1_270' title='bbox 1594 3381 1984 3437; x_wconf 86' lang='lat' dir='ltr'><strong>necessitatem</strong></span> <span class='ocrx_word' id='word_1_271' title='bbox 2017 3401 2144 3455; x_wconf 84' lang='lat' dir='ltr'><strong>pro—</strong></span> <span class='ocrx_word' id='word_1_272' title='bbox 2243 3391 2440 3442; x_wconf 88' lang='lat' dir='ltr'><strong>contra</strong></span> <span class='ocrx_word' id='word_1_273' title='bbox 2465 3389 2656 3460; x_wconf 85' lang='lat' dir='ltr'><strong>legem</strong></span> <span class='ocrx_word' id='word_1_274' title='bbox 2672 3389 2934 3444; x_wconf 88' lang='lat' dir='ltr'><strong>elicuerit</strong></span> <span class='ocrx_word' id='word_1_275' title='bbox 2960 3389 3218 3444; x_wconf 88' lang='lat' dir='ltr'><strong>fallendo</strong></span> <span class='ocrx_word' id='word_1_276' title='bbox 3245 3390 3650 3464; x_wconf 87' lang='lat' dir='ltr'><strong>principem,</strong></span> <span class='ocrx_word' id='word_1_277' title='bbox 3675 3411 3819 3450; x_wconf 90' lang='lat' dir='ltr'><strong>non</strong></span> <span class='ocrx_word' id='word_1_278' title='bbox 3841 3395 3992 3450; x_wconf 86' lang='lat' dir='ltr'><strong>vale-</strong></span> 
     </span>
    </p>
   </div>
   <div class='ocr_carea' id='block_1_26' title="bbox 527 3469 3989 3557">
    <p class='ocr_par' dir='ltr' id='par_1_26' title="bbox 527 3469 3989 3557">
     <span class='ocr_line' id='line_1_26' title="bbox 527 3469 3989 3557; baseline 0.005 -34"><span class='ocrx_word' id='word_1_279' title='bbox 527 3469 826 3524; x_wconf 90' lang='lat' dir='ltr'><strong>vincialem</strong></span> <span class='ocrx_word' id='word_1_280' title='bbox 867 3472 953 3526; x_wconf 91' lang='lat' dir='ltr'><strong>vel</strong></span> <span class='ocrx_word' id='word_1_281' title='bbox 985 3472 1369 3542; x_wconf 86' lang='lat' dir='ltr'><strong>subjectorum</strong></span> <span class='ocrx_word' id='word_1_282' title='bbox 1417 3473 1519 3527; x_wconf 87' lang='lat' dir='ltr'><strong>sibi</strong></span> <span class='ocrx_word' id='word_1_283' title='bbox 1565 3472 1860 3546; x_wconf 71' lang='lat' dir='ltr'><strong>[omnium]</strong></span> <span class='ocrx_word' id='word_1_284' title='bbox 1905 3475 2141 3546; x_wconf 90' lang='lat' dir='ltr'><strong>populo-</strong></span> <span class='ocrx_word' id='word_1_285' title='bbox 2241 3480 2343 3534; x_wconf 90' lang='lat' dir='ltr'><strong>bit.</strong></span> <span class='ocrx_word' id='word_1_286' title='bbox 2373 3480 2432 3535; x_wconf 91' lang='lat' dir='ltr'><strong>Si</strong></span> <span class='ocrx_word' id='word_1_287' title='bbox 2453 3481 2630 3552; x_wconf 88' lang='lat' dir='ltr'><strong>judex</strong></span> <span class='ocrx_word' id='word_1_288' title='bbox 2663 3482 2918 3553; x_wconf 87' lang='lat' dir='ltr'><strong>aliquem</strong></span> <span class='ocrx_word' id='word_1_289' title='bbox 2947 3487 3150 3536; x_wconf 86' lang='lat' dir='ltr'><strong>contra</strong></span> <span class='ocrx_word' id='word_1_290' title='bbox 3179 3483 3393 3553; x_wconf 82' lang='lat' dir='ltr'><strong>legem</strong></span> <span class='ocrx_word' id='word_1_291' title='bbox 3424 3485 3681 3557; x_wconf 87' lang='lat' dir='ltr'><strong>injuste</strong></span> <span class='ocrx_word' id='word_1_292' title='bbox 3723 3488 3989 3544; x_wconf 85' lang='lat' dir='ltr'><strong>damna-</strong></span> 
     </span>
    </p>
   </div>
   <div class='ocr_carea' id='block_1_27' title="bbox 527 3563 3992 3652">
    <p class='ocr_par' dir='ltr' id='par_1_27' title="bbox 527 3563 3992 3652">
     <span class='ocr_line' id='line_1_27' title="bbox 527 3563 3992 3652; baseline 0.006 -37"><span class='ocrx_word' id='word_1_293' title='bbox 527 3577 656 3616; x_wconf 91' lang='lat' dir='ltr'><strong>rum</strong></span> <span class='ocrx_word' id='word_1_294' title='bbox 685 3563 919 3634; x_wconf 86' lang='lat' dir='ltr'><strong>provida</strong></span> <span class='ocrx_word' id='word_1_295' title='bbox 948 3563 1218 3618; x_wconf 89' lang='lat' dir='ltr'><strong>sollicitus</strong></span> <span class='ocrx_word' id='word_1_296' title='bbox 1248 3569 1439 3620; x_wconf 88' lang='lat' dir='ltr'><strong>mente</strong></span> <span class='ocrx_word' id='word_1_297' title='bbox 1465 3569 1728 3632; x_wconf 87' lang='lat' dir='ltr'><strong>tractare,</strong></span> <span class='ocrx_word' id='word_1_298' title='bbox 1748 3570 1805 3621; x_wconf 90' lang='lat' dir='ltr'><strong>et</strong></span> <span class='ocrx_word' id='word_1_299' title='bbox 1824 3583 1926 3637; x_wconf 86' lang='lat' dir='ltr'><strong>pro</strong></span> <span class='ocrx_word' id='word_1_300' title='bbox 1953 3567 2143 3638; x_wconf 88' lang='lat' dir='ltr'><strong>quiete</strong></span> <span class='ocrx_word' id='word_1_301' title='bbox 2244 3572 2403 3642; x_wconf 89' lang='lat' dir='ltr'><strong>verit,</strong></span> <span class='ocrx_word' id='word_1_302' title='bbox 2437 3573 2495 3627; x_wconf 92' lang='lat' dir='ltr'><strong>in</strong></span> <span class='ocrx_word' id='word_1_303' title='bbox 2528 3574 2708 3628; x_wconf 90' lang='lat' dir='ltr'><strong>nostri</strong></span> <span class='ocrx_word' id='word_1_304' title='bbox 2737 3575 2998 3630; x_wconf 89' lang='lat' dir='ltr'><strong>absentia</strong></span> <span class='ocrx_word' id='word_1_305' title='bbox 3035 3573 3108 3628; x_wconf 88' lang='lat' dir='ltr'><strong>ab</strong></span> <span class='ocrx_word' id='word_1_306' title='bbox 3142 3575 3458 3648; x_wconf 88' lang='lat' dir='ltr'><strong>episcopis</strong></span> <span class='ocrx_word' id='word_1_307' title='bbox 3487 3580 3902 3652; x_wconf 74' lang='lat' dir='ltr'><strong>castigatur;</strong></span> <span class='ocrx_word' id='word_1_308' title='bbox 3933 3585 3992 3635; x_wconf 90' lang='lat' dir='ltr'><strong>ut</strong></span> 
     </span>
    </p>
   </div>
   <div class='ocr_carea' id='block_1_28' title="bbox 529 3656 3986 3741">
    <p class='ocr_par' dir='ltr' id='par_1_28' title="bbox 529 3656 3986 3741">
     <span class='ocr_line' id='line_1_28' title="bbox 529 3656 3986 3741; baseline 0.006 -33"><span class='ocrx_word' id='word_1_309' title='bbox 529 3670 728 3709; x_wconf 91' lang='lat' dir='ltr'><strong>eorum</strong></span> <span class='ocrx_word' id='word_1_310' title='bbox 755 3671 1111 3726; x_wconf 67' lang='lat' dir='ltr'><strong>quaecunque</strong></span> <span class='ocrx_word' id='word_1_311' title='bbox 1137 3656 1288 3726; x_wconf 90' lang='lat' dir='ltr'><strong>juste</strong></span> <span class='ocrx_word' id='word_1_312' title='bbox 1329 3661 1461 3712; x_wconf 90' lang='lat' dir='ltr'><strong>sunt</strong></span> <span class='ocrx_word' id='word_1_313' title='bbox 1489 3657 1836 3712; x_wconf 89' lang='lat' dir='ltr'><strong>observanda</strong></span> <span class='ocrx_word' id='word_1_314' title='bbox 1877 3659 2057 3713; x_wconf 89' lang='lat' dir='ltr'><strong>indita</strong></span> <span class='ocrx_word' id='word_1_315' title='bbox 2086 3660 2146 3712; x_wconf 92' lang='lat' dir='ltr'><strong>in</strong></span> <span class='ocrx_word' id='word_1_316' title='bbox 2244 3665 2398 3736; x_wconf 89' lang='lat' dir='ltr'><strong>quod</strong></span> <span class='ocrx_word' id='word_1_317' title='bbox 2427 3682 2669 3737; x_wconf 87' lang='lat' dir='ltr'><strong>perpere</strong></span> <span class='ocrx_word' id='word_1_318' title='bbox 2694 3666 2990 3737; x_wconf 87' lang='lat' dir='ltr'><strong>judicavit,</strong></span> <span class='ocrx_word' id='word_1_319' title='bbox 3029 3667 3316 3722; x_wconf 86' lang='lat' dir='ltr'><strong>versatim</strong></span> <span class='ocrx_word' id='word_1_320' title='bbox 3347 3669 3580 3740; x_wconf 82' lang='lat' dir='ltr'><strong>[Forte,</strong></span> <span class='ocrx_word' id='word_1_321' title='bbox 3614 3673 3725 3726; x_wconf 87' lang='lat' dir='ltr'><strong>vel</strong></span> <span class='ocrx_word' id='word_1_322' title='bbox 3763 3663 3986 3741; x_wconf 75' lang='lat' dir='ltr'><strong>statiin,</strong></span> 
     </span>
    </p>
   </div>
   <div class='ocr_carea' id='block_1_29' title="bbox 529 3746 3988 3840">
    <p class='ocr_par' dir='ltr' id='par_1_29' title="bbox 529 3746 3988 3840">
     <span class='ocr_line' id='line_1_29' title="bbox 529 3746 3988 3840; baseline 0.006 -40"><span class='ocrx_word' id='word_1_323' title='bbox 529 3746 704 3801; x_wconf 88' lang='lat' dir='ltr'><strong>titulis</strong></span> <span class='ocrx_word' id='word_1_324' title='bbox 747 3747 1149 3803; x_wconf 89' lang='lat' dir='ltr'><strong>constitutione</strong></span> <span class='ocrx_word' id='word_1_325' title='bbox 1197 3749 1584 3819; x_wconf 86' lang='lat' dir='ltr'><strong>conscribere;</strong></span> <span class='ocrx_word' id='word_1_326' title='bbox 1617 3750 1821 3821; x_wconf 89' lang='lat' dir='ltr'><strong>quibus</strong></span> <span class='ocrx_word' id='word_1_327' title='bbox 1865 3755 2145 3822; x_wconf 87' lang='lat' dir='ltr'><strong>quantum</strong></span> <span class='ocrx_word' id='word_1_328' title='bbox 2246 3759 2440 3828; x_wconf 62' lang='lat' dir='ltr'><strong>Hum]</strong></span> <span class='ocrx_word' id='word_1_329' title='bbox 2469 3758 2673 3812; x_wconf 90' lang='lat' dir='ltr'><strong>melius</strong></span> <span class='ocrx_word' id='word_1_330' title='bbox 2715 3758 3068 3814; x_wconf 87' lang='lat' dir='ltr'><strong>discussione</strong></span> <span class='ocrx_word' id='word_1_331' title='bbox 3103 3759 3306 3814; x_wconf 88' lang='lat' dir='ltr'><strong>habita</strong></span> <span class='ocrx_word' id='word_1_332' title='bbox 3354 3763 3740 3821; x_wconf 89' lang='lat' dir='ltr'><strong>emendare</strong></span> <span class='ocrx_word' id='word_1_333' title='bbox 3771 3784 3988 3840; x_wconf 86' lang='lat' dir='ltr'><strong>procu-</strong></span> 
     </span>
    </p>
   </div>
   <div class='ocr_carea' id='block_1_30' title="bbox 528 3839 3989 3921">
    <p class='ocr_par' dir='ltr' id='par_1_30' title="bbox 528 3839 3989 3921">
     <span class='ocr_line' id='line_1_30' title="bbox 528 3839 3989 3921; baseline 0.007 -29"><span class='ocrx_word' id='word_1_334' title='bbox 528 3839 654 3910; x_wconf 90' lang='lat' dir='ltr'><strong>plus</strong></span> <span class='ocrx_word' id='word_1_335' title='bbox 705 3839 878 3894; x_wconf 88' lang='lat' dir='ltr'><strong>fuerit</strong></span> <span class='ocrx_word' id='word_1_336' title='bbox 911 3839 1147 3910; x_wconf 64' lang='lat' dir='ltr'><strong>justitia&#39;.</strong></span> <span class='ocrx_word' id='word_1_337' title='bbox 1191 3844 1360 3912; x_wconf 87' lang='lat' dir='ltr'><strong>atque</strong></span> <span class='ocrx_word' id='word_1_338' title='bbox 1413 3841 1755 3912; x_wconf 81' lang='lat' dir='ltr'><strong>integritatis</strong></span> <span class='ocrx_word' id='word_1_339' title='bbox 1798 3841 2144 3913; x_wconf 86' lang='lat' dir='ltr'><strong>impensum,</strong></span> <span class='ocrx_word' id='word_1_340' title='bbox 2245 3853 2352 3904; x_wconf 87' lang='lat' dir='ltr'><strong>ret.</strong></span> <span class='ocrx_word' id='word_1_341' title='bbox 2380 3851 2576 3906; x_wconf 87' lang='lat' dir='ltr'><strong>Nullus</strong></span> <span class='ocrx_word' id='word_1_342' title='bbox 2599 3867 2703 3921; x_wconf 89' lang='lat' dir='ltr'><strong>per</strong></span> <span class='ocrx_word' id='word_1_343' title='bbox 2728 3851 3135 3907; x_wconf 83' lang='lat' dir='ltr'><strong>auctoritatem</strong></span> <span class='ocrx_word' id='word_1_344' title='bbox 3171 3855 3448 3908; x_wconf 89' lang='lat' dir='ltr'><strong>nostram</strong></span> <span class='ocrx_word' id='word_1_345' title='bbox 3485 3839 3989 3916; x_wconf 83' lang='lat' dir='ltr'><strong>matrimonium</strong></span> 
     </span>
    </p>
   </div>
   <div class='ocr_carea' id='block_1_31' title="bbox 529 3933 3988 4026">
    <p class='ocr_par' dir='ltr' id='par_1_31' title="bbox 529 3933 3988 4026">
     <span class='ocr_line' id='line_1_31' title="bbox 529 3933 3988 4026; baseline 0.006 -40"><span class='ocrx_word' id='word_1_346' title='bbox 529 3935 754 3986; x_wconf 89' lang='lat' dir='ltr'><strong>tantum</strong></span> <span class='ocrx_word' id='word_1_347' title='bbox 785 3933 1020 4004; x_wconf 86' lang='lat' dir='ltr'><strong>pronius</strong></span> <span class='ocrx_word' id='word_1_348' title='bbox 1048 3949 1209 3988; x_wconf 89' lang='lat' dir='ltr'><strong>amor</strong></span> <span class='ocrx_word' id='word_1_349' title='bbox 1241 3933 1552 3988; x_wconf 88' lang='lat' dir='ltr'><strong>devotionis</strong></span> <span class='ocrx_word' id='word_1_350' title='bbox 1577 3933 1872 3989; x_wconf 88' lang='lat' dir='ltr'><strong>incumbit.</strong></span> <span class='ocrx_word' id='word_1_351' title='bbox 1905 3935 2148 4007; x_wconf 87' lang='lat' dir='ltr'><strong>Ideoque</strong></span> <span class='ocrx_word' id='word_1_352' title='bbox 2246 3941 2449 4010; x_wconf 69' lang='lat' dir='ltr'><strong>viduae,</strong></span> <span class='ocrx_word' id='word_1_353' title='bbox 2483 3943 2568 3997; x_wconf 88' lang='lat' dir='ltr'><strong>vel</strong></span> <span class='ocrx_word' id='word_1_354' title='bbox 2613 3944 2837 4014; x_wconf 70' lang='lat' dir='ltr'><strong>puellze,</strong></span> <span class='ocrx_word' id='word_1_355' title='bbox 2873 3944 2997 4000; x_wconf 90' lang='lat' dir='ltr'><strong>sine</strong></span> <span class='ocrx_word' id='word_1_356' title='bbox 3045 3945 3312 4016; x_wconf 90' lang='lat' dir='ltr'><strong>ipsarum</strong></span> <span class='ocrx_word' id='word_1_357' title='bbox 3361 3948 3718 4008; x_wconf 71' lang='lat' dir='ltr'><strong>voluntate</strong></span> <span class='ocrx_word' id='word_1_358' title='bbox 3756 3971 3988 4026; x_wconf 71' lang='lat' dir='ltr'><strong>praesu-</strong></span> 
     </span>
    </p>
   </div>
   <div class='ocr_carea' id='block_1_32' title="bbox 530 4025 3989 4120">
    <p class='ocr_par' dir='ltr' id='par_1_32' title="bbox 530 4025 3989 4120">
     <span class='ocr_line' id='line_1_32' title="bbox 530 4025 3989 4120; baseline 0.006 -41"><span class='ocrx_word' id='word_1_359' title='bbox 530 4040 636 4095; x_wconf 90' lang='lat' dir='ltr'><strong>per</strong></span> <span class='ocrx_word' id='word_1_360' title='bbox 649 4025 797 4120; x_wconf 86' lang='lat' dir='ltr'><strong>hanc</strong></span> <span class='ocrx_word' id='word_1_361' title='bbox 824 4027 1152 4120; x_wconf 79' lang='lat' dir='ltr'><strong>generalem</strong></span> <span class='ocrx_word' id='word_1_362' title='bbox 1171 4026 1565 4120; x_wconf 84' lang='lat' dir='ltr'><strong>auctoritatem</strong></span> <span class='ocrx_word' id='word_1_363' title='bbox 1585 4027 2150 4120; x_wconf 68' lang='lat' dir='ltr'><strong>praecipientesjube-</strong></span> <span class='ocrx_word' id='word_1_364' title='bbox 2249 4038 2370 4089; x_wconf 88' lang='lat' dir='ltr'><strong>mat</strong></span> <span class='ocrx_word' id='word_1_365' title='bbox 2395 4038 2691 4106; x_wconf 82' lang='lat' dir='ltr'><strong>expetere;</strong></span> <span class='ocrx_word' id='word_1_366' title='bbox 2725 4053 2917 4108; x_wconf 88' lang='lat' dir='ltr'><strong>neque</strong></span> <span class='ocrx_word' id='word_1_367' title='bbox 2949 4053 3059 4108; x_wconf 89' lang='lat' dir='ltr'><strong>per</strong></span> <span class='ocrx_word' id='word_1_368' title='bbox 3084 4038 3526 4110; x_wconf 86' lang='lat' dir='ltr'><strong>suggestiones</strong></span> <span class='ocrx_word' id='word_1_369' title='bbox 3571 4025 3989 4120; x_wconf 75' lang='lat' dir='ltr'><strong>subreptitias</strong></span> 
     </span>
    </p>
   </div>
   <div class='ocr_carea' id='block_1_33' title="bbox 534 4117 3989 4199">
    <p class='ocr_par' dir='ltr' id='par_1_33' title="bbox 534 4117 3989 4199">
     <span class='ocr_line' id='line_1_33' title="bbox 534 4117 3989 4199; baseline 0.003 -17"><span class='ocrx_word' id='word_1_370' title='bbox 534 4132 662 4172; x_wconf 74' lang='lat' dir='ltr'><strong>mus</strong></span> <span class='ocrx_word' id='word_1_371' title='bbox 680 4117 811 4172; x_wconf 68' lang='lat' dir='ltr'><strong>utin</strong></span> <span class='ocrx_word' id='word_1_372' title='bbox 826 4117 1092 4173; x_wconf 76' lang='lat' dir='ltr'><strong>omnibus</strong></span> <span class='ocrx_word' id='word_1_373' title='bbox 1105 4118 1286 4172; x_wconf 75' lang='lat' dir='ltr'><strong>caUSiS</strong></span> <span class='ocrx_word' id='word_1_374' title='bbox 1305 4119 1677 4190; x_wconf 81' lang='lat' dir='ltr'><strong>antiquijuris</strong></span> <span class='ocrx_word' id='word_1_375' title='bbox 1698 4136 1897 4174; x_wconf 76' lang='lat' dir='ltr'><strong>norma</strong></span> <span class='ocrx_word' id='word_1_376' title='bbox 1920 4117 2147 4191; x_wconf 71' lang='lat' dir='ltr'><strong>[forma]</strong></span> <span class='ocrx_word' id='word_1_377' title='bbox 2249 4127 2539 4198; x_wconf 84' lang='lat' dir='ltr'><strong>rapiantur</strong></span> <span class='ocrx_word' id='word_1_378' title='bbox 2561 4127 2790 4199; x_wconf 87' lang='lat' dir='ltr'><strong>injuste.</strong></span> <span class='ocrx_word' id='word_1_379' title='bbox 2816 4128 3307 4186; x_wconf 89' lang='lat' dir='ltr'><strong>Sanctimoniales</strong></span> <span class='ocrx_word' id='word_1_380' title='bbox 3331 4133 3556 4190; x_wconf 88' lang='lat' dir='ltr'><strong>nullos</strong></span> <span class='ocrx_word' id='word_1_381' title='bbox 3597 4137 3731 4194; x_wconf 88' lang='lat' dir='ltr'><strong>sibi</strong></span> <span class='ocrx_word' id='word_1_382' title='bbox 3771 4117 3842 4196; x_wconf 71' lang='lat' dir='ltr'><strong>in</strong></span> <span class='ocrx_word' id='word_1_383' title='bbox 3868 4157 3989 4196; x_wconf 88' lang='lat' dir='ltr'><strong>con-</strong></span> 
     </span>
    </p>
   </div>
   <div class='ocr_carea' id='block_1_34' title="bbox 533 4210 3992 4305">
    <p class='ocr_par' dir='ltr' id='par_1_34' title="bbox 533 4210 3992 4305">
     <span class='ocr_line' id='line_1_34' title="bbox 533 4210 3992 4305; baseline 0.008 -45"><span class='ocrx_word' id='word_1_384' title='bbox 533 4212 806 4305; x_wconf 71' lang='lat' dir='ltr'><strong>servetur,</strong></span> <span class='ocrx_word' id='word_1_385' title='bbox 830 4213 888 4305; x_wconf 79' lang='lat' dir='ltr'><strong>et</strong></span> <span class='ocrx_word' id='word_1_386' title='bbox 913 4210 1068 4305; x_wconf 83' lang='lat' dir='ltr'><strong>nulla</strong></span> <span class='ocrx_word' id='word_1_387' title='bbox 1097 4211 1444 4305; x_wconf 71' lang='lat' dir='ltr'><strong>sententiae</strong></span> <span class='ocrx_word' id='word_1_388' title='bbox 1473 4212 1728 4282; x_wconf 89' lang='lat' dir='ltr'><strong>quolibet</strong></span> <span class='ocrx_word' id='word_1_389' title='bbox 1747 4211 2009 4305; x_wconf 86' lang='lat' dir='ltr'><strong>judicum</strong></span> <span class='ocrx_word' id='word_1_390' title='bbox 2032 4213 2148 4305; x_wconf 80' lang='lat' dir='ltr'><strong>vim</strong></span> <span class='ocrx_word' id='word_1_391' title='bbox 2243 4220 2472 4291; x_wconf 85' lang='lat' dir='ltr'><strong>jugium</strong></span> <span class='ocrx_word' id='word_1_392' title='bbox 2498 4220 2707 4275; x_wconf 86' lang='lat' dir='ltr'><strong>audeat</strong></span> <span class='ocrx_word' id='word_1_393' title='bbox 2733 4221 2971 4276; x_wconf 87' lang='lat' dir='ltr'><strong>sociare.</strong></span> <span class='ocrx_word' id='word_1_394' title='bbox 3004 4224 3076 4278; x_wconf 91' lang='lat' dir='ltr'><strong>Ut</strong></span> <span class='ocrx_word' id='word_1_395' title='bbox 3106 4223 3520 4282; x_wconf 87' lang='lat' dir='ltr'><strong>auctoritates</strong></span> <span class='ocrx_word' id='word_1_396' title='bbox 3570 4246 3738 4287; x_wconf 88' lang='lat' dir='ltr'><strong>cum</strong></span> <span class='ocrx_word' id='word_1_397' title='bbox 3759 4233 3992 4305; x_wconf 86' lang='lat' dir='ltr'><strong>justitia</strong></span> 
     </span>
    </p>
   </div>
   <div class='ocr_carea' id='block_1_35' title="bbox 533 4301 3990 4386">
    <p class='ocr_par' dir='ltr' id='par_1_35' title="bbox 533 4301 3990 4386">
     <span class='ocr_line' id='line_1_35' title="bbox 533 4301 3990 4386; baseline -0 -30"><span class='ocrx_word' id='word_1_398' title='bbox 533 4301 817 4358; x_wconf 85' lang='lat' dir='ltr'><strong>firmitatis</strong></span> <span class='ocrx_word' id='word_1_399' title='bbox 839 4301 1248 4374; x_wconf 82' lang='lat' dir='ltr'><strong>obtineat,quae</strong></span> <span class='ocrx_word' id='word_1_400' title='bbox 1271 4303 1503 4358; x_wconf 91' lang='lat' dir='ltr'><strong>modum</strong></span> <span class='ocrx_word' id='word_1_401' title='bbox 1527 4305 1850 4374; x_wconf 89' lang='lat' dir='ltr'><strong>legisatque</strong></span> <span class='ocrx_word' id='word_1_402' title='bbox 1869 4304 2152 4374; x_wconf 78' lang='lat' dir='ltr'><strong>aequitatis</strong></span> <span class='ocrx_word' id='word_1_403' title='bbox 2253 4317 2307 4367; x_wconf 74' lang='lat' dir='ltr'><strong>et</strong></span> <span class='ocrx_word' id='word_1_404' title='bbox 2344 4313 2470 4384; x_wconf 71' lang='lat' dir='ltr'><strong>lege</strong></span> <span class='ocrx_word' id='word_1_405' title='bbox 2516 4318 2885 4386; x_wconf 68' lang='lat' dir='ltr'><strong>competente</strong></span> <span class='ocrx_word' id='word_1_406' title='bbox 2930 4315 2990 4368; x_wconf 71' lang='lat' dir='ltr'><strong>in</strong></span> <span class='ocrx_word' id='word_1_407' title='bbox 3025 4315 3308 4370; x_wconf 68' lang='lat' dir='ltr'><strong>omnibus</strong></span> <span class='ocrx_word' id='word_1_408' title='bbox 3347 4317 3659 4378; x_wconf 64' lang='lat' dir='ltr'><strong>habeant</strong></span> <span class='ocrx_word' id='word_1_409' title='bbox 3706 4301 3990 4382; x_wconf 27' lang='lat' dir='ltr'><strong>sifabnem</strong></span> 
     </span>
    </p>
   </div>
   <div class='ocr_carea' id='block_1_36' title="bbox 535 4394 3992 4478">
    <p class='ocr_par' dir='ltr' id='par_1_36' title="bbox 535 4394 3992 4478">
     <span class='ocr_line' id='line_1_36' title="bbox 535 4394 3992 4478; baseline 0.008 -31"><span class='ocrx_word' id='word_1_410' title='bbox 535 4394 770 4450; x_wconf 83' lang='lat' dir='ltr'><strong>excedit.</strong></span> <span class='ocrx_word' id='word_1_411' title='bbox 804 4397 865 4450; x_wconf 88' lang='lat' dir='ltr'><strong>In</strong></span> <span class='ocrx_word' id='word_1_412' title='bbox 893 4399 1200 4466; x_wconf 84' lang='lat' dir='ltr'><strong>parentum</strong></span> <span class='ocrx_word' id='word_1_413' title='bbox 1227 4412 1364 4466; x_wconf 89' lang='lat' dir='ltr'><strong>ergo</strong></span> <span class='ocrx_word' id='word_1_414' title='bbox 1391 4395 1836 4450; x_wconf 90' lang='lat' dir='ltr'><strong>successionibus</strong></span> <span class='ocrx_word' id='word_1_415' title='bbox 1875 4396 2150 4467; x_wconf 88' lang='lat' dir='ltr'><strong>quidquid</strong></span> <span class='ocrx_word' id='word_1_416' title='bbox 2252 4405 2600 4474; x_wconf 84' lang='lat' dir='ltr'><strong>ﬁrmitatem,</strong></span> <span class='ocrx_word' id='word_1_417' title='bbox 2618 4423 2725 4461; x_wconf 89' lang='lat' dir='ltr'><strong>nec</strong></span> <span class='ocrx_word' id='word_1_418' title='bbox 2745 4407 3232 4478; x_wconf 85' lang='lat' dir='ltr'><strong>subsequentibus</strong></span> <span class='ocrx_word' id='word_1_419' title='bbox 3249 4413 3778 4474; x_wconf 84' lang='lat' dir='ltr'><strong>auctoritatibus</strong></span> <span class='ocrx_word' id='word_1_420' title='bbox 3792 4427 3992 4476; x_wconf 82' lang='lat' dir='ltr'><strong>contra</strong></span> 
     </span>
    </p>
   </div>
   <div class='ocr_carea' id='block_1_37' title="bbox 533 4487 3990 4569">
    <p class='ocr_par' dir='ltr' id='par_1_37' title="bbox 533 4487 3990 4569">
     <span class='ocr_line' id='line_1_37' title="bbox 533 4487 3990 4569; baseline 0.005 -14"><span class='ocrx_word' id='word_1_421' title='bbox 533 4488 756 4560; x_wconf 78' lang='lat' dir='ltr'><strong>legibus</strong></span> <span class='ocrx_word' id='word_1_422' title='bbox 781 4487 1126 4554; x_wconf 64' lang='lat' dir='ltr'><strong>decernitur,</strong></span> <span class='ocrx_word' id='word_1_423' title='bbox 1155 4489 1503 4555; x_wconf 64' lang='lat' dir='ltr'><strong>Observeml‘.</strong></span> <span class='ocrx_word' id='word_1_424' title='bbox 1527 4489 1790 4543; x_wconf 74' lang='lat' dir='ltr'><strong>omnibus</strong></span> <span class='ocrx_word' id='word_1_425' title='bbox 1819 4493 2017 4542; x_wconf 71' lang='grc' dir='ltr'><strong>οοΠῐΓᾶ</strong></span> <span class='ocrx_word' id='word_1_426' title='bbox 2041 4489 2152 4542; x_wconf 79' lang='lat' dir='ltr'><strong>im-</strong></span> <span class='ocrx_word' id='word_1_427' title='bbox 2192 4565 2225 4569; x_wconf 30' lang='grc' dir='ltr'>ᾧ</span> <span class='ocrx_word' id='word_1_428' title='bbox 2253 4500 2438 4569; x_wconf 88' lang='lat' dir='ltr'><strong>legem</strong></span> <span class='ocrx_word' id='word_1_429' title='bbox 2467 4499 2666 4554; x_wconf 90' lang='lat' dir='ltr'><strong>elicitis</strong></span> <span class='ocrx_word' id='word_1_430' title='bbox 2686 4504 3036 4566; x_wconf 88' lang='lat' dir='ltr'><strong>vacuentur;</strong></span> <span class='ocrx_word' id='word_1_431' title='bbox 3067 4504 3132 4554; x_wconf 91' lang='lat' dir='ltr'><strong>ut</strong></span> <span class='ocrx_word' id='word_1_432' title='bbox 3157 4501 3515 4560; x_wconf 87' lang='lat' dir='ltr'><strong>oblationes</strong></span> <span class='ocrx_word' id='word_1_433' title='bbox 3539 4507 3664 4564; x_wconf 85' lang='lat' dir='ltr'><strong>def</strong></span> <span class='ocrx_word' id='word_1_434' title='bbox 3665 4519 3990 4569; x_wconf 86' lang='lat' dir='ltr'><strong>unctorum</strong></span> 
     </span>
    </p>
   </div>
   <div class='ocr_carea' id='block_1_38' title="bbox 534 4565 3994 4666">
    <p class='ocr_par' dir='ltr' id='par_1_38' title="bbox 534 4565 3994 4666">
     <span class='ocr_line' id='line_1_38' title="bbox 534 4565 3994 4666; baseline 0.001 -32"><span class='ocrx_word' id='word_1_435' title='bbox 534 4579 799 4651; x_wconf 88' lang='lat' dir='ltr'><strong>petrandi</strong></span> <span class='ocrx_word' id='word_1_436' title='bbox 825 4579 1040 4652; x_wconf 90' lang='lat' dir='ltr'><strong>aliquid</strong></span> <span class='ocrx_word' id='word_1_437' title='bbox 1069 4581 1297 4634; x_wconf 91' lang='lat' dir='ltr'><strong>licentia</strong></span> <span class='ocrx_word' id='word_1_438' title='bbox 1325 4580 1600 4651; x_wconf 83' lang='lat' dir='ltr'><strong>derogata</strong></span> <span class='ocrx_word' id='word_1_439' title='bbox 1626 4597 1638 4634; x_wconf 92' lang='lat'>:</span> <span class='ocrx_word' id='word_1_440' title='bbox 1665 4597 1791 4650; x_wconf 61' lang='lat' dir='ltr'><strong>quae</strong></span> <span class='ocrx_word' id='word_1_441' title='bbox 1824 4580 1869 4632; x_wconf 88' lang='lat' dir='ltr'><strong>si</strong></span> <span class='ocrx_word' id='word_1_442' title='bbox 1899 4580 2155 4650; x_wconf 87' lang='lat' dir='ltr'><strong>quolibet</strong></span> <span class='ocrx_word' id='word_1_443' title='bbox 2174 4565 2229 4638; x_wconf 72' lang='grc' dir='ltr'>Ο</span> <span class='ocrx_word' id='word_1_444' title='bbox 2257 4565 2502 4645; x_wconf 52' lang='grc' dir='ltr'><strong>θοξιθείίε</strong></span> <span class='ocrx_word' id='word_1_445' title='bbox 2541 4591 2831 4662; x_wconf 63' lang='lat' dir='ltr'><strong>deputatae</strong></span> <span class='ocrx_word' id='word_1_446' title='bbox 2863 4593 3162 4648; x_wconf 76' lang='lat' dir='ltr'><strong>nullorum</strong></span> <span class='ocrx_word' id='word_1_447' title='bbox 3202 4565 3994 4666; x_wconf 46' lang='grc' dir='ltr'><strong>οοηιρειίιίοηίδᾷξξηξθξ</strong></span> 
     </span>
    </p>
   </div>
   <div class='ocr_carea' id='block_1_39' title="bbox 535 4671 3990 4773">
    <p class='ocr_par' dir='ltr' id='par_1_39' title="bbox 535 4671 3990 4773">
     <span class='ocr_line' id='line_1_39' title="bbox 535 4671 3990 4773; baseline -0.001 -46"><span class='ocrx_word' id='word_1_448' title='bbox 535 4671 732 4728; x_wconf 84' lang='lat' dir='ltr'><strong>ordine</strong></span> <span class='ocrx_word' id='word_1_449' title='bbox 757 4673 1067 4744; x_wconf 85' lang='lat' dir='ltr'><strong>impetrata</strong></span> <span class='ocrx_word' id='word_1_450' title='bbox 1095 4673 1266 4727; x_wconf 87' lang='lat' dir='ltr'><strong>fuerit</strong></span> <span class='ocrx_word' id='word_1_451' title='bbox 1292 4674 1375 4726; x_wconf 89' lang='lat' dir='ltr'><strong>vel</strong></span> <span class='ocrx_word' id='word_1_452' title='bbox 1408 4672 1657 4738; x_wconf 88' lang='lat' dir='ltr'><strong>obtenta,</strong></span> <span class='ocrx_word' id='word_1_453' title='bbox 1691 4689 1724 4726; x_wconf 92' lang='lat' dir='ltr'><strong>a</strong></span> <span class='ocrx_word' id='word_1_454' title='bbox 1742 4671 2026 4741; x_wconf 88' lang='lat' dir='ltr'><strong>judicibus</strong></span> <span class='ocrx_word' id='word_1_455' title='bbox 2061 4689 2148 4725; x_wconf 88' lang='lat' dir='ltr'><strong>re-</strong></span> <span class='ocrx_word' id='word_1_456' title='bbox 2251 4685 2468 4752; x_wconf 58' lang='lat' dir='ltr'><strong>rantur,</strong></span> <span class='ocrx_word' id='word_1_457' title='bbox 2495 4684 2766 4755; x_wconf 62' lang='grc' dir='ltr'><strong>ριιωεθηιί</strong></span> <span class='ocrx_word' id='word_1_458' title='bbox 2799 4685 3216 4741; x_wconf 58' lang='lat' dir='ltr'><strong>constitutione</strong></span> <span class='ocrx_word' id='word_1_459' title='bbox 3244 4694 3674 4758; x_wconf 42' lang='lat' dir='ltr'><strong>praestamus.</strong></span> <span class='ocrx_word' id='word_1_460' title='bbox 3717 4702 3990 4773; x_wconf 34' lang='lat' dir='ltr'><strong>Agraria,</strong></span> 
     </span>
    </p>
   </div>
   <div class='ocr_carea' id='block_1_40' title="bbox 534 4763 3990 4863">
    <p class='ocr_par' dir='ltr' id='par_1_40' title="bbox 534 4763 3990 4863">
     <span class='ocr_line' id='line_1_40' title="bbox 534 4763 3990 4863; baseline 0.008 -46"><span class='ocrx_word' id='word_1_461' title='bbox 534 4765 782 4835; x_wconf 87' lang='lat' dir='ltr'><strong>pudiata,</strong></span> <span class='ocrx_word' id='word_1_462' title='bbox 812 4765 996 4820; x_wconf 90' lang='lat' dir='ltr'><strong>inanis</strong></span> <span class='ocrx_word' id='word_1_463' title='bbox 1033 4765 1312 4819; x_wconf 86' lang='lat' dir='ltr'><strong>habeatur</strong></span> <span class='ocrx_word' id='word_1_464' title='bbox 1339 4769 1395 4819; x_wconf 90' lang='lat' dir='ltr'><strong>et</strong></span> <span class='ocrx_word' id='word_1_465' title='bbox 1421 4780 1610 4818; x_wconf 89' lang='lat' dir='ltr'><strong>vacua.</strong></span> <span class='ocrx_word' id='word_1_466' title='bbox 1645 4763 1701 4818; x_wconf 91' lang='lat' dir='ltr'><strong>Si</strong></span> <span class='ocrx_word' id='word_1_467' title='bbox 1729 4763 1854 4834; x_wconf 86' lang='lat' dir='ltr'><strong>quis</strong></span> <span class='ocrx_word' id='word_1_468' title='bbox 1877 4764 1932 4817; x_wconf 91' lang='lat' dir='ltr'><strong>in</strong></span> <span class='ocrx_word' id='word_1_469' title='bbox 1962 4764 2151 4835; x_wconf 89' lang='lat' dir='ltr'><strong>aliquo</strong></span> <span class='ocrx_word' id='word_1_470' title='bbox 2253 4775 2560 4845; x_wconf 86' lang='lat' dir='ltr'><strong>pascuaria,</strong></span> <span class='ocrx_word' id='word_1_471' title='bbox 2593 4777 2681 4830; x_wconf 92' lang='lat' dir='ltr'><strong>vel</strong></span> <span class='ocrx_word' id='word_1_472' title='bbox 2707 4775 2962 4830; x_wconf 80' lang='lat' dir='ltr'><strong>decimas</strong></span> <span class='ocrx_word' id='word_1_473' title='bbox 2995 4794 3340 4848; x_wconf 87' lang='lat' dir='ltr'><strong>porcorum,</strong></span> <span class='ocrx_word' id='word_1_474' title='bbox 3375 4785 3691 4846; x_wconf 68' lang='lat' dir='ltr'><strong>ecclesiae</strong></span> <span class='ocrx_word' id='word_1_475' title='bbox 3712 4763 3836 4863; x_wconf 57' lang='lat' dir='ltr'><strong>prb</strong></span> <span class='ocrx_word' id='word_1_476' title='bbox 3869 4794 3990 4848; x_wconf 83' lang='lat' dir='ltr'><strong>ﬁdei</strong></span> 
     </span>
    </p>
   </div>
   <div class='ocr_carea' id='block_1_41' title="bbox 537 4855 2151 4942">
    <p class='ocr_par' dir='ltr' id='par_1_41' title="bbox 537 4855 2151 4926">
     <span class='ocr_line' id='line_1_41' title="bbox 537 4855 2151 4926; baseline -0.002 -14"><span class='ocrx_word' id='word_1_477' title='bbox 537 4857 734 4912; x_wconf 89' lang='lat' dir='ltr'><strong>ordine</strong></span> <span class='ocrx_word' id='word_1_478' title='bbox 773 4857 943 4912; x_wconf 84' lang='lat' dir='ltr'><strong>fuerit</strong></span> <span class='ocrx_word' id='word_1_479' title='bbox 966 4863 1273 4923; x_wconf 87' lang='lat' dir='ltr'><strong>accusatus,</strong></span> <span class='ocrx_word' id='word_1_480' title='bbox 1317 4874 1433 4911; x_wconf 91' lang='lat' dir='ltr'><strong>non</strong></span> <span class='ocrx_word' id='word_1_481' title='bbox 1477 4855 1892 4910; x_wconf 88' lang='lat' dir='ltr'><strong>condemnetur</strong></span> <span class='ocrx_word' id='word_1_482' title='bbox 1929 4855 2151 4926; x_wconf 83' lang='lat' dir='ltr'><strong>penitus</strong></span> 
     </span>
    </p>
   </div>
   <div class='ocr_carea' id='block_1_42' title="bbox 2377 4855 3991 4942">
    <p class='ocr_par' dir='ltr' id='par_1_42' title="bbox 2377 4855 3991 4942">
     <span class='ocr_line' id='line_1_42' title="bbox 2377 4855 3991 4942; baseline 0.013 -23"><span class='ocrx_word' id='word_1_483' title='bbox 2377 4884 2464 4922; x_wconf 84' lang='lat' dir='ltr'><strong>.rae</strong></span> <span class='ocrx_word' id='word_1_484' title='bbox 2492 4868 2796 4923; x_wconf 90' lang='lat' dir='ltr'><strong>devotione</strong></span> <span class='ocrx_word' id='word_1_485' title='bbox 2821 4869 3228 4940; x_wconf 86' lang='lat' dir='ltr'><strong>concedimus;</strong></span> <span class='ocrx_word' id='word_1_486' title='bbox 3259 4871 3349 4928; x_wconf 90' lang='lat' dir='ltr'><strong>ita</strong></span> <span class='ocrx_word' id='word_1_487' title='bbox 3374 4879 3454 4930; x_wconf 90' lang='lat' dir='ltr'><strong>ut</strong></span> <span class='ocrx_word' id='word_1_488' title='bbox 3480 4885 3684 4938; x_wconf 86' lang='lat' dir='ltr'><strong>actor</strong></span> <span class='ocrx_word' id='word_1_489' title='bbox 3704 4855 3827 4942; x_wconf 71' lang='lat' dir='ltr'><strong>aut</strong></span> <span class='ocrx_word' id='word_1_490' title='bbox 3857 4887 3991 4942; x_wconf 87' lang='lat' dir='ltr'><strong>deci-</strong></span> 
     </span>
    </p>
   </div>
   <div class='ocr_carea' id='block_1_43' title="bbox 535 4947 3989 5043">
    <p class='ocr_par' dir='ltr' id='par_1_43' title="bbox 535 4947 3989 5043">
     <span class='ocr_line' id='line_1_43' title="bbox 535 4947 3989 5043; baseline 0.008 -39"><span class='ocrx_word' id='word_1_491' title='bbox 535 4949 866 5018; x_wconf 86' lang='lat' dir='ltr'><strong>inauditus;</strong></span> <span class='ocrx_word' id='word_1_492' title='bbox 913 4949 1013 5004; x_wconf 86' lang='lat' dir='ltr'><strong>sed</strong></span> <span class='ocrx_word' id='word_1_493' title='bbox 1057 4950 1104 5004; x_wconf 90' lang='lat' dir='ltr'><strong>si</strong></span> <span class='ocrx_word' id='word_1_494' title='bbox 1131 4950 1188 5003; x_wconf 92' lang='lat' dir='ltr'><strong>in</strong></span> <span class='ocrx_word' id='word_1_495' title='bbox 1235 4949 1471 5004; x_wconf 86' lang='lat' dir='ltr'><strong>crimine</strong></span> <span class='ocrx_word' id='word_1_496' title='bbox 1516 4953 1826 5014; x_wconf 89' lang='lat' dir='ltr'><strong>accusatur,</strong></span> <span class='ocrx_word' id='word_1_497' title='bbox 1867 4953 1925 5002; x_wconf 91' lang='lat' dir='ltr'><strong>et</strong></span> <span class='ocrx_word' id='word_1_498' title='bbox 1966 4947 2156 5002; x_wconf 88' lang='lat' dir='ltr'><strong>habita</strong></span> <span class='ocrx_word' id='word_1_499' title='bbox 2256 4963 2445 5015; x_wconf 71' lang='lat' dir='ltr'><strong>mater</strong></span> <span class='ocrx_word' id='word_1_500' title='bbox 2485 4959 2543 5014; x_wconf 88' lang='lat' dir='ltr'><strong>in</strong></span> <span class='ocrx_word' id='word_1_501' title='bbox 2595 4961 2765 5015; x_wconf 85' lang='lat' dir='ltr'><strong>rebus</strong></span> <span class='ocrx_word' id='word_1_502' title='bbox 2813 4963 3072 5018; x_wconf 76' lang='lat' dir='ltr'><strong>ecclesiae</strong></span> <span class='ocrx_word' id='word_1_503' title='bbox 3114 4964 3319 5019; x_wconf 88' lang='lat' dir='ltr'><strong>nullus</strong></span> <span class='ocrx_word' id='word_1_504' title='bbox 3369 4973 3683 5043; x_wconf 85' lang='lat' dir='ltr'><strong>accedat,</strong></span> <span class='ocrx_word' id='word_1_505' title='bbox 3734 4981 3989 5036; x_wconf 69' lang='lat' dir='ltr'><strong>ecclesiae</strong></span> 
     </span>
    </p>
   </div>
   <div class='ocr_carea' id='block_1_44' title="bbox 539 5039 3990 5134">
    <p class='ocr_par' dir='ltr' id='par_1_44' title="bbox 539 5039 3990 5134">
     <span class='ocr_line' id='line_1_44' title="bbox 539 5039 3990 5134; baseline 0.005 -38"><span class='ocrx_word' id='word_1_506' title='bbox 539 5042 884 5097; x_wconf 89' lang='lat' dir='ltr'><strong>discussione</strong></span> <span class='ocrx_word' id='word_1_507' title='bbox 915 5042 1087 5096; x_wconf 88' lang='lat' dir='ltr'><strong>fuerit</strong></span> <span class='ocrx_word' id='word_1_508' title='bbox 1116 5043 1348 5096; x_wconf 87' lang='lat' dir='ltr'><strong>fortasse</strong></span> <span class='ocrx_word' id='word_1_509' title='bbox 1379 5040 1682 5106; x_wconf 88' lang='lat' dir='ltr'><strong>convictus,</strong></span> <span class='ocrx_word' id='word_1_510' title='bbox 1715 5056 1821 5112; x_wconf 84' lang='lat' dir='ltr'><strong>pro</strong></span> <span class='ocrx_word' id='word_1_511' title='bbox 1850 5039 2020 5093; x_wconf 89' lang='lat' dir='ltr'><strong>modo</strong></span> <span class='ocrx_word' id='word_1_512' title='bbox 2054 5039 2156 5093; x_wconf 86' lang='lat' dir='ltr'><strong>cri-</strong></span> <span class='ocrx_word' id='word_1_513' title='bbox 2254 5054 2341 5106; x_wconf 68' lang='lat' dir='ltr'><strong>vel</strong></span> <span class='ocrx_word' id='word_1_514' title='bbox 2369 5053 2584 5108; x_wconf 66' lang='lat' dir='ltr'><strong>deﬁcis</strong></span> <span class='ocrx_word' id='word_1_515' title='bbox 2607 5054 2823 5108; x_wconf 84' lang='lat' dir='ltr'><strong>nullam</strong></span> <span class='ocrx_word' id='word_1_516' title='bbox 2845 5055 3150 5126; x_wconf 88' lang='lat' dir='ltr'><strong>requirant</strong></span> <span class='ocrx_word' id='word_1_517' title='bbox 3163 5062 3427 5128; x_wconf 87' lang='lat' dir='ltr'><strong>agentes</strong></span> <span class='ocrx_word' id='word_1_518' title='bbox 3445 5039 3718 5134; x_wconf 69' lang='lat' dir='ltr'><strong>publiei</strong></span> <span class='ocrx_word' id='word_1_519' title='bbox 3737 5075 3990 5130; x_wconf 67' lang='grc' dir='ltr'><strong>ςωιειίο-</strong></span> 
     </span>
    </p>
   </div>
   <div class='ocr_carea' id='block_1_45' title="bbox 540 5133 3992 5223">
    <p class='ocr_par' dir='ltr' id='par_1_45' title="bbox 540 5133 3992 5223">
     <span class='ocr_line' id='line_1_45' title="bbox 540 5133 3992 5223; baseline -0.003 -35"><span class='ocrx_word' id='word_1_520' title='bbox 540 5135 713 5189; x_wconf 90' lang='lat' dir='ltr'><strong>minis</strong></span> <span class='ocrx_word' id='word_1_521' title='bbox 741 5135 1082 5191; x_wconf 88' lang='lat' dir='ltr'><strong>sententiam</strong></span> <span class='ocrx_word' id='word_1_522' title='bbox 1128 5135 1367 5206; x_wconf 86' lang='lat' dir='ltr'><strong>excipiat</strong></span> <span class='ocrx_word' id='word_1_523' title='bbox 1396 5133 1643 5188; x_wconf 88' lang='lat' dir='ltr'><strong>ultionis.</strong></span> <span class='ocrx_word' id='word_1_524' title='bbox 1677 5134 1830 5186; x_wconf 88' lang='lat' dir='ltr'><strong>Inter</strong></span> <span class='ocrx_word' id='word_1_525' title='bbox 1874 5133 2156 5187; x_wconf 82' lang='lat' dir='ltr'><strong>Romanos</strong></span> <span class='ocrx_word' id='word_1_526' title='bbox 2257 5161 2412 5208; x_wconf 49' lang='lat' dir='ltr'><strong>nem,</strong></span> <span class='ocrx_word' id='word_1_527' title='bbox 2431 5146 2528 5216; x_wconf 69' lang='lat' dir='ltr'><strong>qui</strong></span> <span class='ocrx_word' id='word_1_528' title='bbox 2557 5146 2664 5212; x_wconf 55' lang='lat' dir='ltr'><strong>avi,</strong></span> <span class='ocrx_word' id='word_1_529' title='bbox 2687 5147 2774 5200; x_wconf 65' lang='lat' dir='ltr'><strong>vel</strong></span> <span class='ocrx_word' id='word_1_530' title='bbox 2805 5147 3112 5218; x_wconf 58' lang='lat' dir='ltr'><strong>genitoris,</strong></span> <span class='ocrx_word' id='word_1_531' title='bbox 3139 5153 3244 5205; x_wconf 62' lang='lat' dir='ltr'><strong>aut</strong></span> <span class='ocrx_word' id='word_1_532' title='bbox 3269 5133 3583 5221; x_wconf 53' lang='lat' dir='ltr'><strong>germani</strong></span> <span class='ocrx_word' id='word_1_533' title='bbox 3625 5169 3840 5223; x_wconf 59' lang='lat' dir='ltr'><strong>nostri</strong></span> <span class='ocrx_word' id='word_1_534' title='bbox 3863 5185 3884 5213; x_wconf 54' lang='grc' dir='ltr'>ε</span> <span class='ocrx_word' id='word_1_535' title='bbox 3905 5169 3992 5222; x_wconf 41' lang='lat' dir='ltr'><strong>im.</strong></span> 
     </span>
    </p>
   </div>
   <div class='ocr_carea' id='block_1_46' title="bbox 609 5273 3990 5366">
    <p class='ocr_par' dir='ltr' id='par_1_46' title="bbox 609 5273 3990 5366">
     <span class='ocr_line' id='line_1_46' title="bbox 609 5273 3990 5366; baseline -0.001 -36"><span class='ocrx_word' id='word_1_536' title='bbox 609 5275 635 5305; x_wconf 83' lang='lat'>&quot;</span> <span class='ocrx_word' id='word_1_537' title='bbox 663 5277 783 5330; x_wconf 91' lang='lat' dir='ltr'><strong>Duo</strong></span> <span class='ocrx_word' id='word_1_538' title='bbox 831 5277 996 5347; x_wconf 88' lang='lat' dir='ltr'><strong>hujus</strong></span> <span class='ocrx_word' id='word_1_539' title='bbox 1017 5275 1456 5366; x_wconf 38' lang='lat' dir='ltr'><strong>‘constilt‘utilonis</strong></span> <span class='ocrx_word' id='word_1_540' title='bbox 1497 5273 1839 5366; x_wconf 64' lang='lat' dir='ltr'><strong>exemplaria</strong></span> <span class='ocrx_word' id='word_1_541' title='bbox 1871 5273 2152 5366; x_wconf 54' lang='lat' dir='ltr'><strong>vidimus:</strong></span> <span class='ocrx_word' id='word_1_542' title='bbox 2323 5306 2345 5334; x_wconf 80' lang='grc' dir='ltr'>ο</span> <span class='ocrx_word' id='word_1_543' title='bbox 2375 5287 2502 5340; x_wconf 57' lang='lat' dir='ltr'><strong>Haec</strong></span> <span class='ocrx_word' id='word_1_544' title='bbox 2543 5287 2750 5342; x_wconf 63' lang='lat' dir='ltr'><strong>absunt</strong></span> <span class='ocrx_word' id='word_1_545' title='bbox 2776 5305 2810 5342; x_wconf 62' lang='grc' dir='ltr'>α</span> <span class='ocrx_word' id='word_1_546' title='bbox 2837 5289 3088 5345; x_wconf 48' lang='lat' dir='ltr'><strong>Tinam).</strong></span> <span class='ocrx_word' id='word_1_547' title='bbox 3127 5292 3380 5366; x_wconf 69' lang='lat' dir='ltr'><strong>Ambigi</strong></span> <span class='ocrx_word' id='word_1_548' title='bbox 3417 5306 3666 5360; x_wconf 63' lang='lat' dir='ltr'><strong>autem</strong></span> <span class='ocrx_word' id='word_1_549' title='bbox 3722 5309 3852 5366; x_wconf 71' lang='lat' dir='ltr'><strong>hoc</strong></span> <span class='ocrx_word' id='word_1_550' title='bbox 3880 5311 3990 5366; x_wconf 53' lang='lat' dir='ltr'><strong>loco</strong></span> 
     </span>
    </p>
   </div>
   <div class='ocr_carea' id='block_1_47' title="bbox 543 5343 3973 5436">
    <p class='ocr_par' dir='ltr' id='par_1_47' title="bbox 543 5343 3973 5436">
     <span class='ocr_line' id='line_1_47' title="bbox 543 5343 3973 5436; baseline 0 0"><span class='ocrx_word' id='word_1_551' title='bbox 543 5363 723 5436; x_wconf 56' lang='grc' dir='ltr'>ΡΨ</span> <span class='ocrx_word' id='word_1_552' title='bbox 752 5347 1158 5436; x_wconf 60' lang='grc' dir='ltr'><strong>εξ,ξι1ίξξιεξξιξῖιῑὲίέ</strong></span> <span class='ocrx_word' id='word_1_553' title='bbox 1180 5343 2155 5436; x_wconf 43' lang='lat' dir='ltr'><strong>Xerses,.393941315399?</strong></span> <span class='ocrx_word' id='word_1_554' title='bbox 2251 5355 2380 5425; x_wconf 71' lang='lat' dir='ltr'><strong>iure</strong></span> <span class='ocrx_word' id='word_1_555' title='bbox 2413 5361 2602 5426; x_wconf 66' lang='lat' dir='ltr'><strong>queat.</strong></span> <span class='ocrx_word' id='word_1_556' title='bbox 2632 5358 2676 5411; x_wconf 79' lang='lat' dir='ltr'><strong>si</strong></span> <span class='ocrx_word' id='word_1_557' title='bbox 2704 5358 2778 5412; x_wconf 76' lang='lat' dir='ltr'><strong>ad</strong></span> <span class='ocrx_word' id='word_1_558' title='bbox 2805 5359 3128 5416; x_wconf 72' lang='lat' dir='ltr'><strong>Clotarium</strong></span> <span class='ocrx_word' id='word_1_559' title='bbox 3161 5364 3182 5418; x_wconf 84' lang='grc' dir='ltr'>ι</span> <span class='ocrx_word' id='word_1_560' title='bbox 3217 5343 3973 5436; x_wconf 60' lang='grc' dir='ltr'><strong>τθῖὲινθιῦἱ·”“ὲέ›τίὶῖἦιίἓῑξ</strong></span> 
     </span>
    </p>
   </div>
   <div class='ocr_carea' id='block_1_48' title="bbox 541 5414 3993 5514">
    <p class='ocr_par' dir='ltr' id='par_1_48' title="bbox 541 5414 3993 5514">
     <span class='ocr_line' id='line_1_48' title="bbox 919 5414 3991 5446; baseline -0.002 -4"><span class='ocrx_word' id='word_1_561' title='bbox 919 5417 928 5426; x_wconf 84' lang='grc'><em>³</em></span> <span class='ocrx_word' id='word_1_562' title='bbox 1179 5434 1191 5446; x_wconf 82' lang='grc'><em>,</em></span> <span class='ocrx_word' id='word_1_563' title='bbox 1615 5414 1624 5424; x_wconf 88' lang='grc'><em>”</em></span> <span class='ocrx_word' id='word_1_564' title='bbox 1696 5415 1705 5424; x_wconf 87' lang='grc'><strong><em>⁸</em></strong></span> <span class='ocrx_word' id='word_1_565' title='bbox 1990 5414 1999 5424; x_wconf 80' lang='grc'><strong><em>“</em></strong></span> <span class='ocrx_word' id='word_1_566' title='bbox 2031 5415 2040 5424; x_wconf 76' lang='grc'>⁸</span> <span class='ocrx_word' id='word_1_567' title='bbox 2251 5414 2272 5425; x_wconf 71' lang='grc'><strong>’⁷</strong></span> <span class='ocrx_word' id='word_1_568' title='bbox 2430 5414 2449 5426; x_wconf 74' lang='grc'><strong><em>⁸</em></strong></span> <span class='ocrx_word' id='word_1_569' title='bbox 2591 5414 2600 5424; x_wconf 82' lang='grc'><strong>’</strong></span> <span class='ocrx_word' id='word_1_570' title='bbox 3093 5414 3098 5415; x_wconf 49' lang='grc'><strong><em>⁷</em></strong></span> <span class='ocrx_word' id='word_1_571' title='bbox 3121 5414 3126 5416; x_wconf 25' lang='grc' dir='ltr'><strong>Ἴ</strong></span> <span class='ocrx_word' id='word_1_572' title='bbox 3162 5414 3182 5418; x_wconf 62' lang='grc'><strong>’-</strong></span> <span class='ocrx_word' id='word_1_573' title='bbox 3218 5414 3236 5416; x_wconf 59' lang='grc'>⁷</span> <span class='ocrx_word' id='word_1_574' title='bbox 3261 5414 3542 5446; x_wconf 59' lang='grc' dir='ltr'><strong>⁷ἷ“““““”¹“¹“⁵</strong></span> <span class='ocrx_word' id='word_1_575' title='bbox 3609 5414 3991 5443; x_wconf 60' lang='grc' dir='ltr'><strong>νυυξηιιυυυε</strong></span> 
     </span>
     <span class='ocr_line' id='line_1_49' title="bbox 541 5414 3993 5514; baseline -0.003 0"><span class='ocrx_word' id='word_1_576' title='bbox 541 5421 932 5514; x_wconf 45' lang='lat' dir='ltr'><strong>senatus!</strong></span> <span class='ocrx_word' id='word_1_577' title='bbox 963 5417 1466 5514; x_wconf 49' lang='lat' dir='ltr'><strong>asumma</strong></span> <span class='ocrx_word' id='word_1_578' title='bbox 1501 5414 1916 5514; x_wconf 41' lang='lat' dir='ltr'><strong>aestatis?</strong></span> <span class='ocrx_word' id='word_1_579' title='bbox 1944 5415 2158 5514; x_wconf 54' lang='lat'><strong>11111328</strong></span> <span class='ocrx_word' id='word_1_580' title='bbox 2257 5442 2572 5514; x_wconf 59' lang='lat' dir='ltr'><strong>1199mm</strong></span> <span class='ocrx_word' id='word_1_581' title='bbox 2783 5438 3171 5514; x_wconf 51' lang='lat' dir='ltr'><strong>summa.</strong></span> <span class='ocrx_word' id='word_1_582' title='bbox 3203 5447 3307 5514; x_wconf 70' lang='lat' dir='ltr'><strong>qm</strong></span> <span class='ocrx_word' id='word_1_583' title='bbox 3338 5439 3610 5514; x_wconf 59' lang='lat' dir='ltr'><strong>clericis</strong></span> <span class='ocrx_word' id='word_1_584' title='bbox 3642 5449 3993 5508; x_wconf 51' lang='lat' dir='ltr'><strong>immuni...</strong></span> 
     </span>
    </p>
   </div>
   <div class='ocr_carea' id='block_1_49' title="bbox 542 5484 3990 5580">
    <p class='ocr_par' dir='ltr' id='par_1_49' title="bbox 542 5484 3990 5580">
     <span class='ocr_line' id='line_1_50' title="bbox 542 5484 3990 5580; baseline 0.003 -26"><span class='ocrx_word' id='word_1_585' title='bbox 709 5485 942 5580; x_wconf 41' lang='lat' dir='ltr'><strong>flgiti</strong></span> <span class='ocrx_word' id='word_1_586' title='bbox 956 5484 1934 5580; x_wconf 45' lang='grc' dir='ltr'><strong>εξίῐξιῃιξιξῐξιξξξνξίῐρονξξρξξθηείῆ</strong></span> <span class='ocrx_word' id='word_1_587' title='bbox 1967 5485 2026 5538; x_wconf 72' lang='lat' dir='ltr'><strong>id</strong></span> <span class='ocrx_word' id='word_1_588' title='bbox 2051 5490 2153 5548; x_wconf 61' lang='lat' dir='ltr'><strong>est.</strong></span> <span class='ocrx_word' id='word_1_589' title='bbox 2257 5484 2376 5549; x_wconf 62' lang='lat' dir='ltr'><strong>tem</strong></span> <span class='ocrx_word' id='word_1_590' title='bbox 2405 5499 2752 5580; x_wconf 63' lang='lat' dir='ltr'><strong>concesserit</strong></span> <span class='ocrx_word' id='word_1_591' title='bbox 2777 5501 2878 5580; x_wconf 43' lang='lat' dir='ltr'><strong>:hsi</strong></span> <span class='ocrx_word' id='word_1_592' title='bbox 2909 5501 2984 5555; x_wconf 87' lang='lat' dir='ltr'><strong>ad</strong></span> 
     </span>
    </p>
   </div>
   <div class='ocr_carea' id='block_1_50' title="bbox 541 5535 3941 5636">
    <p class='ocr_par' dir='ltr' id='par_1_50' title="bbox 541 5535 3941 5636">
     <span class='ocr_line' id='line_1_51' title="bbox 541 5535 3941 5636; baseline 0.004 -25"><span class='ocrx_word' id='word_1_593' title='bbox 541 5535 820 5636; x_wconf 59' lang='lat' dir='ltr'><strong>ﬁiessasis</strong></span> <span class='ocrx_word' id='word_1_594' title='bbox 848 5554 1024 5610; x_wconf 87' lang='lat' dir='ltr'><strong>sancti</strong></span> <span class='ocrx_word' id='word_1_595' title='bbox 1051 5555 1774 5636; x_wconf 39' lang='lat' dir='ltr'><strong>qunomarif_1ic.-$mu.</strong></span> <span class='ocrx_word' id='word_1_596' title='bbox 1905 5535 1934 5636; x_wconf 78' lang='grc'><strong>,⁷</strong></span> <span class='ocrx_word' id='word_1_597' title='bbox 2120 5535 2153 5636; x_wconf 56' lang='grc'><strong><em>,⁷</em></strong></span> <span class='ocrx_word' id='word_1_598' title='bbox 2259 5535 2984 5636; x_wconf 55' lang='grc' dir='ltr'><strong>ὲᾌῙΗὲιῗιῖἷπῖῗ”ἱᾹὲ.’δῖἓᾶἶ¹</strong></span> <span class='ocrx_word' id='word_1_599' title='bbox 3025 5535 3364 5561; x_wconf 51' lang='lat' dir='ltr'><strong>“Num”</strong></span> <span class='ocrx_word' id='word_1_600' title='bbox 3403 5535 3482 5580; x_wconf 85' lang='lat'><strong>&quot;’</strong></span> <span class='ocrx_word' id='word_1_601' title='bbox 3527 5535 3831 5592; x_wconf 60' lang='lat' dir='ltr'><strong>“quem</strong></span> <span class='ocrx_word' id='word_1_602' title='bbox 3862 5535 3941 5579; x_wconf 58' lang='grc' dir='ltr'><strong>ωδ</strong></span> 
     </span>
    </p>
   </div>
   <div class='ocr_carea' id='block_1_51' title="bbox 612 5623 2157 5694">
    <p class='ocr_par' dir='ltr' id='par_1_51' title="bbox 612 5623 2157 5694">
     <span class='ocr_line' id='line_1_52' title="bbox 612 5623 2157 5694; baseline -0.003 -12"><span class='ocrx_word' id='word_1_603' title='bbox 612 5627 933 5692; x_wconf 86' lang='lat' dir='ltr'><strong>b&#39;l‘ilianus,</strong></span> <span class='ocrx_word' id='word_1_604' title='bbox 980 5627 1224 5680; x_wconf 74' lang='lat' dir='ltr'><strong>omnibus</strong></span> <span class='ocrx_word' id='word_1_605' title='bbox 1261 5627 1552 5680; x_wconf 82' lang='lat' dir='ltr'><strong>comitibus.</strong></span> <span class='ocrx_word' id='word_1_606' title='bbox 1599 5627 1739 5678; x_wconf 86' lang='lat' dir='ltr'><strong>ltem</strong></span> <span class='ocrx_word' id='word_1_607' title='bbox 1789 5623 1960 5694; x_wconf 88' lang='lat' dir='ltr'><strong>paulo</strong></span> <span class='ocrx_word' id='word_1_608' title='bbox 2008 5628 2157 5694; x_wconf 89' lang='lat' dir='ltr'><strong>post,</strong></span> 
     </span>
    </p>
   </div>
   <div class='ocr_carea' id='block_1_52' title="bbox 543 5691 3991 5765">
    <p class='ocr_par' dir='ltr' id='par_1_52' title="bbox 543 5691 3991 5765">
     <span class='ocr_line' id='line_1_53' title="bbox 543 5691 3991 5765; baseline -0.001 -15"><span class='ocrx_word' id='word_1_609' title='bbox 543 5698 650 5750; x_wconf 72' lang='lat' dir='ltr'><strong>sibi</strong></span> <span class='ocrx_word' id='word_1_610' title='bbox 670 5699 906 5752; x_wconf 72' lang='lat' dir='ltr'><strong>omnium</strong></span> <span class='ocrx_word' id='word_1_611' title='bbox 922 5691 1270 5765; x_wconf 78' lang='lat' dir='ltr'><strong>populo-rum,</strong></span> <span class='ocrx_word' id='word_1_612' title='bbox 1310 5701 1365 5749; x_wconf 89' lang='lat' dir='ltr'><strong>et</strong></span> <span class='ocrx_word' id='word_1_613' title='bbox 1401 5710 1616 5760; x_wconf 88' lang='lat' dir='ltr'><strong>rursus,</strong></span> <span class='ocrx_word' id='word_1_614' title='bbox 1646 5691 1986 5764; x_wconf 56' lang='lat' dir='ltr'><strong>quacumque</strong></span> <span class='ocrx_word' id='word_1_615' title='bbox 2004 5691 2162 5762; x_wconf 60' lang='lat' dir='ltr'><strong>iusta</strong></span> <span class='ocrx_word' id='word_1_616' title='bbox 2260 5691 3991 5735; x_wconf 42' lang='grc' dir='ltr'>Ἢ</span> 
     </span>
    </p>
   </div>
   <div class='ocr_carea' id='block_1_53' title="bbox 543 5764 3990 5895">
    <p class='ocr_par' dir='ltr' id='par_1_53' title="bbox 543 5764 3990 5895">
     <span class='ocr_line' id='line_1_54' title="bbox 543 5764 3990 5895; baseline -0 -77"><span class='ocrx_word' id='word_1_617' title='bbox 690 5766 1001 5892; x_wconf 50' lang='grc' dir='ltr'><strong>ιῗκξηῑη,</strong></span> <span class='ocrx_word' id='word_1_618' title='bbox 1031 5764 1353 5818; x_wconf 78' lang='lat' dir='ltr'><strong>incumbent.</strong></span> <span class='ocrx_word' id='word_1_619' title='bbox 1389 5767 1549 5830; x_wconf 88' lang='lat' dir='ltr'><strong>Item,</strong></span> <span class='ocrx_word' id='word_1_620' title='bbox 1581 5768 1631 5818; x_wconf 86' lang='lat' dir='ltr'><strong>et</strong></span> <span class='ocrx_word' id='word_1_621' title='bbox 1665 5767 1848 5818; x_wconf 76' lang='lat' dir='ltr'><strong>inanis</strong></span> <span class='ocrx_word' id='word_1_622' title='bbox 1875 5765 2157 5820; x_wconf 83' lang='lat' dir='ltr'><strong>habeatur.</strong></span> <span class='ocrx_word' id='word_1_623' title='bbox 2261 5784 2611 5895; x_wconf 52' lang='grc' dir='ltr'><strong>ωῐιὲθιθηάδ</strong></span> <span class='ocrx_word' id='word_1_624' title='bbox 2640 5800 2763 5838; x_wconf 67' lang='lat' dir='ltr'><strong>esse</strong></span> <span class='ocrx_word' id='word_1_625' title='bbox 2796 5788 2965 5840; x_wconf 57' lang='lat' dir='ltr'><strong>verba</strong></span> <span class='ocrx_word' id='word_1_626' title='bbox 2995 5791 3092 5843; x_wconf 56' lang='lat' dir='ltr'><strong>me</strong></span> <span class='ocrx_word' id='word_1_627' title='bbox 3117 5793 3535 5856; x_wconf 63' lang='lat' dir='ltr'><strong>Sirmondum</strong></span> <span class='ocrx_word' id='word_1_628' title='bbox 3593 5811 3990 5895; x_wconf 24' lang='lat' dir='ltr'><strong>unfit—nom}</strong></span> 
     </span>
    </p>
   </div>
  </div>
