  <div class='ocr_page' id='page_1' title='image "/cluster/home/n/w/nwhite01/storage/ocr_20150623/72/umn.31951002477365o/568.png"; bbox 0 0 4088 6418; ppageno 0'>
   <div class='ocr_carea' id='block_1_1' title="bbox 1416 382 3582 442">
    <p class='ocr_par' dir='ltr' id='par_1_1' title="bbox 1416 382 3582 442">
     <span class='ocr_line' id='line_1_1' title="bbox 1416 382 3582 442; baseline 0.001 -3"><span class='ocrx_word' id='word_1_1' title='bbox 1416 383 1796 440; x_wconf 78' lang='lat' dir='ltr'><strong>RECCAREDI</strong></span> <span class='ocrx_word' id='word_1_2' title='bbox 1836 382 2029 441; x_wconf 79' lang='lat' dir='ltr'><strong>REGIS</strong></span> <span class='ocrx_word' id='word_1_3' title='bbox 2067 384 2377 441; x_wconf 83' lang='lat' dir='ltr'><strong>EDICTUM.</strong></span> <span class='ocrx_word' id='word_1_4' title='bbox 3445 391 3464 441; x_wconf 91' lang='grc'><strong>1</strong></span> <span class='ocrx_word' id='word_1_5' title='bbox 3484 390 3582 442; x_wconf 83' lang='grc'><strong>122</strong></span> 
     </span>
    </p>
   </div>
   <div class='ocr_carea' id='block_1_2' title="bbox 232 389 352 443">
    <p class='ocr_par' dir='ltr' id='par_1_2' title="bbox 232 389 352 443">
     <span class='ocr_line' id='line_1_2' title="bbox 232 389 352 443; baseline -0.025 0"><span class='ocrx_word' id='word_1_6' title='bbox 232 389 352 443; x_wconf 78' lang='grc'><strong>1121</strong></span> 
     </span>
    </p>
   </div>
   <div class='ocr_carea' id='block_1_3' title="bbox 234 491 3581 579">
    <p class='ocr_par' dir='ltr' id='par_1_3' title="bbox 234 491 3581 579">
     <span class='ocr_line' id='line_1_3' title="bbox 234 491 3581 579; baseline 0 -32"><span class='ocrx_word' id='word_1_7' title='bbox 234 493 566 547; x_wconf 88' lang='lat' dir='ltr'><strong>munitatem</strong></span> <span class='ocrx_word' id='word_1_8' title='bbox 595 497 950 547; x_wconf 87' lang='lat' dir='ltr'><strong>meruerunt.</strong></span> <span class='ocrx_word' id='word_1_9' title='bbox 977 491 1343 563; x_wconf 65' lang='lat' dir='ltr'><strong>Quaecunque</strong></span> <span class='ocrx_word' id='word_1_10' title='bbox 1360 493 1611 546; x_wconf 84' lang='lat' dir='ltr'><strong>ecclesiae</strong></span> <span class='ocrx_word' id='word_1_11' title='bbox 1630 494 1710 546; x_wconf 90' lang='lat' dir='ltr'><strong>vel</strong></span> <span class='ocrx_word' id='word_1_12' title='bbox 1742 494 1848 546; x_wconf 87' lang='lat' dir='ltr'><strong>cle-</strong></span> <span class='ocrx_word' id='word_1_13' title='bbox 1869 509 1926 579; x_wconf 76' lang='grc' dir='ltr'><strong>Α</strong></span> <span class='ocrx_word' id='word_1_14' title='bbox 1949 493 2286 563; x_wconf 71' lang='lat' dir='ltr'><strong>repetitione</strong></span> <span class='ocrx_word' id='word_1_15' title='bbox 2332 497 2660 563; x_wconf 82' lang='lat' dir='ltr'><strong>consurgat,</strong></span> <span class='ocrx_word' id='word_1_16' title='bbox 2706 493 3068 564; x_wconf 83' lang='lat' dir='ltr'><strong>possessione</strong></span> <span class='ocrx_word' id='word_1_17' title='bbox 3123 493 3182 547; x_wconf 91' lang='lat' dir='ltr'><strong>in</strong></span> <span class='ocrx_word' id='word_1_18' title='bbox 3242 493 3581 563; x_wconf 83' lang='lat' dir='ltr'><strong>possessoris</strong></span> 
     </span>
    </p>
   </div>
   <div class='ocr_carea' id='block_1_4' title="bbox 230 584 3603 657">
    <p class='ocr_par' dir='ltr' id='par_1_4' title="bbox 230 584 3603 657">
     <span class='ocr_line' id='line_1_4' title="bbox 230 584 3603 657; baseline -0 -17"><span class='ocrx_word' id='word_1_19' title='bbox 230 586 372 652; x_wconf 89' lang='lat' dir='ltr'><strong>ricis,</strong></span> <span class='ocrx_word' id='word_1_20' title='bbox 396 588 492 638; x_wconf 88' lang='lat' dir='ltr'><strong>aut</strong></span> <span class='ocrx_word' id='word_1_21' title='bbox 521 584 868 655; x_wconf 86' lang='lat' dir='ltr'><strong>quibuslibet</strong></span> <span class='ocrx_word' id='word_1_22' title='bbox 883 586 1162 656; x_wconf 82' lang='lat' dir='ltr'><strong>personis,</strong></span> <span class='ocrx_word' id='word_1_23' title='bbox 1188 603 1220 639; x_wconf 90' lang='lat' dir='ltr'><strong>a</strong></span> <span class='ocrx_word' id='word_1_24' title='bbox 1247 587 1515 655; x_wconf 64' lang='lat' dir='ltr'><strong>gloriosae</strong></span> <span class='ocrx_word' id='word_1_25' title='bbox 1547 587 1848 640; x_wconf 80' lang='lat' dir='ltr'><strong>memoriae</strong></span> <span class='ocrx_word' id='word_1_26' title='bbox 1941 587 2070 655; x_wconf 85' lang='lat' dir='ltr'><strong>jure</strong></span> <span class='ocrx_word' id='word_1_27' title='bbox 2104 587 2225 640; x_wconf 90' lang='lat' dir='ltr'><strong>sine</strong></span> <span class='ocrx_word' id='word_1_28' title='bbox 2260 585 2432 639; x_wconf 91' lang='lat' dir='ltr'><strong>dubio</strong></span> <span class='ocrx_word' id='word_1_29' title='bbox 2462 591 2863 656; x_wconf 85' lang='lat' dir='ltr'><strong>permanente.</strong></span> <span class='ocrx_word' id='word_1_30' title='bbox 2905 586 3210 641; x_wconf 86' lang='lat' dir='ltr'><strong>Provideat</strong></span> <span class='ocrx_word' id='word_1_31' title='bbox 3253 602 3390 657; x_wconf 90' lang='lat' dir='ltr'><strong>ergo</strong></span> <span class='ocrx_word' id='word_1_32' title='bbox 3435 591 3603 640; x_wconf 69' lang='lat' dir='ltr'><strong>stre--</strong></span> 
     </span>
    </p>
   </div>
   <div class='ocr_carea' id='block_1_5' title="bbox 229 678 3584 752">
    <p class='ocr_par' dir='ltr' id='par_1_5' title="bbox 229 678 3584 752">
     <span class='ocr_line' id='line_1_5' title="bbox 229 678 3584 752; baseline 0 -20"><span class='ocrx_word' id='word_1_33' title='bbox 229 678 472 751; x_wconf 63' lang='lat' dir='ltr'><strong>pra-tfatis</strong></span> <span class='ocrx_word' id='word_1_34' title='bbox 507 678 860 749; x_wconf 87' lang='lat' dir='ltr'><strong>principibus</strong></span> <span class='ocrx_word' id='word_1_35' title='bbox 910 678 1321 732; x_wconf 77' lang='lat' dir='ltr'><strong>muniﬁcentize</strong></span> <span class='ocrx_word' id='word_1_36' title='bbox 1351 679 1618 749; x_wconf 76' lang='lat' dir='ltr'><strong>largitate</strong></span> <span class='ocrx_word' id='word_1_37' title='bbox 1645 680 1850 733; x_wconf 86' lang='lat' dir='ltr'><strong>collata</strong></span> <span class='ocrx_word' id='word_1_38' title='bbox 1950 679 2138 732; x_wconf 87' lang='lat' dir='ltr'><strong>nuitas</strong></span> <span class='ocrx_word' id='word_1_39' title='bbox 2172 679 2568 733; x_wconf 87' lang='lat' dir='ltr'><strong>universorum</strong></span> <span class='ocrx_word' id='word_1_40' title='bbox 2581 680 2863 750; x_wconf 90' lang='lat' dir='ltr'><strong>judicum,</strong></span> <span class='ocrx_word' id='word_1_41' title='bbox 2889 684 2951 734; x_wconf 90' lang='lat' dir='ltr'><strong>ut</strong></span> <span class='ocrx_word' id='word_1_42' title='bbox 2972 681 3416 752; x_wconf 77' lang='lat' dir='ltr'><strong>praeceptionem</strong></span> <span class='ocrx_word' id='word_1_43' title='bbox 3433 681 3584 734; x_wconf 89' lang='lat' dir='ltr'><strong>hanc</strong></span> 
     </span>
    </p>
   </div>
   <div class='ocr_carea' id='block_1_6' title="bbox 230 771 3582 845">
    <p class='ocr_par' dir='ltr' id='par_1_6' title="bbox 230 771 3582 845">
     <span class='ocr_line' id='line_1_6' title="bbox 230 771 3582 845; baseline 0 -19"><span class='ocrx_word' id='word_1_44' title='bbox 230 776 372 838; x_wconf 91' lang='lat' dir='ltr'><strong>sunt,</strong></span> <span class='ocrx_word' id='word_1_45' title='bbox 413 771 570 826; x_wconf 90' lang='lat' dir='ltr'><strong>omni</strong></span> <span class='ocrx_word' id='word_1_46' title='bbox 605 771 875 825; x_wconf 83' lang='lat' dir='ltr'><strong>ﬁrmitate</strong></span> <span class='ocrx_word' id='word_1_47' title='bbox 904 772 1237 842; x_wconf 79' lang='lat' dir='ltr'><strong>perdurent.</strong></span> <span class='ocrx_word' id='word_1_48' title='bbox 1273 771 1559 842; x_wconf 86' lang='lat' dir='ltr'><strong>Quidquid</strong></span> <span class='ocrx_word' id='word_1_49' title='bbox 1591 771 1847 837; x_wconf 87' lang='lat' dir='ltr'><strong>ecclesia,</strong></span> <span class='ocrx_word' id='word_1_50' title='bbox 1950 771 2052 825; x_wconf 90' lang='lat' dir='ltr'><strong>sub</strong></span> <span class='ocrx_word' id='word_1_51' title='bbox 2099 772 2256 826; x_wconf 90' lang='lat' dir='ltr'><strong>omni</strong></span> <span class='ocrx_word' id='word_1_52' title='bbox 2308 773 2708 827; x_wconf 83' lang='lat' dir='ltr'><strong>observatione</strong></span> <span class='ocrx_word' id='word_1_53' title='bbox 2743 773 3094 840; x_wconf 87' lang='lat' dir='ltr'><strong>custodiant;</strong></span> <span class='ocrx_word' id='word_1_54' title='bbox 3128 790 3235 828; x_wconf 92' lang='lat' dir='ltr'><strong>nec</strong></span> <span class='ocrx_word' id='word_1_55' title='bbox 3265 773 3582 845; x_wconf 86' lang='lat' dir='ltr'><strong>quidquam</strong></span> 
     </span>
    </p>
   </div>
   <div class='ocr_carea' id='block_1_7' title="bbox 231 864 3580 938">
    <p class='ocr_par' dir='ltr' id='par_1_7' title="bbox 231 864 3580 938">
     <span class='ocr_line' id='line_1_7' title="bbox 231 864 3580 938; baseline 0.001 -19"><span class='ocrx_word' id='word_1_56' title='bbox 231 864 432 930; x_wconf 85' lang='lat' dir='ltr'><strong>clerici,</strong></span> <span class='ocrx_word' id='word_1_57' title='bbox 463 865 548 918; x_wconf 85' lang='lat' dir='ltr'><strong>vel</strong></span> <span class='ocrx_word' id='word_1_58' title='bbox 585 864 964 934; x_wconf 83' lang='lat' dir='ltr'><strong>provinciales</strong></span> <span class='ocrx_word' id='word_1_59' title='bbox 994 864 1195 930; x_wconf 85' lang='lat' dir='ltr'><strong>nostri,</strong></span> <span class='ocrx_word' id='word_1_60' title='bbox 1227 865 1621 918; x_wconf 87' lang='lat' dir='ltr'><strong>intercedente</strong></span> <span class='ocrx_word' id='word_1_61' title='bbox 1655 868 1851 918; x_wconf 90' lang='lat' dir='ltr'><strong>tamen</strong></span> <span class='ocrx_word' id='word_1_62' title='bbox 1951 864 2124 918; x_wconf 89' lang='lat' dir='ltr'><strong>alium</strong></span> <span class='ocrx_word' id='word_1_63' title='bbox 2161 881 2333 934; x_wconf 89' lang='lat' dir='ltr'><strong>agere</strong></span> <span class='ocrx_word' id='word_1_64' title='bbox 2375 870 2475 919; x_wconf 91' lang='lat' dir='ltr'><strong>aut</strong></span> <span class='ocrx_word' id='word_1_65' title='bbox 2498 865 2778 936; x_wconf 87' lang='lat' dir='ltr'><strong>judicare,</strong></span> <span class='ocrx_word' id='word_1_66' title='bbox 2824 883 2998 937; x_wconf 91' lang='lat' dir='ltr'><strong>quam</strong></span> <span class='ocrx_word' id='word_1_67' title='bbox 3030 870 3091 920; x_wconf 92' lang='lat' dir='ltr'><strong>ut</strong></span> <span class='ocrx_word' id='word_1_68' title='bbox 3119 868 3241 920; x_wconf 68' lang='lat' dir='ltr'><strong>hanc</strong></span> <span class='ocrx_word' id='word_1_69' title='bbox 3272 867 3580 938; x_wconf 66' lang='lat' dir='ltr'><strong>praeceptio</strong></span> 
     </span>
    </p>
   </div>
   <div class='ocr_carea' id='block_1_8' title="bbox 223 957 3583 1029">
    <p class='ocr_par' dir='ltr' id='par_1_8' title="bbox 223 957 3583 1029">
     <span class='ocr_line' id='line_1_8' title="bbox 223 957 3583 1029; baseline 0 -18"><span class='ocrx_word' id='word_1_70' title='bbox 223 959 372 1028; x_wconf 87' lang='lat' dir='ltr'><strong>justo</strong></span> <span class='ocrx_word' id='word_1_71' title='bbox 408 957 777 1027; x_wconf 87' lang='lat' dir='ltr'><strong>possessionis</strong></span> <span class='ocrx_word' id='word_1_72' title='bbox 816 958 1000 1024; x_wconf 90' lang='lat' dir='ltr'><strong>initio,</strong></span> <span class='ocrx_word' id='word_1_73' title='bbox 1033 975 1137 1029; x_wconf 90' lang='lat' dir='ltr'><strong>per</strong></span> <span class='ocrx_word' id='word_1_74' title='bbox 1173 957 1414 1028; x_wconf 82' lang='lat' dir='ltr'><strong>triginta</strong></span> <span class='ocrx_word' id='word_1_75' title='bbox 1439 974 1622 1012; x_wconf 87' lang='lat' dir='ltr'><strong>annos</strong></span> <span class='ocrx_word' id='word_1_76' title='bbox 1652 958 1851 1010; x_wconf 90' lang='lat' dir='ltr'><strong>incon-</strong></span> <span class='ocrx_word' id='word_1_77' title='bbox 1953 957 2266 1011; x_wconf 91' lang='lat' dir='ltr'><strong>secundum</strong></span> <span class='ocrx_word' id='word_1_78' title='bbox 2300 960 2493 1028; x_wconf 91' lang='lat' dir='ltr'><strong>legum</strong></span> <span class='ocrx_word' id='word_1_79' title='bbox 2523 959 2917 1014; x_wconf 85' lang='lat' dir='ltr'><strong>Romanarum</strong></span> <span class='ocrx_word' id='word_1_80' title='bbox 2948 960 3152 1014; x_wconf 90' lang='lat' dir='ltr'><strong>seriem</strong></span> <span class='ocrx_word' id='word_1_81' title='bbox 3185 960 3461 1026; x_wconf 89' lang='lat' dir='ltr'><strong>continet,</strong></span> <span class='ocrx_word' id='word_1_82' title='bbox 3493 959 3583 1013; x_wconf 90' lang='lat' dir='ltr'><strong>vel</strong></span> 
     </span>
    </p>
   </div>
   <div class='ocr_carea' id='block_1_9' title="bbox 230 1048 3578 1124">
    <p class='ocr_par' dir='ltr' id='par_1_9' title="bbox 230 1048 3578 1124">
     <span class='ocr_line' id='line_1_9' title="bbox 230 1048 3578 1124; baseline 0.001 -21"><span class='ocrx_word' id='word_1_83' title='bbox 230 1066 384 1104; x_wconf 89' lang='lat' dir='ltr'><strong>cusso</strong></span> <span class='ocrx_word' id='word_1_84' title='bbox 408 1049 535 1119; x_wconf 89' lang='lat' dir='ltr'><strong>jure</strong></span> <span class='ocrx_word' id='word_1_85' title='bbox 563 1050 884 1119; x_wconf 89' lang='lat' dir='ltr'><strong>possedisse</strong></span> <span class='ocrx_word' id='word_1_86' title='bbox 923 1049 1260 1120; x_wconf 87' lang='lat' dir='ltr'><strong>probantur,</strong></span> <span class='ocrx_word' id='word_1_87' title='bbox 1291 1050 1349 1104; x_wconf 90' lang='lat' dir='ltr'><strong>in</strong></span> <span class='ocrx_word' id='word_1_88' title='bbox 1389 1065 1592 1104; x_wconf 91' lang='lat' dir='ltr'><strong>eorum</strong></span> <span class='ocrx_word' id='word_1_89' title='bbox 1633 1048 1853 1103; x_wconf 91' lang='lat' dir='ltr'><strong>ditione</strong></span> <span class='ocrx_word' id='word_1_90' title='bbox 1954 1066 2118 1102; x_wconf 87' lang='lat' dir='ltr'><strong>sexus</strong></span> <span class='ocrx_word' id='word_1_91' title='bbox 2147 1051 2530 1119; x_wconf 88' lang='lat' dir='ltr'><strong>quarumdam</strong></span> <span class='ocrx_word' id='word_1_92' title='bbox 2564 1053 2825 1121; x_wconf 82' lang='lat' dir='ltr'><strong>gentium</strong></span> <span class='ocrx_word' id='word_1_93' title='bbox 2847 1053 3003 1122; x_wconf 84' lang='lat' dir='ltr'><strong>justa</strong></span> <span class='ocrx_word' id='word_1_94' title='bbox 3034 1053 3256 1124; x_wconf 88' lang='lat' dir='ltr'><strong>antiqui</strong></span> <span class='ocrx_word' id='word_1_95' title='bbox 3275 1053 3421 1123; x_wconf 89' lang='lat' dir='ltr'><strong>juris</strong></span> <span class='ocrx_word' id='word_1_96' title='bbox 3443 1069 3578 1106; x_wconf 92' lang='lat' dir='ltr'><strong>con-</strong></span> 
     </span>
    </p>
   </div>
   <div class='ocr_carea' id='block_1_10' title="bbox 229 1141 3584 1217">
    <p class='ocr_par' dir='ltr' id='par_1_10' title="bbox 229 1141 3584 1217">
     <span class='ocr_line' id='line_1_10' title="bbox 229 1141 3584 1217; baseline 0.001 -21"><span class='ocrx_word' id='word_1_97' title='bbox 229 1155 316 1196; x_wconf 82' lang='lat' dir='ltr'><strong>res</strong></span> <span class='ocrx_word' id='word_1_98' title='bbox 343 1158 598 1212; x_wconf 85' lang='lat' dir='ltr'><strong>possessa</strong></span> <span class='ocrx_word' id='word_1_99' title='bbox 623 1146 995 1212; x_wconf 88' lang='lat' dir='ltr'><strong>permaneat;</strong></span> <span class='ocrx_word' id='word_1_100' title='bbox 1018 1159 1125 1197; x_wconf 90' lang='lat' dir='ltr'><strong>nec</strong></span> <span class='ocrx_word' id='word_1_101' title='bbox 1149 1143 1298 1197; x_wconf 90' lang='lat' dir='ltr'><strong>actio</strong></span> <span class='ocrx_word' id='word_1_102' title='bbox 1329 1143 1505 1196; x_wconf 89' lang='lat' dir='ltr'><strong>tantis</strong></span> <span class='ocrx_word' id='word_1_103' title='bbox 1533 1141 1635 1196; x_wconf 76' lang='lat' dir='ltr'><strong>aevi</strong></span> <span class='ocrx_word' id='word_1_104' title='bbox 1658 1142 1855 1212; x_wconf 91' lang='lat' dir='ltr'><strong>spatiis</strong></span> <span class='ocrx_word' id='word_1_105' title='bbox 1956 1142 2248 1196; x_wconf 90' lang='lat' dir='ltr'><strong>stitutione</strong></span> <span class='ocrx_word' id='word_1_106' title='bbox 2272 1143 2407 1197; x_wconf 90' lang='lat' dir='ltr'><strong>olim</strong></span> <span class='ocrx_word' id='word_1_107' title='bbox 2430 1144 2630 1199; x_wconf 83' lang='lat' dir='ltr'><strong>vixisse</strong></span> <span class='ocrx_word' id='word_1_108' title='bbox 2659 1145 3032 1216; x_wconf 86' lang='lat' dir='ltr'><strong>dignoscitur,</strong></span> <span class='ocrx_word' id='word_1_109' title='bbox 3063 1147 3166 1201; x_wconf 90' lang='lat' dir='ltr'><strong>sub</strong></span> <span class='ocrx_word' id='word_1_110' title='bbox 3193 1146 3387 1217; x_wconf 84' lang='lat' dir='ltr'><strong>aliqua</strong></span> <span class='ocrx_word' id='word_1_111' title='bbox 3405 1149 3584 1201; x_wconf 90' lang='lat' dir='ltr'><strong>teme-</strong></span> 
     </span>
    </p>
   </div>
   <div class='ocr_carea' id='block_1_11' title="bbox 232 1235 2522 1306">
    <p class='ocr_par' dir='ltr' id='par_1_11' title="bbox 232 1235 2522 1306">
     <span class='ocr_line' id='line_1_11' title="bbox 232 1235 2522 1306; baseline 0.001 -18"><span class='ocrx_word' id='word_1_112' title='bbox 232 1236 441 1306; x_wconf 87' lang='lat' dir='ltr'><strong>sepulta</strong></span> <span class='ocrx_word' id='word_1_113' title='bbox 471 1235 708 1289; x_wconf 89' lang='lat' dir='ltr'><strong>ulterius</strong></span> <span class='ocrx_word' id='word_1_114' title='bbox 743 1240 942 1290; x_wconf 86' lang='lat' dir='ltr'><strong>contra</strong></span> <span class='ocrx_word' id='word_1_115' title='bbox 984 1237 1180 1305; x_wconf 86' lang='lat' dir='ltr'><strong>legum</strong></span> <span class='ocrx_word' id='word_1_116' title='bbox 1229 1235 1492 1290; x_wconf 88' lang='lat' dir='ltr'><strong>ordinem</strong></span> <span class='ocrx_word' id='word_1_117' title='bbox 1535 1236 1638 1289; x_wconf 90' lang='lat' dir='ltr'><strong>sub</strong></span> <span class='ocrx_word' id='word_1_118' title='bbox 1665 1235 1857 1305; x_wconf 89' lang='lat' dir='ltr'><strong>aliqua</strong></span> <span class='ocrx_word' id='word_1_119' title='bbox 1953 1235 2122 1289; x_wconf 87' lang='lat' dir='ltr'><strong>ritate</strong></span> <span class='ocrx_word' id='word_1_120' title='bbox 2149 1240 2522 1306; x_wconf 82' lang='lat' dir='ltr'><strong>praesumant.</strong></span> 
     </span>
    </p>
   </div>
   <div class='ocr_carea' id='block_1_12' title="bbox 231 1325 3572 1375">
    <p class='ocr_par' dir='ltr' id='par_1_12' title="bbox 236 1331 3564 1375">
     <span class='ocr_line' id='line_1_12' title="bbox 236 1331 3564 1375; baseline 0.003 0"><span class='ocrx_word' id='word_1_121' title='bbox 236 1331 2926 1375; x_wconf 42' lang='lat' dir='ltr'><strong>_———-——_——‘I</strong></span> <span class='ocrx_word' id='word_1_122' title='bbox 3019 1374 3026 1375; x_wconf 44' lang='grc' dir='ltr'>ί</span> <span class='ocrx_word' id='word_1_123' title='bbox 3555 1373 3564 1375; x_wconf 63' lang='lat'><em>‘</em></span> 
     </span>
    </p>
   </div>
   <div class='ocr_carea' id='block_1_13' title="bbox 787 1459 2911 1959">
    <p class='ocr_par' dir='ltr' id='par_1_13' title="bbox 787 1459 2911 1959">
     <span class='ocr_line' id='line_1_13' title="bbox 787 1459 2911 1959; baseline 0.014 -118"><span class='ocrx_word' id='word_1_124' title='bbox 787 1956 789 1959; x_wconf 9' lang='grc' dir='ltr'>ι</span> 
     </span>
    </p>
   </div>
   <div class='ocr_carea' id='block_1_14' title="bbox 1429 1895 2380 1971">
    <p class='ocr_par' dir='ltr' id='par_1_14' title="bbox 1429 1895 2380 1971">
     <span class='ocr_line' id='line_1_14' title="bbox 1429 1895 2380 1971; baseline 0.001 -5"><span class='ocrx_word' id='word_1_125' title='bbox 1429 1897 1650 1967; x_wconf 82' lang='lat' dir='ltr'><strong>REX</strong></span> <span class='ocrx_word' id='word_1_126' title='bbox 1699 1895 2380 1971; x_wconf 82' lang='lat' dir='ltr'><strong>FRANCORUM.</strong></span> 
     </span>
    </p>
   </div>
   <div class='ocr_carea' id='block_1_15' title="bbox 1199 2090 2602 2168">
    <p class='ocr_par' dir='ltr' id='par_1_15' title="bbox 1199 2090 2602 2168">
     <span class='ocr_line' id='line_1_15' title="bbox 1199 2090 2602 2168; baseline 0.001 -14"><span class='ocrx_word' id='word_1_127' title='bbox 1199 2090 1719 2155; x_wconf 84' lang='lat' dir='ltr'><strong>CHILDEBERTI</strong></span> <span class='ocrx_word' id='word_1_128' title='bbox 1741 2142 1754 2168; x_wconf 92' lang='lat'><strong>,</strong></span> <span class='ocrx_word' id='word_1_129' title='bbox 1804 2091 2292 2155; x_wconf 82' lang='lat' dir='ltr'><strong>FRANCORUM</strong></span> <span class='ocrx_word' id='word_1_130' title='bbox 2348 2091 2602 2167; x_wconf 84' lang='lat' dir='ltr'><strong>REGIS,</strong></span> 
     </span>
    </p>
   </div>
   <div class='ocr_carea' id='block_1_16' title="bbox 1509 2210 2296 2304">
    <p class='ocr_par' dir='ltr' id='par_1_16' title="bbox 1509 2210 2296 2304">
     <span class='ocr_line' id='line_1_16' title="bbox 1509 2210 2296 2304; baseline -0.004 -1"><span class='ocrx_word' id='word_1_131' title='bbox 1509 2210 2296 2304; x_wconf 86' lang='lat' dir='ltr'><strong>CONSTITUTIO.</strong></span> 
     </span>
    </p>
   </div>
   <div class='ocr_carea' id='block_1_17' title="bbox 385 2354 3420 2414">
    <p class='ocr_par' dir='ltr' id='par_1_17' title="bbox 385 2354 3420 2414">
     <span class='ocr_line' id='line_1_17' title="bbox 385 2354 3420 2414; baseline 0.004 -16"><span class='ocrx_word' id='word_1_132' title='bbox 385 2354 461 2399; x_wconf 81' lang='lat' dir='ltr'><strong>DE</strong></span> <span class='ocrx_word' id='word_1_133' title='bbox 501 2356 849 2402; x_wconf 77' lang='lat' dir='ltr'><strong>ABOLENDIS</strong></span> <span class='ocrx_word' id='word_1_134' title='bbox 905 2357 1211 2411; x_wconf 79' lang='lat' dir='ltr'><strong>RELIQUIIS</strong></span> <span class='ocrx_word' id='word_1_135' title='bbox 1261 2359 1721 2414; x_wconf 67' lang='lat' dir='ltr'><strong>IDOLOLATRIzE,</strong></span> <span class='ocrx_word' id='word_1_136' title='bbox 1771 2359 1847 2400; x_wconf 87' lang='lat' dir='ltr'><strong>ET</strong></span> <span class='ocrx_word' id='word_1_137' title='bbox 1889 2358 1968 2400; x_wconf 91' lang='lat' dir='ltr'><strong>DE</strong></span> <span class='ocrx_word' id='word_1_138' title='bbox 2015 2358 2341 2402; x_wconf 80' lang='lat' dir='ltr'><strong>SACRORUM</strong></span> <span class='ocrx_word' id='word_1_139' title='bbox 2395 2359 2627 2404; x_wconf 82' lang='lat' dir='ltr'><strong>DIERUM</strong></span> <span class='ocrx_word' id='word_1_140' title='bbox 2681 2359 3178 2407; x_wconf 79' lang='lat' dir='ltr'><strong>FESTIVITATIBUS</strong></span> <span class='ocrx_word' id='word_1_141' title='bbox 3229 2365 3420 2409; x_wconf 73' lang='lat' dir='ltr'><strong>CASTE</strong></span> 
     </span>
    </p>
   </div>
   <div class='ocr_carea' id='block_1_18' title="bbox 1680 2437 2122 2482">
    <p class='ocr_par' dir='ltr' id='par_1_18' title="bbox 1680 2437 2122 2482">
     <span class='ocr_line' id='line_1_18' title="bbox 1680 2437 2122 2482; baseline -0.002 0"><span class='ocrx_word' id='word_1_142' title='bbox 1680 2437 2099 2482; x_wconf 77' lang='lat' dir='ltr'><strong>CELEBRANDIS</strong></span> <span class='ocrx_word' id='word_1_143' title='bbox 2111 2469 2122 2481; x_wconf 95' lang='lat'><strong>.</strong></span> 
     </span>
    </p>
   </div>
   <div class='ocr_carea' id='block_1_19' title="bbox 1405 2517 2406 2582">
    <p class='ocr_par' dir='ltr' id='par_1_19' title="bbox 1405 2517 2406 2582">
     <span class='ocr_line' id='line_1_19' title="bbox 1405 2517 2406 2582; baseline 0 -14"><span class='ocrx_word' id='word_1_144' title='bbox 1405 2518 1507 2579; x_wconf 87' lang='lat' dir='ltr'><strong>(Ex</strong></span> <span class='ocrx_word' id='word_1_145' title='bbox 1542 2517 1764 2569; x_wconf 69' lang='lat' dir='ltr'><strong>Labbaai</strong></span> <span class='ocrx_word' id='word_1_146' title='bbox 1800 2518 2108 2582; x_wconf 87' lang='lat' dir='ltr'><strong>appendice</strong></span> <span class='ocrx_word' id='word_1_147' title='bbox 2146 2519 2281 2568; x_wconf 89' lang='lat' dir='ltr'><strong>tomi</strong></span> <span class='ocrx_word' id='word_1_148' title='bbox 2318 2518 2406 2581; x_wconf 88' lang='lat' dir='ltr'><strong>V.)</strong></span> 
     </span>
    </p>
   </div>
   <div class='ocr_carea' id='block_1_20' title="bbox 229 2676 3585 2766">
    <p class='ocr_par' dir='ltr' id='par_1_20' title="bbox 229 2676 3585 2766">
     <span class='ocr_line' id='line_1_20' title="bbox 229 2676 3585 2766; baseline 0.006 -37"><span class='ocrx_word' id='word_1_149' title='bbox 229 2676 468 2766; x_wconf 65' lang='lat' dir='ltr'><strong>Epistola</strong></span> <span class='ocrx_word' id='word_1_150' title='bbox 488 2681 887 2766; x_wconf 63' lang='lat' dir='ltr'><strong>clementissimi</strong></span> <span class='ocrx_word' id='word_1_151' title='bbox 913 2689 963 2736; x_wconf 88' lang='lat' dir='ltr'><strong>et</strong></span> <span class='ocrx_word' id='word_1_152' title='bbox 996 2684 1138 2766; x_wconf 61' lang='lat' dir='ltr'><strong>beati</strong></span> <span class='ocrx_word' id='word_1_153' title='bbox 1159 2687 1496 2766; x_wconf 64' lang='lat' dir='ltr'><strong>regisnostrt&#39;</strong></span> <span class='ocrx_word' id='word_1_154' title='bbox 1526 2685 1852 2766; x_wconf 68' lang='lat' dir='ltr'><strong>Childebcrti</strong></span> <span class='ocrx_word' id='word_1_155' title='bbox 1871 2696 1928 2766; x_wconf 78' lang='grc' dir='ltr'><strong>Β</strong></span> <span class='ocrx_word' id='word_1_156' title='bbox 1956 2683 2024 2737; x_wconf 90' lang='lat' dir='ltr'><strong>de</strong></span> <span class='ocrx_word' id='word_1_157' title='bbox 2059 2685 2386 2756; x_wconf 85' lang='lat' dir='ltr'><strong>Evangelio,</strong></span> <span class='ocrx_word' id='word_1_158' title='bbox 2415 2684 2732 2755; x_wconf 87' lang='lat' dir='ltr'><strong>prophetis,</strong></span> <span class='ocrx_word' id='word_1_159' title='bbox 2756 2685 2842 2738; x_wconf 91' lang='lat' dir='ltr'><strong>vel</strong></span> <span class='ocrx_word' id='word_1_160' title='bbox 2867 2686 3138 2755; x_wconf 76' lang='lat' dir='ltr'><strong>Apostolo</strong></span> <span class='ocrx_word' id='word_1_161' title='bbox 3164 2687 3339 2742; x_wconf 89' lang='lat' dir='ltr'><strong>fuerit</strong></span> <span class='ocrx_word' id='word_1_162' title='bbox 3361 2706 3585 2747; x_wconf 37' lang='lat' dir='ltr'><strong>annuus</strong></span> 
     </span>
    </p>
   </div>
   <div class='ocr_carea' id='block_1_21' title="bbox 306 2749 1749 2826">
    <p class='ocr_par' dir='ltr' id='par_1_21' title="bbox 306 2749 1749 2826">
     <span class='ocr_line' id='line_1_21' title="bbox 306 2749 1749 2826; baseline 0.005 -24"><span class='ocrx_word' id='word_1_163' title='bbox 306 2749 435 2804; x_wconf 81' lang='lat' dir='ltr'><strong>data.</strong></span> <span class='ocrx_word' id='word_1_164' title='bbox 454 2767 557 2820; x_wconf 87' lang='lat' dir='ltr'><strong>per</strong></span> <span class='ocrx_word' id='word_1_165' title='bbox 581 2754 827 2807; x_wconf 81' lang='lat' dir='ltr'><strong>ecclesias</strong></span> <span class='ocrx_word' id='word_1_166' title='bbox 853 2749 1322 2816; x_wconf 41' lang='lat' dir='ltr'><strong>sacerdotumfrct</strong></span> <span class='ocrx_word' id='word_1_167' title='bbox 1349 2759 1493 2810; x_wconf 79' lang='lat' dir='ltr'><strong>omni</strong></span> <span class='ocrx_word' id='word_1_168' title='bbox 1533 2757 1749 2826; x_wconf 80' lang='lat' dir='ltr'><strong>populo.</strong></span> 
     </span>
    </p>
   </div>
   <div class='ocr_carea' id='block_1_22' title="bbox 295 2864 1849 2941">
    <p class='ocr_par' dir='ltr' id='par_1_22' title="bbox 295 2864 1849 2941">
     <span class='ocr_line' id='line_1_22' title="bbox 295 2864 1849 2941; baseline 0.004 -22"><span class='ocrx_word' id='word_1_169' title='bbox 295 2864 589 2920; x_wconf 87' lang='lat' dir='ltr'><strong>Credimus</strong></span> <span class='ocrx_word' id='word_1_170' title='bbox 624 2867 751 2937; x_wconf 90' lang='lat' dir='ltr'><strong>hoc,</strong></span> <span class='ocrx_word' id='word_1_171' title='bbox 787 2870 900 2924; x_wconf 90' lang='lat' dir='ltr'><strong>Deo</strong></span> <span class='ocrx_word' id='word_1_172' title='bbox 928 2870 1196 2941; x_wconf 91' lang='lat' dir='ltr'><strong>propitio,</strong></span> <span class='ocrx_word' id='word_1_173' title='bbox 1231 2875 1287 2923; x_wconf 89' lang='lat' dir='ltr'><strong>et</strong></span> <span class='ocrx_word' id='word_1_174' title='bbox 1316 2871 1390 2925; x_wconf 90' lang='lat' dir='ltr'><strong>ad</strong></span> <span class='ocrx_word' id='word_1_175' title='bbox 1419 2874 1674 2925; x_wconf 89' lang='lat' dir='ltr'><strong>nostram</strong></span> <span class='ocrx_word' id='word_1_176' title='bbox 1701 2887 1849 2924; x_wconf 89' lang='lat' dir='ltr'><strong>mer-</strong></span> 
     </span>
    </p>
   </div>
   <div class='ocr_carea' id='block_1_23' title="bbox 231 2955 1854 3034">
    <p class='ocr_par' dir='ltr' id='par_1_23' title="bbox 231 2955 1854 3034">
     <span class='ocr_line' id='line_1_23' title="bbox 231 2955 1854 3034; baseline 0.005 -26"><span class='ocrx_word' id='word_1_177' title='bbox 231 2955 448 3025; x_wconf 88' lang='lat' dir='ltr'><strong>cedem,</strong></span> <span class='ocrx_word' id='word_1_178' title='bbox 487 2964 546 3013; x_wconf 85' lang='lat' dir='ltr'><strong>et</strong></span> <span class='ocrx_word' id='word_1_179' title='bbox 585 2959 659 3014; x_wconf 91' lang='lat' dir='ltr'><strong>ad</strong></span> <span class='ocrx_word' id='word_1_180' title='bbox 694 2962 935 3016; x_wconf 88' lang='lat' dir='ltr'><strong>salutem</strong></span> <span class='ocrx_word' id='word_1_181' title='bbox 971 2964 1166 3034; x_wconf 85' lang='lat' dir='ltr'><strong>populi</strong></span> <span class='ocrx_word' id='word_1_182' title='bbox 1195 2963 1507 3034; x_wconf 86' lang='lat' dir='ltr'><strong>pertinere,</strong></span> <span class='ocrx_word' id='word_1_183' title='bbox 1539 2964 1585 3017; x_wconf 92' lang='lat' dir='ltr'><strong>si</strong></span> <span class='ocrx_word' id='word_1_184' title='bbox 1613 2965 1854 3034; x_wconf 89' lang='lat' dir='ltr'><strong>populus</strong></span> 
     </span>
    </p>
   </div>
   <div class='ocr_carea' id='block_1_24' title="bbox 227 3048 1851 3125">
    <p class='ocr_par' dir='ltr' id='par_1_24' title="bbox 227 3048 1851 3125">
     <span class='ocr_line' id='line_1_24' title="bbox 227 3048 1851 3125; baseline 0.006 -24"><span class='ocrx_word' id='word_1_185' title='bbox 227 3048 576 3106; x_wconf 90' lang='lat' dir='ltr'><strong>Christianus</strong></span> <span class='ocrx_word' id='word_1_186' title='bbox 599 3054 799 3109; x_wconf 89' lang='lat' dir='ltr'><strong>relicta</strong></span> <span class='ocrx_word' id='word_1_187' title='bbox 828 3056 1108 3110; x_wconf 88' lang='lat' dir='ltr'><strong>idolorum</strong></span> <span class='ocrx_word' id='word_1_188' title='bbox 1141 3058 1382 3124; x_wconf 86' lang='lat' dir='ltr'><strong>cultura,</strong></span> <span class='ocrx_word' id='word_1_189' title='bbox 1424 3060 1559 3125; x_wconf 91' lang='lat' dir='ltr'><strong>Deo,</strong></span> <span class='ocrx_word' id='word_1_190' title='bbox 1589 3058 1679 3112; x_wconf 92' lang='lat' dir='ltr'><strong>cui</strong></span> <span class='ocrx_word' id='word_1_191' title='bbox 1710 3057 1851 3110; x_wconf 90' lang='lat' dir='ltr'><strong>inte-</strong></span> 
     </span>
    </p>
   </div>
   <div class='ocr_carea' id='block_1_25' title="bbox 166 3147 1850 3221">
    <p class='ocr_par' dir='ltr' id='par_1_25' title="bbox 166 3147 1850 3221">
     <span class='ocr_line' id='line_1_25' title="bbox 166 3147 1850 3221; baseline 0.005 -27"><span class='ocrx_word' id='word_1_192' title='bbox 166 3192 168 3194; x_wconf 66' lang='lat'><strong>,</strong></span> <span class='ocrx_word' id='word_1_193' title='bbox 229 3157 391 3212; x_wconf 85' lang='lat' dir='ltr'><strong>gram</strong></span> <span class='ocrx_word' id='word_1_194' title='bbox 421 3147 795 3214; x_wconf 88' lang='lat' dir='ltr'><strong>promisimus</strong></span> <span class='ocrx_word' id='word_1_195' title='bbox 831 3148 1030 3216; x_wconf 87' lang='lat' dir='ltr'><strong>ﬁdem,</strong></span> <span class='ocrx_word' id='word_1_196' title='bbox 1060 3149 1116 3202; x_wconf 91' lang='lat' dir='ltr'><strong>in</strong></span> <span class='ocrx_word' id='word_1_197' title='bbox 1146 3154 1427 3220; x_wconf 89' lang='lat' dir='ltr'><strong>quantum</strong></span> <span class='ocrx_word' id='word_1_198' title='bbox 1461 3151 1740 3221; x_wconf 83' lang='lat' dir='ltr'><strong>inspirare</strong></span> <span class='ocrx_word' id='word_1_199' title='bbox 1767 3150 1850 3203; x_wconf 92' lang='lat' dir='ltr'><strong>di-</strong></span> 
     </span>
    </p>
   </div>
   <div class='ocr_carea' id='block_1_26' title="bbox 231 3239 1856 3313">
    <p class='ocr_par' dir='ltr' id='par_1_26' title="bbox 231 3239 1856 3313">
     <span class='ocr_line' id='line_1_26' title="bbox 231 3239 1856 3313; baseline 0.004 -24"><span class='ocrx_word' id='word_1_200' title='bbox 231 3241 434 3305; x_wconf 86' lang='lat' dir='ltr'><strong>gnatus</strong></span> <span class='ocrx_word' id='word_1_201' title='bbox 453 3239 644 3308; x_wconf 87' lang='lat' dir='ltr'><strong>fuerit,</strong></span> <span class='ocrx_word' id='word_1_202' title='bbox 667 3257 808 3311; x_wconf 91' lang='lat' dir='ltr'><strong>pure</strong></span> <span class='ocrx_word' id='word_1_203' title='bbox 833 3241 1117 3296; x_wconf 87' lang='lat' dir='ltr'><strong>deservire</strong></span> <span class='ocrx_word' id='word_1_204' title='bbox 1148 3243 1479 3297; x_wconf 89' lang='lat' dir='ltr'><strong>debeamus.</strong></span> <span class='ocrx_word' id='word_1_205' title='bbox 1513 3245 1580 3297; x_wconf 88' lang='lat' dir='ltr'><strong>Et</strong></span> <span class='ocrx_word' id='word_1_206' title='bbox 1606 3242 1740 3313; x_wconf 89' lang='lat' dir='ltr'><strong>quia</strong></span> <span class='ocrx_word' id='word_1_207' title='bbox 1762 3260 1856 3296; x_wconf 90' lang='lat' dir='ltr'><strong>ne-</strong></span> 
     </span>
    </p>
   </div>
   <div class='ocr_carea' id='block_1_27' title="bbox 229 3334 1856 3407">
    <p class='ocr_par' dir='ltr' id='par_1_27' title="bbox 229 3334 1856 3407">
     <span class='ocr_line' id='line_1_27' title="bbox 229 3334 1856 3407; baseline 0.004 -26"><span class='ocrx_word' id='word_1_208' title='bbox 229 3344 379 3384; x_wconf 91' lang='lat' dir='ltr'><strong>cesse</strong></span> <span class='ocrx_word' id='word_1_209' title='bbox 413 3335 499 3387; x_wconf 91' lang='lat' dir='ltr'><strong>est</strong></span> <span class='ocrx_word' id='word_1_210' title='bbox 521 3337 583 3388; x_wconf 93' lang='lat' dir='ltr'><strong>ut</strong></span> <span class='ocrx_word' id='word_1_211' title='bbox 606 3334 764 3404; x_wconf 87' lang='lat' dir='ltr'><strong>plebs</strong></span> <span class='ocrx_word' id='word_1_212' title='bbox 786 3352 912 3406; x_wconf 82' lang='lat' dir='ltr'><strong>quae</strong></span> <span class='ocrx_word' id='word_1_213' title='bbox 941 3336 1248 3390; x_wconf 89' lang='lat' dir='ltr'><strong>sacerdotis</strong></span> <span class='ocrx_word' id='word_1_214' title='bbox 1268 3341 1619 3407; x_wconf 81' lang='lat' dir='ltr'><strong>praeceptum</strong></span> <span class='ocrx_word' id='word_1_215' title='bbox 1637 3353 1754 3389; x_wconf 94' lang='lat' dir='ltr'><strong>non</strong></span> <span class='ocrx_word' id='word_1_216' title='bbox 1776 3336 1856 3389; x_wconf 89' lang='lat' dir='ltr'><strong>ita</strong></span> 
     </span>
    </p>
   </div>
   <div class='ocr_carea' id='block_1_28' title="bbox 231 3425 1853 3500">
    <p class='ocr_par' dir='ltr' id='par_1_28' title="bbox 231 3425 1853 3500">
     <span class='ocr_line' id='line_1_28' title="bbox 231 3425 1853 3500; baseline 0.002 -23"><span class='ocrx_word' id='word_1_217' title='bbox 231 3425 289 3476; x_wconf 88' lang='lat' dir='ltr'><strong>ut</strong></span> <span class='ocrx_word' id='word_1_218' title='bbox 317 3429 546 3496; x_wconf 89' lang='lat' dir='ltr'><strong>oportet</strong></span> <span class='ocrx_word' id='word_1_219' title='bbox 564 3427 812 3482; x_wconf 90' lang='lat' dir='ltr'><strong>custodit</strong></span> <span class='ocrx_word' id='word_1_220' title='bbox 835 3433 1032 3483; x_wconf 90' lang='lat' dir='ltr'><strong>nostro</strong></span> <span class='ocrx_word' id='word_1_221' title='bbox 1057 3429 1229 3483; x_wconf 89' lang='lat' dir='ltr'><strong>etiam</strong></span> <span class='ocrx_word' id='word_1_222' title='bbox 1253 3430 1572 3500; x_wconf 87' lang='lat' dir='ltr'><strong>corrigatur</strong></span> <span class='ocrx_word' id='word_1_223' title='bbox 1590 3429 1853 3500; x_wconf 90' lang='lat' dir='ltr'><strong>imperio,</strong></span> 
     </span>
    </p>
   </div>
   <div class='ocr_carea' id='block_1_29' title="bbox 229 3514 1853 3593">
    <p class='ocr_par' dir='ltr' id='par_1_29' title="bbox 229 3514 1853 3593">
     <span class='ocr_line' id='line_1_29' title="bbox 229 3514 1853 3593; baseline 0.004 -25"><span class='ocrx_word' id='word_1_224' title='bbox 229 3514 375 3572; x_wconf 90' lang='lat' dir='ltr'><strong>hanc</strong></span> <span class='ocrx_word' id='word_1_225' title='bbox 404 3519 666 3574; x_wconf 88' lang='lat' dir='ltr'><strong>chartam</strong></span> <span class='ocrx_word' id='word_1_226' title='bbox 697 3522 1045 3591; x_wconf 84' lang='lat' dir='ltr'><strong>generaliter</strong></span> <span class='ocrx_word' id='word_1_227' title='bbox 1074 3539 1180 3593; x_wconf 90' lang='lat' dir='ltr'><strong>per</strong></span> <span class='ocrx_word' id='word_1_228' title='bbox 1210 3523 1406 3577; x_wconf 90' lang='lat' dir='ltr'><strong>omnia</strong></span> <span class='ocrx_word' id='word_1_229' title='bbox 1449 3524 1572 3576; x_wconf 92' lang='lat' dir='ltr'><strong>loca</strong></span> <span class='ocrx_word' id='word_1_230' title='bbox 1603 3521 1853 3576; x_wconf 85' lang='lat' dir='ltr'><strong>decrevi-</strong></span> 
     </span>
    </p>
   </div>
   <div class='ocr_carea' id='block_1_30' title="bbox 229 3612 1856 3686">
    <p class='ocr_par' dir='ltr' id='par_1_30' title="bbox 229 3612 1856 3686">
     <span class='ocr_line' id='line_1_30' title="bbox 229 3612 1856 3686; baseline 0.003 -23"><span class='ocrx_word' id='word_1_231' title='bbox 229 3624 352 3664; x_wconf 90' lang='lat' dir='ltr'><strong>mus</strong></span> <span class='ocrx_word' id='word_1_232' title='bbox 363 3612 707 3668; x_wconf 88' lang='lat' dir='ltr'><strong>mittendam</strong></span> <span class='ocrx_word' id='word_1_233' title='bbox 718 3656 730 3680; x_wconf 94' lang='lat'><strong>,</strong></span> <span class='ocrx_word' id='word_1_234' title='bbox 750 3615 1151 3685; x_wconf 74' lang='lat' dir='ltr'><strong>praecipientes</strong></span> <span class='ocrx_word' id='word_1_235' title='bbox 1164 3619 1225 3670; x_wconf 93' lang='lat' dir='ltr'><strong>ut</strong></span> <span class='ocrx_word' id='word_1_236' title='bbox 1237 3615 1560 3686; x_wconf 89' lang='lat' dir='ltr'><strong>quicunque</strong></span> <span class='ocrx_word' id='word_1_237' title='bbox 1575 3615 1856 3670; x_wconf 87' lang='lat' dir='ltr'><strong>admoniti</strong></span> 
     </span>
    </p>
   </div>
   <div class='ocr_carea' id='block_1_31' title="bbox 231 3702 1852 3780">
    <p class='ocr_par' dir='ltr' id='par_1_31' title="bbox 231 3702 1852 3780">
     <span class='ocr_line' id='line_1_31' title="bbox 231 3702 1852 3780; baseline 0.003 -21"><span class='ocrx_word' id='word_1_238' title='bbox 231 3702 300 3759; x_wconf 86' lang='lat' dir='ltr'><strong>de</strong></span> <span class='ocrx_word' id='word_1_239' title='bbox 345 3723 504 3778; x_wconf 87' lang='lat' dir='ltr'><strong>agro,</strong></span> <span class='ocrx_word' id='word_1_240' title='bbox 552 3709 878 3780; x_wconf 88' lang='lat' dir='ltr'><strong>ubicunque</strong></span> <span class='ocrx_word' id='word_1_241' title='bbox 907 3711 1125 3765; x_wconf 86' lang='lat' dir='ltr'><strong>fuerint</strong></span> <span class='ocrx_word' id='word_1_242' title='bbox 1162 3711 1466 3766; x_wconf 89' lang='lat' dir='ltr'><strong>simulacra</strong></span> <span class='ocrx_word' id='word_1_243' title='bbox 1508 3714 1852 3778; x_wconf 89' lang='lat' dir='ltr'><strong>constructa,</strong></span> 
     </span>
    </p>
   </div>
   <div class='ocr_carea' id='block_1_32' title="bbox 228 3800 1854 3871">
    <p class='ocr_par' dir='ltr' id='par_1_32' title="bbox 228 3800 1854 3871">
     <span class='ocr_line' id='line_1_32' title="bbox 228 3800 1854 3871; baseline 0.004 -20"><span class='ocrx_word' id='word_1_244' title='bbox 228 3800 314 3853; x_wconf 86' lang='lat' dir='ltr'><strong>vel</strong></span> <span class='ocrx_word' id='word_1_245' title='bbox 355 3800 509 3856; x_wconf 88' lang='lat' dir='ltr'><strong>idola</strong></span> <span class='ocrx_word' id='word_1_246' title='bbox 546 3801 905 3857; x_wconf 67' lang='lat' dir='ltr'><strong>daemonibus</strong></span> <span class='ocrx_word' id='word_1_247' title='bbox 941 3803 1202 3860; x_wconf 88' lang='lat' dir='ltr'><strong>dedicata</strong></span> <span class='ocrx_word' id='word_1_248' title='bbox 1228 3805 1298 3858; x_wconf 89' lang='lat' dir='ltr'><strong>ab</strong></span> <span class='ocrx_word' id='word_1_249' title='bbox 1326 3805 1673 3871; x_wconf 90' lang='lat' dir='ltr'><strong>hominibus,</strong></span> <span class='ocrx_word' id='word_1_250' title='bbox 1708 3805 1854 3859; x_wconf 88' lang='lat' dir='ltr'><strong>facto</strong></span> 
     </span>
    </p>
   </div>
   <div class='ocr_carea' id='block_1_33' title="bbox 230 3894 1852 3965">
    <p class='ocr_par' dir='ltr' id='par_1_33' title="bbox 230 3894 1852 3965">
     <span class='ocr_line' id='line_1_33' title="bbox 230 3894 1852 3965; baseline 0.004 -20"><span class='ocrx_word' id='word_1_251' title='bbox 230 3907 344 3946; x_wconf 89' lang='lat' dir='ltr'><strong>non</strong></span> <span class='ocrx_word' id='word_1_252' title='bbox 381 3894 576 3948; x_wconf 90' lang='lat' dir='ltr'><strong>statim</strong></span> <span class='ocrx_word' id='word_1_253' title='bbox 621 3895 956 3965; x_wconf 87' lang='lat' dir='ltr'><strong>abjecerint,</strong></span> <span class='ocrx_word' id='word_1_254' title='bbox 1001 3899 1087 3951; x_wconf 91' lang='lat' dir='ltr'><strong>vel</strong></span> <span class='ocrx_word' id='word_1_255' title='bbox 1146 3897 1531 3952; x_wconf 87' lang='lat' dir='ltr'><strong>sacerdotibus</strong></span> <span class='ocrx_word' id='word_1_256' title='bbox 1583 3899 1705 3952; x_wconf 75' lang='lat' dir='ltr'><strong>haec</strong></span> <span class='ocrx_word' id='word_1_257' title='bbox 1754 3897 1852 3952; x_wconf 57' lang='lat' dir='ltr'><strong>de:</strong></span> 
     </span>
    </p>
   </div>
   <div class='ocr_carea' id='block_1_34' title="bbox 1951 2777 3582 2850">
    <p class='ocr_par' dir='ltr' id='par_1_34' title="bbox 1951 2777 3582 2850">
     <span class='ocr_line' id='line_1_34' title="bbox 1951 2777 3582 2850; baseline 0.006 -20"><span class='ocrx_word' id='word_1_258' title='bbox 1951 2777 2178 2843; x_wconf 88' lang='lat' dir='ltr'><strong>tiatum,</strong></span> <span class='ocrx_word' id='word_1_259' title='bbox 2224 2778 2284 2831; x_wconf 91' lang='lat' dir='ltr'><strong>in</strong></span> <span class='ocrx_word' id='word_1_260' title='bbox 2325 2781 2606 2847; x_wconf 88' lang='lat' dir='ltr'><strong>quantum</strong></span> <span class='ocrx_word' id='word_1_261' title='bbox 2646 2779 2791 2831; x_wconf 91' lang='lat' dir='ltr'><strong>Deus</strong></span> <span class='ocrx_word' id='word_1_262' title='bbox 2833 2778 2932 2831; x_wconf 89' lang='lat' dir='ltr'><strong>dat</strong></span> <span class='ocrx_word' id='word_1_263' title='bbox 2955 2779 3332 2850; x_wconf 90' lang='lat' dir='ltr'><strong>intellectum,</strong></span> <span class='ocrx_word' id='word_1_264' title='bbox 3366 2784 3440 2837; x_wconf 91' lang='lat' dir='ltr'><strong>ad</strong></span> <span class='ocrx_word' id='word_1_265' title='bbox 3477 2801 3582 2840; x_wconf 89' lang='lat' dir='ltr'><strong>nos</strong></span> 
     </span>
    </p>
   </div>
   <div class='ocr_carea' id='block_1_35' title="bbox 1954 2870 3581 2945">
    <p class='ocr_par' dir='ltr' id='par_1_35' title="bbox 1954 2870 3581 2945">
     <span class='ocr_line' id='line_1_35' title="bbox 1954 2870 3581 2945; baseline 0.006 -22"><span class='ocrx_word' id='word_1_266' title='bbox 1954 2870 2318 2940; x_wconf 88' lang='lat' dir='ltr'><strong>querimonia</strong></span> <span class='ocrx_word' id='word_1_267' title='bbox 2339 2871 2615 2941; x_wconf 89' lang='lat' dir='ltr'><strong>processit</strong></span> <span class='ocrx_word' id='word_1_268' title='bbox 2635 2871 2817 2925; x_wconf 91' lang='lat' dir='ltr'><strong>multa</strong></span> <span class='ocrx_word' id='word_1_269' title='bbox 2834 2872 3111 2942; x_wconf 88' lang='lat' dir='ltr'><strong>sacrilega</strong></span> <span class='ocrx_word' id='word_1_270' title='bbox 3132 2873 3191 2927; x_wconf 91' lang='lat' dir='ltr'><strong>in</strong></span> <span class='ocrx_word' id='word_1_271' title='bbox 3213 2877 3422 2945; x_wconf 90' lang='lat' dir='ltr'><strong>populo</strong></span> <span class='ocrx_word' id='word_1_272' title='bbox 3438 2877 3581 2945; x_wconf 83' lang='lat' dir='ltr'><strong>ﬁeri,</strong></span> 
     </span>
    </p>
   </div>
   <div class='ocr_carea' id='block_1_36' title="bbox 1958 2964 3581 3036">
    <p class='ocr_par' dir='ltr' id='par_1_36' title="bbox 1958 2964 3581 3036">
     <span class='ocr_line' id='line_1_36' title="bbox 1958 2964 3581 3036; baseline 0.006 -20"><span class='ocrx_word' id='word_1_273' title='bbox 1958 2964 2107 3017; x_wconf 87' lang='lat' dir='ltr'><strong>unde</strong></span> <span class='ocrx_word' id='word_1_274' title='bbox 2140 2965 2285 3018; x_wconf 90' lang='lat' dir='ltr'><strong>Deus</strong></span> <span class='ocrx_word' id='word_1_275' title='bbox 2317 2964 2576 3032; x_wconf 82' lang='lat' dir='ltr'><strong>laedatur,</strong></span> <span class='ocrx_word' id='word_1_276' title='bbox 2602 2970 2656 3019; x_wconf 88' lang='lat' dir='ltr'><strong>et</strong></span> <span class='ocrx_word' id='word_1_277' title='bbox 2684 2965 2927 3035; x_wconf 90' lang='lat' dir='ltr'><strong>populus</strong></span> <span class='ocrx_word' id='word_1_278' title='bbox 2948 2981 3051 3035; x_wconf 92' lang='lat' dir='ltr'><strong>per</strong></span> <span class='ocrx_word' id='word_1_279' title='bbox 3076 2971 3376 3036; x_wconf 88' lang='lat' dir='ltr'><strong>peccatum</strong></span> <span class='ocrx_word' id='word_1_280' title='bbox 3407 2971 3581 3025; x_wconf 90' lang='lat' dir='ltr'><strong>decli-</strong></span> 
     </span>
    </p>
   </div>
   <div class='ocr_carea' id='block_1_37' title="bbox 1956 3057 3584 3132">
    <p class='ocr_par' dir='ltr' id='par_1_37' title="bbox 1956 3057 3584 3132">
     <span class='ocr_line' id='line_1_37' title="bbox 1956 3057 3584 3132; baseline 0.006 -23"><span class='ocrx_word' id='word_1_281' title='bbox 1956 3061 2057 3110; x_wconf 90' lang='lat' dir='ltr'><strong>net</strong></span> <span class='ocrx_word' id='word_1_282' title='bbox 2091 3057 2162 3110; x_wconf 90' lang='lat' dir='ltr'><strong>ad</strong></span> <span class='ocrx_word' id='word_1_283' title='bbox 2206 3060 2487 3123; x_wconf 90' lang='lat' dir='ltr'><strong>mortem;</strong></span> <span class='ocrx_word' id='word_1_284' title='bbox 2532 3061 2727 3111; x_wconf 91' lang='lat' dir='ltr'><strong>noctes</strong></span> <span class='ocrx_word' id='word_1_285' title='bbox 2765 3057 3070 3128; x_wconf 87' lang='lat' dir='ltr'><strong>pervigiles</strong></span> <span class='ocrx_word' id='word_1_286' title='bbox 3112 3076 3242 3114; x_wconf 91' lang='lat' dir='ltr'><strong>cum</strong></span> <span class='ocrx_word' id='word_1_287' title='bbox 3286 3061 3584 3132; x_wconf 84' lang='lat' dir='ltr'><strong>ebrietate,</strong></span> 
     </span>
    </p>
   </div>
   <div class='ocr_carea' id='block_1_38' title="bbox 1956 3150 3584 3226">
    <p class='ocr_par' dir='ltr' id='par_1_38' title="bbox 1956 3150 3584 3226">
     <span class='ocr_line' id='line_1_38' title="bbox 1956 3150 3584 3226; baseline 0.006 -24"><span class='ocrx_word' id='word_1_288' title='bbox 1956 3150 2316 3216; x_wconf 86' lang='lat' dir='ltr'><strong>seurrilitate,</strong></span> <span class='ocrx_word' id='word_1_289' title='bbox 2346 3151 2431 3203; x_wconf 89' lang='lat' dir='ltr'><strong>vel</strong></span> <span class='ocrx_word' id='word_1_290' title='bbox 2450 3150 2703 3216; x_wconf 88' lang='lat' dir='ltr'><strong>canticis,</strong></span> <span class='ocrx_word' id='word_1_291' title='bbox 2731 3151 2904 3204; x_wconf 89' lang='lat' dir='ltr'><strong>etiam</strong></span> <span class='ocrx_word' id='word_1_292' title='bbox 2927 3150 2984 3204; x_wconf 87' lang='lat' dir='ltr'><strong>in</strong></span> <span class='ocrx_word' id='word_1_293' title='bbox 3007 3151 3140 3222; x_wconf 89' lang='lat' dir='ltr'><strong>ipsis</strong></span> <span class='ocrx_word' id='word_1_294' title='bbox 3162 3154 3338 3208; x_wconf 90' lang='lat' dir='ltr'><strong>sacris</strong></span> <span class='ocrx_word' id='word_1_295' title='bbox 3363 3154 3584 3226; x_wconf 88' lang='lat' dir='ltr'><strong>diebus,</strong></span> 
     </span>
    </p>
   </div>
   <div class='ocr_carea' id='block_1_39' title="bbox 1955 3242 3586 3318">
    <p class='ocr_par' dir='ltr' id='par_1_39' title="bbox 1955 3242 3586 3318">
     <span class='ocr_line' id='line_1_39' title="bbox 1955 3242 3586 3318; baseline 0.005 -23"><span class='ocrx_word' id='word_1_296' title='bbox 1955 3243 2191 3308; x_wconf 88' lang='lat' dir='ltr'><strong>Pascha,</strong></span> <span class='ocrx_word' id='word_1_297' title='bbox 2221 3243 2416 3296; x_wconf 86' lang='lat' dir='ltr'><strong>Natale</strong></span> <span class='ocrx_word' id='word_1_298' title='bbox 2438 3242 2683 3308; x_wconf 91' lang='lat' dir='ltr'><strong>Domini,</strong></span> <span class='ocrx_word' id='word_1_299' title='bbox 2709 3247 2765 3295; x_wconf 86' lang='lat' dir='ltr'><strong>et</strong></span> <span class='ocrx_word' id='word_1_300' title='bbox 2787 3244 3019 3314; x_wconf 88' lang='lat' dir='ltr'><strong>reliquis</strong></span> <span class='ocrx_word' id='word_1_301' title='bbox 3049 3245 3470 3318; x_wconf 87' lang='lat' dir='ltr'><strong>festivitatibus,</strong></span> <span class='ocrx_word' id='word_1_302' title='bbox 3501 3251 3586 3305; x_wconf 90' lang='lat' dir='ltr'><strong>vel</strong></span> 
     </span>
    </p>
   </div>
   <div class='ocr_carea' id='block_1_40' title="bbox 1957 3335 3588 3409">
    <p class='ocr_par' dir='ltr' id='par_1_40' title="bbox 1957 3335 3588 3409">
     <span class='ocr_line' id='line_1_40' title="bbox 1957 3335 3588 3409; baseline 0.004 -20"><span class='ocrx_word' id='word_1_303' title='bbox 1957 3335 2297 3389; x_wconf 83' lang='lat' dir='ltr'><strong>adveniente</strong></span> <span class='ocrx_word' id='word_1_304' title='bbox 2330 3335 2420 3388; x_wconf 90' lang='lat' dir='ltr'><strong>die</strong></span> <span class='ocrx_word' id='word_1_305' title='bbox 2448 3335 2741 3390; x_wconf 90' lang='lat' dir='ltr'><strong>Dominico</strong></span> <span class='ocrx_word' id='word_1_306' title='bbox 2762 3336 3116 3391; x_wconf 89' lang='lat' dir='ltr'><strong>dansatrices</strong></span> <span class='ocrx_word' id='word_1_307' title='bbox 3137 3335 3161 3364; x_wconf 78' lang='grc'><strong>⁸</strong></span> <span class='ocrx_word' id='word_1_308' title='bbox 3181 3356 3286 3409; x_wconf 91' lang='lat' dir='ltr'><strong>per</strong></span> <span class='ocrx_word' id='word_1_309' title='bbox 3297 3340 3457 3395; x_wconf 86' lang='lat' dir='ltr'><strong>villas</strong></span> <span class='ocrx_word' id='word_1_310' title='bbox 3471 3359 3588 3396; x_wconf 88' lang='lat' dir='ltr'><strong>am-</strong></span> 
     </span>
    </p>
   </div>
   <div class='ocr_carea' id='block_1_41' title="bbox 1955 3427 3643 3502">
    <p class='ocr_par' dir='ltr' id='par_1_41' title="bbox 1955 3427 3643 3502">
     <span class='ocr_line' id='line_1_41' title="bbox 1955 3427 3643 3502; baseline 0.005 -22"><span class='ocrx_word' id='word_1_311' title='bbox 1955 3427 2172 3481; x_wconf 89' lang='lat' dir='ltr'><strong>bulare.</strong></span> <span class='ocrx_word' id='word_1_312' title='bbox 2221 3429 2348 3480; x_wconf 65' lang='lat' dir='ltr'><strong>Haec</strong></span> <span class='ocrx_word' id='word_1_313' title='bbox 2399 3427 2616 3494; x_wconf 86' lang='lat' dir='ltr'><strong>omnia,</strong></span> <span class='ocrx_word' id='word_1_314' title='bbox 2672 3428 2824 3481; x_wconf 89' lang='lat' dir='ltr'><strong>unde</strong></span> <span class='ocrx_word' id='word_1_315' title='bbox 2872 3430 3018 3483; x_wconf 90' lang='lat' dir='ltr'><strong>Deus</strong></span> <span class='ocrx_word' id='word_1_316' title='bbox 3062 3431 3394 3500; x_wconf 86' lang='lat' dir='ltr'><strong>agnoscitur</strong></span> <span class='ocrx_word' id='word_1_317' title='bbox 3433 3434 3583 3502; x_wconf 63' lang='lat' dir='ltr'><strong>laedi,</strong></span> <span class='ocrx_word' id='word_1_318' title='bbox 3641 3454 3643 3456; x_wconf 87' lang='grc'>·</span> 
     </span>
    </p>
   </div>
   <div class='ocr_carea' id='block_1_42' title="bbox 1957 3521 3582 3595">
    <p class='ocr_par' dir='ltr' id='par_1_42' title="bbox 1957 3521 3582 3595">
     <span class='ocr_line' id='line_1_42' title="bbox 1957 3521 3582 3595; baseline 0.005 -21"><span class='ocrx_word' id='word_1_319' title='bbox 1957 3522 2280 3574; x_wconf 89' lang='lat' dir='ltr'><strong>nullatenus</strong></span> <span class='ocrx_word' id='word_1_320' title='bbox 2312 3521 2435 3574; x_wconf 81' lang='lat' dir='ltr'><strong>ﬁeri</strong></span> <span class='ocrx_word' id='word_1_321' title='bbox 2468 3521 2873 3591; x_wconf 87' lang='lat' dir='ltr'><strong>permittimus.</strong></span> <span class='ocrx_word' id='word_1_322' title='bbox 2901 3522 3232 3594; x_wconf 87' lang='lat' dir='ltr'><strong>Quicunque</strong></span> <span class='ocrx_word' id='word_1_323' title='bbox 3264 3529 3394 3595; x_wconf 89' lang='lat' dir='ltr'><strong>post</strong></span> <span class='ocrx_word' id='word_1_324' title='bbox 3424 3544 3582 3582; x_wconf 87' lang='lat' dir='ltr'><strong>com-</strong></span> 
     </span>
    </p>
   </div>
   <div class='ocr_carea' id='block_1_43' title="bbox 1957 3613 3584 3692">
    <p class='ocr_par' dir='ltr' id='par_1_43' title="bbox 1957 3613 3584 3692">
     <span class='ocr_line' id='line_1_43' title="bbox 1957 3613 3584 3692; baseline 0.006 -25"><span class='ocrx_word' id='word_1_325' title='bbox 1957 3613 2340 3668; x_wconf 89' lang='lat' dir='ltr'><strong>monitionem</strong></span> <span class='ocrx_word' id='word_1_326' title='bbox 2380 3615 2763 3682; x_wconf 89' lang='lat' dir='ltr'><strong>sacerdotum,</strong></span> <span class='ocrx_word' id='word_1_327' title='bbox 2811 3615 2900 3668; x_wconf 86' lang='lat' dir='ltr'><strong>vel</strong></span> <span class='ocrx_word' id='word_1_328' title='bbox 2930 3621 3188 3671; x_wconf 90' lang='lat' dir='ltr'><strong>nostrum</strong></span> <span class='ocrx_word' id='word_1_329' title='bbox 3213 3624 3584 3692; x_wconf 62' lang='lat' dir='ltr'><strong>praeceptum,</strong></span> 
     </span>
    </p>
   </div>
   <div class='ocr_carea' id='block_1_44' title="bbox 1957 3707 3588 3781">
    <p class='ocr_par' dir='ltr' id='par_1_44' title="bbox 1957 3707 3588 3781">
     <span class='ocr_line' id='line_1_44' title="bbox 1957 3707 3588 3781; baseline 0.005 -21"><span class='ocrx_word' id='word_1_330' title='bbox 1957 3707 2258 3778; x_wconf 91' lang='lat' dir='ltr'><strong>sacrilegia</strong></span> <span class='ocrx_word' id='word_1_331' title='bbox 2299 3707 2408 3762; x_wconf 87' lang='lat' dir='ltr'><strong>ista</strong></span> <span class='ocrx_word' id='word_1_332' title='bbox 2447 3711 2783 3778; x_wconf 88' lang='lat' dir='ltr'><strong>perpetrare</strong></span> <span class='ocrx_word' id='word_1_333' title='bbox 2815 3712 3261 3781; x_wconf 65' lang='lat' dir='ltr'><strong>prmsumpserit,</strong></span> <span class='ocrx_word' id='word_1_334' title='bbox 3295 3713 3339 3766; x_wconf 90' lang='lat' dir='ltr'><strong>si</strong></span> <span class='ocrx_word' id='word_1_335' title='bbox 3371 3715 3588 3768; x_wconf 85' lang='lat' dir='ltr'><strong>servilis</strong></span> 
     </span>
    </p>
   </div>
   <div class='ocr_carea' id='block_1_45' title="bbox 1956 3796 3591 3880">
    <p class='ocr_par' dir='ltr' id='par_1_45' title="bbox 1956 3796 3591 3880">
     <span class='ocr_line' id='line_1_45' title="bbox 1956 3796 3591 3880; baseline 0.006 -26"><span class='ocrx_word' id='word_1_336' title='bbox 1956 3817 2204 3872; x_wconf 88' lang='lat' dir='ltr'><strong>persona</strong></span> <span class='ocrx_word' id='word_1_337' title='bbox 2225 3805 2330 3868; x_wconf 89' lang='lat' dir='ltr'><strong>est,</strong></span> <span class='ocrx_word' id='word_1_338' title='bbox 2359 3804 2591 3854; x_wconf 91' lang='lat' dir='ltr'><strong>centum</strong></span> <span class='ocrx_word' id='word_1_339' title='bbox 2624 3801 2770 3855; x_wconf 90' lang='lat' dir='ltr'><strong>ictus</strong></span> <span class='ocrx_word' id='word_1_340' title='bbox 2808 3803 3171 3874; x_wconf 87' lang='lat' dir='ltr'><strong>ﬂagellorum</strong></span> <span class='ocrx_word' id='word_1_341' title='bbox 3212 3809 3274 3859; x_wconf 91' lang='lat' dir='ltr'><strong>ut</strong></span> <span class='ocrx_word' id='word_1_342' title='bbox 3321 3796 3591 3880; x_wconf 87' lang='lat' dir='ltr'><strong>suscipiat</strong></span> 
     </span>
    </p>
   </div>
   <div class='ocr_carea' id='block_1_46' title="bbox 1949 3894 3586 3965">
    <p class='ocr_par' dir='ltr' id='par_1_46' title="bbox 1949 3894 3586 3965">
     <span class='ocr_line' id='line_1_46' title="bbox 1949 3894 3586 3965; baseline 0.005 -17"><span class='ocrx_word' id='word_1_343' title='bbox 1949 3894 2249 3965; x_wconf 83' lang='lat' dir='ltr'><strong>jubemus;</strong></span> <span class='ocrx_word' id='word_1_344' title='bbox 2285 3894 2330 3947; x_wconf 88' lang='lat' dir='ltr'><strong>si</strong></span> <span class='ocrx_word' id='word_1_345' title='bbox 2358 3910 2490 3948; x_wconf 88' lang='lat' dir='ltr'><strong>vero</strong></span> <span class='ocrx_word' id='word_1_346' title='bbox 2518 3894 2822 3964; x_wconf 89' lang='lat' dir='ltr'><strong>ingenuus,</strong></span> <span class='ocrx_word' id='word_1_347' title='bbox 2852 3900 2952 3949; x_wconf 90' lang='lat' dir='ltr'><strong>aut</strong></span> <span class='ocrx_word' id='word_1_348' title='bbox 2980 3897 3316 3952; x_wconf 90' lang='lat' dir='ltr'><strong>honoratior</strong></span> <span class='ocrx_word' id='word_1_349' title='bbox 3343 3901 3586 3956; x_wconf 87' lang='lat' dir='ltr'><strong>fortasse</strong></span> 
     </span>
    </p>
   </div>
   <div class='ocr_carea' id='block_1_47' title="bbox 229 3987 3586 4062">
    <p class='ocr_par' dir='ltr' id='par_1_47' title="bbox 229 3987 3586 4062">
     <span class='ocr_line' id='line_1_47' title="bbox 229 3987 3586 4062; baseline 0.002 -20"><span class='ocrx_word' id='word_1_350' title='bbox 229 3987 580 4041; x_wconf 83' lang='lat' dir='ltr'><strong>struentibus</strong></span> <span class='ocrx_word' id='word_1_351' title='bbox 607 3989 1028 4059; x_wconf 90' lang='lat' dir='ltr'><strong>prohibuerint,</strong></span> <span class='ocrx_word' id='word_1_352' title='bbox 1076 3991 1222 4045; x_wconf 92' lang='lat' dir='ltr'><strong>datis</strong></span> <span class='ocrx_word' id='word_1_353' title='bbox 1268 3991 1698 4061; x_wconf 80' lang='lat' dir='ltr'><strong>ﬁdejussoribus</strong></span> <span class='ocrx_word' id='word_1_354' title='bbox 1741 4008 1854 4045; x_wconf 88' lang='lat' dir='ltr'><strong>non</strong></span> <span class='ocrx_word' id='word_1_355' title='bbox 1898 4060 1926 4062; x_wconf 13' lang='grc' dir='ltr'><strong>,ί</strong></span> <span class='ocrx_word' id='word_1_356' title='bbox 1955 4004 2197 4058; x_wconf 90' lang='lat' dir='ltr'><strong>persona</strong></span> <span class='ocrx_word' id='word_1_357' title='bbox 2211 3992 2315 4055; x_wconf 90' lang='lat' dir='ltr'><strong>est,</strong></span> <span class='ocrx_word' id='word_1_358' title='bbox 2344 3987 2926 4043; x_wconf 88' lang='lat' dir='ltr'><strong>districtainclusioue</strong></span> <span class='ocrx_word' id='word_1_359' title='bbox 2941 3990 3136 4062; x_wconf 90' lang='lat' dir='ltr'><strong>digna.</strong></span> <span class='ocrx_word' id='word_1_360' title='bbox 3157 3991 3297 4047; x_wconf 92' lang='lat' dir='ltr'><strong>Sunt</strong></span> <span class='ocrx_word' id='word_1_361' title='bbox 3318 3993 3375 4046; x_wconf 89' lang='lat' dir='ltr'><strong>hi</strong></span> <span class='ocrx_word' id='word_1_362' title='bbox 3390 3998 3586 4050; x_wconf 88' lang='lat' dir='ltr'><strong>autem</strong></span> 
     </span>
    </p>
   </div>
   <div class='ocr_carea' id='block_1_48' title="bbox 229 4060 3590 4155">
    <p class='ocr_par' dir='ltr' id='par_1_48' title="bbox 229 4060 3590 4155">
     <span class='ocr_line' id='line_1_48' title="bbox 229 4060 3590 4155; baseline 0.004 -25"><span class='ocrx_word' id='word_1_363' title='bbox 229 4078 394 4134; x_wconf 89' lang='lat' dir='ltr'><strong>aliter</strong></span> <span class='ocrx_word' id='word_1_364' title='bbox 421 4081 740 4150; x_wconf 88' lang='lat' dir='ltr'><strong>discedant,</strong></span> <span class='ocrx_word' id='word_1_365' title='bbox 776 4082 883 4136; x_wconf 91' lang='lat' dir='ltr'><strong>nisi</strong></span> <span class='ocrx_word' id='word_1_366' title='bbox 913 4083 972 4136; x_wconf 91' lang='lat' dir='ltr'><strong>in</strong></span> <span class='ocrx_word' id='word_1_367' title='bbox 1018 4084 1227 4138; x_wconf 85' lang='lat' dir='ltr'><strong>nostris</strong></span> <span class='ocrx_word' id='word_1_368' title='bbox 1265 4060 1557 4139; x_wconf 86' lang='lat' dir='ltr'><strong>obtutibus</strong></span> <span class='ocrx_word' id='word_1_369' title='bbox 1600 4101 1852 4155; x_wconf 62' lang='lat' dir='ltr'><strong>prmsen-</strong></span> <span class='ocrx_word' id='word_1_370' title='bbox 1876 4060 1931 4134; x_wconf 68' lang='grc' dir='ltr'><strong>Ο</strong></span> <span class='ocrx_word' id='word_1_371' title='bbox 1959 4081 2016 4135; x_wconf 89' lang='lat' dir='ltr'><strong>in</strong></span> <span class='ocrx_word' id='word_1_372' title='bbox 2079 4081 2475 4152; x_wconf 76' lang='lat' dir='ltr'><strong>pamitentiam</strong></span> <span class='ocrx_word' id='word_1_373' title='bbox 2508 4079 2847 4152; x_wconf 75' lang='lat' dir='ltr'><strong>redigendi,</strong></span> <span class='ocrx_word' id='word_1_374' title='bbox 2897 4086 2958 4136; x_wconf 88' lang='lat' dir='ltr'><strong>ut</strong></span> <span class='ocrx_word' id='word_1_375' title='bbox 2999 4060 3094 4154; x_wconf 83' lang='lat' dir='ltr'><strong>qui</strong></span> <span class='ocrx_word' id='word_1_376' title='bbox 3141 4085 3393 4141; x_wconf 87' lang='lat' dir='ltr'><strong>salubria</strong></span> <span class='ocrx_word' id='word_1_377' title='bbox 3447 4094 3505 4144; x_wconf 91' lang='lat' dir='ltr'><strong>et</strong></span> <span class='ocrx_word' id='word_1_378' title='bbox 3557 4108 3590 4145; x_wconf 86' lang='lat' dir='ltr'><strong>a</strong></span> 
     </span>
    </p>
   </div>
   <div class='ocr_carea' id='block_1_49' title="bbox 228 4174 1856 4249">
    <p class='ocr_par' dir='ltr' id='par_1_49' title="bbox 228 4174 1856 4249">
     <span class='ocr_line' id='line_1_49' title="bbox 228 4174 1856 4249; baseline 0.005 -25"><span class='ocrx_word' id='word_1_379' title='bbox 228 4174 440 4228; x_wconf 87' lang='lat' dir='ltr'><strong>tentur.</strong></span> <span class='ocrx_word' id='word_1_380' title='bbox 475 4174 735 4239; x_wconf 87' lang='lat' dir='ltr'><strong>Qualiter</strong></span> <span class='ocrx_word' id='word_1_381' title='bbox 754 4175 813 4230; x_wconf 91' lang='lat' dir='ltr'><strong>in</strong></span> <span class='ocrx_word' id='word_1_382' title='bbox 835 4176 1144 4249; x_wconf 88' lang='lat' dir='ltr'><strong>sacrilegos</strong></span> <span class='ocrx_word' id='word_1_383' title='bbox 1171 4178 1269 4232; x_wconf 91' lang='lat' dir='ltr'><strong>Dei</strong></span> <span class='ocrx_word' id='word_1_384' title='bbox 1289 4178 1499 4248; x_wconf 88' lang='lat' dir='ltr'><strong>injuria</strong></span> <span class='ocrx_word' id='word_1_385' title='bbox 1517 4178 1856 4246; x_wconf 90' lang='lat' dir='ltr'><strong>vindicetur,</strong></span> 
     </span>
    </p>
   </div>
   <div class='ocr_carea' id='block_1_50' title="bbox 1961 4174 3587 4245">
    <p class='ocr_par' dir='ltr' id='par_1_50' title="bbox 1961 4174 3587 4245">
     <span class='ocr_line' id='line_1_50' title="bbox 1961 4174 3587 4245; baseline 0.006 -16"><span class='ocrx_word' id='word_1_386' title='bbox 1961 4175 2164 4229; x_wconf 91' lang='lat' dir='ltr'><strong>mortis</strong></span> <span class='ocrx_word' id='word_1_387' title='bbox 2198 4174 2449 4245; x_wconf 92' lang='lat' dir='ltr'><strong>periculo</strong></span> <span class='ocrx_word' id='word_1_388' title='bbox 2494 4176 2823 4231; x_wconf 87' lang='lat' dir='ltr'><strong>revocantia</strong></span> <span class='ocrx_word' id='word_1_389' title='bbox 2873 4176 3071 4231; x_wconf 89' lang='lat' dir='ltr'><strong>audire</strong></span> <span class='ocrx_word' id='word_1_390' title='bbox 3119 4179 3294 4234; x_wconf 88' lang='lat' dir='ltr'><strong>verba</strong></span> <span class='ocrx_word' id='word_1_391' title='bbox 3332 4185 3587 4238; x_wconf 89' lang='lat' dir='ltr'><strong>contem-</strong></span> 
     </span>
    </p>
   </div>
   <div class='ocr_carea' id='block_1_51' title="bbox 229 4268 3588 4343">
    <p class='ocr_par' dir='ltr' id='par_1_51' title="bbox 229 4268 3588 4343">
     <span class='ocr_line' id='line_1_51' title="bbox 229 4268 3588 4343; baseline 0.004 -24"><span class='ocrx_word' id='word_1_392' title='bbox 229 4269 490 4322; x_wconf 90' lang='lat' dir='ltr'><strong>nostrum</strong></span> <span class='ocrx_word' id='word_1_393' title='bbox 516 4274 600 4322; x_wconf 89' lang='lat' dir='ltr'><strong>est</strong></span> <span class='ocrx_word' id='word_1_394' title='bbox 626 4271 1112 4340; x_wconf 88' lang='lat' dir='ltr'><strong>pertractandum.</strong></span> <span class='ocrx_word' id='word_1_395' title='bbox 1147 4272 1363 4343; x_wconf 90' lang='lat' dir='ltr'><strong>thuia</strong></span> <span class='ocrx_word' id='word_1_396' title='bbox 1393 4271 1533 4325; x_wconf 88' lang='lat' dir='ltr'><strong>fides</strong></span> <span class='ocrx_word' id='word_1_397' title='bbox 1561 4276 1776 4339; x_wconf 87' lang='lat' dir='ltr'><strong>nostra,</strong></span> <span class='ocrx_word' id='word_1_398' title='bbox 1801 4275 1861 4325; x_wconf 92' lang='lat' dir='ltr'><strong>ut</strong></span> <span class='ocrx_word' id='word_1_399' title='bbox 1959 4273 2124 4335; x_wconf 90' lang='lat' dir='ltr'><strong>nunt,</strong></span> <span class='ocrx_word' id='word_1_400' title='bbox 2174 4268 2455 4322; x_wconf 88' lang='lat' dir='ltr'><strong>cruciatus</strong></span> <span class='ocrx_word' id='word_1_401' title='bbox 2498 4270 2701 4323; x_wconf 89' lang='lat' dir='ltr'><strong>saltem</strong></span> <span class='ocrx_word' id='word_1_402' title='bbox 2739 4271 2995 4341; x_wconf 91' lang='lat' dir='ltr'><strong>corporis</strong></span> <span class='ocrx_word' id='word_1_403' title='bbox 3035 4289 3133 4326; x_wconf 90' lang='lat' dir='ltr'><strong>eos</strong></span> <span class='ocrx_word' id='word_1_404' title='bbox 3161 4273 3235 4328; x_wconf 89' lang='lat' dir='ltr'><strong>ad</strong></span> <span class='ocrx_word' id='word_1_405' title='bbox 3262 4274 3588 4333; x_wconf 88' lang='lat' dir='ltr'><strong>desideran-</strong></span> 
     </span>
    </p>
   </div>
   <div class='ocr_carea' id='block_1_52' title="bbox 227 4359 3214 4436">
    <p class='ocr_par' dir='ltr' id='par_1_52' title="bbox 227 4359 3214 4436">
     <span class='ocr_line' id='line_1_52' title="bbox 227 4359 3214 4436; baseline 0.003 -24"><span class='ocrx_word' id='word_1_406' title='bbox 227 4359 466 4414; x_wconf 87' lang='lat' dir='ltr'><strong>verbum</strong></span> <span class='ocrx_word' id='word_1_407' title='bbox 490 4361 562 4414; x_wconf 92' lang='lat' dir='ltr'><strong>de</strong></span> <span class='ocrx_word' id='word_1_408' title='bbox 584 4361 784 4416; x_wconf 88' lang='lat' dir='ltr'><strong>altario</strong></span> <span class='ocrx_word' id='word_1_409' title='bbox 811 4379 843 4415; x_wconf 91' lang='lat' dir='ltr'><strong>a</strong></span> <span class='ocrx_word' id='word_1_410' title='bbox 867 4364 1161 4420; x_wconf 81' lang='lat' dir='ltr'><strong>sacerdote</strong></span> <span class='ocrx_word' id='word_1_411' title='bbox 1183 4365 1450 4432; x_wconf 85' lang='lat' dir='ltr'><strong>faciente,</strong></span> <span class='ocrx_word' id='word_1_412' title='bbox 1476 4365 1860 4436; x_wconf 86' lang='lat' dir='ltr'><strong>quodcunque</strong></span> <span class='ocrx_word' id='word_1_413' title='bbox 1963 4363 2098 4418; x_wconf 88' lang='lat' dir='ltr'><strong>dam</strong></span> <span class='ocrx_word' id='word_1_414' title='bbox 2131 4362 2342 4416; x_wconf 89' lang='lat' dir='ltr'><strong>mentis</strong></span> <span class='ocrx_word' id='word_1_415' title='bbox 2367 4363 2556 4416; x_wconf 87' lang='lat' dir='ltr'><strong>valeat</strong></span> <span class='ocrx_word' id='word_1_416' title='bbox 2582 4363 2856 4418; x_wconf 89' lang='lat' dir='ltr'><strong>reducere</strong></span> <span class='ocrx_word' id='word_1_417' title='bbox 2887 4365 3214 4421; x_wconf 86' lang='lat' dir='ltr'><strong>sanitatem.</strong></span> 
     </span>
    </p>
   </div>
   <div class='ocr_carea' id='block_1_53' title="bbox 297 4477 3344 4552">
    <p class='ocr_par' dir='ltr' id='par_1_53' title="bbox 297 4477 3344 4552">
     <span class='ocr_line' id='line_1_53' title="bbox 297 4477 3344 4552; baseline 0.002 -19"><span class='ocrx_word' id='word_1_418' title='bbox 297 4477 322 4506; x_wconf 84' lang='grc'><strong><em>⁸</em></strong></span> <span class='ocrx_word' id='word_1_419' title='bbox 352 4481 729 4548; x_wconf 90' lang='lat' dir='ltr'><strong>Dansatrices,</strong></span> <span class='ocrx_word' id='word_1_420' title='bbox 764 4481 872 4536; x_wconf 90' lang='lat' dir='ltr'><strong>hoc</strong></span> <span class='ocrx_word' id='word_1_421' title='bbox 903 4487 986 4537; x_wconf 87' lang='lat' dir='ltr'><strong>est</strong></span> <span class='ocrx_word' id='word_1_422' title='bbox 1011 4484 1342 4551; x_wconf 87' lang='lat' dir='ltr'><strong>saltatrices,</strong></span> <span class='ocrx_word' id='word_1_423' title='bbox 1376 4485 1546 4539; x_wconf 90' lang='lat' dir='ltr'><strong>verbo</strong></span> <span class='ocrx_word' id='word_1_424' title='bbox 1578 4484 1674 4539; x_wconf 94' lang='lat' dir='ltr'><strong>illo</strong></span> <span class='ocrx_word' id='word_1_425' title='bbox 1703 4485 1911 4539; x_wconf 63' lang='lat' dir='ltr'><strong>sreculo</strong></span> <span class='ocrx_word' id='word_1_426' title='bbox 1944 4488 2001 4538; x_wconf 88' lang='lat' dir='ltr'><strong>et</strong></span> <span class='ocrx_word' id='word_1_427' title='bbox 2031 4481 2203 4536; x_wconf 90' lang='lat' dir='ltr'><strong>hodie</strong></span> <span class='ocrx_word' id='word_1_428' title='bbox 2238 4481 2296 4534; x_wconf 91' lang='lat' dir='ltr'><strong>in</strong></span> <span class='ocrx_word' id='word_1_429' title='bbox 2327 4480 2505 4535; x_wconf 89' lang='lat' dir='ltr'><strong>Gallia</strong></span> <span class='ocrx_word' id='word_1_430' title='bbox 2528 4481 2760 4547; x_wconf 89' lang='lat' dir='ltr'><strong>usitato,</strong></span> <span class='ocrx_word' id='word_1_431' title='bbox 2795 4481 2982 4552; x_wconf 90' lang='lat' dir='ltr'><strong>inquit</strong></span> <span class='ocrx_word' id='word_1_432' title='bbox 3007 4483 3344 4539; x_wconf 88' lang='lat' dir='ltr'><strong>Holstenius.</strong></span> 
     </span>
    </p>
   </div>
   <div class='ocr_carea' id='block_1_54' title="bbox 1727 4723 2114 4844">
    <p class='ocr_par' dir='ltr' id='par_1_54' title="bbox 1727 4723 2114 4844">
     <span class='ocr_line' id='line_1_54' title="bbox 1727 4723 2114 4844; baseline -0.008 0"><span class='ocrx_word' id='word_1_433' title='bbox 1727 4723 2114 4844; x_wconf 82' lang='lat' dir='ltr'><strong>VIII.</strong></span> 
     </span>
    </p>
   </div>
   <div class='ocr_carea' id='block_1_55' title="bbox 1089 4904 2747 5130">
    <p class='ocr_par' dir='ltr' id='par_1_55' title="bbox 1089 4904 2747 5130">
     <span class='ocr_line' id='line_1_55' title="bbox 1089 4904 2747 5130; baseline 0.013 -22"><span class='ocrx_word' id='word_1_434' title='bbox 1089 4904 2747 5130; x_wconf 67' lang='lat' dir='ltr'><strong>RECCABEDUS.</strong></span> 
     </span>
    </p>
   </div>
   <div class='ocr_carea' id='block_1_56' title="bbox 1357 5158 2474 5234">
    <p class='ocr_par' dir='ltr' id='par_1_56' title="bbox 1357 5158 2474 5234">
     <span class='ocr_line' id='line_1_56' title="bbox 1357 5158 2474 5234; baseline -0.006 0"><span class='ocrx_word' id='word_1_435' title='bbox 1357 5163 1577 5234; x_wconf 85' lang='lat' dir='ltr'><strong>REX</strong></span> <span class='ocrx_word' id='word_1_436' title='bbox 1629 5158 2474 5234; x_wconf 81' lang='lat' dir='ltr'><strong>VISIGOTHORUM.</strong></span> 
     </span>
    </p>
   </div>
   <div class='ocr_carea' id='block_1_57' title="bbox 430 5354 3399 5622">
    <p class='ocr_par' dir='ltr' id='par_1_57' title="bbox 430 5354 3399 5622">
     <span class='ocr_line' id='line_1_57' title="bbox 430 5354 3399 5622; baseline 0.002 -59"><span class='ocrx_word' id='word_1_437' title='bbox 430 5469 932 5566; x_wconf 87' lang='lat' dir='ltr'><strong>EDICTUM</strong></span> <span class='ocrx_word' id='word_1_438' title='bbox 1002 5475 1156 5565; x_wconf 91' lang='lat' dir='ltr'><strong>DE</strong></span> <span class='ocrx_word' id='word_1_439' title='bbox 1228 5354 2727 5622; x_wconf 45' lang='lat' dir='ltr'><strong>CmflfggﬁlgNBEGlsCONClLll</strong></span> <span class='ocrx_word' id='word_1_440' title='bbox 2799 5471 3399 5588; x_wconf 80' lang='lat' dir='ltr'><strong>TOLETANI.</strong></span> 
     </span>
    </p>
   </div>
   <div class='ocr_carea' id='block_1_58' title="bbox 298 5680 3594 5771">
    <p class='ocr_par' dir='ltr' id='par_1_58' title="bbox 298 5680 3594 5771">
     <span class='ocr_line' id='line_1_58' title="bbox 298 5680 3594 5771; baseline 0.001 -35"><span class='ocrx_word' id='word_1_441' title='bbox 298 5680 747 5740; x_wconf 85' lang='lat' dir='ltr'><strong>Gloriosissimus</strong></span> <span class='ocrx_word' id='word_1_442' title='bbox 790 5687 848 5739; x_wconf 89' lang='lat' dir='ltr'><strong>et</strong></span> <span class='ocrx_word' id='word_1_443' title='bbox 875 5681 1163 5755; x_wconf 88' lang='lat' dir='ltr'><strong>piissimus</strong></span> <span class='ocrx_word' id='word_1_444' title='bbox 1194 5683 1463 5739; x_wconf 90' lang='lat' dir='ltr'><strong>dominus</strong></span> <span class='ocrx_word' id='word_1_445' title='bbox 1490 5689 1688 5740; x_wconf 90' lang='lat' dir='ltr'><strong>noster</strong></span> <span class='ocrx_word' id='word_1_446' title='bbox 1717 5687 1859 5740; x_wconf 81' lang='lat' dir='ltr'><strong>Rec-</strong></span> <span class='ocrx_word' id='word_1_447' title='bbox 1882 5697 1942 5771; x_wconf 70' lang='grc' dir='ltr'><strong>Β</strong></span> <span class='ocrx_word' id='word_1_448' title='bbox 2035 5684 2442 5738; x_wconf 89' lang='lat' dir='ltr'><strong>Universorum</strong></span> <span class='ocrx_word' id='word_1_449' title='bbox 2465 5682 2568 5737; x_wconf 89' lang='lat' dir='ltr'><strong>sub</strong></span> <span class='ocrx_word' id='word_1_450' title='bbox 2598 5683 2764 5754; x_wconf 88' lang='lat' dir='ltr'><strong>regni</strong></span> <span class='ocrx_word' id='word_1_451' title='bbox 2785 5683 2966 5738; x_wconf 88' lang='lat' dir='ltr'><strong>nostri</strong></span> <span class='ocrx_word' id='word_1_452' title='bbox 2987 5687 3266 5756; x_wconf 88' lang='lat' dir='ltr'><strong>potestate</strong></span> <span class='ocrx_word' id='word_1_453' title='bbox 3283 5683 3594 5740; x_wconf 84' lang='lat' dir='ltr'><strong>consisten-</strong></span> 
     </span>
    </p>
   </div>
   <div class='ocr_carea' id='block_1_59' title="bbox 1314 5616 1524 5626">
    <p class='ocr_par' dir='ltr' id='par_1_59' title="bbox 1314 5616 1524 5626">
     <span class='ocr_line' id='line_1_59' title="bbox 1314 5616 1524 5626; baseline 0 -2"><span class='ocrx_word' id='word_1_454' title='bbox 1314 5616 1524 5626; x_wconf 70' lang='lat'><strong>—_—_——_</strong></span> 
     </span>
    </p>
   </div>
   <div class='ocr_carea' id='block_1_60' title="bbox 227 5775 602 5833">
    <p class='ocr_par' dir='ltr' id='par_1_60' title="bbox 227 5775 602 5833">
     <span class='ocr_line' id='line_1_60' title="bbox 227 5775 602 5833; baseline 0.011 -4"><span class='ocrx_word' id='word_1_455' title='bbox 227 5775 468 5830; x_wconf 84' lang='lat' dir='ltr'><strong>caredus</strong></span> <span class='ocrx_word' id='word_1_456' title='bbox 488 5792 602 5833; x_wconf 81' lang='lat' dir='ltr'><strong>rex.</strong></span> 
     </span>
    </p>
   </div>
   <div class='ocr_carea' id='block_1_61' title="bbox 1964 5776 3588 5850">
    <p class='ocr_par' dir='ltr' id='par_1_61' title="bbox 1964 5776 3588 5850">
     <span class='ocr_line' id='line_1_61' title="bbox 1964 5776 3588 5850; baseline 0.001 -18"><span class='ocrx_word' id='word_1_457' title='bbox 1964 5778 2110 5832; x_wconf 92' lang='lat' dir='ltr'><strong>tium</strong></span> <span class='ocrx_word' id='word_1_458' title='bbox 2152 5780 2446 5832; x_wconf 86' lang='lat' dir='ltr'><strong>amatores</strong></span> <span class='ocrx_word' id='word_1_459' title='bbox 2490 5793 2597 5832; x_wconf 86' lang='lat' dir='ltr'><strong>nos</strong></span> <span class='ocrx_word' id='word_1_460' title='bbox 2631 5793 2762 5832; x_wconf 89' lang='lat' dir='ltr'><strong>suos</strong></span> <span class='ocrx_word' id='word_1_461' title='bbox 2805 5777 2994 5832; x_wconf 89' lang='lat' dir='ltr'><strong>divina</strong></span> <span class='ocrx_word' id='word_1_462' title='bbox 3021 5776 3048 5807; x_wconf 77' lang='grc'><strong>⁸</strong></span> <span class='ocrx_word' id='word_1_463' title='bbox 3095 5778 3309 5832; x_wconf 84' lang='lat' dir='ltr'><strong>faciens</strong></span> <span class='ocrx_word' id='word_1_464' title='bbox 3360 5779 3588 5850; x_wconf 84' lang='lat' dir='ltr'><strong>veritas,</strong></span> 
     </span>
    </p>
   </div>
   <div class='ocr_carea' id='block_1_62' title="bbox 300 5889 3428 5970">
    <p class='ocr_par' dir='ltr' id='par_1_62' title="bbox 300 5889 3428 5970">
     <span class='ocr_line' id='line_1_62' title="bbox 300 5889 3428 5970; baseline 0.002 -21"><span class='ocrx_word' id='word_1_465' title='bbox 300 5889 326 5921; x_wconf 83' lang='grc'><strong><em>⁸</em></strong></span> <span class='ocrx_word' id='word_1_466' title='bbox 354 5892 553 5966; x_wconf 82' lang='lat' dir='ltr'><strong>Hard.,</strong></span> <span class='ocrx_word' id='word_1_467' title='bbox 581 5911 647 5951; x_wconf 82' lang='lat' dir='ltr'><strong>ex</strong></span> <span class='ocrx_word' id='word_1_468' title='bbox 675 5896 771 5952; x_wconf 81' lang='lat' dir='ltr'><strong>Ms.</strong></span> <span class='ocrx_word' id='word_1_469' title='bbox 807 5913 820 5952; x_wconf 90' lang='lat'>:</span> <span class='ocrx_word' id='word_1_470' title='bbox 859 5891 1127 5954; x_wconf 73' lang='lat' dir='ltr'><strong>Unioersz’s</strong></span> <span class='ocrx_word' id='word_1_471' title='bbox 1152 5890 1251 5950; x_wconf 86' lang='lat' dir='ltr'><strong>sub</strong></span> <span class='ocrx_word' id='word_1_472' title='bbox 1278 5893 1539 5968; x_wconf 71' lang='lat' dir='ltr'><strong>regimine</strong></span> <span class='ocrx_word' id='word_1_473' title='bbox 1561 5901 1759 5954; x_wconf 56' lang='lat' dir='ltr'><strong>nostra</strong></span> <span class='ocrx_word' id='word_1_474' title='bbox 1781 5899 2067 5970; x_wconf 75' lang='lat' dir='ltr'><strong>potestatis</strong></span> <span class='ocrx_word' id='word_1_475' title='bbox 2093 5896 2518 5953; x_wconf 70' lang='lat' dir='ltr'><strong>consistentibus.</strong></span> <span class='ocrx_word' id='word_1_476' title='bbox 2549 5897 2836 5955; x_wconf 84' lang='lat' dir='ltr'><strong>Amatores</strong></span> <span class='ocrx_word' id='word_1_477' title='bbox 2862 5911 2956 5954; x_wconf 82' lang='lat' dir='ltr'><strong>nos</strong></span> <span class='ocrx_word' id='word_1_478' title='bbox 2977 5898 3069 5956; x_wconf 70' lang='lat' dir='ltr'><strong>sui</strong></span> <span class='ocrx_word' id='word_1_479' title='bbox 3089 5895 3298 5965; x_wconf 72' lang='lat' dir='ltr'><strong>divina,</strong></span> <span class='ocrx_word' id='word_1_480' title='bbox 3319 5901 3428 5956; x_wconf 81' lang='lat' dir='ltr'><strong>etc.</strong></span> 
     </span>
    </p>
   </div>
  </div>
