4088 6488
529 399 664 452 1123

926 393 1177 450 8ᾸΞΟΙΠᾸ
1213 389 1402 448 SEXTI
1443 391 1847 448 SUPPLEM.——
1876 391 1967 446 AD
2002 388 2416 446 SIGEBERTUM
2455 389 2661 446 EPIST.
2702 389 2995 448 CONCILll
3030 385 3495 449 PABJSIENSIS.

3820 385 3970 439 1124

523 502 729 558 nostris
755 499 1144 572 principaliter
1164 499 1420 554 sensibus
1441 499 1754 571 inspiravit,
1785 505 1844 556 ut
1859 517 2030 555 causa
2049 500 2133 554 in-
2153 510 2211 583 Α
2231 502 2437 553 ventur
2461 501 2518 553 et
2543 501 2836 554 maneant.
2866 499 2927 554 ld
2949 502 3055 566 est,
3084 498 3384 570 primum,
3402 495 3488 551 de
3504 491 3970 550 observatione

525 593 846 650 stauranda
862 591 996 647 fidei
1016 609 1082 647 ac
1101 592 1409 662 disciplina
1427 593 2138 664 ecclesiastica,episcopos

527 703 727 742 omnes
751 684 1028 756 Hispania
1053 688 1247 739 nostro
1274 684 1705 754 prasentandos
1729 683 1960 738 culmini
1974 685 2137 755 jube-

525 796 734 834 remus.
762 777 1114 832 Pracedenti
1134 780 1326 831 autem
1352 776 1612 848 diligenti
1641 780 1697 830 et
1725 781 1890 831 cauta
1921 777 2134 831 delibe-

523 871 768 937 ratione,
790 869 903 924 sive
917 885 1043 941 qua
1061 869 1134 923 ad
1153 869 1328 923 fidem
1347 868 1689 924 conveniunt
1705 869 1828 940 [pro
1860 869 1972 923 ﬁde
2006 886 2137 924 vera

523 963 781 1033 faciunt],
801 979 899 1016 seu
911 978 1038 1032 qua
1058 961 1131 1016 ad
1148 977 1372 1016 morum
1384 961 1795 1016 correctionem
1807 961 2134 1032 respiciunt;

526 1073 656 1113 cum
679 1055 833 1110 enim
859 1071 1057 1108 sensus
1081 1053 1408 1108 maturitate
1436 1055 1494 1108 et
1520 1053 1916 1124 intelligentia
1952 1054 2134 1124 gravi-

526 1151 643 1204 tate
676 1150 942 1203 constant
979 1163 1100 1200 esse
1137 1146 1380 1216 digesta,
1408 1149 1600 1200 nostra
1625 1146 1866 1217 proinde
1894 1145 2134 1200 auctori-

525 1244 612 1296 tas
643 1241 701 1295 id
722 1239 988 1294 omnibus
1007 1238 1338 1294 hominibus
1367 1239 1440 1293 ad
1471 1254 1715 1310 regnum
1736 1241 1993 1294 nostrum
2015 1255 2140 1310 per-

525 1331 836 1390 tinentibus
849 1332 1034 1402 jubet,
1059 1333 1122 1385 ut
1140 1329 1186 1384 si
1207 1346 1322 1401 qua
1337 1329 1573 1384 definita
1591 1333 1722 1384 sunt
1735 1329 1792 1384 in
1815 1331 1918 1384 hoc
1942 1332 2137 1384 sancto

528 1425 788 1492 concilio,
811 1424 1006 1478 habito
1029 1423 1086 1477 in
1113 1423 1256 1476 urbe
1281 1423 1570 1490 Toletana,
1594 1439 1746 1476 anno
1764 1422 1931 1493 regni
1959 1422 2139 1476 nostri

528 1516 768 1572 feliciter
791 1518 1014 1586 quarto,
1037 1513 1175 1568 nulli
1192 1517 1557 1567 contemnere
1585 1513 1766 1581 liceat,
1787 1513 1973 1566 nullus
1993 1530 2136 1584 pra-

529 1609 702 1664 terire
722 1610 1055 1678 prasumat;
1075 1605 1320 1676 capitula
1341 1605 1492 1659 enim
1507 1621 1634 1676 qua
1655 1604 1862 1660 nostris
1884 1605 2140 1660 sensibus

528 1701 736 1772 placita
761 1703 818 1753 et
845 1697 1154 1769 disciplina
1187 1712 1440 1766 congrua
1467 1713 1502 1751 a
1525 1697 1791 1766 prasenti
1821 1697 2140 1767 conscripta

529 1797 662 1846 sunt
689 1791 928 1862 synodo,
966 1790 1024 1844 in
1061 1789 1220 1844 omni
1257 1788 1612 1854 auctoritate,
1642 1789 1755 1842 sive
1783 1789 2134 1857 clericorum,

528 1885 642 1938 sive
677 1885 972 1950 laicorum,
1007 1881 1120 1936 sive
1157 1897 1626 1952 quorumcunque
1653 1880 1909 1935 omnium
1943 1882 2134 1936 obser-

2235 591 2493 662 priorum
2506 607 2796 646 canonum
2817 609 2830 659 ;
2849 593 3118 659 alterum,
3133 591 3208 646 de
3239 589 3539 662 symbolo
3562 585 3969 661 proferendo

2232 700 2266 738 a
2283 683 2505 754 populis
2523 683 2583 737 in
2603 683 2843 738 ecclesia
2864 685 3014 753 (Vid.
3043 687 3232 742 Mansi
3251 684 3394 740 Con.
3433 687 3482 738 τ.
3521 684 3637 746 IX,
3673 680 3968 738 001.993).

2305 777 2413 829 Has
2432 792 2633 830 omnes
2653 775 3088 831 constitutiones
3103 775 3583 844 ecclesiasticas,
3605 789 3776 846 quas
3801 789 3972 826 sum-

2233 867 2454 935 matim,
2495 868 2858 940 breviterque
2890 867 3340 940 perstrinximus
3373 867 3575 939 (sicut
3615 865 3885 938 plenius
3911 865 3973 918 in

2235 976 2454 1015 canone
2475 960 2860 1031 continentur)
2879 977 3120 1016 manere
3144 960 3404 1033 perenni
3433 958 3802 1014 stabilitate
3828 973 3972 1011 san-

2236 1052 2434 1106 cimus.
2471 1053 2528 1108 Si
2555 1053 2681 1123 quis
2710 1069 2844 1108 vero
2869 1053 3134 1121 clericus,
3165 1057 3272 1108 aut
3297 1052 3502 1108 laicus
3549 1052 3797 1106 harum
3830 1066 3973 1105 san-

2236 1144 2488 1199 ctionum
2508 1145 2782 1200 obediens
2802 1161 2924 1200 esse
2945 1145 3204 1200 noluerit
3225 1144 3571 1217 [obediens
3596 1143 3976 1200 observator

2236 1253 2356 1292 esse
2389 1237 2660 1305 noluerit,
2702 1239 2950 1310 superba
2983 1238 3178 1294 fronte
3215 1238 3542 1308 majorum
3573 1236 3842 1292 statutis
3873 1253 3971 1291 re-

2237 1329 2552 1401 pugnans];
2607 1329 2653 1384 si
2693 1331 3015 1402 episcopus,
3061 1331 3403 1402 presbyter,
3460 1329 3814 1396 diaconus,
3876 1333 3977 1383 aut

2237 1421 2472 1476 clericus
2497 1422 2688 1490 fuerit,
2722 1423 2794 1477 ab
2821 1423 2980 1478 omni
3011 1423 3266 1478 concilio
3300 1421 3975 1478 excommunicationi

2238 1513 2552 1584 subjaceat;
2587 1514 2633 1568 si
2659 1531 2792 1570 vero
2822 1515 3000 1570 laicus
3043 1515 3246 1583 fuerit,
3288 1517 3353 1570 et
3394 1515 3810 1570 honestioris
3855 1515 3973 1570 loci

2239 1621 2482 1676 persona
2501 1609 2606 1673 est,
2622 1605 2993 1661 medietatem
3014 1607 3372 1662 facultatum
3393 1623 3677 1663 suarum
3698 1607 3972 1673 amittat,

2238 1697 2593 1768 fiscijuribus
2615 1699 3012 1770 profuturam;
3047 1699 3094 1754 si
3131 1715 3275 1755 vero
3313 1699 3660 1755 inferioris
3689 1699 3812 1756 loci
3841 1716 3975 1772 per-

2239 1807 2381 1844 sona
2403 1795 2505 1856 est,
2537 1791 2847 1846 amissione
2876 1808 3074 1846 rerum
3111 1809 3366 1848 suarum
3400 1794 3726 1850 multatus
3769 1793 3840 1849 in
3873 1809 3971 1849 ex-

2240 1881 2362 1935 silio
2393 1882 2714 1952 deputetur.
2745 1885 3062 1952 Sequuntur
3081 1886 3566 1955 subscriptiones.

1447 2067 2980 2468 SIGEBHEBTUS.

1724 2489 1946 2558 REX
1998 2487 2670 2562 FRANCORUM.

531 2599 3970 2639 ἢ

1721 2681 1827 2744 AD
1873 2681 2370 2747 SIGEBERTUM
2414 2683 2684 2748 REGEM

1216 2798 1758 2894 EPISTOLA
1855 2799 2345 2894 CONCILII
2449 2803 3155 2899 PABISIENSIS
3180 2873 3211 2919 ,

1748 2947 1915 2992 ANNO
1952 2948 2194 2992 camsn
2228 2935 2344 2994 573
2377 2941 2648 3012 HABm'.

1575 3025 1658 3087 Ut
1695 3027 1992 3090 Promotz'
2029 3045 2298 3089 causam
2339 3047 2470 3091 non
2511 3029 2841 3109 defendat.

610 3187 852 3244 Domino
881 3184 1310 3257 gloriosissimo,
1337 3188 1507 3256 atque
1537 3189 1748 3240 sancta
1778 3186 2037 3241 Ecclesia
2064 3203 2151 3241 ca—
2169 3200 2225 3272 Β
2249 3190 2367 3244 tam
2397 3189 2642 3244 obscena
2666 3193 2725 3244 et
2753 3189 3016 3246 Ecclesia
3039 3191 3336 3250 universa
3360 3194 3696 3252 contraria
3718 3214 3987 3254 consen-

539 3282 764 3336 tholica
806 3281 942 3348 filio,
991 3279 1288 3349 Sigeherto
1327 3277 1471 3349 regi,
1518 3278 1799 3349 Sapudus,
1837 3279 2148 3350 Philippus,

539 3374 778 3439 Priscus,
804 3371 1174 3438 Constitutus,
1205 3371 1418 3438 Laban,
1446 3371 1620 3438 Felix,
1652 3371 1790 3425 item
1821 3372 1992 3441 Felix,
2021 3373 2154 3426 Ger-

539 3483 760 3532 manus,
802 3463 1114 3529 Lucretius,
1153 3462 1560 3528 Clementinus,
1616 3463 1904 3534 Syagrius,
1964 3463 2150 3518 Gallo-

540 3573 806 3628 magnus,
821 3555 1076 3626 Optatus,
1091 3554 1370 3622 Salonius,
1384 3555 1524 3608 item
1542 3555 1818 3624 Salonius,
1833 3555 2150 3624 Quinidius,

539 3651 857 3714 Promotus,
890 3647 1176 3714 Silvester,
1205 3647 1494 3714 Genesius,
1516 3647 1818 3715 Polemius,
1849 3648 2150 3717 Palladius,

539 3742 746 3809 Victor,
787 3739 1145 3811 Sagittarius,
1178 3739 1584 3806 Aunacharius,
1636 3740 1960 3811 Hesychius,
1989 3741 2152 3796 Clau-

543 3834 761 3900 dianus,
795 3831 1135 3898 Desiderius,
1181 3831 1488 3899 Heraclius,
1517 3832 1831 3899 Tetradius,
1854 3834 2153 3904 Pappolus,

541 3925 806 3993 Licerius,
833 3928 892 3978 et
918 3923 1333 3991 Leudobaudis,
1360 3923 1628 3995 episcopi.

613 4018 903 4083 Quantum
931 4013 1206 4070 ineffabili
1232 4015 1440 4086 gaudio
1467 4015 1722 4087 synodali
1749 4017 1986 4072 concilio
2016 4033 2158 4072 nun-

543 4112 736 4178 tiatur,
769 4107 1240 4180 quandoquidem
1259 4123 1292 4160 a
1312 4107 1592 4162 catholico
1613 4107 1868 4179 principe
1890 4126 1980 4163 res
2012 4125 2156 4164 nova

544 4220 650 4276 pro
663 4201 966 4257 dilectione
975 4199 1181 4258 Christi
1195 4199 1534 4272 concipitur,
1551 4202 1774 4255 tantum
1789 4201 2157 4257 lamentabile

546 4293 1070 4365 exsecrandumque
1098 4295 1380 4360 censetur,
1424 4283 1555 4346 cum
1585 4291 1645 4346 in
1689 4293 1935 4348 Ecclesia
1963 4298 2158 4350 sancta

545 4390 744 4444 contra
754 4388 934 4442 Deum
949 4388 1214 4440 etcontra
1225 4401 1503 4440 canonum
1517 4385 1870 4456 disciplinam
1885 4386 2157 4442 dissensio

545 4483 873 4554 generatur.
922 4479 1110 4549 Nuper
1143 4477 1356 4532 etenim
1403 4494 1518 4532 non
1555 4477 1765 4548 absque
1796 4478 2157 4533 conniventia

2251 3281 2416 3350 sistis,
2440 3282 2510 3335 ab
2536 3282 2869 3353 hujusmodi
2891 3284 3150 3340 scandali
3180 3285 3561 3343 defensione
3601 3290 3991 3347 sinceritatis

2251 3377 2448 3428 vestra
2489 3375 2903 3431 conscientiam
2947 3377 3216 3450 expietis,
3241 3379 3390 3450 quia
3422 3382 3632 3437 satius
3663 3389 3769 3439 est
3791 3389 3866 3439 ut
3893 3385 3991 3439 ille

2253 3467 2351 3537 qui
2387 3467 2713 3522 ambitionis
2757 3469 3034 3525 instinctu
3078 3487 3212 3526 rem
3233 3475 3369 3527 tam
3397 3475 3736 3532 nefariam
3775 3478 3994 3534 dolosa.

2253 3558 2565 3616 ambitione
2595 3563 2888 3632 competit,
2923 3579 3028 3634 per
3056 3564 3554 3622 satisfactionem
3589 3571 3993 3641 pa-nitentia

2252 3655 2475 3706 reatum
2504 3669 2670 3707 suum
2689 3653 2924 3710 abluere
2938 3657 3358 3727 compellatur,
3385 3676 3595 3731 quam
3634 3667 3860 3720 vestra
3884 3681 3992 3737 pu-

2253 3743 2390 3798 ritas
2421 3744 2596 3814 (quod
2625 3749 2843 3800 avertat
2873 3747 3170 3820 Divinitas)
3205 3750 3394 3821 hujus
3429 3753 3756 3811 facinoris
3779 3761 3992 3814 conta-

2255 3836 2426 3907 gione
2445 3838 2784 3893 maculetur.
2806 3840 2877 3894 Et
2897 3841 3034 3912 quia
3058 3842 3230 3896 nobis
3251 3859 3522 3901 necesse
3559 3848 3696 3904 fuit
3721 3855 3802 3906 ut
3825 3851 3996 3922 juxta

2253 3945 2542 3983 canonum
2594 3930 2896 3986 constituta
2951 3949 3223 4004 persona
3290 3939 3674 3997 temeraria
3738 3944 3996 3999 deberet

2256 4021 2628 4092 prasumptio
2657 4024 2928 4092 coerceri,
2960 4025 3096 4081 ideo
3119 4027 3326 4083 salutis
3357 4030 3774 4106 obsequium
3813 4037 3998 4109 digno

2254 4112 2314 4168 in
2338 4114 2556 4170 Christo
2584 4115 2962 4172 ofﬁciositatis
2992 4122 3052 4174 et
3081 4121 3450 4179 reverentia
3485 4128 3679 4184 cultu
3719 4131 3994 4202 praeben-

2255 4209 2358 4274 tes,
2401 4206 2684 4278 poscimus
2720 4211 2784 4263 ut
2821 4226 2942 4278 vos,
2982 4228 3131 4283 quos
3162 4213 3325 4268 Deus
3351 4220 3421 4270 et
3447 4220 3759 4278 culmine
3789 4225 3996 4296 praci-

2254 4315 2395 4370 puos
2433 4303 2491 4354 et
2531 4300 2854 4356 sinceritate
2903 4305 3218 4374 praclaros
3264 4324 3400 4365 esse
3456 4318 3821 4388 pracepit,
3875 4336 3994 4374 non

2257 4409 2638 4462 quocumque,
2683 4397 2784 4448 aut
2829 4412 3324 4471 quorumcunque
3360 4405 3704 4464 temerato
3737 4412 3993 4468 concilio

2259 4484 2333 4538 ad
2363 4484 2710 4540 defensauda
2753 4487 3089 4558 hujusmodi
3119 4493 3416 4550 scandala
3450 4499 3826 4575 misceatis,
3864 4507 3997 4577 quia

545 4573 742 4646 gloria
771 4575 991 4637 vestra,
1021 4570 1164 4624 sicut
1190 4569 1496 4636 credimus,
1537 4570 1753 4625 evocati
1793 4571 2034 4626 Parisios
2069 4550 2233 4626 ve-C
2257 4578 2436 4632 Deum
2475 4579 2681 4632 sufﬁcit
2718 4597 2908 4648 nosse,
2957 4597 3058 4636 vos
3097 4600 3510 4658 nequaquam
3543 4550 3826 4665 penitus,
3851 4550 3996 4653 λειω

541 4667 996 4736 nientes,novam
1013 4660 1442 4734 inauditamque
1459 4662 1882 4718 ordinationem
1895 4663 1952 4717 in
1967 4666 2159 4720 Castro

545 4759 817 4825 Dunensi,
843 4756 1110 4829 parochia
1133 4755 1381 4826 denique
1407 4756 1732 4824 Carnotina,
1757 4757 1968 4810 factam
1987 4755 2160 4812 fuisse

547 4851 932 4922 cognovimus.
967 4849 1148 4913 Quam
1173 4864 1297 4902 rem
1327 4848 1460 4902 licet
1484 4847 1571 4901 vix
1597 4848 1832 4902 credere
1861 4865 2160 4920 possumus

546 4960 676 4998 cum
701 4959 980 4998 consensu
1003 4940 1197 5012 gloria
1217 4944 1417 4994 vestra
1447 4939 1569 4994 ﬁeri
1593 4941 1864 5010 potuisse,
1889 4945 2085 4996 tamen
2113 4941 2160 4996 si

548 5037 933 5107 cujuscunque
976 5050 1149 5105 prava
1193 5034 1558 5104 suggestione
1601 5033 1893 5104 praventi,
1943 5034 2001 5088 in
2053 5035 2159 5088 hac

619 5151 644 5180 ⁸
674 5154 734 5209 Id
758 5153 943 5224 ipsum
958 5152 1209 5224 videtur,
1219 5151 1305 5224 cuj
1315 5168 1376 5205 us
1391 5169 1424 5224 a
1436 5151 1707 5224 Gregorio
1724 5151 2036 5224 Turonensi
2057 5153 2155 5224 lib.

549 5239 622 5288 1v,
646 5241 767 5292 cap.
779 5221 847 5276 ’41
863 5265 876 5289 ,
891 5224 954 5276 ﬁt
967 5222 1183 5276 mentio
1197 5222 1283 5275 his
1296 5221 1508 5276 verbis:
1530 5243 1558 5271 «
1574 5223 1713 5276 Cum
1731 5223 2157 5292 autem,inquit,

549 5291 836 5348 contentio
870 5293 1018 5347 inter
1050 5293 1463 5347 Guntramnum
1505 5295 1562 5362 et
1600 5291 1960 5362 Sigebertum
1993 5291 2160 5362 reges

547 5367 881 5428 verteretur,
904 5365 1284 5441 Guntramnus
1302 5378 1398 5441 rex
1419 5361 1570 5441 apud
1585 5361 1823 5441 Parisios
1839 5379 2044 5441 omnes
2048 5361 2162 5433 epi-

549 5449 747 5502 scopos
759 5433 920 5502 regni
933 5433 1018 5486 sui
1038 5437 1368 5502 congregat,
1383 5436 1445 5485 ut
1455 5433 1603 5485 inter
1617 5433 2050 5502 utrosque,quid
2063 5450 2156 5486 ve-

549 5504 686 5557 ritas
705 5503 960 5569 haberet,
997 5503 1332 5568 ediscerent,
1359 5505 1464 5555 etc.
1491 5502 1823 5556 SinuONuus.
1842 5534 1907 5542 ——
1936 5504 2079 5557 Cum
2102 5503 2160 5557 in

549 5573 726 5630 Gallia
756 5573 970 5626 bellum
997 5572 1156 5625 civile
1188 5571 1630 5638 recrudesceret,
1661 5572 2042 5626 Guntramnus
2067 5590 2159 5627 rex

588 5646 946 5698 rocreaverat
981 5645 1044 5695 ut
1085 5641 1308 5696 Parisiis
1345 5641 1647 5696 concilium
1683 5643 2086 5708 celebraretur,
2115 5643 2160 5697 si

573 5719 694 5770 ’ortc
734 5731 837 5791 per
876 5711 1264 5791 sanctissimos
1306 5712 1596 5791 episcopos
1627 5729 1718 5766 res
1752 5713 1967 5791 absque
2009 5713 2158 5791 bello

551 5781 818 5855 componi
832 5784 1251 5855 posset.Verum
1271 5781 1370 5834 ubi
1389 5781 1564 5855 semel
1577 5799 1667 5855 res
1685 5783 1858 5836 armis
1869 5781 1964 5855 agi
1978 5787 2162 5855 capta

553 5851 1096 5922 {uia—ecclesiastica
1125 5853 1284 5922 leges
1309 5851 1544 5906 omnino
1574 5852 1870 5910 siluerunt.
1901 5851 1996 5909 Ait
2029 5851 2160 5912 Gre-

2257 4674 2455 4725 contra
2495 4687 2590 4724 vos
2631 4671 2886 4726 divinam
2926 4673 3292 4732 iracundiam
3338 4691 3762 4752 promoveri.
3815 4691 3997 4749 Annis

2256 4764 2450 4818 multis
2494 4762 2736 4833 gloriam
2781 4766 2951 4835 regni
2996 4770 3176 4824 vestri
3228 4777 3527 4842 potentia
3579 4781 3813 4839 divina
3865 4802 3996 4840 cum

2259 4855 2421 4910 omni
2449 4855 2718 4912 felicitate
2749 4863 3072 4928 conservet,
3119 4862 3346 4919 domne
3390 4869 3900 4952 gloriosissime,
3942 4883 3996 4932 et

2260 4948 2788 5019 pracellentissime
2821 4949 3063 5007 domne.

2327 5045 2638 5111 Sequuntur
2662 5043 3106 5114 subscriptiones.

2259 5152 2454 5236 gorius
2471 5153 2542 5236 de
2570 5152 2746 5233 gestis
2766 5153 3132 5236 Francorum
3157 5157 3265 5236 1ib._
3294 5175 3355 5215 IV
3386 5179 3538 5236 cap.
3575 5170 3662 5226 47
3693 5180 3762 5230 et
3789 5176 3890 5236 48,
3911 5177 3994 5232 his

2258 5221 2612 5304 temporibus
2631 5224 2904 5304 accidisse
2923 5229 2987 5279 ut
3007 5227 3382 5304 Chilpericus
3403 5221 3531 5304 per
3569 5221 3991 5303 611555351};

2257 5293 2715 5390 T‘heodoberturp
2736 5293 3193 5390 Turonensibus,
3227 5293 3792 5390 PictaviensiBG;

2258 5363 2798 5444 aliarum‘civitatum
2818 5367 3072 5444 ecclesiis
3092 5359 3387 5440 magnam

2257 5434 2545 5515 Hanchille
2595 5434 2788 5515 paucis
2824 5434 3274 5515 perstringens,
3318 5444 3403 5499 sic
3453 5449 3552 5504 ait
3575 5434 3973 5515 *εΗ-«ξ

2259 5503 2478 5584 evertit,
2521 5503 2785 5586 ecclesias
2819 5503 3122 5586 incendit:
3129 5503 3482 5586 ministeria
3510 5503 3994 5586 detrahi-vela:

2293 5573 2302 5583 .
2458 5574 2468 5584 .
2683 5574 2693 5584 .
3070 5573 3097 5588 ..
3195 5582 3205 5592 ,
3548 5573 3847 5605 γλήνη,
3892 5573 3969 5586 νη

2259 5576 3127 5672 51.39.53.lnl‘irg.‘ffz.’3‘393§§?§iaf
3153 5588 3732 5672 ΣΞῈῬῗυηέἑίθὲιοιῑ,
3766 5603 3993 5672 Puella3

2525 5648 2584 5744 et
2607 5650 2809 5744 cuncta
2830 5646 3130 5744 devastat;
3159 5652 3397 5744 fuitque
3415 5643 3994 5744 iud't'éﬁibSI-‘J

2251 5714 2348 5838 {pr
2376 5714 2435 5768 in
2463 5715 2712 5769 ecclesiis
2740 5717 3014 5785 gemitus,
3031 5714 3219 5790 quam
3245 5714 3545 5799 tempore

2309 5785 2613 5838 locletiani.
2643 5808 2674 5837 »
2895 5788 3221 5838 Barom'um,
3257 5813 3417 5838 anno
3448 5804 3571 5838 K71:
3607 5811 3629 5838 \

2309 5785 2613 5841 iocletiani.
2643 5808 2674 5837 »
2709 5787 2872 5858 (Vide
2895 5785 3228 5864 Beronium,
3257 5785 3417 5856 ann‘o
3448 5785 3629 5880 sie?)

3447 5872 3620 5936 δεῖν(
3640 5879 3886 5944 Bmms.
