3936 6318
274 268 338 328 15
498 220 503 223 μ
576 288 585 296 ⁴
1076 254 1617 347 COMMENTARIUS
1657 258 1721 316 lN
1760 258 2158 317 ZACIIARIAM
2202 258 2635 319 PROPHETAM.
3450 266 3514 321 N

274 390 373 443 οὐκ
416 382 797 439 ἀναπόδεικτον
844 382 999 450 ἀφεὶς
1038 382 1119 445 είς
1160 381 1222 434 τὸ
1265 380 1492 449 ἀτρεκὲς
1530 378 1622 431 τον
1668 376 1844 445 λόγον,

1958 376 2165 431 ritatem
2209 354 2685 433 indemonstratam
2731 377 3017 449 relinquit,
3059 379 3151 433 sed
3189 394 3253 433 ex
3294 378 3361 435 iis
3396 395 3516 449 qme

277 478 389 533 ἀλλ’
421 477 481 541 ἑξ
503 470 579 529 ὧν
604 474 705 546 ήδη
748 474 1103 544 πεπείρανται
1146 473 1237 526 καὶ
1268 471 1599 525 πεπόνθασιν
1620 511 1633 534 ,
1664 470 1744 523 δτι
1771 468 1844 539 μὴ

1958 467 2054 529 iam
2085 468 2291 537 experti
2326 469 2677 540 perpessique
2703 478 2849 537 sunt,
2877 484 2936 525 se
2962 470 3185 526 minime
3211 469 3403 525 falsum
3436 470 3512 525 In-
3574 516 3617 527 _.

278 570 389 622 ἔστι
422 565 725 637 ψευδοεπής
776 564 1111 633 ἀποφαίνων.
1153 563 1252 633 Eia)
1287 564 1394 634 γὰρ
1428 563 1493 617 ἀν
1533 561 1592 616 οὐ
1624 561 1721 630 τῆς
1753 578 1845 613 τυ-

275 658 478 732 χούσης
514 657 941 727 ἀγανακτήσεως
963 654 1182 720 ἔνδειξις
1218 655 1278 707 τὸ
1304 656 1510 724 ἐφεῖναι
1536 655 1645 715 τοῖς
1670 650 1846 704 Βαϐυ-

275 752 488 814 λωνίοις
522 749 869 821 καταδῃῶσαι
913 749 1011 819 μὲν
1045 749 1264 801 ἃπασαν
1307 749 1406 817 τὴν
1440 746 1695 799 Ἰουδαίαν
1755 745 1849 797 καὶ

280 847 373 898 σὺν
403 844 540 914 αὐτῇ
568 842 666 914 τὴν
696 841 1027 912 Σαμάρειαν.
1061 840 1445 913 κατεμπρῆσαι
1485 837 1541 891 δὲ
1586 839 1681 891 καὶ
1711 836 1849 891 αὐτά

278 940 343 991 τὰ
373 937 525 1004 ἅγια,
553 934 648 988 καὶ
690 932 1041 1000 κατασκάψαι
1077 932 1177 1003 τὴν
1226 930 1578 1001 Ἰερουσαλήμ
1602 946 1614 958 ·
1644 930 1737 983 καὶ
1758 928 1849 981 τὸν

279 1027 574 1081 ἀπόλεκτον
616 1023 829 1093 Ἰσραὴλ
872 1023 1146 1092 ἀποφῆναι
1189 1022 1456 1092 μέτοικον,
1497 1019 1728 1091 οἰκτρῶς
1757 1019 1850 1072 καὶ

278 1117 526 1180 ἐλεεινῶς
552 1116 610 1169 ὲν
631 1114 899 1185 ἀλλοδαπῇ
934 1111 1271 1176 δουλεύοντα,
1299 1114 1389 1165 καὶ
1419 1112 1696 1165 δύσοιστον
1725 1112 1852 1164 ὑπο-

281 1207 513 1278 μένοντα
558 1206 657 1277 τὴν
688 1204 1087 1273 ταλαιπωρίαν,
1121 1205 1215 1258 καὶ
1262 1204 1565 1274 ἀπτόμενον
1615 1202 1715 1272 μὲν
1753 1200 1849 1254 Θυ-

281 1300 413 1354 σιῶν
443 1299 647 1365 οὐκέτι,
705 1299 804 1352 οὐκ
836 1298 1008 1368 αὐλῆς
1057 1296 1186 1351 είσω
1232 1294 1501 1367 φοιτῶντα
1541 1299 1642 1368 τῆς
1677 1297 1849 1368 ἱερᾶς,

278 1394 377 1447 οὐκ
403 1391 754 1463 εὐχαριστίαν
776 1390 1116 1461 προσάγοντα
1149 1388 1289 1444 κατά
1311 1390 1495 1460 νόμον,
1529 1389 1564 1461 ἢ
1598 1388 1848 1452 δεκάτας,

281 1485 313 1557 ἢ
345 1484 619 1555 ἀπαρχάς·
656 1483 972 1554 είργόμενον
999 1481 1055 1533 δὲ
1104 1481 1180 1546 ὡς
1214 1481 1272 1548 ἐξ
1310 1482 1575 1553 ἀνάγκης,
1621 1480 1715 1533 καὶ
1752 1479 1850 1548 φό-

282 1577 398 1639 ϐου,
427 1577 523 1629 καὶ
560 1572 658 1628 τοῦ
685 1577 882 1645 χρῆναι
923 1572 1096 1626 τελεῖν
1131 1571 1231 1635 τάς
1272 1572 1666 1644 νενομισμένας
1705 1569 1852 1641 αὑτῷ

284 1667 380 1720 καὶ
410 1665 674 1734 φιλτάτας
697 1664 908 1736 ἑορτάς.
939 1664 1147 1718 Οὐκοῦν
1175 1684 1194 1715 ι
1239 1663 1495 1735 Ὼργίσθη
1524 1665 1726 1735 Κύριος
1758 1664 1852 1717 ἐπὶ

282 1759 403 1822 τοὺς
434 1758 679 1828 πατέρας
709 1756 885 1809 αὐτῶν
910 1755 1080 1827 ὀργὴν
1111 1755 1373 1826 μεγάλην.
1422 1773 1441 1807 ι

362 1929 716 2000 Ἐπιφωνήσῃ
743 1928 784 1980 δ’
808 1928 873 1982 ἀν
900 1943 985 1992 τις
1013 1928 1082 1982 τά
1111 1927 1289 1981 τοιάδε
1322 1927 1414 1981 καὶ
1436 1928 1546 1990 τοῖς
1584 1926 1853 1991 Ἰουδαίοις

280 2022 496 2094 δήμοις,
526 2020 683 2092 εἴπερ
716 2019 889 2073 ἕλοιτο
939 2021 1318 2090 μυσταγωγεῖν
1364 2020 1458 2071 ἐπὶ
1507 2018 1569 2071 τὸ
1612 2016 1850 2090 Χριστοῦ

287 2112 599 2185 μυστήριον.
618 2109 834 2181 Ἐπειδὴ
847 2112 954 2179 γάρ
966 2109 1428 2172 ἀπεκτόνασιτοὺς
1444 2110 1744 2180 προφήτας,
1758 2108 1854 2162 καὶ

288 2206 449 2259 αὑτὸν
478 2205 533 2258 δὲ
554 2204 644 2257 τὸν
672 2202 877 2274 Κύριον
902 2202 1003 2273 τῆς
1019 2201 1177 2273 δόξης
1197 2201 1571 2273 ἐσταύρωσαν,
1608 2201 1853 2255 ἑάλωσαν

289 2298 383 2352 καὶ
405 2295 798 2368 πεπόρθηνται.
817 2294 1154 2365 Κατεσείσθη
1171 2294 1226 2348 δὲ
1246 2294 1338 2348 καὶ
1354 2294 1511 2357 αὐτὸς
1530 2294 1558 2347 ὁ
1573 2293 1856 2365 διαϐόητος

287 2390 445 2455 νεὼς,
474 2392 568 2443 καὶ
592 2389 947 2459 πεπλήρωται
972 2387 1159 2441 λοιπὸν
1202 2387 1288 2441 ἐπ’
1322 2388 1503 2452 αὐτοῖς
1531 2388 1591 2441 τὸ
1620 2387 1709 2440 διά
1742 2403 1855 2455 φωο

225 2454 233 2479 1
287 2484 378 2554 νῆς
419 2481 580 2551 Ὠσηὲ
600 2497 614 2511 ·
654 2500 673 2532 ι
706 2454 830 2534 Ὅτι
861 2479 1076 2550 ἡμέρας
1116 2478 1317 2543 πολλάς
1346 2479 1722 2533 καθίσονταιοί
1748 2454 1855 2530 elo!

296 2570 535 2644 Ἰσραὴλ,
564 2571 662 2624 οὐκ
703 2570 856 2633 ὄντος
892 2568 1174 2639 βασιλέως,
1214 2568 1335 2622 οὐδὲ
1374 2568 1526 2633 ὄντος
1570 2568 1851 2639 ἄρχοντος,

282 2667 381 2718 οὐκ
432 2663 604 2733 οῠσης
650 2661 857 2726 Θυσίας,
911 2660 1030 2713 οὐδὲ
1072 2660 1229 2724 ὄντος
1275 2659 1682 2730 Θυσιαστηρίου,
1731 2658 1855 2712 οὗτε

288 2754 580 2827 ἱερατείας,
625 2751 747 2807 οὔτε
791 2751 985 2822 δήλων.
1018 2768 1035 2800 ι
1069 2751 1191 2804 Ὅτι
1237 2750 1294 2803 δέ
1320 2751 1457 2803 εἰσιν
1497 2750 1853 2820 αἰχμάλωτοι,

286 2849 376 2901 καὶ
400 2846 506 2899 ὑπὸ
528 2846 685 2916 χεῖρα
703 2844 840 2905 τέως
863 2841 1171 2911 διαϐολικὴν
1194 2842 1695 2913 προσκεκρουκότες
1715 2840 1854 2912 Θεῷ,

288 2939 376 2991 καὶ
403 2936 830 3008 ἀπερριμμένοι,
859 2934 953 2987 καὶ
972 2933 1189 3003 ἀπάσης
1219 2931 1322 2999 ἔξω
1354 2931 1569 3001 φειδοῦς
1596 2934 1692 3003 τῆς
1713 2931 1853 2986 ἀνω-

1947 558 2041 628 qui
2074 559 2329 614 ostendit.
2359 559 2675 617 Certissima
2702 561 2846 617 enim
2875 576 2982 616 non
3014 561 3405 632 qualiscunque
3437 562 3517 616 in-

1948 650 2272 718 dignationis
2312 660 2693 721 argumentum
2733 662 2817 708 est
2856 651 3167 723 Babyloniis
3208 654 3516 709 universam

1947 739 2219 806 Judmam,
2246 750 2303 797 et
2331 757 2453 797 cum
2485 756 2548 799 ea
2576 742 2735 799 simul
2767 743 3071 800 Samariam
3102 744 3248 801 ferro
3277 746 3519 799 ﬂamma-

1950 846 2054 901 que
2089 832 2496 901 devastandam,
2531 846 2790 905 praeterea
2827 838 2938 907 ipsa
2976 837 3171 893 Sancta
3206 848 3520 894 sanctorum

1950 925 2276 991 cremanda,
2327 935 2381 982 et
2430 927 2857 999 Hierosolymam
2903 930 3245 985 evertendam
3293 943 3517 985 conces-

1950 1014 2086 1069 sisse
2124 1032 2136 1068 :
2177 1016 2406 1071 electum
2450 1017 2699 1075 lsraelem
2744 1021 3042 1078 reddidisse
3084 1024 3425 1094 peregrinum
3467 1035 3521 1077 et

1951 1108 2239 1173 advenam,
2275 1110 2328 1166 in
2369 1112 2541 1167 aliena
2577 1113 2794 1184 regione
2827 1117 3025 1172 misere
3055 1125 3111 1172 et
3142 1117 3522 1173 miserabiliter

1951 1198 2294 1264 servientem,
2334 1210 2387 1256 et
2432 1217 2669 1257 :erumna
2716 1204 3042 1261 intolerabili
3085 1206 3518 1271 conﬂictandam,

1953 1302 2055 1341 non
2089 1289 2317 1359 amplius
2346 1293 2631 1349 sacrificiis
2659 1294 2877 1351 dantem
2908 1310 3155 1366 operam,
3184 1312 3289 1352 non
3322 1297 3521 1351 atrium

1952 1389 2199 1434 sanctum
2245 1381 2659 1452 ingredientem,
2705 1401 2805 1442 nec
2852 1388 3078 1458 gratias,
3123 1396 3215 1442 aut
3258 1388 3521 1454 decimas,

1952 1482 2043 1525 aut
2070 1472 2336 1542 primitias
2363 1476 2656 1531 secundum
2686 1478 2833 1548 leges
2857 1478 3196 1547 oli'erentem,
3222 1480 3524 1536 necessita-

1953 1570 2134 1633 teque,
2180 1579 2243 1620 ac
2289 1566 2481 1623 timore
2526 1572 2899 1637 constrictum,
2942 1587 2972 1626 a
3020 1572 3348 1629 solemnibus
3396 1572 3523 1635 sibi,

1953 1655 2415 1726 optatissimisque
2464 1659 2655 1715 diebus
2705 1660 3043 1718 celebrandis
3092 1663 3451 1719 abstinentem
3506 1681 3520 1717 :

1881 1737 1924 1792 Β
1959 1760 1980 1794 ι
2016 1742 2190 1799 Iratus
2221 1754 2307 1801 est
2338 1761 2466 1817 ergo
2498 1747 2757 1807 Dominus
2789 1761 2974 1807 contra
3008 1762 3188 1823 patres
3221 1769 3409 1811 eorum
3444 1756 3521 1811 ira

1953 1848 2163 1902 magna.
2202 1852 2225 1889 ι

2024 1921 2152 1978 Tale
2178 1924 2445 1995 quispiam
2474 1937 2529 1982 et
2552 1927 2858 1986 Judaeorum
2888 1933 3098 2003 populis
3126 1933 3451 2002 occiuuerit,
3476 1936 3522 1991 si

1952 2013 2079 2069 hinc
2101 2029 2358 2071 arcanum
2380 2017 2583 2075 Christi
2610 2023 2925 2092 mysterium
2950 2025 3145 2081 docere
3168 2024 3350 2084 libeat.
3369 2026 3526 2085 Post-

1953 2120 2114 2176 quam
2141 2109 2287 2164 enim
2316 2112 2632 2167 occiderunt
2660 2115 2951 2185 prophetas
2973 2118 3013 2185 ί,
3045 2127 3099 2174 et
3132 2120 3305 2190 ipsum
3340 2122 3523 2177 Domi-

1955 2214 2081 2255 num
2111 2200 2295 2271 gloriae
2322 2202 2374 2258 in
2402 2218 2617 2261 crucem
2646 2212 2929 2278 egerunt',
2954 2212 3096 2282 capti
3126 2226 3189 2267 ac
3218 2213 3520 2285 subjugati;

1953 2296 2010 2342 et
2046 2289 2302 2360 templum
2340 2292 2514 2363 ipsum
2554 2293 2697 2350 fama
2737 2312 2899 2368 super
2932 2301 3136 2356 aethera
3177 2312 3360 2358 notum
3402 2320 3525 2375 pro.

1954 2389 2211 2449 stratum,
2244 2391 2299 2439 et
2327 2384 2582 2456 deinceps
2614 2388 2666 2442 in
2704 2388 2771 2444 iis
2804 2390 3081 2461 impletum
3112 2404 3227 2460 est,
3259 2399 3401 2466 quod
3434 2414 3528 2453 ex-

1954 2479 2061 2525 stat
2093 2473 2230 2542 apud
2261 2472 2455 2530 Oscam
2480 2497 2490 2532 :
2512 2493 2530 2528 ι
2554 2475 2689 2544 Quia
2720 2478 2908 2535 diebus
2928 2481 3110 2537 multis
3141 2485 3402 2540 sedebunt
3432 2486 3524 2540 ﬂlii

1954 2561 2117 2615 lsrael
2147 2562 2265 2619 sine
2295 2578 2448 2635 rege,
2478 2567 2595 2622 sine
2626 2568 2897 2639 principe,
2931 2572 3047 2626 sine
3076 2574 3377 2643 sacriﬁcio,
3408 2579 3527 2632 sine

1956 2653 2135 2718 altari,
2164 2655 2281 2710 sine
2310 2658 2635 2725 sacerdotio,
2663 2660 2781 2714 sine
2810 2662 3111 2718 manifestis
3130 2666 3151 2695 ³
3205 2683 3223 2717 ι
3258 2666 3391 2723 Esse
3426 2684 3524 2723 au-

1956 2754 2064 2800 tem
2101 2761 2196 2802 eos
2232 2763 2373 2804 nunc
2410 2751 2673 2819 captivos,
2710 2761 2763 2806 et
2799 2754 2899 2807 sub
2933 2763 3199 2824 potestate
3236 2757 3523 2828 diabolica,

1956 2836 2160 2893 on'enso
2194 2837 2334 2903 Deo,
2364 2852 2420 2896 et
2447 2841 2517 2895 ab
2550 2841 2665 2911 ipso
2696 2843 2965 2915 abiectos,
2997 2854 3051 2901 et
3082 2847 3408 2921 benignitate
3437 2868 3527 2907 su-

1954 2939 2121 2994 perna
2167 2928 2425 2996 spoliatos
2467 2930 2701 2987 dubitari
2749 2948 2852 2989 non
2897 2946 3095 3005 potest.
3137 2937 3290 3007 Quod
3333 2942 3377 2996 si
3423 2944 3526 2996 ali~

282 3032 374 3084 Θεν
393 3029 698 3100 γεγονότες,
728 3027 842 3091 πῶς
866 3025 930 3079 ἂν
951 3025 1244 3079 ὲνδοιάσειέ
1265 3041 1381 3090 τις;
1413 3024 1473 3077 Εἰ
1494 3025 1548 3078 δὲ
1573 3024 1637 3095 δὴ
1658 3024 1852 3095 λυτρω-

1961 3019 2174 3087 quando
2216 3017 2518 3077 libertatem
2563 3025 2841 3081 consecuti
2888 3025 3123 3095 fuerint,
3163 3030 3324 3102 655
3369 3030 3527 3088 [idem

282 3124 423 3176 θεῖεν
455 3121 599 3174 κατὰ
652 3118 898 3189 καιροὺς,
937 3117 1340 3188 προσηκάμενω
1384 3117 1480 3189 τὴν
1525 3118 1728 3182 πίστιν,
1762 3120 1852 3171 καὶ

1958 3109 2257 3180 complexi,
2288 3120 2343 3165 et
2372 3110 2593 3169 Christo
2629 3130 2726 3184 pro
2762 3116 2899 3185 Deo,
2937 3126 3181 3191 eLrege.
3212 3132 3265 3177 et
3303 3122 3528 3179 Domino

285 3211 518 3284 Χριστὸν
566 3206 1002 3279 ἐπιγραψάμενοι
1040 3205 1174 3258 Θεόν
1221 3222 1281 3259 τε
1329 3205 1426 3259 καὶ
1482 3204 1727 3275 βασιλέα,
1762 3207 1855 3259 καὶ

286 3304 511 3374 Κύριον,
545 3300 667 3353 τότε
713 3296 798 3367 δὴ,
836 3297 977 3360 τότε,
1007 3294 1101 3349 καὶ
1134 3293 1280 3365 μάλα
1310 3294 1555 3358 εἰκότως,
1590 3294 1761 3364 σοφὴν
1789 3294 1856 3348 ἀν

282 3410 363 3456 τις
392 3391 479 3445 ἐπ’
506 3390 687 3452 αὐτοῖς
714 3387 999 3457 ποιήσαιτο
1026 3386 1125 3456 τὴν
1157 3388 1496 3457 παραίνεσιν,
1523 3389 1615 3440 ἐπὶ
1664 3387 1855 3457 καιροῦ

284 3484 454 3537 ταῦτα
486 3482 662 3549 λέγων
683 3497 696 3511 ·
739 3497 759 3530 ι
809 3476 1068 3549 Ὠργίσοη
1100 3476 1305 3549 Κύριος
1336 3477 1430 3531 ἐπὶ
1458 3480 1581 3541 τοὺς
1612 3478 1854 3549 πατέρας

279 3562 437 3647 ὓμῶν
465 3573 635 3646 ὀργὴν
664 3572 926 3643 μεγάλην.

352 3665 461 3719 Καὶ
516 3662 670 3732 ἐρεῖς
724 3662 875 3731 πρὸς
923 3662 1143 3728 αὐτούς
1168 3677 1186 3693 ο
1244 3659 1389 3715 Τάδε
1432 3658 1594 3727 λέγει
1640 3660 1855 3728 Κύριος

284 3753 738 3821 παντοκράτωρ·
781 3750 1205 3819 Ἐπιστρέψατε
1261 3752 1412 3818 πρός
1450 3766 1547 3819 με,
1579 3753 1679 3803 καὶ
1730 3750 1856 3803 ἐπι-

280 3844 707 3915 στραφήσομαι
752 3843 901 3912 πρὸς
942 3842 1118 3911 ῠμᾱςι
1165 3840 1327 3911 λέγει
1380 3842 1597 3909 Κύριος
1638 3856 1855 3894 παι-το.

288 3936 535 4005 κράτωρ,
564 3934 663 3988 καί
679 3932 761 4003 μὴ
789 3934 1028 4002 γίνεσθε
1056 3931 1248 3997 καθὼς
1270 3930 1372 4003 [ot]
1398 3930 1648 3998 πατέρες
1666 3928 1852 4000 ὑμῶν,

287 4025 373 4092 οἷς
407 4025 785 4080 ἐνεκάλεσαν
824 4024 1029 4089 αὐτοῖς
1073 4026 1128 4078 οι
1170 4020 1465 4092 προφῆται
1494 4022 1853 4093 ἔμπροσθεν,

284 4121 597 4188 λέγον-τες·
633 4115 775 4171 Ίϊῐδε
804 4114 964 4185 λέγει
993 4114 1205 4181 Κύριος
1242 4114 1676 4188 παντοκράτωρ·
1698 4114 1856 4167 Ἀπο-

285 4211 582 4280 στρέψατε
619 4208 737 4263 ἀπὸ
762 4205 880 4261 τῶν
906 4206 1061 4262 ὁδῶν
1083 4208 1250 4278 ὑμῶν
1280 4206 1398 4261 τῶν
1430 4204 1730 4274 πονηρῶν,
1757 4205 1855 4259 καί

281 4302 401 4358 ἀπὸ
441 4300 562 4355 τῶν
628 4298 1108 4369 ἐπιτηδευμάτων
1159 4298 1327 4368 ὑμῶν
1374 4296 1493 4352 τῶν
1554 4296 1852 4365 πονηρῶν.

283 4395 395 4449 Kal
441 4395 516 4448 οὐ
557 4391 913 4461 προσέσχον
947 4391 1054 4446 τοῦ
1085 4389 1472 4461 ,εἰσακοῦσαι
1514 4407 1656 4459 μου,
1689 4389 1850 4456 λέγει
1884 4416 1929 4472 D

281 4488 518 4554 Κύριος.

352 4573 427 4629 Γ’.
467 4572 927 4644 Ἀνακεκλημένοι
961 4572 1103 4644 γὰρ,
1135 4571 1211 4635 ὡς
1242 4570 1396 4642 ἔφην,
1439 4572 1505 4624 ἐκ
1553 4572 1651 4640 τῆς
1688 4572 1853 4640 αίχμ-

281 4666 541 4730 αλωσίας,
570 4665 667 4719 καὶ
692 4664 1081 4735 ἀνατρέχοντες
1095 4665 1174 4725 είς
1192 4663 1292 4732 τὴν
1314 4660 1596 4727 Ἰουδαίαν,
1619 4661 1852 4732 ρᾁυμοι

280 4760 539 4828 γεγόνασι
564 4760 692 4827 περὶ
727 4756 790 4810 τὸ
810 4755 1001 4810 δοκοῦν
1024 4753 1103 4824 τῷ
1123 4753 1262 4824 Θεῷ,
1284 4753 1378 4806 καὶ
1402 4752 1643 4815 εἰδώλοις
1670 4752 1767 4822 μὲν
1790 4753 1852 4805 οὐ

283 4848 638 4918 προσέκειντο
682 4846 839 4909 τέως,
866 4843 991 4898 οὕτε
1037 4845 1143 4915 μὴν
1180 4843 1278 4915 τὴν
1308 4842 1542 4915 ἀρχαίαν
1572 4841 1858 4913 προσίεντο

281 4940 489 5009 πλάνην
507 4955 520 4967 ο
554 4938 694 5009 πλὴν
722 4937 840 4991 καθ’
867 4936 1084 5010 ἑτέρους
1109 4936 1391 5007 ἡλίσκοντο
1424 4934 1857 5007 παροτρύνοντες

280 5029 638 5099 τρόπους.Ὡς
678 5028 788 5100 γὰρ
831 5029 889 5081 ὲν
930 5027 1011 5098 τῷ
1034 5027 1236 5098 Ἔσδρα
1267 5025 1594 5097 γέγραπται,
1628 5024 1723 5078 καὶ
1757 5041 1855 5094 γυ-

284 5122 448 5186 ναίοις
495 5119 819 5191 ἀλλοφύλοις
864 5118 1286 5190 ὲπιμεμίγοντο·
1342 5117 1438 5171 καὶ
1484 5116 1585 5181 τὰς
1630 5118 1695 5170 ὲκ
1746 5116 1855 5169 τῶν

285 5218 489 5289 ὁμόρων
524 5215 696 5269 ἐθνῶν
734 5214 1173 5285 εἰσοικισάμενοι,
1199 5212 1402 5266 τέκνων
1421 5211 1713 5283 ἀλλοτρίων
1742 5227 1848 5264 πα-

282 5310 431 5378 τέρες
461 5310 743 5379 γεγόνασι,
772 5308 950 5363 καίτοι
994 5306 1089 5361 τοῦ
1138 5306 1304 5379 νόμου
1335 5305 1396 5358 τὸ
1438 5308 1627 5377 χρῆμα
1666 5305 1848 5367 αὐτοῖς

282 5399 353 5467 ιΞις
389 5400 617 5453 ἔκτοπον
670 5401 1102 5468 ἀποιράσκοντος.
1137 5396 1496 5469 Κατημέλουν
1536 5396 1594 5449 δὲ
1632 5398 1724 5450 καὶ
1753 5395 1847 5449 τοῦ

276 5492 444 5546 τελεῖν
492 5491 711 5563 ἑορτάς,
742 5490 836 5545 καὶ
886 5489 1127 5562 πληροῦν
1180 5488 1388 5553 Θυσίας,
1436 5489 1528 5542 καὶ
1591 5488 1699 5558 μὴν
1755 5487 1848 5541 καὶ

342 5675 357 5706 ¹
390 5672 581 5730 Matth.
612 5685 773 5737 xxm,
805 5670 893 5724 37.
969 5672 989 5702 '
1023 5671 1039 5721 l
1074 5669 1194 5726 Cor.
1231 5685 1289 5735 ιι,
1326 5669 1378 5722 8.
1459 5669 1478 5699 ³
1507 5668 1643 5725 Osee
1683 5682 1763 5731 ιιι,
1792 5669 1843 5722 4.

1957 3200 2055 3255 sibi
2077 3201 2369 3267 vindicato,
2395 3213 2541 3271 tunc,
2567 3218 2711 3273 tunc,
2742 3207 2980 3278 inquam,
3008 3219 3063 3265 et
3086 3214 3393 3282 aequissime
3422 3216 3529 3271 illic

1957 3291 2078 3358 quis
2115 3302 2417 3362 Opportune
2455 3296 2599 3352 hunc
2637 3298 2689 3351 in
2734 3299 2952 3355 modum
2993 3304 3205 3358 occinat
3242 3324 3254 3358 :
3298 3323 3316 3356 ι
3359 3305 3528 3362 Iratus

1952 3389 2039 3435 est
2069 3380 2331 3438 Dominus
2359 3397 2544 3440 contra
2580 3398 2760 3457 patres
2788 3399 2996 3447 vestros
3027 3391 3105 3445 ira
3138 3407 3350 3464 magna.
3392 3414 3410 3446 ι

2029 3656 2191 3713 Vens.
2229 3659 2284 3724 Ξ,
2312 3660 2383 3713 4.»
2414 3660 2480 3715 Et
2509 3661 2649 3716 dices
2680 3663 2750 3715 ad
2774 3679 2860 3717 eos
2895 3680 2913 3717 :
2956 3663 3085 3721 Haec
3111 3666 3239 3720 dicit
3270 3666 3526 3723 Dominus

1955 3752 2280 3818 omnipotens
2312 3768 2330 3805 :
2360 3752 2739 3807 Convertimini
2787 3755 2856 3808 ad
2896 3772 2997 3818 me,
3047 3766 3094 3809 et
3142 3767 3416 3811 convertar
3457 3763 3526 3812 ad

1955 3857 2064 3905 vos,
2103 3844 2231 3896 dicit
2263 3844 2517 3899 Dominus
2554 3846 2900 3913 omnipotens,
2938 3856 2986 3900 et
3029 3848 3190 3902 nolite
3221 3850 3339 3918 ﬁeri
3390 3853 3526 3906 sicut

1953 3943 2129 4002 patres
2156 3935 2339 3999 uestri,
2372 3951 2502 4004 quos
2531 3946 2816 4005 arguerunt
2850 3952 2935 3991 eos
2965 3937 3229 4006 propheta:
3255 3942 3345 4010 qui
3378 3944 3525 4011 prius

1956 4023 2189 4093 fuerunt,
2239 4024 2469 4080 dicentes
2499 4039 2517 4077 :
2545 4024 2674 4081 Haec
2710 4027 2835 4080 dicit
2884 4029 3140 4083 Dominus
3180 4032 3521 4101 omnipotens.

1955 4114 2335 4170 Convertimini
2371 4133 2403 4170 a
2432 4118 2529 4171 viis
2569 4119 2754 4172 vestris
2786 4119 2964 4182 malis,
3005 4129 3056 4173 et
3101 4121 3164 4173 ab
3199 4124 3527 4179 adiuvantia-

1956 4204 2108 4260 nibus
2147 4207 2331 4261 vestris
2364 4207 2539 4262 malis.
2587 4207 2650 4261 Et
2678 4224 2781 4263 non
2815 4210 3151 4265 attenderttnt
3186 4224 3238 4265 ut
3285 4216 3526 4270 audirem

1954 4314 2056 4363 me,
2086 4298 2214 4353 dicit
2246 4298 2524 4354 Dominus.

2032 4568 2114 4627 lll.
2158 4569 2414 4625 Revocati
2454 4569 2624 4635 enim,
2658 4577 2719 4624 ut
2747 4569 2883 4636 dixi,
2906 4583 2973 4624 ex
3002 4572 3341 4641 captivitate,
3383 4583 3439 4629 et
3473 4577 3525 4631 in

1956 4661 2199 4719 Judaeum
2228 4661 2474 4727 reduces,
2512 4662 2567 4715 in
2593 4660 2935 4731 exsequenda
2964 4660 3061 4717 Dei
3089 4662 3363 4721 voluntate
3388 4665 3528 4721 desi-

1959 4756 2054 4810 des
2081 4763 2403 4819 evaserunt;
2440 4763 2495 4808 et
2536 4753 2678 4808 idola
2702 4753 2919 4825 quidem
2955 4761 3066 4810 tum
3112 4769 3216 4810 non
3255 4757 3523 4821 colebant,

1958 4864 2132 4920 neque
2161 4848 2345 4905 seduci
2372 4861 2454 4912 se,
2487 4858 2545 4903 ut
2567 4848 2719 4913 olim,
2750 4848 3124 4919 patiebantur;
3156 4858 3525 4905 verumtamen

1958 4940 2079 4997 aliis
2117 4941 2291 4997 modis
2338 4955 2432 4998 eos
2477 4942 2644 4997 Deum
2680 4941 2745 4996 ad
2790 4941 2926 4996 iram
2974 4955 3270 5013 provocare
3316 4951 3523 4997 certum

1956 5041 2095 5088 erat.
2135 5031 2293 5100 Nam,
2342 5039 2400 5087 ut
2446 5030 2500 5086 in
2547 5030 2718 5087 Esdra
2758 5031 3051 5103 legimus‘,
3093 5040 3149 5087 et
3190 5030 3524 5087 mulierculis

1958 5120 2274 5192 alienigenis
2312 5135 2371 5177 se
2407 5121 2893 5187 commiscuerant;
2937 5120 3397 5190 ﬁnitimorumque
3427 5122 3524 5176 du.-

1955 5214 2058 5270 ctis
2093 5213 2325 5279 ﬁliabus,
2357 5212 2557 5269 liberos
2601 5213 2809 5269 alienos
2848 5220 3166 5284 genuerunt,
3217 5215 3430 5269 tametsi
3471 5215 3523 5268 id

1955 5306 2041 5362 lex
2072 5315 2131 5362 ut
2179 5305 2329 5363 nefas
2382 5306 2514 5378 ipsis
2546 5305 2948 5362 interdiceret'.
2996 5304 3348 5376 Negligehaut
3396 5307 3521 5360 item

1955 5398 2072 5453 dies
2110 5397 2297 5461 festos,
2345 5405 2399 5453 et
2433 5396 2722 5461 sacrificia,
2755 5405 2810 5451 et
2856 5396 2922 5451 ad
2972 5395 3214 5452 divinum
3264 5396 3522 5469 templum
3622 5394 3627 5397 ’

1957 5487 2389 5544 τεωᾶίίίοειιόιιιιι
2436 5487 2739 5557 torpebant.
2789 5485 3014 5553 Idcirco,
3063 5489 3202 5544 sicut
3235 5488 3287 5542 in
3329 5488 3523 5558 Aggteo

1926 5668 1941 5696 ³
1978 5665 1995 5717 ι
2029 5666 2179 5721 Esdr.
2210 5680 2284 5731 Ix,
2308 5663 2361 5719 2.
2441 5665 2461 5694 '
2489 5661 2655 5719 Exod.
2686 5679 2872 5727 xxxiv,
2902 5664 2988 5718 16.
