3936 6318
439 221 508 279 t5
1418 226 1473 280 ὃ,
1509 228 1792 282 CYRIHJ
1835 229 2301 286 ALEXANDRINI
2343 234 2663 291 ARCHIEP.
3623 248 3683 307 i6

435 338 690 406 srripttnn
737 345 858 390 est:
893 356 909 387 ι
945 334 1215 391 Percussit
1262 353 1355 393 eos
1389 326 1456 394 “In
1499 343 1807 408 sterilitate,
1857 355 1909 397 et
1954 345 2000 398 in

2113 348 2419 418 ἀπρόθυμοι
2452 353 2579 421 περὶ
2611 354 2669 405 τὸ
2705 355 2813 407 δεῖν
2842 355 3234 426 ἀναδείμασθαι
3261 356 3351 409 τὸν
3384 356 3527 411 θεῖον
3560 364 3685 413 ναὸν

434 428 780 496 corruptione
813 429 975 494 aeris,
1012 439 1062 482 et
1102 430 1444 499 ingrandine
1480 435 1660 487 omnia
1706 450 1867 502 Opera
1912 450 2004 489 co-

436 535 579 572 rum.
610 519 673 574 Et
713 520 995 574 mittebant
1042 522 1091 574 in
1138 524 1371 576 modium
1418 524 1607 579 hordei
1641 527 1827 595 viginti
1864 539 2003 593 sata,

431 621 488 663 et
534 611 673 665 facta
721 621 846 667 sunt
890 611 1099 665 decem.
1154 612 1217 667 Et
1262 614 1711 682 ingrediebantur
1744 628 2003 687 pmterea

434 703 673 756 torcular
714 702 931 757 haurire
958 704 1346 773 quinquaginta
1404 709 1714 776 amphoras,
1768 718 1821 762 et
1849 708 2004 763 facta

432 794 559 847 sunt
595 794 778 863 viginti
806 794 849 847 °.
885 813 902 845 ι
952 794 1227 849 Promittit
1274 796 1435 864 igitur
1482 798 1608 861 illis,
1654 798 1698 851 si
1747 798 2001 852 virtutem

406 884 632 948 -colere,
686 892 738 935 et
792 884 1034 937 converti
1089 886 1154 937 ad
1209 886 1382 953 ipsum
1438 902 1543 940 non
1610 888 2003 953 recusaverint,

433 974 641 1043 agendo
683 989 801 1044 qua:
860 974 963 1043 ipsi
1018 974 1214 1042 placita
1274 985 1329 1029 et
1389 988 1543 1046 grata
1593 980 1724 1044 sint,
1778 987 1904 1031 tunc
1945 992 2004 1032 se

432 1080 645 1133 quoque
695 1066 759 1118 ad
804 1066 945 1133 ipsos
991 1081 1409 1129 conversurum,
1448 1068 1553 1122 hoc
1602 1080 1685 1123 est
1720 1069 1786 1123 ab
1820 1070 1900 1123 ira
1950 1070 2000 1123 in

436 1158 560 1209 illos
606 1167 1051 1225 temperaturum,
1084 1166 1138 1211 et
1181 1159 1610 1214 misericordiam
1644 1163 1820 1216 denuo
1849 1162 2003 1215 adhi-

430 1247 689 1302 biturum.
752 1244 911 1301 Vetat
983 1257 1160 1302 autem
1227 1264 1321 1303 eos
1375 1252 1676 1319 perniciosa
1739 1254 1999 1321 majorum

428 1341 670 1408 exempla
719 1342 892 1408 sequi,
952 1356 1087 1409 quos
1142 1340 1255 1409 ipse
1308 1358 1402 1411 per
1450 1351 1668 1399 sanctus
1713 1346 2003 1414 prophetas

429 1446 557 1486 suos
599 1445 969 1499 sarpenumero
1009 1432 1324 1487 cohortatus
1373 1435 1465 1501 sit,
1507 1447 1560 1497 et
1604 1439 1669 1491 ad
1719 1437 2002 1493 indecoras

430 1523 670 1575 actiones
693 1521 1024 1577 deserendas
1054 1523 1249 1578 blande
1274 1525 1536 1591 invitarit,
1563 1543 1867 1596 quanquam
1897 1529 2002 1583 illis

428 1623 610 1696 autem
649 1613 871 1692 minime
896 1617 1434 1691 accommodantibus
1465 1619 1600 1672 nihil
1632 1620 1843 1687 penitus
1880 1636 2003 1689 pro-

2108 439 2388 505 γεγονότες
2420 442 2724 511 ἡλίσκοντο.
2759 445 3053 518 Ταύτῃτοι,
3092 447 3344 519 καθάπερ
3375 450 3433 503 ἐν
3457 448 3539 521 τῷ
3559 453 3687 520 ‘Ay-

2105 531 2245 601 γαίῳ
2273 532 2614 603 γέγραπται*
2651 553 2669 585 ι
2694 536 2991 602 Ἐπόιταξεν
3018 537 3213 601 αὐτοὺς
3243 540 3300 590 ἐν
3330 540 3553 611 ἀφορίᾳ,
3591 543 3681 596 καὶ

2104 623 2494 694 ἀνεμοφθορίᾳ,
2530 625 2624 679 καὶ
2667 626 2725 679 ἐν
2765 626 2977 701 χαλάζῃ
3008 628 3184 682 πάντα
3210 630 3278 683 τὰ
3305 630 3443 700 ἔργα
3481 632 3681 687 αὐτῶν.

2104 714 2214 766 Καὶ
2261 714 2512 767 ἐνέϐαλον
2557 717 2654 786 μὲν
2698 720 2777 781 είς
2823 719 3064 790 κυψέλην
3095 721 3288 791 κριθῆς
3319 720 3490 774 εἴκοσι
3522 723 3683 787 σάτα,

2104 803 2195 855 καὶ
2234 802 2473 871 ἐγίνοντο
2516 803 2667 859 δέκα.
2700 806 3123 877 Είσεπορεύοντο
3156 808 3211 861 δέ
3242 809 3335 861 καὶ
3371 810 3531 864 πάλιν
3585 814 3681 864 ἀν-

2102 892 2298 963 τλῆσαι
2330 895 2665 965 πεντήκοντα
2710 896 3005 966 μετρητὰς,
3043 897 3137 949 καὶ
3169 898 3410 965 ἐγίνοντο
3443 901 3630 953 εἴκοσιι
3660 920 3677 951 ι

2116 984 2537 1054 Ἐπαγγέλλεται
2561 984 2739 1039 τοίνυν
2770 972 2976 1050 αὐτοῖς,
3002 986 3077 1050 ὡς
3106 990 3154 1040 εί
3187 988 3391 1042 ἕλοιντο
3425 1007 3685 1059 μεταφοι-

2099 1078 2199 1146 τᾷν
2232 1078 2311 1139 είς
2343 1077 2403 1129 τὸ
2429 1078 2672 1147 ἄμεινον,
2706 1079 2799 1131 καὶ
2830 1080 3181 1150 ἐπιστρέφειν
3214 1080 3349 1150 πρὸς
3385 1082 3566 1147 αὐτὸν,
3594 1083 3683 1135 διὰ

2099 1167 2193 1220 τοῦ
2225 1169 2355 1240 δρᾷν
2390 1168 2607 1225 ἑλέσθαι
2647 1171 2715 1223 τὰ
2763 1170 2910 1240 αὑτῷ
2949 1170 3209 1224 δοκοῦντα
3256 1172 3349 1224 καὶ
3382 1168 3531 1240 φίλα,
3558 1174 3681 1227 τότε

2100 1259 2193 1311 καὶ
2228 1259 2387 1321 αὐτὸς
2419 1260 2734 1331 ἐπιστρέψει
2765 1261 2903 1332 πρὸς
2928 1262 3143 1325 αὐτοὺς,
3173 1263 3451 1316 τουτέστιν
3481 1264 3680 1332 ἀφέξε-

2098 1367 2188 1403 ται
2237 1351 2335 1420 τῆς
2377 1351 2464 1403 ἐπ’
2490 1351 2688 1415 αὐτοὺς
2733 1353 2925 1423 ὀργῆς,
2960 1353 3055 1406 καλ⁵
3087 1352 3512 1425 παλινδρομήσει
3542 1356 3682 1427 πρὸς

2100 1441 2617 1510 ἐλεον.Ἀποφάσκει
2669 1460 2733 1512 γε
2787 1445 2893 1515 μὴν
2935 1443 3012 1507 ὡς
3052 1443 3274 1515 ὀλέθρου
3321 1445 3577 1516 πρόξενον
3619 1447 3681 1500 τὸ

2100 1533 2313 1588 ἑλέσθαι
2334 1534 2529 1604 ζηλοῦν
2551 1535 2676 1599 τοὺς
2698 1537 2801 1606 πρὸ
2830 1536 3006 1589 αὐτῶν
3028 1537 3335 1604 γεγονότας,
3354 1534 3433 1601 οἷς
3454 1539 3677 1609 πλείστη

2103 1625 2198 1695 μὲν
2228 1625 2328 1694 ὅση
2352 1624 2532 1678 δέδοτο
2557 1626 2686 1697 παρ’
2723 1626 2889 1680 αὑτοῦ
2915 1628 3003 1681 διὰ
3034 1628 3144 1681 τῶν
3175 1630 3345 1703 ἀγίων
3383 1631 3679 1701 προφητῶν

428 1704 639 1759 fecerit.
702 1702 938 1757 Ridiculi
993 1706 1158 1775 igitur
1211 1708 1302 1776 qui
1356 1719 1568 1777 patrum
1632 1709 1993 1779 insipientiam

2106 1716 2460 1787 παράκλησις,
2488 1719 2583 1771 καὶ
2614 1718 2957 1789 παραμυθία,
2985 1702 3229 1775 καλοῦσα
3253 1722 3387 1793 πρὸς
3413 1723 3681 1794 ἀποστρο-

428 1804 743 1864 sequuntur,
788 1794 1163 1865 maiorumque
1198 1798 1644 1853 consuetudinem
1679 1815 1776 1869 pro
1812 1800 1998 1855 defen-

427 1890 579 1941 sione
634 1887 954 1941 irrefutabili
1008 1889 1337 1955 obtendunt,
1372 1890 1504 1945 iicet
1555 1892 1622 1946 de
1662 1894 1997 1962 gravissimis

424 1976 590 2048 656
618 1978 911 2031 sceleribus
955 1980 1436 2047 reprehendantur.
1478 1981 1583 2036 Sed
1616 1984 1721 2039 hoc
1759 1985 1998 2040 usitatis.

426 2074 624 2121 simum
686 2077 766 2122 est
818 2068 1081 2123 idolorqu
1131 2071 1448 2127 cultoribus.
1506 2073 1689 2129 Vocati
1737 2077 1879 2130 enim
1930 2078 1996 2132 ad

427 2162 753 2227 agnitionem
804 2160 1076 2227 veritatis,
1116 2170 1329 2229 patrum
1375 2176 1614 2218 errorem
1667 2180 1882 2235 semper
1915 2164 1999 2234 ja~

426 2264 601 2315 ctam,
636 2253 958 2322 illorumqne
1004 2252 1365 2320 ignorantiam
1398 2265 1452 2307 ut
1486 2265 1764 2324 paternam
1803 2272 1996 2325 quant-

344 2364 353 2368 ⁴
428 2348 548 2396 dam
588 2344 954 2397 hmrcditatem
986 2345 1379 2412 amplexantes,
1408 2348 1532 2401 cazci
1567 2359 1901 2416 permanent.
1934 2349 1998 2403 Et

427 2440 644 2505 upinor,
677 2437 893 2491 etiamsi
927 2439 1195 2507 quispiam
1229 2439 1311 2492 his
1341 2439 1430 2509 qui
1464 2451 1584 2493 sunt
1619 2440 1687 2495 de
1713 2440 1998 2495 circumci-

429 2533 582 2583 sione
616 2530 869 2591 suaserit,
913 2529 988 2583 uti
1042 2530 1245 2583 relictis
1290 2530 1641 2585 deterioribus
1694 2531 1761 2586 ad
1799 2534 1999 2586 condu-

432 2620 612 2673 cibilia
649 2634 768 2673 sese
809 2620 960 2681 deut,
997 2620 1144 2687 ipsos
1174 2634 1388 2689 quoque
1428 2621 1493 2674 ad
1524 2631 1734 2689 patrum
1771 2638 1999 2678 coasue-

430 2713 669 2766 tudinem
721 2708 1115 2780 confugituros.
1162 2707 1392 2778 Expedit
1430 2709 1593 2781 igitur
1635 2712 1885 2766 seductos
1923 2712 1997 2765 ita

424 2803 753 2872 compellare
806 2820 821 2856 :
868 2820 885 2852 ι
922 2799 1316 2856 Convertimini
1364 2804 1429 2854 ad
1473 2817 1578 2866 me,
1628 2814 1682 2855 et
1714 2813 2000 2858 convertar

429 2896 498 2951 ad
544 2910 662 2959 vos,
705 2886 839 2947 dicit
884 2891 1150 2947 Dominus
1186 2891 1545 2961 omnipotens.
1577 2912 1595 2944 ι
1628 2892 1694 2947 Ει
1730 2893 1819 2946 illo
1850 2895 2001 2948 insu-

424 3005 528 3055 per
556 3005 577 3041 -:
621 3006 639 3038 ο
672 2985 841 3039 Mite
879 2986 993 3040 ﬁeri
1035 2988 1177 3041 sicut
1203 2992 1384 3054 patres
1417 2986 1603 3049 vestri,
1633 3004 1652 3039 ι
1687 2987 1780 3055 qui
1813 3002 1999 3043 errore

431 3080 603 3133 tittitlsi
634 3069 903 3142 videlicet,
941 3078 992 3131 in
1031 3075 1335 3146 ignorantia
1367 3077 1457 3132 [ixi
1488 3080 1856 3147 perstiterunt.

2104 1808 2209 1879 φὴν
2262 1809 2369 1861 τῶν
2424 1810 2665 1881 αἰσχρῶν
2711 1811 3177 1881 ἐπιτηδευμάτων,
3210 1813 3464 1882 ἀνόνητον
3513 1813 3569 1865 δὲ
3616 1812 3680 1865 τὸ

2103 1899 2333 1967 πρᾶγμα
2373 1898 2506 1951 πολὺ
2538 1898 2655 1951 λίαν
2688 1898 2923 1952 ἐτέθειτο
2949 1899 3277 1953 ἀπονεύσασι
3303 1901 3436 1969 πρὸς
3464 1901 3523 1953 τὸ
3550 1900 3679 1953 δυσ-

2105 1990 2285 2060 ήκοον.
2318 1990 2729 2058 Καταγέλαστοι
2778 1989 2842 2060 δὴ
2887 1984 3011 2055 οὖν,
3029 1991 3077 2042 οἱ
3122 1993 3243 2053 ταῖς
3274 1990 3382 2043 τῶν
3427 1993 3679 2060 πατέρων

2104 2080 2365 2150 ἀμαθίαις
2423 2081 2697 2150 ἑπόμενοι,
2742 2081 2835 2133 καὶ⁸
2882 2080 3214 2151 προγονικὴν
3262 2080 3549 2151 συνήθειαν
3601 2080 3679 2142 ὡς
3736 2102 3756 2115 -·

2102 2171 2539 2242 δυσανάτρεπτον
2561 2171 2856 2239 ἀπολογίαν
2890 2170 3337 2241 προϐαλλόμενοι,
3373 2169 3473 2223 κᾶν
3505 2172 3553 2222 εί
3585 2171 3679 2222 ἐπὶ

2103 2268 2212 2328 τοῖς
2256 2263 2505 2335 ἐσχάτοις
2550 2264 2942 2333 καταψέγοιντο
2989 2264 3199 2325 κακοῖς.
3219 2262 3377 2325 Ἔθος
3423 2261 3479 2314 δὲ
3523 2261 3680 2315 τοῦτο

2108 2355 2337 2425 μάλιστα
2384 2357 2495 2417 τοῖς
2535 2353 2642 2407 τῶν
2672 2352 2901 2406 εἰδώλων
2927 2351 3304 2422 θεραπευταῖς.
3338 2349 3679 2419 Καλούμενοι

2104 2447 2213 2517 γάρ
2238 2445 2331 2497 ἐπὶ
2354 2443 2452 2514 τὴν
2483 2445 2581 2515 τῆς
2613 2443 2867 2514 ἀληθείας
2897 2442 3213 2510 ἐπίγνωσιν,
3239 2439 3339 2509 τῆς
3369 2438 3476 2491 τῶν
3509 2439 3677 2492 πατέ-

2109 2554 2215 2607 ρων
2261 2536 2476 2606 ἀπάτης
2517 2534 2911 2605 διαμέμνηνται
2957 2530 3255 2601 πανταχοῦ,
3286 2530 3380 2583 καὶ
3427 2528 3680 2601 πατρῷον

2103 2625 2292 2697 ὥσπερ
2320 2624 2442 2678 τινὰ
2475 2625 2674 2695 κλῆρον
2707 2623 2767 2676 τὸ
2796 2623 3023 2675 ἐκείνων
3054 2620 3261 2692 ἀμαθὲς
3286 2619 3677 2688 ἀσπαζόμενοι,

2103 2715 2412 2786 διαμένουσι
2440 2715 2650 2785 τυφλοί.
2686 2708 2853 2785 Οἶμαι
2883 2713 2961 2777 δὲ,
2993 2713 3073 2766 ὃτι
3109 2711 3209 2767 κᾶν
3236 2713 3283 2764 εί
3322 2710 3501 2772 αὐτοῖς
3538 2726 3679 2779 συμ-

2105 2806 2410 2859 ϐουλεύσειέ
2434 2824 2519 2869 τις
2547 2808 2659 2869 τοῖς
2679 2808 2743 2859 ἐκ
2766 2806 3066 2876 περιτομῆς
3094 2802 3345 2874 μεταθεῖν
3370 2802 3438 2856 τά
3461 2800 3678 2870 αἰσχίω,

2105 2899 2379 2968 καὶτιμᾷν
2408 2896 2623 2951 ἑλέσθαι
2651 2897 2711 2950 τὸ
2738 2896 2999 2966 ὠφελοῦν,
3028 2897 3120 2949 ἐπὶ
3144 2895 3242 2966 τὴν
3279 2894 3386 2947 τῶν
3429 2893 3680 2963 πατέρων

2107 2989 2394 3059 συνήθειαν
2447 2986 2846 3057 καταφεύξουσι
2891 2987 2986 3040 καὶ
3027 2984 3199 3038 αὐτοί.
3249 2984 3530 3055 Χρήσιμον
3587 2976 3681 3033 οὖν

2025 3074 2069 3133 C
2103 3083 2215 3144 τοῖς
2260 3079 2631 3149 πλανωμένοις
2680 3079 2999 3147 ἐπιφωνεῖνο
3061 3072 3495 3145 (Ἐπιστρέψατε
3542 3070 3682 3133 πρός

433 3194 522 3246 με,
565 3175 661 3229 καὶ
708 3164 1183 3245 ἐπιστραφήσομαι
1229 3172 1365 3243 πρὸς
1412 3175 1574 3244 ὑμᾶς,
1644 3174 1788 3244 λέγει
1833 3174 2036 3245 Κύριος
2076 3176 2490 3247 παντοκράτωρ.
2522 3192 2540 3225 ι
2580 3174 2690 3228 Καὶ
2759 3172 2865 3244 μὴν
2896 3173 3014 3236 καὶ,
3071 3188 3090 3221 ι
3120 3167 3211 3241 Μὴ
3247 3168 3461 3239 γίνεσθε
3499 3167 3681 3243 καθὼς

429 3275 478 3326 οἱ
511 3272 743 3342 πατέρες
774 3270 946 3341 ὑμῶν,
977 3288 996 3321 ι
1030 3270 1077 3321 οί
1106 3268 1447 3340 πλανώμενοι
1474 3270 1736 3342 δηλονότι,
1763 3272 1858 3325 καὶ
1901 3270 2064 3346 μέχρι
2095 3273 2188 3326 τοῦ
2225 3272 2425 3335 παντὸς
2458 3268 2827 3342 μεμενηκότες
2852 3269 2911 3321 ἐν
2933 3266 3196 3338 ἀγνωσία.

510 3363 671 3419 Vicus.
714 3364 770 3426 εί,
799 3364 855 3416 6.
897 3361 1084 3415 Patres
1116 3364 1268 3415 vestri
1318 3364 1408 3417 ubi
1438 3376 1579 3430 sunt,
1613 3375 1663 3418 et
1696 3365 1955 3434 propheta
1976 3368 2002 3421 .9

435 3454 705 3525 Numquid
738 3456 789 3506 in
820 3466 1069 3507 wlernum
1103 3455 1310 3507 civem?
1344 3453 1715 3509 Verumtamen
1739 3473 1999 3512 sermones

431 3562 592 3609 meos,
627 3552 675 3598 et
699 3544 928 3611 legitima
959 3557 1070 3595 mea
1099 3543 1366 3610 suscipite,
1396 3558 1716 3613 qurecnnque
1742 3558 1834 3611 ego
1861 3557 1999 3611 prte-

430 3638 569 3706 cipio
607 3638 661 3691 in
691 3635 880 3705 spiritu
914 3652 1025 3689 meo
1052 3637 1214 3689 servis
1257 3636 1384 3689 meis
1422 3634 1711 3703 prapltetis,
1735 3636 1824 3702 qui
1854 3650 1999 3689 com-

430 3731 809 3797 prehenderunt
867 3737 1044 3795 putres
1097 3739 1316 3784 vestros.
1371 3724 1439 3779 Et
1495 3726 1906 3792 responderunt,
1951 3734 1999 3780 et

431 3820 671 3873 dixerunt
707 3834 724 3871 :
756 3817 903 3873 Sicut
940 3820 1089 3887 quasi
1138 3817 1249 3871 acie
1304 3818 1587 3872 instructus
1620 3826 1695 3871 est
1747 3818 2000 3871 Dominus

432 3911 779 3975 omnipotens,
817 3910 988 3977 facere
1029 3909 1173 3962 nobis
1205 3910 1489 3962 secundum
1530 3908 1640 3962 vias
1684 3918 1912 3973 nostras,
1951 3917 1999 3961 et

432 4002 718 4057 secundum
748 4002 925 4056 studia
959 4011 1163 4067 nostra,
1189 4001 1265 4055 sic
1294 3999 1413 4069 fecit
1437 4000 1603 4058 nobis.

502 4185 593 4239 iV.
635 4183 943 4252 Antequam
990 4179 1178 4235 Judaaa
1235 4189 1286 4234 et
1340 4179 1708 4251 Hierosolyma
1758 4180 2005 4251 subjuga-

434 4282 644 4336 rcutur,
675 4273 1058 4340 prOphetarum
1096 4283 1289 4324 nomen
1321 4271 1474 4337 quasi
1504 4285 1791 4340 personam
1815 4286 2003 4341 quam-

434 4367 557 4421 dam
596 4364 697 4419 sibi
728 4363 1063 4433 imponentes
1107 4361 1369 4425 nonnulli,
1418 4362 1483 4416 de
1517 4362 1680 4416 corde
1708 4378 1827 4430 suo,
1866 4363 2004 4418 sicut

2177 3370 2242 3420 01
2289 3365 2543 3433 πατέρες
2594 3363 2754 3433 ὑμῶν
2791 3361 2918 3433 ,ποῦ
2951 3361 3070 3414 εἰσὶ
3114 3359 3211 3413 καί
3253 3361 3307 3412 oi
3340 3357 3675 3427 προφῆται,

2100 3458 2159 3510 Μ
2166 3456 2198 3523 ὴ
2226 3455 2333 3509 τὸν
2359 3453 2541 3508 αίῶνα
2587 3451 2865 3519 (uomat
2882 3468 2902 3516 ;
2948 3452 3121 3520 Πλὴν
3151 3449 3293 3515 τοὺς
3314 3451 3535 3517 λόγους
3559 3466 3678 3518 μου

2102 3544 2202 3596 καὶ
2237 3544 2307 3596 τὰ
2336 3541 2555 3612 νόμιμά
2573 3558 2694 3611 μου
2721 3540 2991 3609 δέχεσθε,
3023 3540 3141 3593 ὅσα
3173 3537 3287 3609 ἐγὼ
3322 3538 3678 3607 ἐντέλλομαι

2100 3635 2170 3689 ἐν
2197 3635 2489 3704 πνεύματί
2529 3651 2648 3703 μου
2697 3632 2823 3699 τοῖς
2854 3633 3096 3698 δούλοις
3125 3648 3244 3700 μου
3293 3628 3416 3694 τοῖς
3456 3628 3678 3698 apem}-

2100 3742 2248 3790 ταις,
2280 3724 2337 3777 οἳ
2384 3722 2800 3778 κατελάὄοσαν
2851 3721 2994 3787 τοὺς
3039 3719 3296 3793 πατέρας
3337 3718 3522 3787 ὑμῶν.
3566 3719 3676 3772 Καὶ

2100 3817 2532 3885 ἀπεκρίθησαν,
2582 3815 2677 3868 καὶ
2720 3810 2898 3868 εἶπαν
2925 3831 2938 3843 ·
2989 3810 3193 3877 Καθὼς
3242 3809 3678 3878 παρατέτακται

2101 3910 2316 3977 Κύριος
2349 3907 2793 3977 παντοκράτωρ,
2818 3905 2924 3960 τοῦ
2956 3902 3204 3972 ποιῆσαι
3230 3901 3372 3971 ἡμῖν
3400 3902 3548 3955 κατὰ
3570 3903 3676 3966 τὰς

2102 4000 2281 4064 ὀδοὺς
2314 3999 2487 4069 ἡμῶν
2522 3999 2620 4053 καί
2669 3999 2821 4052 κατὰ
2871 3997 2943 4051 τὰ
2999 3994 3434 4063 ἐπιτηδεύματα
3486 3991 3671 4061 ἡμῶν,

2102 4091 2290 4156 οὕτως
2311 4090 2607 4157 ἐποίησεν
2638 4088 2805 4158 ἡμῖν.

2172 4183 2245 4233 A'.
2288 4181 2421 4252 Πρὶν
2470 4180 2672 4234 ἁλῶναι
2726 4179 2824 4249 τὴν
2857 4176 3139 4240 Ἰουδαίαν,
3171 4175 3268 4228 καὶ
3318 4174 3458 4227 αὐτὰ
3503 4174 3557 4226 δὲ
3607 4174 3673 4227 τὰ

2113 4272 2479 4344 Ἱεροσόλυμα,
2505 4272 2566 4326 τὸ
2593 4272 2692 4342 τῆς
2736 4268 3067 4341 προφητείας
3104 4268 3295 4337 ὕνομα,
3324 4266 3572 4334 καθάπερ
3616 4266 3676 4318 τὸ

2103 4367 2439 4435 προσωπεῖον
2486 4366 2696 4427 ἑαυτοῖς
2725 4361 3090 4433 περιτιθέντες
3132 4358 3298 4423 τινὲς,
3345 4358 3565 4411 ἐλάλουν
3607 4360 3675 4410 τὰ

434 4457 695 4526 scriptum
728 4463 809 4509 est
830 4454 874 4521 ⁷,
908 4468 1012 4507 non
1041 4452 1106 4508 de
1146 4465 1243 4506 ore
1273 4450 1481 4506 Domini
1516 4452 1893 4522 loquebantur.
1936 4453 2000 4507 lli

2106 4457 2208 4510 ἀπὸ
2252 4455 2478 4527 καρδίας
2515 4455 2715 4519 αὐτῶν,
2748 4452 2890 4506 καθά
2917 4452 3247 4523 γέγραπται,
3278 4450 3373 4503 καὶ
3418 4452 3519 4503 οὐκ
3568 4450 3676 4503 ἀπὸ

434 4565 531 4618 per
573 4548 914 4604 mendacium
961 4547 1247 4608 canebant,
1304 4560 1411 4598 non
1462 4553 1780 4612 occupatum
1823 4544 1885 4599 iri
1935 4545 2000 4599 ab

2106 4548 2370 4619 στόματος
2411 4547 2640 4619 Κυρίου.
2668 4542 2826 4601 Οὗτοι
2866 4543 3288 4616 ψευδοεποῦντες
3319 4543 3575 4613 ἔφασκον,
3601 4543 3677 4605 ὡς

435 4641 678 4696 hostibus
726 4648 972 4696 sanctam
1016 4636 1318 4699 civitatem,
1375 4649 1601 4704 nequea
1640 4636 2000 4690 vastatorihus

2106 4640 2204 4693 οὐκ
2236 4641 2300 4693 ἂν
2331 4639 2484 4709 ἁλοίη
2522 4638 2663 4701 ,ποτὲ
2702 4638 2831 4708 παρ’
2857 4636 3066 4708 ἐχθρῶν
3103 4637 3137 4707 ἡ
3184 4634 3313 4704 ἀγία
3358 4635 3531 4699 πόλις,
3565 4634 3677 4686 οὐδ’

433 4730 844 4800 expugnabilem
889 4727 1005 4782 fore
1034 4724 1289 4781 lsraelem
1320 4743 1335 4779 :
1372 4725 1466 4780 sed
1499 4724 1754 4780 felicitate
1785 4740 2001 4795 semper

435 4838 677 4885 usuram,
737 4830 791 4875 et
844 4819 897 4872 in
956 4818 1181 4883 perenni
1225 4815 1496 4886 voluptate
1550 4817 1839 4883 victuram,
1889 4806 1999 4872 Deo

434 4922 774 4983 protegente.
820 4919 875 4965 et
924 4910 1157 4963 electum
1200 4922 1371 4976 genus
1406 4906 1710 4968 honorante
1741 4919 2001 4977 perpetuo

435 5021 499 5057 ac
531 5003 807 5069 diligente.
858 4999 1239 5067 Loquebantur
1281 5012 1445 5067 porro
1499 4998 1632 5063 haec,
1684 4998 1823 5053 sicut
1866 4999 1997 5064 dixi,

437 5091 760 5146 mentientes
806 5089 1011 5153 miseri,
1054 5096 1110 5141 et
1141 5087 1387 5142 lsraelem
1416 5087 1527 5156 jam
1575 5097 1705 5142 ante
1750 5088 1998 5158 ignavum

436 5180 768 5247 ignaviorem
820 5175 1139 5242 ciliciebaut,
1170 5192 1294 5231 cum
1327 5177 1394 5231 ad
1437 5174 1607 5231 Deum
1651 5176 1993 5245 placandum,

436 5279 492 5324 et
525 5284 683 5336 quam
723 5266 1031 5338 longissime
1080 5267 1309 5336 repulsis
1355 5268 1552 5336 quibus
1593 5282 1716 5322 eum
1753 5269 2003 5323 irritave-

439 5368 579 5420 rant.
603 5360 668 5412 ad
692 5361 806 5427 ejus
834 5358 1029 5426 placita
1053 5359 1401 5429 exsequenda
1428 5359 1633 5413 hortari
1662 5360 1997 5415 debuissent.

435 5450 532 5504 Ast
577 5448 646 5502 illi
679 5449 962 5503 veritatem
1010 5450 1061 5502 in
1097 5449 1747 5519 pustremishabuerunt,
1777 5454 2001 5521 quaesti-

516 5614 686 5697 “Agg.
716 5643 749 5688 ι,
781 5625 899 5681 0-9.
978 5627 995 5657 ⁷
1032 5625 1232 5681 Jerem.
1266 5640 1421 5690 χλιιι,
1458 5625 1541 5679 16.

2105 4733 2172 4787 ἂν
2203 4733 2411 4801 γένοιτό
2442 4748 2571 4785 ποτε
2605 4734 2718 4795 τοῖς
2742 4730 2982 4784 ἐθέλουσι
3015 4728 3317 4800 καταδῃοῦν
3363 4725 3677 4794 εὐκαταγώ-

2105 4840 2283 4886 νιστος
2311 4826 2339 4875 ὁ
2362 4822 2579 4893 Ἰσραήλ
2601 4838 2615 4853 ·
2644 4821 2757 4875 ἀλλ’
2780 4819 3179 4891 ἐρηρεισμένην
3204 4818 3313 4885 ἔξει
3336 4817 3434 4887 τὴν
3472 4818 3675 4885 εὑημε-

2111 4917 2265 4985 ρίαν,
2316 4913 2410 4967 καὶ
2466 4915 2526 4967 ἐν
2562 4912 2883 4983 ἀκλονήτοις
2932 4912 3174 4963 κείσεται
3227 4909 3495 4979 τρυφαῖς,
3540 4905 3675 4957 Θεοῦ

2108 4998 2554 5073 προασπίζοντος,
2581 5002 2674 5053 καί
2698 4999 2760 5053 τὸ
2783 4998 3078 5053 ἀπόλεκτον
3100 4996 3189 5051 ἀεὶ
3213 4994 3480 5066 τιμῶντος
3501 5011 3559 5046 τε
3584 4995 3677 5046 καὶ

2103 5090 2424 5159 ἀγαπῶντος
2447 5090 2910 5158 γένος.Ἔφασκον
2931 5087 2987 5141 δὲ
3009 5087 3251 5149 τοιαῦτα,
3272 5083 3520 5152 καθάπερ
3542 5082 3677 5151 ἔφην

2104 5182 2324 5253 ἀρτίως,
2342 5180 2799 5251 ψευδηγοροῦντες
2819 5179 2869 5232 οί
2892 5178 3137 5244 τάλανες,
3167 5178 3255 5230 καὶ
3282 5176 3521 5246 ῥᾴθυμον
3546 5173 3676 5225 ὅντα

2102 5270 2192 5324 τὸν
2225 5270 2444 5342 Ἰσραὴλ
2487 5269 2803 5339 ὑπιοῦντες
2847 5267 2948 5331 ἔτι,
2979 5267 3153 5320 καίτοι
3202 5264 3317 5316 δέον
3364 5262 3676 5315 ἀναπείθειν

2104 5362 2719 5433 ἐκμειλίσσεσθαιθεὺν,
2762 5362 2853 5415 καὶ
2900 5360 2969 5413 τὰ
3016 5359 3098 5427 ἐφ’
3132 5353 3209 5419 οἷς
3253 5355 3550 5425 λελύπηται
3596 5360 3678 5426 ῥι-

2106 5456 2372 5521 πτοῦντας
2414 5457 2488 5521 ὡς
2520 5456 2798 5520 ditarit-.0»,
2837 5452 3171 5525 μεταφοιτᾷν
3201 5450 3416 5503 ἑλέσθαι
3448 5447 3582 5520 πρὸς
3617 5448 3677 5500 τὸ
