3936 6318
425 346 493 400 19
1453 346 1508 399 S.
1549 341 1829 411 εῑιιιιιι
1867 342 1992 398 ALE

2102 341 2330 397 NDBlNI
2370 339 2689 399 ARCHIEP.
3464 378 3467 381 ι
3613 346 3684 403 90

422 481 514 533 per
560 473 785 531 noctem,
828 476 877 522 et
923 484 1036 521 ecce
1080 469 1157 520 uir
1197 468 1480 523 ascendens
1499 483 1654 538 super
1684 482 1871 536 equum
1917 482 1992 520 ru-

2108 462 2227 535 Ίίων
2252 481 2265 495 ·
2311 462 2575 534 Ἑώρακα
2617 464 2732 533 τὴν
2764 465 2975 531 νύκτα,
3020 464 3115 517 καὶ
3150 463 3278 518 ιδοὺ
3307 463 3462 534 ἀνὴρ
3492 463 3683 518 ἐπισε-

424 558 558 624 Ῑιιιιι,
594 566 641 611 et
675 556 770 611 iste
815 555 986 611 stabat
1034 558 1168 611 inter
1204 556 1339 610 duos
1370 565 1571 611 montes
1618 562 1909 619 umbrosas,
1945 563 1995 621 et

422 654 535 713 post
561 662 677 701 eum
707 646 826 713 equi
854 646 981 716 ruﬁ,
1012 657 1061 702 et
1101 646 1381 713 maculosi,
1414 657 1462 702 et
1502 648 1655 715 uarii,
1686 657 1734 702 et
1769 646 1894 701 albi.
1925 643 1994 699 Et

420 736 538 790 dixi
563 749 583 787 .'
615 733 755 799 Quid
796 736 907 801 isti,
952 733 1217 791 Domine?
1243 732 1314 791 Et
1360 735 1492 789 diuit
1534 734 1602 788 ad
1652 750 1734 788 me
1775 731 1995 803 angelus

418 827 511 895 qui
547 826 855 897 loquebatur
884 828 940 881 in
976 843 1055 882 me
1081 843 1100 881 :
1127 826 1240 897 Ego
1278 829 1550 881 ostendam
1587 826 1681 880 tibi
1713 825 1839 896 quid
1871 835 1995 878 sunt

418 921 551 976 Ita’c.
596 917 666 972 Et
703 918 972 988 respondit
1027 922 1110 973 vir
1150 920 1240 989 qui
1285 920 1457 974 stabat
1497 919 1637 972 inter
1677 927 1900 979 montes,
1944 925 1995 973 et

418 1011 555 1063 dixit
584 1012 653 1065 ad
698 1027 823 1066 me:
854 1010 957 1067 Isti
987 1022 1110 1067 sunt
1149 1027 1277 1082 quos
1308 1010 1448 1065 misit
1491 1009 1749 1063 Dominus
1789 1019 1845 1063 ut
1886 1008 1997 1062 cir-

418 1102 672 1157 cumirent
702 1110 923 1157 terram.
952 1101 1020 1156 Et
1044 1102 1422 1173 responderunt
1449 1101 1635 1171 angelo
1662 1100 1876 1155 Domini
1904 1100 1994 1169 qui

417 1193 592 1248 stabat
630 1195 769 1249 inter
809 1204 1033 1261 montes,
1083 1205 1134 1249 et
1166 1195 1412 1249 dixerunt
1441 1209 1460 1248 :
1488 1192 1841 1253 Circuivimus
1881 1208 1996 1249 om-

420 1298 537 1335 nem
595 1292 825 1351 terram,
889 1295 934 1342 et
992 1301 1107 1341 ecce
1162 1285 1333 1340 omnis
1383 1299 1524 1341 terra
1587 1285 1893 1354 habitatur,
1945 1294 1993 1338 et

417 1374 652 1442 quiescit.

392 1706 405 1721 κ
490 1640 557 1697 ν.
596 1640 989 1707 Particulatim,
1038 1643 1314 1712 certisque
1360 1640 1692 1712 temporibus
1727 1640 1866 1695 Deus
1915 1640 1993 1693 vi—

417 1733 599 1786 siones
636 1730 842 1786 sanctis
872 1731 1151 1801 prophetis
1192 1731 1490 1787 revolabat.
1544 1729 1658 1786 Dici
1704 1731 1849 1787 enim
1883 1746 1991 1786 non

417 1914 581 1969 dente
622 1912 905 1969 intervallo
939 1913 1415 1980 divinat-visionis,
1452 1914 1869 1984 futurorumque
1911 1928 1996 1968 re-

416 2004 707 2060 velationis
748 2006 977 2075 gratiam
1021 2007 1441 2076 suppeditatam.
1484 2006 1624 2074 Quin
1658 2004 1996 2075 temporibus

417 2100 597 2166 potius
634 2098 925 2168 unicuique
980 2099 1198 2170 negotio
1243 2098 1692 2169 congruentibus,
1737 2104 1794 2151 et
1835 2095 1992 2166 juxta

417 2191 738 2249 arbitratum
782 2191 1105 2257 abscondita
1153 2191 1464 2246 revelantis.
1522 2188 1590 2246 Et
1642 2189 1802 2244 modo
1855 2190 1992 2255 hoc,

415 2284 579 2337 modo
614 2283 767 2348 illud,
798 2283 982 2338 multis
1033 2298 1098 2338 ac
1124 2283 1355 2339 diversis
1388 2282 1696 2338 rationibus
1730 2280 1995 2336 doceban-

417 2386 523 2429 tur.
559 2374 693 2431 Νοιο
725 2375 994 2431 interdum
1025 2374 1324 2445 simplicem
1349 2375 1601 2430 notitiam
1630 2372 1993 2442 accipiebant,

417 2468 627 2538 Spiritu
658 2478 857 2525 sancto
877 2469 1137 2523 docente:
1165 2467 1434 2522 interdum
1466 2466 1822 2522 nihilominus
1853 2481 1995 2536 qute-

415 2561 539 2621 dam
595 2560 682 2629 agi
720 2574 817 2630 per
866 2560 1042 2614 visum
1092 2558 1428 2623 cernebant,
1471 2557 1584 2614 Deo
1638 2558 1797 2613 aliter
1834 2568 1995 2628 atque

414 2651 593 2718 aliter,
627 2660 683 2708 et
734 2653 785 2706 iu
839 2651 1076 2709 obscura
1125 2650 1308 2721 specie
1349 2650 1607 2721 mysteria
1658 2650 1765 2706 illis
1806 2650 1994 2705 infor-

415 2755 602 2799 mante
655 2758 720 2799 ac
756 2744 1138 2821 patefa‘cieute.
1178 2742 1372 2799 Beatus
1423 2744 1570 2798 enim
1610 2742 1774 2798 lsaias
1808 2751 1995 2797 narrat

415 2850 476 2891 se
530 2835 737 2891 vidisse
784 2837 1067 2891 Dominum
1120 2835 1383 2901 Sabaoth,
1442 2854 1461 2887 ι
1495 2833 1788 2890 Sedentem
1832 2850 1994 2904 super

414 2926 553 2984 solio
578 2926 809 2985 excelso.
854 2937 913 2984 et
944 2928 1177 2991 elevato,
1212 2928 1692 2983 circumstantibus
1734 2942 1857 2982 eum
1890 2930 1991 2983 Se-

415 3022 665 3091 rapbim,
712 3031 768 3078 et
823 3023 1067 3079 vicissim
1126 3022 1563 3079 collaudantibus
1588 3023 1651 3076 “.
1684 3041 1704 3075 ι
1771 3022 1993 3077 Diviuus

414 3123 597 3170 autem
628 3113 879 3174 Ezechiel
922 3116 1175 3171 thronum
1201 3130 1261 3170 se
1290 3115 1640 3186 conspexisse
1669 3114 1801 3170 dicit
1829 3130 1993 3186 super

2104 556 2298 625 ϐηκὼς
2349 556 2449 610 ἐπὶ
2502 558 2689 611 ἵππον
2734 557 2998 627 πυρῤόν,
3048 557 3150 610 καὶ
3196 551 3373 621 οὗτος
3419 556 3683 622 εἱστήκει

2104 646 2413 717 ἀναμέσον
2458 646 2576 701 τῶν
2615 646 2723 702 δύο
2777 646 2960 716 ὀρέων
3006 644 3125 700 τῶν
3174 646 3538 709 κατασκίων,
3581 646 3682 699 καί

2104 742 2297 799 ὀπίσω
2324 740 2509 796 αὐτοῦ
2533 741 2702 794 ἵπποι
2728 739 2961 809 πυρῤοὶ,
2995 738 3095 793 καὶ
3126 739 3329 808 ψαροι,
3359 737 3459 793 καὶ
3487 737 3685 791 ποικί-

2102 830 2221 895 λοι,
2254 828 2350 882 καὶ
2379 828 2611 885 λευκοί.
2638 828 2750 883 Καὶ
2781 824 2920 882 sieta
2940 843 2954 858 ·
3007 827 3075 882 Τί
3109 822 3294 892 οὗτοι,
3330 828 3545 895 Κύριε;
3570 825 3685 880 Kal

2102 913 2232 971 εἷπε
2278 918 2428 986 πρός
2468 934 2543 987 με
2593 919 2847 988 ἅγγελος
2889 920 2922 971 ὀ
2964 917 3174 973 λαλῶν
3210 918 3291 989 ἐν,
3315 917 3484 987 ἐμοί’
3533 914 3683 985 Ἐγὼ

2102 1009 2279 1074 δείξω
2310 1024 2411 1064 σοι
2436 1010 2494 1063 τί
2517 1010 2646 1063 ἐστι
2676 1008 2884 1064 ταῦτα.
2928 1010 3035 1064 Kal
3079 1009 3369 1078 ἀπεκρίθη
3397 1010 3430 1063 d
3460 1005 3614 1074 ἀνὴρ
3645 1008 3679 1060 ό

2102 1100 2449 1169 ἐφεστηκὼς
2480 1099 2788 1169 ἀναμέσον
2813 1097 2933 1154 τῶν
2970 1099 3173 1168 ὀρέων,
3206 1098 3304 1153 καί
3355 1094 3486 1152 εἷπε
3530 1098 3681 1165 πρός

2096 1208 2209 1263 με’
2254 1188 2433 1249 Οὗτοί
2475 1194 2633 1246 εἰσιν
2684 1191 2793 1257 οὓς
2834 1191 3225 1256 ἐξαπέστειλε
3271 1190 3487 1259 Κύριος
3522 1201 3682 1255 περι-

2103 1283 2351 1339 οδεῦσαι
2397 1282 2513 1352 τὴν
2554 1281 2693 1353 γῆν.
2732 1280 2843 1337 Kal
2888 1283 3301 1352 ἀπεκρίθησαν
3329 1279 3409 1347 τῷ
3448 1278 3682 1349 ἀγγέλῳ

2101 1376 2324 1444 Κυρίου
2368 1376 2450 1442 τῷ
2497 1375 2784 1445 ἐφεστῶτι
2827 1374 3136 1445 ἀναμέσον
3174 1374 3293 1428 τῶν
3334 1373 3538 1442 ὀρέων,
3577 1371 3679 1424 καὶ

2102 1466 2275 1521 εἷπον
2295 1480 2310 1497 ⁸
2358 1465 2850 1535 Περιωδεύσαμεγ
2880 1464 3089 1520 πᾶσαν
3115 1463 3232 1533 τὴν
3259 1461 3393 1533 γῆν,
3422 1462 3519 1516 καὶ
3549 1459 3680 1514 ίδοὺ

2103 1555 2273 1613 πᾶσα
2297 1557 2335 1625 ἡ
2363 1555 2439 1627 γῆ
2473 1554 2853 1620 κατοικεῖται,
2882 1556 2981 1609 καὶ
3012 1553 3319 1625 ἡσυχάζει.

2176 1648 2254 1702 E’.
2296 1648 2425 1703 Ἀνὰ
2456 1649 2622 1720 μέρος
2652 1648 2747 1702 καὶ
2775 1648 2916 1701 κατὰ
2953 1648 3178 1719 καιροὺς
3206 1646 3304 1710 τὰς
3330 1645 3549 1717 ὁράσεις
3568 1645 3683 1708 τοῖς

2102 1742 2281 1812 ἁγίοις
2328 1743 2633 1813 προφήταις
2684 1740 3046 1808 ἐξεκάλυπτεν
3076 1740 3105 1793 ὁ
3134 1739 3287 1804 Θεός.
3318 1739 3391 1792 Οὐ
3425 1737 3534 1809 γάρ
3576 1734 3679 1789 πού

304 1810 309 1831 ⁴
421 1831 598 1891 potest
628 1836 864 1891 semper,
907 1831 962 1878 et
989 1823 1204 1888 crebro,
1235 1832 1292 1880 et
1324 1821 1473 1895 nullo
1503 1836 1727 1893 prorsus
1758 1824 1991 1878 interce-

2099 1810 2273 1904 φαμεν
2301 1810 2645 1898 οὒς-ἀείνπου,
2677 1833 2770 1886 καὶ
2794 1831 2984 1904 συχνὴ,
3008 1830 3103 1884 καὶ⁸
3130 1830 3453 1892 άδιάστατος
3479 1842 3681 1880 παντε-

2096 1926 2203 1991 λῶς
2235 1929 2269 1998 ἡ
2295 1927 2395 1998 τῆς
2418 1926 2672 1991 θεοπτίας
2699 1926 2883 1989 αὐτοῖς
2910 1925 3228 1995 ἐχορηγεῖτο
3249 1920 3428 1993 χάρις,
3455 1919 3681 1973 καὶτῶν

2096 2019 2370 2090 ἐσομένων
2396 2017 2758 2088 ἀποκάλυψις.
2790 2015 2949 2071 Κατὰ
2971 2016 3197 2087 καιροὺς
3226 2015 3283 2067 δὲ
3314 2011 3535 2085 μᾶλλον,
3550 2010 3680 2075 τοὺς

2096 2112 2311 2183 ἑκάστῳ
2338 2110 2620 2182 πράγματι
2648 2109 2978 2181 πρέποντας,
3006 2107 3102 2163 καὶ
3130 2107 3272 2163 κατὰ
3313 2107 3375 2160 τὸ
3406 2104 3552 2174 αὐτῷ
3596 2102 3675 2156 δο-

2096 2203 2227 2258 κοῦν
2277 2202 2356 2272 τῷ
2402 2200 2842 2257 ἀποκαλύπτοντι
2872 2201 2940 2254 τὰ
2974 2198 3355 2271 κεκρυμμένα.
3392 2198 3503 2251 Καὶ
3547 2195 3680 2249 ποτέ

2099 2296 2198 2367 μὲν
2224 2293 2402 2359 τοῦτο,
2442 2292 2574 2347 ποτὲ
2609 2292 2668 2346 δέ
2695 2294 2892 2355 ἐκεῖνο,
2927 2290 3070 2345 κατὰ
3096 2288 3325 2353 πολλούς
3348 2305 3409 2341 τε
3444 2287 3539 2342 καὶ
3567 2287 3682 2341 δια-

2097 2387 2295 2458 φόρους
2325 2383 2671 2441 ἐπαιδεύοντο
2691 2381 3110 2458 τρόπους.Ἔσθ’
3127 2382 3215 2435 ὅτε
3247 2381 3344 2453 μὲν
3371 2379 3480 2451 γάρ
3501 2377 3683 2448 ἁπλῆν

2096 2480 2344 2550 ἐδέχοντο
2372 2477 2596 2548 γνῶσιν,
2626 2474 2950 2547 ἐνηχοῦντος
2983 2475 3167 2539 αὐτοῖς
3202 2472 3298 2527 τοῦ
3329 2473 3485 2541 ἁγίου
3505 2470 3682 2525 Πνεύ-

2099 2587 2268 2642 ματος
2292 2585 2305 2599 ·
2329 2568 2439 2624 ἔσθ’
2464 2570 2553 2624 ὅτε
2576 2568 2634 2623 δέ
2658 2570 2794 2642 πρὸς
2823 2567 2999 2636 τούτῳ
3030 2566 3126 2620 καὶ
3149 2568 3207 2619 ἐν
3231 2564 3422 2628 αὑταῖς
3454 2564 3681 2636 όράσεσι

2094 2663 2202 2717 τῶν
2229 2662 2521 2734 δρωμένων
2546 2663 2805 2731 ἐγίνοντο,
2837 2661 3023 2715 ἄλλοτε
3056 2658 3232 2721 ἄλλως
3251 2657 3434 2721 αὐτοῖς
3451 2656 3680 2727 διαμορ-

2095 2753 2323 2823 φοῦντος
2375 2754 2511 2808 Θεοῦ
2565 2755 2659 2808 καὶ
2725 2752 3204 2815 ἁποκαλύπτοντος
3264 2747 3682 2820 αἰνιγματωδῶς

2098 2847 2391 2918 μυστήρια.
2409 2847 2637 2911 Ἡσαΐας
2682 2846 2781 2917 μὲν
2833 2846 2944 2917 γὰρ
2993 2847 3020 2898 ό
3075 2843 3346 2916 μακάριος
3386 2838 3679 2896 τεθεᾶσθαι

2093 2955 2227 3009 φησι
2263 2937 2355 2991 τὸν
2394 2937 2598 3008 Κύριον
2636 2934 2921 2999 Σαὸὁαὼθ,
2955 2952 2974 2985 ι
3007 2934 3331 3005 Καθήμενον
3364 2930 3460 2984 ἐπὶ
3485 2928 3680 3001 θρόνου

2095 3031 2301 3102 ὑψηλοῦ
2334 3032 2430 3083 καὶ
2474 3029 2820 3101 ἐπηρμένου,
2870 3026 3309 3099 περιεστηκότων
3360 3022 3526 3078 αὐτὸν
3565 3019 3679 3076 τῶν

2095 3120 2364 3192 Σεραφὶμ,
2392 3120 2487 3174 καὶ
2530 3118 2920 3190 εὐφημούντων
2958 3116 3019 3182 ἐξ
3062 3116 3317 3188 ἀμοιϐῆς.
3348 3133 3368 3168 s
3407 3114 3466 3168 '0
3511 3112 3569 3167 δέ
3611 3128 3681 3181 γε

412 3206 780 3272 ﬁrmamento,
812 3214 867 3262 et
911 3208 1013 3264 sub
1057 3222 1123 3264 eo
1157 3207 1463 3277 Serapbim.
1508 3206 1865 3277 Aliirmatque
1906 3222 1992 3262 se-

2099 3186 2387 3276 θεσπέσιος
2419 3186 2688 3281 Ἰεζεχιῇλ-
2711 3209 2901 3281 θρόνον
2928 3186 3217 3263 τεθεᾶσθαι
3242 3186 3405 3277 φησιν
3436 3204 3530 3257 ἐπὶ
3559 3220 3681 3258 στε-

412 3299 631 3354 dentem
676 3313 841 3369 super
881 3300 1079 3355 throno
1124 3313 1185 3355 se
1228 3298 1504 3364 intuitum,
1536 3297 1711 3354 forma
1756 3298 1992 3369 gemina,

414 3391 733 3447 inferiorem
771 3391 988 3462 quidem
1031 3390 1147 3458 eius
1190 3400 1422 3461 partem,
1488 3406 1519 3445 a
1578 3390 1774 3446 lumbis
1824 3404 1995 3461 usque

416 3483 701 3548 deorsum,
728 3482 905 3553 ignem
938 3480 1222 3546 evidenter
1249 3480 1574 3538 relereutem
1608 3499 1622 3537 :
1655 3482 1992 3552 superiorem

411 3588 546 3629 vero
592 3573 879 3632 electrum.
925 3572 1056 3641 Quae
1110 3573 1317 3644 singula
1372 3584 1564 3628 exacte
1588 3575 1633 3605 ¹¹
1677 3582 1736 3627 et
1775 3572 1994 3642 cupiose

412 3662 692 3733 explanari
729 3672 971 3734 possent,
1004 3666 1049 3720 si
1088 3666 1175 3720 cui
1204 3680 1425 3730 causas,
1459 3664 1817 3734 quamobrem
1848 3663 1993 3719 Deus

413 3753 749 3811 multifarias
767 3756 1009 3811 visiones
1030 3755 1110 3811 eis
1137 3756 1421 3820 obtulerit,
1456 3754 1694 3825 peuitius
1730 3754 1993 3825 indagare

358 3918 367 3925 ﬁ
412 3844 635 3907 liberet,
670 3843 764 3899 Sic
808 3860 940 3916 ergo
988 3855 1044 3899 et
1096 3846 1285 3901 beatus
1320 3844 1614 3901 Zacharias
1657 3853 1892 3914 tempus,
1939 3853 1997 3899 et

413 3936 553 4001 dies,
588 3944 643 3992 et
672 3951 912 3995 mensem
936 3939 1221 4007 perspicue
1242 3936 1576 4008 exprimens,
1603 3935 1897 3993 Dominum
1934 3948 1995 3990 se

296 4092 301 4093 ί
411 4027 467 4080 in
511 4026 683 4085 forma
730 4038 916 4084 nostra
963 4028 1164 4086 vidisse
1207 4029 1520 4086 conﬁtetur.
1569 4031 1758 4099 inquit
1802 4029 1989 4084 enim:

419 4139 438 4169 ι
472 4120 613 4175 Ecce
658 4122 761 4187 vir,
791 4121 882 4191 qui
931 4122 1258 4178 ascenderat
1290 4136 1453 4191 super
1486 4136 1686 4191 equum
1724 4120 1929 4175 rufum.
1966 4138 1986 4172 s

408 4212 583 4289 659:.
610 4213 817 4281 Quibus
870 4215 1050 4271 verbis
1096 4214 1253 4285 quasi
1309 4214 1449 4270 bello
1510 4214 1870 4269 exercitatum
1939 4221 1995 4269 et

409 4306 665 4364 militaris
706 4306 1007 4377 disciplinas
1041 4322 1146 4361 non
1188 4307 1436 4376 ignarum
1484 4305 1653 4361 tacite
1693 4304 1990 4374 signiﬁcat.

410 4393 569 4461 Equo.
609 4394 754 4450 enim
808 4395 1072 4461 insidere,
1126 4405 1181 4451 et
1226 4396 1444 4466 quidem
1496 4394 1635 4461 rufo,
1692 4406 1749 4450 et
1791 4395 1993 4451 coloris

330 4532 345 4551 ,
409 4486 570 4555 quasi
603 4489 909 4558 sanguinei,
943 4489 1050 4545 tale
1092 4490 1221 4558 quid
1269 4490 1373 4545 sibi
1409 4488 1661 4558 deinceps
1695 4488 1836 4545 velle
1873 4490 1988 4560 opi-

410 4592 531 4632 nor.
565 4577 773 4649 Pugnat
808 4581 955 4635 enim
1007 4582 1387 4635 universorum
1433 4579 1576 4635 Deus
1614 4587 1804 4635 contra
1853 4583 1991 4637 resi-
2024 4566 2069 4622 Ῑ)

408 4677 616 4729 stentes
647 4673 775 4737 sibi,
803 4681 858 4727 et
886 4682 1144 4749 tauquam
1187 4674 1357 4728 hostis
1396 4684 1585 4731 contra
1624 4676 1899 4746 rebellem,
1935 4688 1994 4735 et

409 4765 697 4831 superbam
731 4765 994 4825 adversus
1037 4781 1098 4822 se
1147 4768 1345 4822 mentis
1377 4769 1646 4825 cervicem
1687 4774 1989 4842 erigentes,

407 4870 558 4909 arma
618 4857 874 4927 capessit.
944 4858 1237 4914 Faciebant
1285 4860 1460 4927 istud,
1516 4871 1573 4917 et
1626 4863 1995 4920 audacissime

407 4950 688 5018 lsraclitaa,
727 4950 970 5007 indutam
1029 4953 1313 5023 ipsamque
1358 4954 1790 5026 Hierosolymam
1838 4957 1994 5011 inco-

406 5044 623 5101 lentes:
650 5046 781 5113 quin
807 5054 861 5099 et
892 5047 1127 5118 regionis
1149 5046 1542 5105 Samaritarum
1567 5051 1853 5119 indigenae,
1881 5052 1989 5106 hoc

407 5144 517 5204 est,
546 5138 735 5197 decem
765 5139 961 5197 tribus.
994 5141 1395 5200 Descenderam
1425 5145 1571 5199 enim
1607 5145 1673 5199 ad
1702 5145 1987 5200 colendam

409 5231 633 5286 deorum
665 5232 1082 5299 multitudinem,
1114 5245 1171 5293 et
1200 5236 1528 5293 manufactis
1556 5237 1770 5292 divinos
1808 5237 1981 5291 bono.-

406 5337 498 5378 res
548 5323 865 5392 tribuentes,
914 5326 1102 5383 vitulis
1143 5329 1326 5385 aureis
1370 5329 1748 5385 acclamabant
1787 5346 1801 5383 :
1840 5347 1860 5381 ι
1888 5327 1982 5384 isti

407 5424 534 5470 sunt
562 5415 634 5471 dii
670 5417 746 5472 tui
781 5416 964 5485 lsracl,
1002 5421 1093 5491 (pii
1120 5422 1426 5480 eduxerunt
1461 5432 1513 5477 te
1553 5423 1627 5477 de
1649 5431 1791 5477 terra
1813 5421 1984 5493 Egy-

406 5507 487 5574 ι)ιὶ
512 5506 591 5575 ⁸³;
628 5527 647 5561 ι
686 5519 744 5569 et
777 5511 995 5583 insuper
1026 5514 1364 5585 legislatoris
1401 5516 1856 5587 praeceptionibus
1896 5532 1983 5571 sa-

407 5599 519 5657 cris
565 5603 791 5659 omnino.
827 5609 1177 5678 contemptis,
1237 5623 1353 5679 quo.
1397 5624 1673 5681 quemque
1714 5610 1983 5679 cupiditas

2101 3304 2403 3374 ρεὼματος,
2446 3302 2820 3373 ὑποκειμένων
2866 3301 2975 3356 τῶν
3014 3298 3440 3371 Σεραφίμ.Ἔφη
3488 3296 3566 3362 δὲ,
3594 3296 3680 3351 ὅτι

2095 3396 2187 3451 τὸν
2217 3395 2312 3449 ἐπὶ
2334 3394 2522 3466 θρόνου
2551 3396 2861 3466 καθήμενον
2891 3392 3105 3465 ἑώρακε
3130 3390 3405 3462 διφυᾶ,ὡς
3434 3388 3504 3444 τὰ
3528 3391 3683 3444 κάτω

2100 3488 2201 3559 μὲν
2241 3488 2351 3543 ἀπὸ
2389 3488 2590 3558 ὀσφύος
2632 3490 2691 3541 ἐν
2737 3487 2869 3540 εῖδει
2899 3486 3073 3557 πυρὸς
3114 3485 3343 3558 ὁρᾶσθαι
3384 3481 3592 3552 σαφῶς,
3621 3483 3682 3535 ἐν

2094 3581 2285 3655 ὁράσει
2307 3580 2365 3635 δὲ
2396 3580 2664 3651 ἠλέκτρου
2709 3579 2780 3633 τὰ
2822 3579 2955 3634 ἄνω.
2991 3578 3101 3632 Καὶ
3150 3575 3318 3647 βαθὺς
3345 3574 3412 3630 ἂν
3443 3573 3679 3643 γένοιτο,

2095 3675 2194 3729 καὶ
2221 3673 2431 3745 μακρὸς
2456 3674 2487 3726 ό
2519 3673 2605 3741 ἐφ’
2644 3671 2860 3742 ἑκάστῳ
2889 3670 3064 3739 λόγος,
3084 3669 3244 3738 εἴπερ
3270 3666 3441 3721 ἕλοιτό
3465 3682 3549 3729 τις
3578 3681 3682 3718 πο·-

2096 3765 2500 3839 λυπραγμονείν
2548 3763 2646 3826 τὰς
2691 3762 2871 3829 αἰτίας
2920 3761 3014 3817 τοῦ
3073 3758 3368 3822 πολυειδεῖς
3425 3756 3681 3827 γενέσθαι

2098 3858 2251 3926 παρὰ
2281 3856 2416 3909 Θεοῦ
2446 3854 2545 3919 τὰς
2580 3854 2798 3925 ὁράσεις
2825 3855 3029 3917 αὐτοῖς.
3064 3852 3221 3906 Οὕτω
3263 3846 3553 3919 τοιγαροῦν
3583 3846 3681 3901 καὶ

2096 3950 2127 4005 ὁ
2154 3945 2422 4018 μακάριος
2448 3943 2725 4015 Ζαχαρίας
2747 3942 2958 4016 καιρὸν,
2991 3940 3086 3994 καὶ
3112 3938 3346 4010 ἡμέρας,
3380 3934 3475 3989 καὶ
3533 3932 3681 4005 μῆνα

2097 4038 2284 4109 σαφῶς
2324 4037 2682 4108 ὁρισάμενος,
2716 4033 3004 4088 τεθεᾶσθαί
3050 4047 3184 4102 φησι
3231 4028 3322 4083 τὸν
3368 4026 3573 4098 Κύριον
3622 4026 3681 4078 ἐν

2097 4131 2228 4185 εῐδει
2259 4128 2338 4200 τῷ
2370 4128 2491 4183 καθ’
2523 4130 2691 4198 ἡμᾶς.
2732 4145 2750 4178 ι
2773 4126 2905 4178 Ἰδοὺ
2934 4124 3043 4194 γάρ
3072 4122 3233 4192 ἀνὴρ,
3264 4120 3451 4190 φησιν,
3494 4117 3682 4171 ἐπιδε-

2096 4222 2285 4294 δηκὼς
2319 4221 2404 4292 ἐφ’
2438 4222 2604 4274 ἵππον
2635 4218 2863 4292 πυρρόν.
2899 4237 2917 4269 ι
2956 4215 3262 4270 Αἰνίττεται
3287 4213 3345 4265 δὲ
3373 4211 3461 4265 διὰ
3483 4209 3677 4289 τούτου

2098 4315 2190 4368 τὸν
2223 4311 2505 4375 οἱονείπως
2549 4308 3023 4381 ἐμπειροπόλεμον
3046 4305 3153 4359 ’καὶ
3193 4303 3373 4357 εἰδότα
3396 4302 3467 4356 τὰ
3491 4319 3681 4355 τακτι-

2098 4407 2189 4465 κά.
2220 4405 2295 4459 Τὸ
2321 4404 2431 4475 γὰρ
2460 4405 2612 4473 ἵππῳ
2657 4402 2753 4473 μὲν
2796 4400 3069 4469 ἐφιζῆσαι,
3101 4388 3196 4451 καὶ
3238 4395 3414 4467 τούτῳ
3460 4393 3678 4468 πυρῤᾧ,

2100 4500 2195 4554 καὶ
2241 4499 2338 4570 τὴν
2380 4495 2493 4551 οἷον
2544 4496 2604 4561 ἐξ
2647 4496 2877 4565 αἵματος
2903 4492 3080 4563 ἔχοντι
3112 4489 3326 4562 χροιὰν,
3350 4487 3589 4543 τοιοῦτόν
3623 4502 3680 4539 τι

2096 4590 2249 4664 οἶμαί
2282 4609 2383 4646 που
2416 4590 2704 4661 σημαίνειν
2728 4587 2932 4641 λοιπόν.
2964 4587 3213 4655 Μάχεται
3236 4582 3343 4653 γὰρ
3363 4584 3391 4636 ὁ
3412 4581 3519 4635 τῶν
3539 4580 3679 4634 ὅλων

2096 4687 2229 4750 Θεὸς
2276 4688 2387 4749 τοῖς
2437 4682 2821 4750 ἁντεξάγουσιν
2853 4678 3023 4749 αὐτῷ,
3055 4678 3150 4731 καὶ
3181 4671 3270 4731 οἷά
3297 4693 3381 4739 τις
3415 4673 3681 4744 πολέμιος

2096 4774 2481 4840 ἁνθοπλίζεται
2518 4776 2628 4835 τοῖς
2648 4769 2848 4840 ἀπειθῆ
2874 4769 2969 4824 καὶ
2992 4769 3272 4840 ἀγέρωχον
3293 4764 3679 4820 ἀντανιστᾶσιν

2096 4867 2246 4939 αὐτῷ
2280 4868 2371 4922 τὸν
2403 4866 2502 4936 τῆς
2536 4863 2783 4927 διανοίας
2811 4859 3255 4933 αὑχένα.Ἔδρων
3278 4857 3337 4912 δὲ
3373 4857 3550 4922 τοῦτο,
3583 4856 3681 4908 καὶ

2102 4959 2247 5028 μάλα
2274 4956 2559 5021 νεανικῶς,
2587 4956 2637 5008 οἱ
2667 4953 2727 5017 ἐξ
2747 4952 2974 5023 αἵματος
2996 4949 3231 5022 Ἰσραὴλ,
3260 4947 3393 5001 οἵτε
3425 4945 3523 5017 τὴν
3546 4945 3680 4998 Ἰου-

2096 5033 2254 5104 δαίαν
2303 5050 2398 5103 καὶ
2439 5047 2610 5118 αὐτὴν
2654 5044 2934 5108 οἰκοῦντες
2981 5044 3082 5115 τὴν
3136 5039 3529 5113 Ἰερουσαλήμ·
3582 5036 3681 5090 καὶ

2101 5144 2207 5216 μὴν
2232 5144 2325 5197 καὶ
2350 5144 2400 5196 οἱ
2424 5142 2523 5213 τὴν
2545 5139 2902 5211 Σαμαρειτῶν
2920 5137 3103 5209 χώραν
3122 5137 3355 5205 ἔχοντες,
3373 5130 3678 5195 τουτέστιν,

2096 5241 2153 5293 αἱ
2203 5238 2335 5293 δέκα
2383 5234 2917 5305 φυ).αί.Ἑτράποντο
2964 5230 3073 5301 γὰρ
3116 5231 3196 5289 εἰς
3240 5223 3555 5289 πολυθεῒαν,
3584 5221 3678 5276 καὶ

2095 5333 2209 5393 τοῖς
2237 5329 2623 5400 χειροκμήτοις
2669 5326 2731 5379 τὸ
2780 5325 2944 5386 σέϐας
2989 5323 3338 5382 ἁνάπτοντες,
3367 5315 3680 5386 ἐπεφώνουν

2098 5426 2215 5485 ταῖς
2261 5419 2519 5491 δαμάλεσι
2566 5420 2686 5481 ταῖς
2735 5418 2994 5488 χρυσαῖς’
3054 5432 3074 5465 ι
3103 5408 3263 5465 Οἶιτοι
3314 5411 3364 5463 oi
3413 5408 3525 5462 θεοί
3574 5423 3678 5468 σοι,

2112 5514 2350 5586 Ἰσραὴλ,
2378 5514 2574 5575 οἵτινες
2634 5509 2912 5581 άνήγαγόν
2963 5522 3020 5560 σε
3069 5507 3133 5559 ἐκ
3178 5505 3280 5573 γῆς
3324 5502 3619 5570 Αἰγύπτου,
3652 5516 3671 5549 s

2101 5610 2194 5663 καὶ
2221 5607 2357 5677 πρός
2388 5623 2449 5674 γε
2469 5605 2534 5676 δὴ
2562 5603 2773 5668 τούτοις
2802 5601 2909 5656 τῶν
2938 5600 3031 5655 τοῦ
3066 5596 3355 5671 νομοθέτου
3379 5589 3660 5661 θεσπισμά

484 5773 523 5809 ¹¹
560 5778 659 5836 lsa.
704 5798 777 5849 γι,
816 5783 859 5837 Ι.
943 5786 995 5815 ’³η
1020 5785 1214 5841 Ezcch.
1244 5803 1280 5852 ι,
1321 5787 1337 5841 l
1380 5804 1531 5857 seqq.
1613 5790 1652 5819 ’³
1682 5788 1849 5846 Exod.
1882 5803 1959 5856 ut,

2109 5786 2173 5843 ill
2207 5787 2337 5859 Reg.
2372 5802 2471 5853 xu,
2503 5785 2593 5840 ‘28.
