3936 6318
516 391 587 444 ΞΒ
1504 391 1559 444 S.
1599 387 1868 444 CYRILLI
1906 386 2373 444 ALEXANDRINI
2410 387 2729 444 ARCHIEP.
3691 398 3762 452 25

519 504 789 573 parabolis
830 504 1174 575 evangelictn.
1213 506 1305 558 Ait
1333 506 1476 559 enim
1507 504 1701 560 alicubi
1733 505 1984 563 Christus
2019 506 2083 560 de

2187 505 2343 574 λικῆς
2386 506 2701 576 παραϐολῆς
2734 507 3198 579 ήδῦναμις.Ἔφη
3242 507 3355 582 γάρ
3394 528 3494 566 που
3530 512 3765 584 Χριστὸς

518 610 788 666 synagoga
839 595 1169 663 Jutlzeornm,
1223 597 1324 652 sub
1376 597 1653 654 involucra
1706 598 1782 654 illi
1831 611 2083 653 eventura

2198 596 2327 666 περὶ
2360 596 2458 666 τῆς
2490 595 2597 648 τῶν
2624 597 2890 650 Ἰουδαίων
2923 600 3264 671 συναγωγῆς,
3300 601 3362 655 τὸ
3407 603 3596 673 μέλλον
3628 605 3764 674 αὑτῆ

520 699 937 754 νῐωιηοηειτοηε
967 705 980 742 :
1017 704 1035 738 ι
1063 687 1253 742 Ficum
1287 688 1516 744 habebat
1542 690 1760 759 quidam
1791 689 2090 759 plantatam

521 777 573 831 in
603 792 732 846 agro
781 793 882 833 suo
908 779 973 834 ιτ.
1011 798 1030 831 ι
1070 777 1242 846 Quam
1279 789 1336 835 ut
1364 781 1604 836 sterilem
1635 782 1953 837 exscindere
1994 798 2092 836 vo-

522 869 652 932 luit,
704 870 865 938 idque
926 871 1124 926 cultori
1189 875 1358 927 vinea:
1410 873 1729 928 mandavit:
1770 890 1789 924 ι
1823 872 2091 928 Exscinde

521 959 687 1023 illam,
710 959 888 1030 inquit
915 979 928 1015 :
963 970 1021 1015 ut
1053 962 1184 1031 quid
1213 963 1388 1017 adhuc
1420 970 1622 1017 terram
1653 962 1916 1033 occupat?
1951 962 2087 1016 Tum

518 1053 696 1107 cultor
730 1071 743 1105 :
780 1054 1022 1118 Domine,
1045 1055 1162 1110 sine
1197 1055 1359 1109 illam
1383 1056 1547 1111 etiam
1583 1055 1688 1111 hoc
1718 1069 1882 1120 anno,
1916 1069 2089 1124 usque

521 1149 646 1200 dum
686 1146 883 1201 fodiam
933 1148 1076 1202 circa
1127 1147 1296 1214 illam,
1341 1156 1394 1203 et
1441 1149 1651 1202 mittam
1707 1156 1951 1202 stercora
1986 1164 2000 1200 :
2034 1153 2090 1201 et

519 1236 750 1290 fortasse
797 1236 991 1291 fecerit
1037 1237 1272 1291 fructum
1326 1237 1378 1292 in
1416 1244 1694 1306 posterum
1745 1254 1758 1290 :
1805 1236 1853 1290 si
1887 1237 2086 1300 minus,

517 1328 802 1382 exscindes
845 1343 964 1383 eam
993 1328 1057 1380 ι’.
1095 1347 1113 1381 ι
1146 1327 1284 1394 Quid
1329 1329 1473 1384 enim
1519 1328 1661 1383 aliud
1706 1327 1860 1383 nobis
1903 1327 1958 1382 in
2002 1327 2088 1382 his

520 1435 748 1483 persona
805 1421 1052 1476 vinitoris
1101 1421 1365 1487 insinuat,
1411 1422 1513 1477 nisi
1554 1420 1870 1492 praal‘ectnm
1915 1435 2088 1491 ange-

518 1513 650 1578 lum,
681 1521 735 1567 et
785 1513 854 1568 ad
903 1515 1096 1583 ipsam,
1147 1523 1206 1568 ut
1247 1513 1382 1578 dixi,
1429 1514 1780 1570 erudiendam
1819 1514 2086 1570 constitu-

519 1607 677 1658 tum?
722 1604 890 1675 igitur
943 1606 1052 1662 Deo
1091 1606 1454 1677 captivitatem
1497 1621 1640 1662 anno
1691 1607 2087 1678 septuagesimo

517 1699 1018 1765 circumscribente,
1056 1708 1182 1754 ante
1216 1699 1268 1754 id
1315 1707 1524 1770 tempus
1554 1699 1786 1765 ﬁnitum,
1819 1699 2087 1754 silendum

517 1786 616 1842 fuit
646 1789 972 1854 necessario,
1014 1803 1086 1844 ne
1109 1789 1405 1844 Dominicis
1437 1791 1658 1846 nutibus
1701 1790 1977 1845 adversari
2007 1789 2088 1844 vi-

2199 686 2579 756 συμϐήσεσθαι
2603 688 3030 757 προαναδεικνῦς
3055 692 3469 761 αἰνιγματωδῶς
3488 711 3501 724 ο
3543 713 3561 745 ι
3588 695 3766 762 Συκῆν

2197 772 2307 846 εἶχέ
2349 793 2431 839 τις
2465 778 2877 848 πεφυτευμένην
2909 780 2965 832 ἑν
2997 780 3072 850 τῷ
3097 782 3251 852 ἀγρῷ
3273 782 3459 838 αὑτοῦ.
3492 803 3510 834 ι
3548 785 3766 854 Ἐπειδὴ

2195 869 2251 920 δὲ
2281 870 2528 938 ἄκαρπος
2557 865 2643 940 ἦν,
2671 871 2958 925 ἐκκόπτειν
2996 873 3162 944 αὐτὴν
3193 874 3375 945 ήθελε,
3399 879 3493 928 καὶ
3517 876 3581 947 δὴ
3609 875 3766 929 τοῦτο

2195 959 2324 1030 δρᾷν
2357 961 2573 1014 ἐκέλευε
2596 961 2768 1030 λέγων
2793 962 2872 1034 τῷ
2915 964 3167 1034 γηπόινῳο
3213 984 3230 1015 ι
3260 966 3528 1036 Ἔκκοψον
3574 965 3765 1037 αὐτὴν,

2199 1053 2284 1105 ἵνα
2313 1053 2365 1106 τί
2391 1053 2485 1107 καὶ
2505 1053 2600 1125 τὴν
2627 1055 2731 1125 γῆν
2754 1059 3054 1127 καταργεῖ;
3099 1057 3156 1110 '0
3179 1057 3235 1111 δὲ
3258 1059 3393 1127 πρὸς
3420 1058 3579 1112 τοῦτό
3597 1074 3762 1129 φησι·

2196 1145 2389 1218 Κύριε,
2418 1147 2551 1216 ἄφες
2585 1146 2753 1219 αὐτὴν
2788 1149 2879 1202 καὶ
2907 1149 3063 1203 τοῦτο
3095 1151 3154 1203 τὸ
3186 1149 3321 1215 ἔτος,
3351 1150 3454 1214 ἑως
3483 1150 3548 1205 ἂν
3575 1150 3767 1220 σκάψω

2196 1237 2325 1308 περὶ
2345 1237 2535 1308 αὐτὴν,
2556 1237 2650 1290 καὶ
2675 1238 2852 1307 βάλλω
2875 1239 3079 1311 κόπρια
3102 1257 3116 1272 ·
3146 1240 3248 1295 κᾶν
3277 1241 3374 1311 μὲν
3405 1243 3606 1314 ποιήσῃ
3632 1259 3767 1312 καρ⁴

2196 1328 2296 1382 πὸν
2319 1330 2398 1392 εἰς
2425 1328 2485 1381 τὸ
2511 1329 2704 1399 μέλλον
2728 1347 2742 1360 ο
2771 1331 2818 1383 εί
2845 1331 2900 1384 δὲ
2931 1332 3005 1402 μή
3035 1350 3122 1400 γε,
3154 1333 3408 1403 ἐκκόψεις
3440 1334 3630 1404 αὐτήν,
3656 1354 3675 1386 ι
3703 1334 3765 1386 Τί

2195 1420 2302 1492 γὰρ
2327 1421 2512 1491 ἕτερον
2532 1423 2664 1492 ἡμῖν
2692 1423 2751 1474 ἑν
2771 1421 2980 1486 τούτοις
3005 1423 3065 1476 τὸ
3095 1424 3186 1477 τοῦ
3213 1426 3452 1496 γηπόνου
3478 1426 3765 1497 πρόσωπον

2195 1511 2586 1576 ὑπαινίττεται,
2609 1511 2747 1584 πλὴν
2778 1513 2857 1567 δτι
2881 1513 2938 1566 τὸ
2960 1512 3053 1566 τοῦ
3078 1515 3476 1586 προεστηκότος
3511 1515 3763 1583 ἀγγέλου,

2194 1604 2289 1658 καὶ
2329 1603 2695 1672 παιδαγωγεῖν
2734 1604 2921 1676 αὐτὴν,
2951 1605 3026 1669 ὡς
3056 1605 3212 1676 ἔφην,
3248 1607 3719 1678 προστεταγμένου
3747 1625 3763 1672 ;

2203 1695 2516 1766 Ὀρίσαντος
2540 1692 2635 1749 οὖν
2660 1693 2756 1748 τοῦ
2780 1695 2915 1750 Θεοῦ
2945 1697 3042 1768 τῆς
3068 1697 3440 1768 αἰχμαλωσίας
3464 1698 3553 1751 τὸν
3575 1699 3764 1768 χρόνον

2194 1789 2272 1850 είς
2310 1786 2428 1850 ἔτος
2466 1787 2884 1859 ἑϐδομηκοστὸν,
2913 1787 3067 1842 οῦπω
3101 1789 3199 1858 μὲν
3225 1790 3303 1853 είς
3338 1789 3512 1860 πέρας
3539 1790 3764 1859 ἥκοντος

513 1880 756 1935 deretur.
803 1879 1071 1935 Caeterum
1123 1880 1279 1934 annis
1325 1879 1436 1948 jam
1501 1879 1832 1944 transactis,
1891 1892 2083 1948 preces

2186 1875 2278 1930 τοῦ
2310 1877 2526 1949 καιροῦ,
2558 1880 2772 1950 σιωπᾷν
2800 1874 2873 1950 ἦν
2897 1879 3209 1947 ἀναγκαῖον,
3238 1880 3314 1943 ὡς
3351 1879 3417 1934 ἂν
3464 1881 3538 1951 μή
3580 1879 3764 1950 δοκοίη

516 1970 695 2026 fundit
720 1971 1064 2041 suppliciter:
1083 1970 1504 2040 oﬂ'ensionisque
1522 1971 1829 2040 suspicione
1849 1970 2082 2034 sublata,

514 2077 636 2116 cum
685 2063 821 2117 sciat
876 2061 1164 2116 Dominum
1211 2062 1427 2117 mentiri
1458 2063 1587 2130 ﬁnon
1635 2076 1813 2131 posse,
1873 2062 2117 2131 discere_

513 2155 661 2224 cupit
687 2155 846 2226 661
879 2163 1062 2209 utrum
1101 2154 1224 2209 irati
1266 2155 1525 2219 vindicta,
1550 2154 1702 2222 juxta
1737 2162 1892 2210 vetus
1919 2153 2085 2208 bene-

513 2246 772 2316 placitum
829 2247 885 2300 in
935 2261 1134 2300 annum
1193 2247 1649 2316 septuagesimum
1706 2245 2079 2310 extendenda,

512 2340 735 2409 perinde
763 2339 1010 2404 cessarit,
1044 2339 1186 2394 sicut
1236 2353 1464 2410 peccare
1512 2339 1792 2404 desierint,
1834 2339 1924 2409 qui
1957 2353 2084 2409 pec~

511 2435 717 2490 nabant
751 2452 765 2489 :
798 2449 866 2489 an
907 2434 1046 2489 ultra
1077 2433 1252 2489 adhuc
1282 2433 1626 2503 proferenda,
1671 2432 1869 2488 additis
1891 2447 2084 2502 pecca-

513 2530 582 2583 tis
615 2526 789 2589 novis,
837 2534 891 2580 et
928 2524 1265 2595 proroganda
1297 2524 1475 2580 adhuc
1522 2523 1574 2578 in
1610 2522 1826 2589 longum
1859 2521 2084 2577 calami-

507 2630 614 2674 tas.
643 2617 851 2673 Idcirco
878 2617 952 2672 ait
980 2635 993 2671 :
1033 2635 1052 2668 ι
1086 2618 1376 2685 Quousque
1404 2630 1510 2670 non
1556 2615 1902 2670 misereberis
1925 2613 2083 2669 Ieru-

509 2713 715 2776 salem,
777 2718 833 2764 et
889 2710 1167 2764 civitatum
1228 2707 1380 2762 Judae
1435 2706 1800 2779 neglectarnm
1846 2705 1962 2776 jam
2013 2706 2081 2763 ad

509 2817 710 2856 annum
747 2816 919 2870 usque
950 2797 1442 2871 septuagesimum?
1471 2817 1493 2852 ι

577 2975 842 3042 Quocirca
907 2987 1001 3043 spe
1031 2973 1176 3028 bona
1205 2980 1260 3028 et
1284 2971 1560 3042 explorata
1584 2980 1960 3026 sustentantur
1986 2971 2078 3041 qui

509 3067 676 3120 Deum
705 3065 906 3129 colunt,
929 3066 1072 3134 quod
1099 3065 1148 3119 si
1192 3064 1478 3133 contigerit
1516 3062 1788 3120 oll'endere
1812 3078 1874 3120 ex
1926 3065 2079 3119 inlir-

509 3157 718 3222 mitate,
753 3171 878 3212 esse
901 3157 993 3226 qui
1025 3156 1166 3226 apud
1205 3155 1374 3212 Deum
1409 3170 1508 3224 pro
1563 3155 1694 3225 ipsis
1747 3155 2075 3226 supplicent,

509 3263 614 3301 non
639 3247 884 3302 homines
913 3254 1139 3313 tantum,
1160 3247 1252 3301 sed
1283 3247 1443 3301 etiam
1462 3246 1604 3313 ipsos
1630 3253 1848 3302 sanctos
1866 3247 2084 3318 angelos

508 3338 599 3406 qui
633 3337 804 3391 Deum
831 3337 1011 3393 mitem
1041 3346 1095 3391 et
1121 3337 1389 3405 placidum
1433 3338 1678 3404 reddant,
1713 3353 1809 3395 sua
1850 3338 2084 3406 puritate

505 3438 563 3482 et
613 3427 918 3482 innocentia
958 3427 1074 3496 ejus
1116 3427 1225 3482 iras
1281 3429 1553 3493 sedantes,
1618 3437 1674 3484 et
1717 3428 2080 3496 indignantem

501 3520 736 3586 judicent
762 3519 827 3574 ad
858 3518 1238 3589 ignoscendum
1259 3519 1656 3588 quodammodo
1679 3517 2080 3586 compellentes.

511 3610 708 3664 Verum
733 3619 841 3664 tum
861 3611 1075 3679 quidem
1099 3609 1321 3680 angelus
1353 3625 1452 3679 pro
1483 3624 1754 3681 synagoga
1774 3608 2081 3663 Judaaorum

508 3700 727 3769 supplex
762 3700 943 3756 fiebat.
975 3700 1085 3756 Nos
1121 3709 1300 3756 autem
1339 3702 1525 3756 ﬁdeles
1565 3713 1622 3756 et
1669 3699 1989 3755 sanctiﬁcati
2017 3698 2082 3754 de

507 3802 705 3847 caetero
733 3793 784 3846 in
804 3793 1014 3861 spiritu,
1038 3811 1056 3845 ι
1080 3796 1395 3848 advocatum
1427 3792 1685 3847 habemus
1706 3791 1843 3859 apud
1863 3790 2079 3845 Patrem

507 3881 691 3937 Jesum
715 3883 1010 3951 Christum,
1037 3893 1091 3940 et
1117 3886 1230 3957 ipse
1255 3894 1339 3940 est
1364 3885 1672 3956 propitialio
1699 3899 1800 3954 pro
1847 3885 2081 3953 peccatis

509 3978 751 4034 nostris:
789 3991 887 4033 nec
916 3992 1013 4047 pro
1039 3979 1238 4034 nostris
1277 3987 1504 4043 tantum,
1532 3980 1626 4033 sed
1655 3986 1710 4033 et
1769 3991 1867 4046 pro
1918 3977 2082 4031 totius

505 4070 692 4125 mundi
725 4071 823 4124 ¹⁹.›
861 4071 925 4125 Et
949 4079 1007 4127 ut
1044 4071 1257 4126 divinus
1287 4070 1485 4125 Paulus
1511 4071 1770 4138 scriptum
1820 4068 2077 4138 reliquit:

509 4181 528 4213 ο
560 4163 736 4232 Ipsum
763 4164 939 4233 posuit
966 4163 1103 4217 Deus
1125 4162 1562 4230 propitiationem
1581 4175 1677 4230 per
1706 4160 1862 4214 ﬁdem
1887 4161 1989 4227 ’⁸,ι
2015 4160 2082 4217 Ιί-

503 4253 782 4310 berantem
811 4269 840 4308 a
869 4255 1112 4325 peccatis
1135 4253 1201 4308 ad
1228 4254 1399 4321 ipsum
1435 4253 1776 4310 accedentes.

2109 3207 2152 3265 C

2187 1970 2538 2033 Δεσποτικοῖς
2572 1971 2887 2039 ἀντεξάγειν
2933 1970 3182 2042 νεύμασι.
3233 1971 3656 2042 Πεπερασμένου
3707 1971 3766 2024 δὲ

2185 2059 2289 2130 ῆδη
2342 2058 2434 2113 τοῦ
2487 2061 2702 2132 καιροῦ,
2735 2065 2972 2117 ποιεῖται
3014 2062 3113 2126 τὰς
3159 2062 3336 2128 λιτὰς,
3387 2063 3482 2116 καὶ
3525 2063 3625 2131 τῆς
3668 2061 3764 2114 τοῦ

2187 2151 2547 2221 προσκρούειν
2576 2151 2809 2221 ὑποψίας
2841 2153 2907 2206 ἑκ
2939 2153 3106 2223 μέσου
3134 2153 3525 2224 γεγενημένης,
3558 2150 3764 2220 ἀψευδῆ

2183 2243 2241 2296 δὲ
2275 2243 2404 2298 ὄντα
2426 2243 2516 2296 τὸν
2543 2245 2821 2316 Δεσπότην
2855 2244 3028 2311 εἰδὼς,
3069 2246 3371 2315 ἀναμαθεῐν
3402 2245 3563 2310 ἀξιοῖ,
3599 2245 3764 2296 πότε-

2187 2353 2277 2405 ρον
2327 2337 2786 2408 συμπεπέρασται
2837 2338 2949 2400 τοῖς
3001 2337 3348 2408 ἡμαρτηκόσι
3393 2337 3464 2390 τὰ
3506 2336 3562 2402 ἑξ
3593 2336 3764 2405 ὀργῆς

2183 2428 2326 2482 κατὰ
2373 2428 2437 2482 τὸ
2481 2430 2650 2486 πάλαι
2683 2429 2873 2486 δοκοῦν
2917 2431 2996 2493 εἰς
3050 2430 3167 2494 έτος
3215 2431 3279 2483 τὸ
3321 2430 3718 2501 ἑϐδομηκοστόν
3743 2446 3760 2462 ·

2183 2519 2348 2589 ῆγουν
2375 2518 2526 2573 ἔσται
2563 2538 2646 2584 τις
2678 2519 2841 2591 ἑτέρα
2866 2520 3028 2574 πάλιν
3049 2518 3347 2589 ἀνάϐλησις
3368 2518 3763 2590 προστεθειμέ-

2182 2628 2287 2665 νων
2315 2610 2617 2683 ἁμαρτιῶν,
2650 2611 2742 2665 καὶ
2767 2612 2846 2674 είς
2871 2612 3044 2682 μῆκος
3067 2611 3148 2664 ἔτι
3177 2611 3247 2664 τὰ
3264 2611 3363 2681 τῆς
3387 2609 3765 2682 ταλαιπωρίας

2181 2703 2364 2769 αὐτοῖς
2396 2703 2717 2756 ἐκτείνεται.
2757 2702 3024 2774 Tant-nco!
3057 2718 3254 2773 φησιν·
3297 2702 3472 2764 ι”Εως
3519 2701 3665 2764 τίνος
3698 2700 3761 2753 οὐ

2185 2795 2260 2866 μὴ
2306 2794 2504 2867 ἐλεήσῃ
2548 2795 2646 2865 τὴν
2677 2794 3033 2866 Ἰερουσαλὴμ
3083 2795 3179 2848 καὶ
3220 2793 3320 2856 τὰς
3368 2794 3466 2863 τῆς
3499 2793 3763 2857 Ἰουδαίας

2183 2889 2364 2951 πόλεις
2382 2887 2841 2958 ὑπερεωραμένας
2863 2887 2963 2956 ’ήδη
2978 2886 3139 2940 τοῦτο
3157 2885 3548 2958 ἑϐδομηκοστὸν
3565 2885 3682 2949 ἔτος
3699 2903 3712 2951 ;
3738 2907 3757 2936 ι

2187 2982 2193 2988 ’
2251 2975 2438 3038 Ἐλπὶς
2472 2971 2565 3028 οὖν
2601 2975 2709 3045 ἄρα
2741 2978 2853 3038 τοῖς
2889 2975 3200 3046 σεϐομένοις
3237 2975 3373 3029 Θεὸν
3397 2976 3629 3047 χρηστὴ,
3664 2977 3763 3028 καὶ

2179 3068 2279 3123 οὐκ
2316 3067 2634 3139 ἀμφίϐολος,
2677 3068 2753 3131 ὼς
2773 3069 2822 3120 εί
2855 3067 3029 3140 δήπου
3075 3070 3288 3138 γένοιτο
3323 3068 3682 3140 προσκρούειν
3703 3065 3767 3133 ἑξ

2185 3160 2489 3225 ἀσθενείας,
2517 3159 2631 3214 ἀλλ’
2662 3154 2754 3212 οῦν
2784 3158 2967 3230 ἔχουσι
2996 3160 3148 3232 παρὰ
3170 3161 3288 3232 Θεῷ
3309 3161 3436 3224 τοὺς
3467 3160 3767 3231 λιπαροῦν-

2183 3265 2284 3312 τας
2330 3248 2471 3319 ὑπὲρ
2512 3248 2741 3314 ἑαυτῶν,
2769 3250 2870 3302 οὐκ
2913 3249 3234 3320 ἀνθρώπους
3281 3251 3462 3317 μόνον,
3494 3249 3628 3304 ἀλλά
3667 3252 3767 3304 καὶ

2183 3341 2379 3403 αὐτοῦς
2424 3340 2550 3404 τοὺς
2601 3340 2787 3408 ἁγίους
2834 3341 3120 3409 ἀγγέλους,
3169 3341 3218 3394 οἳ
3268 3342 3513 3412 προσηνῆ
3558 3359 3617 3394 τε
3664 3344 3766 3396 καὶ

2188 3431 2449 3502 μειλίχιον
2496 3431 2821 3484 ἀποτελοῦσι
2846 3430 3000 3496 Θεὸν,
3024 3435 3088 3503 τῇ
3129 3432 3234 3503 ἰδία
3262 3432 3594 3504 καθαρότητι
3628 3451 3767 3487 κατ-

2183 3523 2498 3587 ευνάζοντες
2530 3523 2628 3586 τὰς
2656 3522 2844 3598 ὀργὰς.
2880 3522 2976 3576 καὶ
3012 3524 3294 3588 οἱονείπως
3321 3523 3763 3589 ἑκδυσωποῦντες

2183 3616 2521 3684 ἀσχάλλοντα
2547 3615 2639 3667 τὸν
2667 3616 2882 3686 κριτήν.
2902 3615 3060 3669 Ἀλλά
3083 3616 3202 3669 τότε
3232 3617 3329 3687 μὲν
3356 3617 3583 3685 ἄγγελος
3618 3616 3766 3687 ὑπὲρ

2181 3706 2283 3777 τῆς
2335 3706 2445 3759 τῶν
2473 3706 2742 3763 Ἰουδαίων
2789 3709 3109 3779 συναγωγῆς
3157 3710 3392 3762 ἐποιεῖτο
3434 3708 3533 3771 τὰς
3580 3709 3764 3772 λιτάς.

2193 3798 2384 3869 Ἡμεῖς
2415 3799 2495 3866 δὲ,
2531 3801 2579 3852 οἰ
2609 3800 3056 3865 πεπιστευκότες,
3091 3799 3184 3854 καὶ
3213 3798 3534 3868 ἡγιασμένοι
3568 3799 3764 3858 λοιπὸν

2181 3894 2240 3947 ἐν
2271 3892 2558 3963 πνεύματι,
2592 3913 2611 3944 ι
2642 3893 2998 3964 Παράκλητον
3032 3894 3225 3963 ἔχομεν
3255 3892 3390 3962 πρὸς
3419 3891 3509 3944 τὸν
3536 3891 3764 3961 Πατέρα

2194 3984 2404 4055 Ἰησοῦν
2451 3983 2703 4055 Χριστὸν,
2734 3984 2828 4036 καὶ
2877 3984 3037 4046 αὐτὸς
3070 3983 3295 4052 ἱλασμός
3327 3983 3442 4035 ἑστι
3479 3983 3608 4052 περὶ
3649 3982 3764 4035 τῶν

2183 4073 2463 4145 ἁμαρτιῶν
2497 4074 2684 4145 ήμῶνο
2740 4075 2802 4127 οὐ
2855 4075 2987 4145 περ)⁸
3019 4074 3127 4128 τῶν
3170 4074 3453 4145 ἡμετέρων
3483 4074 3538 4126 δὲ
3577 4075 3760 4142 μόνον.

2181 4167 2317 4221 ἀλλά
2343 4166 2471 4236 περὶ
2484 4166 2605 4220 ὅλου
2622 4165 2714 4219 τοῦ
2737 4166 2961 4235 κόσμου.
2989 4184 3007 4217 s
3029 4166 3139 4218 Kal
3156 4166 3231 4228 ὼς
3262 4168 3290 4218 ὀ
3314 4166 3598 4228 θεσπέσιος
3619 4167 3763 4237 γρά-

2181 4274 2273 4326 ιρει
2321 4255 2570 4320 Παῦλος,
2626 4273 2646 4307 ι
2673 4255 2846 4308 Αὑτὸν
2900 4255 3207 4325 ἱλαστήριον
3239 4257 3268 4309 ό
3314 4256 3446 4320 Θεὸς
3493 4256 3646 4310 ἔθετο
3671 4257 3763 4311 διὰ

2182 4349 2436 4416 πίστεως,
2476 4366 2496 4400 ι
2519 4346 2800 4420 ἁμαρτιῶν
2843 4347 3253 4402 ἀπαλλάττοντα
3279 4347 3403 4410 τοὺς
3433 4348 3762 4419 προσιόντας

2181 4440 2352 4512 αὐτῷ.

578 4532 741 4590 Vens.
766 4533 956 4588 ili-l5.
986 4529 1053 4584 Et
1113 4527 1382 4598 respondit
1421 4526 1676 4581 Dominus
1749 4525 2074 4596 omnipotens

2249 4533 2362 4589 Kal
2401 4532 2689 4602 ἀπεκρίθη
2719 4530 2935 4599 Κύριος
2967 4528 3388 4598 παντοκράτωρ
3417 4527 3496 4594 τῷ
3522 4529 3765 4599 ἀγγέλῳ

504 4628 689 4695 angelo
717 4626 808 4694 qui
840 4622 1149 4692 loquebatur
1182 4621 1239 4673 in
1269 4635 1374 4684 me,
1407 4618 1562 4673 verba
1605 4619 1762 4681 bona,
1793 4627 1843 4672 et
1880 4632 2079 4672 sermo-

505 4735 593 4771 nes
642 4716 1038 4770 consolatorios.
1088 4710 1158 4766 Et
1202 4712 1336 4764 dixit
1381 4711 1450 4764 ad
1500 4726 1582 4764 me
1624 4711 1840 4780 angelus
1875 4711 1965 4780 qui
2001 4709 2080 4762 lo-

502 4810 758 4877 quebatur
783 4808 838 4860 in
865 4821 945 4859 me
973 4802 1218 4866 :Clansa,
1242 4803 1417 4857 dicens
1435 4817 1455 4856 :
1483 4801 1611 4856 Hcce
1647 4800 1776 4854 dicit
1825 4801 2076 4854 Dominus

504 4902 827 4968 omnipotens
858 4911 876 4950 :
911 4895 1090 4950 Zelavi
1136 4895 1451 4960 Jerusalem,
1484 4905 1531 4948 et
1564 4893 1692 4950 Sion
1729 4892 1840 4947 zelo
1865 4908 2076 4962 magno,

502 5004 550 5045 et
587 4994 666 5045 ira
695 5006 884 5059 magna
908 5005 1001 5058 ego
1022 4989 1224 5042 irascor
1249 5004 1404 5057 super
1431 4996 1602 5058 gentes
1627 4985 2077 5054 superimpositas.

503 5083 612 5135 l’ro
647 5098 709 5135 eo
729 5082 868 5150 quod
909 5095 1000 5149 ego
1054 5081 1260 5150 quidem
1307 5080 1474 5133 iratus
1511 5095 1628 5134 sum
1667 5080 1947 5142 modicum,
1979 5077 2079 5146 ipsi

503 5190 622 5228 vero
672 5171 834 5227 simul
888 5173 1232 5226 incubuerunt
1273 5171 1331 5224 in
1383 5172 1547 5226 mala.

577 5363 689 5418 V'll.
730 5363 871 5419 Vere
891 5363 1138 5427 dicimus,
1171 5362 1321 5433 juxta
1347 5375 1538 5416 vocem
1583 5357 1891 5420 Psallcntis,
1922 5374 1942 5408 ι
1980 5355 2078 5411 Mi-

504 5459 739 5513 sericors
768 5465 822 5512 ct
851 5460 1142 5511 miserator
1197 5454 1456 5509 Dominus
1487 5451 1532 5484 ¹¹
1559 5470 1579 5504 ι
1609 5458 1672 5505 αι’
1729 5450 1844 5517 ipsa
1897 5462 2077 5502 rerum

503 5551 827 5623 experientia
867 5551 1065 5605 clamat
1099 5550 1171 5603 ita
1201 5561 1259 5603 se
1291 5547 1510 5607 habere,
1529 5557 1633 5598 non
1669 5542 1846 5596 aliter.
1875 5539 2075 5596 Obser-

503 5658 567 5697 va
598 5644 740 5698 enim
774 5643 1042 5712 quomodo
1062 5639 1332 5708 extemplo
1351 5635 1602 5694 exaudiat
1625 5648 1814 5705 preces
1852 5647 1951 5702 pro
1985 5647 2075 5687 ve-

2175 4625 2257 4692 τῷ
2296 4625 2588 4680 λαλοῦντι
2631 4624 2703 4678 ἐν
2741 4621 2891 4692 ἐμοὶ,
2914 4621 3154 4690 ῥήματα
3183 4621 3359 4686 καλὰ,
3389 4620 3487 4674 καὶ
3530 4621 3762 4688 λόγους

2175 4714 2682 4783 παρακλητικούς.
2713 4713 2825 4768 Kal
2869 4711 3000 4765 εἷπε
3049 4710 3199 4778 πρὸς
3235 4708 3313 4778 με
3364 4712 3398 4763 ό
3441 4709 3696 4778 ἄγγελος
3727 4714 3766 4765 ό

2173 4805 2381 4860 λαλῶν
2419 4804 2490 4858 ἐν
2528 4803 2693 4872 ἐμοί’
2744 4800 3061 4870 Ἀνάκραγε
3101 4800 3294 4870 λέγων
3317 4815 3330 4828 ·
3391 4799 3536 4854 Τάδε
3593 4800 3765 4870 λέγει

2179 4898 2391 4965 Κύριος
2426 4893 2882 4962 παντοκράτωρσ
2947 4891 3238 4957 Ἐζήλωκα
3281 4890 3394 4959 τὴν
3450 4891 3764 4959 Ἰερουσα-

2173 4992 2321 5056 λὴμ.
2336 4987 2432 5042 καὶ
2456 4987 2571 5054 τὴν
2581 4985 2734 5041 Σιὼν
2757 4983 3158 5053 ξῆλονμέγαν,
3175 4983 3270 5037 καὶ
3286 4981 3473 5051 ὀργὴν
3481 4982 3766 5052 μεγάλην

2177 5077 2472 5147 ὀργίζομαι
2519 5077 2620 5130 ἐπὶ
2666 5077 2740 5130 τὰ
2777 5077 2926 5142 ἔθνη
2957 5075 3030 5130 τὰ
3059 5075 3766 5143 συνεπιτιθέμενα.ἈιὈ⁹

2176 5164 2262 5223 ὦν
2310 5169 2424 5239 ἐγὼ
2471 5168 2588 5238 μὲν
2631 5167 2931 5238 ὠργίσθην
2981 5168 3174 5236 ὀλίγα,
3205 5164 3376 5222 αὐτοὶ
3420 5164 3488 5219 δὲ
3524 5181 3766 5220 συνεπ-

2175 5259 2382 5314 έθεντο
2419 5262 2505 5324 εις
2539 5258 2715 5313 κακά..

2247 5351 2320 5404 Z'.
2363 5351 2588 5420 Ἀληθὲς
2639 5350 2835 5413 εἰπεῖν,
2867 5349 2950 5402 ὅτι
3001 5349 3140 5402 κατά
3174 5347 3273 5418 τὴν
3320 5346 3415 5400 τοῦ
3449 5347 3766 5413 Ψάλλοντος

2177 5443 2381 5513 φωνὴν,
2419 5462 2436 5493 ι
2467 5442 2779 5512 Οίκτίρμων
2807 5441 2904 5494 καὶ
2948 5440 3196 5510 ἑλεήμων
3239 5441 3268 5491 ό
3321 5440 3550 5509 Κύριος,
3583 5458 3602 5491 ι
3662 5443 3768 5494 καὶ

2176 5537 2312 5605 αὑτὴ
2349 5537 2405 5589 δὲ
2438 5536 2547 5588 τῶν
2585 5533 2926 5606 πραγμάτων
2951 5534 2984 5603 ή
3016 5535 3178 5604 πεῖρα
3203 5533 3541 5604 διαϐοήσειεν
3569 5533 3657 5597 ἆν,
3682 5535 3766 5598 rb;

2172 5621 2277 5680 ὧδέ
2309 5644 2367 5680 τε
2417 5626 2552 5696 ἕχει,
2583 5627 2677 5680 καὶ
2710 5626 2807 5695 οὐχ
2844 5624 3266 5695 ἑτέρως.”Λορει
3299 5624 3406 5695 γὰρ
3430 5625 3576 5688 ὅπως
3604 5625 3766 5696 δέχε-

581 5823 620 5854 ¹⁷
662 5822 792 5878 Luc.
824 5837 943 5884 λιιι,
976 5821 1026 5874 ϐ.
1108 5820 1147 5850 ’⁸
1187 5816 1315 5874 ibid.
1349 5815 1459 5868 7-9.
1542 5813 1580 5843 ’³
1615 5807 1812 5867 lloan.
1850 5825 1905 5875 ιι,
1951 5807 1993 5874 l,
2025 5807 2079 5861 ‘3.

2186 5807 2199 5837 ⁵
2230 5804 2389 5862 Boni.
2421 5820 2498 5871 nt,
2526 5803 2613 5857 2.5.
2692 5805 2731 5836 ²¹
2769 5802 2910 5860 Psal.
2939 5818 3036 5869 cn,
3063 5803 3113 5857 8.
