3936 6318
218 412 285 473 9ιῦ
1028 418 1584 481 COMMENTARIUS
1630 423 1698 480 IN
1739 424 2144 483 ZACIIARIAM
2186 426 2627 485 PROPHETAM.
3395 436 3467 489 26

221 552 300 589 ται
337 530 680 605 παραχρῆμα
709 531 809 597 τὰς
836 532 990 598 λιτὰς
1018 535 1117 600 τὰς
1150 537 1291 609 ὑπὲρ
1334 555 1399 606 γε
1437 539 1545 593 τῶν
1582 557 1790 612 πεπρα-

1910 545 2035 599 tatis
2086 552 2142 599 et
2172 545 2420 601 contritis
2454 544 2507 599 in
2547 543 2831 615 peregrino
2857 544 2993 611 solo,
3029 552 3085 601 et
3141 544 3468 614 captivitatis

221 625 385 694 χότων
415 623 634 689 ἀθλίως,
671 625 763 678 καὶ
791 616 1267 698 συντέτριμμένων
1289 631 1348 685 ἐν
1375 630 1668 704 ἀλλοδαπῇ,
1692 634 1787 687 καὶ

222 714 304 765 τὸν
348 712 448 783 τῆς
495 712 870 783 αἰχμαλωσίας
909 715 1265 773 ἀπαλλάττων
1314 719 1494 789 ζυγὸν,
1529 722 1687 792 μόνον
1730 722 1787 775 δὲ

214 803 331 872 οὐχὶ
374 802 470 857 τοῦ
518 804 963 875 παρακαλοῦντος
1008 807 1198 875 φθάνει
1252 810 1353 880 τὴν
1395 810 1638 883 αἴτησιν,
1695 814 1789 866 καὶ

220 893 570 965 ἀποκρίνεται
602 898 944 968 παραχρῆμα
978 916 999 950 ι
1030 901 1247 971 ῥήματα
1275 902 1433 967 καλὰ,
1468 905 1562 957 καὶ
1597 904 1790 969 λόγους

223 986 662 1057 παρακλητικούς
681 1005 695 1020 ο
729 1006 747 1040 ι
776 991 1222 1061 παρακλητικοὺς
1252 992 1308 1046 δέ
1332 1010 1475 1064 φημι
1506 997 1633 1059 τοὺς
1662 997 1792 1051 ἀνα-

223 1078 517 1147 κτήσασθαί
542 1094 602 1133 τε
634 1080 730 1133 καὶ
764 1084 1145 1152 παρακαλέσαι
1171 1084 1499 1156 δυναμένους
1532 1088 1659 1151 τοὺς
1691 1105 1791 1141 πε-

222 1170 540 1239 πονηκότας.
586 1171 724 1239 Παρ’
745 1172 869 1226 ὅλον
908 1174 1018 1246 γὰρ
1062 1175 1161 1244 τῆς
1203 1176 1579 1246 αἰχμαλωσίας
1611 1178 1792 1235 αὐτῶν

222 1260 305 1312 τὸν
335 1260 529 1334 καιρὸν
563 1260 624 1319 οὐ
650 1263 802 1334 ῥῆμα
829 1265 971 1335 τάχα
1005 1283 1106 1319 που
1135 1268 1372 1338 χρηστὸν
1399 1268 1656 1340 εἰρηκὼς,
1693 1270 1793 1341 οὐχ

224 1352 405 1424 ἐτέρου
434 1354 579 1418 τινὸς
606 1354 715 1409 τῶν
742 1356 1082 1427 παρακαλεῖν
1110 1358 1378 1413 εἰωθότων
1421 1359 1661 1425 ἀξιώσας
1693 1362 1794 1415 αὺ-

223 1445 365 1509 τοὺς,
394 1445 621 1515 ἄρχεται
655 1448 1038 1520 χρηστοεπείν,
1066 1449 1160 1504 καὶ
1204 1451 1305 1522 τῆς
1338 1451 1426 1505 ἐπ’
1452 1453 1635 1517 αὐτοῖς
1658 1455 1795 1524 ἠμε-

220 1536 445 1605 ρότητος
464 1536 865 1594 καταϐάλλεται
889 1540 989 1611 τὴν
1017 1541 1213 1612 ἀρχήν.
1233 1543 1326 1595 Ἐκ
1353 1544 1708 1615 περιχαρείας
1729 1543 1794 1615 δὴ

222 1622 311 1679 οὖν
356 1627 457 1696 τῆς
506 1628 647 1695 ἄγαν
698 1631 731 1682 ὁ
776 1630 1059 1696 θεσπέσιος
1105 1632 1335 1701 ἄγγελος
1376 1634 1794 1707 διακεκραγέναι

218 1715 402 1779 ,λοιπὸν
444 1715 523 1785 τῷ
568 1718 823 1789 προφήτῃ
859 1720 1218 1791 προστέταχε,
1253 1723 1347 1777 καὶ
1397 1723 1664 1779 διακονεῖν
1714 1724 1795 1787 εἰς

227 1808 465 1873 ἅπαντας
497 1810 567 1862 τὰ
600 1811 750 1882 παρὰ
778 1812 934 1881 Θεοῦ.
973 1833 991 1866 ι
1015 1815 1376 1886 Ἐζηλωκέναι
1401 1816 1511 1888 γάρ
1540 1834 1672 1887 φησι
1697 1817 1795 1889 τὴν

1886 634 2073 705 jugum
2107 634 2379 702 auferens,
2401 644 2457 690 et
2490 637 2730 705 rogantis
2758 637 3070 706 petitionem
3119 635 3289 692 ferme
3328 652 3468 707 pra:-

1891 725 2132 789 veniens.
2158 735 2214 781 et
2241 741 2363 781 mox
2390 727 2723 796 respondens
2760 744 2779 777 ι
2804 727 2965 781 verba
2994 727 3154 792 bona,
3179 738 3226 782 et
3262 743 3469 784 sermo-

1893 829 1990 869 nes
2028 814 2493 871 consolatoriosn
2529 815 2949 881 consolatorios,
2987 818 3228 887 inquam,
3256 819 3347 888 qui
3382 834 3469 874 re-

1891 919 2078 960 creare
2122 915 2178 960 et
2210 906 2543 976 permulcere
2567 904 2792 962 amictus
2829 920 3069 976 possent.
3113 908 3250 964 τοιο
3299 911 3471 978 siqui-

1886 996 2010 1051 dem
2032 997 2195 1067 662
2220 1006 2461 1066 tempore
2510 998 2859 1067 captivitatis,
2895 1013 3015 1054 cum
3052 1000 3295 1055 fortassis
3323 1001 3469 1055 nullo

1886 1101 1983 1141 eos
2015 1086 2133 1142 leni.
2155 1088 2317 1144 verbo
2338 1087 2558 1154 allatus,
2600 1103 2700 1145 nec
2736 1090 2842 1145 alio
2888 1092 3141 1161 quopiam
3165 1093 3306 1162 quod
3332 1094 3474 1148 sola-

1894 1178 1968 1232 tio
1991 1192 2113 1233 esse
2141 1188 2344 1248 posset,
2376 1181 2625 1250 dignatus
2653 1180 2867 1249 fuisset,
2898 1182 3086 1253 incipit
3113 1182 3305 1238 blande
3326 1183 3471 1254 loqui

1889 1284 1942 1327 et
1972 1274 2400 1330 mansuetudinis
2433 1289 2543 1329 suae
2570 1276 2624 1330 in
2668 1277 2811 1346 ipsos
2844 1277 3166 1347 principium
3216 1279 3470 1346 capessit.

1890 1363 1965 1415 ἐκ
1998 1364 2199 1434 ingenti
2230 1364 2394 1435 igitur
2429 1364 2611 1420 laetitia
2643 1365 2858 1422 divinus
2891 1368 3117 1436 angelus
3164 1367 3473 1422 exclamare

1892 1454 2166 1524 prophetae
2190 1454 2387 1509 dehinc
2405 1455 2581 1522 jubet,
2601 1465 2658 1510 et
2678 1472 2705 1510 a
2742 1457 2851 1512 Deo
2889 1457 3033 1514 dieta
3066 1458 3471 1530 communicare

1892 1560 2014 1600 cum
2047 1546 2318 1602 omnibus.
2352 1545 2739 1616 lnquitrenim:
2776 1566 2796 1601 ι
2834 1547 3050 1604 Zelatus
3093 1564 3211 1605 sum
3245 1547 3469 1603 Jerusa-

1894 1636 1998 1691 lem
2022 1637 2138 1693 zelo
2167 1652 2384 1708 magno,
2408 1656 2429 1690 ι
2488 1652 2596 1693 non
2628 1640 2679 1694 in
2720 1640 2891 1710 ipsam
2932 1641 3103 1695 selum
3170 1638 3472 1705 cll‘undens,

1895 1730 2244 1800 quomodoet
2265 1739 2444 1795 antea,
2498 1746 2619 1785 cum
2668 1732 2723 1786 in
2788 1733 3079 1803 religiones
3134 1742 3471 1788 monstrosas

1897 1822 2245 1877 transversim
2276 1822 2633 1885 abiisset,sed
2654 1838 2751 1892 pro
2778 1824 2891 1892 ipsa
2924 1824 2976 1878 in
3008 1832 3325 1886 vastatores,
3348 1822 3471 1892 qui.

239 1900 596 1973 Ἰερουσαλὴμ
624 1902 784 1973 ζῆλον
819 1904 1014 1974 μέγαν,
1047 1923 1066 1959 ι
1100 1906 1200 1960 οὐκ
1225 1907 1361 1979 αὐτῇ
1394 1908 1486 1961 τὸν
1517 1908 1679 1978 ζῆλον
1709 1908 1797 1962 ἐν-

1910 1918 1999 1969 bus
2027 1921 2081 1968 et
2101 1928 2160 1969 se
2193 1914 2391 1969 iratum
2429 1915 2521 1980 ait,
2554 1929 2658 1969 non
2682 1923 2739 1968 ut
2766 1913 2997 1983 simplici
3045 1923 3100 1969 et
3128 1913 3471 1968 circumscri-

230 1990 348 2053 ιεὶς,
384 1992 638 2063 καθάπερ
668 1994 763 2048 καὶ
788 1994 980 2065 πρώην
1009 1998 1459 2070 παρενηνεγμένίῃ
1485 1999 1621 2070 πρὸς
1644 1999 1801 2054 ἀλλο-

224 2082 415 2147 κότους
443 2083 721 2155 λατρείας,
744 2085 859 2139 ἀλλ’
880 2088 1020 2159 ὑπὲρ
1046 2089 1217 2160 αὐτῆς
1237 2092 1349 2152 τοῖς
1370 2090 1796 2162 πεπορθηκόσιν,

227 2166 303 2235 οἷς
335 2175 429 2227 καὶ
453 2174 719 2245 ὠργίσθαι
756 2178 950 2248 φησὶν,
981 2179 1079 2249 οὐχ
1112 2181 1189 2243 ὡς
1221 2183 1279 2234 ἐν
1312 2181 1454 2253 ἁπλῇ
1494 2182 1590 2236 καὶ
1634 2200 1803 2254 μεμε-

134 2307 144 2316 .
222 2262 470 2334 τρημένῃ
513 2266 723 2336 κινήσει
771 2267 953 2338 τυχὸν,
996 2268 1113 2323 ἀλλ’
1142 2269 1218 2334 ὡς
1250 2271 1308 2323 ἐν
1337 2272 1561 2342 ἀκράτῳ
1604 2289 1667 2327 τε
1706 2271 1801 2326 καὶ

228 2353 438 2424 ἀσχέτῳ
482 2354 659 2425 θυμῷ.
678 2356 819 2425 Ἐγὼ
851 2358 950 2428 μὲν
978 2358 1110 2431 γὰρ,
1143 2361 1329 2431 φησὶν,
1356 2361 1638 2418 ἐπαίδευον
1673 2362 1801 2426 τοὺς

230 2445 413 2513 ἐμοὺς,
447 2447 542 2499 καὶ
584 2448 736 2502 οὐδὲν
765 2448 962 2514 αὐτοὺς
990 2450 1134 2521 πέρα
1181 2452 1385 2523 μέτρου.
1414 2453 1645 2523 πάσχειν
1676 2453 1802 2525 ήθε-
1828 2468 1837 2475 ‘

226 2532 333 2586 λον.
366 2536 537 2590 Αὐτοὶ
566 2537 624 2591 δέ
651 2537 752 2609 τῆς
788 2540 924 2603 ἰδίας
969 2541 1194 2613 γνώμης
1232 2544 1333 2615 τὴν
1365 2544 1664 2615 ἀγριότητα
1691 2544 1801 2598 δει-

230 2625 332 2689 νῶς
364 2645 415 2681 τε
447 2629 545 2682 καὶ
568 2631 832 2700 ἀχαλίνως
860 2632 1089 2703 ἐπῆγον,
1118 2635 1384 2706 παρέντες
1413 2637 1565 2689 οὐδὲν
1590 2636 1700 2689 τῶν
1724 2637 1804 2699 εἰς

230 2717 484 2790 ὡμότητα
508 2722 604 2776 καὶ
642 2724 1059 2795 ἀπανθρωπίαν.
1102 2726 1290 2793 Τοῦτο,
1330 2723 1516 2797 οῐμαι,
1552 2727 1671 2780 ἐστὶ
1702 2727 1763 2780 τὸ
1784 2767 1800 2793 ,

235 2830 252 2860 ι
276 2810 417 2879 Ἐγὼ
446 2812 546 2882 μὲν
573 2813 853 2886 ὠργίσθην
874 2817 1027 2886 ὀλίγα
1047 2834 1061 2848 ·
1094 2818 1247 2872 αὐτοὶ
1274 2818 1334 2871 ἃ
1353 2817 1705 2872 συνεπέθεντο
1723 2819 1805 2882 εἰς

231 2904 392 2957 κακά.
428 2923 448 2955 ι
483 2905 734 2960 Παιδεύει
765 2908 863 2977 μὲν
890 2909 993 2981 γάρ
1023 2910 1081 2977 ἐξ
1113 2910 1335 2981 ἀγάπης
1355 2910 1740 2982 ἡμαρτηκότας
1777 2910 1805 2963 ὁ

230 2994 335 3047 τῶν
372 2996 511 3049 ὖλων
554 2997 709 3065 Θεὸς,
742 3001 837 3053 καὶ
869 3002 1215 3073 συμμέτρους
1242 3003 1372 3072 ἡμῖν
1403 3003 1679 3073 ἐπιφέρων
1715 3003 1793 3055 αἰ-

233 3084 376 3151 κίεις,
404 3086 439 3157 ἢ
469 3087 680 3154 πόνους,
719 3090 1009 3161 μετασοσεῖ
1037 3092 1172 3163 πρὸς
1196 3092 1259 3145 τὸ
1297 3092 1537 3162 ἄμεινον.
1571 3094 1634 3145 Oi.
1656 3092 1715 3146 δέ
1740 3093 1805 3163 δὴ

235 3178 366 3247 πρὸς
418 3178 580 3234 τοῦτο
628 3184 1089 3254 παρειλημμένοι,
1125 3184 1510 3256 θηριοπρεπῶς
1570 3184 1805 3256 ἐπιθρώ-

1898 2012 1989 2075 pta
2021 2003 2377 2060 commotione
2405 2004 2657 2071 fortasse,
2676 2004 2770 2059 sed
2810 2012 2869 2058 ut
2889 2018 3099 2059 summo
3124 2012 3179 2058 et
3204 2002 3464 2069 implaca—

1900 2094 1992 2149 bili
2020 2094 2222 2151 furore.
2260 2094 2370 2166 Ego
2402 2096 2567 2161 enim,
2603 2096 2794 2165 inquit,
2826 2093 3178 2165 corripiebam
3211 2102 3383 2157 mens,
3416 2101 3473 2146 et

1900 2186 2034 2241 nihil
2089 2186 2503 2241 immoderatum
2532 2187 2650 2242 illos
2680 2185 2886 2257 perpeti
2948 2184 3213 2243 volebam.
3246 2185 3316 2239 At
3366 2184 3469 2253 ipsi

1899 2291 1997 2347 pro
2019 2292 2113 2332 sua
2151 2278 2368 2333 libidine
2396 2278 2708 2333 horribilem
2764 2287 2817 2332 et
2843 2276 3159 2332 indomitam
3212 2274 3472 2330 erevitiam

1900 2371 2285 2437 adhibuerunt,
2315 2371 2447 2427 nihil
2476 2372 2541 2425 ad
2568 2370 2937 2426 crudelitatem
2972 2367 3476 2434 humanitatemque

1900 2460 2507 2531 praetermittenteJioc,
2529 2462 2740 2530 Opinor,
2764 2469 2845 2515 est
2872 2459 3105 2529 quodait
3132 2472 3147 2510 :
3173 2476 3191 2509 ι
3215 2457 3322 2527 Ego
3349 2456 3477 2525 quia

1901 2550 2021 2605 dem
2051 2550 2221 2604 iratus
2249 2564 2366 2604 sum
2408 2550 2618 2604 modice
2650 2565 2665 2614 ;
2703 2549 2805 2616 ipsi
2833 2561 2962 2602 vero
2982 2545 3145 2601 simul
3203 2544 3474 2599 incubue-

1904 2650 2033 2695 runt
2057 2641 2111 2694 in
2146 2640 2308 2693 mala.
2342 2657 2361 2691 ι
2401 2638 2633 2707 Corripit
2655 2638 2797 2693 enim
2826 2644 3139 2706 peccatores
3188 2634 3475 2689 universo-

1905 2746 2022 2786 rum
2053 2729 2192 2785 Deus
2229 2743 2295 2784 ex
2322 2729 2609 2793 charitate,
2638 2727 2969 2795 modicisque
2996 2725 3293 2797 plagis,aut
3321 2722 3477 2779 dolo-

1904 2824 2054 2879 ribus
2105 2822 2285 2887 illatis,
2323 2820 2391 2875 ad
2453 2819 2677 2877 consilia
2753 2819 2968 2874 saniora
3019 2815 3312 2887 compellit.
3375 2815 3481 2881 Qui

1905 2923 2081 2969 autem
2109 2915 2175 2968 ad
2195 2913 2297 2969 hoc
2323 2927 2421 2981 pro
2479 2910 2741 2966 ministris
2793 2914 3149 2972 asciscuntur,
3192 2908 3480 2978 aliquando

1905 3020 2000 3061 ceu
2031 3003 2222 3060 bellum
2242 3004 2297 3059 in
2324 3017 2421 3060 eos
2446 3003 2537 3074 qui
2562 3002 2927 3072 corripiuntur
2956 3002 3252 3055 incursant.
3283 2997 3484 3053 Verum

1906 3096 2161 3151 irascitur
2188 3095 2293 3150 illis
2317 3094 2458 3150 Deus
2486 3094 2565 3150 ira
2605 3109 2818 3163 magna.
2846 3092 2977 3146 Nam
3030 3092 3120 3145 ille
3175 3098 3233 3143 ut
3282 3102 3485 3158 parens

1906 3184 2219 3239 verberibus
2245 3184 2518 3253 corrigere
2549 3182 2798 3238 volebat:
2829 3182 2903 3237 illi
2939 3194 3068 3236 vero
3091 3177 3351 3235 ell'reuato
3376 3177 3487 3231 ima

232 3286 420 3325 σκουσι
470 3274 583 3337 τοῖς
629 3274 1040 3347 παιδευομένοις
1085 3276 1488 3332 ἕσθ⁹ὅτε.’Δλλ’
1528 3277 1806 3348 ὀργίζεται

1910 3287 2035 3347 petu
2066 3276 2119 3330 in
2145 3274 2371 3331 aﬁlictos
2407 3275 2705 3330 irruebant.

234 3364 362 3431 θεὸς
388 3366 479 3418 ἐπ’
500 3367 679 3433 αὐτοῖς
703 3370 872 3443 ὀργὴν
902 3360 1163 3443 μεγάλην.
1181 3374 1242 3426 '0
1266 3372 1493 3445 μὲνγὰρ
1522 3373 1597 3437 ὡς
1660 3372 1847 3444 πατὴρ
1917 3368 2249 3443 ἐπανορθοῦν
2275 3372 2395 3433 ταῖς
2425 3368 2632 3433 αἰκίαις
2668 3367 2888 3439 ήθελενσ
2918 3366 2969 3421 οἱ
3009 3364 3067 3421 δὲ
3099 3363 3348 3434 ἀσχέτοις
3393 3360 3485 3429 ὁρ»

238 3459 363 3526 μαίς
391 3461 510 3522 τοῖς
536 3459 835 3532 κάμνουσιν
856 3464 1203 3534 ἐπεφέροντο.

305 3622 479 3675 Τοῦτο
524 3624 801 3697 παθούσης
850 3629 951 3698 τῆς
976 3628 1326 3701 Ἐκκλησίας,
1376 3631 1712 3704 ἠγνοήκασιν
1762 3633 1835 3685 οἱ.

238 3710 545 3780 διώκοντες,
579 3716 661 3769 ὅτι
700 3718 799 3787 τῆς
830 3720 912 3783 εἰς
943 3721 1112 3792 αὐτὴν
1145 3724 1465 3795 ἀγριότητος
1491 3726 1810 3779 ἀποτίσουσι

240 3801 450 3871 λόγους,
478 3807 575 3860 καὶ
610 3809 812 3880 πικρὰς
840 3810 1289 3884 ἐξαιτηθήσονται
1326 3815 1496 3886 δίκας,
1524 3816 1680 3887 παρὰ
1717 3815 1810 3869 τοῦ

243 3896 581 3965 προεστῶτος
604 3898 763 3956 Θεοῦ.

312 4033 411 4087 Διά
433 4033 611 4089 τοῦτο
654 4035 792 4091 τάδε
828 4036 989 4109 λέγει
1019 4041 1236 4111 Κύριος
1259 4058 1273 4073 ⁸
1311 4044 1685 4114 Ἑπιστρέψω
1712 4047 1811 4101 ἐπὶ

255 4122 641 4196 Ἰερουσαλὴμ
665 4128 736 4182 ἐν
753 4131 1046 4201 olm/pyri),
1070 4134 1167 4188 καί
1196 4137 1229 4189 ό
1254 4131 1419 4202 οἶκός
1438 4154 1556 4206 μου
1581 4138 1815 4192 ἀνοικο-

249 4213 647 4284 δομηθήσεται
693 4221 762 4273 ἐν
803 4222 977 4291 αὐτῇ,
1006 4224 1169 4294 λέγει
1219 4228 1431 4294 Κύριος
1476 4229 1811 4299 παντοκράο

246 4322 372 4375 τωρ,
397 4309 495 4363 καί
511 4310 732 4381 μέτρον
754 4312 1142 4382 ἑκταθήσεται
1167 4317 1264 4371 ἐπὶ
1296 4319 1680 4392 Ἰερουσαλὴμ
1705 4322 1812 4377 ἔτι.

316 4463 395 4515 H'.
435 4461 681 4537 Δέδειχεν
713 4465 795 4519 ὅτι
820 4448 1065 4521 παθοῦσα
1083 4469 1181 4540 τὴν
1204 4470 1555 4544 ἀποστροφὴν
1583 4472 1676 4528 τοῦ
1697 4475 1816 4529 δια-

244 4554 435 4618 σώζειν
471 4555 767 4625 ἰσχύοντος,
792 4557 1105 4630 ἀθλιότητος
1130 4578 1187 4615 τε
1220 4563 1313 4616 καὶ
1339 4563 1710 4637 ταλαιπωρίας
1738 4568 1818 4632 εἰς

244 4644 396 4698 τοῦτο
431 4646 785 4713 κατὼλισθεν,
819 4646 972 4705 ἔσται
1010 4650 1067 4703 δέ
1103 4653 1264 4707 πάλιν
1300 4654 1528 4721 ἀκονιτὶ,
1570 4658 1665 4711 καὶ
1696 4658 1817 4713 λίαν

245 4733 480 4799 εὐκόλως
508 4736 566 4788 ἐν
588 4730 667 4800 οἷς
688 4732 756 4808 ἦν
780 4738 972 4803 πάλαι,
991 4741 1378 4808 μετατεθέντος
1400 4745 1480 4806 εἰς
1505 4746 1817 4816 ἡμερότητα

1986 3622 2077 3706 Sic
2112 3627 2340 3677 tractata
2380 3618 2644 3684 Ecclesia,
2674 3618 2992 3690 ignorabunt
3018 3624 3388 3686 persecutores
3424 3628 3485 3670 se

1912 3702 2148 3768 feritatis
2188 3711 2242 3765 in
2268 3710 2411 3766 illam
2440 3723 2552 3765 suae
2597 3709 2864 3763 rationem
2904 3707 3242 3770 reddituros,
3266 3712 3322 3758 et
3376 3702 3489 3760 Deo

1912 3802 2029 3872 ejus
2058 3802 2273 3873 praesidi
2304 3816 2468 3872 grave
2492 3799 2813 3871 supplicium
2835 3797 3127 3853 soluturos.

1984 4026 2147 4081 Vsus.
2174 4023 2259 4081 l6.
2306 4022 2592 4092 Propterea
2619 4022 2729 4076 [nec
2762 4019 2887 4075 dicit
2927 4019 3182 4075 Dominus
3208 4033 3228 4072 :
3260 4017 3485 4073 Conven—

1915 4131 1999 4176 ται·
2047 4120 2117 4174 ad
2162 4116 2456 4173 Jerusalem
2518 4116 2573 4170 in
2618 4114 2999 4179 misericordia,
3045 4121 3094 4167 et
3134 4112 3318 4165 domus
3374 4125 3488 4163 mea

1915 4212 2295 4269 iustaurabilur
2334 4209 2390 4263 in
2438 4223 2520 4275 ea,
2555 4207 2684 4261 dicit
2747 4205 3000 4260 Dominus
3045 4203 3391 4272 omnipotens,
3439 4206 3490 4253 ει

1916 4320 2163 4361 mensura
2210 4302 2517 4358 extendetur
2563 4296 3054 4369 super'Jerusalcm
3103 4295 3297 4349 adhuc.

1989 4464 2129 4521 νιιι.
2174 4462 2425 4522 Ostendit
2458 4459 2715 4532 quoniam
2760 4470 2821 4512 se
2850 4455 3109 4509 averterit
3138 4453 3209 4507 ab
3233 4467 3301 4509 eo
3328 4464 3495 4521 penes

1918 4574 2077 4630 quem
2106 4565 2188 4613 est
2206 4557 2353 4613 salus
2375 4598 2391 4623 ,
2415 4555 2469 4609 in
2500 4560 2706 4608 tantam
2763 4547 3036 4603 miseriam
3099 4552 3155 4598 et
3194 4557 3492 4599 aerumnam

1919 4649 2211 4706 incidisse:
2263 4659 2474 4701 rursum
2511 4652 2689 4697 tamen
2743 4640 2881 4695 citra
2923 4637 3185 4699 laborem,
3230 4634 3494 4700 valdeque

1921 4742 2077 4797 facile
2105 4742 2157 4795 in
2189 4740 2343 4795 bonis
2371 4737 2617 4808 pristinis
2652 4735 2912 4796 futuram,
2952 4730 3396 4797 ubi-provocatus
3425 4724 3493 4776 ad

241 4826 333 4881 τοῦ
363 4829 840 4899 παρωργισμὲνου,
856 4830 1014 4901 δῆλον
1035 4831 1092 4885 δέ
1110 4833 1193 4886 ὅτι
1217 4833 1310 4887 τοῦ
1339 4834 1515 4889 πάντα
1540 4836 1806 4906 ἰσχύοντος

1921 4832 2056 4886 iram
2089 4829 2360 4885 emollitus
2417 4824 2581 4882 luerit
2627 4826 2970 4894 omnipotens
3020 4821 3159 4876 Deus
3203 4816 3408 4886 utique,
3440 4823 3497 4868 et

242 4918 398 4983 Θεοῦ,
431 4922 592 4990 μόνον
629 4920 686 4973 δέ
729 4922 851 4991 οὐχὶ
898 4923 993 4976 καὶ
1032 4924 1449 4990 ὑπονοστοῦντος
1497 4928 1580 4991 είς
1626 4929 1815 4999 αὐτὴν,

243 5011 331 5064 διά
347 5028 429 5065 τοι
473 5010 572 5065 τοῦ
620 5012 780 5066 πάλιν
805 5014 1034 5080 ἀξιῶσαι
1063 5015 1295 5085 φειδοῦς,
1325 5017 1420 5071 καὶ
1446 5019 1687 5089 ἀγάπης,
1725 5020 1818 5072 καὶ

245 5101 639 5172 ἁμνησικάκως
686 5105 893 5158 ἀνεῖναι
940 5106 1010 5159 τὰ
1061 5106 1401 5177 ἐγκλήματα.
1448 5108 1818 5181 ’Υπισχνείται

249 5191 350 5264 γὰρ
382 5195 475 5248 καὶ
502 5196 595 5249 τὸν
622 5190 769 5249 οἶκον
796 5197 1049 5267 ἐγείρειν,
1082 5200 1176 5251 καὶ
1218 5198 1632 5273 εύμηκεστάτην
1678 5203 1816 5256 ἀποο

250 5286 452 5351 φαίνειν
475 5287 579 5358 τὴν
623 5286 996 5359 Ἰερουσαλήμ.
1028 5289 1487 5365 Ἐμπέπρηστοιν]
1523 5292 1620 5361 μὲν
1658 5292 1765 5365 γὰρ
1791 5296 1820 5347 ὁ

249 5376 391 5440 ναὸς,
418 5377 733 5448 καθῄρηντο
760 5378 819 5431 δὲ
851 5380 946 5432 καὶ
980 5381 1120 5435 αὐτὰ
1153 5382 1220 5435 τὰ
1257 5382 1359 5451 τῆς
1396 5382 1602 5447 πόλεως
1641 5386 1817 5456 τείχη,

251 5466 324 5530 ὡς
366 5469 555 5538 ὀλίγην
606 5469 704 5522 καὶ
753 5470 1186 5544 συνεσταλμένην
1229 5474 1456 5545 ὁρᾶσθαι
1521 5476 1819 5541 παντελῶς,

254 5559 341 5611 καὶ
395 5561 797 5632 εὐαριθμήτους
838 5562 980 5632 ἐχειν
1026 5564 1151 5628 τοὺς
1197 5565 1505 5637 οἰκήτορας.
1558 5567 1696 5620 Ἀλλ’
1745 5568 1822 5632 ὡς

255 5648 381 5721 ἔφην
400 5653 630 5723 ἀρτίως,
661 5653 1011 5725 ἀνακομίζειν
1054 5655 1224 5727 αὐτὴν
1266 5657 1658 5726 ἐπαγγέλλεται
1687 5659 1821 5729 πρὸς

257 5740 309 5791 2-5
336 5742 391 5794 ἐν
426 5744 644 5813 ἀρχαῖς,
684 5743 713 5797 ὃ
749 5743 813 5814 δὴ
848 5745 943 5798 καὶ
972 5746 1294 5810 τετέλεσται,
1332 5747 1511 5819 Κύρου
1550 5748 1646 5817 μὲν
1676 5749 1832 5822 ἁνένχ

256 5844 336 5895 τος
372 5833 468 5905 τῆς
513 5834 913 5905 αἰχμαλωσίας,
975 5835 1197 5906 Δαρείου
1255 5853 1315 5905 γε
1371 5836 1474 5909 μὴν
1524 5838 1614 5892 καὶ
1662 5839 1821 5892 αὑτὸν

1923 4924 2076 4993 quasi
2107 4923 2172 4977 ad
2212 4921 2488 4976 lenitatem
2521 4918 2761 4984 redierit,
2797 4930 3008 4972 rursum
3034 4927 3128 4968 eos
3161 4909 3490 4978 indulgentia

1923 5024 1977 5069 et
2004 5010 2570 5082 cbaritatedignando,
2597 5008 2946 5079 depositaque
3001 5002 3318 5073 iniuriarum
3374 5014 3492 5052 me-

1925 5106 2098 5164 moria
2134 5105 2327 5162 delicta
2362 5102 2737 5160 condonando.
2764 5098 3056 5154 Pollicetur
3102 5093 3247 5149 enim
3288 5100 3343 5147 et
3394 5091 3494 5145 do-

1926 5214 2070 5253 mum
2102 5198 2550 5263 instauraturum,
2581 5204 2663 5249 et.
2696 5192 3120 5262 Hierosolymam
3175 5184 3491 5256 longissimo

1923 5288 2097 5357 spatio
2146 5287 2548 5357 producturum.
2586 5282 2889 5337 Crematum
2939 5277 3135 5348 quippe
3178 5284 3297 5330 erat
3360 5282 3494 5328 tem-

1895 5380 2085 5447 .plum,
2106 5387 2161 5434 et
2195 5379 2306 5448 ipsa
2338 5378 2489 5432 urbis
2522 5375 2719 5431 moenia
2750 5373 2945 5435 diruta,
2977 5378 3035 5425 ut
3080 5371 3297 5441 exigua,
3335 5376 3389 5423 ct
3439 5368 3492 5421 in

1920 5481 2203 5543 angustum
2242 5469 2459 5524 redacta
2492 5468 2649 5536 plane
2669 5474 3003 5527 cerneretur,
3030 5472 3083 5519 ct
3114 5462 3318 5518 incolas
3366 5474 3493 5530 per-

1920 5577 2119 5634 paucos
2163 5561 2400 5617 haberet.
2431 5557 2593 5630 663
2627 5557 2753 5622 Sed,
2786 5566 2844 5611 ut
2901 5557 3058 5611 modo
3084 5554 3216 5616 dixi,
3256 5566 3374 5607 eam
3426 5551 3491 5602 ad

1921 5655 2201 5724 pristinam
2234 5644 2639 5720 amplitudinem
2667 5657 3042 5704 revocaturum
3079 5640 3490 5715 spondet,quod
3583 5674 3597 5684 -
3670 5690 3671 5697 η

1923 5757 1974 5802 ct
2020 5746 2217 5800 factum
2254 5752 2379 5805 .cst,
2423 5742 2563 5812 Cyro
2609 5742 2821 5810 quidem
2867 5755 2897 5793 c
2942 5738 3250 5807 captivitate
3305 5734 3488 5787 dimit-

1927 5848 2094 5905 tente,
2140 5837 2295 5893 Dario
2325 5835 2576 5905 templum
2613 5833 2922 5890 reacdilicari
2951 5832 3205 5902 jubcate,
3246 5836 3297 5882 ct
3320 5826 3486 5893 ipsum
