3936 6318
450 412 523 468 97
1472 412 1533 469 S.
1576 411 1846 469 CYRlLLl
1883 408 2351 466 ALEXANDBINI
2396 409 2717 490 ΛῐὶΩιΙΙῐΞΡἶ
3624 412 3695 468 23

453 528 640 583 urbem
698 529 966 584 manibus
1026 528 1203 599 cingi,
1235 543 1298 582 ac
1337 531 1534 586 muniri
1587 531 2009 601 pet-mittente“.

2126 527 2524 597 ἀναδείμασθαι
2561 529 2984 598 προστάττοντος
3036 526 3126 580 τὺν
3170 528 3317 589 ναὸν,
3346 530 3590 597 τὲφιὲντος
3637 552 3696 587 τε

506 704 752 761 Videmus
779 717 956 762 autem
1004 706 1167 762 Deum
1190 708 1474 777 aliquando
1497 718 1805 765 sanctorum
1840 709 2019 775 fidem,

450 807 503 852 ct
529 797 915 852 adbmrentium
935 799 1034 853 sibi
1054 799 1393 855 dilectionem
1412 809 1775 866 exercentem,
1794 801 2020 871 quibus-

452 888 572 942 dam
607 890 937 958 temporibus
981 890 1275 949 Ecclesiam
1327 893 1790 961 persccutionibus
1844 893 2023 947 sinere

451 983 731 1052 exagitari.
756 983 1009 1040 Attamen
1039 984 1383 1041 mediocriter
1422 991 1671 1037 vexatam
1693 983 1877 1038 statim
1909 982 2021 1038 eri-

451 1090 595 1142 gere,
626 1076 842 1147 suisque
862 1075 1078 1131 auxiliis
1110 1075 1176 1131 de
1204 1074 1413 1142 integro
1445 1058 1805 1140 communire,
1831 1082 1887 1130 et
1928 1089 2023 1130 su-

452 1183 611 1237 perna
634 1168 801 1236 gratia
826 1166 1046 1225 dontum
1066 1182 1219 1222 suam
1263 1178 1561 1222 exornare?
1587 1167 1701 1223 luto
1737 1166 2025 1236 unusquis-

356 1304 359 1305 ν
450 1272 557 1325 que
609 1258 728 1325 pius
772 1264 828 1311 et
893 1257 1026 1312 urbs
1095 1267 1151 1313 et
1204 1258 1460 1326 templum
1512 1257 1609 1313 Dei
1659 1264 1764 1313 est.
1814 1256 2024 1325 Smpius

450 1358 632 1403 autem
664 1352 945 1418 probatur,
985 1359 1038 1404 et
1057 1350 1263 1405 carnali
1316 1348 1611 1419 voluptate,
1661 1359 1716 1402 et
1753 1350 2021 1404 mumlana

449 1438 805 1494 sollicitudine
828 1440 893 1497 ad
931 1439 1127 1510 ﬂagitia
1163 1441 1518 1506 irritantibus,
1538 1450 1597 1495 ut
1629 1441 1880 1510 patientis
1905 1439 2023 1493 ani,

450 1543 534 1581 ma
561 1529 773 1593 ardere,
799 1537 854 1583 et
891 1544 920 1582 a
950 1530 1138 1595 muris,
1171 1530 1288 1588 sive
1331 1531 1491 1585 tutela
1513 1532 1725 1586 deserta
1755 1531 2017 1586 videatur.

447 1620 645 1674 Verum
675 1622 967 1676 miserante
993 1623 1121 1687 Deo,
1143 1632 1199 1677 et
1249 1633 1554 1678 sanctorum
1589 1622 1840 1691 precibus
1903 1634 2021 1677 sese

446 1709 514 1762 ad
542 1710 1004 1766 mansuetudinem
1047 1712 1386 1777 immutante,
1426 1727 1618 1767 rursus
1668 1712 1964 1767 aediﬁcatur
1995 1730 2013 1766 t

445 1800 498 1854 in
531 1798 785 1866 templum
819 1809 1086 1865 sanctum,
1128 1799 1179 1853 in
1220 1799 1582 1856 habitaculum
1619 1800 1712 1856 Dei
1747 1801 1800 1856 in
1852 1802 2015 1871 spiri-

2124 618 2217 670 καὶ
2239 618 2407 687 αὐτὴν
2432 620 2544 680 τοῖς
2573 618 2806 687 τείχεσιν
2829 619 3058 689 ὀχυροῦν
3085 619 3183 690 τὴν
3210 619 3383 673 πόλιν.

2205 706 2449 778 Ὀρῶμεν
2495 707 2549 762 δὲ
2608 709 2692 760 ὅτι
2727 708 3112 778 διαγυμνάζων
3149 708 3260 761 ἐσθ’
3288 710 3377 763 ὅτε
3428 710 3557 773 Θεὸς
3590 710 3698 764 τῶν

2122 799 2292 867 ἁγίων
2334 800 2432 870 τὴν
2473 801 2674 866 πίστιν,
2706 802 2799 853 καὶ
2839 802 2946 855 τῶν
2975 803 3388 872 προσκειμένων
3417 802 3565 873 αὐτῷ
3599 804 3697 873 τὴν

2120 891 2421 960 ἀγάπησιν,
2446 893 2628 962 ἐφίησι
2673 892 2813 945 κατά
2862 893 3087 964 καιροὺς
3121 893 3410 947 διώκεσθαι
3455 894 3697 966 τὴνἘκ-

2123 981 2371 1052 κλησίαν.
2403 982 2541 1035 Ἀλλ’
2567 981 2721 1051 όλίγα
2763 980 3040 1035 παθοῦσαν
3087 982 3248 1046 εὐθὺς
3292 984 3564 1054 ἀνίστησι,
3602 986 3698 1037 καὶ

2120 1074 2453 1145 ἀνατειχίζει
2497 1074 2657 1129 πάλιν
2702 1076 2822 1137 ταῖς
2863 1074 3226 1145 ἐπικουρίαις,
3254 1073 3349 1126 καὶ
3389 1076 3455 1144 τῇ
3490 1073 3697 1129 ἄνωθεν

2122 1164 2303 1235 χάριτι
2330 1165 2424 1217 τὸν
2456 1164 2587 1217 ῐδιον
2622 1161 2768 1217 οἶκον
2798 1164 3069 1232 στεφανοῖ.
3103 1162 3215 1215 Καὶ
3245 1162 3475 1224 ἕκαστος
3502 1160 3561 1215 δὲ
3586 1160 3697 1213 τῶν

2121 1255 2365 1308 εὐσεϐεῖν
2392 1254 2684 1326 ᾑρημένων
2714 1253 2811 1307 καὶ
2839 1252 2994 1316 πόλις
3022 1252 3158 1317 ἐστὶ,
3205 1250 3302 1305 καὶ
3348 1246 3496 1314 οἶκος
3535 1249 3693 1305 Θεοῦ.

2122 1346 2485 1417 Δοκιμάζεται
2528 1346 2586 1400 δὲ
2626 1346 2906 1408 πολλάκις,
2938 1342 3393 1414 κατερεθιζούσης
3426 1340 3586 1396 αὐτὸν
3615 1343 3697 1405 εἰς

2119 1441 2451 1510 φαυλότητα,
2479 1439 2573 1493 καὶ
2617 1439 2883 1509 σαρκικῆς
2923 1437 3134 1507 ἡδονῆς,
3162 1435 3259 1489 καὶ
3300 1434 3570 1505 μερίμνης
3603 1449 3695 1486 κο-

2122 1531 2345 1601 σμικῆς,
2381 1530 2457 1594 ὡς
2490 1530 2668 1584 δοκεῖν
2698 1526 3093 1599 ἐμπεπρῆσθαι
3130 1543 3192 1579 τε
3219 1526 3313 1578 καὶ
3345 1524 3539 1594 τειχῶν
3576 1524 3695 1594 ὲρή·

2124 1641 2252 1696 μην,
2279 1624 2447 1694 ῆγουν
2490 1622 2814 1693 ἀσφαλείας,
2854 1621 2952 1692 τὴν
2977 1620 3071 1675 τοῦ
3113 1619 3378 1680 παθόντος
3410 1618 3694 1687 ἀπομεῖναι

2117 1715 2316 1787 ψυχήν.
2359 1713 2519 1768 Ἀλλά
2566 1713 3033 1782 κατοικτείροντος
3081 1710 3241 1773 Θεοῦ,
3286 1710 3380 1762 καὶ
3421 1711 3541 1771 ταῖς
3586 1706 3696 1761 τῶν

2117 1806 2292 1874 ἁγίων
2325 1806 2502 1870 λιταῖς
2527 1803 2953 1876 μετατιθεμένου
2979 1801 3117 1871 πρὸς
3145 1800 3206 1853 τὸ
3237 1801 3463 1871 ἥμερον,
3496 1797 3695 1851 οἰκοδο-

446 1902 502 1942 ιιι
537 1889 637 1945 η.»
665 1890 1006 1960 Depulsaque
1033 1892 1179 1946 omni
1220 1893 1562 1947 immunditia
1596 1893 1774 1949 denuo
1825 1894 2009 1947 mami-

2130 1900 2309 1968 μεῖται
2353 1874 2539 1951 πάλινί
2569 1916 2588 1948 ι
2618 1897 2694 1959 είς
2746 1894 2872 1948 ναὸν
2927 1893 3101 1961 ἅγιον,
3151 1894 3229 1955 είς
3276 1890 3696 1959 κατοικητήριον

442 1981 545 2035 bus
564 1982 947 2045 communitur.
972 1992 1025 2037 et
1047 1982 1235 2037 civitas
1259 1984 1432 2054 ntagni
1454 1984 1617 2054 regis,
1641 1985 1741 2040 ltoc
1756 1993 1837 2040 est
1869 1985 2027 2041 Chri-

443 2073 538 2138 sti,
576 2071 825 2127 eliicitur.

515 2249 678 2303 Vens.
708 2251 792 2304 l7.
821 2248 887 2303 Et
917 2250 1051 2305 dixit
1086 2252 1154 2305 ad
1201 2268 1280 2305 me
1327 2252 1541 2323 angelus
1574 2254 1664 2323 qui
1717 2254 2024 2323 loquebatur

441 2339 496 2391 in
533 2355 611 2392 me
635 2355 653 2392 :
682 2339 866 2392 Adhuc
926 2340 1119 2404 clama,
1159 2342 1375 2395 dicens:
1414 2341 1545 2395 Ha'c
1583 2343 1710 2395 dicit
1768 2342 2021 2399 Dominus

440 2432 766 2501 omnipotens
790 2448 809 2485 :
834 2431 1019 2487 Adhuc
1069 2434 1433 2503 tliﬁ'undentur
1482 2435 1719 2489 civitates
1768 2436 1823 2489 in
1849 2436 2018 2501 bonis,

439 2531 490 2577 ct
518 2524 847 2577 miserebitur
885 2523 1141 2578 Dominus
1183 2526 1357 2578 adhuc
1390 2526 1541 2591 Sion,
1564 2536 1611 2580 et
1647 2525 1797 2596 eliget
1847 2527 2019 2583 adhuc

437 2611 729 2668 Jerusalem
740 2650 758 2667 .

511 2700 603 2757 ιχ.
637 2704 771 2758 Cum
810 2706 1251 2763 durarctdiutius
1279 2707 1583 2777 captivitas,
1602 2708 1820 2771 Judtem,
1848 2717 1905 2763 et
1936 2708 2021 2762 tti-

438 2794 732 2851 hilominus
755 2796 1152 2851 Samaritarttm
1183 2798 1346 2852 urbes
1363 2797 1418 2852 in
1437 2812 1639 2852 merant
1671 2799 2012 2863 solitudinem

438 2888 915 2944 convertebantnr.
944 2887 1077 2941 Nam
1124 2898 1178 2942 et
1212 2888 1400 2943 domus
1441 2888 1924 2959 conﬂagraverunt,
1956 2900 2013 2947 et

436 2994 569 3034 voce
598 2979 984 3048 propemodum
1011 2980 1172 3034 missa
1200 2980 1609 3051 Babyloniorum
1636 2981 1896 3037 saevitiam
1919 2998 2013 3038 ac-

436 3071 703 3127 cusabant
740 3071 964 3141 ipsaque
1017 3072 1302 3128 civitatum
1331 3072 1540 3142 species
1583 3073 1906 3139 deformata,
1959 3083 2015 3130 et

436 3162 711 3218 destructa
741 3164 965 3217 omnino
992 3162 1289 3219 visebatur.
1320 3162 1670 3221 Paucissimis
1694 3174 1872 3221 autem
1931 3165 2013 3219 in-

2124 1988 2261 2042 Θεοῦ
2304 1992 2363 2044 ὲν
2410 1987 2697 2059 πνεύματι.
2730 2006 2748 2037 ι
2787 1984 2897 2039 Καὶ
2925 1983 2989 2054 δὴ
3018 1984 3237 2051 ἀπάσης
3280 1980 3696 2050 ἀπεληλαμένης

2125 2080 2488 2151 ἀκαθαρσίας,
2519 2078 2916 2148 ἀνατειχίζεται
2971 2073 3121 2144 παρά
3163 2071 3319 2138 Θεοῦ,
3347 2072 3442 2125 καὶ⁵
3486 2071 3698 2139 γίνεται

2126 2172 2278 2236 πόλις
2306 2170 2399 2224 τοῦ
2444 2170 2677 2239 μεγάλου
2711 2167 2995 2238 βασιλέως,
3021 2165 3263 2220 τουτέστι
3288 2162 3551 2233 Χριστοῦ.

2193 2262 2304 2316 Καὶ
2333 2259 2462 2316 εἶπε
2496 2262 2645 2329 πρός
2668 2276 2743 2329 με
2771 2263 2804 2314 ό
2832 2259 3085 2327 ἅγγελος
3130 2259 3163 2310 ό
3187 2252 3392 2308 λαλῶν
3424 2253 3494 2307 ἐν
3522 2252 3653 2322 ἐμοί
3676 2265 3696 2285 ο

2125 2357 2256 2409 Ἔτι
2283 2354 2607 2423 ἀνάκραγε.
2641 2352 2836 2420 λέγων
2856 2367 2872 2384 ·
2925 2348 3070 2403 Τάδε
3111 2347 3271 2416 λέγει
3302 2346 3518 2412 Κύριος
3548 2358 3697 2397 παν-

2120 2439 2417 2509 τοκράτωρ
2432 2461 2445 2472 ·
2469 2442 2596 2493 Ἔτι
2622 2439 3090 2507 διαχυθήσονται
3118 2436 3326 2499 πόλεις
3343 2434 3412 2486 ἐν
3432 2431 3692 2501 ἀγαθοῖς,

2114 2532 2215 2586 ’καὶ
2243 2532 2485 2599 ἐλεήσει
2517 2531 2733 2598 Κύριος
2761 2530 2848 2583 ἔτι
2873 2529 2986 2596 τὴν
3016 2526 3188 2591 Σιὼν,
3220 2524 3318 2579 καί
3345 2523 3589 2593 αἱρετιεῖ
3606 2524 3696 2576 ἔτι

2119 2625 2234 2691 τὴν
2277 2621 2683 2691 Ἰερουσαλήμ.
2927 2610 2932 2617 ’

2186 2714 2265 2768 Θ’.
2306 2712 2731 2784 Παρατείνοντος
2756 2710 2849 2764 τοῦ
2872 2709 3064 2780 χρόνου
3090 2709 3188 2777 τῆς
3218 2705 3617 2778 αἰχμαλωσίας,
3637 2703 3696 2757 αι

2114 2806 2215 2875 τῆς
2248 2805 2507 2867 Ἰουδαίας
2545 2803 2730 2865 πόλεις
2761 2800 2914 2855 οὐδὲν
2947 2800 3011 2869 δὴ
3054 2795 3216 2871 ἧττον
3255 2796 3479 2852 καὶτῶν
3510 2797 3693 2864 Σαμα-

2118 2896 2314 2968 ρειτῶν
2354 2895 2711 2967 ἑξηρήμωντο
2759 2890 3057 2973 παντελῶς.
3100 2885 3254 2943 Οἷκοί
3298 2905 3358 2943 τε
3402 2888 3511 2959 γὰρ
3552 2883 3695 2958 ἦσαν

2116 2985 2589 3058 ἐμπεπρησμένοι,
2615 2984 2709 3037 καὶ
2742 2981 3027 3054 μονονουχὶ
3051 2980 3151 3049 τῆς
3173 2978 3528 3033 Βαϐυλωνίων
3550 2976 3697 3044 ὠμό-

2113 3095 2274 3148 τητος
2298 3076 2792 3148 κατακεκραγότες.
2832 3074 2926 3128 καὶ
2957 3072 3099 3127 αὐτά
3130 3072 3187 3127 δὲ
3228 3070 3298 3124 τὰ
3336 3069 3447 3122 τῶν
3488 3068 3695 3121 πόλεων

2119 3171 2394 3243 σχήματα,
2427 3165 2901 3237 κατηφανισμένα,
2934 3165 3030 3221 καὶ
3063 3161 3520 3232 ἀνατετραμμένα
3553 3176 3691 3212 παν-

437 3253 598 3319 colis,
628 3254 800 3308 virum
849 3254 1134 3322 illustrem,
1167 3264 1267 3314 aut
1288 3255 1488 3325 alioqui
1518 3256 1779 3326 insignem
1802 3254 1911 3311 illic
1932 3256 2009 3311 vi-

2119 3259 2303 3321 τελῶς.
2339 3257 2732 3329 Εὐαριθμήτων
2756 3256 2813 3310 δὲ
2842 3256 3035 3326 κομιδῇ
3078 3252 3493 3315 κατοικούντων,
3522 3251 3694 3322 ἄνδρα

435 3347 567 3400 dere
593 3361 696 3401 non
738 3354 858 3401 erat
888 3363 903 3401 :
933 3362 1106 3416 neque
1146 3346 1355 3417 aliquos
1395 3347 1562 3403 vitam
1587 3347 1852 3415 genialem
1892 3348 2004 3419 agi.

439 3447 635 3501 tantes,
663 3439 757 3493 sed
786 3447 1008 3493 mmstos
1032 3453 1221 3493 omnes
1240 3438 1381 3493 fame
1403 3448 1457 3493 et
1480 3439 1658 3508 inopia
1687 3439 2008 3494 laborantes.

436 3527 639 3582 Horum
688 3530 925 3583 omnium
975 3529 1087 3586 tore
1144 3530 1301 3585 linem
1352 3532 1637 3599 promittit.
1695 3532 1784 3585 Ait
1818 3532 2006 3586 enim:

443 3637 463 3670 ι
506 3617 876 3674 biﬂnndentur
901 3620 1148 3675 civitates
1180 3622 1231 3674 in
1261 3621 1439 3685 bonis,
1471 3640 1489 3674 ι
1522 3621 1625 3676 ltoc
1663 3630 1749 3677 est
1802 3622 1857 3675 in
1903 3635 2007 3675 an-

430 3710 585 3777 tiqaa
616 3709 875 3765 felicitate
931 3711 1308 3778 vcrsabuntur,
1344 3715 1693 3782 adauctaque
1746 3716 2007 3769 bonorum

438 3798 668 3856 cumulis
711 3802 898 3856 faciem
934 3802 1463 3873 iunovabunt,atque
1510 3804 1576 3857 ad
1612 3813 1795 3874 optata
1832 3806 2008 3860 denuo

434 3902 824 3947 revertentum
846 3894 1184 3949 Misercbitur
1207 3896 1349 3950 enim
1384 3896 1640 3952 Dominus
1668 3897 1844 3953 adhuc
1877 3897 2004 3952 Sion

433 3992 489 4051 et
512 3983 672 4055 eliget
697 3984 871 4040 adhuc
893 3984 1208 4044 Jerusalem.
1244 4006 1264 4041 ι

500 4250 780 4322 Perpende
810 4267 991 4323 porro,
1009 4269 1167 4323 quam
1197 4255 1484 4323 prudenter
1509 4254 1820 4321 pmphetica
1847 4253 2001 4310 nobis

427 4334 687 4415 procedat
722 4348 914 4400 oratio.
963 4346 1078 4401 Non
1130 4346 1269 4400 enim
1316 4343 1482 4416 664
1536 4345 1785 4401 universe
1827 4346 1995 4415 ipsum

426 4438 543 4492 tore
598 4437 1006 4493 misericordem
1055 4440 1299 4506 spondet,
1326 4454 1423 4493 nec
1477 4439 1529 4491 in
1578 4452 1738 4493 omne
1789 4448 1997 4507 tempus

2117 3351 2216 3420 μὲν
2248 3351 2345 3403 οὐκ
2378 3346 2446 3420 ἦν
2474 3349 2745 3421 λαμπρὸν,
2780 3349 2815 3420 ἢ
2844 3349 2941 3402 καὶ
2990 3346 3193 3417 ἑτέρως
3245 3343 3516 3415 ἐπίσημον
3542 3343 3692 3407 ίδεῖν,

2113 3442 2226 3495 ἀλλ’
2249 3443 2370 3497 οὐδὲ
2395 3445 2452 3496 ὲν
2479 3442 2746 3513 εὐπαθείᾳ
2766 3442 2924 3505 ὄντας
2950 3440 3122 3503 τινὰς,
3149 3440 3416 3508 κατηφεῖς
3436 3436 3494 3490 δὲ
3519 3437 3692 3490 ἄπαν-

2111 3551 2231 3595 τας,
2268 3532 2413 3604 λιμῷ
2464 3533 2559 3587 καὶ
2588 3533 2750 3604 πενίᾳ
2776 3528 3493 3601 κατηχθεσμένους.Τούτων
3526 3529 3693 3581 ἀπάν-

2110 3642 2219 3678 των
2265 3623 2485 3677 εσεσθαι
2530 3622 2702 3693 πέρας
2751 3618 3165 3688 ἐπαγγέλλεται.
3212 3636 3231 3669 ι
3263 3616 3693 3686 Διαχυθήσονται

2110 3714 2239 3785 γὰρ,
2270 3714 2425 3785 φησὶ,
2459 3710 2642 3775 πόλεις
2687 3712 2746 3764 ὲν
2795 3709 3037 3779 ἀγαθοῖς,
3071 3727 3089 3761 ι
3140 3706 3413 3762 τουτέστιν
3463 3706 3522 3757 ἐν
3567 3706 3692 3767 ταῖς

2108 3808 2363 3877 ἀρχαίαις
2380 3804 2708 3875 εὐημερίαις
2733 3802 2967 3867 ἔσονται,
2999 3800 3093 3854 καὶ
3135 3797 3554 3870 παρακειμένων
3584 3796 3687 3849 αὐο

2107 3902 2227 3959 ταῖς
2252 3897 2360 3950 τῶν
2382 3898 2462 3960 είς
2486 3895 2749 3965 ἀφθονίαν
2771 3893 3008 3962 ἀγαθῶν,
3039 3888 3397 3962 μεταϐαλοῦσι
3420 3889 3519 3959 τὴν
3540 3886 3686 3956 ὄψιν,

2107 3992 2199 4044 καὶ
2222 3989 2652 4061 ἁναδραμοῦνται
2684 3988 2844 4041 πάλιν
2872 3988 2929 4039 ὲν
2954 3988 3068 4049 τοῖς
3094 3986 3215 4039 κατ’
3236 3984 3421 4054 εὐχήν.
3460 4002 3477 4034 ι
3503 3983 3688 4053 Ἐλεή-

2108 4101 2188 4136 σει
2240 4083 2349 4153 γὰρ
2400 4084 2603 4154 Κύριος
2634 4080 2715 4133 ἔτι
2749 4081 2846 4151 τὴν
2875 4077 3036 4144 Σιὼν,
3065 4079 3157 4131 καὶ
3204 4077 3435 4147 αἱρετιεί
3476 4074 3555 4127 ἐτι
3584 4075 3686 4146 τὴν

2119 4175 2493 4245 Ἰερουσαλήμ.
2528 4194 2546 4226 ι

2177 4265 2367 4337 Ἀθρει
2414 4265 2471 4319 δὲ
2507 4266 2654 4327 ὅπως
2684 4262 2952 4333 εὐτέχνως
2982 4262 3113 4332 ἡμῖν
3145 4262 3173 4314 ὁ
3204 4261 3303 4329 τῆς
3343 4258 3683 4330 προφητείας

2101 4352 2318 4431 πρόεισι
2350 4359 2524 4426 λόγος.
2558 4357 2636 4409 Οὐ
2665 4354 2774 4426 γὰρ
2803 4356 2882 4417 εἰς
2915 4354 3059 4407 ἆπαν
3087 4350 3256 4422 αὐτὴν
3287 4351 3527 4420 ἐλεήσειν
3554 4366 3684 4401 κατ-

2101 4451 2520 4521 επαγγέλλεται,
2551 4447 2675 4501 οὔτε
2712 4446 2817 4518 μὴν
2847 4446 2924 4508 εἰς
2959 4444 3137 4498 πάντα
3169 4442 3361 4515 χρόνον
3389 4442 3643 4511 αἱρετιεῖν
3663 4456 3677 4469 ο

424 4533 746 4592 eiecturum.
769 4530 860 4585 sed
894 4530 1095 4593 adhuc,
1118 4528 1311 4597 inquit,
1345 4528 1584 4584 leuitatis
1616 4528 1783 4585 veluti
1840 4540 1997 4586 certa

2119 4546 2235 4602 tua;
2262 4544 2341 4609 τὸ,
2362 4543 2465 4609 ἔτι,
2482 4542 2633 4612 φησι,
2665 4536 3076 4611 μεμετρημένον
3091 4535 3282 4607 ῶσπερ
3310 4535 3398 4588 τὸν
3419 4535 3516 4603 τῆς
3541 4533 3682 4603 ημε-

425 4634 681 4674 utensura
705 4620 982 4676 deﬁnitum
1030 4630 1243 4687 tempus
1297 4620 1637 4687 promittens.
1680 4621 1807 4676 Erat
1847 4623 1990 4677 enim

425 4720 548 4777 post
583 4712 698 4767 base
719 4712 1015 4768 atrociores
1064 4712 1309 4767 subitura
1369 4711 1722 4779 calamitates,
1778 4725 1995 4783 propter

426 4801 604 4859 illatas
654 4804 872 4860 Christo
908 4803 1262 4860 contumelias
1308 4805 1683 4861 condemnata.
1723 4806 1990 4879 Quocirca

428 4894 556 4955 illud
590 4897 767 4952 adhuc
814 4897 965 4966 quasi
1019 4896 1320 4951 dimensum
1376 4897 1719 4967 benignitatis
1781 4910 1992 4969 tempus

429 4987 698 5053 declarat,
724 5004 844 5043 cum
883 4987 1303 5045 comminatione
1344 4989 1551 5045 occulta
1586 4991 1685 5060 ipsi
1709 5003 1995 5050 eventura-

426 5095 566 5146 rutn,
609 5082 696 5135 ubi
726 5080 969 5136 Christus
993 5079 1239 5135 Salvator
1261 5091 1446 5138 noster
1477 5084 1774 5142 advenerit.

496 5258 657 5312 \lt-zns.
696 5254 910 5310 ιιι-αι.
951 5256 1014 5310 Ει
1043 5256 1207 5311 levavi
1234 5258 1409 5313 oculos
1462 5276 1622 5327 meos,
1654 5270 1701 5314 et
1757 5262 1882 5325 vidi,
1938 5273 1989 5316 et

424 5366 538 5405 ecce
570 5358 797 5419 quatuor
812 5366 1029 5404 cornua.
1062 5350 1129 5405 Et
1154 5352 1268 5406 dixi
1315 5354 1385 5406 ad
1413 5354 1654 5423 angelum
1701 5355 1790 5422 qui
1812 5352 1992 5423 loque-

426 5444 578 5493 batur
610 5440 665 5494 in
692 5456 810 5496 me:
836 5442 975 5507 Quid
998 5451 1118 5497 sunt
1151 5443 1282 5508 Ita'c,
1327 5443 1541 5498 Domine
1566 5445 1592 5497 ?
1640 5442 1710 5496 Et
1743 5446 1877 5498 dixit
1920 5446 1991 5499 ad

429 5545 546 5584 me:
580 5530 705 5585 ιιωε
738 5549 955 5597 cornua,
1002 5551 1119 5602 qua:
1151 5537 1470 5603 dissiparim!
1503 5535 1719 5601 Judnm,
1741 5546 1787 5589 et
1825 5535 1993 5591 Israel

424 5632 470 5676 et
504 5618 815 5678 Jerusalem.
848 5624 913 5679 Et
952 5628 1174 5682 ostendit
1208 5628 1333 5679 mihi
1376 5627 1633 5681 Dominus
1659 5637 1882 5697 quatuor
1910 5628 1989 5697 fa-

498 5804 534 5829 "
570 5807 590 5863 Ι
617 5810 769 5866 Estlr.
803 5825 840 5878 ῐ,
872 5811 924 5866 6.
1003 5812 1045 5841 ²³
1076 5808 1273 5880 Epltcs.
1299 5824 1358 5876 tl,
1393 5810 1480 5864 2'2.

2105 4641 2327 4713 ρότητος
2385 4635 2573 4706 χρόνον
2619 4632 3067 4701 ὑπισχνούμενος.
3096 4627 3331 4697 Ἔμελλε
3378 4625 3486 4697 γὰρ
3541 4622 3683 4707 μετὰ

2097 4732 2257 4786 τοῦτο
2285 4732 2398 4791 τοῖς
2428 4727 2509 4780 ἔτι
2534 4725 2774 4796 χείροσιν
2796 4722 3059 4775 ὲναλῶναι
3092 4722 3302 4782 κακοῖς,
3330 4716 3422 4770 ἐπὶ
3450 4718 3570 4779 ταῖς
3594 4718 3679 4779 είς

2098 4822 2331 4897 Χριστὸν
2384 4816 2693 4890 παροινίαις
2722 4812 3165 4883 κατεγνωσμένη.
3207 4810 3415 4865 Οὐκοῦν
3458 4808 3537 4875 τὸ,
3568 4808 3674 4869 ἔτι,

2101 4909 2520 4983 μεμετρημένον
2555 4907 2744 4979 ὥσπερ
2772 4905 2922 4977 δηλοῖ
2951 4904 3043 4958 τὸν
3080 4905 3177 4972 τῆς
3199 4902 3531 4974 ἡμερότητος
3550 4901 3680 4971 χρό-

2098 5020 2209 5066 νον,
2241 4999 2708 5071 ἀπειλὴνέχοντα
2747 4997 3042 5067 ἀσυμφανῆ
3087 4995 3198 5049 τῶν
3245 4992 3678 5065 συμϐησομένων

2099 5091 2237 5161 αὐτῇ
2273 5089 2415 5143 κατὰ
2447 5087 2572 5152 τοὺς
2603 5087 2826 5159 καιροὺς
2863 5086 2963 5156 τῆς
2985 5084 3079 5139 τοῦ
3102 5085 3352 5155 Σωτῆρος
3374 5081 3679 5153 ἡμῶνηὲπι-

2101 5181 2164 5252 δη
2174 5181 2325 5250 μίας.

2163 5271 2271 5325 Καὶ
2302 5267 2418 5340 ἦρα
2449 5270 2593 5336 τοὺς
2644 5269 2997 5339 ὀφθαλμούς
3037 5285 3176 5337 μου,
3205 5266 3302 5321 καί
3352 5261 3536 5326 εἶδον.
3571 5263 3677 5317 καὶ

2098 5362 2226 5417 ἰδοὺ
2254 5362 2521 5429 τέσσαρα
2544 5360 2780 5429 κέρατα.
2809 5359 2918 5413 Καὶ
2946 5355 3085 5412 εἶπα
3112 5359 3261 5426 πρὸς
3287 5356 3395 5411 τὸν
3411 5355 3674 5425 ἄγγελον

2094 5453 2201 5507 τὸν
2249 5453 2559 5508 λαλοῦντα
2603 5453 2673 5506 ἐν
2714 5453 2879 5521 ἐμοί·
2927 5452 2987 5505 Τί
3034 5450 3163 5503 ἐστι
3209 5449 3413 5511 ταῦτα,
3453 5448 3675 5514 Κύριε;

2094 5543 2203 5598 Kal
2231 5540 2360 5599 εἶπε
2393 5545 2539 5612 πρός
2566 5562 2673 5613 με’
2707 5544 2897 5599 Ταῦτα
2928 5543 2999 5596 τὰ
3026 5540 3261 5609 κέρατα,
3290 5540 3363 5595 τὰ
3388 5538 3671 5604 διασκορ-

2095 5634 2358 5690 πίσαντα
2408 5636 2509 5691 τὸν
2552 5636 2794 5692 Ἰούδαν.
2823 5636 2919 5691 καί
2970 5634 3074 5689 τὸν
3116 5632 3380 5701 Ἰσραὴλ,
3433 5629 3531 5686 καί
3570 5626 3673 5686 ἰε-ο
