  <div class='ocr_page' id='page_1' title='image "/cluster/home/n/w/nwhite01/storage/ocr_20150623/72/pst.000005712731/023.png"; bbox 0 0 3936 6318; ppageno 0'>
   <div class='ocr_carea' id='block_1_1' title="bbox 512 345 3771 404">
    <p class='ocr_par' dir='ltr' id='par_1_1' title="bbox 512 345 3771 404">
     <span class='ocr_line' id='line_1_1' title="bbox 512 345 3771 404; baseline 0 -2"><span class='ocrx_word' id='word_1_1' title='bbox 512 351 573 402; x_wconf 78' lang='lat' dir='ltr'><strong>3t</strong></span> <span class='ocrx_word' id='word_1_2' title='bbox 1540 349 1597 404; x_wconf 88' lang='lat' dir='ltr'><strong>S.</strong></span> <span class='ocrx_word' id='word_1_3' title='bbox 1640 348 1916 404; x_wconf 78' lang='lat' dir='ltr'><strong>CYRILLI</strong></span> <span class='ocrx_word' id='word_1_4' title='bbox 1960 346 2427 403; x_wconf 72' lang='lat' dir='ltr'><strong>ALEXANDRINI</strong></span> <span class='ocrx_word' id='word_1_5' title='bbox 2468 345 2789 401; x_wconf 60' lang='lat' dir='ltr'><strong>ARCIIII‘IP.</strong></span> <span class='ocrx_word' id='word_1_6' title='bbox 3702 348 3771 403; x_wconf 72' lang='lat'><strong>39.</strong></span> 
     </span>
    </p>
   </div>
   <div class='ocr_carea' id='block_1_2' title="bbox 510 457 2090 533">
    <p class='ocr_par' dir='ltr' id='par_1_2' title="bbox 510 461 2090 533">
     <span class='ocr_line' id='line_1_2' title="bbox 510 461 2090 533; baseline -0.003 -14"><span class='ocrx_word' id='word_1_7' title='bbox 510 466 580 519; x_wconf 84' lang='lat' dir='ltr'><strong>dc</strong></span> <span class='ocrx_word' id='word_1_8' title='bbox 605 477 793 520; x_wconf 85' lang='lat' dir='ltr'><strong>contra</strong></span> <span class='ocrx_word' id='word_1_9' title='bbox 817 480 913 523; x_wconf 84' lang='lat' dir='ltr'><strong>eos</strong></span> <span class='ocrx_word' id='word_1_10' title='bbox 962 465 1080 521; x_wconf 83' lang='lat' dir='ltr'><strong>acui</strong></span> <span class='ocrx_word' id='word_1_11' title='bbox 1110 478 1309 519; x_wconf 79' lang='lat' dir='ltr'><strong>cornua</strong></span> <span class='ocrx_word' id='word_1_12' title='bbox 1336 461 1529 530; x_wconf 77' lang='lat' dir='ltr'><strong>jubet?</strong></span> <span class='ocrx_word' id='word_1_13' title='bbox 1585 462 1771 533; x_wconf 90' lang='lat' dir='ltr'><strong>Itaque</strong></span> <span class='ocrx_word' id='word_1_14' title='bbox 1828 471 2090 518; x_wconf 89' lang='lat' dir='ltr'><strong>acuuntur</strong></span> 
     </span>
    </p>
   </div>
   <div class='ocr_carea' id='block_1_3' title="bbox 2196 457 3771 533">
    <p class='ocr_par' dir='ltr' id='par_1_3' title="bbox 2196 457 3771 531">
     <span class='ocr_line' id='line_1_3' title="bbox 2196 457 3771 531; baseline 0.001 -19"><span class='ocrx_word' id='word_1_15' title='bbox 2196 460 2353 531; x_wconf 77' lang='grc' dir='ltr'>ζῆλον</span> <span class='ocrx_word' id='word_1_16' title='bbox 2404 460 2596 529; x_wconf 84' lang='grc' dir='ltr'>μέγαν,</span> <span class='ocrx_word' id='word_1_17' title='bbox 2632 460 2729 511; x_wconf 77' lang='grc' dir='ltr'><strong>καὶ</strong></span> <span class='ocrx_word' id='word_1_18' title='bbox 2774 458 2932 528; x_wconf 82' lang='grc' dir='ltr'>θυμῷ</span> <span class='ocrx_word' id='word_1_19' title='bbox 2984 458 3207 527; x_wconf 81' lang='grc' dir='ltr'>μεγάλῳ</span> <span class='ocrx_word' id='word_1_20' title='bbox 3251 457 3542 529; x_wconf 67' lang='grc' dir='ltr'>ὀργίζομαι</span> <span class='ocrx_word' id='word_1_21' title='bbox 3583 459 3679 512; x_wconf 75' lang='grc' dir='ltr'>ἐπὶ</span> <span class='ocrx_word' id='word_1_22' title='bbox 3702 462 3771 530; x_wconf 70' lang='grc' dir='ltr'>τα</span> 
     </span>
    </p>
   </div>
   <div class='ocr_carea' id='block_1_4' title="bbox 510 553 2090 622">
    <p class='ocr_par' dir='ltr' id='par_1_4' title="bbox 510 553 2090 622">
     <span class='ocr_line' id='line_1_4' title="bbox 510 553 2090 622; baseline 0.001 -18"><span class='ocrx_word' id='word_1_23' title='bbox 510 556 751 622; x_wconf 77' lang='lat' dir='ltr'><strong>quidem,</strong></span> <span class='ocrx_word' id='word_1_24' title='bbox 790 574 891 613; x_wconf 87' lang='lat' dir='ltr'><strong>non</strong></span> <span class='ocrx_word' id='word_1_25' title='bbox 924 569 1099 611; x_wconf 88' lang='lat' dir='ltr'><strong>tamen</strong></span> <span class='ocrx_word' id='word_1_26' title='bbox 1125 566 1313 610; x_wconf 85' lang='lat' dir='ltr'><strong>contra</strong></span> <span class='ocrx_word' id='word_1_27' title='bbox 1335 553 1518 618; x_wconf 81' lang='lat' dir='ltr'><strong>Israel,</strong></span> <span class='ocrx_word' id='word_1_28' title='bbox 1540 554 1633 609; x_wconf 87' lang='lat' dir='ltr'><strong>sed</strong></span> <span class='ocrx_word' id='word_1_29' title='bbox 1658 564 1851 609; x_wconf 86' lang='lat' dir='ltr'><strong>contra</strong></span> <span class='ocrx_word' id='word_1_30' title='bbox 1892 560 2090 611; x_wconf 85' lang='lat' dir='ltr'><strong>semet-</strong></span> 
     </span>
    </p>
   </div>
   <div class='ocr_carea' id='block_1_5' title="bbox 511 645 2090 716">
    <p class='ocr_par' dir='ltr' id='par_1_5' title="bbox 511 645 2090 716">
     <span class='ocr_line' id='line_1_5' title="bbox 511 645 2090 716; baseline -0.001 -15"><span class='ocrx_word' id='word_1_31' title='bbox 511 648 647 716; x_wconf 73' lang='lat' dir='ltr'><strong>ipsa.</strong></span> <span class='ocrx_word' id='word_1_32' title='bbox 688 649 742 701; x_wconf 92' lang='lat' dir='ltr'><strong>lu</strong></span> <span class='ocrx_word' id='word_1_33' title='bbox 762 664 819 702; x_wconf 90' lang='lat' dir='ltr'><strong>se</strong></span> <span class='ocrx_word' id='word_1_34' title='bbox 851 657 1035 703; x_wconf 80' lang='lat' dir='ltr'><strong>mutuo</strong></span> <span class='ocrx_word' id='word_1_35' title='bbox 1087 662 1319 715; x_wconf 83' lang='lat' dir='ltr'><strong>namque</strong></span> <span class='ocrx_word' id='word_1_36' title='bbox 1364 647 1790 708; x_wconf 77' lang='lat' dir='ltr'><strong>insurrexerunt,</strong></span> <span class='ocrx_word' id='word_1_37' title='bbox 1841 645 2090 715; x_wconf 81' lang='lat' dir='ltr'><strong>Assyrios</strong></span> 
     </span>
    </p>
   </div>
   <div class='ocr_carea' id='block_1_6' title="bbox 512 735 2090 809">
    <p class='ocr_par' dir='ltr' id='par_1_6' title="bbox 512 735 2090 809">
     <span class='ocr_line' id='line_1_6' title="bbox 512 735 2090 809; baseline 0.001 -20"><span class='ocrx_word' id='word_1_38' title='bbox 512 754 574 790; x_wconf 80' lang='lat' dir='ltr'><strong>ac</strong></span> <span class='ocrx_word' id='word_1_39' title='bbox 606 738 923 808; x_wconf 69' lang='lat' dir='ltr'><strong>Babylonios</strong></span> <span class='ocrx_word' id='word_1_40' title='bbox 961 740 1135 794; x_wconf 78' lang='lat' dir='ltr'><strong>Persae</strong></span> <span class='ocrx_word' id='word_1_41' title='bbox 1156 747 1210 792; x_wconf 88' lang='lat' dir='ltr'><strong>et</strong></span> <span class='ocrx_word' id='word_1_42' title='bbox 1229 737 1365 792; x_wconf 71' lang='lat' dir='ltr'><strong>Medi</strong></span> <span class='ocrx_word' id='word_1_43' title='bbox 1386 735 1927 809; x_wconf 82' lang='lat' dir='ltr'><strong>bellolacessiverunt</strong></span> <span class='ocrx_word' id='word_1_44' title='bbox 1947 735 2090 806; x_wconf 80' lang='lat' dir='ltr'><strong>Cyro</strong></span> 
     </span>
    </p>
   </div>
   <div class='ocr_carea' id='block_1_7' title="bbox 515 826 2087 901">
    <p class='ocr_par' dir='ltr' id='par_1_7' title="bbox 515 826 2087 901">
     <span class='ocr_line' id='line_1_7' title="bbox 515 826 2087 901; baseline 0.001 -22"><span class='ocrx_word' id='word_1_45' title='bbox 515 839 792 895; x_wconf 74' lang='lat' dir='ltr'><strong>regnante,</strong></span> <span class='ocrx_word' id='word_1_46' title='bbox 811 838 868 881; x_wconf 92' lang='lat' dir='ltr'><strong>ut</strong></span> <span class='ocrx_word' id='word_1_47' title='bbox 896 846 1054 897; x_wconf 83' lang='lat' dir='ltr'><strong>supra</strong></span> <span class='ocrx_word' id='word_1_48' title='bbox 1076 829 1277 883; x_wconf 85' lang='lat' dir='ltr'><strong>dictum</strong></span> <span class='ocrx_word' id='word_1_49' title='bbox 1301 839 1403 885; x_wconf 89' lang='lat' dir='ltr'><strong>est.</strong></span> <span class='ocrx_word' id='word_1_50' title='bbox 1429 830 1790 901; x_wconf 78' lang='lat' dir='ltr'><strong>Quamobrem</strong></span> <span class='ocrx_word' id='word_1_51' title='bbox 1823 826 1926 882; x_wconf 86' lang='lat' dir='ltr'><strong>nisi</strong></span> <span class='ocrx_word' id='word_1_52' title='bbox 1991 840 2087 880; x_wconf 76' lang='lat' dir='ltr'><strong>ex-</strong></span> 
     </span>
    </p>
   </div>
   <div class='ocr_carea' id='block_1_8' title="bbox 511 914 2090 988">
    <p class='ocr_par' dir='ltr' id='par_1_8' title="bbox 511 914 2090 988">
     <span class='ocr_line' id='line_1_8' title="bbox 511 914 2090 988; baseline 0.002 -21"><span class='ocrx_word' id='word_1_53' title='bbox 511 925 665 967; x_wconf 70' lang='lat' dir='ltr'><strong>acuta</strong></span> <span class='ocrx_word' id='word_1_54' title='bbox 694 914 919 970; x_wconf 83' lang='lat' dir='ltr'><strong>fuissent</strong></span> <span class='ocrx_word' id='word_1_55' title='bbox 960 933 1181 981; x_wconf 88' lang='lat' dir='ltr'><strong>cornua,</strong></span> <span class='ocrx_word' id='word_1_56' title='bbox 1208 929 1262 972; x_wconf 89' lang='lat' dir='ltr'><strong>et</strong></span> <span class='ocrx_word' id='word_1_57' title='bbox 1288 919 1580 988; x_wconf 70' lang='lat' dir='ltr'><strong>expugnati</strong></span> <span class='ocrx_word' id='word_1_58' title='bbox 1629 916 1930 987; x_wconf 79' lang='lat' dir='ltr'><strong>Babylonii.</strong></span> <span class='ocrx_word' id='word_1_59' title='bbox 1983 930 2090 970; x_wconf 87' lang='lat' dir='ltr'><strong>non</strong></span> 
     </span>
    </p>
   </div>
   <div class='ocr_carea' id='block_1_9' title="bbox 512 1005 2089 1074">
    <p class='ocr_par' dir='ltr' id='par_1_9' title="bbox 512 1005 2089 1074">
     <span class='ocr_line' id='line_1_9' title="bbox 512 1005 2089 1074; baseline 0.001 -17"><span class='ocrx_word' id='word_1_60' title='bbox 512 1005 698 1059; x_wconf 80' lang='lat' dir='ltr'><strong>fuisset</strong></span> <span class='ocrx_word' id='word_1_61' title='bbox 750 1005 1011 1060; x_wconf 83' lang='lat' dir='ltr'><strong>servitute</strong></span> <span class='ocrx_word' id='word_1_62' title='bbox 1065 1008 1341 1063; x_wconf 89' lang='lat' dir='ltr'><strong>absolutus</strong></span> <span class='ocrx_word' id='word_1_63' title='bbox 1403 1007 1590 1073; x_wconf 89' lang='lat' dir='ltr'><strong>Israel,</strong></span> <span class='ocrx_word' id='word_1_64' title='bbox 1647 1022 1751 1061; x_wconf 90' lang='lat' dir='ltr'><strong>non</strong></span> <span class='ocrx_word' id='word_1_65' title='bbox 1805 1016 2089 1074; x_wconf 78' lang='lat' dir='ltr'><strong>exemptus</strong></span> 
     </span>
    </p>
   </div>
   <div class='ocr_carea' id='block_1_10' title="bbox 514 1095 2090 1166">
    <p class='ocr_par' dir='ltr' id='par_1_10' title="bbox 514 1095 2090 1166">
     <span class='ocr_line' id='line_1_10' title="bbox 514 1095 2090 1166; baseline 0.003 -22"><span class='ocrx_word' id='word_1_66' title='bbox 514 1096 739 1150; x_wconf 84' lang='lat' dir='ltr'><strong>vinculis</strong></span> <span class='ocrx_word' id='word_1_67' title='bbox 765 1105 817 1150; x_wconf 91' lang='lat' dir='ltr'><strong>et</strong></span> <span class='ocrx_word' id='word_1_68' title='bbox 850 1097 1065 1150; x_wconf 79' lang='lat' dir='ltr'><strong>miseria</strong></span> <span class='ocrx_word' id='word_1_69' title='bbox 1095 1098 1444 1155; x_wconf 83' lang='lat' dir='ltr'><strong>intolerabili.</strong></span> <span class='ocrx_word' id='word_1_70' title='bbox 1471 1098 1713 1166; x_wconf 86' lang='lat' dir='ltr'><strong>Quatuor</strong></span> <span class='ocrx_word' id='word_1_71' title='bbox 1741 1097 1920 1165; x_wconf 88' lang='lat' dir='ltr'><strong>itaque</strong></span> <span class='ocrx_word' id='word_1_72' title='bbox 1952 1095 2090 1150; x_wconf 79' lang='lat' dir='ltr'><strong>fabri</strong></span> 
     </span>
    </p>
   </div>
   <div class='ocr_carea' id='block_1_11' title="bbox 515 1187 2093 1255">
    <p class='ocr_par' dir='ltr' id='par_1_11' title="bbox 515 1187 2093 1255">
     <span class='ocr_line' id='line_1_11' title="bbox 515 1187 2093 1255; baseline 0.001 -16"><span class='ocrx_word' id='word_1_73' title='bbox 515 1203 711 1239; x_wconf 81' lang='lat' dir='ltr'><strong>cornua</strong></span> <span class='ocrx_word' id='word_1_74' title='bbox 750 1198 1003 1243; x_wconf 87' lang='lat' dir='ltr'><strong>acuentes</strong></span> <span class='ocrx_word' id='word_1_75' title='bbox 1037 1190 1088 1242; x_wconf 93' lang='lat' dir='ltr'><strong>in</strong></span> <span class='ocrx_word' id='word_1_76' title='bbox 1117 1191 1362 1245; x_wconf 89' lang='lat' dir='ltr'><strong>manibus</strong></span> <span class='ocrx_word' id='word_1_77' title='bbox 1390 1205 1600 1255; x_wconf 89' lang='lat' dir='ltr'><strong>eorum,</strong></span> <span class='ocrx_word' id='word_1_78' title='bbox 1631 1190 1734 1245; x_wconf 85' lang='lat' dir='ltr'><strong>hoc</strong></span> <span class='ocrx_word' id='word_1_79' title='bbox 1764 1197 1849 1244; x_wconf 89' lang='lat' dir='ltr'><strong>est</strong></span> <span class='ocrx_word' id='word_1_80' title='bbox 1888 1187 2093 1243; x_wconf 85' lang='lat' dir='ltr'><strong>haben-</strong></span> 
     </span>
    </p>
   </div>
   <div class='ocr_carea' id='block_1_12' title="bbox 518 1276 2093 1348">
    <p class='ocr_par' dir='ltr' id='par_1_12' title="bbox 518 1276 2093 1348">
     <span class='ocr_line' id='line_1_12' title="bbox 518 1276 2093 1348; baseline 0.003 -23"><span class='ocrx_word' id='word_1_81' title='bbox 518 1278 646 1326; x_wconf 85' lang='lat' dir='ltr'><strong>t‘uun</strong></span> <span class='ocrx_word' id='word_1_82' title='bbox 675 1290 759 1339; x_wconf 91' lang='lat' dir='ltr'><strong>ea,</strong></span> <span class='ocrx_word' id='word_1_83' title='bbox 789 1277 900 1331; x_wconf 82' lang='lat' dir='ltr'><strong>sive</strong></span> <span class='ocrx_word' id='word_1_84' title='bbox 928 1278 1218 1343; x_wconf 88' lang='lat' dir='ltr'><strong>victorum,</strong></span> <span class='ocrx_word' id='word_1_85' title='bbox 1253 1288 1311 1332; x_wconf 89' lang='lat' dir='ltr'><strong>ut</strong></span> <span class='ocrx_word' id='word_1_86' title='bbox 1350 1293 1505 1348; x_wconf 80' lang='lat' dir='ltr'><strong>reges</strong></span> <span class='ocrx_word' id='word_1_87' title='bbox 1533 1278 1817 1334; x_wconf 81' lang='lat' dir='ltr'><strong>Persarum</strong></span> <span class='ocrx_word' id='word_1_88' title='bbox 1893 1276 2093 1331; x_wconf 80' lang='lat' dir='ltr'><strong>intelli-</strong></span> 
     </span>
    </p>
   </div>
   <div class='ocr_carea' id='block_1_13' title="bbox 516 1367 2093 1440">
    <p class='ocr_par' dir='ltr' id='par_1_13' title="bbox 516 1367 2093 1440">
     <span class='ocr_line' id='line_1_13' title="bbox 516 1367 2093 1440; baseline 0.005 -25"><span class='ocrx_word' id='word_1_89' title='bbox 516 1382 725 1431; x_wconf 70' lang='lat' dir='ltr'><strong>gutnus,</strong></span> <span class='ocrx_word' id='word_1_90' title='bbox 756 1368 973 1439; x_wconf 77' lang='lat' dir='ltr'><strong>intelligi</strong></span> <span class='ocrx_word' id='word_1_91' title='bbox 1004 1379 1226 1438; x_wconf 89' lang='lat' dir='ltr'><strong>possunt</strong></span> <span class='ocrx_word' id='word_1_92' title='bbox 1257 1372 1457 1440; x_wconf 83' lang='lat' dir='ltr'><strong>angeli,</strong></span> <span class='ocrx_word' id='word_1_93' title='bbox 1496 1371 1875 1427; x_wconf 68' lang='lat' dir='ltr'><strong>decentissime</strong></span> <span class='ocrx_word' id='word_1_94' title='bbox 1907 1371 1971 1423; x_wconf 88' lang='lat' dir='ltr'><strong>ad</strong></span> <span class='ocrx_word' id='word_1_95' title='bbox 1998 1367 2093 1423; x_wconf 87' lang='lat' dir='ltr'><strong>Dei</strong></span> 
     </span>
    </p>
   </div>
   <div class='ocr_carea' id='block_1_14' title="bbox 508 1456 2092 1531">
    <p class='ocr_par' dir='ltr' id='par_1_14' title="bbox 508 1456 2092 1531">
     <span class='ocr_line' id='line_1_14' title="bbox 508 1456 2092 1531; baseline 0.001 -21"><span class='ocrx_word' id='word_1_96' title='bbox 508 1456 658 1523; x_wconf 90' lang='lat' dir='ltr'><strong>jussa</strong></span> <span class='ocrx_word' id='word_1_97' title='bbox 698 1460 1028 1517; x_wconf 76' lang='lat' dir='ltr'><strong>conﬁcienda</strong></span> <span class='ocrx_word' id='word_1_98' title='bbox 1059 1463 1361 1523; x_wconf 83' lang='lat' dir='ltr'><strong>constituti.</strong></span> <span class='ocrx_word' id='word_1_99' title='bbox 1398 1463 1509 1518; x_wconf 89' lang='lat' dir='ltr'><strong>Hoc</strong></span> <span class='ocrx_word' id='word_1_100' title='bbox 1558 1463 1719 1531; x_wconf 89' lang='lat' dir='ltr'><strong>igitur</strong></span> <span class='ocrx_word' id='word_1_101' title='bbox 1745 1470 1862 1516; x_wconf 87' lang='lat' dir='ltr'><strong>erat</strong></span> <span class='ocrx_word' id='word_1_102' title='bbox 1913 1458 2092 1529; x_wconf 77' lang='lat' dir='ltr'><strong>subigi</strong></span> 
     </span>
    </p>
   </div>
   <div class='ocr_carea' id='block_1_15' title="bbox 515 1546 2092 1622">
    <p class='ocr_par' dir='ltr' id='par_1_15' title="bbox 515 1546 2092 1622">
     <span class='ocr_line' id='line_1_15' title="bbox 515 1546 2092 1622; baseline 0.003 -24"><span class='ocrx_word' id='word_1_103' title='bbox 515 1546 854 1620; x_wconf 76' lang='lat' dir='ltr'><strong>Babylonios,</strong></span> <span class='ocrx_word' id='word_1_104' title='bbox 872 1561 926 1605; x_wconf 91' lang='lat' dir='ltr'><strong>et</strong></span> <span class='ocrx_word' id='word_1_105' title='bbox 947 1554 1045 1608; x_wconf 90' lang='lat' dir='ltr'><strong>sub</strong></span> <span class='ocrx_word' id='word_1_106' title='bbox 1074 1554 1356 1622; x_wconf 87' lang='lat' dir='ltr'><strong>imperium</strong></span> <span class='ocrx_word' id='word_1_107' title='bbox 1383 1553 1668 1608; x_wconf 86' lang='lat' dir='ltr'><strong>Persarum</strong></span> <span class='ocrx_word' id='word_1_108' title='bbox 1708 1551 2092 1620; x_wconf 81' lang='lat' dir='ltr'><strong>Medorumque</strong></span> 
     </span>
    </p>
   </div>
   <div class='ocr_carea' id='block_1_16' title="bbox 516 1640 2087 1709">
    <p class='ocr_par' dir='ltr' id='par_1_16' title="bbox 516 1640 2087 1709">
     <span class='ocr_line' id='line_1_16' title="bbox 516 1640 2087 1709; baseline -0.001 -16"><span class='ocrx_word' id='word_1_109' title='bbox 516 1640 681 1708; x_wconf 80' lang='lat' dir='ltr'><strong>redigi</strong></span> <span class='ocrx_word' id='word_1_110' title='bbox 719 1640 784 1693; x_wconf 90' lang='lat' dir='ltr'><strong>de</strong></span> <span class='ocrx_word' id='word_1_111' title='bbox 814 1643 1009 1709; x_wconf 89' lang='lat' dir='ltr'><strong>quibus</strong></span> <span class='ocrx_word' id='word_1_112' title='bbox 1049 1643 1178 1697; x_wconf 85' lang='lat' dir='ltr'><strong>alibi</strong></span> <span class='ocrx_word' id='word_1_113' title='bbox 1228 1643 1601 1701; x_wconf 86' lang='lat' dir='ltr'><strong>universorum</strong></span> <span class='ocrx_word' id='word_1_114' title='bbox 1655 1642 1914 1696; x_wconf 85' lang='lat' dir='ltr'><strong>Dominus</strong></span> <span class='ocrx_word' id='word_1_115' title='bbox 1970 1641 2038 1694; x_wconf 87' lang='lat' dir='ltr'><strong>ait</strong></span> <span class='ocrx_word' id='word_1_116' title='bbox 2071 1654 2087 1691; x_wconf 90' lang='lat'><strong>:</strong></span> 
     </span>
    </p>
   </div>
   <div class='ocr_carea' id='block_1_17' title="bbox 518 1730 2093 1807">
    <p class='ocr_par' dir='ltr' id='par_1_17' title="bbox 518 1730 2093 1807">
     <span class='ocr_line' id='line_1_17' title="bbox 518 1730 2093 1807; baseline 0.005 -23"><span class='ocrx_word' id='word_1_117' title='bbox 518 1746 537 1781; x_wconf 75' lang='grc' dir='ltr'><strong>ι</strong></span> <span class='ocrx_word' id='word_1_118' title='bbox 572 1730 901 1787; x_wconf 81' lang='lat' dir='ltr'><strong>Sanctiﬁcati</strong></span> <span class='ocrx_word' id='word_1_119' title='bbox 929 1744 1074 1800; x_wconf 87' lang='lat' dir='ltr'><strong>sunt,</strong></span> <span class='ocrx_word' id='word_1_120' title='bbox 1099 1745 1153 1790; x_wconf 90' lang='lat' dir='ltr'><strong>et</strong></span> <span class='ocrx_word' id='word_1_121' title='bbox 1183 1751 1283 1807; x_wconf 90' lang='lat' dir='ltr'><strong>ego</strong></span> <span class='ocrx_word' id='word_1_122' title='bbox 1306 1737 1515 1793; x_wconf 84' lang='lat' dir='ltr'><strong>adduco</strong></span> <span class='ocrx_word' id='word_1_123' title='bbox 1540 1750 1680 1803; x_wconf 89' lang='lat' dir='ltr'><strong>eos;</strong></span> <span class='ocrx_word' id='word_1_124' title='bbox 1724 1735 1969 1803; x_wconf 74' lang='lat' dir='ltr'><strong>gigantes</strong></span> <span class='ocrx_word' id='word_1_125' title='bbox 1999 1747 2093 1788; x_wconf 76' lang='lat' dir='ltr'><strong>ve-</strong></span> 
     </span>
    </p>
   </div>
   <div class='ocr_carea' id='block_1_18' title="bbox 513 1803 2170 1900">
    <p class='ocr_par' dir='ltr' id='par_1_18' title="bbox 513 1803 2170 1900">
     <span class='ocr_line' id='line_1_18' title="bbox 513 1803 2170 1900; baseline 0.003 -25"><span class='ocrx_word' id='word_1_126' title='bbox 513 1825 666 1878; x_wconf 87' lang='lat' dir='ltr'><strong>niunt</strong></span> <span class='ocrx_word' id='word_1_127' title='bbox 692 1825 915 1893; x_wconf 86' lang='lat' dir='ltr'><strong>implere</strong></span> <span class='ocrx_word' id='word_1_128' title='bbox 936 1825 1171 1882; x_wconf 75' lang='lat' dir='ltr'><strong>furorem</strong></span> <span class='ocrx_word' id='word_1_129' title='bbox 1209 1803 1409 1895; x_wconf 77' lang='lat' dir='ltr'><strong>meum,</strong></span> <span class='ocrx_word' id='word_1_130' title='bbox 1439 1830 1733 1900; x_wconf 87' lang='lat' dir='ltr'><strong>gaudentes</strong></span> <span class='ocrx_word' id='word_1_131' title='bbox 1748 1824 1908 1883; x_wconf 86' lang='lat' dir='ltr'><strong>simul</strong></span> <span class='ocrx_word' id='word_1_132' title='bbox 1928 1833 1982 1882; x_wconf 91' lang='lat' dir='ltr'><strong>et</strong></span> <span class='ocrx_word' id='word_1_133' title='bbox 2000 1840 2093 1880; x_wconf 89' lang='lat' dir='ltr'><strong>su-</strong></span> <span class='ocrx_word' id='word_1_134' title='bbox 2125 1803 2170 1859; x_wconf 72' lang='grc' dir='ltr'><strong>Β</strong></span> 
     </span>
    </p>
   </div>
   <div class='ocr_carea' id='block_1_19' title="bbox 512 1914 959 1979">
    <p class='ocr_par' dir='ltr' id='par_1_19' title="bbox 512 1914 959 1979">
     <span class='ocr_line' id='line_1_19' title="bbox 512 1914 959 1979; baseline 0.011 -13"><span class='ocrx_word' id='word_1_135' title='bbox 512 1914 817 1979; x_wconf 88' lang='lat' dir='ltr'><strong>perbientes</strong></span> <span class='ocrx_word' id='word_1_136' title='bbox 844 1917 912 1970; x_wconf 75' lang='lat'><strong>“.</strong></span> <span class='ocrx_word' id='word_1_137' title='bbox 940 1936 959 1970; x_wconf 85' lang='lat' dir='ltr'><strong>s</strong></span> 
     </span>
    </p>
   </div>
   <div class='ocr_carea' id='block_1_20' title="bbox 2190 541 3771 621">
    <p class='ocr_par' dir='ltr' id='par_1_20' title="bbox 2190 541 3771 621">
     <span class='ocr_line' id='line_1_20' title="bbox 2190 541 3771 621; baseline -0.002 -16"><span class='ocrx_word' id='word_1_138' title='bbox 2190 550 2316 621; x_wconf 73' lang='grc' dir='ltr'>ἔθνη</span> <span class='ocrx_word' id='word_1_139' title='bbox 2346 551 2414 606; x_wconf 70' lang='grc' dir='ltr'><strong>τὰ</strong></span> <span class='ocrx_word' id='word_1_140' title='bbox 2448 550 2918 620; x_wconf 68' lang='grc' dir='ltr'>πνεπιτιθέμενα.</span> <span class='ocrx_word' id='word_1_141' title='bbox 2939 548 3080 603; x_wconf 79' lang='grc' dir='ltr'>Ἀνθ’</span> <span class='ocrx_word' id='word_1_142' title='bbox 3111 541 3186 602; x_wconf 82' lang='grc' dir='ltr'>ὧν</span> <span class='ocrx_word' id='word_1_143' title='bbox 3218 547 3328 616; x_wconf 76' lang='grc' dir='ltr'><strong>ἐγὼ</strong></span> <span class='ocrx_word' id='word_1_144' title='bbox 3360 549 3459 619; x_wconf 82' lang='grc' dir='ltr'>μὲν</span> <span class='ocrx_word' id='word_1_145' title='bbox 3489 549 3771 619; x_wconf 67' lang='grc' dir='ltr'>ὠργίσθην</span> 
     </span>
    </p>
   </div>
   <div class='ocr_carea' id='block_1_21' title="bbox 2189 638 3769 708">
    <p class='ocr_par' dir='ltr' id='par_1_21' title="bbox 2189 638 3769 708">
     <span class='ocr_line' id='line_1_21' title="bbox 2189 638 3769 708; baseline 0.003 -15"><span class='ocrx_word' id='word_1_146' title='bbox 2189 640 2364 707; x_wconf 80' lang='grc' dir='ltr'>ὀλίγα,</span> <span class='ocrx_word' id='word_1_147' title='bbox 2394 640 2548 693; x_wconf 72' lang='grc' dir='ltr'>αὐτοὶ</span> <span class='ocrx_word' id='word_1_148' title='bbox 2574 640 2631 693; x_wconf 84' lang='grc' dir='ltr'>δὲ</span> <span class='ocrx_word' id='word_1_149' title='bbox 2668 640 3024 693; x_wconf 79' lang='grc' dir='ltr'><strong>συνεπέθεντο</strong></span> <span class='ocrx_word' id='word_1_150' title='bbox 3061 640 3142 701; x_wconf 85' lang='grc' dir='ltr'>εἰς</span> <span class='ocrx_word' id='word_1_151' title='bbox 3170 638 3337 693; x_wconf 82' lang='grc' dir='ltr'>κακά.</span> <span class='ocrx_word' id='word_1_152' title='bbox 3372 657 3392 691; x_wconf 77' lang='lat' dir='ltr'><strong>s</strong></span> <span class='ocrx_word' id='word_1_153' title='bbox 3412 639 3468 691; x_wconf 92' lang='lat'><strong>&#39;0</strong></span> <span class='ocrx_word' id='word_1_154' title='bbox 3501 639 3580 703; x_wconf 83' lang='grc' dir='ltr'>δὲ,</span> <span class='ocrx_word' id='word_1_155' title='bbox 3615 641 3769 708; x_wconf 83' lang='grc' dir='ltr'>ὀλίγα</span> 
     </span>
    </p>
   </div>
   <div class='ocr_carea' id='block_1_22' title="bbox 2190 728 3772 801">
    <p class='ocr_par' dir='ltr' id='par_1_22' title="bbox 2190 728 3772 801">
     <span class='ocr_line' id='line_1_22' title="bbox 2190 728 3772 801; baseline 0 -17"><span class='ocrx_word' id='word_1_156' title='bbox 2190 733 2286 785; x_wconf 69' lang='grc' dir='ltr'>καὶ</span> <span class='ocrx_word' id='word_1_157' title='bbox 2318 730 2644 801; x_wconf 81' lang='grc' dir='ltr'><strong>συμμέτρως</strong></span> <span class='ocrx_word' id='word_1_158' title='bbox 2674 728 3039 799; x_wconf 82' lang='grc' dir='ltr'><strong>ὠργισμένος,</strong></span> <span class='ocrx_word' id='word_1_159' title='bbox 3068 729 3161 782; x_wconf 80' lang='grc' dir='ltr'><strong>καὶ</strong></span> <span class='ocrx_word' id='word_1_160' title='bbox 3186 728 3344 799; x_wconf 80' lang='grc' dir='ltr'>ζῆλον</span> <span class='ocrx_word' id='word_1_161' title='bbox 3373 730 3627 798; x_wconf 68' lang='grc' dir='ltr'>ἐπαφιεὶς</span> <span class='ocrx_word' id='word_1_162' title='bbox 3661 735 3772 795; x_wconf 87' lang='grc' dir='ltr'>τοῖς</span> 
     </span>
    </p>
   </div>
   <div class='ocr_carea' id='block_1_23' title="bbox 2191 818 3772 892">
    <p class='ocr_par' dir='ltr' id='par_1_23' title="bbox 2191 818 3772 892">
     <span class='ocr_line' id='line_1_23' title="bbox 2191 818 3772 892; baseline 0.006 -25"><span class='ocrx_word' id='word_1_163' title='bbox 2191 821 2615 892; x_wconf 82' lang='grc' dir='ltr'>πεπορθηκόσιν,</span> <span class='ocrx_word' id='word_1_164' title='bbox 2639 821 2719 874; x_wconf 88' lang='grc' dir='ltr'>ὄτι</span> <span class='ocrx_word' id='word_1_165' title='bbox 2750 819 2902 890; x_wconf 74' lang='grc' dir='ltr'>παρὰ</span> <span class='ocrx_word' id='word_1_166' title='bbox 2931 818 3088 887; x_wconf 85' lang='grc' dir='ltr'>λόγον</span> <span class='ocrx_word' id='word_1_167' title='bbox 3121 819 3415 890; x_wconf 83' lang='grc' dir='ltr'><strong>δεδράκασι</strong></span> <span class='ocrx_word' id='word_1_168' title='bbox 3444 819 3513 873; x_wconf 79' lang='grc' dir='ltr'><strong>τὰ</strong></span> <span class='ocrx_word' id='word_1_169' title='bbox 3541 821 3619 883; x_wconf 78' lang='grc' dir='ltr'><strong>εἰς</strong></span> <span class='ocrx_word' id='word_1_170' title='bbox 3642 822 3772 885; x_wconf 81' lang='grc' dir='ltr'>τοὺς</span> 
     </span>
    </p>
   </div>
   <div class='ocr_carea' id='block_1_24' title="bbox 2191 908 3774 982">
    <p class='ocr_par' dir='ltr' id='par_1_24' title="bbox 2191 908 3774 982">
     <span class='ocr_line' id='line_1_24' title="bbox 2191 908 3774 982; baseline -0.001 -17"><span class='ocrx_word' id='word_1_171' title='bbox 2191 912 2416 974; x_wconf 79' lang='grc' dir='ltr'>ἁλόντας</span> <span class='ocrx_word' id='word_1_172' title='bbox 2469 910 2814 982; x_wconf 84' lang='grc' dir='ltr'><strong>τολμήματα,</strong></span> <span class='ocrx_word' id='word_1_173' title='bbox 2858 911 2977 974; x_wconf 82' lang='grc' dir='ltr'><strong>πῶς</strong></span> <span class='ocrx_word' id='word_1_174' title='bbox 3004 908 3286 974; x_wconf 77' lang='grc' dir='ltr'><strong>ὀξύνεσθαι</strong></span> <span class='ocrx_word' id='word_1_175' title='bbox 3320 911 3441 964; x_wconf 86' lang='grc' dir='ltr'>κατ’</span> <span class='ocrx_word' id='word_1_176' title='bbox 3470 910 3651 964; x_wconf 83' lang='grc' dir='ltr'>αὐτῶν</span> <span class='ocrx_word' id='word_1_177' title='bbox 3680 929 3774 965; x_wconf 82' lang='grc' dir='ltr'>κε-</span> 
     </span>
    </p>
   </div>
   <div class='ocr_carea' id='block_1_25' title="bbox 2191 1003 3825 1074">
    <p class='ocr_par' dir='ltr' id='par_1_25' title="bbox 2191 1003 3825 1074">
     <span class='ocr_line' id='line_1_25' title="bbox 2191 1003 3825 1074; baseline 0.001 -18"><span class='ocrx_word' id='word_1_178' title='bbox 2191 1003 2335 1060; x_wconf 83' lang='grc' dir='ltr'>λεύει</span> <span class='ocrx_word' id='word_1_179' title='bbox 2372 1003 2441 1056; x_wconf 89' lang='grc' dir='ltr'><strong>τὰ</strong></span> <span class='ocrx_word' id='word_1_180' title='bbox 2475 1004 2719 1074; x_wconf 88' lang='grc' dir='ltr'>κέρατα;</span> <span class='ocrx_word' id='word_1_181' title='bbox 2765 1004 2974 1057; x_wconf 90' lang='grc' dir='ltr'>Οὐκοῦν</span> <span class='ocrx_word' id='word_1_182' title='bbox 3024 1003 3297 1069; x_wconf 79' lang='grc' dir='ltr'>όξύνονται</span> <span class='ocrx_word' id='word_1_183' title='bbox 3346 1004 3465 1074; x_wconf 86' lang='grc' dir='ltr'>μὲν,</span> <span class='ocrx_word' id='word_1_184' title='bbox 3522 1004 3659 1074; x_wconf 83' lang='grc' dir='ltr'>πλὴν</span> <span class='ocrx_word' id='word_1_185' title='bbox 3708 1005 3770 1058; x_wconf 81' lang='grc' dir='ltr'>οὐ</span> <span class='ocrx_word' id='word_1_186' title='bbox 3822 1006 3825 1007; x_wconf 58' lang='grc'><strong><em>⁷</em></strong></span> 
     </span>
    </p>
   </div>
   <div class='ocr_carea' id='block_1_26' title="bbox 2192 1093 3773 1165">
    <p class='ocr_par' dir='ltr' id='par_1_26' title="bbox 2192 1093 3773 1165">
     <span class='ocr_line' id='line_1_26' title="bbox 2192 1093 3773 1165; baseline 0.001 -18"><span class='ocrx_word' id='word_1_187' title='bbox 2192 1093 2335 1147; x_wconf 86' lang='grc' dir='ltr'>κατά</span> <span class='ocrx_word' id='word_1_188' title='bbox 2360 1110 2423 1162; x_wconf 87' lang='grc' dir='ltr'><strong>γε</strong></span> <span class='ocrx_word' id='word_1_189' title='bbox 2452 1094 2545 1147; x_wconf 84' lang='grc' dir='ltr'>τοῦ</span> <span class='ocrx_word' id='word_1_190' title='bbox 2580 1093 2818 1165; x_wconf 79' lang='grc' dir='ltr'>Ἰσραὴλ,</span> <span class='ocrx_word' id='word_1_191' title='bbox 2857 1094 2998 1148; x_wconf 85' lang='grc' dir='ltr'><strong>ἀλλὰ</strong></span> <span class='ocrx_word' id='word_1_192' title='bbox 3028 1094 3169 1149; x_wconf 82' lang='grc' dir='ltr'>κατὰ</span> <span class='ocrx_word' id='word_1_193' title='bbox 3203 1095 3353 1163; x_wconf 80' lang='grc' dir='ltr'>σφῶν</span> <span class='ocrx_word' id='word_1_194' title='bbox 3387 1096 3589 1151; x_wconf 81' lang='grc' dir='ltr'>αὐτῶν.</span> <span class='ocrx_word' id='word_1_195' title='bbox 3626 1098 3773 1150; x_wconf 66' lang='lat' dir='ltr'><strong>Kas-</strong></span> 
     </span>
    </p>
   </div>
   <div class='ocr_carea' id='block_1_27' title="bbox 2192 1183 3778 1259">
    <p class='ocr_par' dir='ltr' id='par_1_27' title="bbox 2192 1183 3778 1259">
     <span class='ocr_line' id='line_1_27' title="bbox 2192 1183 3778 1259; baseline 0.003 -22"><span class='ocrx_word' id='word_1_196' title='bbox 2192 1185 2554 1256; x_wconf 81' lang='grc' dir='ltr'>εξανέστησαν</span> <span class='ocrx_word' id='word_1_197' title='bbox 2584 1183 2693 1256; x_wconf 83' lang='grc' dir='ltr'>γὰρ</span> <span class='ocrx_word' id='word_1_198' title='bbox 2728 1186 2984 1258; x_wconf 72' lang='grc' dir='ltr'>ἀλλήλων,</span> <span class='ocrx_word' id='word_1_199' title='bbox 3018 1188 3113 1242; x_wconf 70' lang='grc' dir='ltr'>καὶ</span> <span class='ocrx_word' id='word_1_200' title='bbox 3153 1188 3603 1259; x_wconf 80' lang='grc' dir='ltr'>πεπολεμήκασιν</span> <span class='ocrx_word' id='word_1_201' title='bbox 3651 1188 3778 1241; x_wconf 79' lang='grc' dir='ltr'><strong>Ἀσ-</strong></span> 
     </span>
    </p>
   </div>
   <div class='ocr_carea' id='block_1_28' title="bbox 2193 1276 3775 1349">
    <p class='ocr_par' dir='ltr' id='par_1_28' title="bbox 2193 1276 3775 1349">
     <span class='ocr_line' id='line_1_28' title="bbox 2193 1276 3775 1349; baseline 0.001 -20"><span class='ocrx_word' id='word_1_202' title='bbox 2193 1277 2403 1346; x_wconf 85' lang='grc' dir='ltr'>συρίοις</span> <span class='ocrx_word' id='word_1_203' title='bbox 2445 1293 2507 1329; x_wconf 89' lang='grc' dir='ltr'><strong>τε</strong></span> <span class='ocrx_word' id='word_1_204' title='bbox 2536 1276 2633 1330; x_wconf 72' lang='grc' dir='ltr'>καὶ</span> <span class='ocrx_word' id='word_1_205' title='bbox 2663 1276 3027 1341; x_wconf 90' lang='grc' dir='ltr'>Βαϐυλωνίοις</span> <span class='ocrx_word' id='word_1_206' title='bbox 3062 1278 3266 1347; x_wconf 81' lang='grc' dir='ltr'><strong>Πέρσαι</strong></span> <span class='ocrx_word' id='word_1_207' title='bbox 3300 1279 3395 1331; x_wconf 74' lang='grc' dir='ltr'>καὶ</span> <span class='ocrx_word' id='word_1_208' title='bbox 3424 1277 3775 1349; x_wconf 73' lang='grc' dir='ltr'><strong>Μήδοι,’1(ύ-</strong></span> 
     </span>
    </p>
   </div>
   <div class='ocr_carea' id='block_1_29' title="bbox 2196 1366 3776 1440">
    <p class='ocr_par' dir='ltr' id='par_1_29' title="bbox 2196 1366 3776 1440">
     <span class='ocr_line' id='line_1_29' title="bbox 2196 1366 3776 1440; baseline -0.001 -18"><span class='ocrx_word' id='word_1_209' title='bbox 2196 1387 2289 1440; x_wconf 84' lang='lat' dir='ltr'><strong>pou</strong></span> <span class='ocrx_word' id='word_1_210' title='bbox 2328 1366 2797 1437; x_wconf 80' lang='grc' dir='ltr'>βεϐασιλευκότος,</span> <span class='ocrx_word' id='word_1_211' title='bbox 2829 1369 3082 1440; x_wconf 83' lang='grc' dir='ltr'>καθάπερ</span> <span class='ocrx_word' id='word_1_212' title='bbox 3114 1369 3214 1439; x_wconf 73' lang='grc' dir='ltr'><strong>ἤδη</strong></span> <span class='ocrx_word' id='word_1_213' title='bbox 3254 1368 3596 1440; x_wconf 82' lang='grc' dir='ltr'>προείρηται.</span> <span class='ocrx_word' id='word_1_214' title='bbox 3631 1369 3776 1422; x_wconf 80' lang='grc' dir='ltr'>Οὐκ-</span> 
     </span>
    </p>
   </div>
   <div class='ocr_carea' id='block_1_30' title="bbox 2191 1456 3778 1529">
    <p class='ocr_par' dir='ltr' id='par_1_30' title="bbox 2191 1456 3778 1529">
     <span class='ocr_line' id='line_1_30' title="bbox 2191 1456 3778 1529; baseline 0 -16"><span class='ocrx_word' id='word_1_215' title='bbox 2191 1460 2304 1523; x_wconf 88' lang='grc' dir='ltr'>οῦν,</span> <span class='ocrx_word' id='word_1_216' title='bbox 2340 1460 2390 1511; x_wconf 80' lang='grc' dir='ltr'><strong>εί</strong></span> <span class='ocrx_word' id='word_1_217' title='bbox 2439 1457 2513 1528; x_wconf 86' lang='grc' dir='ltr'>μὴ</span> <span class='ocrx_word' id='word_1_218' title='bbox 2547 1456 2759 1527; x_wconf 78' lang='grc' dir='ltr'>ὠξύνθη</span> <span class='ocrx_word' id='word_1_219' title='bbox 2803 1458 2875 1512; x_wconf 80' lang='grc' dir='ltr'>τὰ</span> <span class='ocrx_word' id='word_1_220' title='bbox 2922 1459 3152 1529; x_wconf 88' lang='grc' dir='ltr'>κέρατα,</span> <span class='ocrx_word' id='word_1_221' title='bbox 3184 1460 3280 1511; x_wconf 75' lang='grc' dir='ltr'><strong>καὶ</strong></span> <span class='ocrx_word' id='word_1_222' title='bbox 3323 1460 3663 1529; x_wconf 82' lang='grc' dir='ltr'>ὲπεπόρθητο</span> <span class='ocrx_word' id='word_1_223' title='bbox 3709 1458 3778 1513; x_wconf 76' lang='grc' dir='ltr'>τὰ</span> 
     </span>
    </p>
   </div>
   <div class='ocr_carea' id='block_1_31' title="bbox 2190 1550 3773 1621">
    <p class='ocr_par' dir='ltr' id='par_1_31' title="bbox 2190 1550 3773 1621">
     <span class='ocr_line' id='line_1_31' title="bbox 2190 1550 3773 1621; baseline -0.002 -15"><span class='ocrx_word' id='word_1_224' title='bbox 2190 1550 2565 1615; x_wconf 85' lang='grc' dir='ltr'>Βαϐυλωνίων,</span> <span class='ocrx_word' id='word_1_225' title='bbox 2600 1551 2702 1604; x_wconf 83' lang='grc' dir='ltr'><strong>οὐκ</strong></span> <span class='ocrx_word' id='word_1_226' title='bbox 2734 1551 2799 1603; x_wconf 84' lang='grc' dir='ltr'><strong>ἂν</strong></span> <span class='ocrx_word' id='word_1_227' title='bbox 2832 1550 3151 1621; x_wconf 83' lang='grc' dir='ltr'><strong>ἀπήλλακτο</strong></span> <span class='ocrx_word' id='word_1_228' title='bbox 3200 1551 3446 1615; x_wconf 78' lang='grc' dir='ltr'><strong>δουλείας</strong></span> <span class='ocrx_word' id='word_1_229' title='bbox 3475 1554 3503 1604; x_wconf 86' lang='grc' dir='ltr'>ὁ</span> <span class='ocrx_word' id='word_1_230' title='bbox 3533 1551 3773 1621; x_wconf 79' lang='grc' dir='ltr'>Ἰσραὴλ,</span> 
     </span>
    </p>
   </div>
   <div class='ocr_carea' id='block_1_32' title="bbox 2191 1642 3774 1715">
    <p class='ocr_par' dir='ltr' id='par_1_32' title="bbox 2191 1642 3774 1715">
     <span class='ocr_line' id='line_1_32' title="bbox 2191 1642 3774 1715; baseline -0.001 -17"><span class='ocrx_word' id='word_1_231' title='bbox 2191 1645 2291 1698; x_wconf 79' lang='grc' dir='ltr'>οὐκ</span> <span class='ocrx_word' id='word_1_232' title='bbox 2317 1644 2383 1698; x_wconf 79' lang='grc' dir='ltr'><strong>ἂν</strong></span> <span class='ocrx_word' id='word_1_233' title='bbox 2425 1643 2614 1713; x_wconf 79' lang='grc' dir='ltr'>ἀνείθη</span> <span class='ocrx_word' id='word_1_234' title='bbox 2644 1642 2880 1711; x_wconf 81' lang='grc' dir='ltr'>δεσμῶν,</span> <span class='ocrx_word' id='word_1_235' title='bbox 2912 1642 3006 1696; x_wconf 73' lang='grc' dir='ltr'><strong>καὶ</strong></span> <span class='ocrx_word' id='word_1_236' title='bbox 3043 1643 3142 1710; x_wconf 77' lang='grc' dir='ltr'><strong>τῆς</strong></span> <span class='ocrx_word' id='word_1_237' title='bbox 3177 1643 3451 1715; x_wconf 81' lang='grc' dir='ltr'><strong>ἀφορήτου</strong></span> <span class='ocrx_word' id='word_1_238' title='bbox 3493 1643 3774 1697; x_wconf 77' lang='grc' dir='ltr'>ταλαιπωο</span> 
     </span>
    </p>
   </div>
   <div class='ocr_carea' id='block_1_33' title="bbox 2198 1722 3777 1809">
    <p class='ocr_par' dir='ltr' id='par_1_33' title="bbox 2198 1722 3777 1809">
     <span class='ocr_line' id='line_1_33' title="bbox 2198 1722 3777 1809; baseline -0.001 -22"><span class='ocrx_word' id='word_1_239' title='bbox 2198 1736 2336 1806; x_wconf 85' lang='grc' dir='ltr'>ρίας.</span> <span class='ocrx_word' id='word_1_240' title='bbox 2368 1735 2433 1788; x_wconf 81' lang='lat' dir='ltr'><strong>Ol</strong></span> <span class='ocrx_word' id='word_1_241' title='bbox 2478 1734 2657 1787; x_wconf 90' lang='grc' dir='ltr'>τοίνυν</span> <span class='ocrx_word' id='word_1_242' title='bbox 2710 1722 2976 1802; x_wconf 75' lang='grc' dir='ltr'>τέσσαρες</span> <span class='ocrx_word' id='word_1_243' title='bbox 3024 1734 3295 1799; x_wconf 85' lang='grc' dir='ltr'>τέκτονες,</span> <span class='ocrx_word' id='word_1_244' title='bbox 3342 1736 3391 1809; x_wconf 74' lang='grc' dir='ltr'><strong>οἱ</strong></span> <span class='ocrx_word' id='word_1_245' title='bbox 3451 1734 3521 1787; x_wconf 82' lang='grc' dir='ltr'><strong>τὰ</strong></span> <span class='ocrx_word' id='word_1_246' title='bbox 3569 1733 3777 1803; x_wconf 82' lang='grc' dir='ltr'>κέρατα</span> 
     </span>
    </p>
   </div>
   <div class='ocr_carea' id='block_1_34' title="bbox 2199 1822 3779 1897">
    <p class='ocr_par' dir='ltr' id='par_1_34' title="bbox 2199 1822 3779 1897">
     <span class='ocr_line' id='line_1_34' title="bbox 2199 1822 3779 1897; baseline -0.003 -18"><span class='ocrx_word' id='word_1_247' title='bbox 2199 1826 2608 1897; x_wconf 81' lang='grc' dir='ltr'>παραθήγοντες</span> <span class='ocrx_word' id='word_1_248' title='bbox 2636 1825 2694 1877; x_wconf 82' lang='grc' dir='ltr'>ὲν</span> <span class='ocrx_word' id='word_1_249' title='bbox 2720 1824 2907 1895; x_wconf 71' lang='grc' dir='ltr'>χερσὶν</span> <span class='ocrx_word' id='word_1_250' title='bbox 2935 1823 3137 1888; x_wconf 86' lang='grc' dir='ltr'>αὐτῶν,</span> <span class='ocrx_word' id='word_1_251' title='bbox 3169 1824 3418 1877; x_wconf 84' lang='grc' dir='ltr'>τουτέστι</span> <span class='ocrx_word' id='word_1_252' title='bbox 3469 1822 3579 1876; x_wconf 85' lang='grc' dir='ltr'><strong>τῶν</strong></span> <span class='ocrx_word' id='word_1_253' title='bbox 3627 1822 3779 1892; x_wconf 75' lang='grc' dir='ltr'>ἐχόν-</span> 
     </span>
    </p>
   </div>
   <div class='ocr_carea' id='block_1_35' title="bbox 2197 1912 3779 1986">
    <p class='ocr_par' dir='ltr' id='par_1_35' title="bbox 2197 1912 3779 1986">
     <span class='ocr_line' id='line_1_35' title="bbox 2197 1912 3779 1986; baseline -0.003 -18"><span class='ocrx_word' id='word_1_254' title='bbox 2197 1932 2312 1982; x_wconf 88' lang='grc' dir='ltr'><strong>των</strong></span> <span class='ocrx_word' id='word_1_255' title='bbox 2338 1915 2497 1981; x_wconf 77' lang='grc' dir='ltr'>αὐτὰ,</span> <span class='ocrx_word' id='word_1_256' title='bbox 2527 1916 2652 1986; x_wconf 75' lang='grc' dir='ltr'>ἦτοι</span> <span class='ocrx_word' id='word_1_257' title='bbox 2694 1913 2802 1967; x_wconf 85' lang='grc' dir='ltr'>τῶν</span> <span class='ocrx_word' id='word_1_258' title='bbox 2851 1913 3217 1986; x_wconf 75' lang='grc' dir='ltr'>κρατούντων,</span> <span class='ocrx_word' id='word_1_259' title='bbox 3244 1913 3331 1967; x_wconf 83' lang='grc' dir='ltr'>ἴνα</span> <span class='ocrx_word' id='word_1_260' title='bbox 3376 1913 3503 1976; x_wconf 81' lang='grc' dir='ltr'>τοὺς</span> <span class='ocrx_word' id='word_1_261' title='bbox 3551 1912 3779 1983; x_wconf 78' lang='grc' dir='ltr'>Περσῶν</span> 
     </span>
    </p>
   </div>
   <div class='ocr_carea' id='block_1_36' title="bbox 510 2001 3779 2081">
    <p class='ocr_par' dir='ltr' id='par_1_36' title="bbox 510 2001 3779 2081">
     <span class='ocr_line' id='line_1_36' title="bbox 510 2001 3779 2081; baseline 0.001 -26"><span class='ocrx_word' id='word_1_262' title='bbox 510 2002 721 2074; x_wconf 83' lang='grc' dir='ltr'>νοῶμεν</span> <span class='ocrx_word' id='word_1_263' title='bbox 790 2006 1065 2076; x_wconf 83' lang='grc' dir='ltr'>βασιλέας,</span> <span class='ocrx_word' id='word_1_264' title='bbox 1132 2012 1373 2081; x_wconf 83' lang='grc' dir='ltr'>νοηθετεν</span> <span class='ocrx_word' id='word_1_265' title='bbox 1421 2012 1661 2081; x_wconf 81' lang='grc' dir='ltr'>ἄγγελοι,</span> <span class='ocrx_word' id='word_1_266' title='bbox 1690 2011 1750 2065; x_wconf 81' lang='grc' dir='ltr'>τὸ</span> <span class='ocrx_word' id='word_1_267' title='bbox 1797 2009 1988 2066; x_wconf 78' lang='grc' dir='ltr'>δοκοῦν</span> <span class='ocrx_word' id='word_1_268' title='bbox 2036 2007 2155 2079; x_wconf 84' lang='grc' dir='ltr'><strong>Θεῷ</strong></span> <span class='ocrx_word' id='word_1_269' title='bbox 2194 2008 2585 2078; x_wconf 85' lang='grc' dir='ltr'>ἁποπεραίνειν</span> <span class='ocrx_word' id='word_1_270' title='bbox 2636 2002 2695 2061; x_wconf 79' lang='grc' dir='ltr'>εὖ</span> <span class='ocrx_word' id='word_1_271' title='bbox 2763 2007 2908 2078; x_wconf 80' lang='grc' dir='ltr'>μάλα</span> <span class='ocrx_word' id='word_1_272' title='bbox 2960 2007 3443 2078; x_wconf 84' lang='grc' dir='ltr'>προστεταγμένοι.</span> <span class='ocrx_word' id='word_1_273' title='bbox 3489 2004 3661 2059; x_wconf 85' lang='grc' dir='ltr'>Τοῦτο</span> <span class='ocrx_word' id='word_1_274' title='bbox 3712 2001 3779 2073; x_wconf 77' lang='grc' dir='ltr'>ἦν</span> 
     </span>
    </p>
   </div>
   <div class='ocr_carea' id='block_1_37' title="bbox 509 2091 3775 2172">
    <p class='ocr_par' dir='ltr' id='par_1_37' title="bbox 509 2091 3775 2172">
     <span class='ocr_line' id='line_1_37' title="bbox 509 2091 3775 2172; baseline 0.001 -28"><span class='ocrx_word' id='word_1_275' title='bbox 509 2092 618 2162; x_wconf 77' lang='grc' dir='ltr'><strong>ἄρα</strong></span> <span class='ocrx_word' id='word_1_276' title='bbox 652 2095 713 2147; x_wconf 83' lang='grc' dir='ltr'><strong>τὸ</strong></span> <span class='ocrx_word' id='word_1_277' title='bbox 756 2096 956 2150; x_wconf 83' lang='grc' dir='ltr'>ἁλῶναι</span> <span class='ocrx_word' id='word_1_278' title='bbox 996 2098 1091 2170; x_wconf 77' lang='grc' dir='ltr'><strong>τὴν</strong></span> <span class='ocrx_word' id='word_1_279' title='bbox 1125 2101 1506 2167; x_wconf 87' lang='grc' dir='ltr'>Βαϐυλωνίων,</span> <span class='ocrx_word' id='word_1_280' title='bbox 1541 2102 1633 2157; x_wconf 75' lang='grc' dir='ltr'>καὶ</span> <span class='ocrx_word' id='word_1_281' title='bbox 1664 2103 1767 2157; x_wconf 82' lang='grc' dir='ltr'><strong>ὑπὸ</strong></span> <span class='ocrx_word' id='word_1_282' title='bbox 1800 2103 1957 2172; x_wconf 85' lang='grc' dir='ltr'>χεῖρα</span> <span class='ocrx_word' id='word_1_283' title='bbox 1992 2098 2251 2168; x_wconf 86' lang='grc' dir='ltr'>γενέσθαι</span> <span class='ocrx_word' id='word_1_284' title='bbox 2312 2098 2537 2170; x_wconf 85' lang='grc' dir='ltr'>Περσῶν</span> <span class='ocrx_word' id='word_1_285' title='bbox 2601 2115 2660 2150; x_wconf 88' lang='grc' dir='ltr'><strong>τε</strong></span> <span class='ocrx_word' id='word_1_286' title='bbox 2695 2099 2790 2152; x_wconf 72' lang='grc' dir='ltr'><strong>καὶ</strong></span> <span class='ocrx_word' id='word_1_287' title='bbox 2819 2098 3040 2170; x_wconf 81' lang='grc' dir='ltr'>Μήδων,</span> <span class='ocrx_word' id='word_1_288' title='bbox 3079 2097 3209 2168; x_wconf 71' lang='grc' dir='ltr'>περὶ</span> <span class='ocrx_word' id='word_1_289' title='bbox 3275 2091 3349 2151; x_wconf 79' lang='grc' dir='ltr'>ὧν</span> <span class='ocrx_word' id='word_1_290' title='bbox 3410 2094 3638 2166; x_wconf 78' lang='grc' dir='ltr'>ἑτέρωθί</span> <span class='ocrx_word' id='word_1_291' title='bbox 3671 2096 3775 2148; x_wconf 75' lang='grc' dir='ltr'>πού</span> 
     </span>
    </p>
   </div>
   <div class='ocr_carea' id='block_1_38' title="bbox 513 2190 3777 2267">
    <p class='ocr_par' dir='ltr' id='par_1_38' title="bbox 513 2190 3777 2267">
     <span class='ocr_line' id='line_1_38' title="bbox 513 2190 3777 2267; baseline 0.001 -28"><span class='ocrx_word' id='word_1_292' title='bbox 513 2202 679 2255; x_wconf 80' lang='grc' dir='ltr'>φησιν</span> <span class='ocrx_word' id='word_1_293' title='bbox 713 2190 740 2241; x_wconf 89' lang='grc' dir='ltr'><strong>ό</strong></span> <span class='ocrx_word' id='word_1_294' title='bbox 772 2190 881 2243; x_wconf 82' lang='grc' dir='ltr'>τῶν</span> <span class='ocrx_word' id='word_1_295' title='bbox 906 2192 1045 2246; x_wconf 85' lang='grc' dir='ltr'>ὅλων</span> <span class='ocrx_word' id='word_1_296' title='bbox 1074 2196 1379 2267; x_wconf 82' lang='grc' dir='ltr'>Δεσπότης·</span> <span class='ocrx_word' id='word_1_297' title='bbox 1417 2216 1435 2247; x_wconf 82' lang='grc' dir='ltr'><strong>ι</strong></span> <span class='ocrx_word' id='word_1_298' title='bbox 1459 2197 1815 2265; x_wconf 84' lang='grc' dir='ltr'>Ἥγιασμένοι</span> <span class='ocrx_word' id='word_1_299' title='bbox 1851 2195 1978 2260; x_wconf 80' lang='grc' dir='ltr'>είσὶ,</span> <span class='ocrx_word' id='word_1_300' title='bbox 2037 2193 2131 2249; x_wconf 74' lang='grc' dir='ltr'><strong>καὶ</strong></span> <span class='ocrx_word' id='word_1_301' title='bbox 2168 2192 2279 2261; x_wconf 75' lang='grc' dir='ltr'><strong>ἐγὼ</strong></span> <span class='ocrx_word' id='word_1_302' title='bbox 2321 2193 2441 2263; x_wconf 81' lang='grc' dir='ltr'>ἄγω</span> <span class='ocrx_word' id='word_1_303' title='bbox 2484 2193 2703 2257; x_wconf 74' lang='grc' dir='ltr'>αὐτοὺς,</span> <span class='ocrx_word' id='word_1_304' title='bbox 2732 2192 2987 2260; x_wconf 84' lang='grc' dir='ltr'>γίγαντες</span> <span class='ocrx_word' id='word_1_305' title='bbox 3035 2193 3282 2264; x_wconf 74' lang='grc' dir='ltr'>ἔρχονται</span> <span class='ocrx_word' id='word_1_306' title='bbox 3328 2191 3615 2264; x_wconf 84' lang='grc' dir='ltr'>πληρῶσαι</span> <span class='ocrx_word' id='word_1_307' title='bbox 3684 2190 3777 2257; x_wconf 74' lang='grc' dir='ltr'><strong>τὸν</strong></span> 
     </span>
    </p>
   </div>
   <div class='ocr_carea' id='block_1_39' title="bbox 506 2279 1870 2361">
    <p class='ocr_par' dir='ltr' id='par_1_39' title="bbox 506 2279 1870 2361">
     <span class='ocr_line' id='line_1_39' title="bbox 506 2279 1870 2361; baseline 0.004 -26"><span class='ocrx_word' id='word_1_308' title='bbox 506 2279 681 2351; x_wconf 60' lang='grc' dir='ltr'>ηιυμόν</span> <span class='ocrx_word' id='word_1_309' title='bbox 710 2299 833 2353; x_wconf 83' lang='grc' dir='ltr'>μου,</span> <span class='ocrx_word' id='word_1_310' title='bbox 870 2285 1151 2356; x_wconf 82' lang='grc' dir='ltr'>χαίροντες</span> <span class='ocrx_word' id='word_1_311' title='bbox 1182 2289 1298 2360; x_wconf 75' lang='grc' dir='ltr'>ἅμα</span> <span class='ocrx_word' id='word_1_312' title='bbox 1352 2290 1445 2344; x_wconf 74' lang='grc' dir='ltr'>καὶ</span> <span class='ocrx_word' id='word_1_313' title='bbox 1481 2288 1815 2361; x_wconf 76' lang='grc' dir='ltr'>ὑϐρίζοντες.</span> <span class='ocrx_word' id='word_1_314' title='bbox 1851 2307 1870 2341; x_wconf 76' lang='grc' dir='ltr'><strong>ι</strong></span> 
     </span>
    </p>
   </div>
   <div class='ocr_carea' id='block_1_40' title="bbox 1059 2422 1539 2495">
    <p class='ocr_par' dir='ltr' id='par_1_40' title="bbox 1059 2422 1539 2495">
     <span class='ocr_line' id='line_1_40' title="bbox 1059 2422 1539 2495; baseline 0.002 -19"><span class='ocrx_word' id='word_1_315' title='bbox 1059 2422 1222 2495; x_wconf 73' lang='lat'><strong>663</strong></span> <span class='ocrx_word' id='word_1_316' title='bbox 1294 2423 1441 2478; x_wconf 83' lang='lat' dir='ltr'><strong>CAP.</strong></span> <span class='ocrx_word' id='word_1_317' title='bbox 1476 2424 1539 2478; x_wconf 92' lang='lat' dir='ltr'><strong>ll.</strong></span> 
     </span>
    </p>
   </div>
   <div class='ocr_carea' id='block_1_41' title="bbox 584 2550 2091 2625">
    <p class='ocr_par' dir='ltr' id='par_1_41' title="bbox 584 2550 2091 2625">
     <span class='ocr_line' id='line_1_41' title="bbox 584 2550 2091 2625; baseline 0.008 -24"><span class='ocrx_word' id='word_1_318' title='bbox 584 2550 745 2605; x_wconf 72' lang='lat' dir='ltr'><strong>Vens.</strong></span> <span class='ocrx_word' id='word_1_319' title='bbox 801 2554 852 2618; x_wconf 86' lang='lat' dir='ltr'><strong>I,</strong></span> <span class='ocrx_word' id='word_1_320' title='bbox 897 2554 950 2607; x_wconf 80' lang='lat'><strong>5.</strong></span> <span class='ocrx_word' id='word_1_321' title='bbox 996 2555 1060 2608; x_wconf 86' lang='lat' dir='ltr'><strong>Et</strong></span> <span class='ocrx_word' id='word_1_322' title='bbox 1104 2556 1264 2610; x_wconf 79' lang='lat' dir='ltr'><strong>levavi</strong></span> <span class='ocrx_word' id='word_1_323' title='bbox 1322 2558 1502 2613; x_wconf 76' lang='lat' dir='ltr'><strong>oculos</strong></span> <span class='ocrx_word' id='word_1_324' title='bbox 1542 2576 1701 2625; x_wconf 87' lang='lat' dir='ltr'><strong>meos,</strong></span> <span class='ocrx_word' id='word_1_325' title='bbox 1745 2572 1794 2613; x_wconf 86' lang='lat' dir='ltr'><strong>et</strong></span> <span class='ocrx_word' id='word_1_326' title='bbox 1849 2560 1977 2625; x_wconf 77' lang='lat' dir='ltr'><strong>vidi,</strong></span> <span class='ocrx_word' id='word_1_327' title='bbox 2041 2570 2091 2613; x_wconf 82' lang='lat' dir='ltr'><strong>et</strong></span> 
     </span>
    </p>
   </div>
   <div class='ocr_carea' id='block_1_42' title="bbox 510 2645 2089 2719">
    <p class='ocr_par' dir='ltr' id='par_1_42' title="bbox 510 2645 2089 2719">
     <span class='ocr_line' id='line_1_42' title="bbox 510 2645 2089 2719; baseline 0.008 -25"><span class='ocrx_word' id='word_1_328' title='bbox 510 2658 625 2696; x_wconf 74' lang='lat' dir='ltr'><strong>erce</strong></span> <span class='ocrx_word' id='word_1_329' title='bbox 675 2645 770 2709; x_wconf 82' lang='lat' dir='ltr'><strong>vir,</strong></span> <span class='ocrx_word' id='word_1_330' title='bbox 806 2655 852 2699; x_wconf 87' lang='lat' dir='ltr'><strong>et</strong></span> <span class='ocrx_word' id='word_1_331' title='bbox 911 2648 963 2700; x_wconf 83' lang='lat' dir='ltr'><strong>in</strong></span> <span class='ocrx_word' id='word_1_332' title='bbox 1013 2665 1168 2701; x_wconf 89' lang='lat' dir='ltr'><strong>manu</strong></span> <span class='ocrx_word' id='word_1_333' title='bbox 1231 2650 1344 2719; x_wconf 83' lang='lat' dir='ltr'><strong>ejus</strong></span> <span class='ocrx_word' id='word_1_334' title='bbox 1397 2652 1665 2719; x_wconf 74' lang='lat' dir='ltr'><strong>funiculus</strong></span> <span class='ocrx_word' id='word_1_335' title='bbox 1722 2655 2089 2719; x_wconf 66' lang='lat' dir='ltr'><strong>geometricas.</strong></span> 
     </span>
    </p>
   </div>
   <div class='ocr_carea' id='block_1_43' title="bbox 474 2734 2088 2804">
    <p class='ocr_par' dir='ltr' id='par_1_43' title="bbox 474 2734 2088 2804">
     <span class='ocr_line' id='line_1_43' title="bbox 474 2734 2088 2804; baseline 0.009 -19"><span class='ocrx_word' id='word_1_336' title='bbox 474 2743 482 2749; x_wconf 84' lang='lat'><strong>&#39;</strong></span> <span class='ocrx_word' id='word_1_337' title='bbox 517 2734 581 2786; x_wconf 75' lang='lat' dir='ltr'><strong>Et</strong></span> <span class='ocrx_word' id='word_1_338' title='bbox 624 2738 734 2789; x_wconf 72' lang='lat' dir='ltr'><strong>diri</strong></span> <span class='ocrx_word' id='word_1_339' title='bbox 783 2740 851 2790; x_wconf 82' lang='lat' dir='ltr'><strong>ad</strong></span> <span class='ocrx_word' id='word_1_340' title='bbox 899 2755 1015 2792; x_wconf 85' lang='lat' dir='ltr'><strong>eum</strong></span> <span class='ocrx_word' id='word_1_341' title='bbox 1051 2756 1071 2794; x_wconf 87' lang='lat'><strong><em>:</em></strong></span> <span class='ocrx_word' id='word_1_342' title='bbox 1112 2740 1228 2804; x_wconf 84' lang='lat' dir='ltr'><strong>Quo</strong></span> <span class='ocrx_word' id='word_1_343' title='bbox 1266 2751 1320 2795; x_wconf 83' lang='lat' dir='ltr'><strong>tu</strong></span> <span class='ocrx_word' id='word_1_344' title='bbox 1355 2744 1539 2797; x_wconf 86' lang='lat' dir='ltr'><strong>uadis?</strong></span> <span class='ocrx_word' id='word_1_345' title='bbox 1570 2743 1637 2797; x_wconf 75' lang='lat' dir='ltr'><strong>Et</strong></span> <span class='ocrx_word' id='word_1_346' title='bbox 1674 2745 1809 2799; x_wconf 71' lang='lat' dir='ltr'><strong>dixit</strong></span> <span class='ocrx_word' id='word_1_347' title='bbox 1853 2748 1922 2798; x_wconf 88' lang='lat' dir='ltr'><strong>ad</strong></span> <span class='ocrx_word' id='word_1_348' title='bbox 1970 2759 2088 2799; x_wconf 85' lang='lat' dir='ltr'><strong>me:</strong></span> 
     </span>
    </p>
   </div>
   <div class='ocr_carea' id='block_1_44' title="bbox 2791 2413 3197 2481">
    <p class='ocr_par' dir='ltr' id='par_1_44' title="bbox 2791 2413 3197 2481">
     <span class='ocr_line' id='line_1_44' title="bbox 2791 2413 3197 2481; baseline 0.002 -16"><span class='ocrx_word' id='word_1_349' title='bbox 2791 2413 3043 2467; x_wconf 75' lang='grc' dir='ltr'><strong>ΚΕΦΑΛ.</strong></span> <span class='ocrx_word' id='word_1_350' title='bbox 3095 2413 3197 2481; x_wconf 57' lang='lat' dir='ltr'><strong>ea,</strong></span> 
     </span>
    </p>
   </div>
   <div class='ocr_carea' id='block_1_45' title="bbox 2266 2542 3777 2616">
    <p class='ocr_par' dir='ltr' id='par_1_45' title="bbox 2266 2542 3777 2616">
     <span class='ocr_line' id='line_1_45' title="bbox 2266 2542 3777 2616; baseline 0.005 -16"><span class='ocrx_word' id='word_1_351' title='bbox 2266 2546 2372 2601; x_wconf 84' lang='lat' dir='ltr'><strong>Kal</strong></span> <span class='ocrx_word' id='word_1_352' title='bbox 2417 2542 2535 2616; x_wconf 78' lang='grc' dir='ltr'>ἦρα</span> <span class='ocrx_word' id='word_1_353' title='bbox 2578 2544 2718 2611; x_wconf 81' lang='grc' dir='ltr'>τοὺς</span> <span class='ocrx_word' id='word_1_354' title='bbox 2758 2546 3104 2615; x_wconf 68' lang='grc' dir='ltr'>ὀφθαλμούς</span> <span class='ocrx_word' id='word_1_355' title='bbox 3145 2565 3286 2615; x_wconf 79' lang='grc' dir='ltr'>μου,</span> <span class='ocrx_word' id='word_1_356' title='bbox 3322 2549 3423 2603; x_wconf 78' lang='grc' dir='ltr'>καὶ</span> <span class='ocrx_word' id='word_1_357' title='bbox 3466 2546 3649 2616; x_wconf 79' lang='grc' dir='ltr'>εἶδον,</span> <span class='ocrx_word' id='word_1_358' title='bbox 3679 2554 3777 2608; x_wconf 74' lang='grc' dir='ltr'><strong>καί</strong></span> 
     </span>
    </p>
   </div>
   <div class='ocr_carea' id='block_1_46' title="bbox 2192 2636 3779 2713">
    <p class='ocr_par' dir='ltr' id='par_1_46' title="bbox 2192 2636 3779 2713">
     <span class='ocr_line' id='line_1_46' title="bbox 2192 2636 3779 2713; baseline 0.003 -22"><span class='ocrx_word' id='word_1_359' title='bbox 2192 2637 2322 2691; x_wconf 84' lang='grc' dir='ltr'>ὶδοὺ</span> <span class='ocrx_word' id='word_1_360' title='bbox 2358 2637 2532 2704; x_wconf 80' lang='grc' dir='ltr'>ἀνὴρ,</span> <span class='ocrx_word' id='word_1_361' title='bbox 2560 2636 2655 2690; x_wconf 79' lang='grc' dir='ltr'>καὶ</span> <span class='ocrx_word' id='word_1_362' title='bbox 2681 2636 2750 2689; x_wconf 82' lang='grc' dir='ltr'>ἐν</span> <span class='ocrx_word' id='word_1_363' title='bbox 2776 2636 2851 2704; x_wconf 76' lang='grc' dir='ltr'>τῇ</span> <span class='ocrx_word' id='word_1_364' title='bbox 2870 2636 3020 2705; x_wconf 79' lang='grc' dir='ltr'>χειρὶ</span> <span class='ocrx_word' id='word_1_365' title='bbox 3046 2638 3231 2692; x_wconf 83' lang='grc' dir='ltr'>αὑτοῦ</span> <span class='ocrx_word' id='word_1_366' title='bbox 3260 2641 3541 2707; x_wconf 76' lang='grc' dir='ltr'>σχοινίον</span> <span class='ocrx_word' id='word_1_367' title='bbox 3562 2661 3779 2713; x_wconf 68' lang='grc' dir='ltr'>γεωμευ</span> 
     </span>
    </p>
   </div>
   <div class='ocr_carea' id='block_1_47' title="bbox 2193 2724 3776 2804">
    <p class='ocr_par' dir='ltr' id='par_1_47' title="bbox 2193 2724 3776 2804">
     <span class='ocr_line' id='line_1_47' title="bbox 2193 2724 3776 2804; baseline 0.005 -22"><span class='ocrx_word' id='word_1_368' title='bbox 2193 2730 2414 2797; x_wconf 85' lang='grc' dir='ltr'>τρικόν.</span> <span class='ocrx_word' id='word_1_369' title='bbox 2454 2728 2566 2784; x_wconf 80' lang='grc' dir='ltr'><strong>Καὶ</strong></span> <span class='ocrx_word' id='word_1_370' title='bbox 2610 2724 2749 2781; x_wconf 76' lang='grc' dir='ltr'>εἶπα</span> <span class='ocrx_word' id='word_1_371' title='bbox 2787 2728 2936 2797; x_wconf 80' lang='grc' dir='ltr'>πρὸς</span> <span class='ocrx_word' id='word_1_372' title='bbox 2982 2730 3198 2783; x_wconf 81' lang='grc' dir='ltr'>αὐτόν’</span> <span class='ocrx_word' id='word_1_373' title='bbox 3234 2732 3359 2786; x_wconf 86' lang='grc' dir='ltr'><strong>Ποῦ</strong></span> <span class='ocrx_word' id='word_1_374' title='bbox 3401 2732 3482 2787; x_wconf 87' lang='grc' dir='ltr'>σὺ</span> <span class='ocrx_word' id='word_1_375' title='bbox 3516 2736 3776 2804; x_wconf 57' lang='lat' dir='ltr'><strong>scopam;</strong></span> 
     </span>
    </p>
   </div>
   <div class='ocr_carea' id='block_1_48' title="bbox 516 2815 2090 2902">
    <p class='ocr_par' dir='ltr' id='par_1_48' title="bbox 516 2821 2090 2902">
     <span class='ocr_line' id='line_1_48' title="bbox 516 2821 2090 2902; baseline 0.007 -25"><span class='ocrx_word' id='word_1_376' title='bbox 516 2821 581 2877; x_wconf 86' lang='lat' dir='ltr'><strong>Ut</strong></span> <span class='ocrx_word' id='word_1_377' title='bbox 633 2826 876 2881; x_wconf 85' lang='lat' dir='ltr'><strong>dimetiar</strong></span> <span class='ocrx_word' id='word_1_378' title='bbox 931 2826 1317 2886; x_wconf 79' lang='lat' dir='ltr'><strong>Jerusalem.et</strong></span> <span class='ocrx_word' id='word_1_379' title='bbox 1370 2831 1570 2885; x_wconf 80' lang='lat' dir='ltr'><strong>uideam</strong></span> <span class='ocrx_word' id='word_1_380' title='bbox 1634 2842 1831 2902; x_wconf 85' lang='lat' dir='ltr'><strong>quanta</strong></span> <span class='ocrx_word' id='word_1_381' title='bbox 1863 2832 2090 2888; x_wconf 83' lang='lat' dir='ltr'><strong>latitudo</strong></span> 
     </span>
    </p>
   </div>
   <div class='ocr_carea' id='block_1_49' title="bbox 2196 2815 3775 2902">
    <p class='ocr_par' dir='ltr' id='par_1_49' title="bbox 2198 2815 3775 2895">
     <span class='ocr_line' id='line_1_49' title="bbox 2198 2815 3775 2895; baseline -0.004 -20"><span class='ocrx_word' id='word_1_382' title='bbox 2198 2820 2310 2875; x_wconf 84' lang='lat' dir='ltr'><strong>Kal</strong></span> <span class='ocrx_word' id='word_1_383' title='bbox 2333 2815 2461 2872; x_wconf 76' lang='grc' dir='ltr'>εἷπε</span> <span class='ocrx_word' id='word_1_384' title='bbox 2487 2819 2635 2886; x_wconf 82' lang='grc' dir='ltr'>πρός</span> <span class='ocrx_word' id='word_1_385' title='bbox 2653 2834 2729 2886; x_wconf 80' lang='grc' dir='ltr'><strong>με</strong></span> <span class='ocrx_word' id='word_1_386' title='bbox 2753 2836 2764 2848; x_wconf 92' lang='grc'><strong>·</strong></span> <span class='ocrx_word' id='word_1_387' title='bbox 2795 2819 3194 2887; x_wconf 82' lang='grc' dir='ltr'>Διαμετρῆσαι</span> <span class='ocrx_word' id='word_1_388' title='bbox 3216 2820 3330 2888; x_wconf 82' lang='grc' dir='ltr'>τὴν</span> <span class='ocrx_word' id='word_1_389' title='bbox 3353 2823 3775 2895; x_wconf 73' lang='grc' dir='ltr'>Ἰερουσαλὴμ,</span> 
     </span>
    </p>
   </div>
   <div class='ocr_carea' id='block_1_50' title="bbox 511 2907 2090 2996">
    <p class='ocr_par' dir='ltr' id='par_1_50' title="bbox 511 2919 2090 2996">
     <span class='ocr_line' id='line_1_50' title="bbox 511 2919 2090 2996; baseline 0.008 -29"><span class='ocrx_word' id='word_1_390' title='bbox 511 2919 626 2984; x_wconf 85' lang='lat' dir='ltr'><strong>ejus</strong></span> <span class='ocrx_word' id='word_1_391' title='bbox 680 2927 754 2970; x_wconf 79' lang='lat' dir='ltr'><strong>est</strong></span> <span class='ocrx_word' id='word_1_392' title='bbox 808 2928 855 2971; x_wconf 86' lang='lat' dir='ltr'><strong>et</strong></span> <span class='ocrx_word' id='word_1_393' title='bbox 884 2928 1084 2987; x_wconf 86' lang='lat' dir='ltr'><strong>quanta</strong></span> <span class='ocrx_word' id='word_1_394' title='bbox 1124 2922 1411 2991; x_wconf 80' lang='lat' dir='ltr'><strong>longitudo.</strong></span> <span class='ocrx_word' id='word_1_395' title='bbox 1462 2922 1526 2976; x_wconf 85' lang='lat' dir='ltr'><strong>Et</strong></span> <span class='ocrx_word' id='word_1_396' title='bbox 1566 2940 1681 2977; x_wconf 82' lang='lat' dir='ltr'><strong>ecce</strong></span> <span class='ocrx_word' id='word_1_397' title='bbox 1736 2927 1950 2996; x_wconf 81' lang='lat' dir='ltr'><strong>angelus</strong></span> <span class='ocrx_word' id='word_1_398' title='bbox 2000 2928 2090 2996; x_wconf 85' lang='lat' dir='ltr'><strong>qui</strong></span> 
     </span>
    </p>
   </div>
   <div class='ocr_carea' id='block_1_51' title="bbox 2196 2907 3778 2996">
    <p class='ocr_par' dir='ltr' id='par_1_51' title="bbox 2196 2907 3778 2981">
     <span class='ocr_line' id='line_1_51' title="bbox 2196 2907 3778 2981; baseline 0.004 -18"><span class='ocrx_word' id='word_1_399' title='bbox 2196 2911 2302 2964; x_wconf 87' lang='grc' dir='ltr'><strong>τοῦ</strong></span> <span class='ocrx_word' id='word_1_400' title='bbox 2353 2908 2501 2963; x_wconf 81' lang='grc' dir='ltr'><strong>ἰδεῖν</strong></span> <span class='ocrx_word' id='word_1_401' title='bbox 2548 2909 2809 2976; x_wconf 76' lang='grc' dir='ltr'><strong>πηλίκον</strong></span> <span class='ocrx_word' id='word_1_402' title='bbox 2855 2907 2921 2962; x_wconf 86' lang='grc' dir='ltr'><strong>τὸ</strong></span> <span class='ocrx_word' id='word_1_403' title='bbox 2964 2909 3192 2976; x_wconf 79' lang='grc' dir='ltr'>πλάτος</span> <span class='ocrx_word' id='word_1_404' title='bbox 3238 2911 3429 2981; x_wconf 80' lang='grc' dir='ltr'>αὐτῆς</span> <span class='ocrx_word' id='word_1_405' title='bbox 3473 2915 3604 2968; x_wconf 82' lang='grc' dir='ltr'>ἐστι</span> <span class='ocrx_word' id='word_1_406' title='bbox 3677 2918 3778 2970; x_wconf 74' lang='grc' dir='ltr'><strong>καί</strong></span> 
     </span>
    </p>
   </div>
   <div class='ocr_carea' id='block_1_52' title="bbox 512 2999 2090 3088">
    <p class='ocr_par' dir='ltr' id='par_1_52' title="bbox 512 3007 2090 3088">
     <span class='ocr_line' id='line_1_52' title="bbox 512 3007 2090 3088; baseline 0.008 -30"><span class='ocrx_word' id='word_1_407' title='bbox 512 3007 827 3073; x_wconf 82' lang='lat' dir='ltr'><strong>loquebatur</strong></span> <span class='ocrx_word' id='word_1_408' title='bbox 890 3011 947 3063; x_wconf 79' lang='lat' dir='ltr'><strong>in</strong></span> <span class='ocrx_word' id='word_1_409' title='bbox 994 3028 1093 3075; x_wconf 86' lang='lat' dir='ltr'><strong>me,</strong></span> <span class='ocrx_word' id='word_1_410' title='bbox 1151 3012 1344 3079; x_wconf 88' lang='lat' dir='ltr'><strong>stabat,</strong></span> <span class='ocrx_word' id='word_1_411' title='bbox 1387 3024 1437 3067; x_wconf 88' lang='lat' dir='ltr'><strong>et</strong></span> <span class='ocrx_word' id='word_1_412' title='bbox 1487 3019 1700 3085; x_wconf 86' lang='lat' dir='ltr'><strong>angelus</strong></span> <span class='ocrx_word' id='word_1_413' title='bbox 1754 3017 1890 3070; x_wconf 85' lang='lat' dir='ltr'><strong>alius</strong></span> <span class='ocrx_word' id='word_1_414' title='bbox 1948 3034 2090 3088; x_wconf 85' lang='lat' dir='ltr'><strong>egre-</strong></span> 
     </span>
    </p>
   </div>
   <div class='ocr_carea' id='block_1_53' title="bbox 2196 2999 3779 3088">
    <p class='ocr_par' dir='ltr' id='par_1_53' title="bbox 2196 2999 3779 3073">
     <span class='ocr_line' id='line_1_53' title="bbox 2196 2999 3779 3073; baseline 0.004 -19"><span class='ocrx_word' id='word_1_415' title='bbox 2196 3002 2456 3071; x_wconf 77' lang='grc' dir='ltr'>πηλίκον</span> <span class='ocrx_word' id='word_1_416' title='bbox 2490 3000 2554 3054; x_wconf 83' lang='grc' dir='ltr'>τὸ</span> <span class='ocrx_word' id='word_1_417' title='bbox 2590 2999 2806 3070; x_wconf 80' lang='grc' dir='ltr'>μῆκος.</span> <span class='ocrx_word' id='word_1_418' title='bbox 2842 3000 2951 3054; x_wconf 86' lang='lat' dir='ltr'><strong>Kal</strong></span> <span class='ocrx_word' id='word_1_419' title='bbox 2998 3001 3127 3057; x_wconf 83' lang='grc' dir='ltr'>ίδοὺ</span> <span class='ocrx_word' id='word_1_420' title='bbox 3157 3006 3188 3057; x_wconf 84' lang='grc' dir='ltr'><em>ὀ</em></span> <span class='ocrx_word' id='word_1_421' title='bbox 3215 3004 3468 3073; x_wconf 72' lang='grc' dir='ltr'>ἅγγελος</span> <span class='ocrx_word' id='word_1_422' title='bbox 3504 3008 3537 3059; x_wconf 87' lang='grc' dir='ltr'><strong>ό</strong></span> <span class='ocrx_word' id='word_1_423' title='bbox 3567 3007 3779 3062; x_wconf 73' lang='grc' dir='ltr'>λαλῶν</span> 
     </span>
    </p>
   </div>
   <div class='ocr_carea' id='block_1_54' title="bbox 512 3091 2090 3171">
    <p class='ocr_par' dir='ltr' id='par_1_54' title="bbox 512 3095 2090 3171">
     <span class='ocr_line' id='line_1_54' title="bbox 512 3095 2090 3171; baseline 0.004 -19"><span class='ocrx_word' id='word_1_424' title='bbox 512 3095 755 3152; x_wconf 68' lang='lat' dir='ltr'><strong>diebalur</strong></span> <span class='ocrx_word' id='word_1_425' title='bbox 794 3099 850 3151; x_wconf 84' lang='lat' dir='ltr'><strong>in</strong></span> <span class='ocrx_word' id='word_1_426' title='bbox 890 3115 1161 3154; x_wconf 86' lang='lat' dir='ltr'><strong>occursum</strong></span> <span class='ocrx_word' id='word_1_427' title='bbox 1188 3100 1327 3170; x_wconf 78' lang='lat' dir='ltr'><strong>ejus,</strong></span> <span class='ocrx_word' id='word_1_428' title='bbox 1348 3113 1395 3155; x_wconf 82' lang='lat' dir='ltr'><strong>et</strong></span> <span class='ocrx_word' id='word_1_429' title='bbox 1436 3104 1567 3157; x_wconf 70' lang='lat' dir='ltr'><strong>dixit</strong></span> <span class='ocrx_word' id='word_1_430' title='bbox 1613 3105 1680 3158; x_wconf 85' lang='lat' dir='ltr'><strong>ad</strong></span> <span class='ocrx_word' id='word_1_431' title='bbox 1708 3122 1847 3171; x_wconf 85' lang='lat' dir='ltr'><strong>eum,</strong></span> <span class='ocrx_word' id='word_1_432' title='bbox 1877 3108 2090 3161; x_wconf 85' lang='lat' dir='ltr'><strong>dicens:</strong></span> 
     </span>
    </p>
   </div>
   <div class='ocr_carea' id='block_1_55' title="bbox 2196 3091 3779 3171">
    <p class='ocr_par' dir='ltr' id='par_1_55' title="bbox 2196 3091 3779 3165">
     <span class='ocr_line' id='line_1_55' title="bbox 2196 3091 3779 3165; baseline 0.002 -17"><span class='ocrx_word' id='word_1_433' title='bbox 2196 3096 2265 3148; x_wconf 83' lang='grc' dir='ltr'>ἐν</span> <span class='ocrx_word' id='word_1_434' title='bbox 2291 3093 2421 3164; x_wconf 78' lang='grc' dir='ltr'>ἐμοὶ</span> <span class='ocrx_word' id='word_1_435' title='bbox 2447 3092 2732 3160; x_wconf 78' lang='grc' dir='ltr'>εἱστήκει,</span> <span class='ocrx_word' id='word_1_436' title='bbox 2754 3092 2851 3146; x_wconf 76' lang='grc' dir='ltr'>καὶ</span> <span class='ocrx_word' id='word_1_437' title='bbox 2883 3091 3138 3163; x_wconf 54' lang='grc' dir='ltr'>ἄγγελος</span> <span class='ocrx_word' id='word_1_438' title='bbox 3162 3093 3364 3163; x_wconf 80' lang='grc' dir='ltr'>ἕτερος</span> <span class='ocrx_word' id='word_1_439' title='bbox 3387 3095 3779 3165; x_wconf 82' lang='grc' dir='ltr'>ἐξεπορεύετο</span> 
     </span>
    </p>
   </div>
   <div class='ocr_carea' id='block_1_56' title="bbox 515 3180 2090 3258">
    <p class='ocr_par' dir='ltr' id='par_1_56' title="bbox 515 3184 2080 3258">
     <span class='ocr_line' id='line_1_56' title="bbox 515 3184 2080 3258; baseline 0.01 -21"><span class='ocrx_word' id='word_1_440' title='bbox 515 3184 799 3258; x_wconf 78' lang='lat' dir='ltr'><strong>Frugifera</strong></span> <span class='ocrx_word' id='word_1_441' title='bbox 849 3189 1173 3245; x_wconf 76' lang='lat' dir='ltr'><strong>habitabitur</strong></span> <span class='ocrx_word' id='word_1_442' title='bbox 1197 3191 1494 3247; x_wconf 81' lang='lat' dir='ltr'><strong>Jerusalem</strong></span> <span class='ocrx_word' id='word_1_443' title='bbox 1526 3213 1556 3248; x_wconf 92' lang='lat' dir='ltr'><strong>a</strong></span> <span class='ocrx_word' id='word_1_444' title='bbox 1588 3197 1925 3251; x_wconf 84' lang='lat' dir='ltr'><strong>multitudine</strong></span> <span class='ocrx_word' id='word_1_445' title='bbox 1986 3198 2080 3252; x_wconf 82' lang='lat' dir='ltr'><strong>Ito-</strong></span> 
     </span>
    </p>
   </div>
   <div class='ocr_carea' id='block_1_57' title="bbox 2196 3180 3780 3258">
    <p class='ocr_par' dir='ltr' id='par_1_57' title="bbox 2196 3180 3780 3252">
     <span class='ocr_line' id='line_1_57' title="bbox 2196 3180 3780 3252; baseline 0.003 -12"><span class='ocrx_word' id='word_1_446' title='bbox 2196 3188 2269 3252; x_wconf 75' lang='lat' dir='ltr'><strong>slq</strong></span> <span class='ocrx_word' id='word_1_447' title='bbox 2298 3183 2683 3251; x_wconf 80' lang='grc' dir='ltr'>συνάντησιν</span> <span class='ocrx_word' id='word_1_448' title='bbox 2734 3182 2914 3248; x_wconf 84' lang='grc' dir='ltr'>αὐτῷ,</span> <span class='ocrx_word' id='word_1_449' title='bbox 2943 3184 3042 3237; x_wconf 82' lang='grc' dir='ltr'><strong>καί</strong></span> <span class='ocrx_word' id='word_1_450' title='bbox 3087 3180 3219 3238; x_wconf 78' lang='grc' dir='ltr'>εἷπε</span> <span class='ocrx_word' id='word_1_451' title='bbox 3257 3184 3406 3252; x_wconf 79' lang='grc' dir='ltr'>πρὸς</span> <span class='ocrx_word' id='word_1_452' title='bbox 3441 3186 3646 3251; x_wconf 80' lang='grc' dir='ltr'>αὐτὸν,</span> <span class='ocrx_word' id='word_1_453' title='bbox 3682 3189 3780 3245; x_wconf 74' lang='grc' dir='ltr'>λέ.</span> 
     </span>
    </p>
   </div>
   <div class='ocr_carea' id='block_1_58' title="bbox 515 3274 2090 3360">
    <p class='ocr_par' dir='ltr' id='par_1_58' title="bbox 515 3278 2087 3360">
     <span class='ocr_line' id='line_1_58' title="bbox 515 3278 2087 3360; baseline 0.011 -34"><span class='ocrx_word' id='word_1_454' title='bbox 515 3278 712 3331; x_wconf 81' lang='lat' dir='ltr'><strong>minam</strong></span> <span class='ocrx_word' id='word_1_455' title='bbox 764 3288 811 3331; x_wconf 88' lang='lat' dir='ltr'><strong>et</strong></span> <span class='ocrx_word' id='word_1_456' title='bbox 835 3279 1193 3347; x_wconf 80' lang='lat' dir='ltr'><strong>jumentorum</strong></span> <span class='ocrx_word' id='word_1_457' title='bbox 1251 3299 1368 3352; x_wconf 78' lang='lat' dir='ltr'><strong>qua:</strong></span> <span class='ocrx_word' id='word_1_458' title='bbox 1412 3286 1465 3337; x_wconf 84' lang='lat' dir='ltr'><strong>in</strong></span> <span class='ocrx_word' id='word_1_459' title='bbox 1500 3287 1667 3343; x_wconf 86' lang='lat' dir='ltr'><strong>medio</strong></span> <span class='ocrx_word' id='word_1_460' title='bbox 1726 3288 1861 3356; x_wconf 82' lang='lat' dir='ltr'><strong>ejus,</strong></span> <span class='ocrx_word' id='word_1_461' title='bbox 1888 3300 1935 3343; x_wconf 80' lang='lat' dir='ltr'><strong>et</strong></span> <span class='ocrx_word' id='word_1_462' title='bbox 1994 3306 2087 3360; x_wconf 82' lang='lat' dir='ltr'><strong>ego</strong></span> 
     </span>
    </p>
   </div>
   <div class='ocr_carea' id='block_1_59' title="bbox 2196 3274 3777 3360">
    <p class='ocr_par' dir='ltr' id='par_1_59' title="bbox 2196 3274 3777 3349">
     <span class='ocr_line' id='line_1_59' title="bbox 2196 3274 3777 3349; baseline 0.005 -22"><span class='ocrx_word' id='word_1_463' title='bbox 2196 3290 2339 3345; x_wconf 65' lang='lat' dir='ltr'><strong>rtus“</strong></span> <span class='ocrx_word' id='word_1_464' title='bbox 2395 3274 2788 3342; x_wconf 69' lang='grc' dir='ltr'>Κειτάκαρπος</span> <span class='ocrx_word' id='word_1_465' title='bbox 2835 3277 3334 3345; x_wconf 77' lang='grc' dir='ltr'>κατοικηθήσεται</span> <span class='ocrx_word' id='word_1_466' title='bbox 3368 3277 3777 3349; x_wconf 75' lang='grc' dir='ltr'>Ἰερουσαλὴμ</span> 
     </span>
    </p>
   </div>
   <div class='ocr_carea' id='block_1_60' title="bbox 514 3370 2086 3448">
    <p class='ocr_par' dir='ltr' id='par_1_60' title="bbox 514 3370 2086 3448">
     <span class='ocr_line' id='line_1_60' title="bbox 514 3370 2086 3448; baseline 0.01 -28"><span class='ocrx_word' id='word_1_467' title='bbox 514 3385 603 3423; x_wconf 82' lang='lat' dir='ltr'><strong>ero</strong></span> <span class='ocrx_word' id='word_1_468' title='bbox 629 3370 729 3434; x_wconf 85' lang='lat' dir='ltr'><strong>illi,</strong></span> <span class='ocrx_word' id='word_1_469' title='bbox 751 3371 879 3423; x_wconf 81' lang='lat' dir='ltr'><strong>dicit</strong></span> <span class='ocrx_word' id='word_1_470' title='bbox 912 3372 1185 3440; x_wconf 81' lang='lat' dir='ltr'><strong>Dominus,</strong></span> <span class='ocrx_word' id='word_1_471' title='bbox 1217 3391 1395 3431; x_wconf 87' lang='lat' dir='ltr'><strong>murus</strong></span> <span class='ocrx_word' id='word_1_472' title='bbox 1423 3378 1559 3448; x_wconf 82' lang='lat' dir='ltr'><strong>ignis</strong></span> <span class='ocrx_word' id='word_1_473' title='bbox 1602 3380 1656 3432; x_wconf 88' lang='lat' dir='ltr'><strong>in</strong></span> <span class='ocrx_word' id='word_1_474' title='bbox 1678 3380 1925 3448; x_wconf 81' lang='lat' dir='ltr'><strong>circuitu,</strong></span> <span class='ocrx_word' id='word_1_475' title='bbox 1950 3396 1997 3438; x_wconf 77' lang='lat' dir='ltr'><strong>et</strong></span> <span class='ocrx_word' id='word_1_476' title='bbox 2033 3382 2086 3436; x_wconf 81' lang='lat' dir='ltr'><strong>in</strong></span> 
     </span>
    </p>
   </div>
   <div class='ocr_carea' id='block_1_61' title="bbox 516 3460 1315 3535">
    <p class='ocr_par' dir='ltr' id='par_1_61' title="bbox 516 3460 1315 3535">
     <span class='ocr_line' id='line_1_61' title="bbox 516 3460 1315 3535; baseline 0.015 -26"><span class='ocrx_word' id='word_1_477' title='bbox 516 3460 739 3531; x_wconf 77' lang='lat' dir='ltr'><strong>gloriam</strong></span> <span class='ocrx_word' id='word_1_478' title='bbox 780 3478 870 3517; x_wconf 86' lang='lat' dir='ltr'><strong>ero</strong></span> <span class='ocrx_word' id='word_1_479' title='bbox 895 3463 949 3518; x_wconf 81' lang='lat' dir='ltr'><strong>iu</strong></span> <span class='ocrx_word' id='word_1_480' title='bbox 979 3464 1148 3519; x_wconf 86' lang='lat' dir='ltr'><strong>medio</strong></span> <span class='ocrx_word' id='word_1_481' title='bbox 1179 3465 1315 3535; x_wconf 80' lang='lat' dir='ltr'><strong>ejus.</strong></span> 
     </span>
    </p>
   </div>
   <div class='ocr_carea' id='block_1_62' title="bbox 586 3723 2093 3801">
    <p class='ocr_par' dir='ltr' id='par_1_62' title="bbox 586 3723 2093 3801">
     <span class='ocr_line' id='line_1_62' title="bbox 586 3723 2093 3801; baseline 0.007 -17"><span class='ocrx_word' id='word_1_482' title='bbox 586 3726 675 3784; x_wconf 75' lang='lat' dir='ltr'><strong>XI.</strong></span> <span class='ocrx_word' id='word_1_483' title='bbox 715 3725 830 3781; x_wconf 87' lang='lat' dir='ltr'><strong>Non</strong></span> <span class='ocrx_word' id='word_1_484' title='bbox 850 3723 974 3784; x_wconf 76' lang='lat' dir='ltr'><strong>esse</strong></span> <span class='ocrx_word' id='word_1_485' title='bbox 1006 3742 1231 3788; x_wconf 83' lang='lat' dir='ltr'><strong>exacula</strong></span> <span class='ocrx_word' id='word_1_486' title='bbox 1258 3749 1457 3789; x_wconf 86' lang='lat' dir='ltr'><strong>cornua</strong></span> <span class='ocrx_word' id='word_1_487' title='bbox 1488 3745 1674 3790; x_wconf 88' lang='lat' dir='ltr'><strong>contra</strong></span> <span class='ocrx_word' id='word_1_488' title='bbox 1705 3737 1979 3801; x_wconf 81' lang='lat' dir='ltr'><strong>Israelem.</strong></span> <span class='ocrx_word' id='word_1_489' title='bbox 1999 3742 2093 3795; x_wconf 87' lang='lat' dir='ltr'><strong>sed</strong></span> 
     </span>
    </p>
   </div>
   <div class='ocr_carea' id='block_1_63' title="bbox 516 3823 2101 3898">
    <p class='ocr_par' dir='ltr' id='par_1_63' title="bbox 516 3823 2101 3898">
     <span class='ocr_line' id='line_1_63' title="bbox 516 3823 2101 3898; baseline 0.015 -30"><span class='ocrx_word' id='word_1_490' title='bbox 516 3825 703 3871; x_wconf 73' lang='lat' dir='ltr'><strong>contra</strong></span> <span class='ocrx_word' id='word_1_491' title='bbox 742 3833 834 3872; x_wconf 90' lang='lat' dir='ltr'><strong>eos</strong></span> <span class='ocrx_word' id='word_1_492' title='bbox 866 3823 1042 3889; x_wconf 88' lang='lat' dir='ltr'><strong>potius</strong></span> <span class='ocrx_word' id='word_1_493' title='bbox 1106 3826 1197 3893; x_wconf 88' lang='lat' dir='ltr'><strong>qui</strong></span> <span class='ocrx_word' id='word_1_494' title='bbox 1244 3826 1670 3896; x_wconf 82' lang='lat' dir='ltr'><strong>Hierosolymam</strong></span> <span class='ocrx_word' id='word_1_495' title='bbox 1733 3841 1895 3898; x_wconf 87' lang='lat' dir='ltr'><strong>atque</strong></span> <span class='ocrx_word' id='word_1_496' title='bbox 1929 3833 2101 3891; x_wconf 86' lang='lat' dir='ltr'><strong>etiam</strong></span> 
     </span>
    </p>
   </div>
   <div class='ocr_carea' id='block_1_64' title="bbox 514 3905 2097 3988">
    <p class='ocr_par' dir='ltr' id='par_1_64' title="bbox 514 3905 2097 3988">
     <span class='ocr_line' id='line_1_64' title="bbox 514 3905 2097 3988; baseline 0.009 -26"><span class='ocrx_word' id='word_1_497' title='bbox 514 3905 755 3962; x_wconf 69' lang='lat' dir='ltr'><strong>Judmam</strong></span> <span class='ocrx_word' id='word_1_498' title='bbox 785 3918 1093 3969; x_wconf 86' lang='lat' dir='ltr'><strong>everterunt</strong></span> <span class='ocrx_word' id='word_1_499' title='bbox 1134 3930 1198 3970; x_wconf 88' lang='lat' dir='ltr'><strong>ac</strong></span> <span class='ocrx_word' id='word_1_500' title='bbox 1256 3917 1587 3985; x_wconf 87' lang='lat' dir='ltr'><strong>lacerarunt,</strong></span> <span class='ocrx_word' id='word_1_501' title='bbox 1645 3919 1890 3988; x_wconf 84' lang='lat' dir='ltr'><strong>proxime</strong></span> <span class='ocrx_word' id='word_1_502' title='bbox 1934 3936 2097 3988; x_wconf 85' lang='lat' dir='ltr'><strong>supe-</strong></span> 
     </span>
    </p>
   </div>
   <div class='ocr_carea' id='block_1_65' title="bbox 516 3995 2092 4078">
    <p class='ocr_par' dir='ltr' id='par_1_65' title="bbox 516 3995 2092 4078">
     <span class='ocr_line' id='line_1_65' title="bbox 516 3995 2092 4078; baseline 0.011 -29"><span class='ocrx_word' id='word_1_503' title='bbox 516 3997 628 4052; x_wconf 86' lang='lat' dir='ltr'><strong>rior</strong></span> <span class='ocrx_word' id='word_1_504' title='bbox 679 3995 812 4051; x_wconf 89' lang='lat' dir='ltr'><strong>visio</strong></span> <span class='ocrx_word' id='word_1_505' title='bbox 838 3998 1150 4067; x_wconf 86' lang='lat' dir='ltr'><strong>planissime</strong></span> <span class='ocrx_word' id='word_1_506' title='bbox 1194 4006 1555 4063; x_wconf 86' lang='lat' dir='ltr'><strong>demonstrat.</strong></span> <span class='ocrx_word' id='word_1_507' title='bbox 1594 4009 1778 4063; x_wconf 84' lang='lat' dir='ltr'><strong>Elevat</strong></span> <span class='ocrx_word' id='word_1_508' title='bbox 1830 4011 2092 4078; x_wconf 86' lang='lat' dir='ltr'><strong>siquidem</strong></span> 
     </span>
    </p>
   </div>
   <div class='ocr_carea' id='block_1_66' title="bbox 515 4091 2095 4166">
    <p class='ocr_par' dir='ltr' id='par_1_66' title="bbox 515 4091 2095 4166">
     <span class='ocr_line' id='line_1_66' title="bbox 515 4091 2095 4166; baseline 0.011 -27"><span class='ocrx_word' id='word_1_509' title='bbox 515 4103 735 4141; x_wconf 89' lang='lat' dir='ltr'><strong>rursum</strong></span> <span class='ocrx_word' id='word_1_510' title='bbox 788 4091 975 4147; x_wconf 92' lang='lat' dir='ltr'><strong>oculos</strong></span> <span class='ocrx_word' id='word_1_511' title='bbox 1015 4094 1423 4163; x_wconf 77' lang='lat' dir='ltr'><strong>prepheta,non</strong></span> <span class='ocrx_word' id='word_1_512' title='bbox 1478 4098 1663 4165; x_wconf 90' lang='lat' dir='ltr'><strong>utique</strong></span> <span class='ocrx_word' id='word_1_513' title='bbox 1702 4100 1966 4166; x_wconf 89' lang='lat' dir='ltr'><strong>corporis,</strong></span> <span class='ocrx_word' id='word_1_514' title='bbox 1999 4102 2095 4156; x_wconf 82' lang='lat' dir='ltr'><strong>sed</strong></span> 
     </span>
    </p>
   </div>
   <div class='ocr_carea' id='block_1_67' title="bbox 517 4181 2095 4259">
    <p class='ocr_par' dir='ltr' id='par_1_67' title="bbox 517 4181 2095 4259">
     <span class='ocr_line' id='line_1_67' title="bbox 517 4181 2095 4259; baseline 0.011 -28"><span class='ocrx_word' id='word_1_515' title='bbox 517 4181 801 4236; x_wconf 86' lang='lat' dir='ltr'><strong>interiores</strong></span> <span class='ocrx_word' id='word_1_516' title='bbox 821 4185 1016 4251; x_wconf 90' lang='lat' dir='ltr'><strong>potius,</strong></span> <span class='ocrx_word' id='word_1_517' title='bbox 1049 4193 1101 4240; x_wconf 87' lang='lat' dir='ltr'><strong>et</strong></span> <span class='ocrx_word' id='word_1_518' title='bbox 1142 4186 1231 4254; x_wconf 90' lang='lat' dir='ltr'><strong>qui</strong></span> <span class='ocrx_word' id='word_1_519' title='bbox 1292 4188 1649 4259; x_wconf 80' lang='lat' dir='ltr'><strong>intelligentia</strong></span> <span class='ocrx_word' id='word_1_520' title='bbox 1702 4190 2095 4259; x_wconf 80' lang='lat' dir='ltr'><strong>percipiuntur.</strong></span> 
     </span>
    </p>
   </div>
   <div class='ocr_carea' id='block_1_68' title="bbox 516 4271 2099 4353">
    <p class='ocr_par' dir='ltr' id='par_1_68' title="bbox 516 4271 2099 4353">
     <span class='ocr_line' id='line_1_68' title="bbox 516 4271 2099 4353; baseline 0.008 -28"><span class='ocrx_word' id='word_1_521' title='bbox 516 4271 651 4337; x_wconf 85' lang='lat' dir='ltr'><strong>Tum</strong></span> <span class='ocrx_word' id='word_1_522' title='bbox 683 4276 971 4344; x_wconf 79' lang='lat' dir='ltr'><strong>quemdam</strong></span> <span class='ocrx_word' id='word_1_523' title='bbox 994 4292 1053 4332; x_wconf 87' lang='lat' dir='ltr'><strong>se</strong></span> <span class='ocrx_word' id='word_1_524' title='bbox 1085 4277 1279 4334; x_wconf 86' lang='lat' dir='ltr'><strong>vidisse</strong></span> <span class='ocrx_word' id='word_1_525' title='bbox 1313 4280 1388 4333; x_wconf 89' lang='lat' dir='ltr'><strong>ait</strong></span> <span class='ocrx_word' id='word_1_526' title='bbox 1423 4279 1619 4346; x_wconf 75' lang='lat' dir='ltr'><strong>forma,</strong></span> <span class='ocrx_word' id='word_1_527' title='bbox 1650 4293 1703 4336; x_wconf 89' lang='lat' dir='ltr'><strong>et</strong></span> <span class='ocrx_word' id='word_1_528' title='bbox 1735 4282 1918 4336; x_wconf 87' lang='lat' dir='ltr'><strong>habitu</strong></span> <span class='ocrx_word' id='word_1_529' title='bbox 1971 4284 2099 4353; x_wconf 82' lang='lat' dir='ltr'><strong>viri,</strong></span> 
     </span>
    </p>
   </div>
   <div class='ocr_carea' id='block_1_69' title="bbox 517 4360 2096 4439">
    <p class='ocr_par' dir='ltr' id='par_1_69' title="bbox 517 4360 2096 4439">
     <span class='ocr_line' id='line_1_69' title="bbox 517 4360 2096 4439; baseline 0.007 -25"><span class='ocrx_word' id='word_1_530' title='bbox 517 4360 811 4417; x_wconf 71' lang='lat' dir='ltr'><strong>t‘utiiculum</strong></span> <span class='ocrx_word' id='word_1_531' title='bbox 846 4374 1112 4420; x_wconf 86' lang='lat' dir='ltr'><strong>tenentem</strong></span> <span class='ocrx_word' id='word_1_532' title='bbox 1156 4369 1565 4435; x_wconf 82' lang='lat' dir='ltr'><strong>geometricum,</strong></span> <span class='ocrx_word' id='word_1_533' title='bbox 1592 4384 1749 4437; x_wconf 88' lang='lat' dir='ltr'><strong>quem</strong></span> <span class='ocrx_word' id='word_1_534' title='bbox 1779 4382 2096 4439; x_wconf 86' lang='lat' dir='ltr'><strong>percuncta-</strong></span> 
     </span>
    </p>
   </div>
   <div class='ocr_carea' id='block_1_70' title="bbox 2186 3365 3777 3437">
    <p class='ocr_par' dir='ltr' id='par_1_70' title="bbox 2186 3365 3777 3437">
     <span class='ocr_line' id='line_1_70' title="bbox 2186 3365 3777 3437; baseline 0.004 -18"><span class='ocrx_word' id='word_1_535' title='bbox 2186 3366 2304 3419; x_wconf 82' lang='grc' dir='ltr'><strong>ἀπὸ</strong></span> <span class='ocrx_word' id='word_1_536' title='bbox 2329 3365 2601 3431; x_wconf 71' lang='grc' dir='ltr'>πλήθους</span> <span class='ocrx_word' id='word_1_537' title='bbox 2625 3365 2971 3434; x_wconf 77' lang='grc' dir='ltr'>ἀνθρώπων,</span> <span class='ocrx_word' id='word_1_538' title='bbox 3002 3368 3101 3421; x_wconf 80' lang='grc' dir='ltr'>καὶ</span> <span class='ocrx_word' id='word_1_539' title='bbox 3128 3367 3362 3435; x_wconf 79' lang='grc' dir='ltr'>κτηνῶν</span> <span class='ocrx_word' id='word_1_540' title='bbox 3385 3369 3454 3422; x_wconf 77' lang='grc' dir='ltr'>ἐν</span> <span class='ocrx_word' id='word_1_541' title='bbox 3474 3370 3642 3437; x_wconf 83' lang='grc' dir='ltr'>μέσῳ</span> <span class='ocrx_word' id='word_1_542' title='bbox 3665 3373 3777 3425; x_wconf 85' lang='grc' dir='ltr'><strong>αὑ-</strong></span> 
     </span>
    </p>
   </div>
   <div class='ocr_carea' id='block_1_71' title="bbox 2188 3456 3779 3531">
    <p class='ocr_par' dir='ltr' id='par_1_71' title="bbox 2188 3456 3779 3531">
     <span class='ocr_line' id='line_1_71' title="bbox 2188 3456 3779 3531; baseline 0.004 -21"><span class='ocrx_word' id='word_1_543' title='bbox 2188 3457 2321 3527; x_wconf 78' lang='grc' dir='ltr'>τῆς,</span> <span class='ocrx_word' id='word_1_544' title='bbox 2347 3458 2444 3511; x_wconf 81' lang='grc' dir='ltr'>καὶ</span> <span class='ocrx_word' id='word_1_545' title='bbox 2482 3456 2596 3528; x_wconf 73' lang='grc' dir='ltr'><strong>ἐγὼ</strong></span> <span class='ocrx_word' id='word_1_546' title='bbox 2641 3457 2851 3526; x_wconf 75' lang='grc' dir='ltr'>ἔσομαι</span> <span class='ocrx_word' id='word_1_547' title='bbox 2890 3458 3063 3527; x_wconf 79' lang='grc' dir='ltr'>αὐτῇ,</span> <span class='ocrx_word' id='word_1_548' title='bbox 3097 3459 3261 3528; x_wconf 75' lang='grc' dir='ltr'>λέγει</span> <span class='ocrx_word' id='word_1_549' title='bbox 3300 3462 3538 3529; x_wconf 82' lang='grc' dir='ltr'>Κύριος,</span> <span class='ocrx_word' id='word_1_550' title='bbox 3578 3462 3779 3531; x_wconf 81' lang='grc' dir='ltr'>τεῖχος</span> 
     </span>
    </p>
   </div>
   <div class='ocr_carea' id='block_1_72' title="bbox 2190 3548 3782 3624">
    <p class='ocr_par' dir='ltr' id='par_1_72' title="bbox 2190 3548 3782 3624">
     <span class='ocr_line' id='line_1_72' title="bbox 2190 3548 3782 3624; baseline 0.003 -20"><span class='ocrx_word' id='word_1_551' title='bbox 2190 3548 2379 3615; x_wconf 68' lang='lat' dir='ltr'><strong>:zt-poc</strong></span> <span class='ocrx_word' id='word_1_552' title='bbox 2423 3549 2741 3613; x_wconf 66' lang='grc' dir='ltr'>κυκλόθεν,</span> <span class='ocrx_word' id='word_1_553' title='bbox 2774 3549 2874 3603; x_wconf 78' lang='grc' dir='ltr'>καὶ</span> <span class='ocrx_word' id='word_1_554' title='bbox 2922 3553 3010 3619; x_wconf 77' lang='grc' dir='ltr'><strong>είς</strong></span> <span class='ocrx_word' id='word_1_555' title='bbox 3049 3549 3236 3615; x_wconf 77' lang='grc' dir='ltr'>δόξαν</span> <span class='ocrx_word' id='word_1_556' title='bbox 3269 3551 3481 3621; x_wconf 80' lang='grc' dir='ltr'>ἔσομαι</span> <span class='ocrx_word' id='word_1_557' title='bbox 3510 3553 3580 3606; x_wconf 78' lang='grc' dir='ltr'>ἐν</span> <span class='ocrx_word' id='word_1_558' title='bbox 3607 3553 3782 3624; x_wconf 81' lang='grc' dir='ltr'>μέσῳ</span> 
     </span>
    </p>
   </div>
   <div class='ocr_carea' id='block_1_73' title="bbox 2191 3638 2401 3707">
    <p class='ocr_par' dir='ltr' id='par_1_73' title="bbox 2191 3638 2401 3707">
     <span class='ocr_line' id='line_1_73' title="bbox 2191 3638 2401 3707; baseline 0.01 -15"><span class='ocrx_word' id='word_1_559' title='bbox 2191 3638 2401 3707; x_wconf 78' lang='grc' dir='ltr'>αὐτῆς.</span> 
     </span>
    </p>
   </div>
   <div class='ocr_carea' id='block_1_74' title="bbox 2263 3731 3775 3808">
    <p class='ocr_par' dir='ltr' id='par_1_74' title="bbox 2263 3731 3775 3808">
     <span class='ocr_line' id='line_1_74' title="bbox 2263 3731 3775 3808; baseline 0.007 -23"><span class='ocrx_word' id='word_1_560' title='bbox 2263 3731 2363 3787; x_wconf 83' lang='lat' dir='ltr'><strong>IA&#39;.</strong></span> <span class='ocrx_word' id='word_1_561' title='bbox 2408 3734 2529 3789; x_wconf 87' lang='grc' dir='ltr'>Ὅτι</span> <span class='ocrx_word' id='word_1_562' title='bbox 2566 3733 2641 3805; x_wconf 84' lang='grc' dir='ltr'><strong>μὴ</strong></span> <span class='ocrx_word' id='word_1_563' title='bbox 2673 3733 2816 3788; x_wconf 85' lang='grc' dir='ltr'><strong>κατὰ</strong></span> <span class='ocrx_word' id='word_1_564' title='bbox 2841 3734 2935 3789; x_wconf 87' lang='grc' dir='ltr'><strong>τοῦ</strong></span> <span class='ocrx_word' id='word_1_565' title='bbox 2969 3734 3187 3806; x_wconf 82' lang='grc' dir='ltr'>Ἰσραὴλ</span> <span class='ocrx_word' id='word_1_566' title='bbox 3215 3734 3428 3806; x_wconf 73' lang='grc' dir='ltr'><strong>ὼξύνθη</strong></span> <span class='ocrx_word' id='word_1_567' title='bbox 3452 3735 3519 3793; x_wconf 83' lang='grc' dir='ltr'><strong>τὰ</strong></span> <span class='ocrx_word' id='word_1_568' title='bbox 3541 3736 3775 3808; x_wconf 78' lang='grc' dir='ltr'>κέρατα.</span> 
     </span>
    </p>
   </div>
   <div class='ocr_carea' id='block_1_75' title="bbox 2194 3812 3777 3900">
    <p class='ocr_par' dir='ltr' id='par_1_75' title="bbox 2194 3812 3777 3900">
     <span class='ocr_line' id='line_1_75' title="bbox 2194 3812 3777 3900; baseline 0.005 -24"><span class='ocrx_word' id='word_1_569' title='bbox 2194 3825 2310 3887; x_wconf 83' lang='grc' dir='ltr'>κατ’</span> <span class='ocrx_word' id='word_1_570' title='bbox 2334 3824 2559 3879; x_wconf 80' lang='grc' dir='ltr'>ἐκείνων</span> <span class='ocrx_word' id='word_1_571' title='bbox 2589 3824 2645 3877; x_wconf 83' lang='grc' dir='ltr'><strong>δὲ</strong></span> <span class='ocrx_word' id='word_1_572' title='bbox 2681 3825 2899 3896; x_wconf 80' lang='grc' dir='ltr'>μᾶλλον,</span> <span class='ocrx_word' id='word_1_573' title='bbox 2926 3826 2974 3879; x_wconf 82' lang='grc' dir='ltr'>οἳ</span> <span class='ocrx_word' id='word_1_574' title='bbox 3000 3812 3228 3879; x_wconf 78' lang='grc' dir='ltr'>εἷλόντε</span> <span class='ocrx_word' id='word_1_575' title='bbox 3261 3826 3356 3884; x_wconf 75' lang='grc' dir='ltr'><strong>καὶ</strong></span> <span class='ocrx_word' id='word_1_576' title='bbox 3391 3827 3777 3900; x_wconf 84' lang='grc' dir='ltr'>πεπορθήκασι</span> 
     </span>
    </p>
   </div>
   <div class='ocr_carea' id='block_1_76' title="bbox 2192 3912 3777 3987">
    <p class='ocr_par' dir='ltr' id='par_1_76' title="bbox 2192 3912 3777 3987">
     <span class='ocr_line' id='line_1_76' title="bbox 2192 3912 3777 3987; baseline 0.003 -23"><span class='ocrx_word' id='word_1_577' title='bbox 2192 3912 2291 3984; x_wconf 81' lang='grc' dir='ltr'>τὴν</span> <span class='ocrx_word' id='word_1_578' title='bbox 2326 3913 2703 3986; x_wconf 81' lang='grc' dir='ltr'>Ἰερουσαλὴμ,</span> <span class='ocrx_word' id='word_1_579' title='bbox 2747 3914 2841 3968; x_wconf 71' lang='grc' dir='ltr'>καὶ</span> <span class='ocrx_word' id='word_1_580' title='bbox 2868 3915 3051 3985; x_wconf 87' lang='grc' dir='ltr'>μέντοι</span> <span class='ocrx_word' id='word_1_581' title='bbox 3094 3913 3192 3985; x_wconf 84' lang='grc' dir='ltr'><strong>τὴν</strong></span> <span class='ocrx_word' id='word_1_582' title='bbox 3215 3915 3493 3979; x_wconf 84' lang='grc' dir='ltr'>Ἰουδαίαν,</span> <span class='ocrx_word' id='word_1_583' title='bbox 3519 3918 3550 3987; x_wconf 86' lang='grc' dir='ltr'><strong>ή</strong></span> <span class='ocrx_word' id='word_1_584' title='bbox 3576 3917 3777 3984; x_wconf 79' lang='grc' dir='ltr'>γείτων</span> 
     </span>
    </p>
   </div>
   <div class='ocr_carea' id='block_1_77' title="bbox 2194 4006 3776 4079">
    <p class='ocr_par' dir='ltr' id='par_1_77' title="bbox 2194 4006 3776 4079">
     <span class='ocr_line' id='line_1_77' title="bbox 2194 4006 3776 4079; baseline 0.003 -22"><span class='ocrx_word' id='word_1_585' title='bbox 2194 4007 2382 4075; x_wconf 84' lang='grc' dir='ltr'>ὅρασις</span> <span class='ocrx_word' id='word_1_586' title='bbox 2428 4006 2714 4073; x_wconf 79' lang='grc' dir='ltr'>ὲκδείξειεν</span> <span class='ocrx_word' id='word_1_587' title='bbox 2752 4006 2838 4071; x_wconf 80' lang='grc' dir='ltr'><strong>ἂν,</strong></span> <span class='ocrx_word' id='word_1_588' title='bbox 2871 4007 2967 4061; x_wconf 75' lang='grc' dir='ltr'>καὶ</span> <span class='ocrx_word' id='word_1_589' title='bbox 3017 4007 3161 4077; x_wconf 81' lang='grc' dir='ltr'>μάλα</span> <span class='ocrx_word' id='word_1_590' title='bbox 3192 4006 3449 4071; x_wconf 77' lang='grc' dir='ltr'>εὐκόλως.</span> <span class='ocrx_word' id='word_1_591' title='bbox 3480 4009 3632 4079; x_wconf 79' lang='grc' dir='ltr'>Αἴρει</span> <span class='ocrx_word' id='word_1_592' title='bbox 3662 4009 3776 4079; x_wconf 74' lang='grc' dir='ltr'><strong>γὰρ</strong></span> 
     </span>
    </p>
   </div>
   <div class='ocr_carea' id='block_1_78' title="bbox 2196 4097 3783 4169">
    <p class='ocr_par' dir='ltr' id='par_1_78' title="bbox 2196 4097 3783 4169">
     <span class='ocr_line' id='line_1_78' title="bbox 2196 4097 3783 4169; baseline 0.004 -20"><span class='ocrx_word' id='word_1_593' title='bbox 2196 4098 2356 4151; x_wconf 82' lang='grc' dir='ltr'>πάλιν</span> <span class='ocrx_word' id='word_1_594' title='bbox 2385 4098 2510 4162; x_wconf 81' lang='grc' dir='ltr'>τοὺς</span> <span class='ocrx_word' id='word_1_595' title='bbox 2539 4097 2848 4168; x_wconf 72' lang='grc' dir='ltr'>ὀφθαλμοὺς</span> <span class='ocrx_word' id='word_1_596' title='bbox 2874 4097 2901 4148; x_wconf 87' lang='grc' dir='ltr'><strong>ό</strong></span> <span class='ocrx_word' id='word_1_597' title='bbox 2934 4099 3237 4169; x_wconf 77' lang='grc' dir='ltr'>προφήτης,</span> <span class='ocrx_word' id='word_1_598' title='bbox 3277 4099 3368 4151; x_wconf 76' lang='grc' dir='ltr'>καὶ</span> <span class='ocrx_word' id='word_1_599' title='bbox 3394 4099 3515 4169; x_wconf 73' lang='grc' dir='ltr'>οὐχὶ</span> <span class='ocrx_word' id='word_1_600' title='bbox 3542 4099 3605 4169; x_wconf 88' lang='grc' dir='ltr'><strong>δὴ</strong></span> <span class='ocrx_word' id='word_1_601' title='bbox 3638 4099 3783 4155; x_wconf 67' lang='grc' dir='ltr'>πάνυ.</span> 
     </span>
    </p>
   </div>
   <div class='ocr_carea' id='block_1_79' title="bbox 2194 4188 3776 4259">
    <p class='ocr_par' dir='ltr' id='par_1_79' title="bbox 2194 4188 3776 4259">
     <span class='ocr_line' id='line_1_79' title="bbox 2194 4188 3776 4259; baseline 0.003 -19"><span class='ocrx_word' id='word_1_602' title='bbox 2194 4206 2301 4250; x_wconf 81' lang='grc' dir='ltr'><strong>τως</strong></span> <span class='ocrx_word' id='word_1_603' title='bbox 2330 4190 2456 4252; x_wconf 76' lang='grc' dir='ltr'>τοὺς</span> <span class='ocrx_word' id='word_1_604' title='bbox 2483 4190 2578 4241; x_wconf 89' lang='grc' dir='ltr'><strong>τοῦ</strong></span> <span class='ocrx_word' id='word_1_605' title='bbox 2613 4188 2884 4259; x_wconf 82' lang='grc' dir='ltr'>σώματος.</span> <span class='ocrx_word' id='word_1_606' title='bbox 2919 4188 3044 4252; x_wconf 82' lang='grc' dir='ltr'>τοὺς</span> <span class='ocrx_word' id='word_1_607' title='bbox 3073 4189 3130 4243; x_wconf 80' lang='grc' dir='ltr'>δὲ</span> <span class='ocrx_word' id='word_1_608' title='bbox 3162 4188 3361 4258; x_wconf 76' lang='grc' dir='ltr'>μᾶλλον</span> <span class='ocrx_word' id='word_1_609' title='bbox 3388 4192 3483 4243; x_wconf 66' lang='grc' dir='ltr'>καὶ</span> <span class='ocrx_word' id='word_1_610' title='bbox 3525 4190 3776 4259; x_wconf 70' lang='grc' dir='ltr'>νοητοὺς.</span> 
     </span>
    </p>
   </div>
   <div class='ocr_carea' id='block_1_80' title="bbox 2196 4274 3779 4352">
    <p class='ocr_par' dir='ltr' id='par_1_80' title="bbox 2196 4274 3779 4352">
     <span class='ocr_line' id='line_1_80' title="bbox 2196 4274 3779 4352; baseline 0.001 -21"><span class='ocrx_word' id='word_1_611' title='bbox 2196 4274 2329 4331; x_wconf 81' lang='grc' dir='ltr'><strong>Εἷτά</strong></span> <span class='ocrx_word' id='word_1_612' title='bbox 2357 4296 2479 4332; x_wconf 89' lang='grc' dir='ltr'>τινα</span> <span class='ocrx_word' id='word_1_613' title='bbox 2511 4277 2796 4333; x_wconf 79' lang='grc' dir='ltr'>τεθεᾶσθαί</span> <span class='ocrx_word' id='word_1_614' title='bbox 2822 4294 2984 4348; x_wconf 85' lang='grc' dir='ltr'>φησιν</span> <span class='ocrx_word' id='word_1_615' title='bbox 3014 4280 3070 4331; x_wconf 82' lang='grc' dir='ltr'><strong>έν</strong></span> <span class='ocrx_word' id='word_1_616' title='bbox 3100 4278 3293 4352; x_wconf 77' lang='grc' dir='ltr'>ἀνδρὸς</span> <span class='ocrx_word' id='word_1_617' title='bbox 3339 4280 3601 4351; x_wconf 80' lang='grc' dir='ltr'>σχήματι,</span> <span class='ocrx_word' id='word_1_618' title='bbox 3625 4297 3779 4349; x_wconf 84' lang='grc' dir='ltr'>σχοι-</span> 
     </span>
    </p>
   </div>
   <div class='ocr_carea' id='block_1_81' title="bbox 2195 4367 3783 4443">
    <p class='ocr_par' dir='ltr' id='par_1_81' title="bbox 2195 4367 3783 4443">
     <span class='ocr_line' id='line_1_81' title="bbox 2195 4367 3783 4443; baseline 0.004 -23"><span class='ocrx_word' id='word_1_619' title='bbox 2195 4367 2305 4422; x_wconf 84' lang='grc' dir='ltr'>νίον</span> <span class='ocrx_word' id='word_1_620' title='bbox 2340 4369 2639 4441; x_wconf 79' lang='grc' dir='ltr'>κατέχοντα</span> <span class='ocrx_word' id='word_1_621' title='bbox 2673 4368 3064 4440; x_wconf 84' lang='grc' dir='ltr'>γεωμετρικόν·</span> <span class='ocrx_word' id='word_1_622' title='bbox 3098 4369 3260 4439; x_wconf 76' lang='grc' dir='ltr'>ἤρετο</span> <span class='ocrx_word' id='word_1_623' title='bbox 3287 4370 3343 4424; x_wconf 83' lang='grc' dir='ltr'>δὲ</span> <span class='ocrx_word' id='word_1_624' title='bbox 3377 4370 3537 4424; x_wconf 81' lang='grc' dir='ltr'>πάλιν</span> <span class='ocrx_word' id='word_1_625' title='bbox 3561 4370 3645 4439; x_wconf 82' lang='grc' dir='ltr'><strong>ἐφ’</strong></span> <span class='ocrx_word' id='word_1_626' title='bbox 3667 4372 3783 4443; x_wconf 76' lang='grc' dir='ltr'>ὅτῳ</span> 
     </span>
    </p>
   </div>
   <div class='ocr_carea' id='block_1_82' title="bbox 518 4448 2090 4534">
    <p class='ocr_par' dir='ltr' id='par_1_82' title="bbox 518 4454 2090 4533">
     <span class='ocr_line' id='line_1_82' title="bbox 518 4454 2090 4533; baseline 0.008 -28"><span class='ocrx_word' id='word_1_627' title='bbox 518 4463 602 4507; x_wconf 87' lang='lat' dir='ltr'><strong>tus</strong></span> <span class='ocrx_word' id='word_1_628' title='bbox 635 4463 736 4517; x_wconf 85' lang='lat' dir='ltr'><strong>est,</strong></span> <span class='ocrx_word' id='word_1_629' title='bbox 777 4454 930 4524; x_wconf 88' lang='lat' dir='ltr'><strong>cujus</strong></span> <span class='ocrx_word' id='word_1_630' title='bbox 959 4456 1035 4509; x_wconf 89' lang='lat' dir='ltr'><strong>rei</strong></span> <span class='ocrx_word' id='word_1_631' title='bbox 1070 4459 1240 4525; x_wconf 84' lang='lat' dir='ltr'><strong>gratia</strong></span> <span class='ocrx_word' id='word_1_632' title='bbox 1274 4460 1478 4514; x_wconf 84' lang='lat' dir='ltr'><strong>veniret</strong></span> <span class='ocrx_word' id='word_1_633' title='bbox 1507 4469 1561 4516; x_wconf 89' lang='lat' dir='ltr'><strong>et</strong></span> <span class='ocrx_word' id='word_1_634' title='bbox 1585 4461 1710 4528; x_wconf 82' lang='lat' dir='ltr'><strong>quid</strong></span> <span class='ocrx_word' id='word_1_635' title='bbox 1759 4462 1858 4515; x_wconf 90' lang='lat' dir='ltr'><strong>sibi</strong></span> <span class='ocrx_word' id='word_1_636' title='bbox 1899 4478 2090 4533; x_wconf 89' lang='lat' dir='ltr'><strong>propo-</strong></span> 
     </span>
    </p>
   </div>
   <div class='ocr_carea' id='block_1_83' title="bbox 2196 4448 3774 4534">
    <p class='ocr_par' dir='ltr' id='par_1_83' title="bbox 2196 4458 3774 4534">
     <span class='ocr_line' id='line_1_83' title="bbox 2196 4458 3774 4534; baseline 0.004 -21"><span class='ocrx_word' id='word_1_637' title='bbox 2196 4478 2254 4513; x_wconf 87' lang='grc' dir='ltr'>τε</span> <span class='ocrx_word' id='word_1_638' title='bbox 2288 4458 2511 4530; x_wconf 74' lang='grc' dir='ltr'>βαδίζει,</span> <span class='ocrx_word' id='word_1_639' title='bbox 2541 4460 2636 4517; x_wconf 77' lang='grc' dir='ltr'>καὶ</span> <span class='ocrx_word' id='word_1_640' title='bbox 2661 4460 2744 4525; x_wconf 89' lang='grc' dir='ltr'><strong>τίς</strong></span> <span class='ocrx_word' id='word_1_641' title='bbox 2776 4463 2804 4513; x_wconf 84' lang='grc' dir='ltr'>ὁ</span> <span class='ocrx_word' id='word_1_642' title='bbox 2854 4460 3055 4524; x_wconf 84' lang='grc' dir='ltr'>σκοπὸς</span> <span class='ocrx_word' id='word_1_643' title='bbox 3086 4460 3253 4531; x_wconf 75' lang='grc' dir='ltr'>αὐτῷ.</span> <span class='ocrx_word' id='word_1_644' title='bbox 3291 4461 3397 4517; x_wconf 88' lang='grc' dir='ltr'><strong>Τοῦ</strong></span> <span class='ocrx_word' id='word_1_645' title='bbox 3449 4461 3508 4515; x_wconf 79' lang='grc' dir='ltr'>δὲ</span> <span class='ocrx_word' id='word_1_646' title='bbox 3553 4461 3617 4534; x_wconf 82' lang='grc' dir='ltr'>δὴ</span> <span class='ocrx_word' id='word_1_647' title='bbox 3670 4466 3774 4532; x_wconf 80' lang='grc' dir='ltr'><strong>φά-</strong></span> 
     </span>
    </p>
   </div>
   <div class='ocr_carea' id='block_1_84' title="bbox 515 4542 2086 4615">
    <p class='ocr_par' dir='ltr' id='par_1_84' title="bbox 515 4542 2086 4615">
     <span class='ocr_line' id='line_1_84' title="bbox 515 4542 2086 4615; baseline 0.008 -20"><span class='ocrx_word' id='word_1_648' title='bbox 515 4545 733 4598; x_wconf 85' lang='lat' dir='ltr'><strong>suisset.</strong></span> <span class='ocrx_word' id='word_1_649' title='bbox 778 4542 856 4599; x_wconf 87' lang='lat' dir='ltr'><strong>Eo</strong></span> <span class='ocrx_word' id='word_1_650' title='bbox 914 4547 1317 4615; x_wconf 86' lang='lat' dir='ltr'><strong>respondente,</strong></span> <span class='ocrx_word' id='word_1_651' title='bbox 1369 4548 1505 4603; x_wconf 89' lang='lat' dir='ltr'><strong>velle</strong></span> <span class='ocrx_word' id='word_1_652' title='bbox 1565 4551 1741 4605; x_wconf 84' lang='lat' dir='ltr'><strong>metiri</strong></span> <span class='ocrx_word' id='word_1_653' title='bbox 1787 4549 2086 4608; x_wconf 83' lang='lat' dir='ltr'><strong>Jerusalem</strong></span> 
     </span>
    </p>
   </div>
   <div class='ocr_carea' id='block_1_85' title="bbox 518 4670 2085 4702">
    <p class='ocr_par' dir='ltr' id='par_1_85' title="bbox 518 4670 2085 4702">
     <span class='ocr_line' id='line_1_85' title="bbox 518 4670 2085 4702; baseline 0.01 -17"><span class='ocrx_word' id='word_1_654' title='bbox 518 4670 535 4685; x_wconf 80' lang='grc' dir='ltr'><strong>ο</strong></span> <span class='ocrx_word' id='word_1_655' title='bbox 610 4674 626 4688; x_wconf 75' lang='grc' dir='ltr'><strong>ο</strong></span> <span class='ocrx_word' id='word_1_656' title='bbox 704 4676 725 4699; x_wconf 55' lang='grc' dir='ltr'><strong>φ</strong></span> <span class='ocrx_word' id='word_1_657' title='bbox 798 4673 815 4692; x_wconf 72' lang='grc' dir='ltr'>ο</span> <span class='ocrx_word' id='word_1_658' title='bbox 893 4673 912 4693; x_wconf 78' lang='grc' dir='ltr'><strong><em>ο</em></strong></span> <span class='ocrx_word' id='word_1_659' title='bbox 986 4673 1005 4689; x_wconf 71' lang='grc' dir='ltr'>ι</span> <span class='ocrx_word' id='word_1_660' title='bbox 1081 4677 1096 4691; x_wconf 80' lang='grc' dir='ltr'>ο</span> <span class='ocrx_word' id='word_1_661' title='bbox 1172 4676 1189 4690; x_wconf 69' lang='grc' dir='ltr'>ι</span> <span class='ocrx_word' id='word_1_662' title='bbox 1267 4672 1283 4692; x_wconf 77' lang='grc' dir='ltr'><strong>ο</strong></span> <span class='ocrx_word' id='word_1_663' title='bbox 1360 4676 1376 4692; x_wconf 75' lang='grc' dir='ltr'><strong>ο</strong></span> <span class='ocrx_word' id='word_1_664' title='bbox 1454 4678 1473 4693; x_wconf 71' lang='grc' dir='ltr'>ι</span> <span class='ocrx_word' id='word_1_665' title='bbox 1550 4680 1564 4695; x_wconf 73' lang='grc' dir='ltr'><strong>ο</strong></span> <span class='ocrx_word' id='word_1_666' title='bbox 1642 4678 1658 4695; x_wconf 79' lang='grc' dir='ltr'><strong>ο</strong></span> <span class='ocrx_word' id='word_1_667' title='bbox 1742 4680 1757 4696; x_wconf 77' lang='grc' dir='ltr'><strong>ο</strong></span> <span class='ocrx_word' id='word_1_668' title='bbox 1841 4683 1855 4698; x_wconf 73' lang='grc' dir='ltr'>ι</span> <span class='ocrx_word' id='word_1_669' title='bbox 1946 4682 1961 4698; x_wconf 76' lang='grc' dir='ltr'><strong>ο</strong></span> <span class='ocrx_word' id='word_1_670' title='bbox 2068 4687 2085 4702; x_wconf 72' lang='grc' dir='ltr'>ο</span> 
     </span>
    </p>
   </div>
   <div class='ocr_carea' id='block_1_86' title="bbox 517 4727 2086 4804">
    <p class='ocr_par' dir='ltr' id='par_1_86' title="bbox 517 4727 2086 4804">
     <span class='ocr_line' id='line_1_86' title="bbox 517 4727 2086 4804; baseline 0.007 -25"><span class='ocrx_word' id='word_1_671' title='bbox 517 4773 531 4787; x_wconf 84' lang='grc'><strong>,</strong></span> <span class='ocrx_word' id='word_1_672' title='bbox 613 4763 628 4780; x_wconf 93' lang='grc'><strong>.</strong></span> <span class='ocrx_word' id='word_1_673' title='bbox 705 4764 721 4780; x_wconf 92' lang='grc'><strong>.</strong></span> <span class='ocrx_word' id='word_1_674' title='bbox 802 4765 820 4785; x_wconf 87' lang='grc'><strong>.</strong></span> <span class='ocrx_word' id='word_1_675' title='bbox 890 4763 908 4781; x_wconf 88' lang='grc'><strong>.</strong></span> <span class='ocrx_word' id='word_1_676' title='bbox 979 4765 996 4781; x_wconf 91' lang='grc'><strong>.</strong></span> <span class='ocrx_word' id='word_1_677' title='bbox 1085 4764 1101 4780; x_wconf 91' lang='grc'><em>.</em></span> <span class='ocrx_word' id='word_1_678' title='bbox 1184 4727 1305 4796; x_wconf 87' lang='lat' dir='ltr'><strong>.(l)</strong></span> <span class='ocrx_word' id='word_1_679' title='bbox 1363 4729 1586 4786; x_wconf 83' lang='lat' dir='ltr'><strong>incenso</strong></span> <span class='ocrx_word' id='word_1_680' title='bbox 1639 4743 1818 4788; x_wconf 88' lang='lat' dir='ltr'><strong>autem</strong></span> <span class='ocrx_word' id='word_1_681' title='bbox 1870 4745 1925 4789; x_wconf 90' lang='lat' dir='ltr'><strong>et</strong></span> <span class='ocrx_word' id='word_1_682' title='bbox 1972 4737 2086 4804; x_wconf 91' lang='lat' dir='ltr'><strong>ipso</strong></span> 
     </span>
    </p>
   </div>
   <div class='ocr_carea' id='block_1_87' title="bbox 515 4814 2089 4885">
    <p class='ocr_par' dir='ltr' id='par_1_87' title="bbox 515 4814 2089 4885">
     <span class='ocr_line' id='line_1_87' title="bbox 515 4814 2089 4885; baseline 0.009 -19"><span class='ocrx_word' id='word_1_683' title='bbox 515 4814 697 4870; x_wconf 86' lang='lat' dir='ltr'><strong>divino</strong></span> <span class='ocrx_word' id='word_1_684' title='bbox 743 4815 971 4884; x_wconf 85' lang='lat' dir='ltr'><strong>templo,</strong></span> <span class='ocrx_word' id='word_1_685' title='bbox 1002 4831 1202 4885; x_wconf 89' lang='lat' dir='ltr'><strong>perque</strong></span> <span class='ocrx_word' id='word_1_686' title='bbox 1252 4827 1412 4872; x_wconf 89' lang='lat' dir='ltr'><strong>totam</strong></span> <span class='ocrx_word' id='word_1_687' title='bbox 1446 4817 1685 4876; x_wconf 68' lang='lat' dir='ltr'><strong>Judaeum</strong></span> <span class='ocrx_word' id='word_1_688' title='bbox 1738 4825 1986 4879; x_wconf 85' lang='lat' dir='ltr'><strong>domibus</strong></span> <span class='ocrx_word' id='word_1_689' title='bbox 2032 4833 2089 4880; x_wconf 91' lang='lat' dir='ltr'><strong>et</strong></span> 
     </span>
    </p>
   </div>
   <div class='ocr_carea' id='block_1_88' title="bbox 515 4906 2084 4987">
    <p class='ocr_par' dir='ltr' id='par_1_88' title="bbox 515 4906 2084 4987">
     <span class='ocr_line' id='line_1_88' title="bbox 515 4906 2084 4987; baseline 0.008 -28"><span class='ocrx_word' id='word_1_690' title='bbox 515 4908 740 4961; x_wconf 85' lang='lat' dir='ltr'><strong>urbibus</strong></span> <span class='ocrx_word' id='word_1_691' title='bbox 770 4906 1122 4971; x_wconf 74' lang='lat' dir='ltr'><strong>excisis,eatn</strong></span> <span class='ocrx_word' id='word_1_692' title='bbox 1158 4923 1343 4963; x_wconf 87' lang='lat' dir='ltr'><strong>rursus</strong></span> <span class='ocrx_word' id='word_1_693' title='bbox 1373 4921 1612 4965; x_wconf 86' lang='lat' dir='ltr'><strong>erectum</strong></span> <span class='ocrx_word' id='word_1_694' title='bbox 1640 4914 1727 4979; x_wconf 91' lang='lat' dir='ltr'><strong>iri,</strong></span> <span class='ocrx_word' id='word_1_695' title='bbox 1753 4931 1875 4984; x_wconf 87' lang='lat' dir='ltr'><strong>spes</strong></span> <span class='ocrx_word' id='word_1_696' title='bbox 1904 4917 2084 4987; x_wconf 86' lang='lat' dir='ltr'><strong>aliquo</strong></span> 
     </span>
    </p>
   </div>
   <div class='ocr_carea' id='block_1_89' title="bbox 516 4996 2087 5069">
    <p class='ocr_par' dir='ltr' id='par_1_89' title="bbox 516 4996 2087 5069">
     <span class='ocr_line' id='line_1_89' title="bbox 516 4996 2087 5069; baseline 0.009 -23"><span class='ocrx_word' id='word_1_697' title='bbox 516 4999 677 5049; x_wconf 89' lang='lat' dir='ltr'><strong>modo</strong></span> <span class='ocrx_word' id='word_1_698' title='bbox 708 4998 961 5065; x_wconf 87' lang='lat' dir='ltr'><strong>perierat.</strong></span> <span class='ocrx_word' id='word_1_699' title='bbox 993 4996 1238 5053; x_wconf 85' lang='lat' dir='ltr'><strong>Ostendit</strong></span> <span class='ocrx_word' id='word_1_700' title='bbox 1266 5014 1396 5069; x_wconf 90' lang='lat' dir='ltr'><strong>ergo</strong></span> <span class='ocrx_word' id='word_1_701' title='bbox 1430 5003 1586 5069; x_wconf 82' lang='lat' dir='ltr'><strong>Deus,</strong></span> <span class='ocrx_word' id='word_1_702' title='bbox 1602 5004 1859 5063; x_wconf 87' lang='lat' dir='ltr'><strong>cornibus</strong></span> <span class='ocrx_word' id='word_1_703' title='bbox 1886 5020 2087 5062; x_wconf 75' lang='lat' dir='ltr'><strong>exacu-</strong></span> 
     </span>
    </p>
   </div>
   <div class='ocr_carea' id='block_1_90' title="bbox 518 5088 2087 5166">
    <p class='ocr_par' dir='ltr' id='par_1_90' title="bbox 518 5088 2087 5166">
     <span class='ocr_line' id='line_1_90' title="bbox 518 5088 2087 5166; baseline 0.008 -26"><span class='ocrx_word' id='word_1_704' title='bbox 518 5089 608 5151; x_wconf 89' lang='lat' dir='ltr'><strong>tis,</strong></span> <span class='ocrx_word' id='word_1_705' title='bbox 649 5088 749 5141; x_wconf 85' lang='lat' dir='ltr'><strong>hoc</strong></span> <span class='ocrx_word' id='word_1_706' title='bbox 772 5098 854 5143; x_wconf 87' lang='lat' dir='ltr'><strong>est</strong></span> <span class='ocrx_word' id='word_1_707' title='bbox 900 5092 1165 5158; x_wconf 82' lang='lat' dir='ltr'><strong>gentibus,</strong></span> <span class='ocrx_word' id='word_1_708' title='bbox 1201 5091 1312 5146; x_wconf 89' lang='lat' dir='ltr'><strong>sive</strong></span> <span class='ocrx_word' id='word_1_709' title='bbox 1350 5094 1527 5163; x_wconf 82' lang='lat' dir='ltr'><strong>regnis</strong></span> <span class='ocrx_word' id='word_1_710' title='bbox 1575 5095 1720 5150; x_wconf 85' lang='lat' dir='ltr'><strong>inter</strong></span> <span class='ocrx_word' id='word_1_711' title='bbox 1763 5111 1822 5152; x_wconf 89' lang='lat' dir='ltr'><strong>se</strong></span> <span class='ocrx_word' id='word_1_712' title='bbox 1868 5096 2087 5166; x_wconf 82' lang='lat' dir='ltr'><strong>bellige-</strong></span> 
     </span>
    </p>
   </div>
   <div class='ocr_carea' id='block_1_91' title="bbox 518 5179 2088 5259">
    <p class='ocr_par' dir='ltr' id='par_1_91' title="bbox 518 5179 2088 5259">
     <span class='ocr_line' id='line_1_91' title="bbox 518 5179 2088 5259; baseline 0.007 -28"><span class='ocrx_word' id='word_1_713' title='bbox 518 5179 763 5232; x_wconf 81' lang='lat' dir='ltr'><strong>runtibus</strong></span> <span class='ocrx_word' id='word_1_714' title='bbox 830 5191 1255 5237; x_wconf 87' lang='lat' dir='ltr'><strong>resurrecturum</strong></span> <span class='ocrx_word' id='word_1_715' title='bbox 1290 5183 1500 5250; x_wconf 23' lang='lat' dir='ltr'><strong>‘lsrael,</strong></span> <span class='ocrx_word' id='word_1_716' title='bbox 1536 5196 1589 5239; x_wconf 89' lang='lat' dir='ltr'><strong>et</strong></span> <span class='ocrx_word' id='word_1_717' title='bbox 1627 5186 1975 5243; x_wconf 83' lang='lat' dir='ltr'><strong>habitandam</strong></span> <span class='ocrx_word' id='word_1_718' title='bbox 2023 5188 2088 5259; x_wconf 81' lang='lat' dir='ltr'><strong>de</strong></span> 
     </span>
    </p>
   </div>
   <div class='ocr_carea' id='block_1_92' title="bbox 519 5270 2089 5344">
    <p class='ocr_par' dir='ltr' id='par_1_92' title="bbox 519 5270 2089 5344">
     <span class='ocr_line' id='line_1_92' title="bbox 519 5270 2089 5344; baseline 0.009 -21"><span class='ocrx_word' id='word_1_719' title='bbox 519 5270 853 5337; x_wconf 78' lang='lat' dir='ltr'><strong>intcgrojam</strong></span> <span class='ocrx_word' id='word_1_720' title='bbox 879 5273 1496 5344; x_wconf 76' lang='lat' dir='ltr'><strong>dilatatamJeruSalem,</strong></span> <span class='ocrx_word' id='word_1_721' title='bbox 1522 5279 1702 5332; x_wconf 88' lang='lat' dir='ltr'><strong>divina</strong></span> <span class='ocrx_word' id='word_1_722' title='bbox 1738 5279 1934 5335; x_wconf 83' lang='lat' dir='ltr'><strong>virtute</strong></span> <span class='ocrx_word' id='word_1_723' title='bbox 1972 5296 2089 5337; x_wconf 63' lang='lat' dir='ltr'><strong>muv</strong></span> 
     </span>
    </p>
   </div>
   <div class='ocr_carea' id='block_1_93' title="bbox 519 5360 2089 5440">
    <p class='ocr_par' dir='ltr' id='par_1_93' title="bbox 519 5360 2089 5440">
     <span class='ocr_line' id='line_1_93' title="bbox 519 5360 2089 5440; baseline 0.01 -29"><span class='ocrx_word' id='word_1_724' title='bbox 519 5360 708 5425; x_wconf 85' lang='lat' dir='ltr'><strong>uitam,</strong></span> <span class='ocrx_word' id='word_1_725' title='bbox 756 5366 1111 5437; x_wconf 87' lang='lat' dir='ltr'><strong>supernisque</strong></span> <span class='ocrx_word' id='word_1_726' title='bbox 1152 5366 1426 5425; x_wconf 79' lang='lat' dir='ltr'><strong>favoribus</strong></span> <span class='ocrx_word' id='word_1_727' title='bbox 1471 5368 1618 5425; x_wconf 79' lang='lat' dir='ltr'><strong>velut</strong></span> <span class='ocrx_word' id='word_1_728' title='bbox 1684 5369 2089 5440; x_wconf 80' lang='lat' dir='ltr'><strong>inexpugnabili</strong></span> 
     </span>
    </p>
   </div>
   <div class='ocr_carea' id='block_1_94' title="bbox 593 5534 997 5597">
    <p class='ocr_par' dir='ltr' id='par_1_94' title="bbox 593 5534 997 5597">
     <span class='ocr_line' id='line_1_94' title="bbox 593 5534 997 5597; baseline 0.02 -8"><span class='ocrx_word' id='word_1_729' title='bbox 593 5534 635 5567; x_wconf 76' lang='grc'>³¹</span> <span class='ocrx_word' id='word_1_730' title='bbox 669 5536 771 5591; x_wconf 83' lang='lat' dir='ltr'><strong>lsa.</strong></span> <span class='ocrx_word' id='word_1_731' title='bbox 795 5556 912 5596; x_wconf 79' lang='lat' dir='ltr'><strong>xm.</strong></span> <span class='ocrx_word' id='word_1_732' title='bbox 942 5541 997 5597; x_wconf 77' lang='grc'><strong>5.</strong></span> 
     </span>
    </p>
   </div>
   <div class='ocr_carea' id='block_1_95' title="bbox 2196 4551 3779 4625">
    <p class='ocr_par' dir='ltr' id='par_1_95' title="bbox 2196 4551 3779 4625">
     <span class='ocr_line' id='line_1_95' title="bbox 2196 4551 3779 4625; baseline 0.007 -23"><span class='ocrx_word' id='word_1_733' title='bbox 2196 4567 2415 4617; x_wconf 86' lang='grc' dir='ltr'>σκοντος</span> <span class='ocrx_word' id='word_1_734' title='bbox 2441 4551 2803 4622; x_wconf 84' lang='grc' dir='ltr'>διαμετρῆσαι</span> <span class='ocrx_word' id='word_1_735' title='bbox 2832 4551 2931 4622; x_wconf 82' lang='grc' dir='ltr'>τὴν</span> <span class='ocrx_word' id='word_1_736' title='bbox 2967 4551 3342 4625; x_wconf 82' lang='grc' dir='ltr'>Ἰερουσαλὴμ,</span> <span class='ocrx_word' id='word_1_737' title='bbox 3400 4592 3416 4607; x_wconf 94' lang='grc'><strong>.</strong></span> <span class='ocrx_word' id='word_1_738' title='bbox 3456 4590 3472 4606; x_wconf 89' lang='grc'><strong>.</strong></span> <span class='ocrx_word' id='word_1_739' title='bbox 3517 4595 3530 4611; x_wconf 88' lang='grc'><em>.</em></span> <span class='ocrx_word' id='word_1_740' title='bbox 3576 4594 3589 4607; x_wconf 95' lang='grc'><strong>.</strong></span> <span class='ocrx_word' id='word_1_741' title='bbox 3635 4592 3651 4607; x_wconf 92' lang='grc'><strong>.</strong></span> <span class='ocrx_word' id='word_1_742' title='bbox 3696 4596 3711 4609; x_wconf 94' lang='grc'><strong><em>.</em></strong></span> <span class='ocrx_word' id='word_1_743' title='bbox 3760 4597 3779 4613; x_wconf 88' lang='grc'><strong>.</strong></span> 
     </span>
    </p>
   </div>
   <div class='ocr_carea' id='block_1_96' title="bbox 2197 4733 3781 4806">
    <p class='ocr_par' dir='ltr' id='par_1_96' title="bbox 2197 4733 3781 4806">
     <span class='ocr_line' id='line_1_96' title="bbox 2197 4733 3781 4806; baseline 0.003 -17"><span class='ocrx_word' id='word_1_744' title='bbox 2197 4775 2209 4789; x_wconf 94' lang='grc'><strong>.</strong></span> <span class='ocrx_word' id='word_1_745' title='bbox 2256 4773 2270 4788; x_wconf 94' lang='grc'><strong>.</strong></span> <span class='ocrx_word' id='word_1_746' title='bbox 2315 4771 2332 4788; x_wconf 91' lang='grc'><strong>.</strong></span> <span class='ocrx_word' id='word_1_747' title='bbox 2373 4733 2783 4806; x_wconf 77' lang='grc' dir='ltr'>ἐμπρησθέντος</span> <span class='ocrx_word' id='word_1_748' title='bbox 2811 4735 2867 4788; x_wconf 87' lang='grc' dir='ltr'>δὲ</span> <span class='ocrx_word' id='word_1_749' title='bbox 2893 4736 2985 4789; x_wconf 70' lang='grc' dir='ltr'><strong>καὶ</strong></span> <span class='ocrx_word' id='word_1_750' title='bbox 3006 4735 3170 4789; x_wconf 85' lang='grc' dir='ltr'>αὐτοῦ</span> <span class='ocrx_word' id='word_1_751' title='bbox 3201 4735 3294 4789; x_wconf 89' lang='grc' dir='ltr'><strong>τοῦ</strong></span> <span class='ocrx_word' id='word_1_752' title='bbox 3323 4736 3467 4791; x_wconf 87' lang='grc' dir='ltr'>θείου</span> <span class='ocrx_word' id='word_1_753' title='bbox 3502 4736 3655 4800; x_wconf 88' lang='grc' dir='ltr'>ναοῦ,</span> <span class='ocrx_word' id='word_1_754' title='bbox 3683 4741 3781 4793; x_wconf 72' lang='grc' dir='ltr'>καὶ</span> 
     </span>
    </p>
   </div>
   <div class='ocr_carea' id='block_1_97' title="bbox 2190 4824 3781 4897">
    <p class='ocr_par' dir='ltr' id='par_1_97' title="bbox 2190 4824 3781 4897">
     <span class='ocr_line' id='line_1_97' title="bbox 2190 4824 3781 4897; baseline 0.002 -18"><span class='ocrx_word' id='word_1_755' title='bbox 2190 4824 2299 4879; x_wconf 86' lang='grc' dir='ltr'><strong>τῶν</strong></span> <span class='ocrx_word' id='word_1_756' title='bbox 2330 4825 2435 4879; x_wconf 76' lang='grc' dir='ltr'><strong>ἀνὰ</strong></span> <span class='ocrx_word' id='word_1_757' title='bbox 2473 4827 2650 4878; x_wconf 85' lang='grc' dir='ltr'>πᾶσαν</span> <span class='ocrx_word' id='word_1_758' title='bbox 2677 4825 2775 4897; x_wconf 83' lang='grc' dir='ltr'><strong>τὴν</strong></span> <span class='ocrx_word' id='word_1_759' title='bbox 2803 4826 3065 4880; x_wconf 82' lang='grc' dir='ltr'>Ἰουδαίαν</span> <span class='ocrx_word' id='word_1_760' title='bbox 3111 4828 3276 4881; x_wconf 86' lang='grc' dir='ltr'>οῐκων</span> <span class='ocrx_word' id='word_1_761' title='bbox 3326 4844 3385 4879; x_wconf 91' lang='grc' dir='ltr'>τε</span> <span class='ocrx_word' id='word_1_762' title='bbox 3434 4827 3526 4880; x_wconf 79' lang='grc' dir='ltr'>καὶ</span> <span class='ocrx_word' id='word_1_763' title='bbox 3563 4828 3781 4882; x_wconf 84' lang='grc' dir='ltr'>πόλεων</span> 
     </span>
    </p>
   </div>
   <div class='ocr_carea' id='block_1_98' title="bbox 2191 4916 3779 4989">
    <p class='ocr_par' dir='ltr' id='par_1_98' title="bbox 2191 4916 3779 4989">
     <span class='ocr_line' id='line_1_98' title="bbox 2191 4916 3779 4989; baseline 0.003 -20"><span class='ocrx_word' id='word_1_764' title='bbox 2191 4916 2713 4988; x_wconf 86' lang='grc' dir='ltr'>ἀνατετραμμένων,</span> <span class='ocrx_word' id='word_1_765' title='bbox 2748 4916 2988 4989; x_wconf 81' lang='grc' dir='ltr'>ἀνῄρητό</span> <span class='ocrx_word' id='word_1_766' title='bbox 3012 4935 3128 4981; x_wconf 83' lang='grc' dir='ltr'><strong>πως</strong></span> <span class='ocrx_word' id='word_1_767' title='bbox 3168 4920 3200 4987; x_wconf 86' lang='grc' dir='ltr'><strong>ή</strong></span> <span class='ocrx_word' id='word_1_768' title='bbox 3235 4918 3388 4981; x_wconf 78' lang='grc' dir='ltr'>ἐλπὶς</span> <span class='ocrx_word' id='word_1_769' title='bbox 3416 4917 3509 4971; x_wconf 92' lang='grc' dir='ltr'>τοῦ</span> <span class='ocrx_word' id='word_1_770' title='bbox 3541 4919 3634 4972; x_wconf 69' lang='grc' dir='ltr'>καὶ</span> <span class='ocrx_word' id='word_1_771' title='bbox 3662 4920 3779 4973; x_wconf 77' lang='grc' dir='ltr'>εἰσ-</span> 
     </span>
    </p>
   </div>
   <div class='ocr_carea' id='block_1_99' title="bbox 2190 5005 3776 5078">
    <p class='ocr_par' dir='ltr' id='par_1_99' title="bbox 2190 5005 3776 5078">
     <span class='ocr_line' id='line_1_99' title="bbox 2190 5005 3776 5078; baseline 0.004 -20"><span class='ocrx_word' id='word_1_772' title='bbox 2190 5006 2348 5070; x_wconf 83' lang='grc' dir='ltr'>αὖθις</span> <span class='ocrx_word' id='word_1_773' title='bbox 2368 5006 2538 5078; x_wconf 77' lang='grc' dir='ltr'>αὐτὴν</span> <span class='ocrx_word' id='word_1_774' title='bbox 2561 5006 2872 5077; x_wconf 82' lang='grc' dir='ltr'>ἀνασφῆλαι</span> <span class='ocrx_word' id='word_1_775' title='bbox 2899 5007 3176 5062; x_wconf 84' lang='grc' dir='ltr'>δύνασθαι.</span> <span class='ocrx_word' id='word_1_776' title='bbox 3202 5009 3483 5062; x_wconf 85' lang='grc' dir='ltr'>Δείκνυσιν</span> <span class='ocrx_word' id='word_1_777' title='bbox 3503 5005 3594 5062; x_wconf 82' lang='grc' dir='ltr'><strong>οὖν</strong></span> <span class='ocrx_word' id='word_1_778' title='bbox 3617 5010 3776 5077; x_wconf 82' lang='grc' dir='ltr'>Θεὸς,</span> 
     </span>
    </p>
   </div>
   <div class='ocr_carea' id='block_1_100' title="bbox 2189 5098 3779 5170">
    <p class='ocr_par' dir='ltr' id='par_1_100' title="bbox 2189 5098 3779 5170">
     <span class='ocr_line' id='line_1_100' title="bbox 2189 5098 3779 5170; baseline 0.004 -20"><span class='ocrx_word' id='word_1_779' title='bbox 2189 5099 2393 5151; x_wconf 83' lang='grc' dir='ltr'>ὅτιτῶν</span> <span class='ocrx_word' id='word_1_780' title='bbox 2415 5098 2662 5170; x_wconf 81' lang='grc' dir='ltr'>κεράτων</span> <span class='ocrx_word' id='word_1_781' title='bbox 2680 5099 3153 5170; x_wconf 81' lang='grc' dir='ltr'>παρωξυμμένων,</span> <span class='ocrx_word' id='word_1_782' title='bbox 3169 5100 3415 5154; x_wconf 84' lang='grc' dir='ltr'>τουτέστι</span> <span class='ocrx_word' id='word_1_783' title='bbox 3453 5101 3561 5155; x_wconf 84' lang='grc' dir='ltr'>τῶν</span> <span class='ocrx_word' id='word_1_784' title='bbox 3578 5103 3779 5168; x_wconf 79' lang='grc' dir='ltr'>ἐθνῶν,</span> 
     </span>
    </p>
   </div>
   <div class='ocr_carea' id='block_1_101' title="bbox 2190 5190 3780 5265">
    <p class='ocr_par' dir='ltr' id='par_1_101' title="bbox 2190 5190 3780 5265">
     <span class='ocr_line' id='line_1_101' title="bbox 2190 5190 3780 5265; baseline 0.003 -22"><span class='ocrx_word' id='word_1_785' title='bbox 2190 5190 2307 5261; x_wconf 81' lang='grc' dir='ltr'>ήτοι</span> <span class='ocrx_word' id='word_1_786' title='bbox 2335 5190 2442 5243; x_wconf 81' lang='grc' dir='ltr'><strong>τῶν</strong></span> <span class='ocrx_word' id='word_1_787' title='bbox 2478 5190 2784 5260; x_wconf 82' lang='grc' dir='ltr'>βασιλειῶν,</span> <span class='ocrx_word' id='word_1_788' title='bbox 2818 5191 2912 5245; x_wconf 81' lang='grc' dir='ltr'>καὶ</span> <span class='ocrx_word' id='word_1_789' title='bbox 2944 5192 3036 5244; x_wconf 80' lang='grc' dir='ltr'>τὸν</span> <span class='ocrx_word' id='word_1_790' title='bbox 3070 5192 3205 5260; x_wconf 85' lang='grc' dir='ltr'>πρὸς</span> <span class='ocrx_word' id='word_1_791' title='bbox 3243 5192 3506 5263; x_wconf 81' lang='grc' dir='ltr'>ἀλλήλους</span> <span class='ocrx_word' id='word_1_792' title='bbox 3539 5195 3780 5265; x_wconf 82' lang='grc' dir='ltr'>πόλεμον</span> 
     </span>
    </p>
   </div>
   <div class='ocr_carea' id='block_1_102' title="bbox 2191 5281 3776 5358">
    <p class='ocr_par' dir='ltr' id='par_1_102' title="bbox 2191 5281 3776 5358">
     <span class='ocr_line' id='line_1_102' title="bbox 2191 5281 3776 5358; baseline 0.006 -25"><span class='ocrx_word' id='word_1_793' title='bbox 2191 5282 2728 5351; x_wconf 86' lang='grc' dir='ltr'>συγκεκροτηκότων,</span> <span class='ocrx_word' id='word_1_794' title='bbox 2774 5281 3094 5352; x_wconf 76' lang='grc' dir='ltr'>ἀνεθήσεται</span> <span class='ocrx_word' id='word_1_795' title='bbox 3148 5284 3247 5352; x_wconf 83' lang='grc' dir='ltr'>μὲν</span> <span class='ocrx_word' id='word_1_796' title='bbox 3275 5284 3513 5356; x_wconf 81' lang='grc' dir='ltr'>Ἰσραὴλ,</span> <span class='ocrx_word' id='word_1_797' title='bbox 3558 5288 3776 5358; x_wconf 78' lang='grc' dir='ltr'>οίκήσει</span> 
     </span>
    </p>
   </div>
   <div class='ocr_carea' id='block_1_103' title="bbox 2190 5369 3781 5453">
    <p class='ocr_par' dir='ltr' id='par_1_103' title="bbox 2190 5369 3781 5453">
     <span class='ocr_line' id='line_1_103' title="bbox 2190 5369 3781 5453; baseline 0.004 -30"><span class='ocrx_word' id='word_1_798' title='bbox 2190 5369 2248 5425; x_wconf 80' lang='grc' dir='ltr'>δὲ</span> <span class='ocrx_word' id='word_1_799' title='bbox 2287 5372 2448 5428; x_wconf 83' lang='grc' dir='ltr'>πάλιν</span> <span class='ocrx_word' id='word_1_800' title='bbox 2481 5372 2937 5444; x_wconf 81' lang='grc' dir='ltr'>κατευρυνθείσαν</span> <span class='ocrx_word' id='word_1_801' title='bbox 2978 5371 3077 5443; x_wconf 77' lang='grc' dir='ltr'><strong>τὴν</strong></span> <span class='ocrx_word' id='word_1_802' title='bbox 3120 5371 3473 5453; x_wconf 77' lang='grc' dir='ltr'>Ἰερουσαλὴμ</span> <span class='ocrx_word' id='word_1_803' title='bbox 3518 5376 3614 5429; x_wconf 75' lang='grc' dir='ltr'>καὶ</span> <span class='ocrx_word' id='word_1_804' title='bbox 3649 5376 3781 5449; x_wconf 69' lang='grc' dir='ltr'>θείᾳ</span> 
     </span>
    </p>
   </div>
   <div class='ocr_carea' id='block_1_104' title="bbox 592 5715 3656 5803">
    <p class='ocr_par' dir='ltr' id='par_1_104' title="bbox 592 5715 3656 5803">
     <span class='ocr_line' id='line_1_104' title="bbox 592 5715 3656 5803; baseline 0.003 -30"><span class='ocrx_word' id='word_1_805' title='bbox 592 5717 667 5786; x_wconf 78' lang='lat' dir='ltr'><strong>ll)</strong></span> <span class='ocrx_word' id='word_1_806' title='bbox 704 5718 960 5791; x_wconf 80' lang='lat' dir='ltr'><strong>Suspicor</strong></span> <span class='ocrx_word' id='word_1_807' title='bbox 996 5717 1171 5774; x_wconf 84' lang='lat' dir='ltr'><strong>minus</strong></span> <span class='ocrx_word' id='word_1_808' title='bbox 1205 5732 1363 5803; x_wconf 70' lang='lat' dir='ltr'><strong>quam</strong></span> <span class='ocrx_word' id='word_1_809' title='bbox 1394 5731 1489 5788; x_wconf 86' lang='lat' dir='ltr'><strong>pro</strong></span> <span class='ocrx_word' id='word_1_810' title='bbox 1522 5715 1725 5772; x_wconf 70' lang='lat' dir='ltr'><strong>lacunae</strong></span> <span class='ocrx_word' id='word_1_811' title='bbox 1753 5717 1949 5788; x_wconf 86' lang='lat' dir='ltr'><strong>spatio,</strong></span> <span class='ocrx_word' id='word_1_812' title='bbox 1983 5729 2072 5774; x_wconf 82' lang='lat' dir='ltr'><strong>aut</strong></span> <span class='ocrx_word' id='word_1_813' title='bbox 2106 5719 2242 5777; x_wconf 73' lang='lat' dir='ltr'><strong>forte</strong></span> <span class='ocrx_word' id='word_1_814' title='bbox 2267 5722 2428 5777; x_wconf 86' lang='lat' dir='ltr'><strong>etiam</strong></span> <span class='ocrx_word' id='word_1_815' title='bbox 2462 5723 2591 5781; x_wconf 82' lang='lat' dir='ltr'><strong>nihil</strong></span> <span class='ocrx_word' id='word_1_816' title='bbox 2618 5725 2682 5782; x_wconf 88' lang='lat' dir='ltr'><strong>ad</strong></span> <span class='ocrx_word' id='word_1_817' title='bbox 2710 5727 3031 5782; x_wconf 79' lang='lat' dir='ltr'><strong>sententiam</strong></span> <span class='ocrx_word' id='word_1_818' title='bbox 3058 5727 3339 5785; x_wconf 75' lang='lat' dir='ltr'><strong>omissum.</strong></span> <span class='ocrx_word' id='word_1_819' title='bbox 3370 5726 3656 5797; x_wconf 71' lang='lat' dir='ltr'><strong>Interprcs.</strong></span> 
     </span>
    </p>
   </div>
  </div>
