3936 6318
190 276 253 327 ω
1016 270 1556 329 COMMENTARIUS
1594 269 1660 327 ΙΝ
1704 272 1764 325 Ζὲ

1873 271 2102 327 lARIMi
2144 271 2584 327 PROPHETAM.
3104 306 3110 312 -
3357 268 3425 321 δι

188 389 407 459 δυνάμει
450 388 913 459 πεπυργωμένην,
946 391 1038 441 καὶ
1080 384 1190 443 οἷον
1218 390 1418 460 ἀμάχῳ
1454 392 1613 459 φλογὶ
1643 393 1761 455 ταῖς

1873 390 2082 445 ﬂamma
2122 392 2562 460 circumseptam.
2598 386 2782 441 Currit
2808 392 2937 455 ergo
2965 384 3184 455 angelus
3216 394 3273 437 ut
3322 400 3429 438 mc-

188 478 385 532 ἄνωθεν
414 478 726 548 εὐμενείαις
754 478 1141 547 διεζωσμένην.
1176 479 1370 549 Τρέχει
1399 480 1575 532 τοίνυν
1600 483 1628 533 ὁ
1654 482 1751 548 ἆγ-

188 570 332 637 γελος
367 569 702 640 ἐκμετρῆσαι
745 570 843 638 τὴν
883 568 1257 639 Ἰερουσαλὴμ,
1293 572 1389 623 καὶ
1434 566 1544 623 οἷον
1573 572 1752 641 ὁρίσαι

189 662 445 715 πλατεῖαν
484 660 653 731 αὐτὴν
707 662 801 715 καὶ
849 662 1285 734 εὑμηκεστάτην.
1319 663 1429 716 Καὶ
1464 665 1619 716 ταυτὶ
1656 665 1754 733 μὲν

191 755 496 826 ἱστορικιῖκς.

248 848 420 916 Iba.qu
469 846 515 900 δ’
560 846 627 899 ἂν
674 847 754 899 ὅτι
812 846 905 900 καὶ
954 847 1042 901 ἐπ’
1075 849 1247 919 αὐτῆς
1295 849 1395 919 τῆς
1434 849 1756 920 Ἐκκλησίας

185 936 420 1005 Χριστοῦ
451 938 622 991 νοοῖτο
665 936 732 989 ἂν
762 938 985 1001 εἰκότως
1016 940 1050 1009 ἡ
1080 940 1291 1010 ὅρασις.
1327 940 1756 1010 Τετυραννεύκει

186 1029 281 1096 μὲν
306 1028 415 1097 γὰρ
454 1026 595 1081 κατὰ
631 1026 846 1080 πάντων
876 1030 905 1080 ὁ
930 1030 1180 1092 Σατανᾶς
1206 1029 1314 1084 τῶν
1343 1030 1509 1083 ὄντων
1543 1030 1633 1083 ἐπὶ
1656 1031 1758 1101 τῆς

183 1118 305 1188 γῆς,
335 1121 433 1172 καὶ
459 1120 761 1187 γεγόναμεν
806 1119 1160 1188 αἰχμάλωτοι,
1194 1123 1304 1184 τοῖς
1337 1122 1546 1174 ἐκείνου
1574 1121 1758 1189 ζυγοῖς

184 1208 628 1279 ὑπενηνεγημὲνοι.
649 1209 786 1261 Ἀλλ’
818 1212 850 1279 ἡ
880 1210 973 1263 τοῦ
1008 1212 1258 1281 Σωτῆρος
1286 1212 1445 1282 χάρις
1472 1212 1757 1283 συνέτριψε

185 1300 280 1369 μὲν
304 1300 364 1351 τὸ
388 1300 599 1352 ἐκείνου
625 1300 815 1369 κέρας,
846 1301 1210 1355 κατελέπτυνε
1236 1302 1293 1356 δὲ
1311 1304 1408 1374 τὴν
1437 1304 1755 1374 ὑπεροψίαν.

182 1386 599 1458 Τεθριὰμϐευκε
648 1389 756 1456 γὰρ
801 1390 975 1459 ἀρχάς
1018 1407 1076 1443 τε
1114 1392 1209 1445 καὶ
1243 1392 1491 1456 ἐξουσίας
1536 1394 1631 1447 καὶ
1667 1410 1761 1447 κο·-

182 1479 603 1549 σμοκράτορας,
638 1481 738 1544 τὰς
779 1481 1163 1552 ἀντικειμένας
1207 1482 1486 1553 δυνάμεις,
1529 1484 1760 1549 ἐξείλετο

182 1572 234 1624 δὲ
264 1572 440 1640 ἡμᾶς,
468 1572 560 1623 καὶ
587 1570 694 1624 τῶν
727 1572 933 1624 ἐκείνου
960 1573 1173 1644 δεσμῶν
1207 1575 1761 1646 ἀπέλυσεν.Ἦγειρεν

1861 484 2022 537 tiatur
2070 482 2392 546 Jerusalem,
2422 482 2643 548 ejusque
2695 479 3025 532 latitudinem
3056 508 3059 509 ν
3089 484 3144 529 ct
3200 475 3431 545 longitu-

1859 579 2039 633 dinem
2071 579 2224 648 qnasi
2282 578 2522 631 deﬁniat.
2554 575 2619 629 Et
2653 576 2763 628 lucc
2810 572 3025 642 quidem
3058 572 3334 627 historice.

1933 848 2322 906 Aliirmaverim
2354 861 2515 917 porro
2542 845 2704 899 etiam
2733 843 2801 897 de
2848 840 2961 911 ipsa
3001 839 3203 895 Christi
3243 837 3428 893 Eccle-

1862 940 1940 994 sia
2012 940 2186 993 visum
2233 940 2333 991 hoc
2373 946 2497 1005 apte
2547 934 2805 1003 explicari
2859 946 3036 1000 posse.
3105 929 3431 983 Exercnerat

1862 1031 2005 1084 cnim
2038 1028 2373 1100 tyrannidem
2409 1026 2640 1081 Satanas
2701 1026 2754 1078 in
2808 1022 3062 1078 mortales
3128 1022 3427 1084 universos,

1862 1135 2189 1188 eramusque
2222 1118 2449 1188 captivi,
2492 1115 2781 1184 illinsjugo
2818 1112 3037 1167 subditi.
3073 1111 3268 1166 Verum
3314 1108 3433 1161 Sal-

1862 1212 2066 1266 vatoris
2103 1212 2277 1280 gratia
2323 1212 2439 1277 ejus
2489 1224 2659 1263 cornu
2696 1204 2972 1266 contrivit,
3023 1212 3077 1256 et
3126 1200 3429 1269 superbiam

1864 1302 2177 1356 attenuavit.
2212 1300 2591 1370 Triumphavit
2623 1298 2768 1353 enim
2831 1296 3122 1366 principes,
3175 1303 3231 1346 et
3278 1306 3429 1360 pote-

1864 1397 2051 1451 states,
2076 1400 2129 1443 et
2168 1390 2349 1444 mundi
2394 1397 2654 1450 rectores,
2696 1395 2749 1442 et
2783 1385 3120 1440 adversarias
3180 1384 3430 1445 virtutes,

1862 1483 2025 1553 667
2055 1481 2361 1552 eripuitque
2397 1494 2510 1540 nos.
2546 1489 2601 1532 et
2653 1479 2797 1533 illius
2848 1476 3080 1531 vinculis
3139 1474 3428 1542 expedivit.

1864 1573 2134 1629 Excitavit
2172 1571 2467 1627 Ecclesiam
2498 1580 2735 1625 nostram
2776 1583 2899 1623 vere
2922 1576 3179 1629 sanctam,
3200 1576 3255 1619 et
3294 1564 3432 1618 lautia

184 1662 344 1732 ἡμῶν
388 1662 490 1731 τὴν
525 1661 867 1732 Ἐκκλησίαν,
900 1663 996 1734 τὴν
1045 1665 1210 1733 ἁγίαν
1256 1666 1469 1737 ἀληθῶς
1508 1668 1604 1721 καὶ
1642 1668 1762 1721 δια·-

1873 1667 2097 1722 nobilem
2127 1666 2421 1729 civitatem,
2443 1663 2603 1716 latam
2637 1672 2691 1717 et
2717 1662 3105 1730 longissimam,
3128 1672 3287 1726 quam
3310 1671 3433 1710 cunt

184 1753 378 1821 ϐόητον
421 1752 616 1814 πόλιν,
663 1751 762 1822 τὴν
815 1751 1031 1823 εὐρεῖαν
1079 1755 1172 1806 καὶ
1222 1755 1660 1827 εὐμηκεστὰτην,
1692 1758 1757 1827 ἢν

1873 1760 2035 1813 lructu
2069 1757 2352 1812 incolimus
2373 1756 2640 1819 homines,
2666 1763 2720 1810 et
2745 1752 3008 1822 iumenta,
3039 1751 3141 1808 hoc
3171 1757 3257 1807 est
3312 1763 3434 1805 rer-

184 1842 559 1912 κατακάρπως
613 1842 911 1914 ᾠκήκαμεν
978 1844 1253 1914 ἄνθρωποί
1305 1864 1364 1899 τε
1419 1848 1513 1901 καὶ
1568 1849 1761 1919 κτήνη,

1873 1849 1932 1904 bo
1957 1847 2049 1903 Dei
2081 1846 2315 1902 instituti
2334 1847 2470 1915 jam,
2504 1856 2561 1901 et
2591 1845 2682 1915 qui
2719 1844 2787 1899 ad
2815 1845 2955 1898 hunc
2979 1843 3266 1898 terminum
3300 1857 3433 1895 nona

183 1932 467 1985 τουτέστιν
515 1934 565 1985 oi
612 1932 973 2003 λελογωμένοι
1011 1952 1070 1987 τε
1095 1935 1217 2007 ἤδη,
1248 1937 1342 1991 καὶ
1361 1938 1409 1993 οἱ
1434 1939 1602 2009 μήπω
1629 1940 1764 2009 πρὸς

1873 1938 1989 1993 dum
2018 1947 2395 2007 pervenerunt,
2435 1936 2750 2005 pervenient
2793 1945 2972 1991 autem
2998 1973 3013 1998 ,
3039 1942 3093 1989 et
3145 1948 3300 1989 sacra
3342 1933 3436 1988 do-

184 2026 339 2078 τοῦτο
385 2026 616 2095 ἥκοντες
662 2028 886 2096 μέτρου,
922 2027 1202 2098 μέλλοντες
1241 2029 1297 2083 δὲ
1346 2032 1439 2085 καὶ
1475 2048 1764 2102 μυσταγω-

1873 2029 2035 2081 ctrina
2056 2026 2230 2081 adhuc
2256 2026 2586 2081 imbuuntur.
2614 2025 2925 2080 Habitamus
2954 2024 3248 2090 civitatem,
3273 2035 3433 2093 quam

190 2116 471 2186 γούμενοι.
510 2118 932 2187 Κατῳκήκαμεν
976 2118 1153 2183 πόλιν,
1204 2120 1270 2191 ἢν
1322 2120 1486 2184 αὐτὸς
1539 2123 1763 2191 τειχίζει

1873 2120 2041 2174 munit
2068 2120 2183 2188 ipse
2203 2118 2452 2175 Christus
2478 2118 2703 2184 viribus,
2746 2125 2976 2189 quantas
2992 2117 3168 2172 oratio
3199 2116 3435 2185 comple-

186 2208 447 2279 Χριστὸς,
477 2208 736 2278 ἀρρήτοις
775 2208 1036 2276 δυνάμεσι
1068 2211 1424 2279 καταφλέγων
1471 2214 1598 2275 τοὺς
1636 2213 1763 2267 ἀνθ-

187 2302 508 2371 εστηκότας.
542 2302 635 2354 καὶ
677 2301 775 2370 τῆς
815 2301 1008 2356 ἑαυτοῦ
1053 2302 1212 2374 δόξης
1252 2304 1635 2375 ἀναπιμπλῶν,
1670 2305 1766 2359 καὶ

187 2391 294 2445 οἷον
315 2390 567 2463 ἑστηκὼς
587 2393 644 2444 ὲν
670 2392 819 2462 μέσῳ
844 2393 952 2448 τῶν
972 2394 1281 2457 οἰκούντων,
1306 2389 1386 2459 οἷς
1402 2396 1766 2466 έπηγγέλλετο

189 2483 389 2551 λέγων’
426 2503 444 2534 ι
470 2482 598 2535 Ἰδοὺ
628 2484 740 2550 ἐγὼ
765 2483 882 2553 μεθ’
906 2484 1059 2553 ὑμῶν
1088 2485 1205 2555 είμι
1234 2486 1412 2550 πάσας
1433 2488 1532 2550 τὰς
1555 2487 1767 2558 ἡμέρας

190 2576 291 2638 ἕως
321 2576 423 2645 τῆς
465 2575 772 2639 συντελείας
801 2575 896 2629 τοῦ
925 2576 1141 2640 αἰῶνος.
1173 2596 1192 2629 ι
1223 2578 1439 2647 Ταύτης
1477 2579 1576 2647 τῆς
1605 2580 1769 2646 ἁγίας

191 2668 398 2730 πόλεως
444 2667 778 2737 διεμέμνητό
819 2684 922 2720 που
977 2669 1067 2722 καὶ
1117 2671 1146 2724 ὁ
1195 2671 1489 2740 προφήτης
1520 2671 1767 2733 Ἡσαΐας,

191 2756 383 2824 λέγων·
422 2775 440 2807 ι
472 2759 534 2810 Οἱ
556 2757 824 2827 ὀφθαλμοί
850 2776 939 2811 σου
960 2759 1182 2828 ὃψονται
1218 2762 1593 2832 Ἰερουσαλὴμ,
1618 2762 1769 2825 πόλις

194 2846 447 2911 πλουσία,
486 2848 685 2917 σκηναὶ
732 2846 788 2900 αἳ
838 2849 897 2901 οὑ
954 2848 1027 2918 μὴ
1077 2848 1384 2915 σεισθῶσιν,
1438 2851 1547 2905 οὐδ’
1579 2851 1640 2904 οὐ
1694 2850 1769 2922 μὴ

193 2937 529 2989 σαλευθῶσιν
561 2939 610 2989 oi
651 2938 915 2992 πάσσαλοι
945 2939 1043 3008 τῆς
1082 2940 1284 3010 σκηνῆς
1330 2942 1517 3011 αὐτῆς,
1553 2943 1672 2995 οὐδὲ
1703 2943 1771 2997 τὰ

1863 2212 1938 2266 cti
1990 2209 2134 2265 nulla
2192 2218 2390 2281 potest,
2418 2223 2580 2265 urens
2631 2208 2987 2275 adversarios,
3030 2216 3087 2261 et
3125 2205 3292 2276 gloria
3337 2219 3434 2259 sua

1868 2302 2114 2372 impletis,
2135 2311 2191 2357 et
2216 2302 2371 2371 quasi
2398 2302 2451 2355 in
2478 2301 2653 2355 medio
2688 2299 3043 2355 habitantium
3094 2306 3263 2361 stans,
3319 2298 3439 2365 qui-

1869 2397 1968 2451 bus
1998 2396 2050 2449 id
2078 2394 2346 2465 promisit,
2373 2394 2424 2448 in
2460 2394 2572 2447 inec
2623 2391 2785 2446 verba
2818 2409 2878 2446 ει
2918 2391 3060 2445 Ecce
3108 2402 3208 2455 ego
3258 2387 3438 2441 vobis-

1868 2500 1990 2541 cum
2026 2500 2144 2554 sum
2172 2485 2423 2539 omnibus
2462 2482 2651 2538 diebus
2702 2496 2882 2551 usque
2910 2482 2975 2535 ad
3021 2480 3443 2534 consummatio.

1870 2592 1991 2631 nem
2022 2576 2200 2631 saeculi
2224 2576 2289 2629 ³¹.
2315 2589 2335 2623 ι
2357 2574 2527 2643 Hujus
2552 2559 2761 2628 sancta!
2782 2573 3019 2625 civitatis
3049 2570 3292 2624 meminit
3340 2568 3442 2621 alia-

1869 2669 1991 2723 cubi
2020 2668 2280 2736 propheta
2309 2681 2526 2737 quoque
2551 2664 2735 2727 lsaias,
2767 2664 2851 2718 his
2884 2663 3104 2718 verbis:
3137 2681 3156 2713 ι
3188 2660 3337 2716 Oculi
3362 2661 3437 2715 tui

1872 2761 2127 2815 videbunt
2153 2758 2472 2822 Jerusalem,
2499 2757 2693 2812 civitas
2725 2756 2892 2818 dives,
2943 2753 3287 2809 tabernacula
3321 2752 3441 2821 quae

1871 2866 1977 2905 non
2004 2849 2504 2912 commovebuntur,
2541 2860 2715 2917 neque
2744 2847 3099 2901 movebuntur
3126 2843 3311 2915 paxilli
3361 2855 3441 2898 ta-

1871 2941 2145 2997 bernaculi
2172 2940 2306 3010 ejus,
2331 2954 2506 3008 neque
2532 2937 2753 2993 funiculi
2778 2936 2895 3005 eius
2925 2934 3436 3005 disrumpcntur'h

191 3029 404 3098 σχοινία
439 3030 609 3100 αὐτῆς
636 3030 697 3083 ού
735 3032 809 3102 μὴ
842 3032 1196 3102 διαρραγῶσι.
1226 3052 1245 3085 ι
1284 3034 1391 3088 Καὶ
1425 3034 1560 3103 πρὸς
1601 3035 1764 3106 αὐτὴν

1874 3034 1937 3088 Ει
1966 3036 2136 3104 ipsam
2177 3033 2255 3089 sic
2284 3031 2594 3099 alloquitur.
2631 3048 2649 3081 ι
2682 3028 2853 3083 Dilata
2909 3028 3085 3082 locum
3115 3026 3441 3097 tabernaculi

188 3121 247 3174 δέ
288 3139 426 3192 φησι
449 3139 462 3153 ο
498 3141 516 3173 t
549 3122 820 3177 Πλάτυνον
854 3123 943 3178 τὸν
972 3125 1134 3177 τόπον
1169 3125 1268 3196 τῆς
1309 3126 1512 3197 σκηνῆς
1553 3143 1648 3180 σου
1675 3128 1764 3181 καὶ

1874 3127 1971 3191 tui,
2007 3134 2064 3180 et
2095 3123 2447 3179 tentoriorum
2474 3130 2705 3177 tuorum.
2748 3120 2898 3190 Fige,
2927 3134 2992 3174 ne
3025 3133 3237 3187 parcas,
3267 3118 3443 3171 adhuc

188 3213 299 3266 τῶν
328 3212 572 3267 ablata»;
602 3230 715 3267 σου.
749 3213 944 3285 Πῆξον,
983 3216 1057 3287 μὴ
1085 3216 1265 3289 φείσπγ
1290 3218 1371 3271 ἔτι
1406 3219 1483 3283 εἰς
1525 3219 1596 3273 τὰ
1622 3219 1773 3285 δεξιὰ

193 3305 287 3357 καὶ
322 3306 403 3367 εἰς
442 3305 512 3357 τὰ
542 3306 802 3376 ἀριστερὰ
830 3307 1147 3361 ἐκπέτασον.
1179 3326 1197 3359 ι
1236 3310 1637 3380 Κατευρύνεται
1665 3311 1772 3382 γὰρ

192 3396 228 3465 ἠ
264 3395 566 3465 Ἐκκλησία
616 3396 874 3466 Χριστοῦ,
918 3399 1013 3451 καὶ
1059 3400 1137 3461 είς
1181 3399 1407 3471 ἄπειρον
1451 3401 1771 3466 ἐκτείνεται,

190 3486 607 3557 ἀναριθμήτους
642 3487 727 3540 ἀεὶ
755 3488 1012 3559 δεχομένη
1049 3492 1176 3554 τοὺς
1217 3493 1653 3561 προσκυνοῦντας
1680 3495 1773 3549 αὐ-

1871 3219 1937 3271 ad
1961 3216 2233 3273 dexteram
2259 3223 2313 3270 et
2337 3215 2612 3270 sinistram
2642 3212 2806 3268 dilata
2836 3212 2902 3265 “.
2938 3226 2957 3262 ι
2995 3208 3257 3264 Dilatatur
3301 3208 3445 3261 eiiim

1874 3308 2110 3363 Ecclesia
2169 3306 2413 3372 Christi,
2462 3315 2516 3359 et
2565 3306 2618 3359 in
2690 3306 3011 3358 immensum
3089 3300 3397 3355 extenditur
3428 3338 3445 3361 ,

1873 3398 2293 3456 innumerabiles
2368 3413 2581 3470 semper
2648 3398 2826 3482 ipsum
2901 3396 3191 3453 adorantes
3275 3393 3451 3449 susci-

1874 3507 2045 3563 piens.

193 3579 311 3633 τόν.

270 3671 358 3734 Ὠ,
415 3665 464 3722 ὦ
511 3669 759 3738 φεύγετε
801 3671 870 3724 ἐκ
916 3672 1029 3741 γῆς
1070 3673 1283 3744 βορῤἇ,
1334 3675 1495 3746 λέγει
1537 3679 1772 3746 Κύριος,

191 3760 351 3814 διότι
403 3762 476 3815 ἐκ
530 3760 651 3815 τῶν
705 3762 1017 3832 τεσσάρων
1065 3766 1299 3836 ἀνέμων
1354 3768 1461 3823 τοῦ
1515 3770 1775 3837 οὐρανοῦ

193 3854 455 3917 συνάξω
506 3852 682 3923 ὑμᾶς,
723 3854 884 3924 λέγει
920 3858 1157 3925 Κύριος.
1204 3861 1310 3925 Εἰς
1346 3860 1501 3913 Σιὼν
1545 3862 1781 3917 dracti)-

194 3942 375 4003 (ἵεσθε
418 3947 472 3996 οι
511 3945 929 4012 κατοικοῦντες
958 3950 1249 4018 θυγατέρα
1274 3954 1649 4018 Βαϐυλωνος.

1880 3965 2188 4035 Babylonis.

276 4036 377 4088 lB'.
436 4036 845 4104 Ἐπιστυγνάζει
886 4040 985 4107 μὲν
1024 4039 1215 4113 ὥσπερ
1248 4045 1359 4106 τοῖς
1400 4044 1630 4098 παθοῦσι
1679 4046 1764 4117 rip

389 4125 405 4143 ς
511 4126 522 4141 .
677 4128 690 4143 .
778 4127 829 4143 α.
1086 4133 1097 4143 .
1211 4133 1275 4143 .-
1409 4134 1419 4143 .
1578 4136 1590 4143 .

1954 4055 2067 4113 XII.
2092 4054 2399 4129 lngemiscit
2421 4056 2819 4128 quodammodo
2843 4071 3007 4126 super
3030 4054 3096 4109 iis
3141 4055 3232 4124 qui
3257 4052 3451 4129 captivi

194 4125 613 4195 αἰχμαλωσίαν,
662 4128 736 4190 ὡς
772 4127 1048 4183 δύσοιστον
1074 4133 1333 4186 ἀνατλᾶσι
1370 4134 1466 4209 τὴν
1508 4136 1764 4193 ταλαιπω-

211 4218 256 4236 -.
995 4225 1130 4236 η.-
1301 4228 1743 4236 ..--_

1884 4151 2125 4216 fuerant,
2155 4124 2214 4203 ut
2263 4124 2501 4203 aerumna
2552 4147 2880 4215 intolerabili
2914 4124 3179 4201 exercitis
3228 4159 3244 4200 :
3294 4124 3455 4214 atque

196 4218 359 4325 ρεανέ
395 4220 487 4323 καὶ
514 4217 580 4290 δὴ
613 4219 709 4273 καὶ
742 4221 1196 4292 ἀπονοσφίζεσθαι
1235 4228 1445 4282 κελεύει
1474 4231 1657 4284 λοιπὸν
1681 4232 1764 4302 τῆς

1886 4244 2049 4299 etiam
2084 4242 2147 4296 de
2181 4251 2377 4297 caetero
2408 4239 2666 4296 decedere
2686 4236 3055 4295 Chaldaeorum
3090 4248 3233 4294 terra
3264 4239 3451 4293 horta-

192 4310 497 4415 ξαλδαίων
533 4310 737 4419 χώρας,
775 4313 851 4376 ὡς
900 4316 1018 4369 ἐνὸν
1062 4318 1161 4389 ήδη
1202 4319 1358 4372 τοῦτο
1399 4320 1529 4392 δρᾷν
1573 4323 1764 4385 αὐτοῖς

1883 4340 1989 4396 tur,
2009 4331 2150 4402 quod
2179 4328 2282 4386 illis
2304 4332 2414 4401 jam
2441 4331 2581 4385 istud
2604 4329 2783 4385 facere
2809 4331 3019 4386 nemine
3040 4339 3253 4385 vetante
3278 4329 3457 4403 liceat,

191 4404 549 4471 ἐξείργοντος
584 4404 814 4469 οὐδενὸς,
858 4406 1023 4460 αὑτοῦ
1048 4425 1109 4461 τε
1150 4410 1494 4479 συλλέγοντος
1525 4416 1589 4467 ὲκ
1619 4416 1764 4468 τόποι

1888 4435 1938 4479 et
1973 4426 2087 4493 ipse
2127 4423 2361 4479 hostium
2406 4422 2851 4491 impressionibus
2899 4414 3183 4492 dispersos
3218 4420 3454 4491 colligat.

192 4492 412 4554 παντὸς
439 4495 567 4555 τοὺς
592 4498 709 4558 ταῖς
736 4496 845 4551 τῶν
873 4499 1148 4569 πολεμίων
1170 4503 1491 4573 προσϐολαῖς
1527 4522 1764 4560 κατεσκε·

1890 4492 2082 4572 Filiam
2112 4529 2274 4585 porro
2291 4512 2577 4585 Babylonis
2600 4522 2653 4569 et
2673 4522 2869 4568 terram
2898 4511 3163 4581 aquilonis
3188 4508 3459 4566 Chaldaeo-

188 4582 533 4694 ἶασμςῗνους.
585 4586 869 4661 Θυγατέρα
912 4592 968 4645 δὲ
1014 4593 1362 4660 Βαϐυλῶνος,
1419 4599 1511 4652 καὶ
1557 4601 1660 4670 γῆν
1694 4604 1764 4655 τοὶ

1896 4621 2014 4661 rum
2031 4607 2300 4675 regionem
2321 4606 2580 4659 nominat.
2598 4602 2919 4673 Metropoles
2932 4602 3075 4657 enim
3094 4601 3214 4654 aliis
3236 4599 3460 4655 urbibus

190 4674 409 4747 βορρᾶ,
456 4676 559 4747 τὴν
598 4679 708 4731 τῶν
751 4682 1032 4738 Χαλδαίων
1051 4684 1235 4757 χώραν
1276 4687 1548 4758 ὀνομάζει.
1580 4693 1645 4744 Δί
1681 4694 1764 4766 γὰι

1897 4696 2000 4751 sibi
2023 4674 2281 4763 subjectis
2299 4695 2469 4750 instar
2497 4704 2731 4748 matrum
2764 4701 2910 4748 sunt.
2930 4691 3307 4747 Chaldaeorum
3334 4704 3462 4743 vero

194 4770 584 4839 μητροπόλεις
610 4772 673 4824 ὲν
692 4773 842 4838 τάξει
874 4776 1125 4847 μητέρων
1146 4778 1411 4833 τέθεινται
1433 4784 1555 4845 ταῖς
1580 4783 1764 4847 ἄλλαις

1901 4783 2046 4852 regio
2065 4782 2373 4852 aquilonem
2391 4782 2866 4837 interetorientem
2889 4783 2988 4837 sita
3006 4789 3110 4836 est.
3130 4779 3196 4834 Et
3220 4780 3320 4833 ista
3344 4779 3463 4847 qui-

1944 3690 2110 3750 Veiis.
2144 3692 2206 3760 6,
2235 3688 2287 3748 7.
2322 3690 2399 3757 Ο,
2426 3707 2455 3745 ο
2502 3689 2665 3760 fugite
2705 3689 2767 3744 de
2810 3697 2950 3743 terra
2990 3685 3281 3757 aquilonis,
3314 3686 3446 3739 dicit

1876 3785 2135 3841 Dominus
2158 3801 2177 3837 :
2201 3785 2321 3858 quia
2347 3787 2410 3838 de
2430 3794 2655 3853 quatuor
2681 3777 2841 3835 ventis
2862 3785 2982 3839 caeli
2999 3775 3316 3853 congregabo
3339 3801 3447 3846 vos,

1877 3878 2003 3930 dicit
2029 3876 2303 3929 Dominus.
2327 3873 2393 3926 In
2423 3872 2549 3928 Sion
2578 3870 2984 3947 salvantiniyqui
3011 3874 3258 3928 habitatis
3283 3874 3449 3942 ﬁliam

190 4859 252 4911 αἳ
291 4859 602 4930 πράττοιεν
637 4861 704 4915 ἂν
730 4864 818 4915 ὑπ’
844 4865 1053 4928 αὑταῖς.
1084 4864 1405 4939 Βορειοτέρα
1449 4869 1507 4921 δέ
1542 4887 1660 4935 πως
1698 4888 1764 4924 κα

1902 4873 2022 4926 dem
2041 4890 2068 4927 a
2090 4873 2242 4929 nobis
2259 4879 2551 4928 secundum
2574 4873 2853 4928 historiam
2880 4873 3020 4928 dicta
3042 4887 3253 4928 rursum
3278 4880 3459 4927 sunto.

186 4948 343 5096 «:3,-
372 4948 461 5015 ἠὼ
491 4950 744 5019 κειμένη,
776 4950 884 5004 τῶν
913 4953 1196 5008 Χαλδαίων
1232 4956 1267 5025 ἡ
1308 4955 1481 5028 χώρα.
1521 4960 1631 5014 Καὶ
1669 4962 1826 5015 ταυτὶ
1867 4963 1965 5032 μὲν
1997 4965 2149 5034 ἡμῖν,
2178 4963 2252 5028 ὡς
2294 4963 2433 5036 πρός
2476 4981 2539 5034 γε
2606 4964 2674 5019 τὰ
2706 4965 2771 5019 ὲκ
2816 4964 2915 5029 τῆς
2960 4963 3198 5033 ἱστορίας
3230 4961 3466 5033 εἰρήσθω

191 5060 237 5094 τ
300 5062 406 5095 .ιν.

191 5060 406 5095 παλιν.

268 5134 614 5203 Μεταφοιτᾷ
642 5132 701 5185 δὲ
737 5134 765 5185 ό
795 5132 951 5201 λόγος
985 5134 1063 5196 είς
1103 5134 1334 5206 θεωρίαν
1366 5135 1463 5207 τὴν
1507 5155 1764 5209 πνεύματι

1979 5138 2202 5195 Transit
2221 5150 2397 5195 autem
2421 5156 2602 5197 sermo
2619 5142 2684 5196 ad
2701 5141 3184 5197 considerationem
3205 5139 3463 5207 Spit-iuta-

186 5225 329 5297 κήν,
363 5226 467 5277 καὶ
506 5224 565 5276 τὸ
592 5223 689 5277 τοῦ
720 5224 971 5295 Σωτῆρος
999 5225 1099 5296 ἤδη
1122 5244 1237 5290 πως
1264 5229 1591 5298 είσκρίνεται
1616 5230 1759 5300 πρόσ

1873 5227 2022 5302 _lem,
2044 5239 2097 5284 ct
2123 5244 2409 5298 personam
2436 5230 2731 5286 Salvatoris
2753 5232 3004 5301 deinceps
3038 5230 3294 5293 insinuat,
3322 5228 3463 5285 dulci

182 5332 385 5375 ωπον.
453 5312 1023 5383 καταγλυκαινομένου
1083 5313 1282 5383 τρόπον
1328 5315 1484 5381 τινὰ,
1538 5317 1696 5386 μόνον
1738 5317 1764 5368 δ

1902 5320 2093 5377 affectu
2130 5323 2291 5377 veluti
2342 5323 2721 5391 liquescentis,
2752 5329 2807 5375 et
2842 5318 3225 5390 propemodum
3257 5318 3467 5391 illacry-

183 5408 320 5478 οὐχὶ
374 5404 479 5457 καὶ
511 5403 935 5474 ἐπιδακρύοντος
965 5407 1074 5467 τοῖς
1114 5406 1207 5458 ἐπὶ
1236 5406 1333 5476 τῆς
1361 5406 1484 5475 γῆς,
1514 5408 1600 5460 διά
1629 5425 1711 5461 τοι
1738 5426 1764 5460 τ

1905 5414 2103 5469 mantis
2117 5413 2450 5479 mortalibus,
2484 5414 2607 5484 quia
2621 5428 2808 5468 omnes
2822 5414 2886 5468 ad
2902 5424 3187 5483 tyrannum
3207 5414 3465 5469 Satanam

182 5500 432 5558 πάντας
460 5495 555 5566 τὴν
584 5495 679 5549 τοῦ
696 5497 1129 5566 τυραννήσαντος
1150 5498 1362 5552 Σατανᾶ
1388 5497 1638 5570 λατρείαν
1668 5501 1764 5553 ὑπο

1903 5505 2184 5559 colendum
2226 5515 2533 5574 properent,
2553 5514 2601 5559 et
2628 5506 2700 5560 illi
2735 5507 2972 5562 serviant
2996 5506 3309 5563 servitutum
3336 5506 3468 5562 adeo

267 5677 320 5708 "
360 5672 557 5731 Matth.
592 5691 794 5744 ututi,
830 5674 917 5727 20.
995 5677 1038 5708 ³³
1069 5678 1166 5731 lsa.
1204 5693 1397 5743 xxxnt,
1430 5678 1518 5734 ευ.
1597 5680 1640 5711 ³³
1679 5679 1779 5735 lsa.
1810 5696 1916 5748 Liv,
1953 5680 2007 5735 2.
