3936 6318
463 199 536 253 ss
1452 194 1514 251 s.
1553 162 1833 253 mnu
1876 192 2349 252 Atexsunmm
2381 192 2701 251 AltClllEP.
2923 206 2928 213 -
3665 200 3729 253 ω

467 314 704 381 horarct,
740 319 817 375 Aet
870 311 1011 383 quod
1065 309 1300 382 perierat
1351 310 1420 366 ad
1489 312 1720 368 salutem
1788 312 2042 367 restitue-

2152 311 2632 383 συντετριμμένον,
2683 308 2934 385 νευρώσῃ
2972 308 3031 364 τὸ
3075 309 3402 383 ἠσθενηκδς,
3448 312 3729 386 ἀνορθὼσῃ

1094 410 1109 419 κ

464 412 547 457 ret
571 402 639 457 ".

540 574 701 634 Vens.
738 571 919 633 10-12.
950 575 1222 633 Deiectare
1261 588 1308 633 et
1348 578 1544 649 gaude,
1574 578 1691 648 filia
1733 579 1893 648 Sion,
1918 582 2043 651 quia

458 687 577 724 ecce
602 685 693 740 ego
722 671 866 723 conio
886 709 900 734 ,
930 678 977 723 et
1006 668 1255 723 habitabo
1286 670 1341 722 in
1370 670 1541 723 medio
1571 670 1647 723 tui
1666 709 1681 735 ,
1705 670 1829 724 dicit
1862 670 2065 723 Domio,

466 779 585 815 nus.
620 762 687 815 Et
713 761 1014 831 confugient
1046 775 1221 831 gentes
1254 762 1435 816 multa:
1465 762 1533 816 ad
1566 760 1848 817 Dominum
1882 762 1936 816 in
1957 763 2045 816 die

459 855 587 920 illa,
611 863 657 907 et
692 862 844 907 erunt
877 854 925 907 ei
955 854 1010 907 in
1040 853 1328 923 populum,
1355 864 1403 908 et
1440 853 1747 908 habitabant
1782 854 1838 908 in
1872 855 2044 909 medio

461 946 572 1012 tui,
600 955 645 999 et
680 945 810 999 scies
865 945 1117 1015 quoniam
1150 944 1406 999 Dominus
1438 945 1764 1014 omnipotens
1792 946 1935 1000 misit
1964 964 2044 1001 me

2145 404 2207 456 τὸ
2234 404 2698 475 κατεῤῥαγμένον,
2730 403 2984 466 εὐσθενὲς
3018 402 3276 476 ἀποφήνῃ
3305 404 3366 458 τὸ
3395 402 3613 473 ἄναλκι,
3643 404 3731 460 θε-

2150 493 2403 565 ραπεύσῃ
2438 495 2501 549 τὸ
2527 494 2828 559 ἀπολωλός.
3055 560 3057 562 η

2226 586 2450 655 Τέρπου
2501 587 2600 641 καὶ
2658 588 3007 657 εὐφραίνου,
3055 590 3305 659 θύγατερ
3354 589 3538 655 Σιὼν,
3588 589 3735 643 διότι

2151 679 2280 733 ίδοὺ
2328 678 2445 749 ἐγὼ
2492 678 2761 749 ἔρχομαι,
2808 680 2909 735 καὶ
2963 681 3414 749 κατασκηνώσει)
3456 682 3527 736 ἐν
3568 683 3738 751 μέσῳ

2151 787 2303 834 σου,
2352 770 2514 840 λέγει
2576 770 2812 839 Κύριος.
2881 770 2994 826 Καὶ
3052 772 3529 841 καταφεύξοντιιι
3591 773 3734 840 ἔθνη

2150 864 2355 918 πολλὰ
2382 864 2481 918 ἐπὶ
2525 864 2634 918 τὸν
2668 865 2892 933 Κύριον
2917 864 2989 919 ἐν
3029 865 3105 935 τῇ
3144 866 3336 936 ἡμέρᾳ
3370 867 3599 934 ἐκείνῃ,
3639 866 3738 920 καὶ

2149 950 2399 1007 ἔσονται
2425 952 2586 1018 αὐτῷ
2610 954 2696 1020 είς
2718 952 2897 1018 λαὸν,
2928 954 3027 1009 καὶ
3056 954 3643 1023 κατασκηνώσουσιν
3669 956 3740 1009 ἐν

456 1037 534 1090 ad
577 1048 648 1091 te.
684 1036 750 1090 Et
790 1036 1071 1106 possidebit
1111 1035 1367 1089 Dominus
1403 1034 1604 1089 ludam
1644 1047 1846 1104 partem
1891 1054 2042 1091 suam

2152 1044 2311 1113 μέσῳ
2350 1062 2490 1109 σου,
2531 1047 2631 1101 καὶ
2669 1045 2977 1117 ἑπιγνώσῃ
3034 1048 3125 1102 ὅτι
3156 1049 3373 1116 Κύριος
3405 1034 3739 1115 παντοκρά-

463 1146 619 1197 super
648 1138 842 1183 terram
871 1138 1133 1193 sanctam,
1160 1139 1208 1183 et
1240 1129 1391 1199 eliget
1419 1128 1590 1183 adhuc
1613 1128 1931 1186 Jerusalem.

2145 1151 2260 1205 τωρ
2292 1135 2709 1201 ἐξαπέσταικό
2746 1154 2824 1207 με
2874 1138 3027 1208 πρὸς
3070 1139 3170 1197 σέ.
3213 1141 3325 1195 Καὶ
3362 1142 3736 1208 κατακληροο

460 1222 715 1292 νομήσει
755 1224 971 1291 Κύριος
1009 1222 1117 1277 τὸν
1164 1223 1390 1278 Ἰούδαν
1442 1222 1558 1292 τὴν
1603 1222 1819 1293 μερίδα
1856 1223 2043 1279 αὐτοῦ
2080 1226 2177 1283 ἐπὶ
2210 1234 2327 1300 τὴν
2350 1231 2470 1301 γῆν
2525 1229 2643 1300 τὴν
2699 1232 2899 1301 ἁγίαν,
2933 1232 3032 1288 καί
3081 1234 3328 1303 αἱρετιεῖ
3350 1236 3439 1291 ἔτι
3472 1237 3589 1304 τὴν
3638 1235 3737 1290 Ἱε-

456 1315 801 1386 ρουσαλήμ.

536 1415 652 1471 XV.
683 1415 748 1468 Et
775 1414 901 1469 hinc
931 1426 1259 1482 cognoscere
1310 1410 1514 1483 poteris
1547 1424 1812 1481 supremas
1846 1408 2045 1467 laetitia

457 1506 751 1562 materiam
795 1503 1115 1559 mortalibus
1155 1503 1394 1558 futurum
1435 1501 1737 1558 Salvatoris
1777 1503 1833 1557 in
1864 1512 2045 1558 terras

462 1598 778 1652 adventum.
810 1595 1076 1650 Delectari
1104 1594 1322 1649 ctenim
1361 1603 1417 1649 et
1446 1593 1612 1649 laetari
1642 1593 2047 1664 omninojussit
2079 1625 2121 1681 Β

386 1752 389 1753 ν
458 1688 801 1759 spiritualcm
840 1685 998 1751 Sion,
1031 1701 1153 1756 quae
1194 1697 1278 1741 est
1314 1684 1555 1763 Ecclesia
1598 1683 1690 1739 Dei
1727 1685 1957 1740 viventis
1976 1682 2055 1748 ‘9,

460 1786 578 1838 sive
611 1783 725 1851 ipsa
758 1794 856 1851 per
890 1779 1048 1834 ﬁdem
1083 1777 1419 1834 salvatorum
1453 1776 1824 1832 sacratissima
1862 1775 2047 1829 multi-

458 1875 616 1930 tudo.
646 1869 919 1926 Promittit
950 1877 1129 1923 autem
1157 1882 1218 1923 se
1245 1876 1528 1922 venturum
1552 1906 1568 1933 ,
1595 1876 1648 1923 et
1674 1880 1899 1936 prorsus
1924 1879 2047 1921 cum

464 1965 598 2035 ipsis
641 1962 905 2017 futurum.
950 1944 1135 2029 inquit
1177 1958 1322 2013 enim
1373 1957 1591 2014 divinus
1627 1956 1867 2013 Joannes
1887 1957 1958 2023 '°,
1989 1956 2046 2012 1n

462 2054 669 2111 mundo
710 2061 858 2121 erat,
888 2060 948 2108 et
981 2065 1011 2105 a
1048 2050 1313 2106 creaturis
1344 2050 1459 2105 suis
1493 2064 1598 2104 non
1634 2048 2048 2119 disjungebatur

468 2146 614 2203 Deus
638 2145 874 2201 Verbum
914 2162 929 2198 :
964 2141 1211 2212 sed'ipse
1240 2141 1406 2195 vitam
1436 2140 1740 2197 viventibus
1770 2140 2049 2209 impertie-

466 2242 583 2305 bat,
609 2246 664 2293 et
682 2236 1016 2301 continebat,
1042 2242 1206 2304 atque
1233 2232 1590 2288 conservabat
1613 2232 1798 2290 omnia
1823 2241 1882 2288 ut
1910 2222 2046 2289 béne

465 2339 651 2387 essent
702 2338 758 2385 et
785 2328 1064 2394 viverent;
1100 2344 1118 2379 ι
1159 2325 1269 2382 Sed
1299 2329 1534 2381 mundus
1566 2340 1689 2380 eum
1718 2338 1825 2380 non
1849 2311 2050 2396 cogno-

462 2422 639 2477 vit".
684 2439 705 2472 ι
752 2418 1014 2475 Adoravit
1059 2415 1205 2471 enim
1254 2424 1563 2471 creaturam
1591 2417 1661 2473 δ’.
1697 2416 1820 2471 Fuit
1866 2425 2047 2471 autem

462 2514 771 2576 nobiscum,
795 2506 1405 2581 quando,similitudine
1431 2516 1623 2561 nostra
1655 2516 1927 2576 suscepta,
1949 2522 2051 2578 per

464 2615 705 2663 sanctam
724 2601 1001 2673 Virginem
1029 2606 1212 2662 natus,
1250 2615 1269 2650 ι
1292 2595 1431 2653 Ειίιι
1463 2598 1625 2653 terris
1647 2598 1818 2663 visus,
1840 2608 1898 2653 et
1925 2614 2047 2654 cum

465 2693 780 2750 hominibus
814 2695 1169 2743 conversatus
1204 2694 1288 2741 est
1309 2686 1377 2741 ⁵³.
1411 2703 1430 2736 ι
1468 2685 1721 2742 Testatur
1751 2687 1892 2742 idem
1925 2703 2051 2744 san-

465 2794 589 2840 ctus
613 2782 783 2839 David
807 2799 822 2836 :
851 2800 870 2834 ι
897 2778 1037 2835 Deus
1064 2777 1353 2834 manifeste
1381 2777 1581 2843 veniet,
1609 2777 1748 2834 Deus
1765 2789 1970 2846 noster,
1996 2789 2052 2837 et

469 2893 576 2931 non
609 2876 787 2931 silebit
808 2874 876 2928 ".
919 2891 938 2926 ι
981 2872 1132 2925 Tunc
1164 2877 1219 2925 et
1246 2868 1499 2939 gentibus
1535 2868 1913 2926 maniiestatus
1944 2879 2047 2927 est.

2205 1404 2324 1466 'lE'.
2367 1411 2677 1468 Κάντεῢθεν
2714 1413 2783 1469 ἂν
2811 1414 3026 1484 μάθοις,
3055 1415 3132 1479 ὡς
3162 1414 3315 1471 ἔσται
3344 1420 3445 1488 τῆς
3474 1418 3735 1475 ἀνωτάτω

2153 1499 2419 1587 θυμηδίας
2451 1504 2706 1569 ὑπόθεσις
2741 1509 2855 1569 τοῖς
2880 1507 2974 1560 ἐπὶ
3001 1506 3104 1578 τῆς
3135 1507 3238 1579 γῆς
3278 1509 3371 1563 τοῦ
3405 1511 3658 1584 Σωτῆρος
3701 1518 3733 1587 ή

2153 1590 2443 1663 παρουσία.
2474 1592 2784 1664 Τέρπεσθαι
2809 1594 2918 1666 γὰρ
2960 1595 3054 1649 καὶ⁵
3085 1595 3473 1666 εὐφραίνεσθαι
3503 1604 3735 1672 προστέ-

2150 1699 2314 1752 ταχεν
2343 1683 2656 1752 ἀναγκαίως
2683 1685 2782 1755 τὴν
2807 1686 3004 1757 νοητήν
3021 1686 3313 1759 Σιὼν,ήτις
3341 1690 3488 1745 ἐστὶν
3514 1692 3737 1764 Ἐκκλη-

2151 1775 2244 1830 σία
2273 1773 2410 1829 Θεοῦ
2444 1776 2665 1840 ζῶντος,
2703 1778 2870 1847 ήγουν
2916 1779 3055 1850 αὐτή
3076 1779 3196 1833 τῶν
3238 1779 3329 1835 διὰ
3360 1785 3598 1848 πίστεως
3648 1802 3737 1838 σε-

2151 1867 2446 1938 σωσμένων
2480 1870 2514 1938 ή
2550 1869 2820 1939 ἱερωτάτη
2861 1868 3091 1941 πληθύς.
3126 1872 3617 1943 Κατεπηγγέλλετο
3655 1876 3733 1941 δὲ,

2145 1959 2233 2013 ὅτι
2280 1958 2374 2012 καὶ
2401 1958 2542 2029 ἥξει,
2588 1960 2681 2013 καὶ
2725 1958 2879 2013 ἔσται
2910 1959 2975 2032 δὴ
3008 1961 3225 2025 πάντως
3267 1964 3326 2016 ὲν
3359 1963 3510 2034 μέσῳ
3540 1966 3732 2035 αὐτῆς.

2160 2048 2323 2119 Ἡμῖν
2342 2048 2451 2120 γάρ
2481 2065 2643 2119 φησιν
2664 2049 2692 2101 6
2723 2047 3008 2113 θεσπέσιος
3023 2049 3292 2121 ἰωάννηςο
3320 2050 3409 2106 Ἐν
3436 2050 3515 2122 τῷ
3546 2054 3737 2126 κόσμῳ

2148 2136 2239 2211 ἦν,
2271 2142 2366 2196 καὶ
2391 2140 2500 2195 τῶν
2533 2140 2699 2195 αὐτοῦ
2726 2140 3043 2212 κτισμάτων
3072 2143 3171 2197 οὐκ
3192 2144 3586 2216 ἁπενοσφίζετο
3604 2145 3737 2211 Θεὸς

2148 2233 2224 2288 ῶν
2267 2235 2297 2286 6
2342 2233 2539 2302 Λόγος,
2570 2232 2686 2286 ἀλλ’
2716 2229 2784 2305 ἦν
2827 2231 2991 2297 αὐτὸς
3024 2231 3302 2298 ξωοποιῶν
3343 2237 3413 2291 τὰ
3443 2237 3586 2309 ζωῆς
3616 2257 3739 2310 μετ-

2154 2324 2367 2394 έχοντα,
2399 2324 2494 2377 καὶ
2519 2322 2760 2395 συνέχων
2790 2323 2861 2378 τὰ
2880 2324 3059 2380 πάντα
3106 2325 3245 2397 πρὸς
3287 2326 3348 2380 τὸ
3379 2323 3438 2382 εὖ
3471 2324 3607 2383 εῖναι
3642 2332 3738 2384 καὶ

2150 2414 2285 2486 ζῇν*
2327 2435 2349 2471 ι
2397 2414 2538 2468 Ἀλλ’
2566 2416 2596 2469 6
2630 2416 2835 2487 κόσμος
2880 2415 3042 2470 αὐτὸν
3079 2416 3179 2470 οὐκ
3209 2415 3385 2487 ἔγνως
3426 2439 3445 2472 ι
3495 2422 3738 2493 Προσχε..

2153 2506 2361 2577 κύνηκε
2399 2504 2508 2577 γὰρ
2554 2508 2622 2578 τῇ
2671 2506 2865 2560 κτίσει.
2915 2507 3112 2574 Γέγονε
3159 2507 3225 2561 δὲ
3276 2509 3395 2581 μεθ’
3423 2513 3600 2582 ἡμῶν,
3646 2513 3737 2567 ὅτε

2150 2598 2251 2670 τὴν
2288 2598 2409 2652 καθ’
2444 2599 2593 2669 ἡμᾶς
2638 2597 2896 2669 ὁμοίωσιν
2940 2599 3259 2664 ἀναλαϐὼν,
3293 2600 3381 2655 διὰ
3428 2603 3529 2673 τῆς
3577 2604 3739 2673 ἁγίας

2150 2691 2417 2763 ἐγεννήθη
2448 2691 2755 2763 Παρθένου,
2807 2709 2826 2743 ι
2864 2691 2993 2745 Ὅτε
3024 2694 3118 2746 καὶ
3156 2693 3249 2746 ἐπὶ
3292 2694 3396 2764 γῆς
3428 2693 3606 2765 ὤφθη,
3646 2697 3740 2750 καὶ

2149 2786 2263 2849 τοῖς
2314 2784 2626 2855 ἀνθρώποις
2677 2784 3119 2856 συνανεστρὰφη.
3173 2804 3191 2835 ι
3235 2786 3348 2840 Καὶ
3395 2788 3739 2859 μαρτυρήσει

2151 2874 2325 2943 λέγων
2367 2874 2396 2927 6
2425 2872 2713 2937 θεσπέσιος
2742 2871 2906 2926 Δαὸίδ
2926 2889 2941 2904 ·
2981 2891 3000 2925 ι
3047 2874 3106 2927 '0
3135 2874 3268 2937 Θεὸς
3297 2875 3559 2945 ἐμφανῶς
3593 2876 3737 2948 ἥξει,

466 2969 584 3024 Non
620 2968 764 3024 enim
796 2964 1026 3036 amplius
1060 2961 1419 3018 lsraeliticum
1451 2976 1626 3032 genus
1678 2963 2047 3019 tantummodo

2152 2966 2180 3019 6
2212 2966 2344 3029 Θεὸς
2385 2964 2563 3037 ήμῶν,
2607 2965 2703 3019 καὶ
2743 2964 2805 3018 οὐ
2852 2968 3365 3037 παρασιωπήσεται.
3416 2986 3436 3021 ι
3473 2968 3609 3022 Τότε
3641 2972 3740 3039 γέ-

464 3079 564 3135 per
593 3071 745 3116 vetus
775 3060 902 3114 illud
936 3057 1246 3112 mandatum
1273 3057 1557 3114 erudiebat
1583 3074 1596 3111 :
1620 3058 1863 3128 quinimo
1885 3074 2053 3116 eratn-

464 3154 656 3226 geticis
689 3148 1169 3222 pmdicatioruibus
1197 3155 1347 3205 totus
1398 3148 1497 3204 sub
1552 3148 1845 3222 sole671
1903 3150 2053 3208 orbis

464 3242 836 3305 inaurabatur,
862 3249 917 3294 et
941 3239 1118 3293 evasit
1139 3237 1192 3291 in
1213 3238 1361 3292 omni
1382 3247 1542 3308 gente
1558 3247 1614 3294 et
1632 3240 1685 3293 in
1710 3241 1856 3296 omni
1874 3241 2051 3312 regio-

466 3350 538 3390 ne
565 3346 819 3402 magnum
839 3344 1033 3384 nomen
1052 3327 1172 3397 eius
1186 3329 1260 3386 ".
1280 3329 1402 3399 Ipse
1421 3329 1565 3385 enim
1598 3339 1720 3385 erat
1735 3333 2052 3401 exspectatio

465 3424 729 3495 gentium,
744 3421 897 3491 juxta
915 3421 1235 3491 prophetam
1260 3421 1329 3487 ⁵⁸,
1356 3422 1526 3490 etipsi
1552 3422 1872 3478 curvabitur
1892 3441 1912 3476 ι
1936 3439 2052 3479 om-

466 3532 539 3572 ne
561 3530 725 3587 genu,
771 3513 1099 3577 cmlestium,
1135 3513 1476 3567 terrestrium
1514 3523 1571 3569 et
1600 3513 1969 3581 infernorum;
1997 3524 2053 3571 et

468 3606 845 3676 omnislingua
881 3604 1230 3660 conﬁtebitur
1250 3605 1378 3673 quia
1410 3603 1671 3661 Dominus
1700 3605 1858 3661 Jesus
1891 3604 2050 3661 Citri-

466 3708 585 3756 stus
603 3699 656 3753 in
675 3696 843 3770 gloria
860 3706 944 3752 est
962 3695 1055 3752 Dei
1073 3694 1253 3753 Patris
1270 3696 1336 3754 ⁵⁷.
1350 3696 1938 3752 iCuncurreruntenim
1956 3710 2051 3766 per

466 3794 629 3849 ﬁdem
667 3792 721 3845 in
754 3790 963 3859 ipsum,
993 3796 1048 3843 et
1083 3802 1204 3843 cum
1242 3788 1357 3858 ipso
1391 3788 1704 3844 habitarunt
1736 3788 1789 3843 in
1827 3796 2048 3855 sancta,

464 3896 521 3943 et
554 3899 674 3955 quae
707 3884 969 3939 duntaxat
1016 3880 1335 3953 intelligitur
1366 3881 1531 3949 Sion,
1575 3882 1666 3952 qui
1717 3881 1963 3937 habitant
1993 3881 2047 3935 in

465 3978 672 4033 ultimis
724 3976 909 4031 mundi
961 3976 1191 4041 tinibus,
1240 3987 1724 4047 cognoveruntque
1768 3973 2053 4044 perspicue

467 4058 636 4125 Deum
684 4068 766 4123 sic
808 4067 1064 4123 dilexisse
1106 4067 1396 4133 mundum,
1434 4084 1453 4117 ι
1505 4075 1563 4120 ιιι
1603 4066 1815 4121 dederit
1851 4066 2045 4119 Filium

462 4177 624 4217 suum
655 4159 1021 4230 unigenitum,
1047 4166 1108 4211 ut
1136 4157 1317 4211 omnis
1344 4156 1435 4226 qui
1468 4155 1644 4210 credit
1669 4155 1722 4209 in
1751 4169 1875 4209 eum
1894 4194 1909 4220 ,
1942 4172 2047 4210 non

464 4261 678 4324 pereat,
706 4250 797 4305 sed
835 4250 1030 4305 habeat
1058 4249 1228 4304 vitam
1264 4247 1615 4302 aeternam“.
1658 4263 1677 4298 ι
1719 4245 1866 4302 Misit
1899 4248 2043 4303 enim

464 4313 637 4400 nobis
664 4313 735 4399 de
773 4342 915 4399 calo
952 4341 1149 4397 Filium
1191 4355 1349 4396 suum
1394 4339 1577 4404 Pater,
1611 4337 1947 4395 Salvatorem
1990 4349 2045 4395 et
2076 4313 2120 4368 θ

466 4438 984 4506 Ιὶοιιειηυιοτεηι.υι
1006 4434 1293 4489 credentes
1323 4433 1376 4487 in
1410 4431 1583 4497 illum,
1603 4432 1657 4486 in
1688 4432 1804 4501 ipso
1828 4430 2040 4486 Patrem

466 4530 774 4593 videamus,
801 4538 856 4585 et
884 4536 941 4583 ut
966 4540 1276 4595 expressam
1311 4523 1570 4595 genitoris
1603 4524 1888 4596 imaginem
1916 4539 2041 4579 eum

464 4623 556 4692 qui
593 4636 660 4676 ex
696 4621 811 4690 ipso
845 4618 1140 4674 secundum
1171 4624 1421 4670 naturam
1456 4624 1616 4671 natus
1644 4625 1724 4670 est
1750 4616 2041 4681 intuentes,

465 4714 818 4781 archetypum
865 4705 1255 4779 cogitemus".
1295 4704 1450 4760 Tunc
1492 4704 1782 4773 nimirum,
1821 4715 1945 4761 tunc
1990 4717 2047 4761 et

466 4804 738 4874 possessio
793 4803 909 4873 ejus
962 4798 1129 4853 Judas
1186 4797 1361 4853 factus
1411 4807 1525 4863 est,
1581 4799 1683 4854 hoc
1733 4806 1815 4854 est
1868 4799 2045 4854 omnis

466 4897 730 4949 conﬁtens
775 4904 826 4948 et
856 4892 1166 4963 gloriﬁcans
1191 4891 1363 4960 ipsum
1393 4907 1409 4945 :
1435 4890 1605 4946 ludas
1626 4892 1768 4946 enim
1800 4892 2045 4946 redditur

463 4986 744 5056 confessio.
782 4982 919 5038 Nam
953 4991 1012 5036 ut
1047 4990 1133 5037 est
1163 4982 1303 5053 apud
1334 4981 1558 5037 Paulum
1598 4998 1611 5036 :
1655 5000 1675 5034 ι
1716 4980 1831 5038 Non
1864 4983 1953 5053 qui
1989 4983 2041 5037 in

467 5073 756 5128 manifesto
803 5083 887 5127 est
930 5071 1183 5140 Iudaeus,
1224 5087 1399 5144 neque
1441 5074 1780 5130 circumcisio
1818 5088 1938 5144 quae
1990 5075 2042 5129 in

465 5179 632 5218 carne
664 5162 954 5218 manitesto
984 5165 1072 5232 lit,
1105 5167 1198 5221 sed
1233 5165 1323 5234 qui
1360 5164 1411 5219 in
1447 5165 1657 5221 occulto
1681 5163 1897 5221 Judaeus
1929 5176 2044 5232 est,

466 5267 519 5310 et
552 5254 892 5309 ctrcumcisio
930 5258 1111 5312 cordis
1146 5258 1200 5311 in
1238 5255 1469 5326 spiritu,
1504 5271 1609 5310 non
1652 5256 1860 5319 littera,
1894 5256 2047 5325 cujus

468 5344 585 5397 Inus
620 5357 729 5397 non
768 5359 837 5399 ex
879 5344 1215 5411 hominibus,
1248 5345 1340 5399 sed
1371 5359 1439 5399 ex
1472 5343 1582 5399 Deo
1602 5344 1670 5399 “.
1705 5362 1724 5396 ι
1767 5343 2038 5413 Quotquot

538 5503 582 5535 ⁸⁸
614 5502 807 5556 Ezech.
832 5518 1021 5563 xxxw,
1054 5502 1140 5557 16.
1217 5501 1261 5533 ⁸³
1288 5501 1304 5554 l
1336 5500 1574 5557 Tintoth.
1606 5516 1684 5563 ιιι,
1718 5500 1803 5554 15.

467 5572 512 5604 ⁵⁸⁵
544 5573 678 5628 Psal.
731 5589 875 5636 XLIX,
936 5574 988 5627 5.
1091 5574 1135 5604 ⁸⁸
1165 5571 1389 5625 Malae-Ii.
1424 5589 1461 5635 ι,
1492 5573 1575 5624 ll.

2154 3072 2280 3125 γονε
2311 3055 2405 3109 καὶ
2448 3054 2768 3125 καταφανὴς
2799 3056 2917 3119 τοῖς
2941 3054 3171 3111 ἔθνεσιν.
3204 3057 3279 3111 Οὐ
3316 3057 3424 3129 γὰρ
3466 3057 3544 3113 ἔτι
3578 3060 3741 3130 μόνον

2154 3147 2216 3201 τὸ
2261 3146 2321 3212 ἐξ
2380 3146 2600 3219 Ἰσραὴλ
2646 3146 2968 3201 ἐπαιδεύετο
2995 3147 3172 3216 γένος,
3223 3148 3312 3202 διὰ
3355 3149 3458 3220 τῆς
3505 3150 3741 3223 ἀρχαίας

2153 3241 2371 3312 ἐκείνης
2403 3240 2622 3311 ἐντολῆς
2644 3253 2659 3269 ⁶
2689 3238 3093 3311 κατεχρυσοῢτο
3110 3239 3168 3293 δὲ
3204 3240 3408 3312 μᾶλλον
3433 3245 3548 3308 τοῖς
3574 3246 3747 3314 εὐαγιο

2136 3333 2390 3401 νγελικοῖς
2419 3329 2772 3402 κηρύγμασιν
2807 3331 2841 3401 ή
2876 3330 2970 3384 ὑπ’
2997 3330 3246 3403 οὐρανὸν,
3294 3333 3388 3387 καὶ
3423 3333 3649 3403 γέγονεν
3679 3337 3744 3390 ἐν

2154 3423 2296 3478 ἔθνει
2344 3422 2510 3476 παντὶ
2535 3422 2643 3475 καὶη
2689 3422 2746 3475 ὲν
2791 3421 2941 3493 πάσῃ
2987 3420 3046 3475 δὲ
3096 3420 3250 3494 χώρᾳ
3287 3423 3429 3494 μέγα
3471 3425 3533 3478 τὸ
3564 3426 3744 3499 ὄνομα

2153 3512 2338 3568 αὐτοῦ.
2391 3511 2562 3573 Αὐτὸς
2615 3510 2725 3582 γὰρ
2775 3506 2845 3581 ἦν
2905 3510 2960 3578 ἡ
2993 3510 3331 3579 προσδοκία
3375 3513 3486 3568 τῶν
3536 3514 3740 3584 ἐθνῶν,

2152 3604 2296 3658 κατὰ
2334 3604 2435 3675 τὴν
2482 3602 2577 3657 τοῦ
2625 3603 2907 3675 προφήτου
2947 3603 3153 3675 φωνὴν,
3200 3604 3293 3658 καὶ
3332 3604 3481 3677 αὐτῷ
3525 3606 3742 3679 κάμψει

2157 3713 2178 3746 ε
2255 3696 2365 3750 πᾶν
2425 3694 2556 3763 γόνυ
2579 3732 2594 3758 ,
2655 3693 3030 3766 ἐπουρανίων,
3105 3695 3203 3749 καὶ
3260 3696 3516 3765 ἐπιγείων
3539 3734 3556 3763 ,
3639 3701 3747 3755 καὶ

2151 3782 2673 3858 καταχθονίωνίκαὶ
2707 3787 2858 3840 πᾶσα
2883 3786 3107 3855 γλῶσσα
3138 3786 3612 3858 ἐξομολογήσεται·
3650 3791 3742 3847 ὅτι

2151 3877 2358 3948 Κύριος
2413 3875 2623 3946 Ἰησοῦς
2656 3876 2904 3947 Χριστὸς
2944 3878 3024 3940 είς
3062 3875 3219 3942 δόξαν
3255 3874 3390 3930 Θεοῦ
3428 3878 3664 3950 Πατρός.
3711 3901 3736 3934 ι

2142 3966 2635 4039 ,Συνδεδραμήκασι
2661 3967 2772 4040 γὰρ
2798 3967 2886 4022 διὰ
2908 3967 3146 4031 πίστεως
3176 3967 3263 4020 ἐπ’
3289 3967 3473 4033 αὐτὸν,
3512 3971 3608 4023 καὶ
3634 3972 3742 4026 σὺν

2151 4058 2299 4129 αὐτῷ
2326 4059 2712 4130 κατῳκήκασιν
2760 4062 2819 4113 εν
2862 4063 2930 4131 τῇ
2965 4060 3099 4131 ἁγίᾳ
3146 4059 3241 4113 καὶ
3289 4064 3454 4133 νοητῇ
3491 4062 3648 4127 Σιὼν,
3680 4066 3741 4117 οἱ

2149 4153 2216 4207 ἐκ
2242 4151 2494 4224 περάτων
2518 4149 2617 4222 τῆς
2646 4151 2775 4222 γῆς,
2801 4150 3075 4220 ὲγνὼκασί
3102 4169 3165 4205 τε
3196 4152 3404 4222 σαφῶς,
3435 4155 3520 4207 ὃτι
3558 4154 3744 4220 οὕτως

2149 4243 2439 4315 ἠγάπησεν
2466 4246 2496 4299 6
2526 4242 2659 4308 Θεὸς
2689 4244 2781 4297 τὸν
2809 4243 3033 4315 κόσμον,
3070 4262 3090 4297 ι
3124 4242 3265 4297 ὥστε
3288 4245 3381 4298 τὸν
3408 4245 3537 4299 Υίὸν
3566 4246 3741 4301 αὐτοῦ

2147 4335 2241 4390 τδν
2269 4335 2534 4407 μονογενῆ
2563 4335 2811 4400 δέδωκεν,
2842 4334 2929 4389 ἴνα
2952 4336 3061 4400 πᾶς
3086 4337 3115 4389 6
3143 4337 3417 4391 πιστεύων
3444 4339 3521 4402 είς
3544 4338 3741 4407 αὑτὸν,

2154 4428 2228 4501 μὴ
2259 4428 2551 4499 ἀπόληται,
2573 4425 2687 4481 ἀλλ’
2717 4426 2817 4500 ἔχῃ
2844 4425 2989 4498 ζωὴν
3021 4426 3261 4487 αἰώνιον.
3295 4447 3314 4482 ι
3352 4428 3745 4495 Ἐξαπέστειλε

2147 4519 2255 4591 γὰρ
2290 4520 2424 4589 ἡμῖν
2451 4516 2512 4582 ἔξ
2548 4516 2778 4589 οὐρανοῦ
2820 4516 2911 4571 τὸν
2945 4517 3074 4572 Υίδν
3101 4519 3267 4573 αὐτοῦ
3365 4520 3571 4591 Πατὴρ,
3613 4522 3744 4576 Σω-

2149 4612 2291 4682 τῆρα
2322 4611 2417 4666 καὶ
2449 4610 2765 4682 Λυτρωτὴν,
2795 4610 2885 4664 ἵνα
2919 4611 3311 4677 πιστεύσαντες
3348 4613 3429 4677 εἰς
3456 4614 3646 4678 αὑτὸν,
3678 4617 3748 4669 tv

2151 4702 2300 4774 αὐτῷ
2321 4702 2413 4757 τὸν
2440 4702 2664 4771 Πατέρα
2690 4701 2975 4773 ὀψὼμεθα,
3001 4705 3098 4758 καὶ
3122 4704 3199 4769 ὡς
3231 4705 3416 4759 εἰκόνα
3440 4704 3747 4775 βλέποντες

2149 4794 2353 4868 ἀκριϐῆ
2385 4793 2479 4848 τοῦ
2520 4796 2915 4866 γεγεννηκότος
2945 4796 3038 4849 τὸν
3062 4796 3125 4863 ἐξ
3163 4795 3325 4851 αὐτοῦ
3365 4797 3506 4852 κατὰ
3541 4802 3746 4871 φύσιν,

2149 4887 2420 4960 ἐννοῶμεν
2462 4887 2526 4941 τὸ
2570 4888 2899 4959 ἀρχέτυπον.
2948 4890 3082 4943 Τότε
3128 4891 3223 4944 καὶ
3269 4890 3469 4963 κλῆρος
3507 4892 3751 4961 γέγονεν

2159 4979 2357 5042 Ἰούδας
2382 4979 2590 5049 Κυρίου
2611 5018 2627 5044 ,
2654 4980 2907 5035 τουτέστι
2949 4983 3059 5045 πᾶς
3096 4983 3126 5034 6
3154 4982 3649 5054 ὲξομολογούμενός
3674 5004 3749 5041 τε

2144 5071 2241 5124 καὶ
2286 5070 2581 5139 δοξολογῶν
2630 5070 2811 5125 αὐτόν·
2850 5071 3290 5143 ἐξομολόγησις
3316 5073 3424 5144 7&9
3455 5075 3485 5128 6
3528 5075 3752 5142 Ἰούδας

2144 5162 2527 5235 ἑρμηνεύεται.
2573 5163 2662 5224 Ὡς
2702 5165 2814 5236 7&9
2841 5166 2871 5218 6
2903 5163 3115 5229 Παῠλός
3158 5181 3344 5237 φησιν,
3399 5184 3419 5217 ‹
3460 5165 3573 5238 Οὐχ
3613 5168 3645 5220 6
3680 5171 3754 5223 ὲν

2146 5254 2224 5324 τῷ
2271 5254 2492 5326 φανερῷ
2559 5256 2830 5323 Ἰουδαῖος,
2885 5256 3009 5311 οὐδὲ
3056 5258 3115 5310 ὲν
3149 5256 3390 5328 φανερῷ·
3418 5258 3513 5313 καὶ
3565 5262 3757 5331 σαρκὶ

2146 5346 2437 5417 περιτομὴ,
2474 5344 2592 5402 ἀλλ’
2623 5349 2652 5401 6
2684 5349 2744 5403 ἐν
2772 5348 2850 5420 τῷ
2895 5348 3123 5421 κρυπτῷ
3172 5348 3423 5414 Ἰουδαῖός
3458 5350 3603 5417 ἐστι,
3630 5357 3757 5408 καὶ

1880 5500 1925 5531 ⁸ο
1955 5497 2047 5552 Joa

2152 5516 2185 5561 ι,
2235 5502 2318 5555 lt).
2397 5501 2590 5558 "ibid.
2668 5504 2713 5536 ’ί
2752 5504 2907 5559 Rom.
2940 5521 2980 5570 ι,
3008 5503 3100 5560 25.
3176 5503 3220 5537 ⁸⁸
3254 5503 3459 5560 Baruch
3492 5521 3579 5568 ιιι,
3642 5500 3753 5564 38.

1688 5573 1732 5655 ξε
1760 5571 2047 5657 Θρᾴκια

2244 5576 2375 5657 Angg.
2415 5588 2476 5641 ιι,
2510 5573 2564 5629 8.
2644 5576 2690 5608 ⁸⁷
2720 5574 2963 5648 Philipp.
3007 5591 3064 5641 ιι,
3102 5575 3191 5646 10,
3226 5575 3312 5657 η.
3386 5576 3434 5608 ³⁸
3457 5574 3617 5632 Joan.
3648 5591 3759 5650 tu,

472 5646 553 5699 i6.
633 5645 677 5677 δ’
706 5642 861 5699 Joan.
899 5659 1009 5713 Juv,
1045 5644 1072 5695 7
1100 5659 1251 5712 seqq.
1281 5659 1294 5708 ;
1328 5642 1534 5699 Culuss.
1569 5656 1604 5710 ι,
1640 5642 1722 5696 15.
1802 5642 1845 5673 θ’)
1878 5642 2031 5697 lium.
2062 5655 2122 5704 ιι,
2153 5642 2243 5709 '28,
2271 5641 2363 5723 29.
