3936 6318
213 294 266 350 ιι
1025 286 1563 344 COMMENTARIUS
1601 286 1666 341 IN
1707 285 2108 342 ZACIIARIAM
2147 285 2588 340 PROPIIETMI.
3386 282 3454 337 ‘3

211 410 477 483 περιτομὴ
512 411 740 482 καρϐίας
791 410 849 463 ὲν
880 409 1170 480 πνεύματι,
1202 411 1262 464 οὐ
1305 411 1616 483 γράμματι,
1663 402 1724 464 o6
1757 411 1786 463 ὁ

1911 410 2054 480 gitur
2093 408 2564 464 circumcisiouem
2610 407 2662 459 in
2708 404 2898 472 spiritu
2941 417 3036 473 per
3077 401 3351 458 Christum
3399 412 3458 455 ut

190 495 425 566 ’ἔπαινος
472 503 573 556 οὐκ
630 501 691 567 ἐξ
741 501 1065 572 ἀνθρώπων,
1107 501 1222 555 ἀλλ’
1250 504 1315 555 ὲκ
1360 501 1514 557 Θεοῦ.
1563 521 1581 554 ι
1625 503 1786 554 Ὅσοι

213 593 497 663 τοιγαροῦν
542 593 640 664 τὴν
676 595 733 646 ὲν
772 592 1041 662 πνεύματι
1087 593 1389 664 περιτομὴν
1422 592 1511 645 διὰ
1549 591 1784 662 Χριστοῦ

168 747 173 755 _
213 687 690 756 πεπλουτήκαμεν,
723 684 921 754 κλῆρος
955 683 1118 737 αὐτοῦ
1162 685 1466 753 γεγόναμεν
1499 702 1518 734 ι
1559 685 1653 736 ἐπὶ
1689 683 1787 754 τὴν

211 778 312 846 γῆν
361 777 462 846 τὴν
519 776 701 844 ἁγίαν,
742 793 761 826 ›
799 775 886 828 ἵνα
930 773 1028 845 τὴν
1075 774 1187 828 ἄνω
1229 775 1435 844 νοῶμεν
1465 774 1638 838 πόλιν,
1688 772 1788 842 τὴν

213 868 406 939 νοητὴν
447 867 822 936 Ἰερουσαλὴμ,
859 861 927 937 ἦς
976 866 1228 936 τεχνίτης
1278 867 1371 919 καὶ
1408 865 1736 936 δημιουργὸς
1760 867 1788 917 ὁ

213 960 363 1022 Θεὸς,
402 959 432 1011 ὁ
476 958 706 1029 φιλητὴν
738 975 796 1010 τε
836 957 1005 1028 αὐτὴν
1047 958 1142 1010 καὶ
1183 956 1403 1028 αίρετὴν
1447 956 1786 1026 ποιούμενος.

219 1069 237 1101 ι
281 1052 524 1120 Αίρετιεῖ
571 1050 698 1120 γὰρ,
734 1049 916 1118 φησὶν,
951 1049 1030 1101 ἐτι
1062 1047 1160 1117 τὴν
1216 1048 1586 1119 Ἰερουσαλήμ.
1627 1067 1646 1100 ι
1675 1048 1790 1102 Οὐκ

214 1141 477 1194 ἀπίθανον
533 1139 590 1192 δὲ
647 1139 811 1193 πάλιν
858 1138 1018 1207 εἴπερ
1074 1138 1248 1193 ἓλοιτό
1290 1155 1376 1200 τις
1439 1137 1791 1208 Ἰερουσαλὴμ

214 1232 418 1284 οἴεσθαι
459 1232 552 1284 καὶ
583 1230 678 1284 νῦν
718 1230 1034 1300 ὠνομᾶσθαι
1071 1229 1170 1300 τὴν
1213 1231 1559 1301 Ἐκκλησίαν,
1597 1231 1664 1302 ἢν
1699 1231 1792 1283 κα)⁵

215 1322 349 1376 Θεοῦ
401 1323 554 1375 πόλιν
602 1321 887 1386 ἀποκαλεῖ,
943 1320 1115 1389 λέγων
1173 1322 1202 1373 ὁ
1252 1321 1536 1385 θεσπέσιος
1587 1322 1789 1374 Δαϐίδο

221 1433 238 1464 ι
274 1413 546 1484 Καθάπερ
572 1412 908 1484 ἠκούσαμεν,
940 1411 1082 1466 οὕτω
1111 1411 1206 1464 καὶ
1254 1412 1490 1483 εἴδομεν
1514 1413 1573 1466 ὲν
1640 1413 1792 1470 πόλει

217 1501 424 1570 Κυρίου
469 1499 578 1552 τῶν
620 1501 922 1571 δυνάμεων,
963 1502 1020 1554 ὲν
1049 1501 1203 1556 πόλει
1247 1500 1341 1555 τοῦ
1383 1501 1519 1555 Θεοῦ
1553 1501 1727 1574 ἡμῶν.
1769 1519 1788 1552 ι

281 1593 666 1647 Εὑλαὸείσθω
695 1591 863 1648 πᾶσα
891 1592 1049 1660 σὰρξ
1083 1592 1203 1650 ἀπὸ
1233 1591 1558 1660 προσώπου
1584 1593 1791 1658 αὐτοῦ,

218 1679 362 1734 διότι
401 1679 713 1748 ἐγήγερται
735 1681 804 1733 ἐκ
836 1678 1110 1748 νεφελῶν
1148 1683 1332 1748 ἁγίων
1369 1681 1579 1737 αὐτοῦ.

1885 502 2099 557 divitias
2147 499 2560 570 acquisivimus,
2606 496 2884 566 possessio
2927 495 3043 562 ejus
3097 494 3222 547 facti
3269 508 3458 548 sumus

1890 612 1909 646 ι
1959 608 2122 662 super
2166 602 2364 646 terram
2415 597 2680 655 sanctam,
2713 605 2732 638 ι
2781 596 2842 640 ιιι
2883 599 3129 654 superam
3182 572 3458 638 civitatem

1888 685 2237 750 meditemur,
2262 681 2588 744 Jerusalem,
2613 694 2732 748 qua:
2761 679 2941 732 animo
2967 677 3197 742 videtur,
3224 674 3378 744 cujus
3403 687 3457 728 et

1887 777 2134 831 conditor
2164 775 2303 829 Deus
2333 772 2376 804 οι
2395 811 2410 836 ,
2443 772 2532 840 qui
2562 771 2732 840 ipsam
2761 767 3045 822 amabilem
3075 775 3129 822 et
3169 765 3457 835 optabilem

1889 865 2038 921 facit.
2082 883 2100 917 ι
2153 865 2327 934 Eliget
2385 865 2528 918 etiim
2587 861 2762 915 adhuc
2811 858 3142 923 Jerusalem,
3181 877 3199 908 ι
3262 859 3455 926 inquit.

1890 957 2013 1011 Non
2057 967 2142 1012 est
2188 957 2408 1024 insuper
2457 950 2843 1024 improbabile,
2891 951 2933 1004 si
2979 951 3099 1022 quis
3147 951 3462 1004 existimare

1890 1050 2063 1116 volet,
2087 1049 2385 1104 Jerusalem
2427 1057 2483 1101 et
2516 1059 2656 1099 nunc
2688 1053 2933 1098 vocatam
2968 1057 3089 1098 esse
3130 1041 3457 1104 Ecclesium,

1893 1159 2052 1213 quam
2084 1151 2139 1197 et
2168 1141 2261 1196 Dei
2293 1139 2563 1194 civitatem
2593 1136 2809 1191 divinu’s
2841 1133 3008 1189 David
3040 1133 3309 1198 nominat,
3337 1146 3459 1188 cum

1892 1236 1967 1288 ait
2000 1252 2014 1288 :
2057 1253 2076 1287 ‹
2117 1233 2270 1288 Sicut
2302 1230 2632 1293 audivimus,
2669 1228 2743 1282 ita
2781 1236 2833 1280 et
2865 1226 3129 1291 vidimus,
3159 1225 3211 1279 in
3245 1224 3465 1279 civitate

1897 1323 2106 1380 Domini
2132 1323 2410 1386 virtutum,
2443 1321 2496 1374 in
2527 1319 2744 1377 civitate
2779 1317 2868 1373 Dei
2899 1317 3070 1379 nostri
3092 1317 3157 1370 θ’.
3191 1333 3211 1368 ι

1968 1589 2130 1644 Vens.
2168 1589 2254 1644 15.
2293 1588 2494 1642 Timent
2535 1587 2704 1642 omnis
2743 1601 2864 1640 caro
2909 1602 2940 1639 ιι
2987 1583 3121 1653 (acie
3161 1585 3308 1653 ejus,
3341 1584 3466 1654 quia

1897 1683 2150 1736 excitatus
2183 1688 2261 1733 est
2286 1695 2313 1732 e
2342 1678 2560 1731 nubibus
2592 1677 2788 1730 sanctis
2816 1677 2946 1732 suis.

289 1766 406 1835 ις’.
461 1767 820 1837 Ἐπιφώνημα
860 1769 959 1837 μὲν
984 1769 1142 1822 τοῦτο
1173 1769 1333 1822 καλὸν
1365 1770 1460 1822 καὶ
1498 1772 1796 1841 ὲπωφελὲς,

1974 1771 2113 1826 XVI.
2169 1769 2460 1824 Pulchrum
2516 1769 2648 1831 hoc,
2697 1778 2749 1822 et
2800 1768 2928 1822 utile
2975 1766 3363 1840 epiphonema,
3414 1774 3471 1818 et

221 1856 312 1908 καὶ⁵
353 1854 686 1924 πρόσκλησις
735 1854 937 1926 ἀγαθὴ,
982 1857 1096 1918 τοῖς
1140 1856 1415 1930 ἐθέλουσιν
1465 1857 1794 1930 εὐδοκιμεῖν,

222 1949 327 2000 εἴτε
374 1947 504 2016 παρ’
531 1945 695 1999 αὐτοῦ
721 1947 913 2014 γέγονε
935 1946 1030 2000 τοῦ
1057 1947 1214 2014 Θεοῦ,
1247 1929 1360 2003 είτέ
1387 1951 1492 2022 μὴν
1520 1953 1584 2006 ὲκ
1623 1971 1799 2025 προσ-

225 2037 374 2090 ώπου
425 2036 519 2089 τοῦ
564 2038 922 2108 προφητικοῦ.
975 2040 1120 2111 Πλὴν
1163 2042 1340 2096 ἐκεῖνο
1380 2044 1797 2116 περιαθρητέον.

233 2128 320 2188 Ὠς
343 2126 454 2199 γὰρ
477 2127 654 2197 πάντη
685 2145 743 2179 τε
775 2129 867 2182 καὶ
898 2129 1112 2191 πάντως
1133 2131 1515 2203 ἀπολουμένων
1553 2137 1712 2206 οἵπερ
1735 2137 1800 2190 ἂν

222 2218 370 2289 αὐτῴ
437 2218 512 2289 μὴ
572 2218 953 2284 πιστεύσειαν,
1013 2221 1359 2278 εὐλαϐεῖσθαι
1426 2231 1797 2299 προστέταχε·

228 2309 385 2364 τοῦτο
417 2311 513 2362 καὶ
551 2311 712 2372 αὐτὸς
746 2311 774 2362 ὁ
806 2313 1041 2382 Χριστὸς
1069 2313 1167 2385 τὴν
1213 2317 1292 2381 είς
1322 2317 1482 2372 αὐτὸν
1522 2321 1704 2374 πίστιν
1739 2323 1800 2374 οὐ

226 2399 602 2469 προσιεμένοις
651 2399 920 2470 ἐπεφώνει
961 2406 1074 2467 τοῖς
1122 2405 1182 2470 ἐξ
1239 2407 1483 2479 Ἰσραήλ·
1531 2428 1550 2462 ι
1609 2412 1799 2482 Ἀμὴν,

225 2490 369 2558 ἀμὴν
395 2489 540 2556 λέγω
570 2490 719 2558 ὑμῖν,
746 2491 840 2545 ἐὰν
872 2491 946 2562 μὴ
981 2495 1308 2566 πιστεύσητε
1335 2499 1416 2552 ὅτι
1446 2499 1558 2568 ἐγώ
1586 2503 1721 2571 εἰμι,
1744 2505 1802 2556 ἐν

224 2583 342 2640 ταῖς
389 2580 692 2650 ἁμαρτίαις
740 2580 894 2650 ὑμῶν
945 2584 1341 2639 ἀποθανεῖσθε·
1397 2607 1416 2641 ι
1459 2591 1552 2643 καὶ
1605 2594 1801 2659 πάλιν,

232 2687 249 2721 ι
315 2670 376 2722 'U
431 2670 702 2723 πιστεύων
733 2673 812 2735 εἰς
848 2673 937 2725 τὸν
981 2675 1127 2741 Υίὸν,
1173 2678 1235 2729 οὐ
1267 2680 1528 2750 κρίνεται,
1564 2685 1592 2734 ὁ
1629 2683 1685 2736 δὲ
1728 2685 1804 2754 μὴ

229 2760 521 2824 πιστεύων,
557 2762 658 2831 ἤδη
691 2763 960 2833 κέκριται,
991 2767 1073 2819 ὅτι
1105 2766 1180 2838 μὴ
1225 2770 1589 2825 πεπίστευκεν
1620 2774 1701 2837 είς
1744 2775 1806 2828 τὸ

224 2852 397 2923 δνομα
447 2852 545 2905 τοῦ
602 2854 734 2906 Υἱοῦ
786 2856 878 2908 τοῦ
929 2857 1085 2911 Θεοῦ.
1139 2877 1160 2909 ι
1213 2860 1482 2933 Ταύτῃτοι
1531 2867 1626 2919 καὶ
1658 2866 1806 2930 λίθος

227 2943 677 3014 προσκόμματος,
723 2946 814 3003 καὶ
846 2948 1018 3018 πέτρα
1063 2951 1358 3008 σκανδάλου
1389 2955 1805 3026 κατωνόμασται

226 3035 482 3106 Χριστός.
539 3037 750 3107 ’Ὠσπερ
782 3039 890 3108 γάρ
949 3041 1092 3092 ἐστιν
1133 3044 1577 3115 ὁμολογουμένως
1641 3049 1806 3102 καλὸν

1901 1863 2200 1919 cohortatio
2229 1863 2368 1917 bona
2398 1861 2704 1917 volentibus
2736 1863 2869 1915 bene
2902 1861 3118 1925 audire,
3150 1859 3263 1912 sive
3295 1872 3325 1912 a
3359 1856 3470 1912 Deo

1899 1965 2010 2021 est,
2040 1955 2155 2010 sive
2199 1970 2263 2009 ex
2316 1968 2545 2022 persona
2587 1952 2879 2020 prophetas.
2913 1950 3293 2005 Verumtamen
3342 1949 3471 2003 illud

1899 2047 2348 2104 considerandum
2375 2045 2680 2116 diligenter.
2705 2043 2925 2098 Timere
2949 2043 3092 2097 enim
3119 2042 3295 2110 jubet,
3317 2041 3474 2110 quasi

1901 2140 2125 2209 perditis
2171 2139 2415 2209 penitus,
2461 2138 2768 2207 quicunque
2816 2127 2918 2203 ipsi
2967 2149 3072 2189 non
3119 2134 3468 2187 crediderint.

1903 2233 2016 2286 lioc
2055 2241 2107 2285 et
2143 2231 2256 2299 ipse
2288 2229 2539 2284 Christus
2571 2228 2829 2283 Israelitis
2865 2227 3023 2281 ﬁdem
3061 2227 3114 2280 in
3152 2226 3322 2294 ipsum
3362 2238 3471 2283 non

1904 2319 2311 2374 admittentibus
2339 2317 2662 2380 minabatur,
2681 2330 2803 2370 cum
2829 2316 3032 2369 diceret
3059 2331 3074 2368 :
3111 2331 3127 2364 ι
3158 2315 3325 2369 Amen
3351 2314 3474 2366 dicu

1903 2411 2085 2475 vobis,
2117 2409 2216 2463 nisi
2249 2407 2587 2462 credideritis
2610 2407 2735 2476 quia
2764 2421 2865 2476 ego
2897 2421 3048 2468 sum,
3081 2404 3382 2459 moriemini
3418 2405 3474 2458 in

1903 2501 2139 2572 peccatis
2178 2503 2374 2556 veStris
2396 2499 2468 2563 ⁸³;
2517 2517 2537 2550 ι
2583 2509 2638 2552 et
2681 2499 2874 2551 iterum
2921 2512 2936 2550 :
2989 2514 3010 2547 ι
3058 2496 3159 2561 Qui
3207 2495 3380 2549 credit
3421 2496 3474 2548 in

1906 2593 2133 2657 Filium,
2170 2606 2276 2646 non
2308 2591 2607 2658 judicatur;
2643 2589 2731 2657 qui
2768 2598 2948 2641 autem
2985 2601 3094 2640 non
3129 2587 3330 2649 credit,
3361 2586 3474 2655 jam

1899 2684 2170 2753 judicatus
2199 2691 2300 2748 est,
2324 2682 2448 2750 quia
2476 2696 2581 2734 non
2607 2679 2836 2734 credidit
2857 2681 2908 2732 in
2935 2679 3148 2732 nomine
3165 2679 3330 2750 672
3357 2679 3474 2731 Filii

1909 2775 1998 2829 Dei
2026 2774 2092 2828 “.
2135 2791 2154 2825 ι
2194 2773 2400 2828 Idcirco
2432 2781 2485 2826 et
2521 2773 2654 2846 lapis
2686 2770 3004 2826 offensionis
3040 2781 3094 2825 et
3127 2781 3277 2840 petra
3313 2787 3473 2842 scan-

1907 2867 2011 2919 dali
2066 2865 2244 2919 dictus
2295 2875 2379 2918 est
2424 2862 2670 2918 Christus
2695 2863 2760 2916 “.
2807 2862 3266 2930 Quemadmodum
3321 2863 3463 2916 enim

1908 2960 2043 3012 citra
2081 2955 2470 3011 dubitationem
2517 2954 2797 3022 cujusdam
2842 2953 3108 3009 laudabile
3145 2962 3200 3008 et
3241 2952 3478 3009 salutare

1908 3059 1991 3104 est
2015 3047 2116 3102 (ide
2139 3047 2312 3114 ipsum
2339 3045 2626 3108 honorare,
2646 3045 2716 3098 ita
2740 3053 2795 3099 et
2815 3046 3101 3100 exitiosum
3130 3061 3237 3100 non
3270 3047 3477 3108 timere.

226 3125 316 3175 καὶ
364 3124 631 3194 σωτήριον
667 3125 728 3177 τὸ
758 3126 936 3183 πίστει
966 3131 1260 3197 στεφανοῦν
1291 3134 1475 3198 αὑτὸν,
1524 3135 1666 3189 οὕτω
1711 3140 1801 3191 καὶ

1909 3145 1998 3214 (ιιιί
2036 3151 2253 3214 propter
2291 3155 2388 3195 nos
2423 3148 2605 3195 nostra
2654 3138 2912 3209 suscepit,
2945 3153 3044 3193 nec
3076 3137 3179 3194 alia
3215 3141 3279 3195 de
3313 3155 3478 3201 causa

225 3210 451 3284 ὀλέθρου
480 3215 760 3284 πρόξενον,
794 3218 854 3272 τὸ
887 3217 962 3290 μὴ
987 3219 1332 3277 εὐλαϐεῖσθαι
1360 3226 1450 3280 τὸν
1482 3227 1549 3280 δι’
1581 3229 1727 3298 ἡμᾶς
1751 3232 1808 3282 ἐν

227 3309 336 3370 τοῖς
372 3307 498 3360 καθ’
532 3309 682 3378 ἡμᾶς
711 3312 992 3377 γεγονότα,
1031 3313 1127 3368 καὶ
1155 3315 1255 3385 οὐχ
1286 3316 1474 3389 ἐτέρου
1500 3335 1593 3371 του
1625 3319 1805 3390 χάριν,

229 3396 260 3467 ἢ
319 3397 411 3451 ἵνα
466 3396 616 3471 σώσῃ
667 3399 729 3452 τὸ
758 3401 1052 3466 ἀπολωλός.
1126 3405 1450 3478 Ἐγηγέρθαι
1505 3409 1562 3463 δὲ
1609 3412 1674 3464 ὲκ
1718 3429 1806 3464 νε-

229 3488 405 3562 φελῶν
435 3489 608 3558 ἁγίων
641 3491 804 3545 αὐτὸν
831 3493 1125 3564 νομιοῦμεν
1156 3497 1337 3562 πάλιν,
1368 3500 1445 3562 ὡς
1481 3501 1540 3566 ἐξ
1571 3502 1810 3572 ἠρεμίας

225 3581 323 3648 τῆς
354 3582 530 3635 πάλαι
571 3583 667 3636 καὶ
708 3585 914 3655 σιωπῆς
945 3586 1245 3657 ἀφιγμένον
1276 3591 1355 3653 εἰς
1389 3590 1600 3662 κίνησιν
1629 3593 1728 3663 τῆς
1753 3595 1811 3647 ὲν

227 3674 357 3743 ἡμῖν
405 3675 711 3747 φροντίδος,
771 3677 1031 3746 γεγονότα
1086 3694 1149 3745 γε
1217 3681 1326 3748 μὴν
1377 3682 1440 3734 ἐκ
1502 3681 1809 3753 σπέρματος

228 3763 398 3830 ἁγίων
450 3765 722 3836 Ἀϐραὰμ,
756 3768 960 3831 Ἰσαὰκ,
1009 3769 1224 3836 Ἰεσσαὶ,
1265 3772 1360 3824 καὶ
1392 3772 1579 3834 Δαὸὶδ,
1613 3775 1676 3825 ἐκ
1705 3775 1812 3827 τῶν

233 3854 324 3905 σὺν
359 3856 597 3921 ἐκείνοις
620 3859 1147 3930 γενεαλογουμένων,
1178 3860 1271 3925 οὓς
1301 3865 1396 3916 καὶ
1419 3863 1649 3932 νεφέλας
1675 3866 1813 3919 ἀπο-

231 3947 405 4012 καλεῖ,
428 3949 521 4001 διά
542 3967 624 4002 τοι
654 3951 714 4002 τὸ
752 3950 886 4020 ὑψοῦ
925 3953 1184 4023 φέρεσθαι
1215 3954 1322 4008 τῶν
1345 3955 1516 4022 ἁγίων
1539 3956 1632 4009 τὸν
1663 3956 1810 4022 νοῦν,

235 4040 327 4089 καὶ
367 4043 763 4110 παραιτεῖσθαι
797 4045 895 4114 μὲν
921 4045 988 4097 τὰ
1019 4046 1110 4100 ἐπὶ
1141 4045 1241 4114 τῆς
1276 4047 1379 4116 γῆς
1420 4049 1512 4100 καὶ
1560 4050 1814 4120 φρόνημα

230 4127 288 4179 τὸ
323 4133 792 4203 κατερῤιμμένον,
819 4134 1047 4208 ξητεῖ[ν]
1073 4137 1129 4194 δὲ
1163 4138 1362 4207 μᾶλλον
1385 4139 1452 4192 τὰ
1486 4140 1596 4194 ἄνω
1630 4143 1724 4194 καὶ
1757 4143 1816 4194 ἐν

231 4222 337 4282 τοῖς
372 4223 650 4291 οὐρανοῖς,
689 4225 783 4277 καὶ
831 4227 936 4296 μὴν
975 4229 1068 4285 καὶ⁵
1097 4229 1158 4280 τὺ
1201 4231 1258 4283 ἐν
1288 4231 1436 4295 τάξει
1466 4232 1662 4300 νεφῶν,
1703 4234 1816 4294 τοῖς

228 4316 443 4380 νοητοῖς
477 4313 656 4378 ὑετοῖς
695 4317 984 4387 κατάρδειν
1027 4321 1263 4392 ἑτέρους.
1301 4323 1420 4374 Ὀτι
1463 4321 1520 4375 δὲ
1549 4322 1647 4393 τὴν
1689 4322 1818 4376 ἀνά-

231 4415 420 4457 στασιν
463 4406 660 4467 ἐννοεῖ,
699 4407 1106 4481 πληροφορήσει
1147 4411 1308 4466 πάλιν
1345 4413 1508 4475 αὐτὸς
1545 4414 1574 4465 ὁ
1600 4414 1813 4485 Σωτὴρ,

1909 3247 2070 3303 quam
2117 3241 2176 3286 ut
2215 3230 2446 3286 salvaret
2483 3230 2626 3298 quod
2673 3230 2916 3298 perierat
2933 3227 2999 3289 “.
3037 3227 3344 3288 Excitatum
3376 3245 3477 3284 au-

1912 3335 2019 3380 tem
2064 3324 2234 3394 ipsum
2266 3337 2332 3377 ex
2377 3321 2607 3377 nubibus
2645 3320 2848 3376 sanctis
2873 3319 2984 3382 suis
3025 3330 3285 3394 praeterea
3325 3331 3484 3390 puta-

1911 3415 2108 3478 bimus,
2128 3423 2186 3468 ut
2210 3413 2300 3483 qui
2327 3426 2391 3467 ex
2419 3412 2636 3480 antiqua
2665 3411 2846 3480 quiete
2869 3419 2924 3465 et
2945 3410 3158 3466 silentio
3185 3412 3251 3465 ad
3280 3420 3480 3466 motum

1913 3504 2296 3562 sollicitudinis
2340 3503 2487 3558 circa
2531 3509 2627 3557 nos
2666 3502 2908 3567 venerit,
2945 3511 3127 3556 natum
3173 3516 3239 3560 ex
3281 3502 3486 3556 semine

1912 3608 2222 3655 sanctorum
2252 3597 2544 3661 Abraham,
2578 3594 2747 3661 Isaac,
2767 3593 2938 3661 Jesse,
2963 3604 3018 3649 et
3049 3593 3233 3659 David,
3269 3602 3323 3648 et
3351 3594 3486 3647 alio-

1914 3707 2032 3746 rum
2071 3690 2160 3760 qui
2197 3690 2250 3744 in
2291 3689 2481 3742 ordine
2512 3687 2871 3758 generationis
2905 3686 3157 3754 deinceps
3195 3700 3487 3739 recensen-

1916 3793 2022 3844 tur,
2054 3794 2189 3849 quos-
2228 3787 2283 3833 et
2314 3779 2484 3832 nubes
2517 3776 2778 3845 appellat,
2807 3778 2949 3850 quod
2984 3783 3298 3828 sanctorum
3337 3789 3489 3832 mens

1914 3874 2143 3928 sublime
2195 3871 2426 3935 feratur,
2490 3878 2546 3923 et
2595 3878 2805 3923 terrena
2856 3867 3199 3942 eogitataqne
3255 3865 3485 3921 humilia

1915 3965 2189 4034 repudiet,
2222 3973 2277 4016 et
2316 3976 2547 4030 superna
2590 3960 2766 4029 potius
2824 3975 2888 4014 ac
2930 3959 3173 4018 cmlestia
3219 3967 3427 4029 quaerat
3471 3973 3487 4010 :

1916 4055 2232 4124 quinetiam,
2265 4065 2414 4105 more
2462 4049 2704 4115 nubium,
2740 4049 2934 4118 pluviis
2967 4064 3086 4116 quae
3120 4048 3492 4118 intelliguntur

1919 4161 2016 4200 nec
2041 4151 2322 4214 apparent,
2347 4141 2485 4196 alios
2510 4141 2717 4210 irriget.
2737 4139 2888 4206 Quod
2923 4150 3102 4193 autem
3128 4137 3490 4194 exsurrectio—

1918 4250 2040 4290 nem
2090 4234 2386 4303 intelligat,
2424 4246 2638 4286 rursum
2687 4230 2934 4285 Salvator
2979 4230 3094 4296 ipse
3145 4229 3488 4292 testiﬁcatur,

1918 4342 2050 4382 voce
2081 4324 2480 4393 Psalmographi
2515 4324 2587 4377 ita
2617 4322 2841 4392 loquens
2871 4344 2883 4376 :
2917 4341 2936 4372 ι
2967 4320 3195 4389 Propter
3218 4319 3490 4375 miseriam

1922 4418 2139 4486 inopum
2175 4424 2229 4470 et
2252 4415 2507 4484 gemitum
2539 4426 2851 4483 pauperum,
2888 4425 3030 4464 nunc
3053 4425 3341 4480 exsurgam
3367 4409 3433 4464 "'.
3465 4427 3486 4460 ι

228 4492 313 4592 διὰ
336 4497 570 4592 τῆς-τοῦ
591 4499 901 4592 Ψάλλοντος
926 4505 1111 4574 φωνῆς
1136 4503 1278 4559 οὕτω
1307 4506 1506 4574 λέγων·
1538 4525 1556 4558 ι
1590 4507 1801 4562 Ἕνεκεη

1919 4509 2201 4562 Excitatus
2233 4514 2318 4560 est
2350 4504 2532 4573 igitur,
2573 4505 2675 4558 hoc
2714 4511 2798 4558 est
2864 4511 3045 4556 motus
3081 4511 3165 4555 est
3194 4503 3259 4555 de
3296 4511 3492 4558 caetero

228 4587 325 4652 τῆς
379 4587 768 4661 ταλαιπωρίας
810 4593 921 4648 τῶν
969 4595 1200 4665 πτωχῶν
1243 4597 1336 4649 καὶ
1379 4597 1472 4651 τοῦ
1511 4600 1801 4669 στεναγμοί

1919 4598 1985 4652 ad
2015 4598 2290 4652 ferendam
2323 4610 2479 4664 Opem
2513 4593 2725 4648 miseris
2754 4601 2807 4646 et
2835 4591 3048 4646 atilictis
3078 4606 3242 4660 super
3267 4601 3490 4653 terram,

227 4675 335 4731 τῶν
371 4679 636 4749 πενήτων
674 4681 769 4734 νῦν
805 4685 1204 4757 ἀναστήσομαι.
1263 4705 1282 4738 ι
1345 4687 1671 4760 Ἐγήγερται
1707 4690 1801 4743 τοί-

1922 4689 2038 4759 Ipse
2069 4700 2250 4742 autem
2282 4687 2546 4742 malorum
2575 4683 2814 4739 omnium
2847 4691 2928 4737 est
2952 4681 3181 4752 solutio,
3214 4691 3266 4735 et
3296 4681 3494 4734 veteris

229 4780 345 4833 vuv,
392 4770 674 4834 τουτέστι,
708 4774 991 4843 κεκίνηται
1027 4775 1212 4831 λοιπὸν
1251 4781 1331 4844 εἰς
1363 4781 1682 4848 ἐπικουρίαν
1711 4784 1801 4835 tot.

1923 4780 2191 4834 maledicti
2217 4779 2359 4842 linis,
2378 4788 2431 4833 et
2455 4777 2780 4848 principium
2811 4776 2988 4829 omnis
3016 4774 3165 4840 boni,
3185 4781 3238 4826 et
3267 4772 3494 4843 largitor

228 4855 319 4910 ἐπὶ
363 4859 474 4930 τῆς
523 4859 628 4928 γῆς
666 4864 1003 4932 πεπραχόσιν
1052 4865 1270 4930 ἀθλίως.
1321 4868 1492 4932 Αὐτὸς
1533 4869 1589 4922 δὲ
1641 4872 1673 4940 ή
1714 4870 1801 4923 τῶι

1922 4873 2033 4942 spei
2065 4873 2188 4926 vitae
2217 4870 2578 4940 sempiternae.

230 4948 419 5001 κακῶν
470 4950 734 5004 ἁπάντων
783 4952 955 5017 λύσις,
1007 4957 1099 5008 καὶ
1141 4957 1242 5025 τῆς
1289 4959 1522 5029 ἀρχαίας
1571 4961 1710 5031 ἀρᾶς
1757 4959 1819 5012 τὸ
1856 4963 2050 5034 πέρας,
2115 4961 2208 5016 καὶ
2241 4959 2384 5032 ἁρχὴ
2447 4958 2542 5013 τοῦ
2585 4956 2790 5022 παντὸς
2817 4956 3042 5027 ἀγαθοῦ,
3087 4955 3179 5009 καί
3224 4951 3384 5032 δοτὴρ
3413 4951 3498 5004 ἕλ’

232 5038 380 5104 πίδος
413 5043 523 5112 τῆς
549 5043 630 5106 είς
661 5043 832 5098 αἰῶνα
863 5047 954 5100 τὸν
985 5050 1266 5118 μέλλοντα.

846 5183 1099 5240 ΚΕΦΛΛ.
1141 5187 1213 5238 Γ.

2573 5188 2722 5245 CAP.
2761 5189 2886 5246 Ill.\

2001 5303 2164 5380 VEItS.
2194 5326 2242 5390 I,
2265 5325 2316 5378 2.
2345 5323 2408 5377 Ει
2434 5323 2658 5377 ostendit
2683 5322 2808 5382 milii
2840 5322 3089 5373 Dominus
3115 5319 3296 5374 Jesum
3327 5340 3502 5376 sacer-

1929 5420 2102 5474 dotem
2141 5433 2384 5487 magnum
2428 5427 2649 5470 stantem
2684 5425 2804 5468 ante
2838 5413 3022 5483 [aciem
3056 5414 3229 5486 angeli
3268 5416 3498 5474 Domini.

299 5309 412 5360 Καὶ
457 5308 659 5371 ἐδειξέ
701 5330 805 5381 μοι
839 5318 1053 5386 Κύριος
1094 5321 1336 5388 Ἰησοῦν
1376 5323 1481 5377 τὸν
1521 5326 1686 5394 ἱερέα¹
1717 5326 1824 5379 τὸν

227 5397 424 5468 μέγαν
477 5403 716 5460 ἑστῶτα
758 5411 870 5477 πρὸ
911 5411 1234 5480 προσώπου
1279 5416 1534 5486 ἀγγέλου
1566 5389 1822 5487 -Κυρίουο

303 5603 348 5633 ⁸³
382 5603 562 5656 IIcItt'.
596 5619 672 5659 xl.
711 5603 798 5656 IO.
898 5606 941 5636 ⁸⁸
975 5605 1115 5660 Psal.
1152 5625 1316 5672 XLvtt,
1347 5612 1400 5666 9.

234 5685 394 5738 xvm,
434 5674 529 5728 II.
608 5673 652 5708 ⁸⁷
688 5673 828 5726 l'sul.
865 5675 1016 5737 “,6.

613 5766 888 5826 PATROL.
923 5767 1038 5828 Gn.
1077 5768 1306 5830 LXXII.

3107 5767 3143 5828 2

1505 5612 1548 5643 ⁸³
1577 5611 1733 5668 Joau.
1766 5627 1884 5680 vui,
1913 5611 2006 5674 24.
2111 5611 2156 5643 ⁸⁵
2187 5608 2338 5671 Jnau.
2369 5623 2454 5677 tu,
2482 5607 2568 5662 18.
2685 5607 2776 5664 "1
2805 5607 2946 5665 Petr.
2983 5623 3042 5676 ll,
3081 5608 3135 5662 8.
3241 5608 3285 5640 ⁸⁸
3309 5607 3499 5665 Matth.
