3936 6318
476 228 549 285 s9
1466 222 1527 280 s.
1567 194 1847 283 manu
1890 221 2359 280 ALEXANDRINI
2396 220 2716 279 AltClllEP.
2937 236 2943 241 -
3678 229 3743 282 ω

481 345 719 410 buraret,
756 350 831 405 et
884 341 1025 413 quod
1079 339 1314 412 perierat
1364 340 1433 395 ad
1504 341 1733 398 salutem
1802 340 2056 397 restitue-

2167 340 2646 411 συντετριμμένον,
2697 336 2948 412 νευρὼσῃ
2985 338 3046 393 τὸ
3090 337 3417 412 ἠσθενηκὸς,
3462 340 3743 415 ἀνορθώσῃ

479 444 561 488 ret
585 432 653 487 “‘.
1108 440 1122 449 ‘
2160 432 2222 484 τὸ
2248 433 2713 503 κατερραγμένον,
2744 431 2999 494 εὐσθενὲς
3033 430 3290 505 ἀποφήνῃ
3319 432 3380 486 τὸ
3409 431 3628 501 ἆναλκι,
3657 432 3745 489 θε-

2164 522 2417 593 ραπεύσῃ
2453 524 2515 577 τὸ
2542 522 2841 587 ἀπολωλός.

555 606 715 664 Vens.
753 602 934 663 l0-12.
964 605 1237 663 Deieotare
1274 618 1321 663 et
1362 607 1558 678 gaude,
1588 608 1704 677 ﬁlia
1747 608 1907 676 Sion,
1933 611 2058 680 quia

2240 615 2464 684 Τέρπου
2516 616 2613 669 καί
2672 616 3021 685 εὐφραίνου,
3070 618 3321 687 θύγατερ
3369 617 3553 683 Σιὼν,
3603 617 3748 672 διότι

472 717 592 754 ecre
616 716 708 769 ego
737 701 881 753 venio
900 740 915 765 ,
945 708 991 754 et
1021 698 1269 753 habitabo
1301 700 1355 752 in
1384 700 1555 753 medio
1585 699 1661 752 tui
1680 738 1695 764 ,
1718 700 1844 752 dicit
1876 698 2075 752 Domi-.

481 810 599 846 nus.
635 792 703 846 Et
728 791 1029 861 confugient
1060 804 1235 860 gentes
1268 791 1449 845 multa:
1478 791 1548 845 ad
1581 790 1862 845 Dominum
1896 790 1951 844 in
1972 792 2060 845 die

474 885 602 950 illo,
627 894 671 938 et
707 893 859 938 erunt
892 884 939 936 ei
970 884 1024 936 in
1055 882 1342 952 populum,
1369 893 1417 937 et
1454 882 1761 937 habitabant
1796 883 1851 936 in
1886 884 2059 937 medio

476 977 587 1041 tui,
615 986 659 1029 et
695 976 824 1029 scies
879 975 1132 1045 quoniam
1164 973 1420 1028 Dominus
1452 974 1777 1043 omnipotens
1806 974 1949 1028 misit
1978 992 2058 1030 me

2166 707 2294 762 ἰδοὺ
2342 706 2459 778 ἐγὼ
2506 706 2774 777 ἔρχομαι,
2822 709 2923 763 καί
2977 710 3429 778 κατασκηνώσω
3471 710 3542 764 ἐν
3583 711 3750 779 μέσῳ

2164 815 2282 853 σου
2302 836 2318 862 ,
2366 797 2528 867 λέγει
2589 798 2826 867 Κύριος.
2896 799 3009 854 Καὶ
3067 801 3544 870 καταφεύξονται
3605 802 3746 869 ἔθνη

2164 892 2369 946 πολλὰ
2395 892 2494 945 ἐπὶ
2539 891 2648 945 τὸν
2683 894 2906 961 Κύριον
2932 894 3003 948 ἐν
3043 894 3120 963 τῇ
3159 894 3351 965 ἡμέρᾳ
3386 896 3614 963 ἐκείνῃ,
3654 895 3750 949 καὶ

2164 979 2413 1034 ἔσονται
2439 980 2600 1046 αὐτῷ
2624 982 2711 1048 είς
2733 981 2911 1047 λαὸν,
2942 983 3042 1037 καί
3071 983 3658 1050 κατασκηνώσουσιν
3683 985 3752 1038 ἐν

471 1067 548 1120 ad
591 1077 663 1121 te.
699 1066 765 1119 Et
804 1065 1086 1136 possidebit
1125 1065 1381 1119 Dominus
1418 1063 1618 1119 ludam
1656 1076 1860 1133 partem
1905 1082 2057 1119 suam

2167 1072 2325 1141 μέσῳ
2364 1089 2505 1136 σου.
2544 1074 2646 1129 καὶ
2683 1073 2992 1145 ἑπιγνὼσῃ
3049 1076 3140 1130 ὅτι
3172 1077 3389 1145 Κύριος
3420 1062 3752 1144 παντοκρά-

477 1177 633 1227 super
663 1169 856 1214 terram
886 1168 1148 1223 sanctam,
1175 1168 1223 1212 et
1254 1159 1406 1228 eliget
1434 1158 1604 1212 adhuc
1627 1156 1946 1214 Jerusalem.

2167 1179 2274 1233 τωρ
2306 1163 2724 1229 ἐξαπέσταλκέ
2762 1183 2839 1236 με
2889 1167 3043 1236 πρὸς
3086 1168 3186 1226 σέ.
3229 1169 3341 1223 Καὶ
3377 1171 3749 1236 κατακληρο-

474 1251 730 1322 νομήσει
770 1255 986 1322 Κύριος
1023 1252 1131 1306 τὸν
1179 1252 1404 1308 Ἰούδαν
1457 1251 1572 1321 τὴν
1617 1251 1833 1322 μερίδα
1870 1252 2057 1308 αὐτοῦ
2094 1254 2191 1311 ἐπὶ
2224 1262 2342 1328 τὴν
2365 1260 2485 1330 γῆν
2540 1258 2658 1328 τὴν
2714 1260 2915 1331 ἁγίαν,
2948 1262 3047 1317 καί
3096 1263 3343 1333 stipans?
3365 1264 3454 1319 ἐτι
3488 1264 3604 1332 τὴν
3652 1263 3750 1319 'Is'

471 1345 815 1417 ρουσαλήμ.
2538 1404 2541 1405 ν

550 1445 667 1501 XV.
697 1445 762 1499 Et
789 1444 915 1500 hinc
945 1456 1274 1512 cognoscere
1324 1440 1528 1512 poteris
1561 1454 1826 1511 supremae
1860 1437 2059 1495 laetitiae

2220 1433 2339 1494 'lE'.
2382 1440 2692 1497 Κάντεῦθεν
2729 1442 2797 1498 ἂν
2827 1443 3041 1513 μάθοις,
3071 1443 3147 1508 ὠς
3177 1443 3330 1500 ἔσται
3360 1448 3460 1517 τῆς
3489 1448 3749 1505 ἀνωτάτω

473 1536 766 1592 materiam
810 1533 1130 1590 mortalibus
1169 1532 1409 1587 futurum
1450 1530 1751 1587 Salvatoris
1791 1531 1848 1586 in
1879 1541 2059 1589 terras

2168 1528 2433 1615 θυμηδίας
2466 1533 2722 1598 ὑπόθεσις
2756 1538 2871 1599 τοῖς
2896 1537 2990 1589 ἐπὶ
3017 1535 3120 1607 τῆς
3150 1537 3253 1608 γῆς
3294 1538 3387 1592 τοῦ
3420 1540 3672 1612 Σωτῆρος
3715 1547 3747 1615 ἡ

476 1629 793 1683 adventum.
825 1625 1091 1680 Delectari
1118 1624 1319 1679 etenim
1376 1632 1431 1678 et
1460 1622 1627 1678 laetari
1657 1622 1889 1678 omnino
1901 1622 2061 1693 jussit

2168 1608 2459 1692 παρουσία.
2490 1620 2799 1693 Τέρπεσθαι
2825 1623 2934 1695 γὰρ
2976 1624 3069 1679 καὶ
3101 1624 3488 1695 εὐφραίνεσθαι
3518 1608 3750 1701 προστέλ

474 1718 816 1790 spiritualem
855 1715 1013 1781 Sion,
1046 1730 1167 1786 quae
1208 1726 1293 1770 est
1329 1713 1570 1791 Ecclesia
1612 1713 1705 1769 Dei
1742 1714 1972 1768 viventis
1991 1711 2071 1777 δν,

475 1816 594 1869 sive
626 1812 740 1881 ipsa
773 1824 871 1880 per
905 1808 1063 1863 (idem
1098 1806 1433 1864 salvatorum
1468 1805 1838 1861 sacratissima
1877 1804 2061 1858 multi-

476 1905 631 1960 tudo.
661 1899 935 1957 Promittit
965 1906 1144 1953 autem
1172 1911 1233 1953 se
1260 1905 1543 1952 venturum
1567 1935 1583 1961 ,
1610 1904 1663 1952 et
1690 1909 1915 1964 prorsus
1938 1908 2062 1949 cum

479 1995 613 2066 ipsis
656 1992 919 2047 futurum.
965 1973 1150 2059 inquit
1192 1987 1337 2043 enim
1388 1987 1606 2043 divinus
1642 1985 1881 2042 Joannes
1902 1986 1973 2051 ⁵ο,
2005 1986 2061 2041 In

478 2085 684 2142 quando
725 2092 873 2151 erat,
904 2090 963 2138 et
995 2095 1025 2135 a
1063 2079 1329 2136 creaturis
1360 2079 1475 2135 suis
1508 2093 1614 2133 non
1649 2078 2063 2148 disjungebatur

482 2177 630 2233 Deus
654 2175 889 2232 Verbum
929 2192 944 2228 :
980 2171 1226 2242 sed'ipse
1255 2171 1421 2225 vitam
1451 2169 1755 2226 viventibus
1786 2170 2065 2239 impertie-

480 2273 599 2335 bat,
624 2278 680 2324 et
698 2266 1031 2331 continebat,
1058 2272 1221 2334 atque
1248 2263 1605 2318 conservabat
1629 2262 1813 2320 omnia
1839 2271 1897 2317 ut
1926 2251 2062 2319 béne

481 2370 667 2417 essent
717 2369 774 2416 et
800 2359 1079 2424 viverent;
1115 2375 1133 2408 ι
1173 2355 1283 2412 Sed
1314 2358 1549 2411 mundus
1581 2370 1704 2410 eum
1734 2368 1841 2409 non
1865 2341 2065 2425 cogno-

478 2453 560 2508 vit
585 2453 655 2507 ⁵⁸.
700 2470 720 2504 ι
766 2449 1029 2506 Adoravit
1074 2446 1220 2501 enim
1269 2454 1579 2501 creaturam
1606 2447 1676 2503 “.
1713 2445 1836 2501 Fuit
1882 2454 2062 2501 autem

478 2545 787 2606 nobiscum,
811 2537 1420 2612 quando,similitudine
1447 2546 1638 2592 nostra
1671 2546 1942 2606 suscepta,
1965 2552 2067 2608 per

479 2646 721 2693 sanctam
741 2631 1017 2703 Virginem
1045 2636 1228 2693 natus,
1266 2645 1285 2680 ι
1308 2626 1446 2684 Ειὶιι
1479 2628 1641 2684 terris
1662 2628 1834 2694 visus,
1854 2639 1914 2683 et
1941 2644 2064 2684 cum

480 2723 795 2781 hominibus
829 2725 1185 2774 conversatus
1219 2724 1303 2770 est
1324 2716 1393 2772 ⁸³.
1426 2733 1445 2767 ι
1483 2715 1737 2772 Testatur
1766 2718 1907 2773 idem
1941 2733 2067 2774 san-

480 2825 605 2870 ctus
629 2813 838 2869 David:
867 2830 885 2863 ι
912 2808 1052 2865 Deus
1080 2807 1368 2864 manifeste
1395 2807 1596 2873 veniet,
1624 2807 1763 2864 Deus
1781 2819 1986 2875 noster,
2012 2818 2069 2866 et

484 2923 592 2961 non
624 2906 803 2962 silebit
823 2903 891 2958 ".
934 2921 954 2955 ι
997 2902 1148 2956 Tunc
1178 2908 1234 2955 et
1260 2898 1514 2969 gentibus
1551 2897 1928 2956 maniiestatus
1961 2907 2063 2956 est.

482 2998 600 3055 Non
636 2998 780 3053 enim
812 2994 1041 3066 amplius
1076 2992 1435 3049 Israeliticum
1467 3005 1641 3062 genus
1694 2992 2067 3048 tantummodo

480 3109 580 3165 per
609 3101 761 3146 vetus
791 3090 918 3144 illud
952 3088 1261 3142 [Italidale
1288 3087 1573 3144 erudiebat
1599 3104 1613 3141 :
1636 3088 1879 3158 quinimo
1902 3104 2070 3145 evan»

481 3184 672 3256 gelicis
706 3179 1184 3251 ptmdicationibus
1213 3185 1362 3234 totus
1414 3178 1514 3234 sub
1568 3178 1861 3251 sole671
1920 3179 2069 3236 orbis

480 3271 852 3335 inaurabctur,
878 3280 933 3324 et
957 3269 1134 3323 evasit
1155 3267 1208 3322 in
1228 3268 1376 3323 omni
1398 3276 1558 3338 gente
1574 3277 1630 3324 et
1648 3269 1701 3323 in
1726 3271 1872 3326 omni
1890 3269 2068 3341 regio-

482 3380 553 3420 ne
581 3376 836 3432 magnum
856 3374 1050 3415 nomen
1069 3356 1276 3427 eius".
1296 3358 1419 3430 Ipse
1437 3359 1582 3415 enim
1615 3362 2068 3431 eratexspeclatio

482 3451 913 3525 gentium,juxta
932 3451 1252 3521 prophetam
1277 3452 1345 3517 ",
1373 3452 1542 3520 etipsi
1569 3452 1888 3508 curvabitur
1909 3471 1928 3505 ι
1952 3468 2069 3509 om-

482 3562 554 3602 ne
577 3560 741 3617 genu,
788 3543 1116 3607 cmlestium,
1152 3543 1493 3598 terrestrium
1530 3553 1589 3599 et
1618 3543 1986 3611 iniernorum;
2014 3555 2070 3601 et

484 3637 661 3693 omnis
680 3636 862 3707 lingua
897 3634 1247 3690 conﬁtebitur
1268 3634 1396 3703 quia
1427 3633 1688 3690 Dominus
1717 3634 1875 3692 Jesus
1908 3635 2067 3692 Chri-

480 3739 601 3785 stus
620 3730 672 3783 in
691 3727 861 3800 gloria
877 3736 961 3783 est
979 3725 1072 3781 Dei
1090 3724 1270 3783 Patris
1287 3726 1353 3783 ".
1368 3726 1955 3783 iConcurreruntenim
1973 3741 2068 3797 per

482 3823 645 3878 ﬁdem
684 3822 737 3875 in
771 3820 979 3890 ipsum,
1010 3825 1064 3873 et
1101 3832 1221 3873 cum
1258 3817 1374 3887 ipso
1407 3818 1720 3874 habitarunt
1753 3818 1806 3874 in
1844 3827 2065 3886 sancta,

481 3926 537 3972 et
570 3929 690 3984 quae
723 3914 985 3969 duntaxat
1033 3910 1353 3983 intelligitur
1383 3911 1548 3979 Sion,
1592 3913 1683 3982 qui
1734 3912 1979 3967 habitant
2010 3912 2063 3966 in

482 4008 688 4063 ultimis
741 4006 925 4061 mundi
978 4005 1208 4070 linibus,
1258 3996 1741 4077 cognoveruntque
1786 4004 2068 4073 perspicue

483 4092 653 4155 Deum
701 4098 783 4153 sic
824 4097 1083 4151 dilexisse
1123 4096 1413 4161 mundum,
1450 4112 1470 4146 ι
1522 4105 1580 4148 ιιι
1620 4095 1831 4149 dederit
1868 4095 2062 4149 Filium

478 4205 640 4245 suum
672 4186 1038 4256 unigenitum,
1064 4193 1125 4237 ut
1154 4184 1334 4237 omnis
1361 4184 1452 4253 qui
1485 4183 1661 4238 credit
1685 4183 1738 4237 in
1767 4197 1891 4238 eum
1911 4222 1925 4248 ,
1958 4200 2064 4239 non

482 4287 695 4351 pereat,
724 4275 815 4330 sed
853 4274 1048 4329 habeat
1074 4274 1246 4328 vitam
1282 4274 1632 4328 arternam”.
1675 4291 1694 4327 ι
1736 4273 1882 4331 Misit
1915 4276 2060 4331 enim

2165 1728 2329 1782 ταχεν
2358 1712 2672 1781 ἀναγκαίως
2699 1714 2797 1783 τὴν
2823 1715 3019 1786 νοητήν
3037 1715 3329 1788 Σιὼν,ήτις
3356 1720 3505 1774 ἐστὶν
3529 1721 3752 1793 Ἐκκλη-

2166 1805 2259 1859 σία
2288 1802 2426 1858 Θεοῦ
2459 1804 2680 1870 ζῶντος,
2718 1807 2886 1877 ήγουν
2932 1809 3071 1879 αὐτή
3100 1808 3212 1862 τῶν
3254 1808 3344 1863 διὰ
3376 1814 3614 1877 πίστεως
3663 1831 3751 1866 σε-

2166 1897 2461 1968 σωσμένων
2495 1898 2529 1967 ἡ
2565 1898 2836 1969 ἱερωτάτη
2877 1898 3106 1970 πληθύς.
3142 1900 3632 1972 κατεπηγγέλλετο
3669 1905 3749 1970 δὲ,

2159 1989 2247 2042 ’ὅτι
2295 1988 2389 2042 καὶ
2416 1987 2557 2059 ἥξει,
2603 1989 2696 2043 καὶ
2740 1988 2895 2042 ἐσται
2925 1988 2990 2061 δὴ
3024 1990 3241 2055 πάντως
3283 1993 3342 2045 ἐν
3375 1992 3525 2063 μέσῳ
3556 1995 3748 2064 αὐτῆς.

2175 2078 2339 2149 Ἡμῖν
2358 2078 2467 2149 γάρ
2496 2095 2659 2148 φησιν
2679 2079 2708 2130 6
2738 2077 3023 2142 θεσπέσιος
3038 2078 3308 2149 Ἰωάννης·
3336 2079 3425 2134 Ἐν
3452 2079 3531 2151 τῷ
3562 2083 3754 2154 κόσμῳ

2164 2165 2255 2241 ἦν,
2287 2171 2382 2225 καὶ
2407 2170 2516 2224 τῶν
2549 2170 2714 2225 αὐτοῦ
2742 2170 3059 2243 κτίσμάτων
3087 2172 3188 2226 οὐκ
3208 2173 3602 2244 ἀπενοσφίζετο
3619 2174 3753 2240 Θεὸς

2165 2262 2240 2317 ὢν
2283 2264 2313 2316 6
2357 2262 2555 2331 Λόγος,
2586 2261 2703 2316 ἀλλ’
2731 2259 2800 2334 ἦν
2843 2261 3007 2327 αὐτὸς
3039 2260 3318 2327 ζωοποιιῖΝ
3359 2266 3428 2319 τά
3459 2266 3602 2339 ζωῆς
3631 2285 3757 2338 μετ-

2169 2352 2383 2423 έχοντα,
2415 2354 2511 2407 καὶ
2535 2352 2775 2424 συνέχων
2806 2353 2877 2408 τὰ
2896 2352 3075 2409 πάντα
3122 2354 3261 2426 πρὸς
3303 2354 3364 2409 τὸ
3395 2352 3454 2411 εὖ
3487 2352 3623 2412 εἶναι
3658 2361 3756 2413 καὶ

2166 2443 2265 2515 ζῇν
2288 2460 2300 2473 '
2343 2464 2365 2500 ι
2413 2443 2555 2497 Ἀλλ’
2582 2445 2612 2498 6
2645 2445 2851 2516 κόσμος
2896 2444 3058 2499 αὑτὸν
3095 2445 3195 2499 οὐκ
3224 2445 3401 2517 ἔγνω.»
3442 2468 3461 2501 ι
3512 2451 3757 2522 Πρυσκε-

2169 2535 2376 2606 κύνηκε
2415 2534 2524 2607 γὰρ
2571 2537 2637 2607 τῇ
2687 2535 2881 2589 κτίσει.
2932 2536 3129 2604 Γέγονε
3175 2536 3241 2591 δὲ
3292 2538 3411 2609 μεθ’
3440 2541 3615 2611 ήμῶν,
3664 2542 3757 2595 ὅτε

2166 2627 2267 2699 τὴν
2304 2627 2426 2681 καθ’
2460 2628 2609 2698 ἡμᾶς
2654 2627 2912 2698 ὁμοίωσιν
2957 2628 3274 2693 ἀναλαϐὼν,
3308 2630 3397 2684 διὰ
3443 2632 3545 2702 τῆς
3593 2632 3760 2701 ἁγίας

2166 2720 2433 2792 ἐγεννήθη
2464 2720 2771 2793 Παρθένου,
2824 2739 2842 2772 ι
2881 2720 3010 2774 Ὅτε
3040 2722 3135 2775 καὶ
3172 2722 3264 2774 ἐπὶ
3309 2723 3413 2793 γῆς
3444 2722 3623 2794 ὤφθη,
3664 2725 3761 2778 καὶ

2165 2816 2280 2878 τοῖς
2331 2813 2642 2884 ἀνθρώποις
2693 2813 3136 2885 συνανεστράφη.
3189 2833 3208 2864 ι
3252 2815 3364 2869 Καὶ
3412 2817 3763 2888 μαρτυρήσει

2168 2903 2342 2972 λέγων
2384 2903 2413 2956 ό
2442 2902 2730 2967 θεσπέσιος
2759 2901 2923 2955 Δαὸίδ
2943 2918 2958 2933 ο
2998 2921 3017 2955 ι
3064 2904 3123 2956 ’0
3152 2902 3285 2965 Θεὸς
3314 2904 3575 2975 ἐμφανῶς
3611 2905 3759 2977 ἥξει,

2094 3005 2137 3063 C
2167 2994 2197 3048 ό
2229 2994 2361 3058 Θεὸς
2401 2994 2579 3066 ήμῶν,
2625 2995 2719 3047 καὶ
2760 2994 2821 3047 οὐ
2868 2997 3381 3066 παρασιωπήσεται.
3433 3015 3453 3049 ι
3490 2997 3627 3051 Τότε
3661 3000 3764 3067 γέ-

2171 3101 2297 3154 γονε
2328 3085 2421 3138 καὶ
2464 3084 2785 3155 καταφανὴς
2816 3086 2935 3148 τοῖς
2959 3084 3188 3139 ἔθνεσιν.
3220 3085 3295 3139 Οὐ
3333 3086 3442 3159 γάρ
3483 3085 3562 3141 ἔτι
3596 3089 3765 3159 μόνον

2171 3176 2233 3230 τὸ
2278 3174 2338 3241 ἐξ
2397 3175 2617 3248 Ἰσραὴλ
2664 3175 2985 3231 ἐπαιδεύετο
3012 3176 3189 3245 γένος,
3239 3176 3330 3231 διὰ
3372 3178 3475 3249 τῆς
3522 3179 3766 3252 ἀρχαίας

2170 3271 2387 3342 ἐκείνης
2419 3269 2639 3341 ἐντολῆς
2661 3283 2675 3299 ·
2706 3268 3110 3341 κατεχρυσοῦτο
3128 3269 3185 3322 δέ
3222 3269 3424 3341 μᾶλλον
3450 3274 3565 3337 τοῖς
3593 3274 3771 3343 εὐαγο

2154 3362 2407 3431 ,γελικοῖς
2436 3359 2789 3432 κηρύγμασιν
2824 3361 2858 3431 ή
2893 3360 2987 3413 ὑπ’
3014 3359 3263 3431 οὐρανὸν,
3312 3362 3406 3416 καὶ
3440 3362 3675 3432 γέγονεν
3707 3367 3769 3419 ἐν

2171 3453 2314 3507 ἔθνει
2362 3453 2527 3506 παντὶ
2552 3452 2648 3505 καὶ
2707 3451 2763 3505 ἐν
2807 3450 2958 3523 πάσῃ
3004 3449 3063 3504 δὲ
3112 3449 3268 3523 χώρᾳ
3304 3452 3446 3523 μέγα
3488 3453 3550 3507 τὸ
3583 3455 3770 3528 ὄνομα

2170 3542 2355 3598 αὑτοῦ.
2408 3541 2579 3604 Αὐτὸς
2632 3540 2742 3613 γὰρ
2793 3536 2862 3611 ἦν
2922 3539 2977 3607 ἡ
3011 3539 3348 3609 προσδοκία
3393 3542 3504 3596 τῶν
3554 3543 3767 3611 ἐθνῶν,

2169 3635 2313 3689 κατὰ
2351 3633 2452 3705 τὴν
2500 3633 2594 3686 τοῦ
2643 3633 2924 3704 προφήτου
2964 3633 3171 3704 φωνὴν,
3217 3633 3311 3687 καὶ
3351 3633 3500 3705 αὐτῷ
3542 3636 3769 3709 κάμψει

2174 3744 2196 3778 ι
2273 3726 2382 3780 πᾶν
2443 3724 2611 3794 γόνυ,
2672 3723 3048 3795 ἐπουρανίων,
3124 3725 3221 3779 καὶ
3279 3726 3535 3795 ἐπιγείων
3559 3762 3576 3792 ,
3666 3730 3773 3783 καὶ

2168 3812 2575 3888 καταχθονίων,
2594 3815 2690 3869 καὶ
2724 3816 2875 3870 πᾶσα
2900 3816 3126 3885 γλῶσσα
3157 3816 3640 3889 ἐξομολογήσεται·
3680 3821 3769 3875 ὅτι

2168 3908 2376 3978 Κύριος
2431 3906 2640 3977 Ἰησοῦς
2672 3905 2921 3977 Χριστὸς
2962 3908 3043 3970 είς
3081 3905 3239 3973 δόξαν
3275 3905 3410 3961 Θεοῦ
3448 3908 3697 3980 Πατρός.
3743 3930 3766 3963 ι

2167 3997 2653 4067 Συνδεδραμήκασι
2679 3998 2789 4071 γὰρ
2815 3997 2905 4052 διὰ
2926 3997 3165 4061 πίστεως
3194 3997 3282 4051 ἐπ’
3307 3997 3492 4061 αὑτὸν,
3531 4001 3637 4053 καὶ
3667 4002 3773 4055 σὺν

2168 4087 2315 4157 αὑτῷ
2343 4088 2730 4158 κατῳκήκασιν
2778 4092 2837 4142 ἐν
2880 4093 2948 4160 τῇ
2983 4090 3117 4159 ἀγίᾳ
3163 4088 3258 4142 καὶ
3306 4093 3471 4161 νοητῇ
3509 4091 3685 4158 Σιὼν,
3719 4094 3775 4147 οἱ

2166 4182 2233 4234 ἐκ
2259 4178 2512 4250 περάτων
2535 4176 2635 4249 τῆς
2663 4179 2791 4249 γῆς,
2820 4179 3093 4249 ἐγνώκασι
3121 4197 3183 4233 τε
3214 4180 3421 4248 σαφῶς,
3452 4183 3537 4234 ὅτι
3581 4185 3778 4250 οὕτως

2166 4270 2457 4342 ἠγάπησεν
2484 4273 2514 4325 6
2544 4270 2677 4334 Θεὸς
2707 4271 2800 4325 τὸν
2826 4270 3052 4342 κόσμον,
3088 4289 3108 4324 ι
3142 4270 3283 4324 ὥστε
3306 4271 3398 4324 τὸν
3425 4271 3555 4325 Υίὸν
3591 4278 3777 4333 αὑτοῦ

482 4340 643 4427 nobis
682 4340 753 4424 de
791 4367 933 4424 coelo
972 4366 1166 4422 Filium
1209 4381 1366 4422 suum
1411 4366 1593 4431 Pater,
1628 4365 1963 4423 Salvatorem
2007 4378 2062 4423 et

2167 4340 2258 4418 τὸν
2286 4340 2552 4435 μονογενῆ
2581 4362 2830 4428 δέδωκεν,
2861 4340 2948 4417 ἵνα
2971 4364 3080 4428 πᾶς
3104 4364 3133 4416 6
3161 4363 3434 4418 πιστεύων
3461 4366 3539 4429 είς
3565 4369 3775 4437 αὐτὸν,

484 4464 1002 4531 licdemptorem.ut
1024 4460 1310 4515 credentes
1340 4460 1393 4514 in
1427 4458 1600 4525 illum,
1620 4460 1673 4514 in
1705 4460 1820 4529 ipso
1844 4459 2058 4514 Patrem

485 4555 792 4617 videamus,
819 4562 873 4609 et
901 4561 959 4607 ut
984 4566 1293 4622 expressam
1328 4552 1587 4623 genitoris
1620 4552 1905 4623 imaginem
1934 4566 2058 4607 eum

483 4648 575 4717 qui
611 4661 678 4701 ex
713 4646 829 4716 ipso
863 4644 1157 4700 secundum
1188 4652 1438 4698 naturam
1472 4653 1634 4699 natus
1661 4652 1741 4698 est
1768 4645 2058 4709 intuentes,

482 4738 836 4806 archetypum
883 4735 1182 4805 cogitemus
1203 4732 1272 4787 ”.
1312 4732 1467 4788 Tunc
1509 4733 1800 4801 nimirum,
1838 4743 1964 4789 tunc
2008 4745 2064 4789 et

484 4830 755 4899 possessio
811 4829 927 4899 ejus
979 4825 1147 4882 Judas
1202 4825 1379 4882 factus
1429 4836 1543 4891 est,
1598 4827 1701 4882 hoc
1751 4834 1832 4882 est
1885 4827 2063 4882 omnis

484 4922 747 4974 conlitens
793 4930 844 4974 et
875 4919 1183 4990 gloriﬁcans
1208 4919 1380 4989 ipsum
1411 4935 1426 4973 :
1453 4918 1624 4975 .Iudas
1644 4920 1787 4974 enim
1818 4919 2063 4974 redditur

482 5012 762 5081 confessio.
799 5010 937 5065 Nam
971 5020 1030 5065 ut
1064 5019 1150 5066 est
1181 5010 1321 5081 apud
1352 5009 1576 5066 Paulum
1615 5022 1630 5063 ξ
1674 5028 1694 5063 ι
1734 5008 1849 5066 Non
1882 5011 1972 5081 qui
2007 5011 2059 5065 in

2171 4456 2246 4529 μή
2277 4455 2569 4526 ἀπόληται,
2591 4453 2706 4508 ἀλλ’
2734 4453 2836 4528 ἔχῃ
2862 4452 3007 4525 ζωὴν
3039 4454 3278 4513 αἰώνιον.
3312 4473 3332 4508 ι
3370 4455 3778 4522 Ἐξαπέστειλε

2165 4548 2272 4619 γὰρ
2308 4548 2441 4617 ἡμῖν
2469 4544 2530 4610 ἐξ
2566 4544 2796 4617 οὐρανοῦ
2838 4544 2929 4599 τὸν
2963 4544 3092 4599 Υίὸν
3119 4546 3285 4600 αὐτοῦ
3321 4548 3600 4625 ῥΠατήρ,
3648 4554 3776 4608 Σω.

2166 4639 2309 4710 τῆρα
2340 4639 2435 4693 καὶ
2468 4637 2782 4710 Λυτρωτὴν,
2813 4637 2903 4691 ἵνα
2936 4637 3330 4704 πιστεύσαντες
3366 4641 3447 4705 εἰς
3475 4642 3683 4710 αὑτὸν.
3717 4648 3779 4701 δν

2168 4730 2319 4801 αὐτῷ
2339 4730 2432 4784 τὸν
2458 4729 2683 4799 Πατέρα
2708 4728 2992 4801 ὀψώμεθα,
3018 4732 3116 4785 καὶ
3139 4730 3217 4796 ὼς
3249 4733 3434 4787 εἰκόνα
3459 4732 3779 4804 βλέποντες

2167 4822 2371 4896 ἀκριϐῆ
2403 4822 2497 4876 τοῦ
2538 4824 2933 4895 γεγεννηκότος
2963 4824 3056 4877 τὸν
3081 4824 3143 4891 ἐξ
3180 4823 3344 4878 αὐτοῦ
3383 4826 3526 4879 κατά
3566 4834 3777 4901 φύσιν,

2167 4916 2438 4988 ἐννοῶμεν
2480 4916 2544 4969 τὸ
2588 4916 2916 4987 ἀρχέτυπον.
2965 4918 3100 4971 Τότε
3146 4918 3241 4972 καὶ
3288 4918 3488 4990 κλῆρος
3527 4922 3782 4992 γέγονεν

2177 5007 2375 5070 Ἰούδας
2400 5007 2609 5079 Κυρίου
2630 5046 2646 5072 ,
2674 5009 2926 5063 τουτέστι
2966 5010 3077 5073 πᾶς
3114 5011 3143 5062 6
3172 5009 3687 5083 ἐξομολογούμενος
3714 5035 3780 5072 τε

486 5099 774 5156 manifesto
819 5110 903 5155 est
948 5099 1201 5168 Judaeus,
1242 5115 1418 5173 neque
1458 5102 1799 5157 circumcisio
1836 5117 1957 5172 qua:
2009 5104 2060 5158 in

2167 5100 2259 5153 καὶ
2304 5098 2600 5168 δοξολογῶν
2649 5098 2829 5153 αὐτόν·
2868 5099 3308 5171 ἐξομολόγησις
3334 5100 3442 5171 γὰρ
3473 5103 3504 5155 6
3554 5104 3782 5173 Ἰούδας

484 5206 649 5245 carne
682 5192 971 5247 maniieslo
1002 5194 1090 5260 lit,
1123 5194 1217 5249 sed
1251 5193 1343 5261 qui
1378 5193 1430 5247 in
1465 5193 1676 5249 occulto
1700 5191 1916 5250 Iudaeus
1947 5205 2062 5261 est,

485 5293 539 5336 et
571 5283 909 5338 circumcisio
948 5286 1130 5340 cordis
1165 5286 1219 5339 in
1257 5284 1452 5354 spiritu
1474 5325 1488 5349 ,
1523 5299 1627 5338 non
1671 5284 1878 5347 littera,
1912 5286 2066 5354 cujus

2161 5190 2546 5263 ἑρμηνεύεται.
2592 5192 2680 5254 Ὠς
2722 5193 2832 5264 γὰρ
2860 5194 2888 5246 6
2922 5191 3132 5257 Παῦλος
3176 5208 3362 5264 φησιν,
3417 5211 3437 5245 r
3477 5193 3608 5269 Οὐχ
3651 5200 3685 5253 6
3719 5202 3783 5255 ἐν

2166 5282 2243 5353 τῷ
2290 5284 2511 5355 φανερῷ
2578 5284 2848 5351 Ἰουδαῖος,
2903 5284 3026 5338 οὐδὲ
3074 5286 3133 5338 ἐν
3167 5283 3408 5356 φανερῷ
3436 5287 3538 5340 καὶ⁵
3599 5293 3785 5363 σαρκὶ

488 5370 605 5425 laus
638 5385 747 5425 non
787 5387 856 5427 ex
898 5372 1234 5439 hominibus.
1267 5373 1359 5427 sed
1390 5387 1458 5428 ex
1491 5372 1601 5428 Deo
1621 5372 1688 5429 “.
1723 5391 1742 5426 ι
1785 5373 2057 5443 Quotquot

2167 5375 2457 5446 περιτομὴ,
2492 5373 2611 5431 ἀλλ’
2642 5378 2671 5430 6
2703 5377 2762 5430 ἐν
2790 5376 2869 5448 τῷ
2913 5375 3141 5449 κρυπτῷ
3190 5375 3442 5442 Ἰουδαῖός
3476 5378 3642 5450 ἐστι,
3668 5387 3785 5439 καὶ

558 5529 601 5562 ⁸⁸
632 5529 827 5583 Ezech.
852 5545 1041 5591 xxxiv.
1074 5530 1160 5584 l6.
1237 5530 1280 5561 δ’
1307 5529 1323 5582 l
1355 5529 1592 5586 'l'imoth.
1624 5545 1703 5593 ιιι,
1736 5529 1821 5583 l5.

486 5599 532 5631 “
562 5600 698 5654 Psnl.
752 5615 896 5663 XLIX,
957 5600 1008 5653 ὃ.
1111 5601 1155 5631 ⁸⁸
1184 5600 1408 5653 Malach.
1442 5618 1480 5665 ι,
1509 5602 1593 5653 ll.

1898 5529 1944 5560 '°
1974 5527 2064 5582 Joa

2167 5546 2204 5590 ι,
2254 5531 2337 5585 Ill.
2416 5529 2609 5586 "ibid.
2687 5531 2731 5563 "
2770 5532 2926 5587 Rom.
2959 5548 2998 5598 ι,
3027 5532 3118 5588 25.
3194 5531 3238 5564 ⁸³
3272 5531 3477 5588 Baruclt
3513 5550 3614 5600 ιιι,
3683 5533 3780 5595 38.

1706 5602 1749 5685 ξε
1778 5600 2064 5685 Genium

2167 5606 2237 5685 tibi
2263 5604 2394 5685 Angg.
2433 5617 2495 5669 ιι,
2529 5601 2583 5657 8.
2663 5604 2710 5635 ⁸⁷
2739 5602 2982 5676 Philipp.
3025 5619 3083 5670 ιι,
3121 5602 3210 5674 10,
3245 5603 3330 5685 ll.
3405 5602 3656 5664 "Joan.
3690 5625 3784 5681 ιιι,

492 5673 573 5725 ιιι,
653 5671 698 5703 δ’
727 5668 882 5725 Jouu.
920 5685 1029 5738 MV,
1066 5670 1093 5721 7
1120 5686 1270 5739 seqq.
1300 5687 1313 5737 ;
1347 5670 1552 5727 Coloss.
1587 5685 1622 5738 ι,
1658 5671 1740 5725 15,
1821 5671 1864 5702 ⁶⁰
1896 5672 2049 5727 liom.

2172 5670 2262 5738 ιδ,
2290 5668 2382 5725 29.
