3936 6318
259 298 312 352 ιι
1072 291 1610 348 COMMENTARIUS
1648 290 1713 345 IN
1754 291 2154 347 ZACIIARIAM
2194 290 2635 345 PROPHETAM.
3434 289 3502 343 ιε

256 414 523 486 περιτομὴ
559 415 788 486 καρδίας
838 414 896 467 ὲν
926 414 1216 485 πνεύματι,
1249 416 1308 468 οὐ
1352 416 1662 487 γράμματι,
1710 407 1771 468 οὗ
1805 416 1833 467 6

1957 415 2100 485 gitur
2140 414 2610 469 circumcisionem
2657 412 2709 465 in
2755 410 2945 478 spiritu
2989 423 3082 479 per
3124 408 3399 464 Christum
3447 418 3505 462 nt

234 499 471 569 ’ἔπαινος
518 507 620 559 οὐκ
677 505 737 570 ἐξ
788 504 1112 575 ἀνθρώπων,
1154 505 1269 559 ἀλλ’
1297 508 1362 559 ὲκ
1407 506 1561 561 Θεοῦ.
1610 526 1628 559 ι
1672 508 1833 558 Ὅσοι

257 597 543 666 τοιγαροῦν
589 596 687 667 τὴν
722 599 779 649 ὲν
818 596 1088 666 πνεύματι
1134 597 1435 668 περιτομὴν
1469 596 1557 649 διὰ
1596 595 1831 666 Χριστοῦ

210 751 216 757 _
257 690 737 760 πεπλουτήκαμεν,
769 688 967 758 κλῆρος
1001 687 1165 740 αὐτοῦ
1208 690 1512 757 γεγόναμεν
1547 707 1565 739 ι
1607 690 1699 740 ἐπὶ
1735 688 1834 759 τὴν

256 782 357 850 γῆν
407 780 509 849 τὴν
565 780 747 848 ἁγίαν,
789 797 806 830 ι
846 779 932 831 ἵνα
976 778 1075 849 τὴν
1123 779 1234 832 ἄνω
1276 779 1481 848 νοῶμεν
1512 780 1684 842 πόλιν,
1735 778 1834 848 τὴν

257 872 452 942 νοητὴν
494 870 868 940 Ἰερουσαλὴμ,
906 864 973 941 ἦς
1022 871 1273 940 τεχνίτης
1324 871 1418 923 καὶ
1455 870 1783 940 δημιουργὸς
1807 872 1835 921 6

258 963 409 1025 Θεὸς,
449 964 478 1015 6
522 962 752 1033 φιλητήν
784 978 842 1013 τε
883 962 1051 1031 αὐτὴν
1094 962 1188 1015 καὶ
1229 960 1449 1031 αἱρετὴν
1494 961 1832 1031 ποιούμενος.

265 1072 283 1104 ι
327 1055 570 1124 Αίρετιεῖ
616 1054 744 1123 γὰρ,
780 1054 961 1122 φησὶν,
998 1054 1076 1105 ἔτι
1108 1052 1206 1121 τὴν
1262 1052 1632 1123 Ἰερουσαλήμ.
1674 1072 1691 1104 ι
1722 1053 1837 1107 Οὐκ

260 1144 523 1197 ἀπίθανον
579 1143 635 1196 δὲ
693 1143 858 1196 πάλιν
904 1143 1063 1212 εἴπερ
1120 1142 1293 1197 ἒλοιτό
1337 1160 1422 1205 τις
1485 1143 1837 1213 Ἰερουσαλὴμ

259 1236 464 1288 οίεσθαι
504 1236 599 1288 καὶ
630 1234 723 1287 νῦν
764 1234 1080 1304 ὠνομᾶσθαι
1117 1234 1215 1305 τὴν
1259 1235 1605 1306 Ἐκκλησίαν,
1643 1236 1710 1305 ἢν
1744 1236 1838 1287 καὶ

262 1326 393 1379 Θεοῦ
446 1326 601 1379 πόλιν
648 1326 932 1390 ἀποκαλεῖ,
988 1325 1160 1394 λέγων
1219 1327 1248 1377 6
1298 1325 1582 1390 θεσπέσιος
1633 1327 1835 1379 Δαϐίδο

267 1436 284 1467 ι
321 1417 591 1488 Καθάπερ
619 1416 954 1487 ἠκούσαμεν,
986 1416 1127 1471 οὕτω
1156 1416 1251 1469 καὶ
1300 1417 1513 1488 εῖδομεν
1561 1418 1618 1471 ὲν
1686 1419 1838 1473 πόλει

263 1505 469 1573 Κυρίου
515 1504 624 1557 τῶν
666 1505 968 1575 δυνάμεων,
1009 1507 1065 1557 ὲν
1095 1506 1249 1561 πόλει
1293 1505 1386 1560 τοῦ
1428 1506 1564 1560 Θεοῦ
1814 1524 1833 1558 ι

326 1597 711 1650 Εὑλαϐείσθω
740 1596 908 1651 πᾶσα
937 1596 1094 1664 σὰρξ
1129 1597 1248 1653 ἀπὸ
1279 1596 1603 1665 προσώπου
1630 1599 1836 1664 αὐτοῦ,

206 1746 211 1749 μ
264 1683 408 1739 διότι
446 1684 759 1751 ἐγήγερται
782 1685 850 1737 ἐκ
883 1683 1155 1753 νεφελῶν
1194 1687 1378 1753 ἁγίων
1415 1687 1624 1741 αὐτοῦ.

1932 508 2145 561 divitias
2194 505 2607 574 acquisivimus,
2653 502 2930 572 possessio
2975 502 3090 567 ejus
3144 500 3269 553 facti
3317 515 3505 555 sumus

1936 617 1955 650 ι
2006 613 2168 667 super
2213 606 2410 651 terram
2461 602 2727 660 sanctam,
2760 611 2778 643 ι
2828 602 2888 645 ut
2930 605 3177 659 superam
3230 579 3505 645 civitatem

1934 691 2283 754 meditemur,
2309 686 2633 748 Jerusalem,
2660 699 2778 752 qua:
2807 684 2987 737 animo
3014 683 3245 749 videtur,
3272 681 3425 751 cujus
3451 694 3505 735 et

1934 782 2181 836 conditor
2209 780 2350 834 Deus
2380 778 2456 841 σί,
2491 777 2578 845 qui
2608 777 2778 844 ipsam
2808 773 3093 829 amabilem
3122 782 3176 828 et
3216 772 3504 842 optabilem

1936 871 2084 925 facit.
2128 889 2147 922 ι
2200 871 2374 939 Eliget
2432 871 2575 923 eiiim
2633 867 2809 921 adhuc
2858 864 3189 929 Jerusalem,
3229 883 3247 915 ι
3310 865 3501 933 inquit.

1936 962 2059 1016 Non
2103 973 2189 1017 est
2234 962 2454 1029 insuper
2502 956 2889 1028 improbabile,
2937 958 2979 1010 si
3026 958 3146 1027 quis
3194 957 3509 1011 existimare

1936 1056 2109 1121 volet,
2133 1054 2430 1109 Jerusalem
2473 1063 2529 1106 et
2562 1066 2702 1105 nunc
2734 1059 2980 1104 vocatam
3015 1064 3137 1103 esse
3178 1048 3504 1111 Ecclesiam,

1938 1164 2097 1218 quam
2130 1157 2185 1202 et
2214 1146 2307 1201 Dei
2339 1146 2609 1200 civitatein
2638 1142 2855 1197 divinus
2888 1140 3054 1195 David
3088 1140 3356 1203 nominat,
3384 1153 3506 1193 cum

1938 1242 2013 1294 ait
2046 1257 2060 1293 :
2103 1260 2121 1291 ‹
2163 1239 2316 1293 Sicut
2347 1236 2678 1299 audivimus,
2715 1234 2789 1288 ita
2827 1243 2879 1287 et
2912 1232 3175 1297 vidimus,
3206 1232 3257 1285 in
3291 1231 3511 1285 civitate

1943 1328 2151 1385 Domini
2179 1329 2456 1391 virtutum,
2489 1327 2542 1380 in
2574 1325 2790 1381 civitate
2824 1324 2914 1379 Dei
2946 1324 3117 1385 nostri
3138 1324 3203 1376 θ’.
3238 1339 3257 1374 ι

2014 1595 2176 1650 Vens.
2214 1596 2300 1649 1‘6.
2339 1594 2540 1648 Timent
2581 1594 2750 1647 omnis
2788 1608 2911 1646 caro
2955 1608 2986 1645 a
3033 1590 3167 1659 {acie
3207 1592 3355 1660 ejus,
3387 1590 3513 1659 quia

1942 1689 2195 1742 excitatus
2229 1694 2305 1739 est
2331 1701 2358 1738 ε
2388 1684 2605 1736 nubibus
2638 1683 2833 1737 sanctis
2862 1684 2992 1738 suis.

336 1771 452 1839 ΠΤ.
507 1771 865 1841 Ἐπιφώνημα
906 1772 1004 1842 μὲν
1029 1774 1188 1827 τοῦτο
1219 1774 1379 1826 καλὸν
1411 1775 1504 1828 καὶ
1544 1778 1841 1846 ὲπωφελὲς,

2020 1777 2159 1832 XVI.
2215 1776 2505 1830 Pulchrum
2563 1776 2693 1837 hoc,
2743 1784 2794 1828 et
2847 1774 2973 1828 utile
3021 1773 3409 1846 epiphonema,
3460 1781 3517 1825 et

268 1860 358 1912 καὶ
399 1859 731 1929 πρόσκλησις
780 1859 982 1929 ἀγαθὴ,
1028 1862 1142 1923 τοῖς
1186 1861 1460 1935 ἐθέλουσιν
1511 1862 1839 1935 εὐδοκιμεῖν,

267 1953 372 2003 εἴτε
420 1950 549 2021 παρ’
576 1949 741 2003 αὑτοῦ
766 1950 958 2019 γέγονε
981 1951 1075 2005 τοῦ
1102 1952 1258 2019 Θεοῦ,
1293 1934 1405 2008 εἴτε
1433 1956 1537 2027 μὴν
1565 1958 1630 2011 ὲκ
1668 1976 1845 2030 προσ-

270 2042 419 2094 ώπου
469 2040 563 2094 τοῦ
609 2042 966 2112 προφητικοῦ.
1020 2045 1165 2116 Πλὴν
1210 2048 1385 2100 έκεῖνο
1425 2049 1842 2121 περιαθρητέον.

279 2131 364 2191 Ὧς
389 2131 497 2202 γὰρ
522 2132 699 2201 πάντη
730 2149 788 2183 τε
821 2133 912 2186 καὶ
944 2134 1157 2195 πάντως
1178 2136 1560 2209 ἀπολουμένων
1598 2142 1757 2211 οἵπερ
1780 2144 1845 2196 ἂν

267 2223 414 2292 αὐτῷ
481 2222 556 2293 μὴ
618 2222 998 2289 πιστεύσειαν,
1058 2226 1404 2282 εὐλαϐεῖσθαι
1471 2236 1841 2305 προστέταχε·

272 2314 430 2366 τοῦτο
462 2314 558 2367 καὶ
596 2315 756 2377 αὐτὸς
791 2316 818 2366 ὁ
851 2317 1086 2387 Χριστὸς
1114 2318 1212 2389 τὴν
1258 2323 1337 2385 είς
1368 2323 1527 2377 αὑτὸν
1567 2327 1749 2379 πίστιν
1784 2329 1844 2379 ού

270 2403 647 2473 προσιεμένοις
696 2404 964 2474 ἐπεφώνει
1007 2410 1118 2471 τοῖς
1167 2410 1227 2475 ἐξ
1284 2412 1528 2484 Ἰσραήλ·
1576 2433 1594 2467 ι
1653 2417 1844 2487 Ἀμὴν,

269 2494 413 2560 ἀμὴν
440 2493 584 2559 λέγω
615 2494 764 2562 ὑμῖν,
790 2494 884 2549 ἐὰν
916 2496 990 2565 μὴ
1026 2499 1353 2570 πιστεύσητε
1380 2504 1461 2556 ὅτι
1491 2504 1603 2571 ἐγώ
1630 2508 1765 2576 είμι,
1789 2511 1846 2561 ὲν

268 2586 385 2645 ταῖς
434 2584 736 2654 ἁμαρτίαις
785 2585 938 2654 ὑμῶν
990 2588 1385 2643 ἀποθανεῖσθε·
1442 2612 1461 2645 ι
1503 2597 1597 2647 καὶ
1650 2599 1845 2664 πάλιν,

277 2692 294 2725 ι
362 2674 421 2726 Ὁ
476 2674 746 2727 πιστεύων
777 2678 857 2739 εἰς
893 2678 981 2729 τὸν
1025 2679 1171 2746 Υίὸν,
1218 2682 1280 2733 ού
1312 2684 1573 2755 κρίνεται,
1608 2689 1636 2738 6
1674 2688 1729 2741 δὲ
1772 2690 1849 2759 μὴ

274 2764 565 2827 πιστεύων,
601 2766 702 2834 ἤδη
736 2767 1002 2837 κέκριται,
1036 2771 1117 2822 ὅτι
1149 2771 1225 2842 μὴ
1270 2775 1633 2830 πεπίστευκεν
1664 2779 1745 2841 είς
1789 2780 1850 2833 τὸ

270 2856 441 2927 ὄνομα
491 2856 588 2909 τοῦ
647 2858 778 2910 Υἰοῦ
829 2860 922 2912 τοῦ
972 2862 1129 2915 Θεοῦ.
1184 2882 1204 2913 ι
1258 2865 1526 2936 Ταύτῃτοι
1576 2872 1671 2923 καὶ
1702 2871 1850 2935 λίθος

272 2947 721 3017 προσκόμματος,
767 2950 858 3007 καὶ
889 2953 1062 3022 πέτρα.
1106 2955 1403 3012 σκανδάλου
1434 2960 1849 3031 κατωνόμασται

271 3039 525 3110 Χριστός.
584 3041 793 3111 Ὠσπερ
826 3042 933 3112 γάρ
992 3045 1137 3097 ἐστιν
1178 3048 1620 3120 ὁμολογουμένως
1686 3054 1850 3107 καλὸν

271 3128 363 3178 καὶ
408 3128 674 3198 σωτήριον
711 3130 770 3181 τὸ
801 3130 979 3187 πίστει
1009 3136 1304 3202 στεφανοῦν
1335 3139 1518 3202 αὑτὸν,
1568 3140 1709 3193 οὕτω
1755 3145 1850 3196 καὶ
1879 3132 1921 3190 C

269 3214 495 3287 ὀλέθρου
525 3219 803 3287 πρόξενον,
838 3222 897 3277 τὸ
931 3223 1004 3294 μὴ
1031 3224 1375 3281 εὐλαϐεῖσθαι
1404 3231 1494 3285 τὸν
1526 3233 1593 3284 δι’
1624 3235 1770 3303 ἡμᾶς
1795 3237 1852 3287 ἐν

272 3313 384 3373 τοῖς
420 3311 542 3363 καθ’
576 3313 725 3382 ἡμᾶς
755 3316 1035 3382 γεγονότα,
1075 3318 1170 3372 καὶ
1199 3320 1299 3389 οὐχ
1330 3321 1517 3393 ἐτέρου
1544 3340 1637 3376 του
1669 3325 1849 3395 χάριν,

273 3400 306 3471 ἢ
367 3400 459 3454 ἵνα
510 3400 659 3473 σώσῃ
711 3402 772 3455 τὸ
801 3405 1095 3471 ἀπολωλός.
1169 3409 1494 3482 Ἐγηγέρθαι
1549 3415 1606 3467 δὲ
1653 3418 1717 3469 ὲκ
1761 3434 1850 3469 νε·-

272 3492 452 3565 φελῶν
481 3493 651 3561 ἁγίων
684 3495 848 3549 αὑτὸν
874 3498 1168 3569 νομιοῦμεν
1199 3502 1380 3566 πάλιν,
1412 3504 1488 3567 ὡς
1525 3506 1583 3571 ἐξ
1615 3507 1853 3577 ἠρεμίας

269 3585 370 3653 τῆς
402 3586 574 3640 πάλαι
614 3587 709 3640 καὶ
751 3589 957 3659 σιωπῆς
989 3590 1289 3661 ἀφιγμένον
1320 3596 1398 3657 εἰς
1432 3595 1643 3666 κίνησιν
1672 3598 1772 3668 τῆς
1797 3600 1855 3653 ὲν

268 3678 406 3748 ἡμῖν
452 3679 754 3751 φροντίδος,
813 3682 1074 3749 γεγονότα
1129 3699 1192 3749 γε
1260 3686 1368 3753 μὴν
1420 3686 1483 3738 ὲκ
1546 3686 1852 3757 σπέρματος

270 3767 445 3835 ἁγίων
495 3769 765 3839 Ἀϐραὰμ,
800 3771 1003 3835 Ἰσαὰκ,
1052 3772 1268 3839 Ἰεσσαὶ,
1309 3776 1403 3828 καὶ
1435 3777 1621 3839 Δαϐὶδ,
1656 3780 1719 3830 ἐκ
1748 3779 1855 3833 τῶν

274 3858 369 3909 σὺν
408 3860 640 3925 ἐκείνοις
664 3863 1190 3933 γενεαλογουμένων,
1220 3865 1315 3929 οὓς
1345 3869 1439 3919 καὶ
1463 3868 1692 3937 νεφέλας
1718 3871 1856 3923 ἀπο·-

273 3951 452 4015 καλεῖ,
473 3952 563 4004 διά
584 3970 665 4005 τοι
697 3954 757 4006 τὸ
795 3955 928 4023 ὑψοῦ
967 3957 1227 4027 φέρεσθαι
1258 3958 1366 4011 τῶν
1388 3960 1558 4026 ἁγίων
1582 3960 1673 4013 τὸν
1707 3962 1853 4027 νοῦν,

276 4044 371 4094 καὶ
414 4046 805 4112 παραιτεῖσθαι
840 4049 937 4117 μὲν
963 4048 1031 4101 τὰ
1062 4050 1152 4104 ἐπὶ
1185 4050 1284 4118 τῆς
1319 4052 1423 4121 γῆς
1463 4053 1554 4105 καὶ
1604 4054 1857 4124 φρόνημα

271 4132 331 4183 τὸ
368 4136 834 4205 κατερριμμένον,
862 4138 1089 4211 ζητεῖ[ν]
1114 4140 1171 4198 δὲ
1206 4142 1405 4211 μᾶλλον
1429 4145 1494 4196 τὰ
1528 4145 1639 4197 ἄνω
1674 4147 1767 4198 καὶ
1801 4148 1858 4197 ἐν

272 4226 380 4287 τοῖς
417 4226 691 4293 οὐρανοῖς,
731 4229 825 4280 καὶ
874 4231 978 4300 μὴν
1017 4233 1111 4289 καὶ
1140 4233 1200 4284 τὸ
1244 4236 1301 4286 ὲν
1330 4234 1479 4299 τάξει
1508 4236 1704 4303 νεφῶν,
1745 4239 1858 4297 τοῖς

269 4320 487 4385 νοητοῖς
521 4317 697 4381 ὑετοῖς
738 4321 1026 4391 κατάρδειν
1069 4324 1305 4394 ἑτέρους.
1344 4326 1462 4378 Ὅτι
1506 4326 1563 4379 δὲ
1591 4326 1689 4397 τὴν
1732 4326 1860 4380 ἀνά-

271 4420 464 4460 στασιν
507 4409 701 4471 ἐννοεῖ,
741 4411 1148 4485 πληροφορήσει
1189 4416 1351 4469 πάλιν
1387 4416 1550 4479 αὐτὸς
1588 4418 1616 4469 6
1643 4418 1855 4489 Σωτὴρ,

267 4497 355 4551 διὰ
378 4501 485 4569 τῆς
515 4500 611 4557 τοῦ
633 4502 942 4570 Ψάλλοντος
968 4509 1152 4578 φωνῆς
1178 4507 1320 4563 οὕτω
1350 4510 1549 4578 λέγων·
1581 4529 1599 4562 ι
1631 4512 1858 4566 Ἕνεκεν

1947 1870 2245 1925 cohortatio
2274 1868 2413 1923 bona
2444 1866 2749 1922 volentibus
2782 1869 2914 1921 bene
2948 1867 3164 1932 audire,
3196 1866 3309 1918 sive
3341 1879 3371 1918 a
3406 1863 3516 1919 Deo

1944 1971 2055 2026 est,
2085 1962 2200 2016 sive
2244 1976 2308 2015 ex
2361 1974 2589 2027 persona
2632 1959 2924 2027 prophetar.
2960 1957 3339 2011 Verumtamen
3388 1956 3516 2010 illud

1945 2053 2392 2109 considerandum
2420 2052 2725 2121 diligenter.
2750 2050 2970 2104 Timere
2994 2049 3138 2104 enim
3165 2049 3340 2116 jubet,
3362 2048 3519 2116 quasi

1946 2146 2169 2215 perditis
2217 2146 2460 2215 penitus,
2505 2145 2813 2213 quicunque
2861 2132 2963 2210 ipSi
3012 2156 3116 2196 non
3164 2141 3513 2194 crediderint.

1948 2238 2060 2307 line
2100 2246 2152 2291 et
2188 2238 2300 2305 ipse
2333 2236 2583 2290 Christus
2614 2234 2873 2289 lsraelitis
2910 2234 3067 2287 ﬁdem
3107 2233 3159 2287 in
3198 2233 3367 2301 ipsum
3407 2246 3516 2290 non

1949 2324 2355 2379 admittentibus
2384 2323 2707 2386 minabatur,
2726 2337 2848 2377 cum
2874 2322 3077 2376 diceret
3104 2338 3119 2374 :
3156 2338 3172 2371 ι
3202 2322 3370 2374 Amen
3396 2321 3519 2373 dico

1948 2417 2129 2481 vobis,
2162 2415 2261 2469 nisi
2293 2414 2631 2469 credideritis
2654 2414 2779 2482 quia
2809 2428 2909 2483 ego
2942 2427 3055 2467 sum
3077 2450 3092 2475 ,
3126 2411 3427 2465 moriemini
3464 2412 3519 2464 in

1947 2508 2184 2577 peccatis
2224 2506 2512 2569 vesuis”;
2562 2523 2581 2556 ι
2628 2515 2682 2559 et
2726 2504 2919 2557 iterum
2966 2518 2980 2557 :
3034 2521 3054 2553 ι
3104 2503 3203 2568 Qui
3252 2502 3425 2556 credit
3465 2503 3519 2555 in

1952 2598 2178 2662 Filium,
2215 2613 2320 2651 non
2353 2597 2651 2664 judicatur;
2688 2595 2776 2663 qui
2812 2604 2992 2647 autem
3029 2608 3138 2647 non
3174 2594 3375 2656 credit,
3406 2594 3519 2662 jam

1944 2690 2214 2758 judicatus
2243 2698 2345 2754 est,
2369 2688 2493 2756 quia
2521 2702 2625 2740 non
2651 2686 2880 2740 credidit
2901 2687 2952 2739 in
2979 2686 3192 2740 nomine
3210 2686 3375 2756 672
3401 2685 3519 2738 Filii

1953 2780 2042 2833 Dei
2072 2780 2136 2833 “.
2180 2797 2199 2831 ι
2240 2779 2444 2833 Idcirco
2476 2787 2529 2832 et
2565 2779 2697 2851 lapis
2730 2777 3048 2832 offensionis
3084 2787 3138 2831 et
3172 2788 3321 2847 petra
3358 2793 3518 2850 scan-

1951 2872 2056 2924 dali
2112 2870 2288 2924 dictus
2340 2881 2423 2923 est
2468 2869 2714 2924 Christus
2740 2870 2805 2922 ".
2851 2868 3310 2936 Quemadmodum
3366 2871 3508 2923 enim

1952 2966 2087 3017 citra
2125 2962 2514 3016 dubitationem
2561 2960 2841 3029 cujusdam
2886 2960 3152 3016 laudabile
3189 2968 3244 3014 et
3285 2960 3522 3014 salutare

1952 3065 2035 3109 est
2059 3053 2159 3108 [ide
2183 3053 2356 3120 ipsum
2384 3050 2669 3116 honorare,
2690 3051 2760 3104 ita
2784 3059 2839 3105 et
2859 3053 3144 3106 exitiosum
3174 3068 3280 3107 non
3314 3054 3521 3115 timere,

1953 3150 2043 3219 qui
2080 3157 2296 3219 propter
2336 3161 2432 3201 nos
2467 3154 2649 3201 nostra
2698 3146 2956 3216 suscepit,
2990 3160 3087 3200 nec
3120 3144 3223 3200 alia
3260 3148 3323 3202 de
3357 3162 3522 3208 causa

1954 3253 2113 3308 quam
2162 3247 2220 3291 ut
2259 3236 2490 3291 salvaret
2528 3236 2669 3304 quod
2718 3237 2952 3305 perierat
2978 3233 3043 3295 “.
3081 3234 3387 3293 Excitatum
3420 3252 3520 3290 au-

1957 3340 2063 3385 tem
2108 3330 2277 3399 ipsum
2310 3344 2375 3382 ex
2421 3326 2651 3382 nubibus
2689 3327 2891 3381 sanctis
2918 3326 3028 3388 suis
3068 3337 3328 3399 praeterea
3369 3338 3526 3396 puta-

1955 3421 2152 3483 bimus,
2172 3428 2229 3473 ut
2254 3418 2344 3488 qui
2371 3433 2435 3472 ex
2462 3418 2679 3486 antiqua
2709 3417 2889 3486 quiete
2913 3426 2967 3471 et
2988 3417 3201 3471 silentio
3229 3420 3294 3471 ad
3323 3427 3524 3473 motum

1957 3509 2339 3567 sollicitudinis
2384 3509 2531 3563 circa
2575 3523 2671 3563 nos
2710 3508 2951 3573 venerit,
2989 3517 3170 3562 natum
3216 3522 3282 3566 ex
3324 3509 3530 3562 semine

1956 3614 2265 3661 sanctorum
2296 3602 2588 3666 Abraham,
2623 3601 2790 3665 Isaac,
2811 3599 2981 3666 Jesse,
3006 3610 3061 3655 et
3093 3599 3277 3665 David,
3312 3608 3366 3655 et
3394 3600 3529 3653 alio-

1957 3712 2075 3751 rum
2115 3696 2203 3765 qui
2240 3696 2293 3749 in
2335 3694 2524 3748 ordine
2556 3692 2914 3763 generationis
2949 3692 3200 3759 deinceps
3238 3706 3531 3745 recensen-

1959 3798 2066 3850 tur,
2097 3800 2232 3854 quos
2271 3792 2326 3839 et
2358 3784 2527 3838 nubes
2560 3782 2821 3850 appellat,
2850 3784 2991 3853 quod
3028 3790 3340 3834 sanctorum
3380 3796 3532 3839 mens

1957 3880 2186 3933 sublime
2239 3877 2469 3941 feratur,
2533 3884 2589 3929 et
2639 3883 2848 3928 terrena
2900 3874 3243 3946 cogitataqne
3298 3871 3528 3926 humilia

1958 3970 2233 4039 repudiet,
2266 3978 2320 4021 et
2359 3981 2589 4035 superna
2633 3966 2809 4034 potius
2868 3980 2931 4019 ac
2973 3965 3215 4023 cmiestia
3262 3973 3469 4035 quzcrat
3514 3979 3530 4017 :

1959 4060 2275 4128 quinetiam,
2308 4070 2457 4110 more
2505 4055 2747 4120 nubium,
2783 4056 2977 4123 pluviis
3011 4070 3130 4123 quae
3163 4054 3534 4124 intelliguntur

1962 4165 2059 4204 nec
2084 4156 2365 4218 apparent,
2390 4147 2527 4201 alios
2553 4146 2759 4215 irriget.
2779 4145 2931 4211 Quod
2966 4156 3145 4199 autem
3171 4143 3532 4199 exsurrectio—

1962 4254 2082 4295 nem
2133 4238 2428 4307 intelligat,
2466 4252 2681 4291 rursum
2731 4235 2977 4290 Salvator
3022 4236 3137 4302 ipse
3189 4235 3531 4298 tcStilicatur,

1961 4346 2093 4386 voce
2125 4328 2523 4398 Psalmographi
2558 4329 2629 4382 ita
2660 4327 2883 4397 loquens
2914 4350 2925 4381 :
2960 4346 2978 4378 ‹
3010 4326 3237 4394 Propter
3261 4326 3532 4381 miseriam

1964 4422 2181 4490 inopum
2218 4429 2271 4474 et
2295 4420 2550 4489 gemitum
2582 4432 2893 4488 pauperum,
2931 4431 3073 4470 nunc
3096 4431 3383 4486 exsurgam
3410 4416 3475 4470 ⁸⁷.
3508 4434 3528 4467 ι

1961 4513 2243 4566 Excitatus
2276 4519 2361 4565 est
2392 4509 2575 4577 igitur,
2616 4510 2718 4563 hoc
2757 4517 2840 4563 est
2907 4517 3088 4561 motus
3123 4516 3207 4560 est
3237 4509 3301 4561 de
3339 4516 3534 4564 cmtero

266 4588 366 4657 τῆς
422 4590 810 4664 ταλαιπωρίας
852 4597 961 4651 τῶν
1011 4600 1242 4669 πτωχῶν
1286 4601 1377 4653 καὶ
1422 4601 1514 4655 τοῦ
1554 4604 1846 4673 στεναγμοί

1961 4603 2027 4657 ad
2057 4603 2332 4656 ferendam
2366 4616 2521 4669 opem
2556 4598 2767 4653 miseris
2797 4607 2849 4651 et
2877 4596 3090 4652 anlietis
3120 4613 3284 4666 super
3309 4607 3533 4659 terram,

266 4680 376 4736 τῶν
414 4683 677 4753 πενήτων
716 4685 810 4737 νῦν
847 4688 1244 4760 ἁναστήσομαι.
1305 4709 1324 4742 ι
1386 4691 1713 4765 Ἐγήγερται
1749 4695 1846 4747 τοί·

1964 4694 2080 4764 lpse
2112 4705 2292 4747 autem
2324 4692 2589 4747 malorum
2618 4689 2856 4744 omnium
2889 4697 2971 4743 est
2994 4687 3189 4742 solutio
3209 4728 3223 4755 ,
3256 4696 3308 4740 ct
3339 4686 3536 4740 veteris

268 4785 386 4836 νυν,
434 4774 715 4839 τουτέστι,
750 4779 1032 4847 κεκίνηται
1068 4780 1253 4835 λοιπὸν
1293 4785 1372 4848 είς
1406 4786 1724 4853 ἐπικουρίαν
1753 4789 1846 4847 τοῖς

1966 4785 2233 4839 maledicti
2260 4784 2401 4847 ﬂuis,
2420 4793 2473 4838 et
2498 4782 2822 4853 principium
2853 4774 3030 4834 omnis
3058 4780 3207 4846 boni,
3227 4787 3280 4833 et
3309 4778 3537 4848 largitor

268 4860 360 4914 ἐπὶ
405 4864 517 4933 τῆς
566 4863 670 4932 γῆς
708 4869 1044 4937 πεπραχόσιν
1093 4870 1311 4935 ἀθλίως.
1362 4872 1534 4936 Αὐτὸς
1574 4873 1632 4926 δὲ
1683 4877 1715 4945 ἡ
1756 4875 1846 4927 τῶι

1964 4877 2075 4946 spei
2107 4877 2230 4930 vitae
2259 4876 2621 4945 sempiternar.

269 4953 461 5004 κακῶν
513 4954 775 5007 ἁπάντων
824 4956 995 5021 λύσις,
1048 4961 1140 5013 καὶ
1182 4961 1283 5030 τῆς
1331 4964 1564 5033 ἀρχαίας
1613 4966 1751 5035 ἀρᾶς
1799 4964 1860 5016 τὸ
1897 4967 2092 5038 πέρας,
2156 4967 2250 5021 καὶ
2283 4964 2426 5037 ἀρχὴ
2490 4964 2584 5017 τοῦ
2628 4962 2832 5027 παντὸς
2858 4962 3083 5032 ἀγαθοῦ.
3129 4961 3221 5015 καὶ
3266 4957 3425 5038 δοτὴρ
3455 4957 3539 5010 ἕλ’

270 5044 420 5109 πίδος
454 5047 563 5115 τῆς
591 5048 671 5109 είς
702 5046 873 5102 αίῶνα
904 5051 994 5104 τὸν
1026 5054 1307 5121 μέλλοντα.

888 5188 1139 5244 ΚΕΦΛΛ.
1182 5191 1255 5243 Γ’.

2614 5194 2764 5251 CAP.
2803 5194 2929 5251 lll.\

2042 5308 2206 5385 Vens.
2236 5330 2283 5395 l,
2306 5330 2358 5384 2.
2387 5328 2449 5382 Ει
2475 5329 2699 5383 ostendit
2726 5328 2850 5389 milia"
2882 5327 3131 5379 Dominus
3156 5324 3337 5380 Jesmn
3368 5346 3543 5382 sacer-

1971 5425 2143 5477 dotem
2182 5439 2426 5492 magnum
2470 5432 2690 5476 stantem
2726 5430 2845 5473 ante
2879 5420 3063 5489 faciem
3097 5419 3270 5492 angeli
3309 5422 3539 5481 Domini.

338 5314 451 5365 Καὶ
497 5312 701 5374 ἐδειξέ
743 5334 845 5385 μοι
881 5322 1093 5391 Κύριος
1134 5326 1377 5393 Ἰησοῦν
1416 5328 1522 5382 τὸν
1562 5331 1726 5398 ἱερέαΔ
1758 5330 1864 5383 τὸν

266 5402 463 5473 μέγαν
517 5407 756 5462 ἑστῶτα
798 5414 910 5480 πρὸ
953 5416 1274 5483 προσώπου
1319 5421 1575 5490 ἀγγέλου
1607 5394 1862 5491 -Κυρίοιμ

342 5608 386 5638 ιι
421 5608 601 5661 nam.
637 5622 714 5662 xi.
752 5606 837 5660 l0.
939 5609 982 5640 ⁶¹
1016 5608 1156 5664 Psal.
1193 5629 1357 5676 κιγιι,
1388 5618 1441 5669 9.

271 5691 433 5745 κνιιι,
472 5679 567 5732 Η.
649 5678 692 5712 ⁸⁷
730 5676 868 5730 l’sal.
905 5680 1056 5741 n.6,

653 5770 928 5830 PATROL.
965 5771 1078 5831 Gn.
1116 5772 1346 5835 LXXII.
3148 5774 3184 5835 2

1546 5616 1589 5647 ⁸³
1618 5616 1773 5672 Joan.
1806 5633 1846 5672 v1

1954 5615 2046 5679 24.
2153 5616 2197 5648 ⁸⁵
2229 5613 2380 5675 Joan.
2411 5629 2495 5682 tu,
2524 5613 2609 5667 18.
2727 5613 2770 5645 ⁸⁸
2797 5613 2818 5671 l
2846 5612 2987 5670 Petr.
3025 5628 3083 5687 tt,
3122 5614 3176 5669 8.
3283 5615 3326 5646 “
3350 5614 3540 5672 Matth.
