3936 6318
424 225 495 280 33
1416 211 1472 267 S.
1515 209 1789 268 CYRILLI
1830 205 2294 261 ALEXANDRINI
2339 201 2656 259 ARCHIEP.
3610 201 3684 252 ιι

427 340 495 393 Et
527 335 765 391 diabolus
796 335 963 388 stabat
996 351 1026 387 ιι
1058 333 1258 388 dextris
1288 331 1422 396 eius,
1451 341 1506 384 ut
1536 333 1900 385 adversaretur
1931 329 1998 382 ei.

2109 325 2214 380 Kal
2264 328 2296 379 ό
2332 323 2610 390 διάϐολος
2655 319 2916 386 εἱστήκει
2959 319 3027 371 ἐκ
3069 314 3276 381 δεξιῶν
3327 314 3534 376 αὐτοῦ,
3576 315 3684 368 τοῦ

424 431 494 485 Et
534 429 669 483 dixit
708 427 962 482 Dominus
1001 425 1069 478 ad
1105 423 1374 478 diabolum
1410 439 1426 477 :
1466 421 1704 491 Increpat
1741 421 1996 476 Dominus

423 521 476 573 in
512 528 592 586 te,
618 517 854 580 diabole,
875 526 922 569 et
956 515 1180 580 increpet
1214 515 1267 568 in
1299 524 1348 568 te
1379 514 1468 582 qui
1500 513 1651 582 elegit
1679 511 1995 567 Jerusalem.

425 605 615 661 Nonne
643 621 758 660 ecce
785 604 882 657 hoc
910 610 965 656 ut
995 602 1152 656 torris
1179 611 1442 656 extractus
1469 617 1533 656 ea:
1559 603 1676 671 igne
1694 603 1720 655 7

491 863 657 920 XV".
720 863 972 918 Narratio
1019 861 1280 916 visionem
1333 861 1595 927 continet,
1628 869 1998 918 verumtamen

424 972 642 1012 sensum
681 955 843 1009 habet
896 953 1234 1017 historicum,
1284 951 1383 1004 sub
1428 950 1712 1021 aenigmate
1763 965 1820 1003 se
1872 949 2002 1003 insi-

426 1057 681 1103 nuantem
719 1055 771 1102 et
804 1057 861 1099 ut
889 1045 1123 1115 imagine
1155 1044 1350 1098 iterum
1379 1041 1560 1098 Jesum
1589 1042 1999 1097 describentem.

421 1143 736 1198 Tenendum
767 1153 951 1210 porro,
991 1137 1303 1207 prophetam
1343 1136 1546 1190 visione
1570 1135 1680 1204 jam
1712 1151 1771 1188 re
1822 1133 2000 1204 perfe-

420 1245 506 1290 cla
559 1243 610 1286 et
638 1232 704 1302 ad
724 1231 926 1286 exitum
964 1228 1188 1288 deducta
1229 1225 1388 1281 verba
1451 1225 1647 1279 facere.
1677 1225 1767 1278 Est
1819 1235 2000 1278 autem

421 1337 758 1394 nequaquam
786 1319 1058 1374 fabulosus
1081 1333 1279 1382 sermo,
1306 1333 1479 1386 neque
1509 1318 1576 1370 ab
1600 1316 1844 1371 inStitulo
1877 1315 2005 1369 alie-

422 1433 543 1480 nus,
573 1429 746 1483 neque
784 1414 986 1467 otiosas
1017 1408 1355 1464 narrationes
1398 1417 1646 1462 acervat:
1701 1422 1910 1470 verum,
1949 1415 2007 1458 ut

421 1509 552 1572 dixi,
609 1505 874 1576 principio
929 1513 1216 1573 antequam
1276 1485 1576 1564 evenirent,
1603 1499 1706 1554 ista
1766 1498 1921 1563 vidit,
1955 1510 2009 1555 et

420 1601 743 1653 annuntiare
803 1611 1055 1667 maguum
1106 1609 1290 1663 operae
1345 1591 1576 1659 pretium
1657 1589 1826 1654 ducit,
1877 1590 2003 1643 dum

2100 415 2466 471 ἀντικεῖσθαι
2499 413 2676 478 αὐτῷ,
2720 411 2830 466 Kal
2859 405 2991 464 εἷπε
3033 411 3182 476 πρὸς
3218 407 3324 460 τὸν
3364 405 3681 460 διάϐολον·

2117 504 2487 574 Ἐπιτιμήσαι
2517 505 2732 572 Κύριος
2769 501 2838 554 ἐν
2880 500 3001 562 σοι,
3049 497 3309 560 «Statio/te,
3357 497 3453 551 καὶ
3495 497 3686 550 ἐπιτι-

2096 603 2288 669 μῆσαι
2335 598 2404 650 ἐν
2452 596 2552 649 σοι
2596 597 2628 648 ὀ
2658 592 3062 661 ,ἐκλεξάμενος
3108 590 3223 658 τὴν
3265 588 3684 658 Ἰερουσαλήμ.

2115 694 2235 745 Οὐκ
2301 688 2429 743 ἰδοὺ
2485 687 2658 740 τοῦτο
2723 685 2803 750 ὡς
2857 683 3043 748 δαλὸς
3107 679 3562 750 ἐξεσπασμένος
3614 680 3689 732 ἐκ
3781 688 3784 691 ‘

2105 783 2292 848 πυρός
2317 798 2335 845 ;

2177 873 2274 926 lZ'.
2321 871 2548 940 Ὅρασις
2601 867 2701 936 μὲν
2748 864 2809 917 τὸ
2855 864 3120 935 διήγημα.
3165 862 3304 932 πλὴν
3359 861 3472 930 ἔχει
3524 860 3688 928 λόγον

2107 961 2415 1031 ἰστορικὸν,
2467 953 2879 1025 αἰνιγματωδῶς
2934 953 3305 1014 εἰσϐάλλοντα,
3365 951 3458 1004 καὶ
3505 950 3580 1013 ὡς
3627 949 3690 1002 ἐν

2105 1052 2272 1106 εἰκόνι
2318 1049 2479 1102 πάλιν
2506 1047 2583 1116 τῷ
2633 1044 2807 1115 Ἰησοῦ
2855 1043 3450 1114 προσδιαγραφόμενον.
3489 1041 3690 1094 ’ἰστέον

2105 1143 2182 1206 δὲ,
2216 1144 2297 1194 ὅτι
2326 1140 2434 1194 τῶν
2478 1141 2536 1192 ἐν
2556 1141 2676 1202 ταῖς
2702 1138 2956 1208 ὁράσεσιν
2982 1138 3059 1198 εἰς
3085 1137 3258 1206 πέρας
3285 1133 3688 1205 ἐκϐεϐηκότων,

2104 1236 2233 1298 τοὺς
2259 1234 2388 1304 περὶ
2412 1232 2590 1287 αὐτῶν
2613 1234 2640 1284 6
2663 1231 2945 1301 προφήτης
2971 1232 3202 1282 ποιεῖται
3228 1227 3437 1295 λόγους.
3472 1229 3692 1280 Εἰκαιο-

2111 1325 2284 1397 μυθὴς
2319 1325 2375 1378 δὲ
2419 1322 2693 1394 οὐδαμῶς,
2727 1322 2848 1375 οὐδὲ
2861 1320 2986 1392 υμὴν
3011 1320 3239 1373 κατόπιν
3265 1319 3377 1370 τῶν
3403 1317 3690 1387 ἐπιτηδευ-

2112 1420 2294 1488 μάτων
2355 1417 2627 1488 ἕρχεται,
2661 1415 2756 1468 καὶ
2820 1411 3086 1483 περιττῶν
3145 1413 3276 1481 ἡμῖν
3336 1410 3691 1480 διηγημάτων

2111 1508 2338 1581 σωρεύει
2382 1508 2571 1579 ὄχλον·
2615 1507 2756 1569 ἀλλ’,
2789 1505 2866 1568 ὡς
2903 1503 3058 1574 ἔφην,
3106 1504 3165 1556 ἐν
3207 1503 3401 1574 ἀρχαῖς
3443 1501 3548 1572 πρὸ
3578 1500 3689 1553 τῶν

2111 1601 2446 1669 πραγμάτων
2469 1596 2720 1650 τεθέαται
2757 1594 2951 1657 ταῦτα,
2983 1593 3076 1646 καὶ
3109 1591 3474 1660 ἀπαγγέλλειν
3519 1591 3691 1643 ποιεῖ-

420 1693 492 1746 ita
527 1690 738 1748 erudiat
769 1697 822 1743 et
858 1663 1028 1741 tutum
1057 1685 1244 1740 reddat
1289 1682 1566 1746 lsraelem,
1619 1695 1689 1736 ne
1736 1680 2004 1735 similibus

2109 1663 2196 1744 ται
2235 1663 2369 1760 *περὶ
2408 1689 2626 1751 πολλοῦ,
2671 1689 2833 1756 σοφόν
2859 1703 2918 1740 τε
2944 1685 3038 1739 καὶ
3064 1685 3277 1755 ἀσφαλῆ
3307 1683 3567 1746 καθιστὰς
3594 1682 3688 1735 τὸν

421 1799 540 1838 sese
575 1783 786 1838 delictis
835 1780 1030 1836 iterum
1097 1777 1355 1843 involvat,
1407 1777 1711 1844 iterumque
1763 1774 2007 1843 captivus

424 1876 513 1928 tiat
534 1916 547 1940 ,
580 1875 759 1928 sciens
790 1888 850 1927 se
880 1872 1143 1926 salvatum
1171 1885 1292 1924 cum
1322 1869 1524 1929 labore,
1551 1876 1607 1920 et
1630 1865 2002 1920 liberationem

423 1977 635 2032 quoque
681 1962 782 2032 ipsi
812 1976 946 2029 opus
979 1969 1098 2014 erat
1149 1959 1376 2029 gratiam
1417 1955 1582 2028 673
1619 1955 2003 2024 propemodum

423 2056 507 2110 vel
539 2056 671 2122 ipsis
701 2056 752 2108 in
787 2052 923 2108 caelo
951 2051 1156 2122 angelis
1189 2064 1333 2105 cura:
1391 2064 1453 2102 ac
1487 2048 1835 2102 sollicitudini
1871 2045 2006 2101 fuis-

424 2164 503 2206 se.
527 2149 614 2203 Ait
639 2163 766 2214 ergn
793 2161 851 2201 se
880 2144 1075 2198 vidisse
1097 2150 1326 2197 stantem
1356 2139 1622 2210 angelum,
1645 2148 1700 2193 et
1727 2153 1909 2192 coram
1942 2151 2006 2192 eo

423 2239 606 2295 Jesum
640 2237 804 2298 lilium
829 2235 1054 2290 Josedec
1079 2231 1414 2287 sacerdotem
1450 2244 1723 2299 magnum.
1755 2229 1819 2282 Et
1846 2222 2007 2298 ange-

426 2333 513 2384 lus
545 2328 760 2399 quidem
795 2336 974 2396 typum
1004 2333 1054 2378 et
1085 2321 1371 2392 imaginem
1399 2319 1602 2375 Christi
1623 2319 1844 2390 gerebat
1871 2335 1886 2371 :
1918 2331 2007 2372 sa-‘

428 2423 620 2476 eerdos
651 2428 832 2473 autem
893 2419 1059 2471 totius
1109 2414 1288 2484 populi
1343 2426 1629 2482 personam
1687 2409 2007 2465 sustinuisse

429 2515 602 2575 potest
641 2503 859 2568 intelligi
887 2518 900 2556 :
929 2503 1008 2557 sic
1035 2501 1177 2555 enim
1206 2501 1386 2555 divina
1423 2498 1704 2568 Scriptura
1729 2514 1848 2553 eum
1911 2512 2006 2552 ac-

425 2599 574 2667 cipit.
598 2596 774 2662 Quare
812 2593 1006 2649 alicubi
1041 2593 1106 2648 ad
1142 2591 1322 2648 Mosen
1348 2592 1475 2646 dicit
1522 2592 1660 2646 Deus
1695 2608 1710 2646 :
1739 2608 1757 2642 ι
1790 2589 1856 2643 Ει
1879 2605 2006 2645 ecce

427 2702 523 2756 ego
555 2686 735 2755 accepi
781 2684 996 2738 Levitas
1035 2697 1132 2752 pro
1168 2683 1424 2737 omnibus
1469 2682 1595 2737 liliis
1640 2680 1827 2746 Israel,
1865 2681 2007 2734 dono

430 2779 539 2831 dati
579 2787 707 2832 sunt
739 2777 868 2830 mihi
906 2776 972 2829 °°.
1009 2793 1028 2826 ι
1067 2774 1326 2840 Quocirca
1358 2773 1492 2826 nihil
1539 2774 1798 2827 adversus
1842 2772 2003 2827 deco-

432 2885 548 2923 rum
574 2875 761 2937 peccat
784 2866 976 2932 oratio,
1003 2880 1100 2935 pro
1129 2865 1273 2918 omni
1311 2864 1505 2933 populo
1538 2863 1870 2917 sacerdotem
1917 2878 2006 2917 ac-

427 2958 651 3027 cipiens.
677 2956 968 3027 Postquam
1014 2955 1158 3009 enim
1195 2953 1384 3021 lsrael,
1418 2953 1574 3009 cultis
1613 2953 1768 3008 idolis
1792 2959 2007 3023 spretis-

429 3068 533 3120 que
566 3051 774 3122 legibus
829 3065 923 3120 per
969 3048 1153 3103 Mosen
1199 3047 1343 3113 latis,
1398 3046 1638 3114 abiectus
1687 3057 1771 3102 est
1799 3062 1829 3101 a
1865 3048 2002 3102 facie

432 3141 546 3208 Dei,
575 3141 918 3208 postmodum
966 3139 1114 3209 justa
1160 3137 1212 3191 in
1239 3153 1360 3192 eum
1399 3137 1476 3191 ira
1501 3137 1732 3205 expleta,
1788 3137 2005 3192 miseri-

431 3234 614 3286 cordia
644 3247 672 3284 a
711 3231 818 3285 Deo
844 3240 927 3284 est
949 3230 1192 3296 allectus,
1229 3239 1285 3284 et
1326 3229 1502 3283 denuo
1535 3229 1601 3283 ad
1655 3238 2002 3296 conspectum

431 3324 546 3392 eius
590 3331 891 3377 revocatus.
926 3322 993 3376 Et
1023 3323 1146 3387 hoc,
1177 3321 1388 3390 opinor,
1411 3329 1513 3384 est,
1535 3321 1634 3374 sub
1661 3321 1892 3389 quodam
1928 3322 2009 3374 in-

433 3424 746 3486 tegumento
781 3415 1088 3478 verborum,
1121 3422 1264 3468 stare
1289 3412 1624 3466 sacerdotem
1661 3421 1786 3466 ante
1812 3411 2004 3465 faciem

434 3507 608 3576 angeli
643 3505 876 3560 Domini.
909 3503 964 3556 In
989 3504 1069 3558 ira
1097 3503 1293 3572 quippe
1380 3510 1678 3568 aversatur,
1735 3511 1789 3558 et
1821 3503 2008 3557 oculos

432 3610 674 3654 removet
715 3613 743 3651 a
771 3595 1230 3666 contemptoribus
1251 3611 1268 3646 :
1299 3604 1486 3649 contra
1536 3595 1799 3648 miserans
1836 3596 2011 3648 intue-

433 3701 520 3744 tur
573 3700 626 3744 et
657 3689 896 3760 respicit.
922 3687 1058 3742 Hinc
1091 3696 1144 3740 et
1169 3686 1382 3741 divinus
1405 3685 1611 3741 Psaltes
1639 3689 1832 3740 orabat
1885 3688 1958 3742 ita
1989 3700 2005 3738 :

438 3801 457 3834 ι
493 3781 568 3836 Ne
599 3793 814 3835 avertas
848 3779 1040 3834 faciem
1069 3787 1214 3832 tuam
1249 3792 1277 3831 a
1311 3791 1420 3847 me,
1469 3787 1526 3832 et
1584 3792 1650 3832 ne
1679 3778 1912 3833 declines
1954 3777 2008 3832 in

433 3876 511 3928 ira
546 3890 574 3928 a
609 3887 762 3927 servo
795 3883 887 3926 tuo
915 3870 1014 3922 δ’.»
1052 3869 1118 3924 Ει
1152 3871 1343 3924 iterum
1373 3885 1387 3923 :
1429 3887 1450 3921 ι
1485 3870 1712 3940 Respice
1741 3869 1924 3936 inme,
1957 3878 2013 3924 et

433 3965 692 4019 miserere
713 3960 933 4016 mei'°.t
961 3959 1226 4014 Caeterum
1251 3969 1443 4013 natura
1472 3958 1734 4029 benignus
1775 3969 1827 4013 et
1849 3961 2014 4014 mise-

435 4055 603 4109 ricors
626 4053 766 4108 Deus
794 4051 1043 4107 lsraelem
1074 4065 1104 4105 a
1140 4059 1361 4121 peccato
1389 4050 1672 4106 liberabat.
1700 4050 1798 4115 Qui
1832 4061 2009 4104 autem

433 4146 485 4199 in
511 4145 638 4198 illud
666 4143 950 4198 induxerat
979 4143 1209 4197 Satanas
1238 4143 1436 4207 stabat,
1459 4142 1810 4196 nihilominus
1824 4143 2013 4196 adver-

431 4251 580 4301 sans,
600 4243 654 4289 et
669 4249 729 4288 se
749 4247 1024 4303 opponens
1043 4233 1139 4298 illi,
1164 4243 1218 4288 et
1239 4233 1496 4289 deserens
1513 4232 1661 4285 illum
1684 4233 1921 4302 insuper,
1936 4245 2010 4298 et,

2119 1783 2354 1854 Ἰσραὴλ,
2400 1783 2486 1835 ἵνα
2531 1780 2604 1852 μὴ
2649 1784 2762 1843 τοῖς
2815 1780 2951 1842 ίσοις
2998 1778 3301 1849 πταίσμασι
3349 1775 3684 1848 περιπεσὼν,

2105 1877 2260 1946 ἁλοίη
2295 1875 2389 1929 καὶ
2417 1874 2685 1944 δεύτερον,
2712 1872 2886 1936 εἰδὼς,
2922 1873 3002 1924 ὅτι
3035 1871 3297 1924 σέσωσται
3334 1869 3469 1940 μετὰ
3497 1870 3685 1934 πόνου,

2107 1968 2203 2022 καὶ
2258 1968 2538 2037 μονονουχὶ
2588 1966 2805 2037 φροντὶς
2847 1965 3039 2035 γέγονε
3099 1963 3194 2018 καὶ
3235 1966 3346 2024 τοῖς
3384 1965 3440 2014 ἐν
3473 1959 3687 2032 οὐρανῷ

2106 2057 2359 2125 ἀγγέλοις
2404 2059 2435 2125 ἡ
2481 2056 2569 2109 ἐπ’
2605 2054 2751 2124 αὐτῷ
2796 2053 3062 2125 λύτρωσίς
3092 2070 3148 2106 τε
3184 2052 3277 2105 καὶ
3319 2052 3496 2122 χάρις·
3540 2052 3685 2122 Ἔφη

2107 2147 2317 2212 τοίνυν,
2355 2147 2437 2199 ὅτι
2477 2145 2727 2198 τεθέαται
2779 2145 2876 2214 μὲν
2915 2143 3124 2196 ἑστῶτα
3162 2143 3250 2196 τὸν
3288 2143 3536 2210 ἄγγελον,
3580 2139 3690 2210 πρὸ

2107 2241 2398 2312 προσώπου
2431 2239 2488 2292 δὲ
2526 2237 2690 2291 αὐτοῦ
2734 2237 2822 2290 τὸν
2871 2235 3078 2307 Ἰησοῦν
3125 2235 3217 2287 τὸν
3269 2233 3544 2296 Ἰωσεδὲκ,
3592 2232 3688 2285 τὸν

2109 2333 2259 2404 ἱερέα
2285 2332 2375 2385 τὸν
2413 2330 2606 2401 μέγαν.
2635 2329 2743 2382 Καὶ
2783 2329 2810 2380 6
2847 2327 2944 2398 μὲν
2973 2326 3202 2394 ἄγγελος
3239 2328 3319 2389 εἰς
3374 2325 3555 2378 εἰκόνα
3593 2321 3690 2382 καὶ

2110 2423 2281 2476 τύπον
2317 2423 2554 2492 εἱστήκει
2580 2418 2846 2490 Χριστοῦ·
2891 2419 2918 2470 6
2965 2417 3021 2470 δέ
3054 2433 3116 2486 γε
3150 2417 3328 2488 ἱερεὺς
3375 2415 3588 2485 νοηθείη
3619 2413 3690 2468 ἂν

2085 2514 2230 2570 ,ἀντὶ
2275 2513 2476 2575 παντὸς
2508 2511 2601 2566 τοῦ
2635 2511 2764 2565 λαοῦ
2787 2529 2804 2543 υ
2838 2509 3171 2581 λαμϐάνεται
3207 2508 3316 2580 γὰρ
3347 2508 3488 2562 οὕτω
3537 2508 3688 2578 παρὰ

2108 2604 2229 2666 ταῖς
2269 2604 2442 2666 θείαις
2474 2604 2735 2673 Γραφαῖς.
2764 2602 2873 2654 Καὶ
2904 2600 3033 2668 γοῦν
3059 2599 3159 2668 ἔφη
3195 2616 3294 2652 που
3319 2599 3452 2669 πρὸς
3481 2599 3690 2652 Μωσέα

2109 2695 2277 2758 Θεός·
2317 2715 2335 2746 ι
2394 2694 2503 2747 Καὶ
2553 2694 2661 2746 ἰδοὺ
2706 2692 2818 2761 ἐγὼ
2863 2694 3060 2762 εἴληφα
3111 2695 3236 2755 τοὺς
3284 2693 3516 2754 Λευῖτας
3567 2692 3691 2744 ἀντὶ

2107 2786 2321 2839 πάντων
2351 2784 2458 2836 τῶν
2492 2783 2622 2836 υἱῶν
2659 2782 2892 2853 Ἰσραὴλ,
2919 2782 3056 2851 δόμα
3085 2767 3356 2850 δεδομένοι
3379 2780 3485 2833 εἰσί
3515 2797 3627 2848 μοι.
3662 2799 3681 2831 ι

2111 2873 2368 2942 Ἔρχεται
2411 2871 2474 2943 δὴ
2503 2868 2595 2925 οῦν
2627 2873 2655 2924 6
2685 2871 2840 2939 λόγος
2873 2873 3003 2942 ἡμῖν
3037 2871 3136 2923 οὐκ
3187 2869 3295 2923 ἀπὸ
3343 2869 3546 2922 σκοποῦ
3591 2868 3688 2921 τοῦ

2033 2995 2074 3050 C
2113 2965 2439 3035 πρέποντος,
2476 2963 2595 3016 ἀντί
2629 2963 2828 3025 παντὸς
2868 2961 2962 3014 τοῦ
3001 2959 3129 3012 λαοῦ
3163 2961 3254 3013 τὸν
3289 2961 3437 3030 ἱερέα
3469 2959 3694 3028 δεχομέ-

2107 3071 2236 3115 νοις.
2291 3052 2506 3122 Ἐπειδὴ
2549 3051 2658 3121 γὰρ
2689 3052 2910 3120 γέγονεν
2947 3053 2975 3104 6
3025 3049 3244 3121 Ἰσραὴλ
3288 3052 3351 3103 ἐκ
3394 3051 3691 3120 προσώπου

2104 3141 2262 3207 Θεοῦ,
2313 3141 2690 3213 λελατρευκὼς
2736 3141 2998 3206 εἰδώλοις,
3045 3143 3134 3195 καὶ
3185 3142 3348 3193 αὐτὸν
3391 3142 3447 3195 δὲ
3482 3143 3571 3194 τὸν
3602 3143 3690 3196 διὰ

2104 3234 2351 3298 Μωσέως
2393 3235 2667 3305 ἀτιμήσας
2695 3234 2880 3304 νόμον,
2911 3227 3028 3285 εἶτα
3062 3231 3444 3302 πληρωθείσης
3472 3232 3568 3300 τῆς
3600 3233 3688 3283 ἐπ’

2107 3327 2254 3395 αὖτῴ
2295 3325 2519 3389 δικαίας
2549 3326 2737 3396 ὀργῆς,
2771 3325 2993 3398 ⁸ηλέηται
3031 3324 3181 3395 παρὰ
3224 3324 3379 3386 Θεοῦ,
3425 3323 3690 3394 κέκληταί

2106 3434 2164 3469 τε
2209 3416 2369 3469 πάλιν
2417 3419 2497 3479 εἰς
2537 3415 2659 3484 ὄψιν
2707 3415 2893 3469 αὐτοῦ,
2946 3416 3053 3469 Καὶ
3101 3414 3282 3482 τοῦτο,
3326 3412 3499 3484 οἶμαι,
3538 3417 3686 3468 ἐστὶν

2107 3506 2521 3576 αἰνιγματωδῶς
2562 3507 2621 3560 τὸ
2654 3507 2876 3559 ἑστάναι
2926 3507 3015 3558 τὸν
3061 3505 3209 3576 ἱερέα
3257 3505 3362 3576 πρὸ
3391 3503 3688 3577 προσώπου

2108 3597 2340 3666 ἀγγέλου
2373 3597 2599 3666 Κυρίου,
2661 3598 2746 3649 Ἐν
2785 3597 2919 3668 ὀργῇ
2973 3598 3071 3667 μὲν
3109 3597 3217 3668 γὰρ
3257 3599 3689 3670 ἀποστρέφεται,

2108 3689 2202 3742 καὶ
2228 3689 2552 3759 ἁποκομίζει
2575 3687 2703 3750 τοὺς
2736 3688 3051 3758 ὀφθαλμοὺς
3082 3689 3188 3742 τῶν
3219 3689 3486 3742 εἰωθότων
3514 3708 3690 3743 κατα-

2110 3782 2324 3852 φρονεῖν
2345 3795 2360 3810 ’
2393 3779 2676 3850 οἰκτείρων
2701 3794 2765 3847 γε
2801 3779 2906 3848 μὴν
2937 3780 3107 3848 ἐφορᾷ
3139 3780 3231 3830 καὶ
3275 3779 3686 3834 ἐπισκέπτεται.

2109 3873 2220 3925 Καὶ
2245 3871 2374 3939 γοῦν
2403 3873 2431 3923 6
2459 3870 2742 3933 θεσπέσιος
2771 3870 3072 3940 Ψαλμῳδδς
3104 3871 3655 3942 προσηύχετο,λέγων
3675 3886 3690 3900 ο

2117 3981 2135 4012 ι
2182 3963 2270 4032 Μὴ
2309 3961 2658 4032 ἅποστρέψῃς
2687 3963 2746 4014 τὸ
2787 3961 3078 4030 πρόσωπόν
3128 3979 3220 4014 σου
3270 3963 3363 4014 ἀπ’
3399 3962 3554 4029 ἐμοῦ,
3591 3964 3688 4016 καὶ

2118 4053 2192 4123 μὴ
2215 4052 2469 4124 ἐκκλίνῃς
2495 4054 2554 4105 ἐν
2581 4053 2717 4122 ὀργῇ
2757 4052 2865 4104 ἀπὸ
2889 4052 2984 4105 τοῦ
3015 4049 3198 4105 δούλου
3231 4069 3342 4105 σου.
3383 4072 3401 4103 ι
3433 4054 3541 4105 Καὶ
3581 4054 3690 4108 πά-

2093 4144 2194 4209 ,λιν
2214 4161 2227 4175 ο
2266 4163 2284 4194 ι
2330 4142 2648 4212 Ἐπίὸλεψον
2670 4141 2757 4196 ἐπ’
2784 4143 2902 4214 ἐμὲ,
2930 4143 3024 4196 καὶ
3054 4143 3274 4212 ἐλέησόν
3305 4160 3390 4214 με.
3429 4164 3446 4196 ι
3491 4144 3630 4197 Ἀλλ’
3658 4148 3687 4198 6

2119 4234 2216 4304 μὲν
2257 4233 2417 4302 φύσει
2455 4234 2688 4304 χρηστὸς
2719 4234 2814 4287 καὶ
2860 4234 3250 4303 φιλοικτίρμων
3297 4235 3424 4297 Θεὸς
3459 4235 3686 4305 ήλευθέ-

430 4325 574 4396 quod
607 4326 822 4396 quidem
849 4325 916 4380 ad
951 4325 1231 4380 arbitrium
1268 4339 1333 4380 ac
1370 4323 1700 4378 voluntatem
1737 4323 1903 4392 ipsius
1927 4334 2004 4378 at-

2114 4342 2211 4396 ρου
2255 4326 2353 4395 τῆς
2383 4326 2654 4396 ἁμαρτίας
2687 4325 2777 4378 τὸν
2819 4324 3051 4396 Ἰσραήλ.
3095 4326 3154 4377 '0
3179 4326 3234 4378 δέ
3267 4343 3329 4394 γε
3371 4331 3449 4390 εἰς
3479 4327 3690 4398 ταύτην

434 4419 656 4485 tiuebat,
689 4417 1138 4481 misericordiam,
1165 4423 1223 4470 ιιι
1259 4414 1496 4485 peccatis
1519 4414 1752 4469 obnoxio
1790 4422 1844 4470 et
1904 4415 2005 4468 im-

433 4507 650 4579 pietatis
679 4508 998 4562 criminibus
1049 4505 1264 4562 irretito
1307 4513 1362 4559 et
1387 4502 1586 4558 nullius
1619 4503 1787 4574 frugis
1841 4505 2003 4561 tribui

362 4650 367 4671 ε
433 4615 540 4655 non
579 4598 780 4653 sinens.
819 4615 838 4649 ι
866 4596 1058 4651 Stabat
1085 4596 1252 4661 enim,
1280 4594 1481 4661 inquit,
1505 4607 1568 4648 ac
1592 4594 1797 4651 dextris
1829 4594 2000 4664 ejus”

355 4705 380 4714 ’
433 4689 666 4760 quodam
725 4687 884 4744 modo
923 4688 1142 4742 dextera
1169 4685 1496 4739 destruens:
1533 4699 1637 4738 non
1680 4687 1821 4740 enim
1873 4686 2005 4741 sini-

434 4791 574 4836 atras
602 4797 690 4836 res
721 4789 953 4842 nostras,
990 4777 1084 4832 sed
1119 4776 1338 4831 dextras
1387 4783 1441 4829 et
1495 4775 1788 4834 laudabiles
1839 4793 2008 4848 oppu-

431 4883 578 4946 gnat.
605 4873 715 4928 Hoc
741 4869 1034 4939 contigisse
1056 4868 1271 4924 cuidam
1332 4867 1385 4921 in
1417 4866 1690 4923 Christum
1718 4870 2005 4940 impiorum

432 4964 621 5018 beatus
657 4962 823 5017 David
863 4958 1127 5015 sentiebat
1176 4956 1361 5011 dicens
1394 4973 1407 5010 :
1438 4975 1456 5008 ι
1514 4956 1765 5014 Diabolus
1828 4969 1934 5014 stet
1975 4975 2006 5014 a

435 5053 638 5108 dextris
676 5052 790 5119 ejus
822 5050 922 5104 ⁷⁸.»
965 5046 1366 5102 Adversabatur
1398 5062 1524 5118 ergo
1569 5047 1802 5104 Satanas
1841 5068 1852 5102 :
1911 5052 2005 5105 sed

431 5141 606 5208 angeli
640 5154 769 5194 voce
805 5136 1199 5206 increpabatur.
1230 5134 1444 5188 Au'divit
1501 5137 1644 5190 enim
1678 5139 1943 5192 dicentem
1982 5159 1995 5193 :

436 5249 456 5282 ι
496 5228 738 5300 luerepet
765 5228 1023 5283 Dominus
1071 5227 1123 5282 in
1153 5235 1225 5291 te,
1261 5226 1490 5293 diabole,
1525 5238 1580 5282 et
1609 5229 1850 5297 increpet
1895 5229 2000 5282 Dn-

438 5323 611 5375 minus
646 5323 696 5375 ln
726 5330 796 5384 te,
826 5320 918 5389 qui
943 5319 1102 5390 elegit
1137 5318 1493 5374 Jerusalem.»
1536 5319 1830 5374 Considera
1855 5321 1997 5374 enim

429 5409 701 5478 quomodo
746 5411 887 5464 illico
932 5409 1039 5466 Deo
1087 5409 1337 5465 infestum
1377 5419 1430 5464 et
1485 5409 1733 5478 supernis
1781 5409 1998 5466 calculis

2113 4414 2466 4486 ἐμϐεϐληκὼς
2515 4417 2779 4479 Σατανᾶς,
2829 4416 3069 4486 εἱστήκει
3118 4417 3278 4469 πάλιν
3317 4419 3688 4489 ἀντικείμενος

2110 4523 2170 4559 τε
2203 4507 2298 4560 καὶ
2347 4506 2658 4572 ἀντεξάγων
2699 4507 2866 4578 αὐτῷ,
2903 4510 2996 4561 καὶ
3040 4509 3424 4577 καταγορεύων
3455 4510 3554 4572 ἔτι,
3589 4512 3687 4564 καὶ

2110 4597 2232 4650 ὅσον
2255 4597 2380 4667 ἥκει
2408 4599 2580 4651 εἰπεῖν
2613 4598 2693 4660 εἰς
2725 4597 2786 4650 τὸ
2810 4597 2958 4668 αὐτῷ
2982 4598 3192 4656 δοκοῦν,
3216 4600 3685 4670 κατοικτείρεσθαι

2125 4686 2200 4757 μὴ
2233 4687 2431 4754 ἀφιεὶς,
2477 4687 2553 4749 ὼς
2575 4687 2632 4739 ἐν
2653 4687 3102 4759 πλημμελὶεμαις
3126 4688 3273 4753 ὄντα,
3305 4690 3398 4742 καὶ
3440 4693 3550 4750 τοῖς
3583 4690 3688 4760 τῆς

2109 4779 2425 4843 δυσσεϐείας
2456 4780 2796 4849 ἐγκλήμασιν
2823 4781 3160 4850 ἐνεχόμενον,
3186 4784 3279 4835 καὶ
3303 4781 3452 4834 οὐδὲν
3491 4781 3688 4852 ἔχοντα

2107 4870 2297 4934 δεξιόν,
2328 4871 2585 4941 Είστήκει
2617 4871 2745 4943 γὰρ,
2777 4871 2963 4942 φησὶν,
3005 4873 3068 4924 ἐκ
3105 4873 3292 4936 δεξιῶν
3327 4873 3511 4937 αὐτοῦ,
3555 4875 3686 4945 τρό-

2110 4979 2210 5016 πον
2248 4962 2369 5015 τινὰ
2405 4961 2698 5034 παραλύων
2725 4961 2792 5014 τὰ
2816 4961 2966 5028 δεξιά
2984 4977 3000 4992 ⁸
3029 4963 3256 5034 πολεμεῖ
3279 4963 3386 5034 γὰρ
3413 4965 3532 5033 οὐχὶ
3571 4970 3686 5029 τοῖς

2111 5057 2318 5116 σκαιοῖς
2371 5054 2527 5124 ήμῶν
2581 5054 2920 5123 πράγμασιν,
2977 5053 3114 5107 ἀλλὰ
3165 5058 3275 5118 τοῖς
3325 5055 3518 5119 δεξιοῖς
3585 5057 3685 5109 καὶ

2104 5144 2539 5212 ἐπαινουμένοις.
2566 5141 2836 5215 Τ[οι]οῦτό
2859 5161 2910 5197 τι
2950 5145 3139 5196 παθεῖν
3169 5147 3409 5216 ἐπηρᾶτό
3433 5162 3553 5197 τινα
3573 5147 3684 5199 τῶν

2102 5233 2181 5295 εἰς
2209 5233 2443 5303 Χριστὸν
2484 5233 2954 5305 δεδυσσεόηκότων
3005 5239 3032 5288 6
3083 5237 3350 5306 μακάριος
3382 5237 3562 5299 Δαϐὶδ,
3593 5237 3684 5289 λέ-

2101 5339 2245 5390 γωνο
2285 5341 2303 5373 ι
2341 5324 2450 5376 Καὶ
2478 5325 2722 5390 διάϐολος
2745 5328 2921 5397 στήτω
2944 5329 3007 5380 ἐκ
3029 5327 3217 5393 δεξιῶν
3247 5328 3428 5381 αὑτοῦ.
3475 5347 3492 5379 ι
3533 5329 3685 5382 Ἀντ-

2102 5412 2280 5464 έκειτο
2317 5413 2495 5467 τοίνυν
2525 5416 2552 5467 6
2581 5417 2847 5481 Σατανᾶς,
2880 5417 3017 5489 πλὴν
3047 5420 3340 5488 ἐπετιμᾶτο
3377 5418 3462 5471 διὰ
3497 5419 3681 5489 φωνῆς

451 5609 454 5616 ·
502 5589 546 5624 ⁸⁸
572 5591 735 5648 Num.
771 5606 852 5657 ιιι,
884 5591 937 5657 9,
969 5592 1054 5646 l0.
1133 5592 1177 5622 "
1209 5589 1350 5644 Psal.
1385 5602 1526 5651 sxw,
1558 5587 1610 5644 9.
1688 5589 1731 5620 7°
1758 5587 1904 5642 Psal.
1936 5604 2081 5657 χχιι,
2122 5589 2206 5642 16.
2282 5591 2322 5620 τ’
2358 5589 2498 5644 l‘sal.
2533 5607 2682 5660 cvm,
2710 5599 2761 5650 6.
