3936 6318
252 200 325 256 ιε
1066 197 1613 267 COMMENTARiL'S
1651 198 1717 254 IN
1759 196 2156 253 ΖΑΕΙΙΑΒΙΛΜ
2200 200 2637 257 PBOPHETAM.
3442 210 3512 269 ιδ

251 312 722 381 ἀγγέλον.Ἤκουε
755 311 863 382 γὰρ
889 312 1158 381 λέγοντοςο
1193 333 1211 367 ι
1252 314 1605 385 Ἐπιτιμήσαι
1634 316 1827 385 Κύριος

1940 314 2100 383 impie
2120 317 2468 373 obsistentem
2488 319 2804 374 ostenderit.
2825 318 2933 376 Deo
2959 320 3222 390 siquidem
3253 323 3511 381 miseran-

252 403 311 457 ὲν
366 403 469 466 σοὶ,
523 401 758 466 διάδολε,
806 403 899 456 καὶ
946 404 1271 475 ὲπιτιμήσαι
1324 404 1527 476 Κύριος
1564 407 1622 459 ἐν
1665 406 1768 466 σοὶ,
1805 408 1833 459 6

254 493 616 562 ἐκλεξάμενος
656 492 755 563 τὴν
797 493 1171 565 Ἰερουσαλήμ.
1223 513 1241 546 ι
1286 495 1475 568 Ἀθρει
1508 496 1637 566 γὰρ,
1685 496 1831 559 ὅπως

255 588 521 658 θεομάχον
550 584 748 648 ἔδειξεν
770 585 953 651 εὐθὺς,
994 586 1088 639 καὶ
1121 589 1238 650 ταῖς
1260 586 1464 640 ἀνωθεν
1509 586 1709 656 ψήφοις
1739 588 1829 641 ἀν·

253 680 415 742 οςίως
468 676 923 748 ἀντιπράττοντα.
985 676 1121 730 Θεοῦ
1167 678 1287 748 γὰρ,
1332 678 1694 749 οίκτείροντος
1736 680 1830 731 καὶ

253 769 689 831 ἀπαλλάττοντος
735 767 834 837 ἤδη
886 766 1266 838 πλημμελείας
1297 769 1388 822 τὸν
1435 768 1671 839 Ἰσραὴλ,
1720 770 1831 821 είσ-

256 859 547 929 δεξαμένου
576 840 635 910 τε
668 858 761 910 καὶ
792 857 1088 911 ἁπόλεκτον
1114 858 1212 930 ἤδη
1247 860 1564 928 ποιουμένου
1600 860 1696 931 τὴν
1736 860 1831 913 Ἰεη

257 950 559 1022 ρουσαλὴμ,
602 947 921 1019 κατηγορῶν
951 950 1010 1001 οὐ
1059 949 1308 1013 παύεται,
1344 951 1437 1002 καὶ
1485 952 1830 1022 κατακρίνειν

254 1045 538 1115 ἀποτολμᾷ
584 1045 708 1107 τοὺς
757 1042 1111 1113 ἠλεημένους.
1160 1040 1367 1094 Οὐκοῦν
1411 1041 1704 1111 ἀκόρεστον
1752 1044 1832 1105 είς

254 1137 423 1205 ὀργὰς
449 1134 715 1205 διελέγχει
743 1134 807 1204 δὴ
836 1134 1009 1201 λέγων
1031 1150 1044 1162 ’
1080 1150 1098 1183 ι
1151 1132 1263 1185 Οὐκ
1299 1131 1409 1184 ἰδοὺ
1440 1130 1596 1185 τοῦτο
1621 1131 1696 1193 ὼς
1724 1132 1831 1186 δα·-

252 1226 342 1289 λὲς
385 1226 789 1295 ἐξεσπασμένος
830 1228 894 1279 ὲκ
931 1225 1133 1294 πυρός;
1190 1243 1207 1274 ι
1247 1224 1470 1292 Ὅμοιον
1519 1223 1628 1293 γὰρ
1667 1222 1742 1285 ὡς
1782 1225 1829 1275 εἰ

250 1316 400 1385 λέγοι
439 1318 600 1386 τυχόν
622 1332 636 1345 ·
670 1315 1142 1387 Πεπλημμέληκεν
1170 1313 1615 1385 ὁμολογουμένως
1662 1315 1690 1366 6
1731 1315 1833 1367 Ἱσ-

254 1410 413 1480 ραὴλ,
441 1410 534 1463 καὶ
567 1411 685 1472 ταῖς
714 1411 831 1469 σαῖς
852 1408 1188 1477 φιλοψογίαις
1215 1406 1588 1477 ἐπεσχημένος
1611 1405 1825 1476 ὁρᾶται.

250 1502 396 1573 Πλὴν
422 1501 665 1555 ὲκτέτικε
702 1500 857 1563 δίκας
886 1501 945 1553 οὐ
975 1499 1233 1570 μετρίως,
1270 1496 1591 1567 ἀνέτληητάς
1618 1514 1827 1567 συμφο-

252 1594 374 1663 ρὰς,
409 1594 505 1646 καὶ
531 1591 841 1661 ἑξεσπάσθη
872 1590 1044 1661 μόλις,
1081 1590 1156 1655 ὡς
1190 1592 1253 1643 ὲκ
1293 1589 1465 1659 πυρὸς
1501 1588 1656 1651 δαλὸς
1694 1590 1825 1659 ἠμί-

1943 417 1995 460 te
2012 415 2065 460 et
2098 406 2476 479 Israelemjam
2495 411 2726 479 peccatis
2755 411 3431 483 exsolvente,eligeuteque
3452 426 3509 471 et

1938 498 2162 553 electam
2228 501 2481 555 reddente
2543 501 2876 570 Jerusalem,
2907 518 3163 561 accusare
3212 506 3376 579 674
3408 523 3511 563 non

1940 605 2145 657 cessat,
2193 603 2247 649 et
2282 595 2704 651 misericordiam
2753 597 2976 665 adeptos
3010 598 3270 655 damnare
3326 602 3507 656 audet.

1936 680 2112 748 Quare
2132 683 2247 752 ejus
2278 686 2651 755 inexplebilem
2703 687 2839 741 iram
2876 688 3167 759 redarguit,
3218 690 3467 759 inquiens
3496 708 3511 745 :

1940 791 1959 823 ι
2001 771 2189 829 Nonne
2216 789 2344 830 ecce
2382 777 2485 832 hoc
2536 788 2597 831 ut
2655 779 2816 833 torris
2857 789 3132 836 extractus
3169 797 3235 837 es
3279 783 3449 853 igne?
3488 804 3508 838 s

1936 858 2168 917 Perinde
2221 872 2305 918 est
2363 865 2505 919 enim
2566 881 2629 920 ac
2669 868 2712 921 si
2750 868 2893 922 dicat
2949 869 3221 927 fortasse:
3260 870 3511 927 Peccavit

1934 950 2098 1008 Israel
2164 954 2483 1021 manifesto,
2540 968 2593 1012 et
2654 960 2759 1013 tuis
2819 959 3285 1017 criminationibus
3343 966 3512 1019 teneri

1934 1046 2163 1100 videtur.
2198 1048 2446 1101 Attamen
2480 1064 2586 1102 non
2626 1050 2969 1104 mediocriter
2996 1051 3213 1120 punitus
3240 1062 3347 1118 est,
3370 1054 3515 1109 eala~

1937 1135 2150 1190 mitates
2173 1138 2447 1203 sustinuit,
2480 1149 2533 1193 et
2569 1141 2654 1194 vix
2690 1149 2749 1195 ut
2779 1142 2940 1195 torris
2972 1142 3262 1198 semiustus
3290 1145 3355 1199 ab
3392 1146 3513 1215 igne

1934 1236 2207 1281 extractus
2235 1239 2319 1283 est
2350 1247 2363 1283 :
2392 1232 2471 1285 sic
2492 1232 2634 1285 enim
2670 1230 2999 1299 captivitatis
3054 1233 3505 1290 detrimentorum

1932 1328 1988 1373 et
2019 1319 2476 1376 incommodorum
2527 1324 2680 1392 quasi
2720 1324 3004 1393 imaginem
3043 1323 3272 1379 ellinxit.
3331 1328 3508 1393 Modo,

1933 1418 1988 1465 et
2015 1425 2159 1477 a‘gre
2177 1412 2393 1479 quidem
2434 1415 2765 1483 gravissima
2800 1430 3052 1470 aerumnas
3094 1416 3510 1473 ﬂammameﬂ‘u-

1935 1504 2032 1571 git.
2077 1504 2271 1559 Desine
2312 1504 2472 1573 igitur
2514 1505 2886 1559 misericordia
2947 1507 3195 1576 dignatos
3224 1523 3507 1566 accusare:

1939 1614 1957 1647 ι
2000 1596 2140 1651 Deus
2180 1597 2321 1651 enim
2374 1598 2419 1651 si
2458 1595 2752 1664 justilicat,
2803 1598 2926 1667 quis
2976 1608 3062 1653 est.
3112 1600 3204 1668 qui
3256 1604 3512 1654 condent—

250 1685 483 1753 φλεκτος
504 1700 518 1714 ·
544 1683 687 1738 οὕτω
717 1683 825 1753 γὰρ
857 1682 925 1736 τά
953 1684 1017 1735 ὲκ
1062 1682 1161 1750 τῆς
1202 1679 1575 1750 αἰχμαλωσίας
1602 1681 1825 1733 ἀπεικο-
1858 1679 1898 1732 Β
1930 1684 2126 1736 net"?
2162 1702 2179 1733 ι

247 1777 439 1829 νίσατο
480 1776 671 1846 βλάϐη.
717 1777 874 1846 Ἀρτι
908 1774 1002 1828 καὶ
1046 1772 1197 1843 μόλις
1231 1773 1330 1843 τῆς
1370 1773 1671 1841 ἀνηκέστου
1718 1772 2093 1844 ταλαιπωρίας
2137 1776 2317 1846 διέδρα
2369 1775 2469 1844 τὴν
2515 1774 2707 1844 φλόγα.
2769 1776 2979 1830 Παῦσαι
3034 1775 3099 1847 δὴ
3141 1772 3233 1831 οὖν
3259 1776 3509 1846 ἐγκαλῶν

246 1873 359 1932 τοῖς
390 1868 745 1940 ἡλεημένοις·
783 1886 800 1918 ι
839 1866 969 1930 Θεὸς
993 1867 1101 1937 γὰρ
1136 1868 1163 1919 6
1205 1865 1449 1929 δικαιῶν,
1482 1865 1564 1929 τίς
1603 1868 1631 1918 6
1659 1866 2035 1937 κατακρίνων;
2084 1887 2103 1921 s

323 1958 433 2014 Καὶ
484 1958 722 2024 Ἰησοῦς
757 1952 835 2026 ἦν
881 1955 1279 2025 ἐνδεδυμένος
1331 1954 1530 2024 ἱμάτια
1565 1955 1827 2023 ῥυπαρὰ,

247 2050 345 2105 καί
406 2047 677 2115 εἱστήκει
729 2048 842 2115 πρὸ
888 2047 1212 2115 προσώπου
1256 2047 1364 2100 τοῦ
1414 2045 1673 2116 ἀγγέλου
1723 2047 1829 2101 τοῦ

246 2140 492 2209 Kvpt'ov.
522 2138 630 2193 Καὶ
668 2139 981 2207 ἀπεκρίθη,
1013 2137 1111 2191 καὶ
1141 2133 1273 2190 εἷπε
1304 2137 1453 2204 πρὸς
1488 2137 1629 2203 τοὺς
1653 2137 1829 2205 ἐστη-

246 2232 431 2297 κότας
459 2230 574 2298 πρὸ
596 2228 919 2298 προσώπου
946 2228 1155 2293 αὐτοῦ,
1189 2228 1382 2295 λέγων
1401 2246 1414 2259 ·
1456 2228 1723 2296 Ἀφέλετε
1760 2229 1830 2280 τὰ

246 2322 449 2391 ἱμάτια
488 2324 561 2377 τὰ
592 2321 835 2391 ῥυπαρὰ
860 2322 960 2377 ἀπ’
994 2320 1201 2375 αὐτοῦ.
1237 2321 1345 2375 Καὶ
1387 2316 1517 2374 εἷπε
1550 2320 1700 2388 πρὸς
1727 2321 1830 2374 αὐ-

249 2416 387 2468 τόν·
440 2416 587 2469 Ἰδοὺ
616 2416 898 2484 ἀφῂρηκα
930 2415 1036 2480 τὰς
1068 2413 1321 2483 ἀνομίας
1354 2430 1490 2467 σου.
1521 2412 1630 2467 Καὶ
1657 2412 1830 2466 ἐνδύ-

250 2524 397 2560 σατε
425 2508 614 2562 αὑτὸν
640 2507 893 2575 ποδήρη,
922 2506 1018 2559 καὶ
1044 2506 1276 2559 ἐπίθετε
1306 2504 1540 2573 κίδαριν
1563 2504 1829 2572 καθαρὰν

245 2601 347 2655 ἐπὶ
378 2600 495 2668 τὴν
526 2598 804 2669 κεφαλὴν
840 2597 1046 2652 αὑτοῦ.

324 2688 428 2739 lll'.
472 2686 910 2758 Παραδεχθέντος
936 2684 1085 2749 ἅπαξ
1114 2686 1193 2747 εἰς
1221 2683 1279 2737 τὸ
1311 2684 1509 2746 παντὸς
1553 2682 1647 2735 τοῦ
1699 2681 1827 2736 λαοῦ

249 2775 543 2843 πρόσωπον
589 2773 683 2827 τοῦ
732 2774 984 2844 λαχόντος
1012 2774 1335 2844 ἱερουργεῖν,
1366 2771 1578 2842 ἀπόχρη
1616 2771 1826 2834 λοιπὸν,

250 2863 502 2934 καθάπερ
548 2857 783 2932 ἐγῷμαι,
819 2861 1070 2916 τοσοῦτον
1128 2863 1321 2925 εἰπεῖν,
1351 2862 1432 2913 ὅτι
1482 2861 1550 2913 τὰ
1606 2860 1829 2932 ῥυπαρά

251 2953 521 3023 σύμϐολον
571 2955 636 3006 ἂν
685 2950 796 3006 εἷεν
842 2954 940 3005 οὐκ
992 2952 1310 3023 ἀσυμφανὲς
1352 2951 1452 3021 τῆς
1489 2951 1829 3021 ἀκαθαρσίας

246 3046 343 3099 τοῦ
393 3044 547 3099 λαοῦ.
598 3045 1084 3116 Κατημφιεσμένοι
1131 3044 1241 3114 γὰρ
1287 3043 1475 3114 ὥσπερ
1503 3045 1626 3106 ταῖς
1680 3042 1828 3112 σφῶν

248 3136 431 3190 αὐτῶν
476 3136 814 3207 ἁμαρτίαις,
866 3137 959 3189 καὶ
1009 3135 1407 3189 δυσαπόνιπτον
1470 3132 1684 3203 ἔχοντες
1730 3138 1829 3206 τῆς

2008 1959 2168 2016 Vens.
2193 1959 2310 2013 5-5.
2347 1955 2418 2010 Et
2449 1959 2604 2012 Iesus
2629 1968 2738 2012 erat
2764 1958 2977 2012 indutus
3011 1959 3234 2014 uestibus
3253 1961 3505 2026 sordidis,

1929 2059 1977 2103 et
2007 2051 2175 2103 stabat
2206 2060 2323 2103 ante
2352 2049 2541 2118 faciem
2589 2050 2760 2118 angeli
2836 2048 3066 2105 Domini.
3128 2047 3196 2102 Et
3249 2054 3509 2120 respondit

1932 2141 2192 2211 (angelus)
2210 2152 2257 2195 et
2286 2143 2418 2195 dixit
2436 2145 2504 2194 ad
2534 2158 2620 2194 eos
2643 2145 2733 2210 qui
2744 2139 2953 2194 stabant
2980 2152 3100 2195 ante
3116 2142 3301 2211 faciem
3331 2160 3504 2207 suam,

1929 2231 2105 2285 diceris
2130 2250 2149 2287 :
2177 2231 2389 2300 Auferte
2451 2232 2758 2284 vestimenta
2790 2231 3007 2285 sordida
3038 2232 3103 2285 ab
3151 2248 3234 2286 eo.
3278 2232 3345 2285 Et
3369 2234 3506 2287 dixit

1929 2324 1997 2375 ad
2034 2339 2153 2377 eum
2183 2336 2201 2374 :
2230 2320 2365 2375 Ecce
2396 2323 2588 2376 abstuli
2649 2323 2960 2391 iniquitates
3000 2332 3140 2377 tuas.
3198 2322 3266 2378 Et
3306 2324 3508 2377 induite

1930 2428 2047 2466 eum
2097 2422 2230 2466 ueste
2258 2412 2434 2478 talari,
2467 2420 2517 2466 et
2547 2412 2790 2479 imponite
2812 2410 3033 2464 Cidarim
3063 2412 3310 2465 mundam
3352 2428 3508 2480 super

1929 2512 2081 2570 caput
2119 2500 2252 2571 ejus.

2000 2677 2184 2733 XVIII.
2217 2677 2506 2745 Assumpto
2536 2674 2704 2731 semei
2725 2675 3006 2730 sacerdote
3030 2677 3095 2731 ad
3127 2675 3290 2733 totius
3324 2681 3506 2749 populi

1930 2782 2214 2839 personam
2278 2766 2788 2837 repraesentandam,
2839 2766 2977 2820 satis
3015 2776 3117 2833 est,
3149 2779 3207 2822 nt
3233 2770 3505 2839 existimo,

1929 2862 2181 2931 deinceps
2233 2861 2336 2915 hoc
2394 2869 2599 2913 tantum
2660 2860 2858 2926 dicere,
2907 2859 3123 2915 sordida
3186 2863 3505 2919 vestimenta

1929 2953 2229 3024 symbolum
2249 2953 2361 3005 sive
2391 2951 2645 3006 indicimn
2684 2965 2807 3005 esse
2836 2965 2993 3020 posse
3030 2950 3167 3004 haud
3200 2955 3505 3024 ambiguum

1931 3044 2283 3099 immnnditiaa
2317 3042 2517 3111 populi.
2549 3040 2717 3107 Quasi
2748 3042 2891 3095 enim
2942 3043 3179 3111 peccatis
3218 3044 3331 3098 suis
3376 3060 3507 3100 con-

1932 3135 2108 3189 vestiti
2140 3142 2196 3188 et
2228 3133 2523 3201 impietatis
2552 3131 2792 3186 maculas
2817 3132 2903 3186 vix
2933 3131 3190 3187 eluendus
3224 3133 3504 3199 habentes.

248 3228 504 3291 ἀσεὸείας
542 3227 632 3280 τὸν
667 3228 878 3297 μῶμον,
909 3226 1178 3279 διετέλουν
1211 3227 1268 3279 ὲν
1312 3225 1678 3296 αἰχμαλωσίᾳ,
1714 3242 1827 3279 ποι-

1942 3226 2305 3295 captivitatem
2344 3223 2666 3289 tolerabant,
2694 3222 2927 3279 miseriis
2966 3224 3195 3293 subjecti
3219 3232 3275 3280 et
3302 3225 3507 3281 nefarie

246 3320 366 3380 ναῖς
399 3317 850 3387 ὑπενηνεγμένοι,
868 3317 964 3370 καὶ
991 3316 1098 3370 τῶν
1126 3306 1349 3378 ἀνοσίως
1376 3316 1559 3378 αὐτοῖς
1583 3317 1834 3387 πεπλημ-

250 3410 580 3480 μελημένων
622 3408 1002 3471 ἀποτιννύντες
1047 3408 1223 3471 δίκας.
1242 3408 1461 3479 Ἐπειδὴ
1491 3407 1549 3461 δὲ
1577 3409 1833 3480 κατηλέει

248 3500 423 3562 Θεὸς,
461 3498 900 3554 ἀπαλλάττεσθαι
949 3501 1047 3570 τῆς
1097 3500 1369 3571 ἁμαρτίας
1425 3502 1829 3571 προστέταχεν,

248 3576 667 3660 ἐλευθεροῦσθαι
706 3590 812 3643 τῶν
858 3591 1143 3662 ῥυπαρῶν,
1192 3591 1288 3644 καὶ
1333 3591 1831 3661 μεταμφιέννυσθαι

246 3682 451 3752 τρόπον
480 3681 605 3734 τινά
636 3680 735 3753 τὴν
764 3680 1074 3734 δικαιοῦσαν
1104 3681 1285 3751 χάριν.
1317 3682 1623 3735 Κατανεύει
1647 3682 1702 3734 δὲ
1737 3683 1832 3735 αὺ-

245 3774 363 3832 τοῖς
394 3768 488 3823 τοῦ
516 3770 679 3823 πόνου
708 3770 769 3821 τὸ
797 3769 986 3839 πέρας,
1020 3769 1114 3822 καὶ
1144 3770 1253 3822 τῶν
1287 3770 1710 3839 συμϐεϐηκότων
1734 3769 1830 3840 τὴν

247 3864 607 3917 λύσιν.“’οπου
658 3864 766 3933 γὰρ
817 3863 1089 3937 ἁμαρτίας
1134 3864 1348 3931 ἄφεσις,
1380 3862 1568 3932 ἕψεταί
1611 3880 1712 3915 που
1738 3864 1831 3916 καὶ

246 3954 314 4007 τὸ
338 3956 773 4008 ἀπαλλάττεσθαι
802 3955 911 4006 δεῖν
942 3954 1052 4007 τῶν
1084 3954 1150 4007 δι’
1168 3954 1337 4024 αὐτὴν
1359 3953 1826 4024 ἐπενηνεγμένων.

246 4044 461 4097 οὐκοῦν
504 4048 562 4098 ὲν
612 4045 847 4117 σχήματι
904 4044 1038 4097 Θεοῦ
1092 4046 1207 4107 τοῖς
1260 4044 1515 4114 ἑστηκόσι
1565 4044 1659 4098 καὶ
1714 4044 1827 4096 λει-

246 4134 573 4204 τουργοῦσιν
620 4134 770 4205 αὐτῷ
814 4135 1179 4207 προστέταχεν
1222 4138 1251 4189 6
1298 4136 1566 4206 μακάριος
1602 4135 1827 4203 ἄγγελος

240 4226 469 4292 ἀφελεῖν
502 4227 595 4279 ἀπ’
626 4225 791 4281 αὐτοῦ
826 4228 923 4297 τὴν
955 4227 1215 4297 ρυπῶσαν
1242 4227 1461 4298 ἐσθῆτα,
1490 4226 1582 4279 καὶ
1625 4226 1687 4295 δὴ
1736 4224 1828 4278 καί

244 4334 447 4387 φησιν·
486 4337 503 4369 ι
526 4318 654 4372 Ἰδοὺ
688 4319 948 4390 ἀφῄρηκα
981 4318 1078 4382 τὰς
1107 4316 1334 4388 ἀνομίας
1371 4336 1486 4372 σου.
1509 4337 1526 4368 ι
1563 4315 1692 4371 Εἶτα
1721 4316 1828 4369 δεῖν

244 4408 354 4477 ἔφη
392 4409 600 4480 ποδήρη
644 4428 704 4463 τε
755 4410 905 4481 αὐτῷ
954 4409 1048 4465 καὶ
1075 4411 1289 4482 κίδαριν
1312 4409 1405 4464 ἐπὶ
1438 4412 1536 4481 τὴν
1583 4409 1826 4480 κεφαλὴν

242 4502 472 4571 δοθῆναι
518 4503 785 4575 καθαρὰν,
823 4505 906 4558 ἵνα
949 4505 1038 4559 διὰ
1082 4505 1273 4557 τούτου
1308 4502 1705 4573 νενομισμένως
1738 4502 1825 4555 ἀεί

220 4611 368 4668 βπως
402 4595 667 4667 συντρέχῃ
698 4598 814 4659 ταῖς
846 4596 953 4649 τῶν
985 4596 1128 4649 λαῶν
1172 4596 1555 4659 καταστάσεσι,
1591 4595 1682 4647 καὶ
1726 4596 1822 4664 τῆς

243 4685 551 4755 ἱερωσύνης
597 4686 744 4749 δόξα.
779 4686 1053 4757 Καύχημα
1082 4687 1178 4757 μὲν
1211 4686 1319 4755 γὰρ
1354 4688 1463 4747 τοῖς
1492 4685 1816 4755 ίερουργοῖς,

243 4779 281 4846 ἡ
310 4776 419 4829 τῶν
456 4776 561 4828 ὑπὸ
596 4779 753 4846 χεῖρα
782 4776 1107 4848 καθαρότης,
1126 4772 1229 4829 ita).
1258 4777 1314 4828 ὲν
1343 4776 1615 4845 λαμπροῖς
1655 4773 1823 4842 αὐχή-

243 4884 385 4938 μασι
416 4867 476 4920 τὸ
502 4868 601 4937 τῆς
633 4867 930 4938 ἱερωσύνης
959 4867 1174 4937 ἔχουσιν
1203 4866 1438 4930 εὐκλεὲς,
1475 4864 1823 4933 εὐδοκιμοῦν-

241 4976 336 5020 τος
370 4957 464 5010 τοῦ
496 4957 649 5022 λαοῦ,
680 4960 775 5010 καὶ
806 4960 1121 5030 ἀμωμήτως
1154 4959 1326 5021 ἰόντος
1378 4956 1471 5009 ἐπὶ
1503 4956 1565 5007 τὸ
1595 4956 1712 5024 Θεῷ
1737 4955 1823 5007 δο-

243 5049 398 5111 κοῦν,
419 5051 513 5102 καὶ
538 5049 811 5119 τρυφερὸν
840 5049 1203 5119 ὑποφέροντος
1219 5047 1309 5100 τὸν
1327 5046 1527 5115 αὐχένα
1551 5045 1660 5107 τοῖς
1683 5060 1795 5113 παρ
1810 5044 1824 5063 ’

242 5140 411 5192 αὑτοῦ
461 5139 817 5210 θεσπίσμασι,
844 5140 1097 5212 ταύτητοι
1145 5140 1236 5191 καὶ
1281 5137 1484 5208 εὐμενῆ
1532 5136 1627 5189 καὶ
1672 5135 1822 5204 φίλον

240 5232 455 5300 ἔχοντος
492 5229 584 5283 τὸν
621 5231 842 5300 Πατέρα
871 5229 1356 5299 Θεόν.Ἐπί›ῑλημα
1382 5228 1439 5281 δὲ
1478 5229 1571 5281 καὶ
1608 5227 1819 5297 μῶμος,

244 5320 356 5373 τῶν
384 5320 813 5390 ὑπεζευγμένων
840 5323 873 5391 ἡ
911 5320 1169 5392 ῥᾳθυμία,
1203 5320 1295 5374 καὶ
1316 5320 1377 5372 τὸ
1405 5319 1824 5386 ἀπερισκέπτως

244 5408 417 5463 ἵεσθαι
448 5410 586 5480 πρὸς
622 5410 683 5461 τὸ
713 5409 1267 5479 πλημμελές.⁸⁹Ωσπερ
1302 5408 1409 5479 γάρ
1437 5409 1495 5461 ὲν
1528 5406 1823 5480 ἁμαρτίαις

305 5591 349 5623 τί
374 5588 539 5644 Rom.
591 5602 713 5645 rm.
745 5586 834 5639 ⁸54.

1935 3318 2345 3374 commissorum
2376 3330 2562 3386 ptenas
2591 3318 2817 3371 luentes.
2850 3315 3137 3385 Postquam
3180 3325 3362 3371 autem
3402 3318 3506 3372 mi-

1935 3421 2114 3466 sertus
2141 3419 2226 3465 est
2256 3410 2419 3475 Deus,
2438 3423 2465 3462 a
2500 3417 2721 3476 peccato
2752 3408 2951 3462 liberos
2969 3423 3090 3463 esse
3117 3409 3409 3472 mandavit,
3446 3417 3505 3462 et

1932 3502 2057 3556 exui
2096 3500 2328 3556 sordidis
2355 3509 2408 3554 et
2435 3499 2581 3553 indui
2607 3498 2789 3567 aliquo
2824 3498 2983 3552 modo
3009 3497 3337 3565 justilicante
3378 3512 3502 3567 gra-

1935 3592 2029 3645 tia.
2070 3589 2250 3644 Innuit
2296 3597 2473 3643 autem
2509 3601 2668 3655 porro
2709 3586 2840 3654 ipsis
2893 3585 3137 3641 laborum
3178 3594 3234 3641 et
3274 3599 3498 3639 casuum

1935 3684 2115 3737 linem.
2151 3681 2253 3737 Ubi
2284 3693 2516 3748 namque
2558 3678 2850 3732 remittitur
2875 3685 3175 3744 peccatum,
3208 3675 3315 3729 illic
3333 3676 3498 3731 etiam

1933 3773 2176 3841 sequitur
2198 3771 2502 3827 necessario
2528 3768 2790 3823 malorum
2818 3773 3037 3837 propter
3076 3772 3351 3834 peccatum
3411 3765 3497 3821 iu-

1930 3862 2199 3917 ﬂictorum
2225 3858 2491 3928 depulsio.
2525 3858 2707 3923 Quare
2739 3856 2957 3911 nomine
2981 3856 3074 3931 Dei
3100 3854 3401 3909 astantibus
3444 3865 3501 3910 et

1932 3951 2360 4009 ministrantibus
2388 3949 2487 4019 ipsi
2524 3948 2743 4002 mandat
2796 3946 2985 4001 beatus
3042 3942 3264 4013 angelus
3283 3943 3501 4000 auferre

1931 4044 2266 4113 inquinatam
2299 4049 2525 4102 vestem,
2551 4038 2839 4106 additque:
2867 4055 2885 4089 ι
2915 4034 3052 4090 Ecce
3084 4033 3277 4089 abstuli
3301 4033 3500 4102 iniqui-

1934 4142 2069 4186 tates
2105 4139 2246 4184 tuas.
2285 4146 2305 4181 s
2340 4126 2542 4184 Deinde
2572 4127 2647 4180 ait
2674 4124 3086 4194 cooperiendum
3108 4132 3257 4178 veste
3312 4121 3495 4187 talari,

1928 4232 1985 4281 et
2024 4221 2249 4280 Cidarim
2280 4220 2529 4275 mundam
2558 4216 2935 4286 impunendam
2961 4228 3122 4283 super
3144 4222 3305 4282 caput
3354 4211 3492 4280 eius,

1932 4324 1990 4365 ut
2014 4310 2087 4364 ita
2116 4310 2358 4379 legitime
2390 4321 2523 4361 cum
2555 4313 2697 4359 statu
2751 4304 2928 4373 populi
2982 4303 3269 4357 sacerdotii
3329 4304 3498 4371 gloria

1930 4415 2146 4468 semper
2176 4396 2473 4467 conspiret.
2504 4394 2772 4450 Gloriatio
2801 4394 2999 4462 quippe
3025 4393 3363 4446 sacerdomm
3414 4404 3500 4447 est

1930 4491 2290 4559 subiectorum
2320 4489 2613 4559 puritas,et
2638 4483 3140 4555 innocentia,675
3157 4494 3211 4538 et
3237 4484 3496 4537 honorem

1930 4582 2212 4638 sacerdotii
2246 4582 2326 4635 sui
2358 4577 2637 4649 splendido
2666 4577 2766 4631 sibi
2798 4584 3111 4629 ornamento
3132 4573 3495 4637 ducunt,cum

1930 4672 2156 4742 pupulas
2209 4670 2382 4725 fertur
2407 4669 2674 4733 laudibus,
2707 4666 2951 4734 citraque
3009 4662 3494 4733 reprehensionem

1928 4768 1995 4820 ad
2018 4764 2111 4818 Dei
2143 4762 2473 4818 voluntatem
2529 4773 2650 4815 sese
2702 4757 3095 4818 accommodat,
3122 4751 3497 4823 delicatasque

1928 4856 2169 4911 cervices
2196 4852 2312 4920 ejus
2340 4849 2573 4906 oraculis
2598 4847 2886 4911 submittit,
2916 4853 3080 4912 atque
3115 4842 3183 4895 ob
3212 4854 3331 4894 eam
3366 4856 3497 4895 cau-

1927 4962 2040 5002 sam
2065 4946 2227 4999 Deum
2250 4943 2464 4998 Patrem
2493 4941 2723 4994 amicum
2754 4938 2855 4991 sibi
2874 4951 2938 4990 ac
2964 4930 3278 4989 benevolum
3309 4930 3492 4985 habet.

1927 5039 2125 5094 Contra
2157 5033 2482 5105 vituperatio
2509 5043 2563 5086 ct
2594 5029 2884 5100 ignominia
2914 5028 3122 5083 illorum
3169 5030 3252 5078 est
3306 5021 3493 5091 subje-

1929 5140 2137 5186 ctorutn
2163 5128 2496 5190 socordia,et
2520 5123 2651 5179 caeci
2682 5124 2914 5190 impetus
2940 5118 3004 5171 ad
3038 5115 3391 5185 peccandum.
3422 5112 3496 5172 Ut

1928 5224 2073 5278 enim
2096 5219 2291 5292 popqu
2317 5218 2553 5289 peccatis
2578 5214 2841 5269 obstricto
2858 5211 3073 5267 sordida
3095 5206 3495 5276 quodammodo

1929 5319 2085 5366 erant
2141 5320 2195 5365 et
2247 5308 2545 5364 sacerdotis
2600 5304 2943 5367 vestimenta,
2993 5300 3073 5355 sic
3110 5299 3200 5353 ubi
3278 5312 3490 5352 rursum

1930 5400 2150 5471 probari
2175 5395 2538 5460 consueverit,
2569 5407 2761 5463 purum
2796 5391 2903 5447 erit
2931 5398 2985 5447 et
3011 5388 3359 5461 conspicuum
3401 5401 3495 5442 sa-
