3936 6318
443 222 516 273 47
1460 216 1523 271 ’8.
1567 214 1839 272 CYitll.Ll
1882 211 2348 268 ALEXANDRINI
2390 209 2704 267 ARCIHEP.

3622 216 3713 271 68

445 334 672 387 (τιεςιιυιιὶ
712 346 924 393 munus,
982 330 1308 400 multamque
1366 334 1506 401 apud
1550 334 1711 386 Deum
1758 333 2005 387 ﬁduciam

2128 334 2258 396 ἱντος
2291 333 2385 386 τοῦ
2421 334 2572 396 λαοῦ,
2611 331 2830 404 ῥυπαρά
2859 348 2974 394 πως
3001 325 3069 402 ἦν
3106 331 3202 385 καὶ
3246 332 3312 385 τὰ
3358 330 3453 385 τοῦ
3493 333 3703 405 ίερεως

444 424 727 477 olitiucbit.
794 422 1155 488 Quamobrem
1216 425 1425 477 divinus
1488 423 1709 489 Paulus,
1773 427 2017 494 gentibus

445 517 643 571 Christi
678 531 834 570 sacro
870 514 1157 583 Evangelio
1186 516 1511 582 ministrato,
1569 532 1688 569 cum
1726 532 1787 569 ex
1845 518 2018 570 incre-

448 608 642 661 mentis
674 608 738 659 ad
766 607 1018 658 virtutem
1053 620 1147 659 cos
1188 606 1542 660 inclarescere
1566 620 1619 660 et
1649 608 1695 661 ei
1731 598 1880 660 ﬁrma
1916 607 2017 661 ﬁde

448 700 709 753 iuhzcrere
752 709 1015 763 cerneret,
1067 698 1135 750 ita
1188 698 1444 752 scribitu
1480 699 1703 766 Propter
1746 698 2019 767 gloriatio-

448 806 568 845 nem
618 798 875 853 vestram,
927 789 1145 853 fratres,
1199 804 1358 857 quam
1396 789 1656 843 habemus
1693 791 1744 842 in
1792 789 2018 844 Domino

443 884 569 939 Jcsu
589 884 654 938 ⁷³.
683 901 702 935 s
736 882 802 937 Et
836 896 1087 937 rursum:
1116 880 1427 952 c_Gaudium
1466 889 1520 936 et
1557 893 1752 934 corona
1780 894 1897 934 mea
1924 894 2017 935 vos

444 977 576 1031 estis
608 976 708 1027 ⁷⁸.»

521 1248 682 1303 Vens.
713 1246 767 1309 6,
795 1246 921 1300 7.Et
957 1242 1173 1314 angelus
1209 1242 1403 1295 stabat.
1440 1240 1504 1293 Et
1563 1248 1883 1293 cantestatus
1944 1245 2020 1290 est

446 1341 661 1409 angelus
701 1337 906 1390 Domini
930 1338 995 1388 ad
1026 1333 1226 1395 Iesum,
1254 1334 1429 1385 dicens
1461 1328 1629 1383 :Ilazc
1661 1329 1785 1380 dicit
1838 1326 2017 1379 Domi-

449 1448 545 1483 nus
579 1430 938 1497 omnipotens:
969 1424 1026 1479 Si
1052 1426 1104 1477 in
1130 1424 1226 1477 viis
1261 1422 1382 1479 meis
1427 1419 1861 1481 ambulaveris,et
1880 1434 2019 1487 prm-

447 1537 593 1589 repta
628 1539 742 1575 mea
790 1519 1150 1581 custodiveris,
1226 1526 1274 1569 et
1330 1525 1383 1568 tu
1435 1512 1756 1581 diiudicabis
1809 1511 2020 1561 domum

446 1632 634 1681 meam,
673 1624 719 1668 et
774 1612 1036 1666 custodias
1107 1610 1301 1662 atrium
1371 1622 1582 1669 meum,
1619 1613 1667 1658 et
1725 1603 1860 1656 dabo
1923 1598 2021 1654 tibi

442 1714 799 1761 conversantes
855 1703 909 1755 in
941 1700 1110 1755 medio
1128 1702 1379 1752 stantium
1409 1698 1648 1749 istorum.

519 1883 653 1939 XIX.
692 1882 747 1936 In
767 1881 894 1935 Jesu
937 1890 1131 1945 magno
1160 1876 1441 1930 sacerdote
1470 1870 1748 1927 Christum
1775 1865 2015 1921 omnium

448 1976 783 2029 Salvatorem
806 1968 1133 2035 descriptum
1157 1964 1473 2032 accipimus,
1493 1958 1646 2027 cujus
1677 1960 1801 2011 item
1831 1970 2018 2024 perso-

448 2082 573 2122 nam
605 2074 667 2119 ut
692 2069 923 2132 gereret,
965 2074 992 2111 a
1025 2055 1292 2127 principio
1352 2055 1532 2107 Aaron
1565 2049 1816 2104 sacerdos
1862 2045 2019 2101 insti-

450 2170 595 2211 tutus
623 2166 724 2209 est.
769 2151 881 2205 Hoc
918 2159 1094 2205 autem
1124 2148 1175 2202 in
1206 2147 1323 2201 loco
1349 2144 1417 2199 ad
1447 2144 1622 2212 ipsum
1656 2141 1820 2195 ﬁlium
1868 2138 2021 2192 Jose-

448 2251 548 2302 dcc
578 2247 778 2299 dictum
808 2242 1126 2296 asserimus:
1164 2256 1182 2289 ι
1220 2237 1345 2291 Haec
1379 2236 1509 2289 dicit
1534 2232 1791 2287 Dominus
1847 2228 2018 2283 omni-

449 2351 682 2408 potens:
710 2335 767 2389 Si
808 2336 858 2387 in
895 2334 997 2386 viis
1033 2331 1165 2385 meis
1221 2326 1605 2391 ambulaveris,
1641 2334 1695 2377 et
1756 2332 2019 2392 praecepta

445 2446 567 2485 tura
604 2426 983 2490 custodivcris,
1012 2432 1067 2477 et
1098 2432 1148 2475 tu
1179 2419 1503 2491 dijudicabis
1526 2418 1741 2469 domum
1783 2428 1974 2475 meam,
1996 2432 2016 2465 ι

448 2533 499 2578 ct
546 2536 663 2591 qua:
712 2526 1032 2588 sequuntur.
1104 2512 1216 2566 Non
1267 2512 1408 2564 enim
1465 2508 1591 2561 talia
1644 2506 1860 2559 Christo
1915 2504 2019 2557 diei

444 2620 649 2681 queunt
677 2627 690 2663 :
733 2610 820 2678 qui
849 2617 929 2661 est
961 2607 1066 2665 via,
1096 2601 1409 2670 justilicatio
1459 2598 1571 2663 Dei,
1599 2608 1653 2650 et
1721 2594 1897 2647 Pull‘lS
1939 2592 2021 2647 sui

449 2707 666 2757 domum
700 2703 815 2769 ipse
847 2693 1177 2765 dijudiCavit,
1213 2701 1270 2744 ιιι
1304 2690 1469 2743 Filius
1497 2696 1814 2756 potestatem
1867 2699 2023 2737 σκετο

450 2811 597 2849 reus.
624 2792 750 2845 Et'al
778 2790 919 2843 enim
948 2786 1126 2842 Moses
1154 2784 1322 2837 ﬁdelis
1359 2781 1586 2834 famulus
1609 2780 1661 2832 in
1687 2778 1831 2832 omni
1864 2778 2024 2830 domo

452 2887 541 2940 hei
574 2900 590 2936 ε
626 2896 677 2937 at
710 2882 958 2936 Christus
987 2888 1045 2933 ut
1078 2876 1246 2930 Filius
1279 2889 1439 2941 super
1462 2874 1677 2925 domum
1709 2870 1843 2937 ejus,
1875 2868 2025 2935 cujus

449 2977 639 3031 domus
667 2988 767 3028 nos
807 2986 991 3026 smnus
1014 2970 1079 3023 ⁷⁵.
1110 2968 1250 3035 Ergo
1283 2966 1346 3019 ad
1379 2964 1543 3017 ﬁlium
1571 2962 1797 3017 Josedec
1819 2961 1917 3015 ista
1945 2960 2026 3014 di-

451 3076 536 3120 cta
564 3064 815 3127 sunto,ad
835 3060 1110 3116 Christum
1129 3057 1369 3111 minime.
1392 3048 1677 3109 l’ollicetur
1698 3061 1873 3106 autem
1888 3051 2028 3105 Deus

452 3155 807 3209 sacerdotium
842 3162 1172 3206 retenturum
1204 3149 1364 3202 etiam
1402 3157 1521 3213 post
1569 3157 1808 3211 tempora
1856 3143 2028 3207 capti-

450 3243 654 3305 vitatis,
679 3251 732 3293 ut
760 3239 1068 3293 sacerdotes
1090 3237 1307 3305 prmsinl
1332 3234 1536 3298 lsraeli,
1554 3240 1608 3285 et
1625 3241 1865 3286 sanctam
1884 3230 2025 3283 illam

452 3334 727 3386 civitatem
779 3332 1142 3383 moderentur.
1189 3325 1452 3392 Quoniam
1492 3324 1672 3388 enim,
1715 3324 2026 3389 captivitate

451 3423 666 3478 inducta
689 3463 703 3488 ,
733 3431 787 3475 et
834 3421 1039 3474 sanctis
1069 3418 1430 3471 concrematis
1470 3424 1525 3469 et
1582 3413 1866 3469 sacriﬁciis
1894 3414 2030 3468 sub-

458 3515 601 3577 latis,
649 3509 1051 3565 arbitrabantur
1104 3508 1340 3562 nonnulli
1390 3506 1619 3561 Mosaica
1649 3505 1888 3559 funditus
1935 3504 2030 3559 ab-

452 3603 667 3665 olenda,
686 3601 853 3672 676
878 3610 930 3654 et
948 3599 1115 3668 legem
1142 3597 1272 3651 nihil
1290 3597 1518 3666 amplius
1533 3595 1838 3658 valituram,
1862 3608 2028 3662 quan-

457 3711 618 3764 quam
667 3694 901 3747 nondum
952 3698 1215 3760 prasente
1260 3688 1353 3743 illo
1391 3699 1631 3758 tempore
1675 3700 1781 3755 quo
1835 3684 2027 3751 Unige-

456 3788 629 3841 nitum
671 3793 855 3838 natum
896 3783 1166 3838 hominem
1189 3794 1450 3850 apparere
1479 3779 1784 3849 Oportebat,
1825 3777 2025 3830 idcirco

456 3877 598 3930 Deus
632 3876 830 3930 docens
861 3873 1116 3929 lsraclcm
1145 3872 1245 3927 sub
1286 3872 1527 3941 antiquis
1578 3870 1822 3926 moribus
1879 3870 2023 3921 lutu-

450 3982 571 4021 rum
615 3975 671 4021 et
700 3967 799 4020 sub
828 3966 1051 4035 imperio
1082 3965 1422 4020 sacerdomm
1449 3954 1661 4017 tetatem
1695 3960 2022 4019 habiturum,

454 4058 597 4112 haud
631 4072 784 4112 set-us
818 4071 979 4126 quam
1007 4066 1132 4110 ante
1149 4056 1517 4123 captivitatem
1540 4050 1846 4104 necessario
1882 4048 2026 4101 allir—

436 4152 653 4215 ‘mat,si
688 4149 857 4217 legem
911 4148 1121 4201 sincere
1169 4145 1504 4208 custodierit,
1573 4143 1743 4209 ipsum
1810 4154 2020 4192 rursum

453 4241 668 4293 domum
708 4240 825 4307 ejus
870 4236 1304 4304 diiudicaturum,
1334 4244 1387 4289 et
1434 4234 1610 4303 prima
1665 4232 1833 4301 gloria
1880 4230 2021 4298 poti-

2119 426 2401 496 ἐσθήματα
2422 444 2434 456 ·
2458 428 2628 489 οὓτως
2649 426 2899 488 εἰωθότος
2928 426 3087 478 πάλιν
3116 425 3715 497 εὐδοκιμεῖν,καθαρὸν

2117 515 2268 569 ἔσται
2302 517 2396 568 καὶ
2427 517 2683 584 διαφανὲς
2716 517 2813 586 τῆς
2846 517 3145 585 ἱερωσύνης
3178 514 3237 567 τὸ
3266 516 3453 586 χρῆμα
3481 517 3578 584 (1),
3602 516 3717 569 καὶ

2119 608 2174 657 ἐν
2226 608 2393 677 πολλῇ
2434 607 2710 678 παρρησίᾳ
2746 610 2811 678 τῇ
2848 607 2997 678 παρὰ
3043 606 3181 676 Θεῷ.
3214 608 3322 659 Καὶ
3356 606 3488 675 γοῦν
3535 610 3562 660 6
3608 607 3713 660 θε-

2121 695 2341 757 σπέσιος
2370 696 2577 759 Παῦλος
2612 698 2975 767 ἱερουργήσας
3018 699 3131 760 τοῖς
3163 697 3337 750 ἔθνεσι
3370 698 3430 750 τὸ
3459 698 3717 766 Εὐαγγέ-

2119 785 2233 837 λιον
2260 786 2353 838 τοῦ
2384 785 2639 855 Χριστοῦ,
2665 785 2758 837 καὶ
2779 788 2900 843 ταῖς
2938 786 3017 848 είς
3047 785 3107 837 τὸ
3128 786 3347 855 ἄμεινον
3398 786 3718 839 ὲπιδόσεσιν

2120 876 2539 947 εὐδοκιμοῦντας
2575 876 2807 945 βλέπων,
2839 877 2932 930 καὶ
2966 876 3188 946 βεϐαίαν
3228 876 3448 946 ἔχοντας
3476 877 3575 947 τὴν
3604 877 3718 929 ἐπ’

2120 966 2267 1035 αὑτῷ
2318 967 2519 1030 πίστιν,
2548 966 2849 1019 ἐπιστέλλει
2882 967 3083 1035 λέγων·
3140 985 3158 1018 ι
3186 966 3269 1037 Νὴ
3294 967 3394 1037 τὴν
3425 966 3716 1037 ἡμετέραν

2120 1058 2410 1126 καύχησιν,
2438 1056 2672 1125 ἀδελφοὶ,
2695 1056 2761 1127 ἣν
2792 1057 2987 1128 ἔχομεν
3019 1060 3077 1109 ὲν
3094 1056 3282 1127 Κυρίῳ
3303 1056 3499 1126 Ἰησοῦ.
3534 1076 3553 1105 ›
3594 1056 3718 1109 Καὶ

2122 1147 2312 1200 πάλιν·
2357 1166 2374 1199 ι
2403 1147 2563 1218 Χαρὰ
2601 1148 2694 1200 καὶ
2726 1148 2986 1217 στέφανός
3023 1165 3124 1217 μου
3164 1149 3323 1216 ὑμεῖς
3362 1149 3503 1199 ὲστε.
3537 1166 3556 1197 ι

2191 1240 2302 1294 Kal
2353 1244 2386 1293 ό
2433 1241 2686 1309 ἅγγελος
2733 1242 3014 1308 εἱστήκει.
3053 1241 3161 1294 Kal
3199 1240 3622 1309 διεμαρτύρατο
3676 1240 3717 1291 ό

2121 1331 2374 1401 ἄγγελος
2400 1333 2622 1399 Κυρίου
2653 1332 2803 1401 πρὸς
2830 1330 3296 1400 Ἰησοῦν-,λέγων
3317 1348 3331 1360 ο
3368 1329 3515 1384 Τάδε
3542 1329 3717 1397 ,λέγει

2138 1411 2351 1489 Κύριος
2377 1422 2820 1491 παντοκράτωρο
2852 1425 2986 1477 Ἐὰν
3008 1424 3078 1476 ἐν
3101 1423 3230 1489 ταῖς
3262 1421 3422 1488 ὁδοῖς
3445 1440 3566 1490 μου
3598 1437 3715 1475 πο-

2113 1517 2286 1582 ρεύῃ,
2314 1514 2411 1567 καὶ
2450 1516 2519 1567 ἐν
2554 1514 2679 1581 τοῖς
2711 1515 3132 1585 προστάγμασι
3151 1531 3271 1582 μου
3306 1513 3570 1582 φυλάξῃ,
3604 1514 3714 1567 καὶ

2123 1604 2203 1656 σὺ
2248 1603 2573 1670 διακρινεῒς
2616 1604 2725 1656 τὸν
2758 1600 2925 1656 οἶκόν
2948 1621 3090 1673 μου,
3121 1603 3219 1655 καὶ
3262 1602 3557 1671 φυλάξεις
3591 1602 3717 1669 τὴν

2050 1676 2089 1728 Β
2119 1695 2318 1760 αὐλήν
2354 1713 2495 1764 μου,
2533 1694 2633 1747 καὶ
2666 1694 2838 1747 δώσω
2886 1712 2985 1747 σοι
3038 1692 3599 1763 ἀναστρεφομένους
3634 1693 3719 1748 ἐν

2118 1787 2288 1857 μέσῳ
2312 1787 2432 1840 τῶν
2460 1787 2805 1853 ἑστηκότων
2830 1789 3072 1841 τούτων.

2194 1880 2294 1933 ΙΘ’.
2333 1879 2430 1939 Εἰς
2472 1878 2824 1932 ὑποτύπωσιν
2880 1878 2979 1948 μὲν
3033 1877 3127 1930 τοῦ
3194 1878 3410 1931 πάντων
3453 1878 3717 1949 Σωτῆρος

2120 1972 2358 2042 Χριστοῦ
2412 1969 2829 2042 παρεδεξάμεθα
2878 1970 2971 2022 τὸν
3005 1968 3215 2039 Ἰησοῦν
3262 1968 3352 2021 τὸν
3415 1968 3567 2039 ἱερέα
3614 1968 3715 2021 τὸν

2126 2062 2299 2131 μέγαν
2317 2078 2330 2090 ”
2367 2062 2574 2114 τέθειτο
2606 2061 2713 2130 γὰρ
2745 2062 2824 2123 είς
2850 2059 3007 2112 τοῦτο
3037 2061 3129 2113 καὶ¹
3158 2058 3368 2129 Ἀαρὼν
3403 2062 3460 2112 ὲν
3484 2059 3709 2128 ἀρχαῖς.

2122 2153 2267 2223 Πλὴν
2300 2151 2355 2204 ἔν
2400 2168 2465 2219 γε
2514 2152 2627 2213 τοῖς
2670 2150 3054 2222 προκειμένοις
3084 2151 3217 2221 πρὸς
3258 2150 3417 2203 αὐτὸν
3456 2147 3714 2219 εἰρῆσθαί

2123 2260 2300 2312 φαμεν
2348 2243 2437 2296 τὸν
2471 2242 2713 2295 Ἰωσεδὲκ
2745 2242 2822 2306 τὺ,
2870 2259 2889 2291 ι
2921 2242 3057 2294 Τάδε
3092 2241 3238 2309 λέγει
3273 2241 3474 2312 Κύριος
3506 2258 3712 2293 παντο-

2123 2334 2370 2403 κράτωρ⁸
2399 2352 2416 2384 ι
2457 2333 2585 2385 Ἐὰν
2621 2334 2676 2384 ὲν
2703 2334 2820 2393 ταῖς
2841 2332 2979 2394 ὁδοῖς
3009 2348 3109 2401 μου
3140 2332 3369 2404 πορεύῃ,
3390 2332 3485 2383 καὶ
3512 2333 3569 2382 ὲν
3594 2334 3715 2394 τοῖς

2124 2425 2512 2495 προστάγμασί
2562 2442 2660 2494 μου
2706 2424 2976 2495 φυλάσσῃ,
3019 2424 3113 2477 καὶ
3166 2425 3229 2475 σὺ
3284 2424 3574 2492 διακρινεῖς
3616 2424 3714 2476 τὲν

2122 2510 2268 2567 οἶκόν
2302 2530 2424 2584 μου,
2460 2532 2477 2564 ι
2514 2514 2610 2566 καὶ
2647 2512 2717 2565 τὰ
2743 2512 2953 2574 τούτοις
2982 2511 3241 2577 ἑπόμενα.
3275 2512 3349 2562 Οὐ
3383 2511 3493 2580 γὰρ
3523 2510 3589 2562 ἂν
3628 2510 3714 2561 εἵ-

2128 2623 2256 2675 ρητο
2298 2606 2365 2658 τὰ
2401 2605 2577 2658 τοιάδε
2627 2604 2875 2675 Χριστῷ·
2927 2603 3089 2665 αὐτὸς
3141 2603 3249 2672 γάρ
3292 2605 3438 2654 ἐστιν
3491 2604 3522 2669 ἡ
3566 2602 3711 2664 ὁδὸς,

2123 2696 2285 2759 αὐτὸς
2328 2696 2388 2748 τὸ
2431 2696 2709 2765 δικαίωμα
2750 2695 2841 2747 τοῦ
2874 2694 3007 2747 Θεοῦ
3044 2695 3137 2747 καὶ
3172 2692 3402 2762 Πατρὸς,
3440 2693 3600 2753 αὐτὸς
3633 2693 3718 2744 δι-

2125 2788 2304 2856 έκρινε
2348 2786 2437 2838 τὸν
2482 2783 2629 2838 οἶκον
2659 2784 2844 2848 αὑτοῦ,
2872 2784 3303 2851 κατεξουσιάζων
3336 2784 3411 2846 ὡς
3448 2779 3715 2846 Υίός.Ἷ[ν

2130 2878 2226 2947 μὲν
2262 2876 2370 2946 γὰρ
2405 2877 2432 2926 6
2461 2876 2745 2938 θεσπέσιος
2781 2876 2983 2945 Μωσῆς
3008 2875 3194 2936 πιστὸς
3224 2874 3476 2943 θεράπων
3515 2877 3571 2927 ὲν
3604 2875 3717 2943 ὅλῳ

2054 3001 2095 3058 C
2128 2967 2204 3037 τῷ
2237 2968 2367 3037 οἴκῳ
2392 2967 2485 3019 τοῦ
2522 2968 2655 3019 Θεοῦ
2677 2986 2690 2997 ·
2727 2969 2769 3019 Χ
2779 2969 2957 3037 ριστος
2987 2966 3042 3018 δὲ
3071 2967 3145 3028 ὡς
3172 2966 3297 3029 Υἱὸς
3325 2966 3416 3019 ἐπὶ
3442 2966 3531 3019 τὸν
3561 2964 3715 3019 οἷκον

2130 3058 2319 3124 αὐτοῦ,
2367 3052 2428 3109 οὗ
2480 3054 2627 3121 οἶκός
2675 3060 2841 3128 ὲσμεν
2885 3060 3063 3127 ἡμεῖς.
3100 3056 3306 3110 Οὐκοῦν
3338 3057 3573 3127 εἰρήσθω
3609 3057 3716 3127 μὲν

2132 3152 2267 3220 πρὸς
2295 3150 2385 3203 τὸν
2415 3149 2509 3203 τοῦ
2537 3151 2785 3203 Ἰωσεδὲκ
2813 3149 2880 3202 τὰ
2909 3149 3106 3211 τοιάδε,
3132 3149 3264 3217 πρὸς
3297 3148 3353 3200 δέ
3382 3165 3443 3215 γε
3470 3147 3714 3218 Χριστὸν

2128 3241 2328 3293 οὐκέτι.
2350 3240 2745 3311 Ἐπηγγέλλετο
2774 3240 2830 3292 δὲ
2860 3239 3011 3303 Θεὸς,
3049 3240 3147 3309 τὴν
3182 3238 3319 3292 κατὰ
3350 3239 3512 3309 νόμον
3546 3242 3713 3309 ίερως

2132 3333 2296 3403 σύνην
2344 3314 2640 3404 κρατήσειν
2685 3333 2760 3385 ἔτι
2807 3333 2901 3386 καὶ
2954 3335 3089 3402 μετά
3136 3349 3199 3400 γε
3243 3332 3368 3393 τοὺς
3406 3332 3500 3400 τῆς
3539 3334 3713 3402 αἰχμ-

2131 3424 2368 3487 αλωσίας
2396 3426 2643 3497 καιροὺς,
2675 3424 2815 3477 ὥστε
2843 3425 2969 3487 τοὺς
3006 3422 3381 3493 ἱερατεύοντας
3411 3423 3715 3493 κατάρχειν

2126 3516 2220 3568 τοῦ
2250 3516 2487 3586 Ἰσραὴλ,
2526 3516 2619 3568 καὶ
2667 3516 2765 3586 τὴν
2816 3515 2977 3582 ἁγίαν
3024 3514 3225 3566 διέπειν
3273 3513 3424 3566 πόλιν
3466 3516 3709 3585 ἐκείνην.

2141 3606 2356 3677 Ἐπειδὴ
2406 3607 2514 3677 γὰρ
2564 3606 2848 3676 συμϐάσης
2897 3605 2994 3674 τῆς
3042 3604 3433 3672 αἰχμαλωσίας,
3474 3606 3714 3658 καὶτῶν

2128 3698 2296 3766 ἁγίων
2327 3697 2826 3769 ἐμπεπρησμένων,
2862 3697 2955 3748 καὶ
2982 3696 3168 3757 θυσίας
3188 3696 3368 3747 οὐκέτι
3404 3714 3714 3765 προσκεκο-

2130 3789 2415 3861 μισμένης,
2450 3787 2615 3859 ᾤοντό
2658 3805 2802 3851 τινες
2848 3787 2983 3858 πρὸς
3040 3786 3349 3856 ἀνατροπὴν
3385 3788 3711 3855 οίχήσεσθαι

2126 3881 2364 3951 παντελῆ
2411 3881 2481 3933 τὰ
2513 3880 2775 3944 Μωσέως,
2822 3881 2914 3932 καὶ
2962 3878 3333 3949 ἅπρακτήσειν
3383 3878 3473 3930 τὸν
3515 3878 3709 3948 νόμον,

2125 3972 2300 4024 καίτοι
2350 3973 2515 4041 μήπω
2566 3971 2831 4041 παρόντος
2862 3968 2953 4021 τοῦ
2993 3968 3206 4038 καιροῦ,
3237 3968 3358 4021 καθ’
3389 3968 3447 4020 ὃν
3491 3970 3709 4021 ἀναδεί-

2126 4061 2354 4115 κνυσθαι
2380 4064 2543 4133 ἐχρῆν
2572 4060 3028 4131 ἐνηνθρωπηκότα
3050 4061 3139 4113 τὸν
3162 4061 3438 4131 Μονογενῆ
3460 4079 3472 4092 ·
3502 4062 3706 4134 ταύτῃο

2124 4172 2205 4207 τοι
2238 4153 2369 4215 Θεὸς
2399 4152 2725 4219 ἀναπείθων,
2764 4154 2844 4205 ὅτι
2872 4155 2982 4215 τοῖς
3015 4152 3258 4223 ἀρχαίοις
3281 4152 3458 4206 ἔθεσιν
3485 4154 3708 4206 ὑποκεί-

2127 4262 2276 4297 σεται
2321 4244 2480 4296 πάλιν
2532 4246 2560 4297 6
2589 4243 2823 4317 Ἰσραὴλ,
2861 4244 2953 4295 καὶ
3002 4243 3106 4295 ὑπὸ
3150 4246 3310 4316 χεῖρα
3356 4245 3551 4315 πράξει
3593 4247 3707 4300 τῶν

452 4343 654 4394 turum,
682 4344 804 4383 cum
847 4329 901 4382 in
933 4342 1089 4383 sacro
1116 4326 1415 4381 ministerio
1450 4323 1612 4378 etiam
1684 4323 1889 4376 sanctis
1929 4338 2021 4375 au-

2129 4334 2338 4403 ίερέων,
2367 4334 2509 4386 καθὰ
2548 4335 2641 4385 καὶ
2680 4333 2788 4403 πρὸ
2819 4333 2918 4404 τῆς
2958 4334 3351 4404 αἰχμαλωσίας,
3385 4337 3707 4403 ἀναγκαίως

453 4423 584 4492 gelis
619 4420 1022 4489 adjuvantibus.
1061 4418 1174 4472 Non
1209 4419 1352 4473 enim
1400 4416 1505 4470 dici
1566 4424 1736 4485 potest
1787 4423 2019 4466 veterem

451 4514 621 4582 legem
656 4513 948 4566 virtutibus
974 4509 1402 4577 intelligentibus
1467 4508 1773 4561 destitutam
1824 4507 2021 4559 fuisse.

452 4604 510 4655 Si
551 4602 693 4655 enim
724 4601 912 4670 legalis
944 4600 1030 4653 illa
1066 4600 1174 4668 typi
1206 4610 1258 4653 et
1293 4599 1496 4651 malum
1541 4605 1725 4662 erant,
1776 4611 1906 4665 ergo
1958 4597 2021 4651 ad

452 4694 545 4748 Dei
575 4694 797 4763 gloriam
834 4691 1253 4761 peragebantur.
1295 4689 1402 4743 lloc
1445 4690 1636 4758 opinor
1681 4688 1780 4742 sibi
1840 4688 2020 4743 velle:

458 4806 475 4833 ε
516 4784 660 4836 Dabo
688 4782 780 4835 tibi
813 4792 1196 4835 conversantes
1216 4780 1265 4833 iu
1289 4780 1464 4833 medio
1490 4780 1742 4833 stantium
1771 4780 2018 4842 ltOtum,’

453 4877 557 4929 hoc
599 4886 703 4938 est,
756 4873 1140 4942 propemodum
1179 4887 1282 4924 una
1342 4872 1711 4924 sacriﬁcantes
1749 4881 1801 4924 et
1849 4871 2023 4925 sacris

453 4965 642 5018 olliciis
677 4962 831 5016 simul
890 4964 1171 5030 fungentes
1231 4962 1469 5031 angelos.
1535 4960 1811 5028 Perpende
1864 4978 2024 5030 porro

456 5057 725 5124 quomodo
757 5054 952 5121 ubique
979 5067 1131 5105 sacra
1165 5053 1441 5121 Scriptura
1477 5053 1697 5121 angelos
1731 5064 1875 5105 Stare
1908 5068 2023 5120 pro-

456 5149 684 5210 nuntiet,
704 5145 951 5199 stationis
986 5144 1245 5198 vocabulo
1288 5144 1606 5214 signiﬁcans
1639 5161 1733 5199 eos
1794 5146 2020 5213 ignavia!

456 5254 560 5290 non
589 5236 961 5301 succumbere,
1012 5237 1105 5289 sed
1148 5245 1376 5290 mentem
1404 5235 1548 5289 velut
1575 5244 1833 5297 erectam,
1861 5243 1913 5285 et
1939 5233 2019 5285 in-

521 5431 569 5463 ’³
598 5431 752 5485 Rom.
788 5447 875 5495 xv,
909 5430 996 5485 17.
1072 5432 1117 5463 ⁷⁵
1148 5432 1379 5503 Philipp.
1414 5446 1486 5495 tv,
1519 5427 1577 5482 9.

2126 4424 2311 4491 φησιν,
2341 4423 2415 4486 ὡς
2463 4424 2509 4476 εἰ
2543 4423 2751 4492 γένοιτο
2798 4424 3019 4494 γνήσιος
3061 4426 3370 4495 νομοφύλαξ
3411 4429 3439 4479 ὁ
3473 4427 3703 4497 Ἰησοῦς,

2125 4515 2283 4577 αὐτὸς
2320 4514 2479 4568 πάλιν
2526 4516 2791 4583 διακρινεὶ
2821 4517 2912 4568 τὸν
2958 4513 3104 4567 οἷκον
3143 4515 3328 4580 αὐτοῦ,
3354 4500 3456 4569 ικαὶ
3489 4519 3545 4569 ὲν
3577 4517 3707 4587 δόξῃ

2124 4604 2367 4658 κείσεται
2406 4607 2473 4675 τῇ
2520 4603 2751 4676 πρώτῃ,
2804 4605 3360 4677 συλλειτουργούντων
3408 4608 3557 4677 αὐτῷ
3609 4609 3705 4660 καὶ

2132 4697 2302 4763 ἁγίων
2330 4696 2593 4763 ἀγγέλων.
2628 4697 2701 4747 Οὐ
2749 4696 2857 4766 γάρ
2899 4698 3000 4750 πού
3046 4715 3244 4768 φαμεν,
3280 4700 3357 4762 ὡς
3403 4702 3609 4770 ἔρημος
3637 4697 3705 4770 ἦν

2128 4789 2413 4858 δυνάμεων
2440 4787 2671 4855 λογικῶν
2705 4788 2732 4840 6
2766 4789 2930 4842 πάλαι
2961 4790 3142 4860 νόμος.
3174 4792 3236 4843 Εἰ
3273 4793 3381 4862 γὰρ
3427 4794 3519 4844 καὶ
3547 4788 3617 4862 ἧν
3648 4798 3704 4845 ἐν

2128 4877 2318 4940 τύποις
2372 4879 2465 4929 καὶ
2512 4879 2689 4940 σκιαῖς
2724 4878 2789 4931 τὰ
2832 4880 2889 4932 ὲν
2938 4881 3103 4950 νόμῳ,
3139 4879 3369 4936 ἀλλὀῦν
3424 4885 3503 4948 είς
3545 4889 3705 4954 δέξειν

2132 4970 2362 5021 ἐτελεῖτο
2393 4967 2546 5022 Θεοῦ.
2577 4970 2745 5021 Τοῦτο
2795 4966 2945 5040 οἶμαι
2995 4971 3185 5040 δηλοῦν
3232 4973 3319 5037 τὸ,
3361 4994 3379 5026 ι
3410 4976 3577 5030 Δώσω
3621 4996 3701 5032 σοι

2129 5057 2633 5128 ἀναστρεφομένους
2664 5060 2719 5109 ὲν
2765 5061 2913 5128 μέσῳ
2943 5060 3052 5111 τῶν
3080 5063 3386 5131 ἑστηκότων
3416 5066 3642 5133 τούτων,
3680 5087 3696 5118 ι

2128 5148 2391 5208 τουτέστι,
2422 5148 2700 5217 μονονουχὶ
2728 5150 3201 5219 συνιερατεύοντας
3250 5153 3341 5203 καὶ
3364 5153 3638 5208 συλλειτου
3649 5175 3704 5227 ρ-

2125 5232 2354 5300 γοῦντας
2399 5233 2678 5300 ἀγγέλους.
2709 5234 2897 5307 νΑορει
2957 5238 3011 5289 δὲ
3059 5239 3204 5301 ὅπως
3257 5243 3530 5313 πανταχοῦ
3575 5246 3702 5309 τοὺς

1654 5428 1698 5459 ⁷⁵
1733 5426 1893 5481 Hebr.
1925 5443 2007 5493 ιιι,
2036 5427 2159 5481 2-6.

525 5611 600 5682 (ί)
632 5611 921 5667 Cotclerius
946 5610 1207 5681 (Monum.
1246 5610 1308 5663 Ε.
1343 5608 1405 5663 (ἰ.
1438 5608 1652 5681 ll,_646)
1684 5610 1808 5679 legit
1834 5610 2017 5680 σχῆμα

2128 5608 2305 5660 abitus.
2338 5606 2497 5659 Eutr.
