3936 6318
167 404 232 459 ιο
947 397 1495 457 COMMENTMHUS
1537 401 1599 454 IN
1642 397 2045 456 'LMZIIARIAM
2085 397 2512 456 PROPHETAM.
3362 400 3434 456 50

167 518 344 585 ἁγίους
375 517 647 585 ἀγγέλους
684 519 900 572 ἑστάναι
946 519 1076 588 φησὶ
1107 519 1166 572 τὸ
1195 519 1433 589 Γράμμα
1476 519 1536 572 τὸ
1575 519 1742 588 ἱερὸν,

1872 516 2126 570 inuitatis
2157 526 2455 586 expertem,
2497 526 2550 572 et
2583 531 2705 570 cum
2753 514 2860 568 Deo
2900 523 3128 568 stantem
3175 514 3428 568 retinere.

168 609 238 678 τῷ
263 608 358 678 τῆς
404 607 650 671 στάσεως
679 610 900 679 ὀνόματι
931 609 1264 680 καταδηλοῦν
1307 612 1367 663 τὸ
1397 609 1470 681 μὴ
1497 610 1747 674 ὀκλάζειν

163 700 353 762 αὐτοὺς
409 701 488 762 εἰς
535 691 596 752 τὸ
645 698 904 770 ῥᾴθυμον,
957 699 1070 753 ἀλλ’
1139 694 1250 752 οἷον
1297 701 1462 771 ὀρθὴν
1517 701 1603 754 ἀεὶ
1653 701 1747 753 καὶ

162 785 357 856 ἀσθενῆ
404 787 505 840 οὐκ
549 788 880 857 ἁνεχομένην
914 788 1011 859 τὴν
1038 789 1276 842 διάνοιαν
1302 789 1464 860 ἔχειν,
1497 790 1742 845 ὲστῶσάν

159 892 220 930 τε
249 877 388 946 μετά
421 877 576 932 Θεοῦ.
606 878 763 933 Οὕτω
790 880 883 932 καὶ
909 881 966 944 ὲν
985 880 1063 949 τῷ
1085 880 1340 951 Ἰεζεκιὴλ
1364 882 1744 954 γεγραμμένον

163 968 464 1038 εὑρήσομεν
494 969 620 1033 περὶ
650 969 755 1022 τῶν
779 972 1078 1042 Χερουϐὶμ,
1109 973 1188 1026 ὅτι
1224 992 1240 1023 ι
1271 973 1349 1026 Τὰ
1379 974 1540 1044 σκέλη
1565 974 1744 1028 αὐτῶν

160 1059 308 1129 ὀρθά.
345 1079 364 1112 ι
417 1061 741 1130 Κάμπτεται
787 1064 885 1134 μὲν
931 1065 1062 1135 γὰρ,
1099 1065 1194 1118 καὶ
1235 1065 1355 1119 λίαν
1409 1066 1664 1132 εὐκόλως,
1709 1069 1743 1140 ἡ

160 1147 448 1216 ἀνθρώπου
478 1149 708 1215 διάνοια,
738 1151 832 1204 καὶ
861 1151 1010 1206 ἐστιν
1039 1154 1272 1224 εὐπετὴς
1298 1155 1376 1217 είς
1398 1172 1461 1223 γε
1489 1155 1550 1207 τὸ
1571 1155 1745 1208 θέλειν

158 1239 518 1310 ἀρῤωστῆσαι
547 1242 606 1295 τδ
638 1242 1148 1314 ρᾀυμον.”Εστηκε
1180 1245 1235 1296 δὲ
1262 1245 1452 1317 ὥσπερ
1477 1246 1585 1299 τῶν
1634 1248 1746 1302 ἄνω

159 1333 489 1401 πνευμάτων
519 1336 549 1404 ἡ
589 1335 717 1402 ἁγία
755 1335 982 1406 πληθύς.
1013 1336 1282 1410 Ταύτῃτοι
1323 1337 1417 1391 καὶ
1446 1338 1583 1409 πρὸς
1610 1339 1747 1392 Σιὼν

160 1419 380 1487 ἐλέγετο
430 1421 584 1491 παρὰ
607 1422 778 1474 Θεοῦ·
819 1443 835 1473 ι
870 1423 1073 1491 Στῆσον
1104 1424 1356 1495 σεαυτὴν,
1391 1425 1548 1478 Σιών.
1576 1445 1594 1477 ι
1632 1427 1749 1478 Ἀν-

1860 609 1930 662 Ita
1949 619 2000 664 et
2035 610 2085 664 iu
2121 609 2401 664 Ezechiele
2420 611 2674 679 scriptum
2699 608 3004 662 invenimus
3017 607 3084 661 de
3101 605 3390 660 Clterubim
3415 623 3428 658 :

1860 721 1878 754 ι
1915 702 1978 756 Ει
2010 702 2175 772 pedes
2203 701 2560 756 eorum‘recti
2589 700 2690 754 ⁷⁸.»
2726 697 3002 754 Curvatur
3050 697 3216 761 enim,
3241 696 3432 763 etqui-

1848 795 1966 849 dem
2004 794 2279 864 perfacile,
2317 809 2467 849 meus
2501 795 2758 854 humana,
2792 801 2845 846 et
2901 791 3114 860 pigritia
3143 790 3241 843 levi
3269 803 3432 856 nego-

1850 885 1923 937 tio
1949 885 2255 953 corripitur.
2293 884 2662 953 Supernorum
2697 890 2875 935 autem
2911 878 3194 948 Spirituunt
3246 884 3432 930 sancta

1854 973 2139 1026 multitudo
2172 981 2279 1027 stat
2305 971 2724 1042 quodammodo.
2769 967 2948 1034 Quare
2978 975 3033 1021 et
3055 966 3206 1020 Sioni
3227 966 3432 1018 dictum

1850 1076 1929 1121 est
1964 1082 1993 1120 a
2036 1066 2142 1120 Deo
2176 1083 2188 1118 :
2234 1083 2252 1117 ι
2281 1064 2387 1120 Fac
2411 1074 2467 1118 ιιι
2500 1073 2634 1130 stes,
2677 1061 2862 1116 Sion»
2889 1048 3055 1113 0mm
3081 1059 3205 1110 item
3246 1059 3435 1110 beatus

1856 1157 2020 1212 David
2052 1159 2158 1212 Deo
2188 1158 2402 1213 cantica
2455 1155 2752 1226 gratiarum
2790 1152 3018 1216 actmia,
3055 1150 3126 1202 ita
3197 1148 3382 1201 dicens
3417 1162 3434 1200 :

1859 1268 1876 1301 ι
1901 1249 2098 1304 Statuit
2123 1265 2284 1318 supra
2326 1259 2530 1319 petram
2558 1247 2720 1318 pedes
2739 1261 2888 1301 meos
2906 1246 2972 1297 ⁷⁷.
2989 1264 3006 1295 ι
3037 1242 3242 1308 Quibus
3257 1239 3436 1292 verbis

1855 1341 1943 1394 ille
1973 1341 2163 1410 spiritu
2199 1341 2388 1410 plenus
2413 1339 2844 1394 immobilitatem
2887 1335 3160 1395 animique
3207 1329 3437 1384 ﬁrmitu-

1857 1433 2039 1486 dinem
2076 1436 2366 1503 expressit.

160 1513 322 1566 ετίθει
352 1516 410 1567 δὲ
442 1517 533 1568 καὶ
567 1517 595 1568 6
626 1516 896 1587 μακάριος
920 1515 1084 1568 Δασιδ
1131 1515 1209 1586 τῷ
1230 1516 1350 1586 Θεῷ
1415 1516 1514 1580 τὰς
1577 1523 1968 1591 χαριστηρίους
1994 1524 2160 1594 ᾠδάς,
2187 1524 2330 1578 οῦτω
2392 1524 2596 1594 λέγων’
2631 1524 2934 1595 (Ἔστησεν
2957 1523 3048 1574 ἐπὶ
3079 1521 3282 1589 πέτραν
3312 1517 3438 1580 τοὺς

161 1605 325 1668 πόδας
364 1622 488 1677 μου.
521 1624 539 1657 ι
575 1606 648 1658 Τὸ
680 1605 788 1676 γὰρ
819 1607 1034 1670 ἁκλινὲς
1063 1609 1120 1660 ὲν
1157 1607 1368 1671 τούτοις
1397 1609 1492 1660 καλ⁸
1531 1608 1589 1661 τὸ
1630 1614 1880 1682 πεπηγὸς
1945 1615 2043 1686 τῆς
2103 1614 2348 1687 γνώμης,
2416 1614 2493 1685 τῷ
2532 1614 2632 1685 τῆς
2674 1615 2915 1677 στάσεως
2949 1611 3172 1682 ὀνόματι
3201 1608 3435 1677 κατεσή-

164 1714 328 1768 μηνεν
361 1699 390 1750 6
421 1699 890 1770 πνευματοιρόρος.

232 1789 448 1842 Ἀκουε
477 1788 819 1856 δὴ,’1ησοῦ,
868 1790 1060 1858 Ιερεὺς
1095 1793 1128 1845 ὁ
1166 1791 1373 1861 μέγας,
1410 1792 1491 1847 σὺ
1533 1793 1621 1858 δὲ,
1654 1795 1750 1848 καί
1786 1804 1828 1860 Β

163 1880 215 1932 οι
240 1877 516 1944 πλησίον
545 1895 685 1942 σου,
720 1879 816 1930 καί
847 1882 898 1931 οὶ
934 1877 1256 1947 καθήμενοι
1279 1881 1393 1947 πρὸ
1427 1880 1756 1948 προσώπου

162 1984 296 2030 σου,
334 1968 489 2021 διότι
527 1968 743 2037 ἄνδρες
791 1971 1223 2037 τερατοσκόποι
1270 1971 1409 2035 εἰσί,
1440 1971 1588 2026 διότι
1628 1972 1756 2026 ἰδοὺ

161 2063 276 2131 ἐγὼ
316 2062 445 2132 ἄγω
487 2061 594 2115 τὸν
641 2061 868 2116 δοῦλόν
887 2065 1331 2132 μου,Ἀνατολὴ
1361 2065 1547 2136 ὄνομα
1575 2065 1754 2130 αὐτῷ.

163 2159 316 2210 Ater
353 2161 386 2211 ὀ
431 2159 621 2223 λίθος,
652 2157 723 2210 ὃν
765 2156 996 2212 δέδωκα
1023 2158 1136 2227 πρὸ
1167 2159 1494 2227 προσώπου
1527 2158 1756 2228 Ἰησοῦ,

161 2250 254 2303 ἐπὶ
284 2249 396 2302 τὸν
424 2250 603 2304 ,1ἰοον
629 2251 734 2301 τὸν
762 2248 891 2313 ἕνα,
925 2249 1073 2302 ἑπτὰ
1101 2252 1398 2319 ὀφθαλμοί
1425 2253 1600 2305 εἰσιν.

231 2342 315 2394 Κ’.
362 2340 464 2392 Διὰ
499 2339 606 2392 τῶν
638 2340 839 2411 ἀρτίως
870 2341 999 2411 ἡμῖν
1032 2341 1334 2412 εἰρημένων
1379 2344 1758 2414 κατεπηγγέλ-

163 2429 288 2493 λετο,
316 2432 397 2501 τῷ
427 2432 626 2502 Ἰησοῦ,
662 2432 828 2502 ἤγουν
865 2431 1086 2502 μᾶλλον,
1121 2433 1256 2504 ὅπερ
1281 2435 1428 2488 ἐστὶν
1470 2434 1761 2506 ἀληθέστε-

170 2540 276 2593 ρον,
301 2527 368 2592 τῇ
400 2523 542 2575 κατὰ
576 2523 740 2592 νόμον
770 2522 1061 2594 ἱερωσύνῃ,
1093 2524 1155 2576 τὸ
1181 2525 1476 2596 διακρῖνειν
1497 2526 1588 2579 τὸν
1613 2522 1762 2581 οἶκον

167 2614 353 2676 αὑτοῦ,
401 2614 498 2666 καὶ
544 2615 841 2684 κατάρχειν
876 2613 953 2667 ἔτι
983 2615 1136 2681 λαοῦ,
1169 2617 1262 2670 καὶ
1293 2617 1394 2687 τῆς
1419 2617 1563 2671 κατὰ
1600 2619 1762 2690 νόμον

165 2707 422 2774 λατρείας
446 2705 836 2775 ἀποπεραίνειν
865 2707 989 2769 τοὺς
1013 2705 1442 2778 τύπους.Ἀθρει
1463 2709 1518 2762 δέ
1553 2727 1641 2778 μοι
1665 2709 1762 2780 τὴν

165 2796 501 2866 οἰκονομίαν,
538 2798 632 2848 καὶ
668 2796 774 2849 τῶν
818 2796 976 2848 θείων
1019 2797 1357 2866 διασκέψεων
1386 2798 1446 2850 τὸ
1480 2799 1614 2852 πολὺ
1644 2799 1763 2854 λίαν

169 2886 423 2955 εὐτεχνές
449 2901 460 2912 ·
481 2886 738 2954 Ἔμελλε,
765 2886 860 2940 καὶ
886 2887 986 2938 ούκ
1019 2888 1096 2950 είς
1128 2889 1366 2958 μακράν,
1405 2889 1763 2960 μετατεθήσε-

172 2976 292 3028 σθαι
340 2977 411 3030 τὰ
463 2977 518 3028 ὲν
566 2977 715 3047 νόμῳ
750 2977 886 3047 πρὸς
915 2976 1173 3047 λατρείαν
1218 2977 1315 3048 τὴν
1363 2978 1643 3049 ἀληθινὴν,
1671 2979 1764 3032 καὶ

169 3067 271 3118 τῶν
320 3067 515 3120 τύπων
567 3068 627 3121 τὸ
669 3067 900 3130 ἀκαλλὲς
957 3067 1470 3138 μεταχαράττεσθαί
1521 3087 1578 3122 τε
1629 3070 1765 3141 πρὸς

1931 1793 2092 1847 Vens.
2123 1793 2263 1846 Audi
2315 1789 2499 1862 igitur,
2530 1789 2655 1844 Iesu
2679 1829 2693 1855 ,
2718 1790 2963 1843 sacerdos
2999 1805 3202 1859 magne,
3237 1799 3291 1842 tu
3318 1805 3434 1843 vero

1861 1898 1906 1941 et
1947 1886 2175 1957 proximi
2199 1884 2297 1952 lui,
2325 1894 2372 1940 et
2407 1885 2498 1954 qui
2532 1885 2710 1938 sedent
2736 1893 2856 1936 ante
2888 1882 3075 1950 facient
3104 1891 3279 1945 tuam,
3315 1887 3438 1951 quia

1863 1979 1957 2033 viri
1985 1987 2338 2048 portentorum
2368 1985 2681 2045 spectatores
2705 1983 2826 2028 sunt
2851 2016 2865 2039 ,
2899 1973 3022 2044 quia
3051 1987 3166 2025 ecce
3199 1989 3290 2042 ego
3346 1972 3442 2024 ad-

1862 2070 1995 2122 duco
2025 2085 2226 2122 servum
2260 2083 2451 2130 meum,
2504 2065 2694 2120 Oriens
2735 2080 2920 2118 nomen
2967 2064 3090 2132 ipsi.
3135 2062 3271 2128 Quia
3306 2062 3440 2130 lapis

1860 2163 2010 2232 quem
2040 2159 2159 2213 dedi
2185 2169 2303 2212 ante
2327 2156 2514 2226 faciem
2541 2155 2691 2221 Jesu,
2711 2171 2866 2223 super
2895 2155 3122 2224 lapidem
3142 2170 3328 2218 unum,
3355 2167 3440 2209 se-

1861 2259 1998 2318 ptem
2055 2247 2193 2300 oculi
2223 2253 2366 2301 sunt.

1931 2338 2050 2394 XX.
2090 2337 2262 2408 Supra
2303 2337 2658 2410 pollicebatur
2681 2335 2835 2405 Iesu,
2863 2339 2980 2393 imo
2997 2348 3166 2403 certe,
3191 2346 3247 2392 ut
3266 2336 3443 2391 dicam

1864 2431 2240 2500 verius,lcgali
2281 2431 2591 2486 sacerdotio
2632 2430 3068 2500 dijudieationem
3097 2430 3293 2483 domus
3311 2444 3444 2494 sum,

1863 2531 1917 2575 et
1958 2523 2317 2590 principatum
2347 2520 2489 2575 ultra
2531 2521 2580 2573 in
2619 2519 2893 2588 populum,
2917 2529 2970 2572 et
3004 2519 3298 2572 ﬁnitionem
3365 2529 3446 2588 ty-

1864 2628 2075 2682 porum,
2107 2627 2200 2666 seu
2244 2614 2562 2667 umbrarum
2602 2613 2778 2666 cultus
2800 2611 2954 2681 juxta
2993 2612 3163 2681 legem
3221 2611 3442 2680 recepti.

1866 2705 2120 2773 Expende
2185 2719 2345 2772 porro
2409 2704 2538 2758 mihi
2609 2703 2966 2758 oeconomiam
3029 2702 3447 2771 divinorumque

1866 2796 2213 2851 consiliorum
2251 2811 2513 2848 summam
2553 2795 2820 2864 peritiam.
2888 2793 3078 2860 Erant,
3121 2807 3218 2847 nec
3279 2793 3448 2847 multo

1865 2896 2008 2958 post,
2052 2887 2116 2940 ad
2141 2887 2340 2940 cultum
2379 2901 2565 2940 verum
2605 2901 3027 2954 germanumque
3077 2885 3447 2939 transferenda

1867 2978 2074 3047 lcgalia,
2097 2978 2260 3049 677
2297 2988 2657 3049 typorumque
2714 2978 2918 3032 ruditas
2952 2978 3002 3030 itt
3033 2977 3264 3046 speciem
3302 2992 3452 3029 ama-

1868 3069 1990 3124 bilis
2028 3079 2083 3124 et
2112 3070 2407 3140 spiritualis
2438 3069 2634 3140 polilize
2663 3067 3019 3121 iunuutanda.
3040 3067 3453 3136 Erautabigen-

172 3159 495 3230 ἀξιέραστόν
538 3177 595 3212 τε
632 3163 728 3213 καὶ
773 3159 1147 3230 πνευματικὴν
1194 3161 1762 3232 πολιτείαν.Ἔμελλον

1872 3162 1920 3216 di
1954 3162 2161 3216 avinea
2203 3160 2474 3231 agricolae,
2517 3160 2728 3215 Domini
2792 3157 3190 3225 interfectores,
3220 3168 3274 3214 et
3324 3173 3452 3228 ager

173 3249 566 3303 ἀποσοϐεῖσθαι
631 3250 725 3303 τοῦ
779 3251 1099 3321 ἀμπελῶνος
1148 3251 1196 3302 οἱ
1247 3254 1769 3324 κυριοκτονήσαντες

175 3343 433 3412 γςωργοῑ,
466 3343 558 3396 καὶ
613 3342 1000 3411 ἐκδοθήσεσθαι
1047 3342 1109 3394 τὸ
1153 3343 1352 3412 χωρίον
1397 3342 1624 3412 ἑτέροις,
1656 3345 1769 3407 τοῖς

177 3432 347 3497 ἀξίοις
397 3431 723 3493 ἀποστόλοις
767 3431 1010 3500 δηλονότι
1071 3433 1166 3484 κοιλ⁴
1215 3431 1626 3500 εύαγγελισταῖς
1655 3473 1669 3496 ,
1720 3435 1769 3487 οἳ

178 3524 530 3593 καρποεξὸρον
565 3523 694 3575 αύτδ
754 3523 848 3575 καὶ
890 3521 1116 3585 εὐανθὲς
1157 3523 1475 3592 ἀποφαίνειν
1523 3523 1768 3594 ἔμελλον,

176 3615 272 3680 τῆς
325 3613 800 3684 τεῳ-ῖιργιαιτάτης
847 3613 1125 3679 ἀξιοῦντες
1173 3613 1471 3684 φροντίδος.
1505 3615 1771 3686 «Ἔμελλε

182 3702 435 3771 βασιλεὺς
474 3703 682 3766 δίκαιος
712 3703 1037 3772 βασιλεύειν,
1067 3706 1161 3758 καὶ
1191 3708 1450 3776 ἄρχοντες
1481 3707 1618 3776 μετὰ
1653 3707 1773 3776 κρίρ

182 3810 317 3856 eam;
385 3795 827 3863 ἄρχειν,›κατὰ
897 3795 993 3866 τὴν
1057 3797 1150 3849 τοῦ
1216 3799 1498 3868 προφήτου
1566 3799 1768 3868 φωνήν.

186 3885 453 3954 Ἐμελλεν
475 3886 662 3955 ἕτερος
690 3886 1012 3939 ἀνίστασθαι
1047 3887 1243 3957 ἱερεὺς,
1263 3889 1321 3938 οὺ
1341 3887 1481 3939 κατὰ
1502 3889 1600 3958 τὴν
1621 3886 1774 3950 τάξιν

195 3976 426 4047 Ἀαρὼν,
462 3976 599 4030 ἀλλά
650 3996 667 4028 ι
699 3977 840 4030 κατὰ
878 3977 976 4048 τὴν
1022 3976 1174 4041 τάξιν
1224 3978 1576 4048 Μελχισεδὲκ,
1611 3998 1629 4029 ι
1665 3977 1774 4032 τῶν

186 4068 356 4135 ἁγίων
385 4069 730 4139 λειτουργὸς,
769 4070 865 4120 καὶ
906 4069 1006 4138 τῆς
1034 4071 1237 4140 σκηνῆς
1264 4071 1361 4140 τῆς
1394 4069 1673 4142 ἀληθινῆς,
1706 4071 1774 4141 ἣν

186 4158 385 4229 ἔπηξεν
423 4159 454 4212 6
502 4159 725 4229 Κύριος,
759 4159 852 4212 καὶ
896 4161 996 4213 οὐκ
1049 4160 1354 4230 ἄνθρωπος.
1393 4161 1622 4232 Εἰσῆλθε
1667 4161 1777 4232 γὰρ

185 4254 260 4316 είς
290 4252 361 4305 τά
391 4253 562 4319 ’Δγια
589 4251 697 4305 τῶν
727 4252 896 4321 ἁγίων
921 4253 950 4304 6
986 4253 1187 4326 Κύριος
1223 4252 1378 4324 ἡμῶν
1404 4251 1612 4324 Ἰησοῦς
1640 4253 1778 4323 Χρι·

186 4343 332 4406 στος,
380 4362 398 4394 ι
438 4344 516 4396 Ub
547 4343 615 4396 δι’
651 4345 882 4416 αἵματος
922 4345 1143 4415 τράγων
1183 4347 1278 4398 καὶ
1327 4345 1564 4416 μόσχων,
1593 4343 1680 4397 διὰ
1720 4344 1778 4398 δὲ

185 4432 277 4485 τοῦ
321 4434 456 4486 ίδίου
490 4434 742 4504 αἵματος,
775 4435 1002 4487 αἰωνίαν
1035 4433 1304 4506 λύτρωσιν
1333 4435 1654 4506 εὑράμενος,
1682 4435 1777 4490 καὶ

1871 3252 2128 3309 locandus
2161 3255 2301 3321 aliis,
2350 3254 2555 3309 sanctis
2603 3251 2864 3323 apostolis
2898 3253 3149 3306 videlicet
3197 3260 3250 3306 et
3289 3267 3453 3305 evan-

1871 3347 2098 3417 gelistis,
2145 3360 2266 3400 eum
2299 3344 2633 3400 l'ructiferum
2667 3353 2720 3397 et
2769 3343 3210 3398 ﬂorentissimum
3275 3343 3452 3397 utilis—

1873 3435 2007 3490 sima
2034 3435 2392 3491 sollicitudine
2420 3451 2515 3490 sua
2547 3434 2915 3490 reddituris".
2948 3453 2966 3485 ι
3002 3433 3132 3489 Erat
3157 3449 3249 3487 rex
3277 3433 3454 3502 justus

1875 3539 2210 3599 regnaturus,
2240 3537 2292 3582 et
2319 3528 2590 3599 principes
2620 3543 2740 3582 cum
2766 3527 2969 3596 judicio
3001 3525 3448 3597 imperatmi",_p

1875 3618 2168 3674 secundum
2205 3633 2388 3672 vocem
2417 3619 2709 3688 pl‘Opltcllc.
2763 3619 3119 3672 Surrecturns
3161 3625 3280 3668 erat
3314 3615 3453 3668 alius

1876 3709 2156 3773 sacerdos,
2183 3724 2286 3761 non
2315 3709 2613 3764 secundum
2657 3708 2902 3761 ordinem
2933 3707 3134 3774 Aaron,
3189 3707 3282 3758 sed
3327 3724 3344 3755 ι
3370 3721 3456 3759 se-

1875 3801 2108 3853 cundum
2149 3801 2391 3853 ordinem
2441 3797 2918 3859 lllelcltisedeclt”,
2947 3815 2965 3846 ι
3019 3806 3326 3848 sanctorum
3355 3796 3457 3848 nti-

1877 3891 2046 3945 nister
2071 3907 2242 3954 sacer,
2264 3899 2315 3944 et
2341 3889 2672 3945 tabernaculi
2703 3890 2834 3953 veri,
2862 3889 3004 3957 quod
3030 3889 3146 3941 lixit
3174 3886 3454 3950 Dominus,

1878 3998 1983 4037 non
2013 3984 2174 4038 homo
2197 3983 2286 4037 ⁸⁸³⁸.
2331 3981 2554 4036 Intravit
2602 3981 2746 4035 enim
2794 3981 2991 4035 Sancta
3021 3991 3332 4035 sanctorum
3362 3978 3460 4033 Do-

1879 4078 2056 4130 minus
2089 4085 2274 4130 uoster
2298 4073 2457 4130 Jesus
2483 4073 2733 4129 Christus
2760 4092 2774 4128 :
2811 4092 2829 4126 ι
2861 4072 2977 4127 Νοιι
3004 4089 3098 4144 per
3141 4073 3458 4139 sanguinem

1879 4162 2152 4217 hircorum
2170 4175 2223 4217 et
2239 4161 2552 4228 vitulorum,
2577 4162 2669 4216 sed
2690 4177 2784 4232 per
2812 4163 3086 4233 proprium
3118 4160 3461 4230 sanguinem,

1878 4266 2080 4313 eterna
2123 4255 2489 4325 redemptione
2514 4255 2752 4319 inventa,
2785 4263 2837 4308 et
2865 4269 2966 4309 una
3002 4253 3276 4311 oblatione
3324 4265 3459 4306 cou-

1879 4346 2164 4402 summatis
2183 4346 2233 4400 in
2255 4357 2572 4416 perpetuum
2601 4346 2898 4400 secundum
2925 4343 3312 4400 conscientiam
3335 4357 3462 4397 san—

1882 4438 2133 4494 ctiticatis
2154 4438 2252 4493 ⁸³.»
2281 4437 2357 4494 Ne
2394 4439 2554 4509 igitur
2582 4437 2711 4492 falsa
2745 4447 2796 4492 et
2832 4437 3012 4492 inania
3039 4437 3250 4492 locutus
3276 4436 3461 4490 videa-

189 4526 286 4593 μιᾷ
319 4525 617 4595 προσφορᾷ
642 4523 933 4588 τελειώσας
968 4527 1046 4589 εἰς
1078 4526 1139 4577 τὸ
1184 4525 1450 4596 διηνεκὲς,
1487 4524 1627 4580 κατὰ
1654 4542 1765 4578 συν-

1884 4537 1971 4584 tur
2000 4529 2162 4595 Deus,
2192 4531 2347 4601 legali
2369 4507 2672 4586 sacerdotio
2708 4529 3000 4600 pollicitus,
3043 4529 3217 4598 ipsum
3247 4541 3463 4596 semper

189 4614 398 4681 εἰδησιν
437 4615 564 4676 τοὺς
599 4613 1013 4684 ἁγιαζομένους.
1045 4635 1064 4668 ι
1093 4615 1212 4668 Ἵνα
1246 4614 1425 4668 τοίνυν
1462 4615 1537 4686 μὴ
1579 4615 1774 4685 ψευδο-

189 4706 323 4770 επῄς
352 4718 412 4754 τε
449 4701 546 4753 καὶ
585 4702 935 4772 εἰκαιόμυθος
969 4703 1329 4774 ἀναφαίνηται
1368 4703 1521 4766 Θεὸς,
1559 4703 1645 4756 ἀεὶ
1685 4703 1778 4756 καί

191 4794 458 4865 διηνεκῶς
511 4799 576 4867 τῇ
623 4795 766 4848 κατὰ
818 4795 982 4864 νόμον
1034 4793 1302 4864 ἱερωσύνῃ
1347 4793 1779 4863 ὑπισχνούμενος

193 4887 530 4958 ἑποπτήσειν
588 4905 648 4940 τε
700 4888 793 4940 καὶ
838 4887 1134 4955 διακρίνειν
1167 4886 1256 4938 τὸν
1289 4881 1434 4940 οἷκον
1465 4885 1651 4950 αὐτοῦ,
1685 4887 1780 4939 ἀν-

194 4977 430 5043 αγκαίαν
470 4981 708 5031 ποιεῖται
753 4978 846 5030 τοῦ
899 4977 1040 5031 κατὰ
1073 4976 1307 5048 Χριστὸν
1352 4978 1652 5048 μυστηρίου
1678 4978 1779 5046 τὴν

194 5071 615 5140 προαγόρευσιν,
663 5069 964 5139 ἐμφαίνων,
1003 5070 1084 5122 ὅτι
1135 5069 1422 5141 καταλήξει
1456 5071 1552 5139 μὲν
1601 5070 1671 5123 τά
1723 5071 1780 5121 ὲν

195 5159 362 5227 νόμῳ,
402 5160 671 5230 διακρινεῖ
721 5159 779 5211 δὲ
828 5159 988 5224 αὐτὸς
1036 5159 1126 5211 τὸν
1179 5159 1308 5212 [διον
1363 5156 1510 5212 οἷκον
1549 5160 1638 5213 διὰ
1682 5161 1776 5214 τοῦ

199 5249 324 5300 ἰδίου
355 5254 716 5320 γεννήματος,
751 5250 1018 5316 τουτέστι,
1050 5251 1142 5304 τοῦ
1174 5251 1325 5306 Υἱοῦ.
1362 5251 1626 5322 Ταύτητοι
1681 5271 1778 5322 μο-

195 5343 411 5410 νονουχὶ
437 5345 530 5396 καὶ
556 5343 986 5414 διαμαρτύρεται
1024 5345 1186 5397 αὐτόν
1219 5361 1276 5396 τε
1305 5345 1396 5396 τὸν
1422 5344 1652 5413 Ἰησοῦν,
1681 5345 1776 5398 καὶ

193 5437 316 5496 τοὺς
354 5434 584 5504 πλησίον
615 5435 802 5497 αὐτοῦ,
829 5438 922 5488 καὶ
951 5436 1075 5498 τοὺς
1111 5434 1453 5505 καθημένους
1479 5436 1586 5505 πρὸ
1609 5453 1776 5506 προσο

193 5522 341 5576 ὡπου
383 5523 569 5589 αὑτοῦ,
608 5525 696 5578 ἵνα
737 5527 964 5589 Λευῒτας
998 5526 1208 5596 νοῶμεν
1255 5528 1348 5579 καὶ
1383 5525 1582 5595 ἱερέας.
1620 5527 1775 5578 Λειτ-

1884 4627 2046 4689 atque
2075 4621 2130 4674 iu
2165 4631 2483 4690 perpetutun
2512 4620 2737 4676 domum
2784 4633 2938 4678 suam
2995 4619 3364 4688 iuspeeturum
3408 4623 3465 4670 et

1879 4709 2267 4778 judicaturum,
2301 4712 2611 4782 mysterium
2629 4709 2830 4766 Clu-isti
2861 4711 3223 4782 praenuntiam
3254 4707 3460 4764 debuit.

1884 4811 1937 4854 et
1961 4801 2246 4858 ostendere
2273 4801 2513 4857 desitura
2544 4802 2764 4872 quidem
2796 4802 3009 4872 legalia,
3043 4817 3102 4857 se
3124 4811 3303 4855 autem
3323 4799 3464 4869 diju-

1883 4894 2189 4948 dicaturum
2227 4893 2448 4948 domum
2487 4909 2642 4950 suam
2677 4911 2772 4966 per
2799 4896 3040 4967 genitum
3067 4909 3133 4948 ex
3163 4909 3304 4957 sese,
3361 4893 3465 4948 ltoc

1882 4995 1967 5040 est
2001 4984 2220 5040 Filium.
2273 4985 2638 5055 Quamobrem
2670 4988 3057 5058 propemodum
3093 4987 3257 5040 etiam
3283 4994 3466 5039 contea

1881 5088 2057 5131 statur
2081 5086 2134 5131 et
2165 5078 2340 5148 ipsqu
2386 5077 2599 5144 Jesum,
2629 5088 2682 5134 et
2719 5080 2994 5149 proximos
3027 5077 3163 5148 ejus,
3194 5086 3248 5130 et
3274 5076 3468 5132 seden-

1884 5174 1962 5220 tes
1983 5179 2104 5221 ante
2131 5166 2318 5236 faciem
2341 5168 2480 5239 ejus,
2507 5178 2630 5238 puta
2657 5166 2871 5225 Levitas
2886 5178 2936 5222 et
2966 5167 3292 5222 sacerdotes.
3323 5163 3468 5222 Ordo

1879 5259 2020 5311 enim
2041 5257 2310 5314 Leviticus
2333 5275 2546 5316 summo
2563 5259 2831 5314 sacerdoti
2851 5259 3160 5316 ministrans
3212 5260 3423 5315 astabat
3450 5279 3465 5315 :

1879 5349 2120 5402 seniores
2137 5363 2311 5404 autem
2341 5349 2861 5414 sacer-dotes,ntillis
2889 5348 3190 5416 superiores
3220 5359 3273 5406 et
3298 5364 3478 5403 sacra-
3511 5407 3516 5412 ,

1880 5437 2224 5507 tiores,juxta
2268 5439 2459 5509 legem,
2483 5438 2692 5492 concilii
2729 5451 2941 5510 quoque
2977 5438 3180 5492 honore
3210 5441 3476 5492 condeco-

1882 5530 1980 5582 rati
2031 5539 2149 5582 sunt
2183 5531 2248 5584 ³¹.
2299 5532 2676 5585 Porteutorunt
2738 5547 2899 5600 porro
2957 5540 3291 5602 spectatores
3352 5529 3468 5588 illos

261 5722 309 5749 ἐ
343 5722 545 5801 ﬁxerit.
571 5741 616 5801 _t_,
781 5726 822 5755 "
859 5724 998 5801 ΙξδξιΙ.
1039 5742 1223 5801 χχχ-ιιι,
1259 5726 1431 5801 '5.__""
1461 5725 1648 5780 Matth.
1677 5742 1764 5782 ut

1872 5730 2006 5787 5-59.
2088 5734 2133 5764 τ’
2173 5733 2280 5789 lsa.
2319 5751 2484 5799 τιιιιιι,
2519 5736 2563 5788 ἰ.
2676 5738 2721 5766 ⁸ο
2756 5735 2896 5792 Psal.
2923 5752 3030 5801 (ιιι,
3077 5735 3118 5788 ι.
3209 5733 3274 5764 ⁸ο·
3310 5731 3465 5788 Ηυίιιν.

195 5806 314 5858 mi,
350 5791 411 5843 2.
482 5793 522 5822 '“
569 5792 735 5850 llcbr.
776 5811 850 5862 ιιι,
882 5796 945 5849 12
973 5813 985 5862 ;
1018 5812 1068 5864 x,
1103 5797 1182 5850 Η.
1260 5798 1303 5827 δ’
1328 5795 1486 5853 Nunt.
1527 5812 1636 5867 κγι,
1671 5800 1724 5852 ‘2.
