3936 6318
424 223 495 278 ιδ
1415 209 1471 264 S.
1515 207 1788 265 CYRILLI
1830 202 2294 259 ALEXANDRINI
2339 199 2656 257 ARCHIEP.
3435 258 3437 260 η
3609 198 3684 250 ιι

425 337 494 390 Et
526 333 764 388 diabolus
795 332 962 386 stabat
995 349 1025 385 a
1057 330 1257 385 dextris
1288 329 1421 394 eius,
1450 338 1506 381 ut
1535 331 1900 382 adversaretur
1931 326 1998 380 ei.

2109 323 2214 378 Καὶ
2264 327 2296 378 ὀ
2332 322 2609 387 διάϐολος
2655 317 2915 385 εἱστήκει
2959 316 3026 369 ἐκ
3068 312 3276 379 δεξιῶν
3326 312 3533 374 αὑτοῦ,
3575 312 3685 366 τοῦ

423 429 493 482 Ει
533 427 668 480 dixit
707 425 961 479 Dominus
1000 423 1068 476 ad
1105 421 1374 476 diabolum
1410 437 1426 475 :
1466 419 1703 489 Increpet
1741 419 1996 474 Dominus

423 517 476 570 in
512 526 592 583 te,
618 515 853 578 diabole,
875 524 921 567 et
955 513 1179 579 increpet
1213 513 1267 566 in
1299 522 1348 568 te
1378 512 1468 581 qui
1500 511 1650 580 elegit
1678 509 1995 565 Jerusalem.

425 603 614 659 Nonne
643 618 756 658 ecce
784 602 882 655 ltoc
910 608 965 654 ut
995 600 1152 654 torris
1179 610 1441 654 extractus
1469 615 1532 653 ea:
1558 600 1719 668 igne?

491 861 657 917 XVII.
719 861 971 915 Narratio
1017 859 1279 914 visionem
1331 859 1594 924 continet,
1628 866 1998 916 verumtamen

424 969 642 1010 sensum
681 953 843 1006 habet
895 951 1232 1014 historicum,
1283 948 1382 1002 sub
1427 947 1712 1018 mtiigmate
1763 963 1820 1001 se
1872 947 2001 1000 iusi-

425 1055 681 1100 nnantem
719 1053 770 1100 et
804 1053 861 1096 ut
889 1042 1122 1111 imagine
1154 1041 1349 1095 iterum
1377 1039 1559 1094 Jesum
1588 1039 1999 1095 describentem.

420 1140 736 1196 Tenendum
767 1150 949 1207 porro,
990 1134 1302 1204 prophetam
1342 1133 1545 1187 visione
1569 1133 1678 1201 jam
1712 1148 1770 1185 re
1821 1129 2000 1201 perfe-

419 1241 506 1286 cta
558 1240 609 1283 et
637 1229 702 1282 ad
723 1228 925 1284 exitum
963 1225 1187 1280 deducta
1227 1221 1387 1278 verba
1451 1222 1646 1276 facere.
1675 1223 1766 1275 Est
1818 1232 2000 1275 autem

421 1335 757 1391 nequaquam
785 1317 1057 1371 fabulosus
1080 1330 1278 1379 sermo,
1305 1329 1478 1382 neque
1509 1315 1575 1367 ab
1599 1313 1843 1368 instituto
1877 1312 2004 1366 alie-

421 1430 543 1477 nus,
573 1426 745 1480 neque
783 1411 985 1465 otiosas
1017 1405 1354 1461 narrationes
1397 1414 1646 1460 acervat:
1701 1419 1910 1467 verum,
1948 1412 2007 1456 ut

419 1507 552 1569 dixi,
608 1502 873 1574 principio
928 1510 1215 1570 antequam
1274 1483 1576 1561 evenirent,
1603 1497 1704 1551 ista
1766 1496 1921 1561 vidit,
1955 1507 2009 1552 et

419 1597 743 1650 annuntiare
802 1609 1054 1664 magnum
1105 1605 1288 1660 operae
1345 1588 1575 1656 pretium
1656 1587 1826 1651 ducit,
1877 1587 2003 1640 dum

2099 413 2466 469 ἀντικεῖσθαι
2499 411 2676 477 αὐτῷ.
2720 409 2829 464 Καὶ
2858 403 2990 462 εἷπε
3033 408 3180 474 πρὸς
3217 405 3323 459 τὸν
3363 403 3646 458 διάϐολον
3668 419 3683 434 ο

2117 502 2487 572 Ἐπιτιμήσαι
2516 503 2731 570 Κύριος
2768 500 2838 552 ἐν
2879 497 2999 560 σοὶ,
3048 495 3308 558 διάϐολε,
3355 495 3452 549 καὶ
3495 495 3686 548 emn-

2095 601 2287 667 μήσαι
2334 597 2403 648 ἐν
2452 594 2551 647 σοὶ
2595 596 2626 646 d
2664 590 3061 659 ἐκλεξάμενος
3107 588 3222 656 τὴν
3264 585 3684 656 Ἰερουσαλήμ.

2115 691 2235 743 Οὐκ
2301 686 2428 740 ὶδοὺ
2483 685 2657 739 τοῦτο
2722 684 2802 749 ὠς
2856 681 3041 746 δαλὸς
3107 677 3561 748 ἐξεσπασμένος
3615 677 3688 730 ἐκ

2104 781 2292 846 πυρός
2317 795 2335 842 ;
2603 791 2605 793 ‘

2176 871 2273 924 IZ'.
2320 869 2547 938 Ὅρασις
2601 865 2700 934 μὲν
2747 863 2808 916 τὸ
2854 863 3119 933 διήγημα.
3164 860 3304 931 πλὴν
3359 859 3471 928 ἔχει
3522 857 3689 925 λόγον

2107 957 2414 1029 ἱστορικὸν,
2466 951 2878 1023 αἰνιγματωδῶς
2933 951 3304 1012 εἰσϐάλλοντα,
3364 949 3456 1002 καὶ
3504 947 3580 1010 ὡς
3628 947 3690 999 ὲν

2105 1049 2272 1103 εἰκόνι
2317 1047 2478 1100 πάλιν
2505 1045 2582 1116 τῷ
2632 1042 2806 1112 Ἰησοῦ
2853 1041 3450 1112 προσδιαγραφόμενον.
3489 1038 3690 1091 Ἰστέον

2104 1141 2182 1204 δὲ,
2216 1141 2296 1193 ὅτι
2325 1139 2434 1192 τῶν
2478 1139 2536 1190 ὲν
2556 1139 2676 1200 ταῖς
2701 1137 2956 1206 ὁράσεσιν
2981 1136 3058 1196 εἰς
3084 1135 3257 1206 πέρας
3285 1131 3688 1202 ὲκὸεϐηκότων,

2103 1234 2232 1296 τοὺς
2259 1233 2388 1302 περὶ
2411 1230 2590 1284 αὐτῶν
2612 1232 2639 1282 6
2662 1230 2944 1299 προφήτης
2970 1229 3202 1280 ποιεῖται
3228 1225 3437 1294 λόγους.
3472 1225 3692 1277 Εἰκαιο-

2110 1323 2283 1394 μυθὴς
2319 1323 2374 1376 δὲ
2419 1320 2693 1392 οὐδαμῶς,
2726 1320 2847 1372 οὐδὲ
2859 1318 2985 1390 -μὴν
3009 1317 3238 1371 κατόπιν
3265 1317 3377 1368 τῶν
3402 1314 3692 1384 ἐπιτηδευ-

2111 1417 2294 1485 μάτων
2354 1415 2608 1486 ἕρχεται,
2660 1412 2755 1466 καὶ
2818 1410 3086 1482 περιττῶν
3145 1412 3276 1480 ἡμῖν
3335 1407 3692 1478 διηγημάτων

2111 1505 2337 1578 σωρεύει
2381 1506 2570 1576 ὄχλον·
2614 1504 2755 1568 ἀλλ’,
2789 1503 2866 1566 ὡς
2903 1501 3058 1572 ἔτην,
3105 1503 3164 1554 ὲν
3207 1501 3401 1571 ἀρχαῖς
3443 1499 3548 1570 πρὸ
3578 1496 3690 1550 τῶν

2111 1599 2445 1666 πραγμάτων
2468 1594 2720 1648 τεθέαται
2756 1593 2951 1655 ταῦτα,
2981 1591 3076 1645 καὶ
3108 1589 3474 1658 ἀπαγγέλλειν
3519 1588 3693 1640 ποιεῖ-

405 1691 492 1743 ita
526 1687 738 1744 erudiat
768 1695 821 1740 et
857 1660 1027 1739 tutum
1057 1683 1244 1738 reddat
1288 1679 1566 1744 lsraelem,
1619 1692 1688 1733 ne
1736 1677 2004 1732 similibus

2109 1660 2196 1741 ται
2234 1660 2368 1758 περὶ
2407 1686 2625 1749 πολλοῦ,
2671 1687 2832 1755 σοφόν
2858 1702 2917 1738 τε
2945 1685 3038 1737 καὶ
3063 1683 3277 1752 ἀσφαλῆ
3307 1681 3567 1744 καθιστὰς
3594 1679 3689 1732 τὸν

419 1796 539 1836 sese
575 1780 785 1836 delictis
835 1778 1030 1834 iterum
1097 1775 1354 1841 involvat,
1407 1773 1711 1840 iterumque
1763 1771 2007 1840 captivus

423 1874 512 1926 ﬁat
533 1914 546 1938 ,
579 1872 758 1926 sciens
789 1885 849 1924 se
879 1869 1142 1924 salvalum
1170 1883 1291 1922 cum
1321 1866 1522 1926 labore,
1550 1873 1606 1918 et
1630 1863 2002 1917 liberationem

422 1975 634 2030 quoque
680 1959 781 2028 ipsi
810 1973 945 2026 opus
977 1965 1097 2012 erat
1148 1957 1374 2026 gratiam
1415 1953 1581 2025 673
1617 1939 2020 2020 propemodum

422 2053 506 2107 vel
538 2053 669 2120 ipsis
699 2053 752 2106 in
786 2049 922 2104 coelo
951 2048 1155 2119 angelis
1188 2061 1332 2102 cura:
1390 2061 1452 2100 ac
1485 2045 1834 2100 sollicitudini
1869 2043 2004 2098 fuis-

423 2162 502 2202 se.
526 2147 613 2200 Ait
639 2160 764 2211 ergo
791 2158 850 2198 se
879 2141 1074 2196 vidisse
1096 2148 1324 2194 stantem
1355 2137 1621 2207 angelum,
1643 2145 1698 2190 et
1725 2150 1908 2189 coram
1941 2148 2005 2188 eo

422 2236 605 2293 Jesum
639 2235 802 2290 filiuni
828 2231 1054 2288 Josedec
1079 2229 1413 2284 sacerdotem
1449 2241 1721 2296 magnum.
1753 2225 1818 2278 Et
1845 2218 2006 2294 ange-

425 2331 512 2382 lus
545 2325 758 2397 quidem
793 2334 974 2394 typum
1003 2329 1054 2376 et
1084 2319 1369 2390 imaginem
1397 2316 1600 2372 Christi
1622 2315 1842 2386 gerebat
1869 2331 1884 2368 :
1917 2327 2006 2368 sae

427 2420 619 2475 eerdos
650 2425 831 2470 autem
893 2415 1058 2468 totius
1109 2411 1287 2482 populi
1341 2423 1626 2479 personam
1685 2406 2006 2462 sustinuisse

428 2512 602 2573 potest
641 2501 859 2566 intelligi
887 2515 900 2553 :
929 2500 1008 2554 sic
1035 2499 1176 2552 enim
1206 2497 1385 2552 divina
1422 2495 1703 2564 Scriptura
1727 2511 1848 2549 eum
1910 2509 2005 2549 ac-

425 2596 575 2665 cipit.
599 2593 774 2660 Quare
812 2591 1006 2646 alicubi
1040 2590 1106 2645 ad
1142 2588 1321 2645 Mosen
1347 2589 1474 2644 dicit
1521 2589 1659 2642 Deus
1694 2605 1709 2643 :
1738 2605 1756 2638 ‹
1788 2585 1855 2640 Ει
1877 2601 2006 2641 ecce

427 2699 523 2754 ego
555 2684 734 2752 accepi
781 2681 995 2735 Levitas
1035 2694 1131 2749 pro
1168 2679 1422 2734 omnibus
1468 2679 1594 2733 filiis
1639 2677 1826 2743 Israel,
1865 2677 2006 2730 dono

429 2777 539 2829 dati
579 2784 707 2829 sunt
739 2773 869 2827 mihi
905 2773 972 2826 ⁵⁸.
1009 2790 1026 2824 ι
1066 2771 1326 2837 Quocirca
1351 2768 1490 2824 nihil
1537 2771 1796 2823 adversus
1841 2769 2002 2823 deco-

431 2882 546 2920 rum
573 2873 760 2934 peccat
783 2863 975 2928 oratio,
1003 2877 1099 2932 pro
1128 2861 1273 2915 omni
1310 2860 1504 2929 populo
1537 2860 1869 2914 sacerdotem
1915 2875 2005 2914 ac-

426 2955 650 3024 cipiens.
677 2953 967 3024 Postquam
1014 2952 1157 3006 enim
1194 2949 1384 3018 Israel,
1417 2950 1573 3005 cultis
1612 2950 1766 3005 idolis
1791 2955 2006 3019 spretis-

428 3065 532 3118 que
565 3049 774 3120 legibus
829 3062 923 3117 per
969 3045 1152 3100 Mosen
1197 3044 1342 3109 latis,
1398 3042 1636 3111 abiectus
1686 3053 1770 3098 est
1798 3058 1828 3098 a
1865 3044 2001 3098 facie

431 3139 546 3206 Dei,
575 3138 918 3204 posuuodum
966 3136 1114 3206 justa
1159 3134 1211 3188 in
1239 3149 1360 3188 eum
1398 3134 1476 3187 ira
1500 3134 1731 3202 expleta,
1787 3133 2004 3188 miseri-

429 3231 613 3284 cordia
645 3244 672 3281 a
710 3228 818 3282 Deo
843 3237 927 3282 est
949 3226 1192 3292 affectus,
1229 3235 1284 3281 et
1325 3226 1502 3280 denuo
1534 3225 1600 3280 ad
1653 3235 2000 3293 conspectum

430 3322 546 3390 ejus
589 3328 892 3374 revocatus.
926 3318 992 3372 Et
1023 3320 1146 3384 hoc,
1177 3317 1388 3387 opinor,
1411 3325 1512 3381 est,
1535 3317 1634 3370 sub
1660 3317 1891 3385 quodam
1927 3318 2008 3370 in-

432 3421 746 3484 tegumento
781 3412 1087 3475 verborum,
1121 3419 1264 3464 stare
1287 3408 1623 3463 sacerdotem
1661 3418 1786 3462 ante
1811 3408 2004 3461 faciem

433 3504 608 3573 angeli
644 3502 878 3557 Domini.
909 3500 965 3554 ln
990 3501 1069 3554 ira
1097 3500 1293 3569 quippe
1379 3507 1677 3564 aversatur,
1734 3508 1789 3554 et
1820 3499 2008 3553 oculos

432 3607 674 3652 removet
715 3610 744 3648 a
772 3591 1268 3662 contemptoribus:
1299 3601 1484 3646 contra
1536 3591 1798 3645 miserans
1835 3592 2010 3644 intue-

433 3699 520 3742 tur
573 3697 627 3741 et
655 3687 897 3757 respicit.
922 3684 1059 3739 llinc
1091 3693 1144 3738 et
1169 3683 1382 3738 divinus
1405 3682 1610 3738 Psaltes
1637 3685 1831 3737 orabat
1885 3684 1958 3738 ita
1988 3696 2004 3734 :

438 3799 458 3830 ι
492 3777 569 3833 Ne
599 3790 815 3832 avertas
849 3776 1040 3830 facient
1069 3783 1214 3828 tuam
1249 3789 1277 3828 a
1312 3788 1420 3844 me,
1468 3785 1526 3828 et
1583 3788 1650 3828 ne
1679 3775 1911 3830 declines
1953 3773 2008 3828 in

433 3873 511 3926 ira
546 3887 574 3925 a
609 3885 763 3924 servo
797 3879 888 3922 tuo
916 3868 1014 3919 ".o
1052 3865 1119 3920 Et
1152 3867 1343 3921 iterum
1373 3881 1387 3919 :
1429 3884 1448 3917 ι
1486 3866 1712 3936 ReSpice
1741 3867 1796 3921 in
1819 3881 1924 3934 me,
1956 3874 2012 3921 et

433 3961 693 4016 miserere
714 3957 934 4012 mei"°.t
961 3955 1226 4011 Caeterum
1251 3965 1444 4009 natura
1471 3955 1734 4026 benignus
1775 3967 1827 4009 et
1849 3957 2012 4010 mise-

435 4052 604 4106 ricors
628 4051 767 4104 Deus
795 4048 1043 4104 lsraelem
1074 4062 1104 4102 a
1139 4055 1362 4117 peccato
1390 4045 1672 4102 liberabat.
1699 4047 1798 4110 Qui
1831 4057 2008 4100 autem

434 4144 485 4197 in
512 4143 639 4195 illud
666 4141 951 4195 induxerat
980 4139 1208 4194 Satanas
1238 4139 1437 4202 stabat,
1459 4138 1809 4192 nihilominus
1824 4140 2012 4192 adver-

432 4248 581 4298 sans,
601 4241 654 4287 et
669 4247 729 4286 se
749 4245 1024 4301 opponens
1042 4230 1138 4295 illi,
1164 4240 1218 4286 et
1239 4231 1496 4286 deserens
1513 4228 1660 4282 illum
1684 4227 1920 4297 insuper,
1935 4240 2009 4294 et,

2119 1780 2353 1851 Ἰσραὴλ,
2399 1780 2485 1832 ἵνα
2529 1778 2603 1850 μὴ
2647 1782 2761 1841 τοῖς
2815 1778 2950 1840 ῐσοις
2997 1776 3300 1848 πταίσμασι
3349 1771 3687 1845 περιπεσὼν,

2105 1873 2259 1943 ἁλοίη
2295 1872 2388 1925 καὶ
2417 1872 2685 1942 δεύτερον,
2711 1870 2886 1934 εἰδὼς,
2921 1871 3002 1922 ὅτι
3034 1869 3297 1922 σέσωσται
3334 1867 3470 1937 μετά
3498 1867 3687 1930 πόνου,

2106 1965 2202 2018 καὶ
2257 1966 2536 2034 μονονουχὶ
2587 1963 2804 2034 φροντὶς
2846 1964 3038 2033 γέγονε
3099 1961 3194 2014 καὶ
3234 1963 3346 2022 τοῖς
3384 1961 3440 2011 ὲν
3473 1956 3689 2028 οὐρανῷ

2105 2053 2358 2122 ἀγγέλοις
2403 2056 2434 2122 ἡ
2480 2054 2568 2106 ἐπ’
2604 2052 2750 2123 αὐτῷ
2795 2051 3061 2124 λύτρωσίς
3091 2067 3148 2104 τε
3183 2049 3277 2103 καὶ
3319 2049 3497 2119 χάρις.
3540 2048 3686 2118 Ἔφη

2105 2144 2316 2209 τοίνυν,
2355 2144 2436 2196 ὅτι
2476 2142 2727 2196 τεθέαται
2777 2142 2874 2212 μὲν
2914 2140 3124 2194 ἑστῶτα
3161 2141 3250 2194 τὸν
3288 2140 3537 2206 ἄγγελον,
3580 2135 3690 2207 πρὸ

2107 2239 2397 2308 προσώπου
2431 2235 2487 2288 δὲ
2525 2234 2688 2288 αὐτοῦ
2734 2234 2822 2287 τὸν
2870 2233 3077 2304 Ἰησοῦν
3125 2231 3217 2284 τὸν
3268 2230 3544 2292 Ἰωσεδὲκ,
3593 2229 3688 2281 τὸν

2108 2329 2258 2400 ἱερέα
2284 2328 2375 2380 τὸν
2413 2326 2606 2397 μέγαν.
2635 2325 2743 2378 Καὶ
2782 2326 2810 2376 6
2847 2324 2942 2393 μὲν
2972 2323 3202 2390 ἄγγελος
3239 2325 3319 2385 είς
3374 2322 3555 2374 εἰκόνα
3593 2317 3689 2379 καὶ

2109 2419 2280 2472 τύπον
2317 2420 2554 2487 εἱστήκει
2580 2415 2846 2486 Χριστοῦ⁹
2890 2415 2917 2466 6
2965 2413 3021 2466 δέ
3053 2430 3116 2481 γε
3150 2413 3328 2485 ἱερεὺς
3375 2411 3587 2482 νοηθείη
3620 2409 3689 2464 ἂν

2082 2510 2230 2566 ,ἀντὶ
2274 2510 2476 2572 παντὸς
2508 2507 2600 2562 τοῦ
2634 2507 2764 2560 λαοῦ
2788 2524 2803 2538 ο
2837 2505 3171 2576 λαμϐάνεται
3207 2505 3317 2576 γὰρ
3348 2505 3488 2558 οὕτω
3536 2505 3686 2574 παρὰ

2107 2600 2228 2662 ταῖς
2268 2600 2441 2661 θείαις
2473 2599 2735 2668 Γραιραῖς.
2763 2597 2872 2648 Καὶ
2903 2595 3033 2663 γοῦν
3060 2594 3160 2664 ἔφη
3195 2612 3294 2648 που
3319 2594 3452 2664 πρὸς
3480 2595 3687 2648 Μωσέα

2108 2691 2276 2754 Θεός’
2316 2710 2334 2742 ι
2393 2689 2503 2743 Καὶ
2552 2689 2660 2742 ἰδοὺ
2706 2686 2817 2756 ἐγὼ
2863 2689 3060 2757 εἴληφα
3111 2691 3237 2750 τοὺς
3284 2689 3515 2749 Λευΐτας
3565 2687 3688 2740 ἀντὶ

2106 2783 2320 2835 πάντων
2350 2779 2458 2832 τῶν
2491 2778 2621 2832 υἱῶν
2658 2777 2892 2848 Ἰσραὴλ,
2918 2777 3056 2846 δόμα
3085 2775 3355 2845 δεδομένοι
3379 2776 3484 2828 εἰσί
3513 2792 3626 2843 μοι.
3661 2795 3679 2826 ι

2110 2870 2368 2938 Ἔρχεται
2410 2867 2474 2939 δὴ
2503 2863 2595 2920 οὖν
2627 2868 2654 2919 6
2684 2866 2840 2934 λόγος
2873 2867 3003 2936 ἡμῖν
3037 2866 3136 2918 οὐκ
3186 2864 3294 2918 ἀπὸ
3343 2864 3545 2917 σκοποῦ
3590 2863 3685 2916 τοῦ

2112 2960 2439 3031 πρέποντος,
2475 2959 2594 3011 ἀντὶ
2629 2958 2828 3020 παντὸς
2867 2956 2962 3009 τοῦ
3001 2954 3128 3008 λαοῦ
3163 2955 3254 3007 τὸν
3288 2955 3436 3026 ἱερέα
3467 2954 3690 3024 δεχομέ-

2106 3067 2236 3111 νοις.
2291 3048 2506 3118 Ἐπειδὴ
2548 3047 2658 3117 γὰρ
2689 3048 2910 3116 γέγονεν
2947 3049 2975 3099 6
3026 3044 3244 3116 Ἰσραὴλ
3288 3047 3350 3098 ὲκ
3394 3046 3689 3115 προσώπου

2103 3137 2260 3202 Θεοῦ,
2313 3138 2689 3209 λελατρευκὼς
2736 3137 2998 3200 εἰδώλοις,
3045 3137 3135 3190 καὶ
3186 3137 3347 3188 αὑτὸν
3392 3137 3447 3190 δὲ
3482 3136 3570 3189 τὸν
3601 3137 3687 3191 διὰ

2104 3230 2351 3294 Μωσέως
2392 3231 2666 3301 ἀτιμήσας
2695 3230 2880 3299 νόμον,
2911 3223 3028 3280 εἶτα
3063 3226 3444 3297 πληρωθείσης
3472 3227 3568 3295 τῆς
3600 3228 3684 3278 ἐπ’

2106 3322 2254 3392 αὑτῴ
2295 3321 2519 3384 δικαίας
2549 3321 2737 3391 ὀργῆς,
2771 3320 2993 3394 ηλέηται
3029 3319 3181 3391 παρὰ
3224 3319 3380 3381 Θεοῦ,
3426 3318 3686 3388 κέκληταί

2105 3430 2164 3465 τε
2209 3412 2368 3466 πάλιν
2417 3415 2496 3475 είς
2537 3411 2659 3480 ὄψιν
2707 3411 2893 3464 αὐτοῦ.
2945 3411 3053 3464 Καὶ
3100 3409 3283 3476 τοῦτο,
3327 3407 3500 3479 οἶμαι,
3538 3411 3684 3462 ἐστὶν

2107 3501 2520 3572 αἰνιγματωδῶς
2562 3502 2621 3555 τὸ
2654 3502 2876 3554 ἑστάναι
2925 3502 3014 3553 τὸν
3061 3501 3209 3571 ἱερέα
3257 3500 3362 3572 πρὸ
3392 3492 3685 3572 προσώπου

2108 3594 2340 3662 ἀγγέλου
2372 3593 2598 3663 Κυρίου.
2660 3593 2746 3644 Ἐν
2784 3593 2918 3662 ὀργῇ
2973 3592 3071 3663 μὲν
3109 3593 3218 3663 γὰρ
3257 3593 3686 3664 ἀποστρέφεται,

2108 3685 2202 3739 καὶ
2228 3685 2552 3754 ἀποκομίζει
2575 3683 2702 3746 τοὺς
2736 3683 3051 3754 ὀφθαλμοὺς
3082 3684 3188 3737 τῶν
3219 3685 3486 3737 εἰωθότων
3515 3701 3686 3737 κατα-

2110 3779 2324 3846 φρονεῖν
2345 3792 2360 3806 ·
2393 3775 2676 3847 οἰκτείρων
2701 3791 2765 3843 γε
2800 3775 2905 3845 μὴν
2937 3775 3107 3844 ἐφορᾷ
3138 3775 3232 3826 καὶ
3275 3774 3683 3829 ὲπισκέπτεται.

2109 3869 2219 3921 Καὶ
2245 3867 2374 3935 γοῦν
2402 3869 2430 3920 6
2459 3866 2743 3929 θεσπέσιος
2771 3866 3072 3936 Ψαλμῳδδς
3104 3867 3464 3938 προσηύχετο,
3481 3865 3652 3935 λέγων
3673 3881 3688 3895 ο

2116 3977 2134 4009 ι
2181 3959 2270 4027 Μή
2309 3957 2658 4028 ἀποστρέψῃς
2687 3959 2746 4009 τὸ
2787 3956 3078 4026 πρόσωπόν
3128 3974 3220 4009 σου
3271 3959 3364 4010 ἀπ’
3400 3957 3555 4024 ἐμοῦ,
3592 3959 3685 4010 καὶ

2117 4049 2192 4118 μὴ
2215 4047 2469 4118 ἐκκλίνῃς
2495 4049 2554 4099 ὲν
2581 4047 2716 4116 ὀργῇ
2757 4047 2864 4098 ἀπὸ
2889 4046 2984 4099 τοῦ
3015 4043 3199 4099 δούλου
3232 4064 3343 4098 σου.
3383 4066 3401 4097 ι
3433 4049 3542 4100 Καὶ
3582 4048 3687 4101 πά-

2111 4139 2192 4192 λιν
2213 4156 2226 4171 ο
2265 4159 2284 4190 ι
2329 4135 2648 4206 Ἐπίὸλεψον
2670 4135 2757 4188 ἐπ’
2784 4137 2903 4206 ἐμὲ,
2931 4137 3024 4190 καὶ
3054 4137 3274 4205 ἐλέησόν
3305 4153 3390 4206 με.
3429 4157 3446 4188 ι
3491 4138 3628 4191 Ἀλλ’
3656 4142 3687 4193 6

2119 4230 2216 4300 μὲν
2257 4228 2416 4297 φύσει
2455 4227 2689 4298 χρηστὸς
2719 4227 2814 4280 καὶ
2860 4227 3250 4296 φιλοικτίρμων
3297 4227 3425 4290 Θεὸς
3459 4227 3686 4298 ⁴Ργλευθέ--

430 4323 575 4394 quod
608 4323 822 4394 quidem
849 4323 916 4378 ad
951 4322 1232 4378 arbitrium
1269 4335 1333 4376 ac
1370 4319 1700 4374 voluntatem
1736 4319 1902 4388 ipsius
1926 4329 2004 4374 at-

2114 4338 2211 4392 ρου
2254 4321 2353 4390 τῆς
2383 4319 2654 4390 ἁμαρτίας
2687 4318 2776 4372 τὸν
2819 4317 3050 4388 Ἰσραήλ.
3095 4319 3155 4369 '0
3179 4318 3234 4371 δέ
3268 4335 3331 4387 γε
3372 4323 3450 4384 εἰς
3481 4321 3689 4390 ταύτην

435 4417 657 4483 tinebat,
689 4415 1138 4478 misericordiam,
1165 4419 1222 4465 ut
1259 4410 1495 4482 peccatis
1519 4409 1752 4465 obnoxio
1790 4418 1844 4469 et
1904 4410 2005 4464 im-

435 4505 650 4576 pietatis
681 4506 999 4560 criminibus
1049 4501 1264 4558 irretito
1307 4509 1362 4555 et
1386 4499 1586 4554 nullius
1618 4499 1788 4570 frugis
1841 4501 2003 4556 tribui

363 4647 369 4668 π
434 4613 541 4652 non
581 4596 780 4652 sinens.
820 4613 839 4647 ι
867 4593 1058 4649 Stabat
1085 4592 1253 4657 enim,
1280 4590 1482 4658 inquit,
1504 4605 1568 4644 ac
1592 4589 1798 4647 dextris
1829 4590 2002 4660 ejus,»

435 4687 667 4758 quodam
726 4685 884 4742 modo
923 4685 1142 4738 dextera
1170 4681 1496 4735 destruens:
1533 4695 1637 4735 non
1681 4682 1822 4736 enim
1873 4682 2007 4737 sini-

436 4789 575 4834 stras
604 4795 691 4834 res
722 4785 954 4838 nostras,
990 4773 1084 4828 sed
1119 4771 1339 4826 dextras
1387 4779 1442 4826 et
1496 4771 1788 4829 laudabiles
1840 4789 2008 4844 oppu-

432 4882 579 4944 gnat.
607 4871 716 4925 Hoc
743 4865 1035 4934 contigisse
1056 4863 1272 4920 cuidam
1333 4863 1385 4918 in
1418 4863 1691 4919 Christum
1719 4866 2006 4935 impiorum

434 4962 622 5017 beatus
657 4957 823 5012 David
863 4953 1127 5010 sentiebat
1176 4952 1362 5007 dicens
1395 4969 1408 5006 :
1439 4971 1456 5004 ι
1515 4952 1767 5009 Diabolus
1830 4964 1936 5009 stet
1976 4971 2007 5010 a

436 5048 639 5104 dextris
677 5046 791 5114 ejus
823 5045 922 5100 ".3
965 5042 1367 5098 Adversabatur
1399 5058 1525 5114 ergo
1571 5042 1803 5098 Satanas
1843 5063 1854 5098 :
1912 5047 2008 5100 sed

433 5136 608 5204 angeli
641 5150 769 5190 voce
805 5133 1200 5203 increpabatur.
1231 5130 1446 5184 An'divit
1503 5132 1645 5186 enim
1680 5134 1944 5187 dicentem
1983 5153 1997 5188 :

437 5245 459 5279 ι
498 5225 739 5296 lncrepet
765 5225 1023 5280 Dominus
1072 5223 1123 5278 in
1153 5231 1226 5287 te,
1262 5222 1492 5289 diabole,
1527 5232 1582 5278 et
1611 5225 1851 5292 increpet
1896 5224 2002 5278 Do-

440 5319 613 5372 minus
648 5319 698 5372 ln
727 5326 797 5381 te,
827 5317 918 5385 qui
943 5315 1103 5387 elegit
1138 5314 1494 5370 Jerusalem.»
1537 5314 1831 5369 Considera
1857 5316 1999 5370 enim

431 5407 702 5474 quomodo
748 5407 888 5461 illico
933 5405 1040 5461 Deo
1089 5405 1339 5460 infestum
1378 5414 1432 5459 et
1486 5406 1734 5474 supernis
1782 5405 1999 5461 calculis

2113 4409 2466 4482 ἐμϐεϐληκὼς
2514 4411 2779 4473 Σατανᾶς,
2829 4409 3069 4479 εἱστήκει
3119 4409 3279 4462 πάλιν
3317 4412 3684 4482 ἀντικείμενος

2111 4519 2169 4554 τε
2203 4503 2298 4555 xal
2347 4500 2658 4566 ἀντεξάγων
2699 4501 2866 4572 αὐτῷ,
2903 4503 2996 4554 καὶ
3041 4503 3424 4571 καταγορεύων
3455 4504 3554 4565 ἔτι,
3589 4505 3684 4557 καὶ

2111 4592 2232 4644 ὅσον
2255 4592 2380 4662 ήκει
2409 4593 2580 4644 εἰπεῖν
2614 4592 2693 4654 εἰς
2725 4592 2786 4644 τὺ
2811 4590 2959 4661 αὑτῷ
2982 4591 3193 4652 δοκοῦν,
3217 4593 3682 4663 κατοικτείρεσθαι

2125 4681 2200 4752 μὴ
2233 4681 2432 4748 ἀφιεὶς,
2478 4681 2554 4744 ὡς
2575 4682 2632 4733 ὲν
2653 4681 3103 4753 πλημμελ[ε]ίαις
3126 4682 3274 4746 ὄντα,
3306 4684 3399 4736 καὶ
3441 4687 3550 4744 τοῖς
3583 4684 3684 4752 τῆς

2109 4773 2426 4838 δυσσεϐείας
2457 4774 2796 4844 ἐγκλήμασιν
2824 4775 3162 4845 ἐνεχόμενον,
3187 4777 3280 4828 καὶ
3304 4775 3453 4828 οὐδὲν
3493 4775 3683 4844 ἔχοντα

2108 4865 2298 4929 δεξιόν.
2329 4866 2586 4936 Είστήκει
2617 4865 2746 4938 γὰρ,
2779 4865 2964 4936 φησὶν,
3007 4867 3070 4918 ἐκ
3107 4865 3293 4930 δεξιῶν
3327 4867 3513 4932 αὐτοῦ,
3557 4869 3682 4938 τρό-

2111 4975 2210 5010 πον
2249 4956 2370 5009 τινὰ
2407 4955 2699 5028 παραλύων
2726 4956 2793 5009 τὰ
2817 4955 2966 5022 δεξιά
2985 4971 2999 4985 ⁸
3030 4957 3258 5027 πολεμεῖ
3280 4956 3388 5028 γὰρ
3415 4958 3534 5028 οὐχὶ
3572 4963 3681 5023 τοῖς

2113 5051 2320 5110 σκαιοῖς
2372 5048 2528 5119 ήμῶν
2582 5049 2922 5118 πράγμασιν,
2979 5047 3115 5100 ἀλλὰ
3165 5051 3276 5112 τοῖς
3326 5049 3519 5112 δεξιοῖς
3586 5051 3680 5103 καὶ

2106 5139 2541 5206 ἐπαινουμένοις.
2567 5135 2838 5208 Τ[οι]οῦτό
2860 5155 2912 5190 τι
2951 5138 3140 5190 παθεῖν
3170 5140 3411 5210 ὲπηρᾶτό
3435 5156 3555 5190 τινα
3574 5139 3679 5191 τῶν

2104 5228 2183 5290 είς
2211 5227 2444 5297 Χριστὸν
2486 5227 2956 5299 δεδυσσεὸηκότων
3007 5232 3034 5282 6
3085 5230 3351 5300 μακάριος
3384 5231 3563 5292 Δαϐὶδ,
3593 5229 3679 5281 λέ-

2102 5334 2247 5385 γων·
2287 5337 2305 5368 ι
2343 5318 2452 5371 Καὶ
2480 5318 2723 5382 διάϐολος
2746 5321 2922 5390 στήτω
2945 5322 3009 5374 ὲκ
3031 5321 3218 5386 δεξιῶν
3248 5321 3430 5374 αὑτοῦ.
3477 5341 3494 5372 ι
3535 5322 3680 5373 Ἀντ-

2104 5407 2282 5459 έκειτο
2318 5407 2497 5461 τοίνυν
2526 5410 2554 5461 6
2583 5410 2848 5474 Σατανᾶς,
2882 5410 3020 5481 πλὴν
3049 5413 3341 5482 ἐπετιμᾶτο
3378 5411 3463 5465 διὰ
3498 5411 3677 5482 φωνῆς

505 5585 549 5622 ⁸⁸
574 5589 737 5647 Num.
774 5603 854 5654 ιιι,
886 5587 938 5652 9,
971 5587 1056 5640 10.
1135 5587 1180 5618 "
1212 5584 1352 5639 Psal.
1387 5599 1529 5649 xxvi,
1559 5583 1611 5641 9.
1689 5585 1732 5615 ⁷⁸
1760 5583 1906 5638 Psal.
1937 5601 2002 5638 xx

2124 5585 2208 5638 16.
2284 5585 2324 5614 "'
2360 5584 2499 5638 l‘sal.
2535 5601 2683 5653 cmi,
2711 5591 2762 5644 6.
