3936 6318
224 219 299 275 ts
1046 215 1593 285 COMMENTARIUS
1631 217 1696 273 IN
1738 214 2135 271 ZACIIARIAM
2179 218 2617 275 PROPHETAM.
3422 228 3491 287 ‘6

224 330 702 399 ἀγγέλου.“Ηκουε
734 329 842 400 γὰρ
868 331 1138 401 λέγοντος
1172 352 1191 385 ι
1232 333 1586 403 Ἐπιτιμήσαι
1614 334 1807 404 Κύριος

1920 333 2079 402 impie
2099 335 2448 391 obsistentem
2468 337 2783 392 ostenderit.
2804 337 2913 394 Deo
2938 338 3201 407 siquidem
3233 341 3491 399 miseran-

225 422 285 475 ὲν
340 422 447 485 σοι,
501 420 736 484 διάϐολε,
785 421 879 475 καὶ
926 423 1250 493 ὲπιτιμήσαι
1304 422 1507 495 Κύριος
1545 425 1602 478 ὲν
1646 424 1748 484 σοὶ.
1786 427 1813 477 6

227 511 595 580 ἐκλεξάμενος
636 510 734 581 τὴν
776 511 1151 583 Ἰερουσαλήμ.
1203 532 1221 564 ι
1267 513 1455 586 Ἀθρει
1488 514 1617 584 γὰρ,
1665 515 1811 577 ὃπως

227 606 499 677 θεομάχον
529 602 727 667 ἔδειξεν
749 603 932 669 εὐθὺς,
974 605 1067 657 καὶ
1101 607 1218 668 ταῖς
1239 605 1444 659 ἄνωθεν
1489 604 1690 674 ψήφοις
1719 606 1808 659 ἀν-

225 698 392 761 οσίως
446 694 902 767 ἀντιπράττοντα.
964 694 1100 749 Θεοῦ
1147 696 1268 767 γὰρ,
1311 696 1673 767 οἰκτείροντος
1716 697 1810 749 καὶ

226 788 668 849 ἀπαλλάττοντος
714 785 813 857 ἥδη
865 785 1245 856 πλημμελείας
1278 787 1368 840 τὸν
1414 786 1651 857 Ἰσραὴλ,
1700 787 1810 839 είσ-

230 877 525 947 δεξαμένου
556 859 613 929 τε
647 876 740 929 καλ⁵
772 876 1068 930 ἀπόλεκτον
1094 877 1192 948 ἤδη
1227 878 1543 947 ποιουμένου
1580 878 1676 949 τὴν
1715 878 1811 930 Ἰε⁴

231 968 537 1041 ρουσαλὴμ,
581 966 901 1037 κατηγορῶν
931 968 990 1019 οὐ
1038 967 1287 1032 παύεται,
1324 969 1417 1021 καὶ
1464 970 1810 1039 κατακρίνειν

228 1063 517 1134 ἀποτολμᾷ
564 1064 687 1126 τοὺς
736 1060 1091 1131 ἡλεημένους.
1138 1059 1347 1112 Οὐκοῦν
1390 1058 1683 1129 ἀκόρεστον
1731 1062 1811 1123 εἰς

228 1156 401 1224 ὀργὰς
427 1153 694 1223 διελέγχει
722 1153 786 1223 δὴ
815 1152 989 1219 λέγων
1011 1168 1023 1180 ·
1060 1169 1077 1202 ι
1131 1150 1243 1203 Οὐκ
1278 1149 1390 1203 ίδοὺ
1420 1149 1576 1203 τοῦτο
1600 1149 1675 1211 ὼς
1703 1149 1810 1203 δα-

228 1245 319 1308 λὲς
364 1244 769 1314 ὲξεσπασμένος
810 1246 873 1297 ὲκ
910 1243 1112 1313 πυρόςς
1168 1261 1186 1293 ι
1226 1242 1450 1311 Ὅμοιον
1498 1241 1607 1311 γὰρ
1646 1240 1721 1303 ὡς
1761 1242 1808 1293 εἰ

226 1335 379 1404 λέγοι
418 1336 579 1406 τυχόν
602 1352 615 1365 ·
649 1334 1121 1405 Πεπλημμέληκεν
1149 1332 1595 1403 ὁμολογουμένως
1642 1334 1669 1384 6
1711 1333 1811 1384 Ἱσ-

231 1429 392 1499 ραὴλ,
420 1429 515 1481 καὶ
547 1429 665 1491 ταῖς
693 1430 810 1488 σαῖς
832 1426 1167 1496 φιλοψογίαις
1194 1425 1568 1495 ὲπεσχημένος
1590 1423 1805 1494 ὁρᾶται.

227 1521 376 1591 Πλὴν
401 1520 645 1574 ὲκτέτικε
682 1519 837 1581 δίκας
866 1519 924 1572 οὐ
955 1518 1212 1589 μετρίως,
1250 1515 1571 1585 ἀνέτληντάς
1597 1532 1807 1585 συμφο-

230 1612 353 1682 pic,
388 1613 485 1665 καὶ
510 1610 820 1679 ἑξεσπάσθη
851 1609 1023 1680 μόλις,
1061 1609 1136 1673 ὡς
1169 1609 1233 1662 ὲκ
1272 1607 1445 1677 πυρὸς
1480 1606 1634 1669 δαλὸς
1673 1608 1804 1677 ἡμι-

1923 434 1975 478 te
1992 432 2044 479 et
2077 424 2455 497 Israelemjam
2474 429 2706 497 peccatis
2734 429 3411 501 essolvente,eligenteque
3432 444 3489 489 et

1917 516 2141 571 electam
2208 519 2460 573 reddente
2523 519 2855 588 Jerusalem,
2887 536 3142 579 accusare
3191 525 3356 597 674
3387 541 3491 582 non

1919 623 2125 675 cessat,
2172 622 2227 667 et
2261 612 2684 669 misericordiam
2733 615 2955 683 adeptos
2989 616 3250 673 damnare
3306 619 3486 674 audet.

1916 699 2091 765 Quare
2111 701 2227 770 ejus
2258 704 2631 773 inexplebilem
2682 705 2818 759 iram
2855 706 3147 777 redarguit,
3198 709 3447 777 inquiens
3476 726 3491 763 :

1920 809 1938 841 ι
1981 789 2168 848 Nonne
2196 807 2323 848 ecce
2362 795 2465 850 hoc
2516 806 2576 849 ut
2635 797 2795 851 torris
2836 807 3112 854 extractus
3149 815 3214 855 ex
3258 801 3429 871 igne?
3468 822 3487 855 ι

1916 877 2148 935 Perinde
2200 891 2284 935 est
2342 882 2484 937 enim
2545 898 2608 938 ac
2648 886 2691 938 si
2729 886 2873 939 dicat
2929 887 3200 944 fortasse:
3240 888 3491 945 Peccavit

1913 969 2078 1025 Israel
2143 973 2462 1038 manifesto,
2519 986 2573 1030 et
2635 977 2739 1031 tuis
2799 977 3264 1035 criminationibus
3323 984 3492 1037 teneri

1913 1064 2141 1117 videtur.
2177 1066 2426 1119 Attamen
2460 1082 2565 1120 non
2606 1068 2948 1122 mediocriter
2975 1069 3193 1137 punitus
3220 1080 3327 1136 est,
3350 1072 3494 1127 cala-

1916 1153 2129 1208 mitates
2152 1156 2426 1221 sustinuit,
2459 1167 2512 1211 et
2549 1159 2633 1211 vix
2669 1167 2729 1213 ut
2758 1160 2920 1213 torris
2952 1160 3242 1215 semiustus
3269 1162 3335 1216 ab
3371 1163 3493 1233 igne

1913 1254 2187 1299 extractus
2214 1257 2298 1301 est
2330 1265 2343 1300 :
2372 1249 2451 1303 sic
2472 1250 2614 1302 enim
2649 1248 2979 1317 captivitatis
3033 1251 3485 1308 detrimentornm

1911 1346 1968 1391 et
1999 1337 2455 1393 incommodorum
2506 1342 2659 1410 quasi
2699 1342 2983 1411 imaginem
3023 1341 3251 1397 emnxit.
3311 1346 3489 1411 Modo,

1912 1435 1967 1483 et
1995 1442 2139 1496 a‘gre
2156 1430 2373 1498 quidem
2413 1433 2744 1501 gravissimtr
2778 1448 3031 1488 aerumnae
3074 1433 3490 1491 ﬂammameﬂ‘u»

1914 1522 2011 1589 git.
2056 1522 2251 1577 Desine
2291 1522 2451 1591 igitur
2494 1522 2864 1578 misericordia
2926 1525 3175 1594 dignatos
3203 1541 3487 1583 accusare:

1920 1632 1936 1664 ι
1980 1614 2120 1670 Deus
2159 1615 2301 1668 enim
2354 1616 2398 1670 si
2438 1613 2731 1682 justiticat,
2782 1616 2906 1684 quis
2956 1625 3041 1671 est
3091 1617 3183 1686 qui
3235 1621 3491 1672 condetu—

228 1704 462 1772 φλεκτος
484 1719 498 1732 ⁸
525 1702 667 1757 οὕτω
696 1701 805 1771 γὰρ
836 1701 904 1754 τά
933 1702 996 1753 ὲκ
1041 1701 1140 1769 τῆς
1181 1697 1554 1769 αἰχμαλωσίας
1582 1699 1805 1751 suam-
1838 1697 1878 1751 Β
1910 1703 2105 1754 net"?
2141 1720 2159 1751 ι

228 1796 419 1847 νίσατο
460 1794 650 1864 βλάϐη.
697 1796 852 1864 "Apr:
887 1792 981 1846 καὶ
1025 1791 1177 1862 μόλις
1210 1792 1309 1861 τῆς
1349 1790 1651 1860 ἀνηκέστου
1697 1791 2073 1863 ταλαιπωρίας
2116 1794 2297 1863 διέδρα
2348 1793 2448 1863 τὴν
2495 1793 2687 1863 φλόγα.
2748 1794 2959 1849 Παῦσαι
3013 1794 3079 1865 δὴ
3121 1790 3212 1850 οὖν
3239 1795 3489 1865 ἐγκαλῶν

227 1891 339 1950 τοῖς
370 1887 725 1959 ὴλεημένοιςο
763 1904 780 1937 ι
818 1884 948 1949 Θεὸς
973 1886 1081 1955 γὰρ
1115 1886 1143 1938 6
1184 1883 1429 1947 δικαιῶν,
1461 1883 1543 1947 τίς
1582 1886 1610 1937 6
1638 1885 2014 1955 κατακρίνων;
2063 1906 2082 1939 ι

302 1977 412 2032 Καὶ
465 1976 702 2043 Ἰησοῦς
736 1971 815 2045 ἦν
861 1973 1258 2043 ἐνδεδυμένος
1310 1973 1509 2042 ἱμάτια
1544 1974 1806 2042 ῥυπαρὰ,

228 2067 324 2123 καί
387 2066 657 2133 εἱστήκει
709 2066 822 2133 πρὸ
867 2066 1191 2134 προσώπου
1236 2065 1343 2118 τοῦ
1394 2064 1652 2134 ἀγγέλου
1702 2065 1808 2119 τοῦ

228 2160 472 2227 Kvpiov.
501 2157 609 2211 Kal
648 2157 961 2225 ἀπεκρίθη,
993 2156 1090 2210 καὶ
1121 2151 1252 2209 εἷπε
1284 2156 1433 2224 πρὸς
1468 2156 1609 2221 τοὺς
1632 2155 1809 2223 ἐστη-

230 2251 411 2315 κότας
439 2248 554 2317 πρὸ
576 2247 899 2316 προσώπου
926 2247 1135 2312 αὐτοῦ,
1168 2246 1362 2314 λέγων
1380 2264 1393 2278 ·
1436 2247 1702 2315 Ἀςοέλετε
1740 2247 1810 2299 τὰ

229 2340 428 2409 ἱμάτια
468 2342 540 2396 τὰ
572 2339 815 2409 ῥυπαρὰ
840 2341 940 2395 ἀπ’
974 2339 1181 2393 αὑτοῦ.
1217 2339 1325 2393 Καὶ
1367 2335 1497 2393 εἷπε
1529 2339 1679 2407 πρὸς
1707 2340 1810 2393 αὺ-

232 2434 336 2486 τόν
355 2452 368 2465 ·
421 2434 567 2488 Ἰδοὺ
596 2436 878 2504 ἀφῄρηκα
910 2433 1016 2499 τὰς
1047 2432 1300 2502 ἀνομίας
1333 2449 1469 2485 σου.
1500 2431 1609 2485 Kal
1637 2431 1810 2485 ἐνδύ-

234 2542 377 2579 σατε
404 2526 593 2580 αὑτὸν
620 2526 872 2593 ποδήρη,
902 2524 998 2577 καὶ
1024 2524 1256 2578 ἐπίθετε
1286 2522 1520 2591 κίδαριν
1543 2523 1809 2590 καθαρὰν

230 2619 328 2674 ἐπὶ
357 2618 475 2687 τὴν
505 2616 783 2687 κεφαλὴν
819 2616 1025 2671 αὐτοῦ.

302 2706 408 2759 IH'.
452 2705 890 2777 Παραδεχθέντος
917 2703 1064 2767 ἅπαξ
1094 2704 1173 2765 είς
1201 2701 1259 2755 τὸ
1291 2702 1489 2765 παντὸς
1533 2701 1626 2754 τοῦ
1678 2700 1807 2754 λαοῦ

234 2794 524 2861 πρόσωπον
571 2792 663 2845 τοῦ
712 2793 964 2863 λαχόντος
992 2792 1315 2863 ἱερουργεῖν,
1345 2789 1557 2860 ἀπόχρη
1595 2790 1806 2853 λοιπὸν,

234 2881 482 2952 καθάπερ
529 2875 763 2951 ἐγῷμαι,
798 2879 1049 2934 τοσοῦτον
1107 2881 1301 2942 εἰπεῖν,
1331 2880 1411 2932 ὅτι
1462 2879 1529 2932 τὰ
1586 2878 1809 2950 ῥυπαρὰ

234 2972 502 3042 σύμϐολον
551 2974 616 3025 ἂν
665 2968 776 3024 εἷεν
821 2973 920 3024 οὐκ
972 2970 1290 3040 ἀσυμφανὲς
1332 2970 1432 3039 τῆς
1469 2969 1808 3039 ἀκαθαρσίας

232 3065 321 3117 τοῦ
372 3063 528 3117 λαοῦ.
579 3064 1064 3135 Κατημφιεσμένοι
1111 3062 1220 3132 γὰρ
1266 3061 1455 3132 ὥσπερ
1483 3063 1605 3125 ταῖς
1660 3061 1809 3131 σφῶν

232 3155 410 3208 αὐτῶν
456 3155 793 3226 ἁμαρτίαις,
845 3156 939 3207 καὶ
989 3154 1387 3207 δυσαπόνιπτον
1450 3151 1664 3222 ἔχοντες
1710 3156 1809 3224 τῆς

1988 1977 2148 2034 Vens.
2172 1977 2289 2032 3-5.
2327 1974 2397 2029 Et
2428 1978 2583 2030 Iesus
2608 1987 2718 2031 erat
2743 1977 2957 2031 indutus
2990 1977 3213 2032 uestibus
3232 1979 3485 2043 sordidis,

1908 2077 1957 2121 et
1987 2069 2155 2121 stabat
2185 2078 2303 2121 ante
2331 2068 2519 2137 faciem
2568 2069 2740 2136 angeli
2815 2066 3046 2122 Domini.
3108 2066 3175 2120 Et
3228 2072 3488 2138 respondit

1912 2160 2172 2229 (angelus)
2189 2170 2237 2213 et
2266 2161 2397 2213 dixit
2416 2163 2484 2212 ad
2514 2176 2599 2213 eos
2622 2158 2933 2229 quistabant
2959 2170 3079 2214 ante
3095 2160 3281 2230 facient
3310 2178 3483 2225 suam,

1908 2249 2084 2303 dicens
2109 2268 2128 2306 :
2156 2250 2368 2319 Auferte
2431 2250 2737 2303 uestimenta
2770 2248 2986 2303 sordida
3017 2250 3083 2304 ab
3130 2266 3213 2304 eo.
3257 2250 3325 2304 Et
3349 2252 3485 2305 dixit

1908 2342 1976 2393 ad
2013 2358 2132 2395 eum
2163 2355 2181 2392 :
2209 2339 2345 2394 Ecce
2376 2341 2568 2394 abstuli
2628 2341 2940 2409 iniquitates
2979 2349 3121 2395 tuas.
3178 2340 3245 2397 Et
3285 2342 3487 2396 induite

1909 2446 2026 2484 eum
2077 2440 2209 2484 veste
2237 2430 2414 2497 talari,
2446 2439 2497 2485 et
2527 2430 2770 2497 imponite
2792 2428 3013 2482 cidarim
3042 2431 3289 2483 mundam
3332 2446 3488 2499 super

1909 2530 2060 2589 caput
2098 2519 2232 2589 ejus.

1980 2695 2165 2751 XVIII.
2196 2695 2485 2763 Assumpto
2516 2693 2684 2750 semel
2705 2694 2986 2748 sacerdote
3010 2695 3075 2748 ad
3106 2694 3269 2751 totius
3304 2699 3486 2767 populi

1909 2801 2193 2857 personam
2258 2784 2768 2854 representandam,
2819 2784 2956 2838 satis
2994 2794 3096 2851 est,
3129 2789 3485 2857 utexistimo,

1909 2881 2161 2949 deinceps
2213 2880 2315 2933 hoc
2374 2887 2579 2931 tantum
2639 2878 2837 2944 dicere,
2887 2877 3101 2933 sordida
3166 2881 3485 2936 vestimenta

1909 2972 2209 3042 symbolum
2230 2971 2341 3024 sive
2370 2969 2625 3023 indicium
2664 2983 2786 3023 esse
2816 2983 2972 3038 posse
3010 2968 3147 3022 haud
3179 2972 3485 3041 ambiguum

1910 3062 2263 3118 immnnditiae
2297 3060 2497 3130 populi.
2528 3058 2697 3126 Quasi
2727 3060 2871 3113 enim
2922 3060 3157 3129 peccatis
3198 3062 3310 3116 suis
3356 3078 3487 3118 con-

1912 3153 2088 3207 vcstiti
2120 3160 2175 3206 et
2207 3150 2503 3220 impietatis
2532 3148 2772 3204 maculas
2797 3150 2883 3204 vix
2912 3149 3169 3205 eluendas
3203 3150 3483 3217 habentes,

231 3247 484 3310 ἀσεϐείας
522 3246 612 3299 τὸν
646 3246 858 3316 μῶμον,
889 3245 1158 3297 διετέλουν
1191 3246 1248 3297 ὲν
1292 3243 1657 3315 αἰχμαλωσίᾳ,
1693 3260 1807 3297 ποι-

1921 3244 2285 3313 captivitatem
2323 3241 2645 3306 tolerabant,
2674 3240 2906 3296 miseriis
2946 3242 3175 3311 subjecti
3199 3250 3254 3298 et
3281 3243 3486 3299 nefarie

231 3339 344 3399 ναῖς
378 3335 830 3405 ὑπενηνεγμένοι,
848 3336 943 3388 καὶ
971 3334 1078 3389 τῶν
1105 3325 1329 3397 ἀνοσίως
1356 3335 1539 3397 αὑτοῖς
1562 3351 1627 3386 πε
1638 3335 1814 3405 πλημ-

234 3428 560 3498 μελημένων
601 3426 982 3490 ἀποτιννύντες
1026 3426 1203 3490 δίκας.
1221 3426 1440 3497 Ἐπειδὴ
1470 3426 1528 3479 δὲ
1557 3427 1812 3498 κατηλέει

232 3519 363 3580 Θεὸς
388 3558 401 3579 ,
439 3517 881 3572 ἀπαλλάττεσθαι
928 3519 1027 3589 τῆς
1076 3518 1349 3590 ἁμαρτίας
1405 3520 1809 3590 προστέταχεν,

232 3608 647 3679 ὲλευθεροῦσθαι
685 3608 793 3662 τῶν
839 3609 1122 3680 ῥυπαρῶν,
1172 3609 1267 3663 καὶ
1312 3610 1811 3680 μεταμφιέννυσθαι

230 3701 429 3772 τρόπον
458 3700 585 3753 τινὰ
616 3699 714 3770 τὴν
744 3699 1055 3753 δικαιοῦσαν
1083 3699 1265 3770 χάριν.
1296 3700 1602 3753 Κατανεύει
1627 3701 1681 3754 δὲ
1717 3701 1812 3753 αὐ-

230 3793 338 3851 τοῖς
370 3787 466 3841 τοῦ
496 3788 658 3842 πόνου
688 3788 748 3840 τὸ
777 3787 967 3857 πέρας,
1001 3787 1094 3840 καὶ
1124 3787 1233 3841 τῶν
1267 3788 1690 3858 συμϐεϐηκότων
1714 3787 1809 3858 τὴν

232 3882 587 3937 λόσιν.”’οπου
637 3882 746 3951 γὰρ
797 3881 1069 3955 ἁμαρτίας
1114 3882 1328 3949 ἄφεσις,
1360 3880 1548 3950 ἕψεταί
1591 3898 1692 3934 που
1718 3881 1811 3935 καὶ

232 3974 288 4025 τό
312 3973 753 4027 ἀπαλλάττεσθαι
782 3973 891 4025 δεῖν
922 3973 1032 4025 τῶν
1063 3972 1130 4025 δι’
1148 3973 1318 4043 αὐτὴν
1339 3971 1805 4043 ἐπενηνεγμένων.

230 4062 438 4116 οὐκοῦν
484 4066 542 4117 ὲν
592 4063 827 4135 σχήματι
884 4062 1018 4115 Θεοῦ
1072 4064 1187 4125 τοῖς
1240 4063 1495 4133 έστηκόσι
1545 4063 1639 4116 καὶ
1694 4062 1807 4115 λει-

232 4152 553 4224 τουργοῦσιν
600 4152 750 4223 αὐτῷ
794 4153 1159 4225 προστέταχεν
1202 4157 1231 4207 6
1278 4154 1546 4224 μακάριος
1581 4153 1807 4222 ἄγγελος

228 4245 447 4311 ἀςελεῖν
481 4245 575 4297 ἀπ’
607 4244 771 4299 αὑτοῦ
806 4246 903 4316 τὴν
935 4246 1195 4315 ῥυπῶσαν
1222 4245 1440 4316 ἐσθῆτα,
1471 4245 1562 4298 καὶ
1604 4244 1668 4313 δὴ
1716 4244 1808 4297 καί

231 4352 424 4406 φησιν·
464 4356 483 4389 ι
507 4336 635 4391 Ἰδοὺ
668 4338 928 4409 ἀφῄρηκα
961 4337 1058 4401 τὰς
1087 4335 1315 4407 ἀνομίας
1350 4354 1466 4390 σου.
1489 4356 1507 4386 ι
1544 4333 1672 4390 Εἶτα
1701 4335 1808 4388 δεῖν

232 4428 330 4497 ἔφη
366 4429 581 4499 ποδήρη
624 4447 683 4482 τε
735 4428 885 4500 αὐτῷ
934 4428 1028 4483 καὶ
1056 4429 1271 4500 κίδαριν
1293 4427 1385 4483 ἐπὶ
1419 4430 1516 4499 τὴν
1564 4428 1806 4498 κεφαλὴν

231 4520 450 4591 δοθῆναι
498 4522 764 4593 καθαρὰν,
801 4524 886 4575 ἵνα
929 4523 1017 4577 διὰ
1062 4523 1253 4576 τούτου
1288 4521 1685 4591 νενομισμένως
1718 4520 1805 4573 ἀεί

217 4630 344 4685 ,πως
378 4614 647 4685 συντρέχῃ
678 4617 794 4677 ταῖς
825 4615 933 4667 τῶν
965 4614 1108 4667 λαῶν
1152 4615 1535 4677 καταστάσεσι,
1571 4614 1662 4665 καὶ
1705 4615 1802 4682 τῆς

233 4704 531 4774 ίερωσύνης
577 4704 724 4767 δόξα.
759 4704 1033 4775 Καῦχημα
1062 4705 1158 4775 μὲν
1191 4704 1299 4774 γὰρ
1334 4706 1444 4766 τοῖς
1473 4704 1795 4773 ίερουργοῖς,

233 4797 264 4865 ἡ
288 4796 396 4848 τῶν
434 4794 541 4846 ὑπὸ
576 4797 733 4864 χεῖρα
762 4795 1087 4867 καθαρότης,
1106 4790 1209 4847 ’καὶ
1238 4795 1294 4846 ἐν
1323 4793 1595 4863 λαμπροῖς
1635 4792 1803 4861 αὐχή-

234 4904 363 4955 μασι
394 4886 455 4939 τὸ
482 4887 580 4955 τῆς
612 4886 910 4956 ἱερωσύνης
939 4886 1154 4956 ἔχουσιν
1183 4885 1419 4948 εὐκλεὲς,
1455 4882 1803 4952 εὐδοκιμοῦν-

232 4994 315 5039 τος
348 4976 443 5029 τοῦ
476 4976 629 5041 λαοῦ,
659 4978 754 5029 καὶ
786 4979 1101 5048 ἀμωμήτως
1134 4977 1306 5039 ἰόντος
1359 4975 1452 5028 ἐπὶ
1483 4974 1545 5025 τὸ
1574 4974 1692 5043 Θεῷ
1716 4973 1803 5025 δο-

235 5068 376 5130 χοῦν,
397 5069 495 5120 καὶ
520 5068 790 5138 τρυφερὸν
820 5067 1183 5137 ὑποφέροντος
1199 5065 1289 5118 τὸν
1307 5065 1507 5134 αὐχένα
1531 5064 1639 5125 τοῖς
1662 5078 1774 5132 παρ
1790 5062 1803 5081 ’

234 5158 391 5210 αὑτοῦ
441 5158 798 5228 θεσπίσμασι,
825 5159 1077 5229 ταύτῃτοι
1125 5158 1216 5209 καὶ
1261 5155 1465 5226 εὐμενῆ
1513 5155 1606 5207 καὶ
1652 5153 1801 5222 φίλον

233 5249 437 5318 ἔχοντος
473 5247 565 5301 τὸν
600 5249 823 5318 Πατέρα
851 5248 1336 5317 Θεόν.Ἐπί>ῐλημα
1362 5247 1419 5299 δὲ
1458 5247 1549 5299 καὶ
1588 5245 1799 5315 μῶμος,

236 5339 336 5391 τῶν
366 5338 793 5408 ὑπεζευγμένων
821 5341 853 5409 ἡ
892 5338 1149 5410 ῥᾳθυμία,
1183 5337 1357 5392 καὶτὸ
1385 5337 1804 5405 ἀπερισκέπτως

235 5426 399 5479 ἵεσθαι
430 5428 569 5497 πρὸς
604 5427 665 5479 τὸ
694 5424 1247 5497 πλημμελές.⁶Ὠσπερ
1281 5426 1388 5496 γὰρ
1417 5428 1474 5480 ὲν
1508 5424 1803 5497 ἁμαρτίαις

289 5608 333 5639 τι
358 5605 522 5661 Rom.
574 5619 695 5662 vtlt,
727 5603 815 5657 34.

1915 3336 2324 3393 commissorum
2355 3348 2541 3404 poenas
2570 3336 2797 3389 luentes.
2831 3333 3117 3403 Postquam
3158 3343 3341 3389 autem
3383 3335 3486 3390 mi-

1915 3439 2094 3485 sertus
2121 3437 2205 3483 est
2236 3429 2445 3493 Deus,a
2480 3435 2701 3495 peccato
2732 3426 2930 3480 liberos
2949 3440 3069 3481 esse
3096 3426 3389 3490 mandavit,
3426 3436 3484 3481 et

1912 3520 2037 3575 exui
2076 3518 2307 3574 sordidis
2334 3527 2388 3572 et
2415 3517 2561 3571 indui
2587 3517 2768 3585 aliquo
2804 3515 2962 3570 modo
2988 3514 3317 3583 justiﬁcante
3358 3530 3482 3584 gra-

1914 3611 2009 3664 tia.
2051 3607 2229 3662 Innuit
2275 3615 2453 3660 autem
2489 3618 2648 3674 porro
2688 3605 2820 3672 ipsis
2873 3602 3117 3658 laborum
3158 3611 3213 3658 et
3254 3617 3477 3656 casuum

1915 3703 2095 3755 tinem.
2130 3699 2233 3755 Ubi
2264 3712 2496 3766 namque
2537 3696 2830 3750 remittitur
2855 3702 3155 3763 peccatum,
3189 3692 3295 3747 illic
3312 3693 3478 3748 etiam

1913 3791 2156 3860 sequitur
2177 3788 2481 3845 necessario
2508 3787 2769 3841 malorum
2797 3791 3017 3854 propter
3055 3790 3331 3852 peccatum
3391 3782 3477 3838 ia-

1911 3880 2180 3936 ﬂictorum
2205 3876 2471 3946 depulsio.
2504 3876 2687 3942 Quare
2719 3874 2936 3929 nomine
2961 3873 3055 3949 Dei
3080 3872 3381 3926 astantibus
3424 3882 3481 3927 et

1912 3969 2340 4027 ministrantibus
2368 3967 2467 4037 ipsi
2505 3966 2723 4021 mandat
2776 3965 2965 4019 beatus
3022 3961 3244 4031 angelus
3263 3961 3480 4018 auferre

1910 4062 2245 4132 inquinatam
2279 4066 2504 4120 vestem,
2531 4056 2819 4124 additque:
2847 4073 2866 4106 ι
2896 4052 3032 4108 Ecce
3065 4051 3257 4106 abstuli
3280 4050 3479 4119 iniqui-

1914 4160 2049 4205 tates
2085 4158 2226 4202 tuas.
2264 4165 2285 4199 ι
2320 4144 2522 4202 Deinde
2552 4145 2627 4198 ait
2654 4142 3066 4212 cooperiendum
3088 4148 3236 4195 veste
3290 4139 3473 4205 talari,

1908 4250 1964 4299 et
2004 4239 2229 4299 cidarim
2259 4239 2509 4294 mundam
2538 4235 2914 4305 impunendam
2941 4246 3101 4301 super
3124 4239 3283 4298 caput
3333 4228 3470 4298 ejus.

1912 4343 1970 4383 ut
1994 4329 2067 4382 ita
2095 4328 2337 4397 legitime
2369 4340 2502 4379 cum
2535 4332 2676 4378 statu
2731 4322 2908 4391 μορυιί
2962 4319 3248 4375 sacerdotii
3307 4321 3475 4388 gloria

1909 4434 2126 4487 semper
2156 4415 2453 4485 conspiret.
2484 4413 2751 4468 Gloriatio
2781 4412 2978 4481 quippe
3005 4410 3342 4463 sacerdotum
3392 4420 3479 4464 est

1909 4510 2269 4577 subjectorum
2299 4507 2593 4577 puritas,et
2618 4500 3119 4573 innocentia,675
3136 4513 3190 4556 et
3216 4502 3475 4556 honorem

1909 4600 2192 4656 sacerdotii
2225 4600 2305 4654 sui
2338 4596 2616 4668 splendido
2645 4595 2746 4650 sibi
2778 4602 3090 4648 ornamento
3111 4592 3473 4657 dueunt,cum

1910 4691 2135 4760 populus
2189 4688 2362 4743 fertur
2387 4688 2654 4751 laudibus,
2687 4685 2930 4752 citraque
2987 4680 3471 4751 reprehensionem

1909 4787 1975 4839 ad
1998 4783 2091 4837 Dei
2123 4780 2453 4836 voluntatem
2509 4792 2629 4833 sese
2681 4774 3073 4836 accommodat,
3100 4770 3475 4842 delicatasque

1908 4874 2149 4929 cervices
2176 4870 2292 4939 ejus
2321 4868 2553 4924 oraculis
2578 4865 2864 4928 submittit,
2894 4870 3058 4931 atque
3093 4860 3161 4915 ob
3190 4873 3310 4915 eam
3344 4874 3476 4914 cau-

1906 4981 2020 5020 sam
2045 4965 2207 5018 Demn
2229 4961 2444 5017 Patrem
2473 4960 2702 5013 amicum
2733 4954 2834 5009 sibi
2852 4968 2916 5008 ac
2942 4950 3257 5007 benevolum
3288 4950 3471 5003 habet.

1908 5057 2105 5113 Contra
2137 5052 2462 5123 vituperatio
2488 5062 2542 5105 et
2573 5046 2863 5118 ignominia
2892 5046 3100 5100 illorum
3148 5050 3231 5097 est
3285 5040 3471 5109 subje-

1908 5158 2117 5204 ctorum
2143 5146 2475 5209 socordia,et
2500 5141 2631 5197 caeci
2660 5141 2892 5207 impetus
2918 5136 2982 5190 ad
3017 5133 3369 5203 peccandum.
3400 5130 3475 5191 Ut

1909 5242 2053 5296 enim
2076 5237 2271 5310 popqu
2297 5236 2532 5306 peccatis
2557 5231 2820 5288 obstricto
2836 5229 3051 5284 sordida
3074 5224 3473 5293 quodammodo

1909 5338 2063 5384 erant
2121 5338 2175 5384 et
2227 5325 2524 5382 sacerdotis
2579 5322 2922 5384 vestimenta,
2972 5317 3051 5371 sic
3089 5315 3178 5369 ubi
3255 5328 3469 5368 rursum

1909 5418 2130 5489 probari
2155 5414 2518 5478 consueverit,
2549 5425 2741 5481 purum
2776 5408 2882 5465 erit
2910 5416 2965 5464 et
2990 5404 3337 5477 conspicuum
3380 5417 3473 5458 sa-
