3936 6318
455 219 528 272 47
1471 214 1535 270 S.
1579 212 1852 270 CYilll.Ll
1894 209 2360 267 ALEXANDRIN!
2403 208 2717 266 AilClllEP.
3636 215 3706 270 68

457 332 684 386 euulntii
723 345 936 394 munus,
995 329 1320 398 multamque
1378 333 1518 400 apud
1562 333 1724 385 Deum
1771 331 2018 386 ﬁduciam

2140 333 2272 394 ἱντος
2303 331 2398 385 τοῦ
2433 332 2586 395 λαοῦ,
2623 329 2844 402 ῥυπαρά
2871 346 2987 393 πως
3013 323 3082 400 ἦν
3119 329 3215 384 καὶ
3259 331 3325 384 τὰ
3372 329 3466 384 τοῦ
3505 332 3700 404 lapsa);

455 423 740 476 obtinebit.
806 421 1168 487 Quamobrem
1228 424 1438 476 divinus
1499 422 1722 488 Paulus,
1785 426 2030 493 gentibus

457 516 656 570 (ibt-isti
690 530 846 570 Sacro
882 513 1170 582 Evangelia
1198 515 1524 581 ministrate,
1581 531 1700 568 cum
1738 530 1802 568 ex
1858 517 2031 568 incre-

459 607 655 660 utentis
687 606 750 658 ad
777 606 1030 658 virtutem
1065 619 1160 658 eos
1201 605 1554 660 inclarescere
1579 619 1632 659 et
1661 607 1708 660 ei
1744 607 1893 659 ﬁrma
1928 605 2030 659 ﬁde

461 699 721 752 inhaerere
763 708 1026 763 cerneret,
1079 697 1148 750 ita
1201 697 1457 751 scribitu
1492 698 1716 765 Propter
1759 697 2032 766 gloriatio-

461 805 581 844 nem
630 797 887 852 vestram,
940 788 1158 852 fratres,
1211 803 1371 856 quam
1408 788 1669 843 habemus
1705 790 1758 841 in
1805 788 2030 843 Domino

455 883 667 939 Jesu".
695 901 714 934 ι
748 882 814 937 Et
848 896 1099 936 rursum:
1127 878 1439 950 «.Gaudium
1478 887 1532 935 et
1569 892 1765 933 corona
1793 893 1910 933 mea
1937 892 2030 934 vos

455 975 588 1031 estis
620 975 720 1026 ⁷⁸.)

533 1248 694 1302 Vsus.
725 1245 779 1308 6,
807 1245 933 1300 7.Et
969 1241 1185 1313 angelus
1222 1241 1415 1294 stabat.
1452 1238 1516 1291 Et
1575 1246 1895 1292 contestaltts
1957 1243 2034 1288 est

459 1340 674 1408 angelus
713 1336 918 1389 Domini
941 1336 1008 1387 ad
1037 1332 1239 1394 Iesum,
1265 1332 1442 1384 dicens
1473 1326 1641 1382 :Hmc
1673 1327 1797 1378 dicit
1850 1325 2030 1377 Domi-

461 1446 557 1482 nus
591 1429 950 1496 omnipotens:
980 1423 1038 1478 Si
1065 1425 1116 1476 in
1142 1423 1238 1476 viis
1272 1421 1395 1478 meis
1439 1418 1874 1480 ambulaveris,et
1892 1431 2032 1485 pra?-

458 1535 605 1589 cepta
641 1537 754 1574 mea
801 1517 1162 1580 custodiveris,
1238 1525 1288 1568 et
1343 1523 1396 1566 tu
1446 1510 1770 1580 dijudicabis
1821 1509 2032 1560 domum

458 1630 647 1680 meam,
685 1624 732 1667 et
787 1610 1048 1665 custodias
1117 1608 1313 1661 atrium
1382 1621 1594 1667 meum,
1630 1611 1680 1656 et
1738 1602 1874 1654 dabo
1935 1596 2034 1652 tibi

455 1713 812 1760 conversantes
868 1702 922 1754 in
953 1698 1122 1754 medio
1140 1700 1391 1751 stantium
1422 1696 1662 1748 istorum.

532 1881 664 1938 XIX.
704 1880 759 1935 ιιι
780 1879 906 1934 Jesu
949 1889 1144 1944 magno
1172 1875 1453 1928 sacerdote
1482 1868 1761 1926 Christum
1787 1863 2028 1920 omnium

461 1974 796 2028 Salvatoretn
818 1966 1146 2032 descriptum
1169 1963 1486 2030 accipimus,
1505 1957 1659 2026 cujus
1690 1958 1815 2010 item
1843 1969 2031 2023 perso-

460 2080 586 2120 nam
618 2073 680 2118 ut
704 2067 936 2131 gereret,
977 2071 1004 2109 a
1037 2053 1305 2125 principio
1364 2053 1544 2106 Aaron
1577 2048 1828 2103 sacerdos
1875 2044 2032 2100 insti-

462 2169 608 2210 tntns
635 2163 736 2208 est.
781 2149 893 2204 Hoc
930 2158 1106 2203 autem
1136 2147 1188 2202 in
1218 2145 1336 2199 loco
1361 2143 1429 2198 ad
1459 2143 1635 2211 ipsum
1669 2140 1832 2194 ﬁlium
1880 2137 2034 2192 Jose-

461 2249 560 2300 dce
591 2245 791 2298 dictum
820 2240 1138 2295 asserimus:
1176 2255 1194 2288 ι
1232 2235 1358 2290 Ητιιο
1391 2235 1521 2288 dicit
1545 2231 1804 2286 Dominus
1860 2227 2031 2282 omni.

460 2349 694 2406 potens:
723 2334 780 2388 Si
819 2333 871 2386 in
908 2332 1010 2384 viis
1045 2330 1178 2384 meis
1233 2325 1617 2390 ambulaveris,
1653 2333 1708 2377 et
1769 2331 2032 2391 praecepta

458 2445 580 2484 mea
617 2425 996 2488 custodiveris,
1024 2431 1079 2476 et
1110 2431 1161 2473 tu
1191 2418 1516 2489 dijudicabis
1539 2416 1755 2468 domum
1795 2426 1987 2474 meam,
2009 2430 2028 2464 ι

461 2531 512 2576 et
558 2535 676 2589 quae
725 2524 1044 2586 sequuntur.
1115 2510 1229 2564 Non
1279 2509 1421 2562 enim
1477 2506 1604 2560 talia
1657 2504 1874 2557 Christo
1927 2502 2032 2556 diei

457 2618 661 2679 queunt
689 2625 703 2661 :
745 2609 833 2676 qui
861 2615 941 2660 est
973 2605 1078 2663 via,
1109 2599 1422 2669 justilicatio
1472 2596 1584 2660 Dei,
1612 2607 1666 2648 et
1733 2592 1910 2645 Patris
1952 2590 2034 2644 sui

461 2705 679 2755 (binum
712 2701 828 2767 ipse
859 2691 1190 2764 dijudicavit,
1226 2699 1283 2743 ut
1317 2688 1483 2742 Filius
1509 2694 1826 2754 potestatem
1880 2697 2036 2735 exer-

463 2808 609 2847 rens.
636 2791 763 2843 Erat
791 2789 931 2841 enim
960 2784 1138 2840 Moses
1166 2783 1335 2836 fidelis
1372 2779 1599 2832 famulus
1623 2779 1674 2830 in
1700 2776 1843 2831 omni
1877 2775 2037 2828 domo

464 2885 554 2938 Dei
586 2898 602 2934 ι
638 2894 689 2935 at
722 2880 970 2935 Christus
999 2886 1058 2931 ut
1091 2875 1259 2928 Filius
1292 2887 1452 2940 super
1475 2872 1690 2924 domum
1721 2868 1856 2935 ejus,
1888 2866 2038 2934 cujus

2131 424 2414 495 ἐσθήματα
2433 441 2448 454 ·
2471 426 2641 488 οὕτως
2662 424 2912 487 εἰωθότος
2941 424 3100 477 πάλιν
3129 424 3455 493 εὐδοκιμεῖν,
3471 425 3710 496 καθαρὸν

2130 513 2281 567 ἔσται
2315 515 2409 567 καὶ
2439 515 2696 583 διαφανὲς
2728 516 2826 584 τῆς
2857 515 3158 583 ἱερωσύνης
3191 513 3250 566 τὸ
3278 515 3466 585 χρῆμα
3494 516 3591 582 (l),
3615 515 3712 568 καὶ

2131 606 2187 656 ἐν
2239 606 2406 675 πολλῇ
2446 605 2724 676 παρρησίᾳ
2759 609 2824 676 τῇ
2861 606 3010 677 παρά
3055 605 3194 676 Θεῷ.
3228 607 3335 658 Καὶ
3369 605 3502 674 γοῦν
3547 609 3576 660 6
3621 606 3710 660 ϐεο

2133 693 2354 756 σπέσιος
2383 694 2590 758 Παῦλος
2625 696 2988 765 ἱερουργήσας
3031 697 3144 758 τοῖς
3175 696 3350 749 ἔθνεσι
3383 697 3442 749 τὸ
3472 697 3712 765 Εὐαγγέ-

2132 784 2246 836 λιον
2273 784 2367 836 τοῦ
2396 784 2652 854 Χριστοῦ,
2678 784 2771 836 καὶ
2792 786 2913 841 ταῖς
2951 785 3030 846 είς
3060 784 3120 835 τὸ
3141 785 3360 854 ἄμεινον
3411 785 3714 838 ὲπιδόσεσιν

2133 875 2552 945 εὐδοκιμοῦντας
2587 875 2820 944 βλέπων,
2851 876 2944 928 καὶ
2978 875 3202 944 βεδαίαν
3241 875 3462 945 ἔχοντας
3489 876 3587 946 τὴν
3617 877 3714 928 ἐπ’

2133 965 2280 1034 αύτῴ
2330 965 2531 1029 πίστιν,
2561 965 2861 1018 ἐπιστέλλει
2895 965 3096 1034 λέγων’
3153 984 3171 1017 ι
3199 965 3282 1037 Νὴ
3307 967 3406 1037 τὴν
3438 965 3713 1036 ἡμετέραν

2132 1056 2423 1125 καύχησιν,
2451 1055 2686 1125 ἀδελφοὶ,
2707 1056 2774 1126 ἦν
2804 1056 3001 1127 ἔχομεν
3031 1058 3090 1108 ἐν
3107 1055 3295 1127 Κυρίῳ
3315 1056 3513 1126 Ἰησοῦ.
3547 1075 3565 1105 ι
3605 1056 3714 1109 Καὶ

2135 1145 2325 1198 πάλιν·
2370 1166 2387 1197 ι
2417 1146 2576 1217 Χαρά
2613 1147 2707 1199 καὶ
2738 1147 2998 1216 στέφανός
3035 1163 3137 1217 μου
3177 1148 3337 1215 ὑμεῖς
3375 1148 3516 1199 ὲττε.
3549 1165 3568 1197 ι

2204 1238 2315 1292 Kal
2367 1243 2398 1292 ὀ
2446 1240 2699 1309 ἅγγελος
2745 1241 3027 1306 εἱστήκει.
3065 1241 3176 1293 Καὶ
3213 1239 3634 1308 διεμαρτύρατο
3681 1239 3716 1290 δ

2133 1330 2388 1400 ἄγγελος
2413 1331 2636 1398 Κυρίου
2665 1332 2816 1400 πρὸς
2843 1330 3309 1400 Ἰησοῢν,λέγων
3330 1347 3343 1360 ·
3381 1328 3527 1383 Τάδε
3553 1328 3716 1396 ,λέγει

2150 1411 2364 1488 Κύριος
2389 1421 2832 1490 παντοκράτωρ·
2865 1423 3000 1476 Ἐὰν
3021 1423 3091 1476 ἐν
3114 1423 3243 1488 ταῖς
3275 1420 3434 1487 ὁδοῖς
3457 1439 3577 1489 μου
3609 1437 3716 1474 που

2125 1514 2298 1580 ρεύῃ,
2327 1511 2425 1566 καὶ
2462 1514 2532 1566 ἐν
2566 1513 2692 1580 τοῖς
2723 1513 3145 1584 προστάγμασί
3164 1530 3284 1581 μου
3319 1512 3582 1581 φυλάξῃ,
3615 1512 3715 1566 καὶ

2135 1603 2216 1654 σὺ
2261 1601 2586 1670 διακρινεῖς
2629 1602 2738 1655 τὸν
2770 1598 2940 1655 οἶκόν
2961 1619 3103 1672 μου,
3134 1601 3232 1654 καὶ
3275 1601 3568 1670 φυλάξεις
3602 1602 3718 1668 τὴν

2063 1674 2101 1727 Β
2131 1693 2331 1760 αὐλήν
2367 1711 2509 1762 μου,
2545 1692 2646 1747 καὶ
2678 1692 2850 1746 δώσω
2899 1710 2998 1746 σοι
3051 1690 3610 1762 ἀναστρεφομένόυς
3647 1692 3720 1747 ἐν

2131 1785 2302 1856 μέσῳ
2325 1786 2444 1840 τῶν
2473 1785 2819 1852 ἑστηκότων
2842 1787 3084 1838 τούτοιν.

2207 1879 2307 1932 ΙΘ’.
2347 1877 2443 1938 Ei;
2485 1876 2836 1930 ὑποτύπωσιν
2893 1877 2991 1947 μὲν
3046 1875 3138 1928 τοῦ
3205 1875 3422 1930 πάντων
3465 1876 3718 1947 Σωτῆρος

2133 1970 2371 2041 Χριστοῦ
2425 1967 2841 2041 παρεδεξάμεθα
2890 1969 2983 2021 τὸν
3017 1967 3227 2037 Ἰησοῦν
3273 1967 3364 2019 τὸν
3427 1967 3579 2038 ἱερέα
3625 1965 3717 2019 τὸν

2138 2061 2312 2130 μέγαν
2330 2077 2344 2089 ο
2380 2061 2586 2112 τέΟειτο
2619 2060 2725 2130 γάρ
2758 2060 2836 2122 εἰς
2863 2057 3020 2111 τοῦτο
3049 2059 3142 2112 καὶ
3169 2056 3381 2127 Ἀαρὼν
3416 2060 3473 2111 ὲν
3496 2058 3712 2126 ἀρχαῖς.

2133 2151 2280 2222 Πλὴν
2312 2150 2368 2202 ἓν
2413 2167 2476 2218 γε
2526 2151 2640 2212 τοῖς
2682 2149 3066 2220 προκειμένοις
3097 2150 3231 2219 πρὸς
3270 2149 3430 2202 αὐτὸν
3468 2145 3717 2218 εἰρῆσθαί

2135 2259 2313 2311 φαμεν
2360 2241 2450 2295 τὸν
2484 2240 2725 2294 Ἰωσεδὲκ
2757 2241 2835 2305 τὸ,
2881 2257 2901 2290 ι
2933 2240 3069 2293 Τάδε
3104 2239 3250 2308 λέγει
3285 2240 3487 2311 Κύριος
3518 2255 3714 2292 παντο-

2136 2332 2382 2402 κράτωρ·
2411 2350 2428 2382 ι
2470 2331 2598 2384 Ἐὰν
2633 2333 2688 2383 ὲν
2715 2332 2833 2392 ταῖς
2853 2330 2992 2393 ὁδοῖς
3021 2347 3122 2400 μου
3153 2330 3382 2402 πορεύῃ,
3403 2332 3497 2382 καὶ
3524 2332 3581 2381 ὲν
3605 2332 3718 2392 τοῖς

2137 2423 2525 2494 προστάγμασι
2574 2440 2673 2493 μου
2719 2422 2988 2494 φυλάσσῃ,
3031 2423 3125 2475 καὶ
3179 2423 3242 2474 σὺ
3297 2422 3586 2491 διακρινεῖς
3626 2421 3717 2474 τὸν

2134 2509 2281 2565 οἶκόν
2314 2528 2437 2582 μου,
2472 2531 2490 2562 ι
2527 2512 2623 2564 καὶ
2659 2511 2729 2564 τὰ
2755 2510 2966 2573 τούτοις
2995 2510 3254 2577 ἑπόμενα.
3289 2511 3361 2562 Οὐ
3395 2510 3505 2579 γὰρ
3533 2509 3600 2562 ἂν
3639 2508 3717 2560 εἴ·

2140 2621 2269 2674 ρητο
2310 2604 2378 2656 τὰ
2414 2603 2590 2656 τοιάδε
2639 2603 2888 2674 Χριστῷ·
2939 2601 3102 2664 αὐτὸς
3154 2601 3262 2671 γάρ
3304 2603 3450 2653 ἐστιν
3502 2603 3533 2668 ἡ
3577 2601 3715 2662 ὁδδς,

2135 2694 2298 2757 αὐτὸς
2340 2695 2401 2747 τὸ
2443 2694 2721 2764 δικαίωμα
2761 2693 2853 2745 τοῦ
2885 2693 3020 2746 Θεοῦ
3056 2693 3149 2746 καὶ
3183 2691 3414 2761 Πατρὸς,
3451 2692 3611 2752 αὐτὸς
3644 2691 3721 2743 δι-

2137 2786 2317 2854 έκρινε
2360 2785 2449 2837 τὸν
2494 2781 2642 2837 οἷκον
2671 2783 2857 2846 αὑτοῦ,
2884 2783 3316 2850 κατεξουσιάζων
3348 2783 3423 2845 ὠς
3459 2777 3718 2844 Υἱόςῖην

2143 2877 2238 2946 μὲν
2274 2875 2382 2944 γὰρ
2417 2875 2445 2925 ὁ
2473 2874 2758 2937 θεσπέσιος
2792 2875 2995 2944 Μωσῆς
3020 2873 3206 2935 πιστὸς
3237 2873 3488 2942 Θεράπων
3527 2875 3582 2926 ὲν
3614 2873 3720 2942 ὅλῳ

461 2975 651 3028 damus
679 2985 780 3026 nos
819 2984 1003 3024 sumus
1026 2968 1092 3021 ".
1122 2967 1263 3034 Ergo
1295 2964 1360 3018 ad
1392 2962 1556 3015 ﬁlium
1584 2961 1810 3016 Josedec
1832 2959 1930 3014 ista
1957 2959 2033 3012 d-i-

2140 2965 2217 3036 τῷ
2248 2966 2380 3036 οἴκῳ
2404 2965 2497 3018 τοῦ
2534 2966 2668 3018 Θεοῦ
2689 2985 2702 2998 ’
2738 2967 2969 3037 Χριστὸς
2999 2965 3054 3018 δὲ
3083 2967 3158 3027 ὡς
3185 2965 3309 3028 Υἱὸς
3337 2965 3428 3018 ἐπὶ
3455 2964 3542 3018 τὸν
3571 2961 3718 3017 οἷκον

463 3075 548 3118 cla
577 3062 828 3126 sunto,ad
847 3058 1123 3114 Christum
1141 3055 1381 3110 minime.
1404 3045 1689 3107 l’ollice‘t'ur
1710 3049 2040 3104 autemDens

464 3153 820 3208 sacerdotium
854 3159 1185 3204 retenturum
1216 3147 1377 3200 etiam
1414 3155 1533 3212 post
1581 3155 1820 3210 tempora
1868 3142 2040 3206 capti-

463 3241 667 3303 vitatis,
691 3249 746 3292 ttt
772 3237 1080 3291 sacerdotes
1103 3235 1320 3304 prtesint
1346 3232 1548 3296 lsraeli,
1567 3239 1620 3284 et
1636 3239 1876 3284 sanctam
1896 3229 2037 3282 illam

465 3332 740 3384 civitatem
791 3330 1155 3381 moderentur.
1201 3323 1464 3390 Quoniam
1504 3322 1683 3387 enim,
1727 3323 2038 3388 captivitate

465 3421 679 3476 inducta
701 3461 715 3486 ,
745 3429 799 3473 et
847 3419 1052 3472 sanctis
1081 3417 1442 3470 concrematis
1482 3423 1537 3468 et
1593 3413 1878 3469 sacriﬁciis
1907 3413 2042 3467 sub-

470 3513 614 3576 latis,
661 3507 1063 3563 arbitrabantur
1116 3505 1351 3561 nonnulli
1401 3505 1632 3560 Mosaica
1661 3503 1900 3558 funditus
1947 3503 2042 3558 ab-

464 3601 679 3663 olenda,
698 3599 865 3670 676
890 3608 942 3653 et
960 3597 1128 3666 legem
1154 3595 1285 3650 nihil
1301 3595 1529 3665 amplius
1545 3593 1850 3658 valituram,
1874 3607 2040 3661 quan-

469 3709 630 3762 quam
679 3693 914 3746 nandum
965 3696 1227 3758 praesente
1272 3687 1365 3742 illo
1401 3697 1643 3757 tempore
1687 3699 1793 3755 quo
1845 3683 2038 3750 Unige-

469 3786 642 3840 nitum
683 3791 867 3837 natum
909 3781 1178 3836 hominem
1202 3793 1462 3849 apparere
1491 3777 1796 3848 oportebat,
1837 3776 2036 3829 idcirco

470 3875 611 3928 Deus
645 3874 844 3928 docens
873 3870 1128 3927 lsraelem
1158 3871 1257 3925 sub
1299 3870 1540 3940 antiquis
1590 3869 1835 3925 moribus
1891 3869 2036 3920 futu-

463 3979 584 4020 rum
628 3973 685 4020 et
712 3964 812 4018 sub
841 3964 1064 4033 imperio
1095 3963 1435 4018 sacerdotum
1461 3952 1674 4014 malent
1707 3959 2034 4019 habiturum,

466 4056 610 4110 baud
644 4071 796 4110 set-ns
831 4069 992 4124 quam
1019 4064 1144 4109 ante
1161 4055 1530 4122 captivitatem
1551 4049 1859 4103 necessario
1893 4047 2038 4099 atlir—

467 4150 666 4212 mat,si
701 4147 870 4216 legem
923 4147 1134 4200 sincere
1181 4144 1517 4208 custodierit,
1584 4142 1755 4209 ipsum
1823 4153 2032 4192 rursum

466 4239 681 4291 domum
721 4239 838 4306 ejus
881 4235 1316 4303 diiudicaturum,
1346 4243 1400 4288 et
1447 4233 1620 4303 prima
1677 4231 1845 4300 gloria
1892 4229 2033 4296 pot-i-

2142 3057 2331 3123 αὐτοῦ,
2379 3051 2440 3109 οὗ
2492 3053 2640 3120 οἶκός
2686 3059 2853 3126 ὲσμεν
2897 3058 3076 3126 ἡμεῖς.
3113 3055 3318 3108 Οὐκοῦν
3349 3055 3585 3126 εἰρήσθω
3619 3055 3718 3126 μὲν

2145 3151 2280 3219 πρὸς
2308 3148 2397 3202 τὸν
2427 3148 2521 3202 τοῦ
2549 3149 2798 3202 Ἰωσεδὲκ
2825 3148 2892 3201 τὰ
2921 3148 3118 3210 τοιάδε,
3144 3147 3276 3216 πρδς
3309 3146 3364 3199 δέ
3395 3163 3456 3214 γε
3482 3145 3718 3217 Χριστὸν

2140 3240 2340 3292 οὐκέτι.
2362 3239 2757 3324 Ἐπηγγέλλετο
2786 3239 2842 3292 δὲ
2872 3238 3024 3302 Θεὸς,
3062 3238 3159 3308 τὴν
3193 3237 3331 3290 κατά
3362 3237 3524 3308 νόμον
3557 3240 3716 3307 ἱερω-

2143 3331 2308 3402 σύνην
2355 3334 2652 3402 κρατήσειν
2697 3331 2773 3384 ἔτι
2819 3332 2914 3385 καὶ
2967 3334 3102 3401 μετά
3148 3348 3212 3399 γε
3255 3331 3380 3392 τοὺς
3418 3331 3512 3399 τῆς
3551 3331 3716 3400 αἰχμ-

2143 3423 2381 3486 αλωσίας
2409 3425 2655 3498 καιροὺς,
2686 3423 2826 3476 ὥστε
2855 3424 2981 3486 τοὺς
3017 3422 3392 3492 ἱερατεύοντας
3422 3422 3718 3492 κατάρχειν

2137 3515 2233 3567 τοῦ
2261 3514 2498 3585 Ἰσραὴλ,
2538 3515 2631 3568 καὶ
2678 3515 2777 3585 τὴν
2827 3514 2989 3582 ἀγὶαν
3037 3513 3238 3565 διέπειν
3285 3512 3436 3565 πόλιν
3477 3514 3713 3582 ἐκείνην.

2153 3606 2368 3677 Ἐπειδὴ
2419 3606 2527 3677 γὰρ
2576 3605 2860 3675 συμϐάσης
2909 3603 3006 3673 τῆς
3055 3603 3445 3671 αἰχμαλωσίας,
3486 3603 3717 3656 καὶτῶν

2139 3698 2308 3765 ἁγίων
2339 3696 2838 3769 ἐμπεπρησμένων,
2874 3695 2967 3748 καὶ
2993 3694 3182 3756 Θυσίας
3201 3695 3381 3746 οὐκέτι
3417 3712 3717 3764 προσκεκο-

2141 3789 2427 3861 μισμένης,
2461 3787 2628 3858 (ξιοντὸ
2671 3803 2814 3849 τινες
2860 3786 2995 3857 πρὸς
3053 3785 3363 3856 ἀνατροπὴν
3399 3785 3715 3854 οἰχήσεσθαι

2137 3880 2376 3949 παντελῆ
2423 3880 2494 3931 τὰ
2524 3877 2786 3942 Μωσέως,
2833 3880 2927 3931 καὶ
2975 3877 3347 3948 ἀπρακτήσειν
3397 3876 3485 3929 τὸν
3527 3877 3713 3946 νόμον,

2137 3970 2312 4022 καίτοι
2361 3971 2527 4040 μήπω
2578 3969 2843 4040 παρόντος
2873 3967 2964 4020 τοῦ
3005 3967 3218 4037 καιροῦ,
3250 3967 3370 4020 καθ’
3401 3966 3459 4019 δν
3501 3967 3714 4020 ἀναδεί-

2137 4060 2366 4114 κνυσΘαι
2392 4063 2556 4130 ἐχρῆν
2584 4059 3040 4130 ἐνηνορωπηκότα
3061 4060 3151 4112 τὸν
3175 4059 3449 4130 Μονογενῆ
3471 4078 3482 4090 ’
3513 4060 3711 4131 ταύτῃ·

2134 4171 2216 4206 τοι
2249 4151 2380 4214 Θεὸς
2411 4150 2738 4218 ἀναπείθων,
2776 4153 2857 4204 ὅτι
2885 4154 2995 4214 τοῖς
3027 4151 3270 4222 ἀρχαίοις
3293 4151 3469 4204 ἔθεσιν
3496 4152 3712 4205 ὑποκεί-

2138 4260 2288 4296 σεται
2333 4242 2492 4294 πάλιν
2544 4243 2572 4295 6
2601 4242 2836 4316 Ἰσραὴλ,
2873 4243 2966 4294 καὶ
3015 4242 3119 4295 ὑπὸ
3162 4245 3321 4315 χεῖρα
3366 4243 3561 4314 πράξει
3603 4245 3712 4298 τῶν

465 4341 667 4393 turum,
695 4343 816 4382 eum
859 4328 913 4382 in
945 4341 1100 4382 sacro
1128 4325 1427 4380 ministerio
1461 4323 1624 4377 etiam
1696 4322 1902 4375 sanctis
1941 4336 2033 4373 an-

2141 4333 2350 4402 ἱερέων,
2379 4333 2521 4385 καθὰ
2560 4334 2654 4385 κα)⁸
2693 4332 2801 4402 πρὸ
2831 4333 2931 4403 τῆς
2970 4333 3363 4404 αἰχμαλωσίας,
3396 4335 3713 4402 ἀναγκαίως

466 4421 597 4490 gelis
633 4420 1034 4487 adjuvantibus.
1073 4417 1186 4472 Non
1221 4418 1364 4472 enim
1412 4415 1516 4470 dici
1578 4423 1749 4484 potest
1799 4421 2032 4466 veterem

465 4511 634 4580 legem
669 4511 960 4565 virtutibus
987 4508 1414 4576 intelligentibns
1479 4507 1786 4560 destitutam
1836 4505 2033 4558 fuisse.

466 4600 525 4652 Si
565 4600 706 4652 enim
737 4600 925 4669 legalis
956 4599 1042 4653 illa
1078 4598 1186 4667 typi
1217 4608 1270 4652 et
1304 4597 1508 4650 umbras
1552 4604 1737 4661 erant,
1788 4610 1918 4663 ergo
1971 4597 2034 4649 ad

469 4691 559 4745 Dei
588 4692 810 4761 gloriam
847 4690 1264 4759 peragebantur.
1305 4687 1415 4741 l'loc
1456 4689 1648 4757 Opinor
1693 4687 1792 4740 sibi
1852 4687 2032 4742 velle:

473 4802 490 4830 ε
529 4780 674 4834 Dabo
701 4781 794 4833 tibi
825 4779 1278 4834 conversantcsin
1300 4779 1476 4832 medio
1501 4779 1754 4832 stantium
1784 4778 2030 4840 bownm

467 4874 571 4927 ltoc
612 4884 716 4936 est,
769 4872 1152 4941 prepcmodum
1191 4887 1294 4923 una
1355 4871 1723 4924 sacrificantes
1761 4879 1813 4922 et
1861 4870 2036 4924 sacris

466 4959 655 5016 ciliciis
690 4960 844 5014 simul
903 4963 1183 5029 fungentes
1243 4961 1481 5030 angelos.
1547 4959 1824 5028 Perpende
1877 4977 2036 5029 porro

470 5053 738 5121 quomodo
769 5052 965 5119 ubique
991 5065 1143 5103 sacra
1177 5051 1454 5120 Scriptura
1489 5052 1709 5120 angelos
1743 5062 1888 5104 stare
1920 5068 2036 5120 pro-

471 5145 697 5207 muniet,
717 5143 963 5198 stationis
999 5143 1257 5197 vocabulo
1300 5143 1618 5213 signiﬁcans
1651 5159 1746 5199 eos
1806 5145 2032 5213 ignaviae

470 5250 574 5287 non
603 5234 973 5300 succumbere,
1023 5235 1117 5288 sed
1160 5243 1388 5289 mentem
1417 5233 1561 5288 velut
1587 5242 1846 5296 erectam,
1873 5243 1926 5286 et
1951 5233 2032 5285 in-

535 5428 583 5461 "
611 5429 765 5483 Bent.
800 5445 888 5494 xv,
922 5427 1008 5484 l7.
1083 5429 1131 5462 7‘
1160 5429 1392 5500 Philipp.
1427 5444 1499 5493 tv,
1532 5426 1590 5481 9.

2138 4422 2324 4491 φησιν,
2353 4421 2427 4485 ὡς
2475 4423 2522 4474 εί
2555 4422 2764 4491 γένοιτο
2810 4423 3032 4494 γνήσιος
3073 4424 3382 4494 νομοφύλαξ
3422 4427 3450 4478 ὁ
3483 4425 3708 4495 Ἰησοῦς,

2137 4513 2295 4576 αὐτὸς
2332 4513 2491 4567 πάλιν
2538 4514 2802 4583 διακρινεῖ
2833 4516 2924 4567 τὸν
2971 4512 3117 4567 οἷκον
3155 4514 3339 4579 αὐτοῦ,
3365 4499 3467 4568 ’καὶ
3499 4517 3556 4567 ὲν
3587 4515 3712 4586 δόξῃ

2136 4603 2379 4657 κείσεται
2418 4605 2485 4674 τῇ
2532 4603 2763 4676 πρώτῃ,
2816 4604 3371 4676 συλλειτουργούντων
3419 4606 3567 4676 αὐτῷ
3618 4607 3712 4658 καὶ

2145 4695 2314 4763 ἁγίων
2341 4695 2605 4763 ἀγγέλων.
2640 4697 2714 4747 Οὐ
2761 4695 2869 4766 γάρ
2911 4697 3012 4750 πού
3058 4715 3255 4768 φαμεν.
3292 4698 3367 4762 ὡς
3413 4701 3618 4768 ἔρημος
3645 4695 3710 4768 ἦν

2141 4788 2426 4858 δυνάμεων
2452 4787 2684 4855 λογικῶν
2717 4788 2744 4840 6
2778 4788 2942 4842 πάλαι
2973 4789 3154 4860 νόμος.
3186 4791 3248 4843 Εἰ
3284 4793 3392 4861 γὰρ
3437 4792 3530 4843 καὶ
3557 4786 3626 4861 ἦν
3655 4796 3710 4843 ἐν

2141 4877 2330 4940 τύποις
2385 4879 2477 4929 καὶ
2525 4879 2701 4941 σκιαῖς
2735 4878 2801 4931 τὰ
2844 4880 2902 4932 ὲν
2950 4881 3115 4950 νόμῳ,
3151 4878 3380 4936 ἀλλὀὗν
3435 4885 3513 4947 εἰς
3554 4887 3710 4953 δόξαν

2144 4969 2374 5021 ἐτελεῖτο
2405 4967 2560 5022 Θεοῦ.
2589 4969 2757 5023 Τοῦτο
2807 4967 2958 5041 οἶμαι
3007 4972 3196 5041 δηλοῦν
3245 4974 3331 5038 τὸ,
3373 4995 3390 5026 ι
3421 4975 3587 5030 Δώσω
3629 4994 3708 5030 σοι

2141 5058 2646 5128 ἀναστρεφομένους
2676 5061 2731 5111 ἐν
2777 5062 2925 5129 μέσῳ
2956 5061 3064 5112 τῶν
3093 5063 3398 5132 ἑστηκότων
3428 5066 3650 5132 τούτοιν,
3685 5087 3703 5118 ι

2140 5148 2403 5209 τουτέστι,
2434 5150 2713 5218 μονονουχὶ
2741 5151 3213 5221 συνιερατεύοντας
3261 5154 3354 5205 καὶ
3375 5153 3710 5226 συλλειτουρ-

2137 5233 2366 5301 γοῦντας
2411 5235 2691 5302 ἀγγέλους.
2721 5235 2910 5309 Ἀορει
2969 5239 3024 5291 δὲ
3071 5241 3217 5303 ὅπως
3268 5244 3541 5314 πανταχοῦ
3585 5245 3709 5310 τοὺς

1667 5427 1711 5458 ⁷⁵
1745 5426 1906 5481 llebr.
1937 5443 2018 5493 ιιι,
2049 5427 2171 5482 2-6.

538 5608 614 5679 (ll
645 5609 934 5665 COIt‘lCl'lllS
959 5607 1220 5678 (Monum.
1258 5608 1321 5661 Ε.
1356 5605 1419 5661 G.
1451 5607 1664 5680 ll,_646)
1697 5609 1820 5680 legit
1846 5611 2029 5681 σχῆμα

2140 5609 2318 5664 "abitus.
2351 5609 2510 5663 Ευιτ.
