3936 6318
166 411 226 466 ις)
957 406 1506 467 COMMENTARIUS
1549 410 1610 464 IN
1653 409 1777 464 ΖΔΕ

1888 407 1999 462 RIA
2009 405 2056 460 Μ
2095 406 2318 463 ΡΙὶΟΡΙΙ
2328 407 2523 466 ΕΤΑΜ.

3373 407 3444 464 50

174 525 348 592 ἁγίους
381 526 657 596 ἀγγέλους
694 529 911 582 ὲστάναι
956 529 1088 598 φησι
1117 528 1177 581 τὸ
1203 528 1444 598 Γράμμα
1487 528 1548 581 τὸ
1586 527 1754 598 ἱερὸν,

1884 526 2137 579 irmitatis
2167 535 2466 595 expertem,
2508 535 2560 580 et
2594 539 2716 579 cum
2764 522 2872 577 Deo
2910 531 3139 576 stantem
3186 522 3439 576 retinere.

175 617 243 687 τῷ
267 617 364 687 τῆς
411 617 660 682 στάσεως
690 619 911 688 ὀνόματι
942 618 1276 690 καταδηλοῦν
1318 621 1378 672 τὸ
1407 618 1481 690 μὴ
1508 619 1758 683 ὀκλάζειν

173 709 361 770 αὐτοὺς
417 710 498 772 είς
546 707 607 761 τὸ
655 708 915 780 ῥᾴθυμον,
968 708 1080 762 ἀλλ’
1150 704 1261 762 οἷον
1308 710 1472 780 ὀρθὴν
1528 710 1614 763 ἀεὶ¹
1664 709 1757 761 καὶ

172 794 366 866 ἀσθενῆ
413 796 516 850 οὐκ
558 797 891 867 ἀνεχομένην
925 797 1022 868 τὴν
1049 798 1286 852 διάνοιαν
1313 798 1476 869 ἔχειν,
1508 799 1753 854 ὲστῶσάν

169 902 228 939 τε
257 886 397 956 μετά
430 887 587 942 Θεοῦ.
617 888 774 943 Οὕτω
801 889 895 942 καὶ
920 891 977 942 ὲν
996 889 1074 959 τῷ
1096 889 1351 960 Ἰεζεκιὴλ
1375 891 1755 963 γεγραμμένον

172 978 474 1048 εὑρήσομεν
505 979 632 1044 περὶ
660 979 766 1032 τῶν
791 981 1088 1052 Χερουϐἳμ,
1120 982 1199 1034 ὅτι
1235 1000 1252 1032 ι
1282 983 1360 1034 Τὰ
1389 983 1551 1054 σκέλη
1577 982 1756 1037 αὐτῶν

168 1068 318 1139 ὀρθά.
355 1089 375 1122 ι
427 1071 751 1140 Κάμπτεται
798 1073 896 1143 μὲν
942 1074 1072 1145 γὰρ,
1111 1074 1205 1127 καὶ
1246 1074 1366 1128 λίαν
1420 1075 1674 1142 εὐκόλως,
1721 1079 1754 1148 ἡ

168 1157 459 1226 ἀνθρώπου
489 1160 718 1225 διάνοια,
749 1162 842 1214 καὶ
873 1161 1022 1215 ἐστιν
1050 1163 1284 1232 εὐπετὴς
1310 1164 1388 1226 εῐς
1409 1181 1472 1232 γε
1500 1164 1560 1216 τὸ
1581 1164 1756 1218 θέλειν

166 1248 528 1320 ἀῤῥωστῆσαι
559 1252 617 1304 τὸ
649 1252 1159 1323 ρᾁυμον.”Εστηκε
1191 1254 1246 1305 δὲ
1273 1253 1462 1326 ὥσπερ
1488 1255 1596 1308 τῶν
1645 1257 1756 1310 ἀνω

165 1343 500 1410 πνευμάτων
529 1345 560 1413 ἡ
599 1344 728 1410 ἁγία
766 1344 994 1416 πληθύς.
1024 1345 1294 1418 Ταύτῃτοι
1335 1346 1428 1399 καὶ
1457 1346 1594 1417 πρὸς
1621 1347 1758 1401 Σιὼν

165 1428 392 1496 ἐλέγετο
441 1430 595 1501 παρά
618 1431 788 1484 Θεοῦ·
830 1453 846 1483 ι
881 1431 1084 1501 Στῆσον
1115 1432 1367 1504 σεαυτὴν,
1402 1433 1559 1486 Σιών.
1587 1453 1605 1485 ι
1643 1435 1760 1488 Ἀν-

1870 618 1941 671 Ita
1959 628 2011 672 et
2045 619 2096 672 in
2132 617 2411 673 Ezechiele
2431 621 2685 687 scriptum
2710 617 3015 670 itiveuimus
3029 615 3094 670 de
3112 613 3401 667 Cherubim
3426 631 3438 666 :

1871 730 1888 762 ι
1926 710 1990 764 Et
2020 710 2186 781 pedes
2214 715 2414 764 eorum”
2439 711 2571 764 recti
2600 708 2701 762 ".v
2738 705 3012 763 Curvatur
3061 705 3227 768 enim,
3253 715 3304 758 et
3324 703 3443 772 qui-

1859 803 1978 858 dem
2015 803 2290 873 perfacile,
2327 817 2478 857 mens
2512 803 2769 863 humana,
2803 808 2856 854 et
2912 799 3124 868 pigritia
3153 799 3253 852 levi
3281 812 3442 864 nego-

1861 895 1934 946 tio
1960 894 2266 962 corripitur.
2305 893 2673 962 Supernorum
2707 898 2885 944 autem
2921 887 3204 956 Spirituum
3257 892 3443 937 sancta

1865 982 2150 1035 multitudo
2183 989 2290 1035 stat
2316 979 2736 1050 «prodammodo.
2779 976 2959 1042 Quare
2988 982 3043 1029 et
3065 974 3216 1028 Sinni
3238 973 3444 1027 dictum

1861 1085 1938 1130 est
1976 1091 2004 1129 a
2047 1075 2153 1129 Deo
2187 1091 2200 1126 :
2245 1092 2263 1125 ι
2291 1073 2398 1128 Fac
2423 1083 2478 1126 ut
2511 1082 2644 1138 stes,
2687 1069 2873 1125 Sion.»
2900 1064 3066 1122 Oliert
3090 1067 3216 1119 item
3257 1067 3446 1118 beatus

1867 1166 2030 1220 David
2063 1168 2169 1220 Deo
2199 1166 2412 1221 cantica
2466 1165 2763 1234 gratiarum
2801 1161 3029 1225 actqria,
3065 1159 3137 1211 ita
3207 1156 3393 1210 dicens
3427 1170 3444 1207 :

1870 1277 1888 1310 ι
1912 1258 2109 1313 Statuit
2134 1273 2296 1327 supra
2337 1267 2540 1327 petram
2569 1256 2731 1326 pedes
2750 1269 2898 1309 meos
2917 1254 2982 1305 ⁷³⁷.
2999 1272 3017 1304 ι
3048 1250 3253 1317 Quibus
3269 1247 3447 1300 verbis

1866 1350 1954 1404 ille
1984 1350 2174 1419 spiritu
2209 1349 2399 1418 plenus
2424 1347 2854 1402 immobilitatem
2897 1343 3171 1403 animique
3219 1338 3448 1392 lirmitu»

1867 1441 2050 1495 dinem
2087 1445 2377 1512 expressit.

165 1523 334 1576 ετίθει
364 1525 421 1577 δὲ
453 1527 544 1578 καὶ
579 1527 606 1577 ὁ
637 1526 907 1596 μακάριος
931 1524 1095 1577 Δασιδ
1142 1524 1220 1595 τῷ
1241 1525 1361 1594 Θεῷ
1425 1525 1526 1589 τὰς
1589 1531 1979 1600 χαριστηρίους
2005 1533 2170 1603 ᾠδὰς,
2199 1533 2340 1586 οῦτω
2403 1533 2608 1602 λέγων’
2642 1532 2945 1603 «Ἐστησεν
2969 1530 3058 1582 ἐπὶ
3090 1528 3293 1597 πέτραν
3323 1526 3449 1588 τοὺς

166 1614 338 1678 πόδας
375 1631 498 1686 μου.
531 1633 550 1666 ι
587 1615 660 1668 Τὸ
692 1614 798 1685 γὰρ
830 1616 1045 1678 ἀκλινὲς
1075 1618 1132 1670 ὲν
1167 1615 1380 1680 τούτοις
1409 1617 1503 1669 καὶ
1542 1617 1600 1670 τὺ
1641 1622 1890 1690 πεπηγὸς
1956 1624 2055 1695 τῆς
2114 1623 2358 1696 γνώμης,
2427 1622 2504 1694 τῷ
2543 1623 2644 1693 τῆς
2684 1623 2926 1685 στάσεως
2960 1620 3184 1690 ὀνόματι
3212 1616 3447 1686 nataui]-

169 1724 341 1778 μηνεν
373 1709 402 1760 ὁ
432 1709 901 1779 πνευματοφόρος.

243 1799 459 1851 Ἄκουε
489 1797 585 1865 δὴ,
606 1799 830 1864 Ἰησοῦ,
879 1799 1071 1866 ἱερεὺς
1106 1802 1140 1854 ὁ
1177 1799 1384 1870 μέγας,
1421 1801 1503 1857 σὺ
1544 1802 1632 1867 δὲ,
1665 1804 1762 1857 καὶ
1797 1814 1838 1869 Β

167 1890 227 1942 οι
252 1887 528 1954 πλησίον
557 1904 696 1952 σου,
732 1887 827 1940 καὶ
858 1890 910 1940 οἱ
945 1887 1268 1956 καθήμενοι
1290 1890 1404 1956 πρὸ
1438 1889 1767 1956 προσώπου

166 1994 310 2040 σου,
348 1977 500 2030 διότι
538 1977 755 2046 ἄνδρες
802 1981 1234 2046 τερατοσκόποι
1281 1980 1420 2045 είσί,
1451 1981 1600 2036 διότι
1639 1980 1768 2035 ιδοὺ

165 2072 291 2140 ἐγὼ
331 2071 457 2142 ἄγω
498 2071 606 2124 τὸν
652 2071 879 2126 δοῦλόν
899 2090 1040 2141 μου,
1059 2074 1343 2140 Ἀνατολὴ
1373 2074 1558 2144 ὄνομα
1587 2073 1766 2140 αὐτῷ.

166 2168 331 2220 Διότι
367 2170 399 2220 ὁ
442 2168 632 2232 λίθος,
663 2165 735 2219 ὃν
777 2165 1007 2220 δέδωκα
1035 2167 1148 2236 πρὸ
1179 2168 1505 2236 προσώπου
1539 2167 1767 2237 Ἰησοῦ,

165 2259 269 2312 ἐπὶ
299 2259 408 2312 τὸν
435 2260 614 2313 ,1ἰοον
640 2261 746 2310 τὸν
775 2258 902 2322 ἕνα,
936 2257 1085 2312 ἑπτὰ
1113 2261 1409 2329 ὀρθαλμοί
1436 2262 1612 2314 εἰσιν.

245 2352 331 2403 K'.
376 2349 476 2402 Διά
511 2349 617 2403 τῶν
649 2349 850 2420 ἀρτίως
882 2351 1010 2420 ἡμῖν
1043 2350 1346 2421 εἰρημένων
1390 2353 1770 2423 κατεπηγγέλ-

166 2439 303 2504 λετο
332 2441 410 2511 τῷ
439 2441 638 2511 Ἰησοῦ,
674 2442 840 2511 Ιίλγουν
876 2441 1098 2512 μᾶλλον,
1133 2443 1267 2514 ὅπερ
1294 2444 1440 2497 ἐστὶν
1482 2443 1772 2514 ἀληθέστεο

173 2551 292 2604 ρον,
317 2536 383 2602 τῇ
413 2533 554 2585 κατὰ
588 2532 752 2602 νόμον
781 2535 825 2585 is
837 2531 1072 2603 ρωσύνῃ,
1104 2533 1166 2586 τὸ
1192 2534 1488 2606 διακρίνειν
1510 2535 1600 2588 τὸν
1625 2531 1773 2589 οἷκον

173 2624 369 2685 αὑτοῦ,
414 2624 509 2675 καὶ
557 2625 853 2693 κατάρχειν
888 2623 965 2676 ἔτι
994 2625 1148 2690 λαοῦ,
1180 2626 1274 2679 καὶ
1304 2625 1404 2696 τῆς
1431 2626 1574 2680 κατὰ
1611 2628 1774 2699 νόμον

171 2717 434 2784 λατρείας
457 2715 848 2784 ἁποπεραίνειν
877 2716 1000 2778 τοὺς
1024 2715 1454 2787 τύπους.Ἀθρει
1476 2717 1530 2770 δέ
1566 2736 1653 2786 μοι
1677 2717 1774 2789 τὴν

172 2805 513 2875 οἰκονομίαν,
550 2807 644 2858 καὶ
680 2805 786 2858 τῶν
831 2805 987 2857 θείων
1031 2806 1368 2876 διασκέψεων
1397 2807 1457 2860 τὸ
1491 2808 1625 2860 πολὺ
1656 2808 1775 2862 λίαν

177 2895 436 2965 εύτεχνές
461 2911 472 2922 ·
493 2895 751 2963 Ἔμελλε,
778 2896 872 2949 καὶ⁵
897 2897 997 2948 οὐκ
1031 2897 1108 2959 εἰς
1139 2898 1378 2967 μακρὰν,
1416 2897 1776 2969 μετατεθήσε-

181 2987 307 3038 σθαι
356 2986 424 3039 τὰ
475 2987 531 3038 ἐν
579 2986 727 3056 νόμῳ
763 2985 898 3055 πρὸς
927 2986 1186 3056 λατρείαν
1230 2986 1327 3057 τὴν
1374 2987 1655 3058 ἀληθινὴν,
1683 2987 1776 3041 καὶ

177 3077 287 3129 τῶν
335 3076 527 3129 τύπων
579 3077 640 3130 τὸ
681 3076 912 3139 ἀκαλλὲς
969 3076 1483 3148 μεταχαράττεσθαί
1533 3095 1590 3130 τε
1641 3079 1777 3150 πρὸς

1943 1803 2103 1856 Vens.
2134 1801 2275 1855 Audi
2327 1799 2510 1872 ig'itur,
2541 1798 2666 1853 Jesu
2689 1838 2704 1865 ,
2729 1798 2974 1852 sacerdos
3010 1813 3213 1866 magne,
3248 1807 3303 1850 ιιι
3330 1813 3446 1851 vero

1873 1907 1918 1950 et
1958 1895 2186 1966 proximi
2211 1894 2308 1960 tui,
2336 1903 2384 1948 et
2418 1894 2509 1963 qui
2543 1894 2721 1946 sedent
2747 1903 2866 1944 ante
2899 1891 3086 1958 facient
3115 1900 3290 1953 tuam,
3326 1895 3449 1959 quia

1874 1988 1968 2042 viri
1996 1997 2350 2056 portentorum
2379 1994 2692 2054 spectatores
2716 1991 2876 2047 sunt,
2909 1981 3033 2051 quia
3062 1995 3176 2034 ecce
3210 1997 3301 2049 ego
3357 1980 3453 2032 ad-

1873 2079 2007 2130 duco
2037 2093 2237 2130 servum
2271 2092 2462 2139 meum,
2516 2074 2705 2128 Oriens
2745 2089 2931 2126 nomen
2978 2073 3102 2141 ipsi.
3147 2069 3282 2136 Quia
3318 2071 3451 2138 lapis

1872 2169 2022 2240 quem
2051 2169 2170 2222 dedi
2197 2177 2314 2220 ante
2338 2165 2524 2234 faciem
2552 2164 2702 2229 Jesu,
2722 2180 2877 2232 super
2906 2163 3133 2233 lapidem
3153 2178 3340 2226 unum,
3367 2175 3451 2217 se-

1872 2267 2010 2326 ptem
2066 2255 2204 2309 oculi
2235 2262 2378 2310 sunt.

1943 2347 2061 2402 XX.
2101 2346 2273 2417 Supra
2314 2346 2668 2418 pollicebatur
2693 2344 2846 2414 Iesu,
2874 2347 2992 2402 imo
3007 2355 3177 2412 certe,
3203 2345 3454 2400 utdicam

1876 2441 2252 2510 verius,lcgali
2293 2440 2602 2494 sacerdotio
2643 2439 3079 2508 dijudicationem
3109 2439 3304 2492 domus
3322 2452 3456 2501 suae,

1875 2540 1928 2584 et
1969 2531 2328 2599 principatum
2359 2529 2501 2583 ultra
2542 2529 2592 2581 in
2631 2528 2904 2597 populum,
2929 2538 2982 2581 et
3016 2527 3310 2580 finitionem
3377 2537 3458 2596 ty-

1876 2637 2088 2690 porum,
2118 2635 2211 2675 seu
2255 2623 2574 2676 umbrarum
2613 2620 2966 2689 cultusjuxta
3005 2621 3174 2689 legem
3233 2617 3455 2688 recepti.

1879 2713 2132 2782 Expende
2197 2727 2357 2780 porro
2421 2713 2550 2766 mihi
2621 2711 2978 2766 teconomiam
3040 2710 3459 2779 divinorumque

1878 2803 2224 2860 consiliorum
2262 2819 2524 2857 summam
2564 2803 2832 2873 peritiam.
2899 2801 3089 2867 Erant,
3133 2815 3230 2855 nec
3291 2801 3460 2854 multo

1877 2905 2020 2966 post,
2064 2894 2128 2949 ad
2152 2895 2352 2948 cultum
2390 2910 2577 2948 verum
2616 2908 3038 2963 germanumque
3089 2892 3460 2947 transferenda

1879 2987 2086 3056 legalia,
2109 2987 2271 3057 677
2309 2997 2668 3057 typorumque
2725 2986 2929 3040 ruditas
2963 2987 3014 3039 in
3045 2986 3276 3054 speciem
3314 3000 3464 3037 ama-

1881 3078 2002 3133 bilis
2040 3087 2094 3133 et
2123 3078 2418 3147 spiritualis
2449 3078 2645 3147 politiae
2674 3076 3031 3129 immolanda.
3052 3075 3464 3144 Erautabigen-

181 3169 508 3240 ἀξιέραστόν
551 3185 608 3221 τε
645 3172 740 3222 καὶ
785 3167 1159 3240 πνευματικὴν
1205 3171 1775 3240 πολιτείαν.Ἔμελλον

1884 3170 1931 3224 di
1966 3171 2173 3224 avinea
2215 3169 2486 3239 agricolae,
2528 3169 2739 3223 Domini
2803 3165 3202 3234 interfectores,
3231 3176 3286 3222 et
3335 3181 3464 3235 ager

180 3259 579 3312 ἀποσοϐεῖεοαι
643 3259 738 3312 τοῦ
792 3260 1111 3330 ἀμπελῶνος
1161 3260 1209 3311 oi
1260 3263 1781 3333 κυριοκτονήσαντες

184 3353 446 3422 γεωργοὶ,
478 3352 571 3405 καὶ
626 3351 1012 3420 ἐκδοθήσεσθαι
1060 3351 1121 3403 τὸ
1166 3352 1364 3421 χωρίον
1408 3351 1636 3421 ἑτέροις,
1668 3355 1781 3415 τοῖς

187 3443 363 3508 ἁγίοις
412 3440 735 3503 ἀποστόλοις
779 3440 1022 3509 δηλονότι
1084 3441 1178 3493 καὶ
1226 3439 1638 3509 εύαγγελισταῖς
1667 3482 1681 3505 ,
1732 3443 1781 3496 οἳ

187 3533 542 3602 καρποφόρον
577 3532 708 3584 αὐτὸ
767 3532 861 3584 καὶ
903 3531 1128 3594 εὐανθὲς
1169 3532 1488 3601 ἀποφαίνειν
1535 3532 1781 3604 ἔμελλον,

185 3625 287 3690 τῆς
340 3622 812 3694 προύργιαιτάτης
860 3623 1137 3688 ἀξιοῦντες
1186 3622 1483 3693 φροντίδος.
1518 3624 1783 3694 (Ἔμελλε

191 3712 448 3780 βασιλεὺς
486 3712 695 3775 δίκαιος
725 3713 1049 3781 βασιλεύειν,
1079 3715 1173 3767 καὶ
1203 3717 1462 3786 ἄρχοντες
1493 3715 1630 3784 μετὰ
1664 3715 1785 3785 κρίο

192 3820 332 3866 acu);
400 3804 839 3873 ἇρχειν,›κατά
909 3804 1006 3874 τὴν
1069 3806 1162 3858 τοῦ
1228 3807 1510 3877 προφήτου
1578 3808 1781 3876 φωνήν.

195 3894 466 3964 ’Ἐμελλεν
489 3895 675 3964 ἕτερος
703 3895 1025 3948 ἀνίστασθαι
1059 3897 1256 3967 ἱερεὺς,
1275 3897 1334 3947 οὐ
1353 3895 1493 3948 κατὰ
1514 3898 1613 3966 τὴν
1634 3895 1786 3959 τάξιν

205 3986 440 4056 Ἀαρὼν,
476 3985 612 4038 ἀλλὰ
663 4004 680 4036 ι
711 3985 853 4038 κατά
891 3985 989 4057 τὴν
1034 3986 1186 4049 τάξιν
1237 3987 1588 4056 Μελχισεδὲκ,
1624 4006 1642 4038 ι
1677 3986 1786 4041 τῶν

195 4078 373 4144 ἁγίων
401 4078 742 4148 λειτουργὸς,
782 4079 878 4130 καὶ
919 4078 1020 4147 τῆς
1047 4080 1250 4149 σκηνῆς
1276 4079 1374 4150 τῆς
1406 4078 1685 4150 ἀληθινῆς,
1719 4080 1787 4150 ἦν

194 4168 402 4239 ἔπηξεν
438 4168 469 4220 δ
515 4169 738 4239 Κύριος,
772 4168 866 4221 καὶ
908 4170 1008 4222 οὐκ
1063 4169 1367 4239 ἄνθρωπος.
1405 4170 1635 4240 Εἰσῆλθε
1680 4170 1789 4240 γὰρ

192 4264 275 4325 εἰς
308 4261 378 4314 τὰ
408 4262 575 4329 Ἀγια
601 4261 709 4314 τῶν
741 4261 909 4330 ἁγίων
934 4263 962 4313 ὁ
999 4262 1200 4334 Κύριος
1235 4261 1390 4332 ἡμῶν
1417 4261 1625 4332 Ἰησοῦς
1653 4262 1790 4331 Χρι-

193 4352 349 4417 στὸς,
397 4371 415 4403 ι
453 4353 530 4405 υύ
561 4353 628 4405 δι’
663 4354 896 4424 αἵματος
935 4354 1157 4424 τράγων
1195 4356 1291 4406 καὶ
1339 4353 1577 4424 μόσχων,
1605 4351 1693 4406 διὰ
1733 4353 1791 4407 δὲ

192 4443 291 4495 τοῦ
338 4443 472 4495 ἰδίου
504 4443 754 4513 αἵματος,
789 4445 1015 4497 αἰωνίαν
1048 4442 1317 4514 λύτρωσιν
1345 4444 1668 4514 εὑράμενος,
1695 4443 1790 4499 καὶ

1883 3261 2140 3318 locandus
2173 3262 2313 3330 aliis,
2362 3263 2567 3317 sanctis
2615 3260 2876 3331 apostolis
2910 3261 3161 3314 videlicet
3209 3268 3263 3314 et
3301 3274 3465 3313 evan-

1883 3354 2110 3425 gelistis,
2157 3369 2278 3408 eum
2310 3352 2644 3408 l'ructiferum
2679 3361 2732 3406 et.
2781 3351 3223 3407 ﬂorentissimum
3286 3350 3464 3404 utilis-

1885 3444 2018 3498 sima
2046 3443 2404 3499 sollicitudine
2432 3459 2527 3498 sua
2559 3443 2927 3498 reddituris".
2961 3461 2978 3493 ι
3014 3442 3143 3497 Erat
3168 3457 3260 3495 rex
3289 3441 3466 3509 justus

1887 3547 2222 3607 regnaturus,
2252 3545 2304 3591 et
2330 3536 2602 3608 principes
2632 3551 2753 3590 cum
2778 3535 2981 3604 judicio
3013 3533 3460 3604 imperaturi“,s

1887 3627 2180 3683 secundum
2217 3641 2399 3680 vocem
2429 3627 2722 3696 prophetae.
2775 3627 3131 3680 Surrecturus
3174 3631 3296 3677 erat.
3326 3621 3466 3675 alius

1889 3717 2168 3781 sacerdos,
2195 3732 2298 3770 non
2327 3717 2626 3772 secundum
2669 3716 2914 3769 ordinem
2946 3714 3146 3782 Aaron,
3201 3713 3295 3766 sed
3339 3731 3357 3762 ι
3382 3728 3469 3766 se-

1887 3809 2120 3861 cundum
2160 3809 2403 3862 ordinem
2453 3806 2930 3868 Melchisedech”,
2959 3822 2978 3854 ›
3031 3813 3339 3862 sanctorum
3368 3803 3468 3854 uti-

1890 3900 2057 3953 nister
2082 3914 2254 3961 sacer,
2277 3907 2328 3953 et
2354 3896 2684 3953 tabernaculi
2717 3898 2848 3961 veri,
2874 3896 3016 3964 quod
3043 3896 3159 3949 lixit
3186 3893 3466 3958 Dominus,

1877 3973 1995 4045 non
2025 3991 2186 4046 homo
2209 3990 2298 4045 δ”.
2343 3988 2567 4044 Intravit
2615 3989 2759 4043 enim
2807 3989 3003 4043 Sancta
3034 3998 3344 4043 sanctorum
3374 3985 3472 4040 Do-

1891 4087 2068 4138 minus
2101 4093 2286 4138 uoster
2310 4081 2470 4138 Jesus
2495 4081 2746 4137 Christus
2773 4099 2841 4142 ιι
2874 4080 2990 4135 Non
3017 4096 3111 4150 per
3153 4080 3470 4146 sanguinem

1891 4171 2164 4225 hircorum
2183 4182 2235 4226 et
2252 4170 2564 4235 vitulorum,
2581 4169 2682 4235 sed
2703 4185 2796 4240 per
2825 4169 3099 4240 proprium
3130 4167 3473 4238 sanguinem,

1890 4274 2092 4322 aeterna
2135 4263 2502 4333 redemptione
2526 4263 2764 4327 inventa,
2797 4271 2850 4315 et
2877 4275 2979 4316 una
3014 4260 3287 4318 oblatione
3335 4271 3471 4313 cou-

1892 4353 2177 4410 summatis
2196 4354 2245 4407 iu
2268 4364 2584 4424 perpetuum
2614 4353 2910 4408 secundum
2936 4350 3323 4408 conscientiam
3347 4364 3474 4404 sau-

1895 4447 2146 4502 ctitlcatis
2167 4446 2264 4501 ⁸³.»
2293 4445 2370 4501 Ne
2406 4446 2566 4516 igitur
2594 4444 2724 4500 falsa
2757 4453 2808 4500 et
2844 4444 3024 4498 inania
3051 4444 3262 4500 locutus
3287 4443 3472 4497 videa-

194 4535 302 4604 μιᾷ
337 4535 629 4604 προσφορᾷ
655 4533 946 4597 τελειώσας
982 4535 1060 4598 εἰς
1092 4535 1152 4586 τὸ
1197 4534 1463 4605 διηνεκὲς,
1500 4533 1640 4588 κατὰ
1666 4551 1777 4587 συν·

1897 4545 1984 4592 tur
2013 4537 2174 4603 Deus,
2205 4538 2359 4609 legali
2382 4515 2685 4594 sacerdotio
2721 4535 3012 4607 pollicitus,
3055 4536 3229 4605 ipsum
3259 4548 3474 4604 semper

195 4624 414 4690 είδησιν
451 4624 578 4686 τοὺς
612 4622 1027 4693 ἁγιαζομένους.
1059 4644 1077 4676 ι
1106 4624 1226 4676 Ἵνα
1260 4623 1438 4677 τοίνυν
1475 4623 1550 4695 μὴ
1592 4623 1788 4693 ψευδο-

194 4716 341 4780 επὴς
369 4727 428 4762 τε
465 4711 560 4762 καὶ
599 4711 948 4781 εἰκαιόμυθος
982 4711 1342 4781 ἀναφαίνηται
1382 4711 1535 4775 Θεὸς,
1572 4711 1659 4764 ἀεὶ
1698 4712 1791 4764 καὶ

193 4804 474 4874 διηνεκῶς
525 4808 590 4876 τῇ
636 4804 780 4857 κατά
832 4804 995 4873 νόμον
1047 4801 1324 4877 ἱερωσύνῃ,
1361 4801 1792 4871 ὑπισχνούμενος

196 4898 543 4966 ὲποπτήσειν
602 4915 662 4949 τε
714 4897 806 4949 καὶ
852 4895 1148 4964 διακρίνειν
1181 4894 1271 4946 τὸν
1303 4890 1448 4948 οἷκον
1479 4895 1664 4958 αὐτοῦ,
1699 4895 1794 4947 ἀν-

197 4986 444 5053 αγκαίαν
484 4989 722 5038 ποιεῖται
766 4987 860 5038 τοῦ
913 4986 1054 5039 κατὰ
1086 4985 1322 5057 Χριστὸν
1365 4985 1665 5056 μυστηρίου
1692 4986 1793 5054 τὴν

196 5080 629 5149 προαγόρευσιν,
677 5077 977 5148 ἐμφαίνων,
1017 5079 1097 5130 ὅτι
1149 5077 1436 5148 καταλήξει
1469 5079 1566 5147 μὲν
1615 5077 1685 5130 τὰ
1736 5078 1793 5128 ἐν

197 5168 380 5238 νόμῳ,
417 5169 686 5239 διακρινεῖ
735 5168 793 5220 δὲ
843 5169 1002 5233 αὐτὸς
1049 5167 1139 5220 τὸν
1193 5167 1322 5220 ῑδιον
1377 5163 1524 5220 οἶκον
1564 5167 1651 5221 διὰ
1696 5169 1790 5222 τοῦ

201 5259 339 5311 ἰδίου
375 5264 730 5330 γεννήματος,
765 5259 1032 5325 τουτέστι,
1064 5259 1155 5312 τοῦ
1187 5258 1338 5313 Υίοῦ.
1375 5260 1640 5330 Ταύτῃτοι
1695 5278 1792 5330 μο-

195 5353 424 5420 νονουχὶ
449 5355 544 5406 καὶ
570 5352 1000 5424 διαμαρτύρεται
1038 5354 1199 5406 αὐτόν
1232 5369 1290 5405 τε
1319 5353 1410 5404 τὸν
1435 5352 1666 5422 Ἰησοῦν,
1695 5352 1791 5406 καὶ

194 5447 329 5506 τοὺς
370 5444 599 5514 πλησίον
630 5445 816 5506 αὑτοῦ,
844 5447 936 5496 καὶ
965 5445 1088 5507 τοὺς
1125 5443 1467 5514 καθημένους
1494 5444 1599 5513 πρὸ
1622 5461 1791 5514 προσ-

193 5534 356 5587 ώπου
401 5533 584 5598 αὑτοῦ,
622 5535 710 5588 ἵνα
750 5536 978 5598 Λευῖτας
1011 5535 1221 5604 νοῶμεν
1268 5536 1361 5588 καὶ¹
1397 5533 1596 5604 ἱερέας.
1634 5536 1789 5586 Λειτ-

267 5733 319 5761 ⁷⁶
357 5731 560 5784 Erech.
594 5751 630 5794 ι,
667 5735 717 5786 7.
795 5735 836 5764 ⁷⁷
873 5733 1012 5787 ΡτλιιΙ.
1052 5751 1237 5800 xxxax,
1272 5735 1324 5789 5.

194 5819 325 5871 tm,
364 5801 426 5853 2.
495 5803 536 5832 '”
583 5802 748 5860 llchr.
789 5805 999 5872 ικ,12;
1032 5821 1082 5872 χ,
1117 5805 1195 5859 14.
1273 5807 1318 5837 ⁸⁸
1341 5803 1501 5861 Num.
1541 5821 1650 5876 xvi,
1685 5808 1738 5860 ‘2.

1400 5737 1445 5767 ⁷³
1475 5733 1661 5789 Matth.
1691 5750 1801 5802 xxt,
1835 5737 2021 5796 55—59.

1897 4629 2143 4697 atquein
2177 4638 2496 4698 perpetuum
2524 4627 2750 4683 domum
2797 4641 2951 4684 suam
3008 4626 3376 4695 iuspecturum
3418 4629 3475 4677 et

1892 4717 2280 4786 judicaturum,
2315 4719 2624 4790 mysterium
2642 4717 2843 4774 Christi
2874 4719 3235 4788 praenuntiam
3266 4715 3472 4774 debuit.

1897 4819 1950 4862 et
1974 4809 2258 4865 ostendere
2287 4809 2526 4865 desitura
2557 4810 2776 4880 quidem
2811 4810 3022 4880 legalia,
3056 4824 3115 4865 se
3137 4819 3316 4864 autem
3336 4807 3478 4877 diju-

1897 4902 2202 4958 dicaturum
2241 4901 2461 4957 domum
2500 4917 2655 4958 suam
2690 4918 2786 4974 per
2812 4903 3051 4974 genitqu
3080 4917 3146 4956 ex
3175 4917 3317 4966 sese,
3374 4901 3479 4956 hoc

1895 5003 1980 5048 est
2013 4992 2234 5048 Filium.
2287 4993 2651 5063 Quamobrem
2684 4996 3070 5066 propemodum
3107 4995 3269 5048 etiam
3295 5002 3480 5046 conte—

1895 5095 2070 5138 statur
2095 5095 2148 5139 et
2179 5087 2352 5156 ipsqu
2398 5086 2612 5151 Jesum,
2642 5096 2696 5141 et
2733 5087 3006 5156 proximos
3040 5085 3176 5154 ejus,
3207 5093 3261 5136 ct
3287 5083 3482 5137 seden-

1898 5181 1975 5228 les
1996 5186 2118 5228 ante
2144 5174 2332 5244 faciem
2355 5175 2494 5246 ejus,
2519 5185 2644 5244 puta
2670 5173 2884 5232 Levitas
2899 5186 2949 5230 et
2979 5174 3305 5230 sacerdotes.
3336 5169 3482 5228 Ordo

1893 5267 2033 5318 enim
2055 5265 2323 5321 Leviticus
2346 5282 2559 5322 summo
2576 5266 2844 5321 sacerdoti
2865 5267 3174 5325 ministrans
3225 5267 3436 5321 astabat.
3463 5286 3479 5322 :

1894 5357 2325 5410 senioresmuem
2355 5357 2875 5422 sacerdotes,,utillis
2902 5355 3203 5423 superiores
3233 5366 3286 5412 et
3311 5372 3492 5410 sacra-
3524 5417 3528 5420 I

1893 5445 2238 5514 tiores,juxta
2282 5447 2473 5516 legem,
2497 5446 2706 5500 concilii
2743 5458 2955 5519 quoque
2991 5445 3192 5499 honore
3223 5447 3490 5500 condeco-

1895 5537 1996 5589 rati
2045 5546 2163 5590 sunt
2197 5539 2261 5590 3".
2312 5539 2690 5592 Porteutoruut
2753 5554 2914 5608 porro
2971 5547 3304 5610 spectatores
3365 5536 3482 5595 illos

2102 5741 2148 5773 ⁷³
2188 5740 2294 5797 lsa.
2333 5759 2499 5808 xxxii,
2533 5743 2576 5796 ἰ.
2690 5746 2735 5774 ⁸⁰
2770 5743 2910 5800 Psal.
2938 5759 3044 5808 cur,
3091 5743 3132 5794 i.
3223 5739 3288 5772 ⁸⁸⁸
3323 5737 3478 5794 llcln‘.
