3936 6318
1534 367 1593 423 S.
1634 364 1913 421 CiRILLI
1952 362 2419 417 ALEXANDRINI
2461 363 2778 419 ARCHIEI’.

3690 363 3761 421 5‘2

503 484 757 555 appellat,
782 484 883 539 hoc
920 493 1022 552 est,
1066 495 1279 551 semper
1306 490 1615 552 quaerentes
1651 482 1804 553 signa
1856 482 2069 547 videre,

2174 479 2404 550 ουργοῦν
2463 480 2559 551 μὲν
2600 481 2708 551 γάρ
2746 480 2821 551 τῷ
2859 482 3104 551 ἀρχιερεῖ
3141 481 3339 551 ἕστηκε
3368 480 3427 547 τὺ
3460 482 3647 553 τάγμα
3700 484 3761 537 τὸ

501 579 868 647 prodigiorum
921 576 1167 645 cupidos.
1204 572 1397 629 Nescio
1424 576 1567 629 enim
1622 573 1892 644 quomodo
1947 588 2078 645 gens

498 663 682 721 Iudaea
701 666 767 719 ad
786 666 900 722 haec
923 673 1115 719 natura
1145 661 1335 717 fertur.
1353 662 1539 732 Itaque
1576 678 1697 717 cum
1723 662 1969 718 Christus
1995 662 2075 715 fe-

499 759 660 813 cisset
692 755 846 825 quasi
870 754 1134 825 ﬂagellum
1166 754 1232 809 de
1264 753 1533 816 funiculis,
1564 766 1862 822 omnesque
1893 765 1922 804 e
1942 758 2099 805 tem-'

498 854 585 924 plu
612 852 883 922 eiecisset,
919 851 1253 918 dixissetque
1287 869 1301 906 :
1330 868 1349 900 ι
1399 847 1623 903 Auferte
1682 849 1784 903 ista
1831 847 1979 912 hinc,
2022 855 2076 900 et

496 942 665 998 nolite
690 941 868 996 facere
894 940 1109 997 domum
1139 938 1313 992 Patris
1348 938 1473 1003 mei,
1506 940 1723 991 domum
1754 936 2074 1007 negotiatio-

496 1034 601 1100 nis,
645 1052 666 1087 ι
704 1039 1075 1096 accesserunt,
1100 1038 1155 1085 et
1181 1029 1511 1099 qutesierunt
1552 1047 1565 1081 :
1600 1046 1617 1079 ι
1654 1028 1807 1092 Quod
1861 1029 2073 1095 signum

494 1124 736 1182 ostendis
765 1125 891 1195 quia
930 1124 1046 1179 haec
1103 1120 1281 1188 facis?
1326 1130 1378 1174 et
1432 1121 1552 1190 quis
1605 1119 1751 1174 dedit
1789 1119 1879 1172 tibi
1938 1118 2075 1173 hanc

496 1225 816 1285 potestatem
856 1216 949 1270 ea?
985 1233 1003 1268 ι
1047 1215 1414 1271 Accesserunt
1463 1223 1519 1267 et
1545 1212 1659 1279 alii,
1690 1228 1810 1266 cum
1852 1211 1953 1265 hac
1993 1226 2077 1278 pe-
2109 1283 2143 1298 Ἰ

498 1306 685 1361 titione
709 1325 723 1361 :
765 1324 783 1358 ι
820 1304 1091 1375 Magister,
1118 1304 1367 1358 volumus
1384 1312 1488 1361 ate
1515 1304 1726 1372 signum
1757 1302 1942 1355 videre
1968 1301 2032 1353 ⁸⁸.
2053 1320 2070 1350 ι

496 1394 724 1463 Idcirco,
745 1398 1023 1466 quoniam,
1051 1395 1246 1464 inquit,
1272 1393 1372 1446 viri
1413 1401 1539 1446 sunt
1563 1399 1954 1463 portentorum,
1977 1406 2070 1444 seu

498 1486 880 1543 miraculorum
909 1485 1274 1556 speculatores
1294 1523 1307 1547 ,
1345 1482 1556 1537 discant
1586 1490 1760 1536 tecum
1786 1490 1840 1536 et
1866 1481 2069 1547 fultura,

496 1580 772 1648 signorum
804 1592 922 1647 qua:
950 1585 1140 1646 petunt
1171 1581 1595 1645 perpetratorem
1623 1588 1838 1642 semper
1880 1580 2072 1640 poten-

496 1666 787 1722 tissimum.
821 1666 1079 1731 Quisnam
1126 1673 1304 1717 autem
1337 1661 1467 1717 hic?
1506 1679 1525 1713 ι
1560 1660 1701 1717 Ecce
1731 1676 1831 1730 ego
1861 1662 2071 1717 adduco

493 1767 708 1809 servum
747 1769 946 1819 meum,
980 1752 1173 1809 Oriens
1196 1767 1390 1807 nomen
1422 1754 1559 1821 ejus.
1585 1772 1603 1804 ι
1628 1754 1766 1807 Deus
1797 1753 1960 1823 igitur
1992 1767 2071 1806 se-

2180 571 2464 624 Λευῖτικόν
2486 587 2497 600 ·
2533 573 2579 624 οἱ
2609 571 2666 624 δέ
2694 586 2755 640 γε
2786 571 3146 644 πρεσϐύτεροι
3178 574 3367 642 ἱερεῖς,
3423 573 3497 637 ὡς
3538 574 3763 627 ἐκείνων

2178 663 2435 733 ἀμείνους
2471 663 2571 729 ἔτι,
2600 664 2694 718 xui
2735 664 3009 736 ἱερώτεροι
3043 662 3183 718 κατὰ
3226 664 3315 718 τὸν
3345 664 3529 735 νόμον,
3560 667 3654 719 xui
3691 669 3758 738 τῇ

2180 755 2432 826 συνεδρίᾳ
2474 756 2783 827 τετίμηντο.
2829 756 3281 827 Τερατοσκόπους
3310 773 3373 825 γε
3424 755 3529 827 μὴν
3565 757 3762 817 αὐτοὺς

2178 846 2453 916 ὀνομάζει,
2502 848 2797 911 τουτέστιν,
2855 848 2941 903 ἀεὶ
2993 850 3195 919 σημεῖα
3251 846 3547 919 ζητοῦντας
3604 851 3757 918 ὀρᾷν,

2178 937 2286 991 τῶν
2309 938 2549 1007 τεράτων
2577 939 2917 1008 ἐφιεμένους.
2944 938 3106 991 Φύσει
3135 937 3245 1009 γάρ
3269 954 3387 1001 πως
3410 937 3497 991 ἀεὶ
3518 936 3759 989 τοιοῦτόν

2152 1028 2291 1080 ἐστι
2319 1028 2380 1081 τὸ
2418 1028 2527 1082 τῶν
2549 1027 2821 1099 Ἰουδαίων
2851 1028 3020 1091 ἔθνος.
3052 1029 3163 1081 Kui
3194 1028 3344 1097 γοῦν,
3370 1027 3456 1080 ὅτε
3478 1026 3506 1079 6
3526 1029 3760 1098 Χριστὸς

2176 1121 2404 1191 ποιήσας
2438 1120 2570 1172 ὡσεὶ
2617 1120 2939 1191 φραγέλλιον
2991 1122 3053 1173 ὲκ
3104 1120 3377 1190 σχοινίων,
3426 1119 3633 1182 πάντας
3667 1117 3759 1183 ἐξ-

2174 1212 2364 1264 έϐαλεν
2410 1213 2473 1265 ἐκ
2520 1211 2612 1265 τοῦ
2649 1211 2814 1282 ἱεροῦ,
2845 1212 3020 1280 λέγων
3044 1253 3057 1275 ,
3102 1214 3197 1263 «Ἀ
3213 1228 3339 1282 ρατε
3367 1211 3540 1263 ταῦτα
3569 1209 3754 1263 ἐντεῦ-

2174 1304 2283 1367 θεν,
2323 1304 2417 1357 xui
2450 1303 2525 1374 μὴ
2556 1307 2756 1356 ποιεῖτε
2790 1303 2879 1356 τδν
2903 1299 3049 1355 οἶκον
3080 1302 3171 1356 τοῦ
3210 1302 3421 1374 Πατρός
3448 1319 3575 1371 μου,
3604 1296 3754 1354 οἶκον

2173 1395 2460 1466 ἐμπορίου,
2495 1413 2512 1447 ι
2553 1387 2862 1465 προσῄεσαν
2895 1394 3145 1462 λέγοντες
3166 1411 3181 1426 ο
3242 1413 3259 1445 ι
3290 1394 3354 1445 Τί
3382 1395 3604 1463 σημεῖον
3649 1393 3758 1445 δει-

2172 1484 2372 1549 κνύεις,
2403 1486 2485 1537 ὅτι
2516 1484 2692 1538 ταῦτα
2741 1486 2940 1551 ποιεῖς;
2980 1484 3073 1538 xui
3103 1483 3185 1546 τίς
3231 1483 3398 1536 ἔδωκέ
3428 1501 3509 1536 σοι
3544 1483 3645 1559 τὴν
3670 1482 3755 1547 ἐξ-

2170 1576 2358 1629 ουσίαν
2389 1574 2623 1646 ταύτην;
2658 1593 2676 1626 ι
2722 1575 3040 1646 Εὑρήσομεν
3077 1574 3134 1627 δὲ
3174 1575 3267 1627 xui
3320 1574 3539 1644 ἐτέρους
3583 1591 3755 1645 προσ-

2174 1670 2368 1733 ιόντας,
2418 1667 2513 1720 xui
2556 1666 2815 1735 λέγοντας
2863 1665 3046 1736 αὐτῷ’
3103 1684 3121 1717 ‹
3154 1665 3475 1731 Διδάσκαλε,
3528 1664 3755 1735 θέλομεν

2174 1758 2281 1811 άπὸ
2317 1757 2410 1812 σοῦ
2447 1760 2671 1829 σημεῖον
2706 1758 2854 1813 ἰδεῖν.
2887 1775 2908 1811 ι
2941 1757 3152 1812 Οὐκοῦν
3200 1758 3515 1829 ἐπειδήπερ,
3568 1757 3754 1826 φησιν,

493 1846 724 1900 cundum
750 1816 995 1899 naturam
1013 1853 1067 1900 et
1086 1859 1151 1899 ex
1170 1842 1278 1897 Deo
1296 1816 1717 1913 Patre'apparuit
1733 1816 2071 1912 Unigenitus,

2176 1851 2366 1921 ἄνδρες
2395 1816 2941 1921 εἰσὶιτερατοσκόποι,
2980 1816 3399 1920 μανθανέτωσαν
3433 1816 3547 1919 ἅμα
3579 1816 3661 1901 σοι
3688 1816 3759 1903 τά

493 1935 787 1991 secundum
827 1935 930 1991 hoc
973 1934 1127 1990 liber.
1179 1936 1347 2007 678
1386 1934 1745 1990 Nihilominus
1782 1934 2072 1989 exinauivit

2176 1940 2429 2011 ἐσόμενα,
2464 1942 2557 1995 xui
2586 1941 2828 2012 σημείων
2858 1933 2933 1995 ὧν
2962 1939 3207 1995 αἰτοῦσιν
3232 1940 3319 1994 usi
3360 1939 3452 1993 τὸν
3489 1939 3760 1993 παναλκέ-

492 2025 864 2096 semetipsum,
888 2028 1179 2082 secundum
1207 2026 1596 2098 Scripturas",
1627 2028 1914 2082 demittens
1937 2041 1995 2080 se
2019 2026 2072 2081 in

2177 2044 2372 2082 στατον
2404 2030 2795 2101 ἀποτελεστήν.
2830 2032 2940 2084 Καὶ
2989 2031 3072 2095 τίς
3119 2030 3182 2102 δὴ
3231 2026 3324 2085 οῦν
3372 2023 3526 2097 οῦτός
3565 2034 3755 2097 ἐστιν;

498 2118 552 2179 id
581 2118 726 2189 quod
775 2135 880 2175 non
905 2128 1042 2185 erat,
1068 2130 1121 2175 et
1150 2119 1451 2190 appellatus
1476 2134 1662 2175 servus
1702 2129 1923 2188 propter
1980 2133 2076 2171 na-

494 2219 669 2265 turam
702 2210 1017 2277 humanam,
1052 2212 1297 2282 quamvis
1337 2212 1576 2266 omnium
1603 2210 1859 2264 Dominus
1907 2221 2070 2275 esset,

497 2308 753 2372 tanquam
794 2301 959 2358 Deus.
992 2302 1097 2358 Sed
1118 2302 1258 2357 idem
1280 2311 1335 2357 et
1358 2301 1552 2358 Oriens
1580 2310 1717 2365 erat,
1747 2300 1798 2355 id
1837 2309 1953 2365 est,
1981 2300 2072 2355 Sol

490 2393 716 2460 iustitia:
731 2396 799 2448 ⁸⁸.
824 2393 1059 2450 Exortus
1088 2404 1171 2450 est
1200 2394 1434 2457 enim,et
1462 2393 1783 2448 illuminavit
1813 2407 1911 2447 nos
1929 2392 2073 2447 velut

489 2488 546 2539 in
579 2484 819 2540 tenebris
845 2486 1098 2555 degentes
1130 2485 1199 2551 ⁸⁷,
1227 2495 1282 2540 et
1315 2492 1523 2539 tantum
1566 2500 1674 2539 non
1717 2484 1880 2539 etiam
1951 2491 2072 2537 tan-

491 2589 652 2644 quam
683 2585 841 2630 nocte
878 2584 932 2631 et
971 2585 1195 2631 veterno
1224 2575 1448 2629 obrutos
1495 2574 1783 2628 mundanis
1821 2574 2069 2640 volupta-

493 2665 980 2736 tibus,mentisque
1009 2665 1224 2720 oculum
1253 2663 1491 2719 tenebris
1520 2661 1746 2717 elIusum
1785 2664 2065 2725 habentes,

489 2757 748 2813 excitavit
784 2756 851 2810 ad
892 2755 1228 2825 vigiliam,et
1252 2754 1424 2823 gratia
1455 2769 1550 2807 sua
1601 2767 1700 2808 nos
1755 2753 2065 2808 illustravit.

488 2841 630 2895 Ilinc
667 2850 723 2896 et
747 2841 962 2910 sapiens
996 2840 1193 2894 Paulus
1229 2840 1383 2894 nobis
1415 2843 1704 2911 praecepit,
1761 2842 1862 2895 hoc
1895 2842 2065 2908 ipsum

489 2928 838 2999 signiﬁcans:
878 2946 896 2980 ι
939 2926 1053 2982 Nox
1083 2927 1377 2997 praecessit,
1407 2927 1522 2981 dies
1562 2937 1737 2980 autem
1780 2927 2066 2995 appropin-

488 3020 695 3089 quavit.
736 3018 1068 3087 Abjiciamus
1134 3033 1262 3087 ergo
1292 3032 1451 3087 opera
1495 3016 1863 3079 tenebrarum,
1901 3023 1954 3069 et
1986 3015 2067 3067 in-

2180 2136 2198 2167 ι
2222 2118 2350 2171 Ἰδοὺ
2378 2118 2488 2186 ἐγὼ
2522 2119 2640 2188 ἄγω
2670 2120 2757 2172 τὸν
2784 2120 2967 2173 δοῦλόν
3003 2121 3402 2192 μου,Ἀνατολὴ
3447 2122 3616 2192 ὄνομα
3657 2123 3757 2174 αύ-

2170 2209 2270 2280 τῷ.
2305 2229 2323 2263 ι
2362 2210 2493 2274 Θεὸς
2549 2210 2649 2280 μὲν
2675 2208 2767 2265 οὖν
2796 2211 2938 2265 κατὰ
2968 2210 3131 2280 φύσιν
3174 2211 3268 2264 xui
3290 2212 3353 2264 ἐκ
3383 2209 3518 2263 Θεοῦ
3542 2211 3759 2280 [lu-:96;

2173 2302 2410 2372 πέφηνεν
2442 2302 2471 2353 6
2503 2302 2833 2373 Μονογενὴς,
2865 2304 2960 2355 xui
3000 2303 3075 2366 ῶς
3105 2302 3262 2355 τοῦτο
3289 2302 3571 2372 ὑπάρχων,
3602 2300 3758 2353 ἐλεύ-

2172 2392 2528 2464 θερος.“Αλλά
2580 2392 2886 2447 κεκένωκεν
2937 2393 3148 2458 ἑαυτὸν,
3178 2392 3323 2446 κατὰ
3363 2394 3462 2456 τὰς
3510 2391 3758 2464 Γραφάς,

2170 2484 2383 2548 καθιεὶς
2432 2486 2512 2547 εἰς
2556 2485 2693 2555 ὅπερ
2747 2484 2848 2538 οὐκ
2895 2480 2984 2555 ἦν,
3014 2485 3106 2537 xui
3138 2484 3513 2555 κεχρημάτικε
3547 2483 3757 2549 δοῦλος,

2169 2577 2258 2629 διὰ
2287 2576 2348 2628 τὸ
2382 2575 2742 2646 ἀνθρώπινον,
2776 2575 2953 2629 καίτοι
2984 2575 3187 2646 Κύριος
3217 2562 3435 2629 πάντων
3471 2575 3758 2646 ὑπάρχων,

2168 2664 2243 2728 ὡς
2284 2664 2435 2728 Θεός.
2454 2665 2596 2718 Ἀλλ’
2626 2661 2696 2736 ἧν
2741 2666 2835 2718 xui
2881 2661 3035 2729 οὗτος
3062 2663 3336 2735 Ἀνατολὴ,
3376 2665 3645 2727 τουτέστι,
3680 2665 3761 2717 δι-

2169 2757 2462 2827 καιοσύνης
2490 2756 2699 2820 ⁸Ηλιος.
2730 2756 2948 2826 Ἀνέσχε
2994 2756 3103 2827 γὰρ
3158 2759 3252 2810 xui
3290 2756 3604 2826 ἐπέλαμψεν
3637 2751 3760 2810 οἷά-

2169 2862 2276 2917 περ
2323 2847 2382 2898 ἐν
2435 2846 2616 2898 σκότει
2668 2844 3000 2898 διατελοῦσιν
3028 2847 3182 2915 ἡμῖν,
3223 2844 3382 2915 μόνον
3414 2846 3470 2898 δὲ
3502 2846 3623 2915 οὐχ)⁸
3660 2846 3762 2898 xui

2168 2935 2243 2998 ὡς
2270 2937 2325 2987 ἐν
2353 2936 2509 2989 νυκτὶ
2566 2936 2657 2988 xui
2688 2933 2839 3005 ὕπνῳ
2870 2934 3288 3005 κεκαρωμένους
3318 2936 3434 2996 ταῖς
3463 2935 3763 3003 κοσμικαῖς

2168 3026 2405 3096 ἡδοναῖς,
2440 3027 2534 3079 xui
2581 3026 2680 3096 τῆς
2713 3025 2952 3089 διανοίας
2994 3026 3086 3078 τὸν
3121 3025 3396 3096 ὀφθαλμὸν
3440 3042 3763 3078 κατεσκοτι-

489 3112 721 3165 duamur
746 3125 900 3164 arma
936 3110 1093 3174 lucis,
1144 3109 1286 3162 sicut
1311 3107 1363 3161 in
1394 3107 1482 3162 die
1541 3108 1768 3161 honeste
1828 3105 2066 3159 ambule-

2176 3117 2425 3187 σμένους,
2460 3117 2651 3187 ἧγειρέ
2697 3133 2757 3169 τε
2791 3116 2928 3187 πρὸς
2954 3115 3135 3186 νῆψιν,
3176 3117 3270 3169 xui
3321 3116 3605 3187 λαμπροὺς
3648 3117 3762 3168 άπ-

490 3199 728 3254 ιιιιιε⁸⁸δ
755 3199 821 3253 Et
854 3202 1045 3254 iterum
1072 3217 1086 3253 :
1127 3217 1144 3250 ι
1186 3198 1378 3267 Surge,
1408 3198 1496 3267 qui
1528 3198 1749 3262 dormis,
1775 3207 2072 3268 etexsurge

2174 3209 2341 3278 έφηνε
2371 3211 2436 3279 τῇ
2468 3210 2598 3279 παρ’
2627 3206 2822 3261 ἑαυτοῦ
2848 3209 3049 3280 χάριτι.
3086 3206 3372 3277 Τοιγάρτοι
3417 3206 3508 3259 xui.
3538 3206 3565 3257 6
3593 3204 3762 3274 σοφὸς

489 3308 519 3345 a
550 3294 795 3359 mortuis,
819 3305 871 3348 et
901 3294 1226 3349 illuminabit
1249 3303 1300 3349 te
1322 3292 1575 3350 Christus
1604 3293 1675 3347 ⁸³.
1715 3312 1734 3345 ›
1759 3293 2072 3363 Promulgat

2172 3300 2303 3370 ἡμῖν
2325 3299 2629 3353 ἐπιστέλλει
2660 3300 2889 3363 Παῦλος,
2915 3300 3045 3353 αὐτὸ
3073 3298 3135 3369 δὴ
3163 3298 3322 3351 τοῦτο
3351 3296 3721 3367 καταμηνύων
3742 3312 3757 3327 ο

491 3384 654 3454 igitur
676 3394 801 3438 ante
850 3384 1079 3454 insignia
1128 3384 1268 3439 facta
1329 3385 1625 3440 Salvatoris
1694 3384 1887 3450 nostri,
1943 3400 2065 3453 quze

2180 3408 2197 3440 ι
2222 3390 2283 3441 'H
2309 3388 2403 3455 νὺξ
2426 3389 2748 3461 προέκοψεν,
2780 3392 2813 3461 ἡ
2834 3390 2890 3442 δὲ
2913 3390 3095 3461 ἡμέρα
3125 3391 3375 3460 ἤγγισεν.
3393 3384 3762 3459 Ἀποθώμεθα

491 3490 729 3541 ντωεεηε
780 3476 1026 3531 editurus
1071 3486 1174 3532 est.
1208 3475 1457 3531 Nominat
1524 3491 1765 3541 servum,
1806 3476 2063 3545 quoniam

2172 3476 2263 3535 οῦν
2296 3482 2362 3535 τὰ
2400 3483 2535 3552 ἔργα
2573 3482 2668 3535 τοῦ
2709 3484 2954 3549 σκότους,
2984 3484 3079 3536 xui
3122 3481 3468 3552 ἐνδυσώμεθα
3503 3483 3571 3535 τὰ
3618 3483 3761 3552 ἔργα

490 3567 547 3621 in
585 3566 727 3622 servi
768 3566 938 3622 forma
976 3568 1485 3635 venit;Orientem,
1517 3568 1641 3637 quia
1681 3567 1859 3621 lumen
1886 3581 2070 3621 verum

2172 3570 2262 3623 τοῦ
2304 3571 2502 3639 φωτὸς,
2530 3571 2605 3635 ὡς
2650 3572 2709 3624 ἐν
2751 3571 2935 3643 ἡμέρα
2968 3571 3319 3642 εὐσχημόνως
3367 3574 3763 3642 περιπατήσω-

492 3667 595 3725 est,
628 3659 770 3714 idem
826 3668 881 3714 et
910 3661 1048 3726 dies,
1077 3669 1132 3715 et
1157 3660 1335 3715 clarus
1367 3659 1557 3714 lucifer
1585 3659 1637 3712 in
1676 3658 1945 3712 mentibus
1974 3672 2069 3712 ex-

2174 3680 2291 3733 μεν.
2330 3681 2349 3714 ι
2386 3664 2493 3716 Kui
2527 3663 2709 3716 πάλιν·
2740 3665 3016 3735 «Ἔγειρε,
3052 3667 3079 3717 6
3104 3664 3399 3730 καθεύδων,
3426 3664 3521 3718 καὶ
3544 3664 3759 3717 ἀνάστα

493 3753 678 3808 oriens
709 3764 762 3808 et
803 3753 969 3808 corda
1016 3753 1192 3808 lucida
1242 3752 1500 3807 efﬁciens.
1562 3750 1785 3821 Insuper
1836 3749 2066 3819 lapidem

2172 3756 2232 3807 ἐκ
2259 3752 2369 3806 τῶν
2400 3753 2630 3824 νεκρῶν,
2663 3754 2756 3807 xui
2787 3754 3079 3823 ἐπιφαύσει
3112 3773 3191 3808 σοι
3220 3759 3248 3809 6
3275 3756 3528 3827 Χριστός.
3560 3773 3578 3805 ι
3608 3755 3755 3824 Προ-

492 3853 681 3900 vocat:
709 3843 839 3915 quin
869 3854 921 3899 et
948 3845 1132 3898 datum
1165 3853 1291 3899 ante
1332 3843 1523 3898 faciem
1565 3841 1715 3908 Jesu,
1759 3850 1815 3897 et
1862 3850 2066 3908 septem

2172 3845 2535 3916 ανακηρύττει
2565 3845 2854 3915 τοιγαροῦν
2884 3846 2987 3916 τῆς
3030 3846 3123 3899 τοῦ
3155 3847 3403 3917 Σωτῆρος
3435 3844 3591 3916 ἡμῶν
3634 3847 3764 3898 ἐπι-

491 3935 697 3991 habere
719 3934 903 3991 oculos
941 3942 1205 3989 autumat.
1252 3932 1548 4017 Oportebat
1596 3933 1740 3988 enim
1803 3931 2069 4001 imprimis

2172 3936 2369 4006 δημίας
2416 3934 2486 3987 τὰ
2535 3932 2765 4006 λαμπρὰ
2796 3933 3214 4006 κατορθώματα.
3245 3935 3439 3989 Δοῦλον
3485 3935 3541 3988 δέ
3584 3951 3761 4005 φησιν

490 4027 850 4085 sacerdotium
880 4026 1068 4098 legale,
1093 4026 1250 4095 cujus
1280 4036 1463 4098 typum
1510 4025 1786 4096 posuimus
1832 4021 2017 4077 Iesum
2048 4059 2063 4083 ,

2172 4026 2328 4078 αὑτὸν
2350 4026 2439 4079 διά
2451 4043 2556 4089 τοι,
2577 4025 2636 4078 τὸ
2657 4028 2714 4079 ἐν
2728 4025 2915 4079 δούλου
2939 4026 3255 4079 καθικέσθαι
3281 4028 3460 4097 μορφῇ
3484 4043 3495 4056 ·
3533 4026 3762 4079 Ἀνατο-

492 4121 647 4190 quasi
682 4127 809 4175 ante
856 4118 1050 4173 faciem
1082 4126 1137 4171 et
1174 4127 1299 4171 ante
1353 4116 1542 4172 oculos
1600 4116 1805 4168 habere
1855 4125 2068 4179 semper

2172 4114 2265 4185 λὴν
2293 4115 2370 4180 δὲ,
2400 4117 2481 4168 ὅτι
2513 4115 2626 4185 φῶς
2660 4117 2774 4168 ἐστι
2816 4115 2875 4169 τὸ
2918 4115 3168 4186 ἀληθινὸν
3202 4116 3384 4182 αὐτὸς,
3418 4116 3511 4169 xui.
3540 4116 3759 4188 ἡμέρα,

494 4212 725 4281 lapidem
752 4209 982 4264 electum
1003 4247 1020 4274 ,
1050 4206 1384 4277 angularem,
1412 4204 1729 4274 pretiosum,
1765 4203 1819 4256 in
1871 4201 2064 4254 funda-

2172 4208 2264 4261 xui
2291 4206 2542 4277 λαμπρὸς
2575 4207 2871 4278 ἑωσφόρος,
2905 4209 2985 4270 είς
3012 4207 3134 4261 νοῦν
3161 4208 3485 4272 ἀνατέλλων,
3522 4209 3617 4261 xui
3651 4225 3758 4261 xu-

494 4308 736 4355 meutum
774 4297 902 4353 Sion
966 4299 1277 4360 decretum,
1311 4294 1491 4349 multis
1542 4291 1712 4348 oculis
1767 4291 2064 4345 intuentem

2172 4300 2543 4370 ταφαιδρύνων
2574 4301 2821 4370 καρδίας.
2870 4300 3156 4370 Ὀνομάζει
3194 4300 3251 4353 δὲ
3286 4299 3421 4370 πρὸς
3452 4299 3628 4369 τούτῳ
3657 4301 3765 4354 xui

493 4388 675 4443 omnia
704 4389 770 4443 θ’.
804 4385 1017 4456 Septem
1046 4387 1241 4457 quippe
1267 4385 1630 4456 integritatem
1653 4380 2064 4452 perfectionem-

2172 4389 2327 4442 Λίθον
2370 4389 2552 4452 αὐτὸν,
2590 4391 2681 4442 xui
2709 4389 2816 4460 μὴν
2852 4389 2943 4441 xui
2985 4389 3226 4442 δεδόσθαι
3277 4391 3410 4459 φησι
3444 4389 3547 4459 πρὸ
3577 4405 3767 4456 προσ-

492 4494 597 4547 que
624 4477 899 4534 declarare
921 4479 1113 4533 solent.
1150 4475 1362 4531 Sterilis
1399 4476 1561 4545 igitur
1615 4474 1816 4529 dicitur
1877 4488 2067 4544 parere

2172 4480 2319 4534 ώπου
2344 4480 2542 4552 Ἰησοῦ,
2574 4482 2714 4534 ἐπτά
2738 4499 2796 4534 τε
2826 4481 2971 4552 ἔχειν
2997 4482 3122 4544 τοὺς
3151 4481 3460 4551 ὀφθαλμοὺς
3486 4481 3767 4550 διισχυρί-

493 4579 698 4637 septem
728 4570 796 4624 ⁹¹.
832 4567 973 4627 Mille
1009 4580 1187 4623 autem
1219 4566 1390 4622 oculis
1429 4566 1610 4621 omnia
1645 4566 1864 4629 intueri,
1895 4576 1948 4619 et
1979 4565 2064 4617 in-

2173 4572 2497 4636 ζεται.¹Έδει
2526 4571 2635 4643 γὰρ
2671 4572 2903 4642 μάλιστα
2943 4572 3041 4642 τὴν
3071 4572 3209 4625 κατὰ
3235 4572 3395 4642 νόμον
3425 4574 3764 4644 ἱερωσύνην,

491 4660 707 4728 spicere
759 4674 848 4715 res
883 4669 1098 4715 nostras
1153 4658 1389 4713 divinam
1446 4666 1501 4710 et
1562 4655 1883 4712 ineffabilem
1939 4654 2062 4710 Filii

2172 4657 2238 4735 ἦς
2265 4665 2345 4725 είς
2373 4661 2543 4716 τύπον
2573 4661 2852 4732 ἐθήκαμεν
2884 4660 2976 4714 τόν
3004 4660 3227 4731 Ἰησοῦν,
3257 4660 3417 4714 οἱονεὶ
3444 4661 3550 4729 πρὸ
3578 4678 3767 4731 προσ-

492 4758 741 4804 naturam
778 4765 882 4804 non
907 4758 1080 4818 potest
1102 4748 1372 4817 quispiam
1413 4747 1660 4802 dubitare
1693 4764 1708 4802 :
1737 4766 1756 4799 ι
1799 4746 1962 4802 Vivus
1982 4755 2066 4801 est

2172 4752 2318 4806 ώπου
2370 4753 2459 4805 xui
2506 4751 2611 4822 πρὸ
2656 4751 2944 4821 ὀφθαλμῶν
2975 4750 3118 4821 ἔχειν
3144 4751 3230 4803 διὰ
3256 4750 3455 4814 παντὸς
3486 4752 3577 4803 τὸν
3601 4751 3765 4805 λίθον

493 4841 634 4895 enim
662 4855 842 4896 sermo
868 4839 982 4905 Dei,
1005 4848 1059 4893 et
1074 4836 1283 4902 efﬁcax,
1312 4846 1363 4893 et
1386 4838 1765 4909 penetrabilior
1782 4839 1930 4893 omni
1953 4840 2065 4908 gla-

2172 4844 2259 4898 τὸν
2288 4844 2559 4909 ἐκλεκτὸν,
2594 4843 2686 4896 τὸν
2721 4844 3133 4914 ἀκρογωνιαῖον,
3159 4843 3249 4895 τὸν
3282 4842 3519 4911 ἔντιμον,
3553 4841 3644 4894 τὸν
3672 4844 3766 4907 εἰς

491 4931 579 4986 dio
604 4930 844 5000 ancipiti,
863 4938 917 4982 et
937 4928 1246 4997 pertingens
1264 4940 1430 4996 usque
1444 4926 1509 4981 ad
1533 4928 1851 4983 divisionem
1870 4930 2065 4984 animm

2174 4936 2244 4990 τὰ
2274 4936 2499 5008 θεμέλια
2538 4933 2694 4999 Σιὼν,
2732 4935 2819 4987 τὸν
2863 4934 3075 4996 πολλοῖς
3125 4933 3420 5003 ὀφθαλμοῖς
3467 4933 3769 5003 ἐφορῶντα

489 5021 1134 5089 etspiritus,compagum
1152 5032 1363 5087 quoque
1391 5026 1444 5073 et
1470 5018 1851 5083 medullarum,
1875 5029 1928 5074 et
1952 5019 2067 5074 dis-

2174 5024 2243 5077 τὰ
2264 5024 2459 5076 πάντα.
2482 5023 2554 5075 Τὸ
2581 5022 2689 5093 γὰρ
2715 5021 2876 5089 ἑπτά,
2908 5021 3002 5074 τοῦ
3033 5021 3252 5085 τελείως
3280 5022 3491 5092 ἔχοντος
3521 5022 3606 5074 ἀεί
3635 5023 3769 5086 πώς

489 5121 670 5166 cretor
694 5110 1076 5180 cogitationum
1101 5118 1153 5164 et
1179 5110 1534 5165 intentionum
1566 5112 1765 5177 cordis,
1788 5120 1964 5165 etnon
1986 5120 2070 5167 est

2175 5115 2292 5166 ἐστι
2343 5112 2694 5182 σημαντικόν.
2725 5113 2920 5181 Στεῖρα
2953 5112 3082 5179 γοῦν
3125 5111 3345 5181 λέγεται
3374 5114 3553 5165 τεκεῖν
3586 5113 3765 5169 ἑπτά.

490 5203 596 5255 ulla
613 5210 860 5255 creatura
873 5201 1152 5256 invisibilis
1169 5201 1220 5255 in
1238 5211 1522 5271 conspectu
1535 5202 1870 5272 ejus.0mnia
1890 5211 2067 5256 autem

2176 5203 2299 5256 Ὅτι
2329 5202 2387 5256 δὲ
2438 5202 2654 5274 μυρίοις
2701 5201 2942 5272 ὄμμασιν
2980 5202 3153 5272 ἐφορᾷ
3195 5202 3373 5255 πάντα
3410 5203 3504 5254 xui
3527 5203 3771 5257 ἐπισκέ-

490 5293 629 5346 nuda
649 5300 702 5345 et
719 5301 902 5361 aperta
930 5294 1236 5348 suntoculis
1258 5295 1393 5363 ejus,
1409 5316 1427 5346 ι
1447 5294 1586 5349 sicut
1612 5294 1875 5363 scriptum
1900 5302 1983 5347 est
2000 5294 2066 5345 θ’.

2176 5309 2369 5346 πτεται
2414 5290 2483 5345 τὰ
2514 5290 2634 5344 καθ’
2662 5292 2810 5361 ἡμᾶς
2857 5292 2889 5361 ή
2933 5290 3054 5345 θεία
3083 5308 3143 5344 τε
3179 5290 3273 5344 xui
3318 5291 3627 5362 ἀπόρρητος
3657 5292 3769 5346 τοῦ

489 5382 621 5437 Υίοῦ
650 5384 831 5455 φύσις,
851 5386 951 5440 οὐκ
980 5385 1045 5441 ἂν
1068 5387 1360 5442 ἐνδοιάσειέ
1392 5405 1477 5452 τις
1500 5403 1513 5417 ο
1547 5406 1567 5439 ι
1593 5388 1710 5441 Ζῶν
1760 5388 1869 5458 γὰρ
1893 5390 1922 5441 ό
1956 5388 2111 5457 λόγος
2142 5386 2235 5442 τοῦ
2269 5386 2425 5452 Θεοῦ,
2469 5377 2473 5381 ’
2508 5386 2598 5442 xui
2644 5386 2905 5459 ἐνεργὴς,
2923 5386 3017 5440 xui
3043 5385 3350 5455 τομώτερος
3383 5386 3524 5454 ὑπὲρ
3569 5388 3771 5443 πᾶσαν

493 5479 769 5554 μάχαιραν
814 5482 1084 5554 δίστομον,
1116 5485 1209 5537 xui
1235 5482 1605 5555 διικνούμενος
1636 5484 1761 5555 ἄχρι
1829 5482 2096 5555 μερισμοῦ
2132 5483 2309 5553 ψυχῆς
2363 5481 2458 5535 xui
2508 5480 2835 5551 πνεύματος,
2860 5464 3066 5552 ,ἁρμῶν
3109 5496 3168 5531 τε
3210 5480 3305 5532 xui.
3384 5477 3619 5549 μυελῶν,
3658 5481 3772 5533 καὶ

2444 5683 2489 5714 ⁸⁸
2524 5682 2751 5737 Malach.
2792 5696 2863 5742 iv,
2903 5682 2958 5734 2.
3035 5681 3079 5713 ⁸⁷
3113 5679 3240 5733 an.
3273 5692 3311 5740 ι,
3344 5675 3429 5729 79.
3508 5674 3553 5707 ⁸⁸
3587 5674 3770 5734 Rom.

557 5678 603 5709 ⁸³
633 5680 787 5736 Joan.
822 5700 882 5751 ιι,
917 5684 1104 5739 14-19.
1185 5685 1230 5716 ⁸⁸
1264 5684 1449 5738 Matth.
1491 5700 1587 5746 xu,
1619 5685 1706 5739 58.
1787 5684 1830 5715 ⁸⁸
1858 5683 2069 5751 Philipp

557 5764 606 5817 ιι,
643 5749 728 5816 12,
760 5753 843 5807 15.
921 5753 965 5786 ⁸⁸
998 5754 1194 5820 Epltes.
1224 5770 1273 5819 ν,
1311 5755 1389 5807 l-I.
1473 5756 1515 5785 ’°
1549 5753 1652 5808 Isa.
1689 5769 1878 5819 xxvm,
1923 5754 2021 5819 l6;
2056 5753 2072 5805 l

2172 5723 2183 5743 .
2227 5684 2279 5748 7,
2312 5682 2365 5737 8.
2444 5683 2489 5714 ⁸⁸
2524 5682 2751 5737 Malach.
2792 5696 2863 5742 iv,
2903 5682 2958 5734 2.
3035 5681 3079 5713 ⁸⁷
3113 5679 3240 5733 an.
3273 5692 3311 5740 ι,
3344 5678 3429 5729 '79.
3508 5678 3553 5707 ⁸⁸
3587 5678 3616 5727 Il

2177 5766 2241 5808 tr.
2286 5768 2345 5820 ιι,
2376 5754 2425 5807 ii.
2520 5756 2559 5786 ⁹¹
2598 5754 2610 5806 Ι
2649 5753 2777 5820 Reg.
2823 5767 2881 5815 ιι,
2919 5751 2970 5804 5.
3049 5752 3091 5785 ⁹¹
3126 5748 3288 5803 Hebr.
3322 5760 3394 5813 tv,
3428 5745 3509 5805 l2.
3550 5744 3616 5798 15

2768 5793 2777 5804 ι
2826 5780 2881 5815 ΙΙ,
2919 5780 2970 5804 υ·
3051 5780 3087 5785 ’ί
3126 5780 3288 5803 ιιῑυιο
3322 5780 3394 5813 IV,
3431 5780 3509 5805 Id.
3552 5780 3637 5798 IV.

490 5761 606 5817 λιιι,
643 5749 728 5816 12,
760 5749 876 5807 15(
921 5753 965 5786 ⁸⁸
998 5754 1194 5824 Epltes.
1224 5770 1273 5819 ν,
1311 5755 1389 5807 l-I.
1473 5756 1515 5785 ’°
1549 5753 1652 5808 Isa.
1689 5769 1878 5819 xxvm,
1923 5749 2072 5819 ισξι

2177 5766 2241 5808 tr.
2286 5768 2345 5820 ιι,
2376 5754 2425 5807 ii.
