3936 6318
254 393 325 447 53

1065 389 1614 448 COMMENTARIUS
1656 388 1720 442 IN
1762 387 2162 444 ZACIIARIAM
2205 386 2641 443 PROPHETAM.

3438 386 3504 438 53

254 504 501 572 κριτικὸς
547 506 918 577 ἐνθυμήσεων,
952 510 1042 560 καὶ
1073 508 1291 560 ἐννοιῶν
1329 507 1573 578 καρδίας,
1610 507 1701 560 καὶ
1742 507 1842 559 οὐκ
1881 505 1995 559 ἔστι
2060 507 2235 570 κτίσις
2268 505 2476 576 ἀφανὴς
2516 503 2744 558 ἐνώπιον
2790 501 2977 557 αὑτοῦ.
3014 501 3198 555 Πάντα
3233 501 3288 553 δε
3323 499 3500 571 γυμνά

256 595 348 647 καὶ
378 598 847 669 τετραχηλισμένα
872 601 980 660 τοῖς
1003 597 1300 668 ὀφθαλμοῖς
1334 599 1516 663 αὑτοῦ,
1541 617 1559 648 ι
1600 599 1738 651 κατά
1766 597 1826 650 τὸ
1862 599 2266 668 γεγραμμένον.

337 691 492 745 Ἰδοὺ
520 691 636 760 ἐγὼ
663 692 855 759 ὀρύξω
891 693 1136 760 βόθρον,
1165 693 1323 762 λέγει
1357 695 1572 761 Κύριος
1615 707 1832 746 παντο-

2003 693 2136 748 Ecce
2151 711 2240 764 ego
2265 694 2461 764 fodiam
2489 692 2712 760 foueam,
2731 690 2857 743 dicit
2885 689 3139 743 Dominus
3159 687 3504 754 omnipotens,

255 781 505 850 xpdtwp,
542 781 642 836 καί
683 782 1030 852 ψηλαρήσω
1059 783 1267 839 πᾶσαν
1308 784 1421 853 τὴν
1453 783 1690 838 ἀδικίαν
1722 781 1832 851 τῆς

258 873 368 941 γῆς
393 874 632 940 ἐκείνης
664 875 732 927 ἐν
769 875 954 943 ἡμέρᾳ
980 872 1108 944 μιᾷ·
1185 865 1195 875 ’

326 962 455 1016 KA'.
504 963 741 1028 Ἐδειξεν
773 965 942 1028 ὅντως
991 965 1083 1018 καὶ
1141 964 1255 1034 φῶς
1304 965 1396 1017 καὶ
1448 964 1710 1035 ἀνατολὴν
1743 963 1832 1016 τδν

257 1053 459 1124 Κύριον
486 1055 642 1125 ἡμῶν
671 1055 877 1126 Ἰησοῦν
907 1058 1158 1129 Χριστὸν,
1191 1059 1282 1110 καὶ
1310 1058 1390 1110 ὅτι
1418 1061 1530 1118 τοῖς
1567 1059 1624 1110 ἐν
1655 1057 1833 1109 σκότει

257 1147 351 1197 καὶ
404 1147 533 1216 σκιᾷ
585 1147 836 1209 θανάτου,
888 1149 1155 1209 τουτέστι,
1209 1150 1320 1210 τοῖς
1373 1145 1832 1216 πεπλανημένοις,

257 1235 519 1304 ἀνατολῆς
552 1235 826 1306 ἀνέλαμψε
859 1237 1034 1307 δίκην.
1063 1237 1200 1289 Ἀλλ’
1226 1232 1294 1306 ἦν
1317 1239 1634 1304 ἀναγκαῖον,
1658 1237 1750 1288 καὶ
1774 1235 1834 1288 τὸ

257 1327 356 1394 τῆς
397 1327 706 1396 οἰκονομίας
740 1327 1186 1397 προαναφανῆναι
1224 1326 1416 1397 πέρας,
1443 1324 1712 1386 τουτέστι,
1742 1324 1834 1376 τὸν

257 1416 396 1486 ὑπὲρ
417 1417 575 1486 ἡμῶν
596 1417 849 1470 ἁπάντων
873 1416 1122 1480 θάνατον,
1141 1417 1199 1471 δν
1224 1416 1362 1470 ἑκὼν
1383 1416 1596 1485 ἀνέτλη,
1617 1414 1834 1485 σταυρῷ

257 1508 534 1578 παραδοὺς
557 1507 617 1561 τὸ
648 1507 778 1561 ῐδιον
815 1509 990 1578 σῶμα,
1021 1509 1105 1577 ἐφ’
1133 1501 1177 1575 ᾧ
1208 1508 1301 1561 καὶ
1335 1507 1395 1560 τὸ
1430 1507 1540 1560 τῶν
1571 1507 1834 1560 Ἰουδαίων

260 1600 701 1670 προσκέκρουκεν
735 1598 903 1662 ἔθνος,
927 1601 1018 1654 καὶ
1046 1602 1144 1670 τῆς
1167 1600 1303 1670 πρὸς
1327 1600 1488 1653 αὑτὸν
1507 1599 1836 1669 οἰκειότητος

159 1677 174 1696 ’
258 1689 651 1762 ἀποϐέϐληται.
670 1691 886 1761 Ἐπειδὴ
937 1692 1046 1762 γὰρ
1094 1692 1154 1745 οὗ
1206 1693 1456 1755 συνέντες
1502 1695 1550 1745 oi
1593 1692 1833 1756 δείλαιοι,

257 1781 482 1844 εἰκότως
529 1781 836 1835 ἀπώλισθον
888 1785 985 1852 τῆς
1039 1782 1274 1846 ἐλπίδος,
1304 1783 1396 1836 καὶ
1443 1783 1603 1836 κακοί
1650 1783 1834 1848 κακῶς

258 1871 592 1935 ἀπολώλασι,
644 1872 840 1936 δειναῖς
871 1875 966 1926 καί
993 1873 1254 1942 ἀφύκτοις
1300 1875 1577 1937 ἐναλὸντες
1629 1890 1836 1944 συμφο-

261 1963 404 2030 pati;-
455 1961 634 2033 βόθρῳ
684 1963 749 2034 δὴ
790 1960 882 2017 οὖν
927 1966 1250 2034 παρεικάζει
1299 1966 1391 2018 τὸν
1435 1964 1529 2017 τοῦ
1587 1965 1836 2036 Σωτῆρος

258 2054 510 2120 σταυρόν.
543 2054 867 2108 Πεπτώκασι
916 2056 1024 2125 γὰρ
1075 2056 1260 2127 ῶσπερ
1316 2059 1396 2120 εἰς
1455 2057 1645 2127 βόθρον
1689 2035 1835 2111 otto
1867 2035 1908 2088 Β

259 2147 591 2200 Δεσποτικδν
621 2147 915 2217 ἐκχέαντες
945 2144 1104 2218 αἷμα,
1140 2151 1231 2202 καὶ
1258 2150 1476 2219 σταυρῷ
1505 2149 1833 2220 παραδοῦναι

253 2235 624 2306 τολμήσαντες
647 2238 738 2290 τὸν
766 2239 1009 2308 ἀρχηγὸν
1047 2239 1146 2308 τῆς
1167 2239 1332 2309 ζωῆς.
1354 2239 1417 2292 Εἰ
1434 2239 1492 2292 δέ
1509 2239 1602 2292 καὶ
1631 2241 1834 2304 αὐτδςό

252 2326 440 2398 Πατὴρ
459 2327 548 2379 τὸν
573 2326 762 2394 βόθρον
781 2329 1112 2400 ὁρωρυχέναι
1137 2329 1368 2397 λέγοιτο,
1398 2331 1833 2395 σκανδαλιξέσθω

254 2417 476 2486 μηδείς·
518 2416 767 2469 ἐννοείτω
804 2419 860 2471 δὲ
898 2419 1116 2489 μᾶλλον,
1153 2420 1227 2482 ὡς
1270 2421 1690 2491 ἐκμεμέστωταί
1716 2437 1833 2484 πως

253 2503 400 2576 Ιτῆς]
421 2506 732 2575 οἰκονομίας
746 2506 1194 2577 ό·λὸγος.”’ομοιον
1211 2507 1319 2580 γὰρ
1336 2509 1492 2562 τοῦτό
1513 2511 1628 2562 ἐστι
1648 2509 1725 2580 τῷ
1744 2510 1834 2563 διὰ

251 2595 486 2665 Χριστοῦ
512 2596 690 2664 σοφῶς
712 2614 770 2650 τε
795 2599 888 2651 καὶ
911 2597 1157 2668 ἀτρεκῶς
1181 2599 1477 2670 εἰρημένῳ·
1504 2620 1520 2652 ι
1543 2602 1634 2663 Εἰς
1657 2605 1834 2672 κρῖμα
1852 2611 1874 2630 ⁵

251 2685 366 2756 ἐγὼ
386 2689 468 2751 είς
499 2688 591 2740 τδν
611 2690 814 2759 κόσμον
837 2691 1025 2743 τοῦτον
1050 2686 1237 2762 ἦλθον,
1267 2693 1353 2746 ἵνα
1372 2696 1419 2746 οἱ
1443 2693 1517 2763 μὴ
1545 2692 1832 2763 βλέποντες

250 2779 512 2849 βλέπωσι,
538 2782 632 2834 καὶ
659 2783 707 2834 οἰ
733 2781 1019 2851 βλέποντες
1042 2783 1232 2852 τυφλοὶ
1258 2784 1542 2852 γένωνται.
1571 2806 1588 2838 ι
1618 2788 1833 2855 Καίτοι,

249 2869 366 2933 πῶς
407 2871 511 2923 οὐκ
556 2871 754 2942 ἀληθὲς
784 2875 977 2935 εἰπεῖν,
1006 2873 1082 2935 ὡς
1112 2876 1172 2928 οὐ
1212 2876 1417 2946 ταύτης
1451 2877 1611 2930 ἕνεκα
1656 2895 1832 2947 παρα-

246 2963 442 3030 γέγονε
474 2963 572 3032 τῆς
600 2963 799 3026 αἰτίας,
822 2964 908 3016 ἵνα
937 2965 1126 3033 τυφλοὶ
1154 2966 1415 3034 γένωνται
1443 2984 1587 3030 τινες
1608 3007 1624 3032 ,
1660 2969 1830 3039 ἀλλ’ἢ

247 3051 357 3104 τῶν
395 3053 470 3122 μὴ
499 3051 760 3105 νοούντων
782 3054 1053 3125 φαυλότης
1090 3057 1365 3126 μονονουχὶ
1398 3059 1492 3110 καὶ
1511 3057 1830 3129 διαϐέϐληκε

246 3143 347 3210 τῆς
395 3143 628 3215 ἀρίστης
669 3147 977 3214 οἰκονομίας
1005 3148 1094 3198 τὸν
1136 3147 1369 3216 τρόπον;
1403 3149 1477 3200 Οὐ
1508 3149 1615 3219 γὰρ
1643 3149 1832 3219 ἤθελον

250 3233 495 3302 βλέπειν,
528 3234 704 3287 καίτοι
739 3236 897 3304 μετόν
927 3239 1108 3300 αὐτοῖς
1144 3238 1237 3292 τοῦ
1269 3239 1412 3292 θείου
1445 3241 1640 3308 φωτός.
1675 3241 1832 3295 Οὕτω

246 3324 484 3377 κάνθάδε
525 3326 762 3396 νοήσεις.
802 3327 1064 3396 Πέπομφε
1100 3329 1197 3399 μὲν
1236 3329 1345 3400 γὰρ
1377 3331 1466 3383 τὸν
1504 3332 1628 3385 Υἰίιν
1655 3334 1684 3386 ὁ
1712 3333 1830 3386 Πα-

247 3413 373 3484 τὴρ,
419 3432 439 3465 ι
473 3415 540 3467 ἵν’
565 3417 594 3468 ό
621 3416 824 3486 κόσμος
859 3417 1004 3488 σωθῇ
1037 3419 1104 3470 δι’
1135 3419 1300 3472 αὐτοῦ
1323 3437 1336 3450 ·
1374 3441 1391 3473 ι
1425 3422 1511 3476 διὰ
1538 3423 1592 3476 δὲ
1616 3423 1722 3477 τῶν
1757 3426 1831 3496 μὴ

249 3505 542 3557 συνιέντων
597 3506 876 3573 ἀπόνοιαν,
911 3508 1099 3577 γέγονε
1145 3511 1336 3582 βόθρος
1380 3515 1475 3567 καὶ
1525 3515 1674 3584 πάγη
1720 3518 1832 3579 τοίς

251 3597 629 3667 σταυρώσασιν
683 3601 712 3652 ὁ
769 3601 1194 3672 ἀπεσταλμένος.
1223 3604 1552 3674 Νενόμισται
1588 3606 1644 3659 δέ
1690 3607 1832 3676 τάχα

250 3705 356 3740 που
386 3689 478 3740 καὶ
500 3688 690 3758 ὀρύξαι
723 3688 811 3742 τὸν
847 3689 1036 3762 βόθρον
1067 3695 1094 3746 ό
1122 3694 1444 3763 πεπομφώς.
1485 3714 1502 3747 ι
1541 3695 1747 3765 Ὀρύξω
1769 3696 1832 3768 δὴ

247 3774 344 3831 οὖν
393 3779 484 3831 τὸν
534 3779 746 3849 βόθρον,
797 3783 950 3851 φησὶ,
997 3784 1089 3836 καὶ
1134 3784 1440 3856 tantaqu
1500 3788 1681 3839 πᾶσαν
1733 3788 1832 3858 τὴν

250 3867 463 3922 ἀδικίαν
492 3870 588 3938 τῆς
616 3870 719 3939 γῆς
747 3871 960 3941 ἐκείνης
997 3875 1055 3926 ἐν
1082 3874 1267 3946 ἡμέρα
1303 3877 1418 3946 μιᾷ.
1447 3895 1464 3926 ι
1498 3876 1571 3928 To
1599 3875 1676 3943 δὲ,
1708 3878 1829 3948 Ψη-

250 3958 499 4029 λαφήσω,
530 3961 695 4030 φησὶν
721 3961 840 4014 ἀντὶ
873 3962 988 4027 τοῦ,
1016 3965 1245 4036 Ζητήσω
1271 3967 1364 4020 καὶ
1397 3969 1829 4038 περιεργάσομαι

247 4050 483 4113 λεπτῶς.
503 4051 857 4107 Ἀπεκτόνασι
890 4055 988 4125 μέν
1017 4055 1124 4127 γὰρ
1149 4059 1272 4120 τοὺς
1329 4057 1516 4125 ἁγίους
1549 4061 1830 4130 προφήτας

247 4143 345 4195 καὶ
387 4142 514 4205 τοὺς
560 4146 706 4196 κατά
737 4147 962 4218 καιροὺς
997 4147 1438 4218 ἀπεσταλμένους
1464 4150 1698 4214 οἰκέτας.
1721 4151 1829 4215 Οὒς

251 4231 352 4301 μὲν
391 4230 500 4300 γὰρ
546 4231 795 4302 ὕϐρισαν,
831 4232 923 4297 οὓς
956 4234 1013 4288 δέ
1059 4236 1458 4306 ἐλιθοϐόλησαν,
1493 4238 1585 4302 οὓς
1623 4240 1679 4293 δέ
1724 4242 1828 4294 ἀπ-

248 4322 516 4375 έκτειναν.
535 4323 676 4374 Ἀλλ’
707 4319 776 4394 ἦν
821 4323 1161 4403 ιΞινεέξίκακος¹
1183 4326 1262 4379 ἔτι
1308 4328 1458 4392 Θεόςο
1484 4331 1690 4384 οἰκέται
1718 4333 1826 4404 γὰρ

244 4405 387 4479 ἦσαν
422 4412 517 4463 καὶ
549 4411 827 4480 ὁμόδουλοι
877 4416 992 4477 τοῖς
1021 4414 1379 4469 ἁπεκτονόσιν
1402 4419 1449 4470 οἱ
1476 4420 1824 4486 πεπονθότες.

259 4501 415 4553 Ἐπεὶ
441 4501 498 4554 δέ
525 4502 801 4572 ἀχαλίνοις
831 4504 1030 4574 ὁρμαῖς
1061 4508 1142 4569 εἰς
1169 4505 1326 4560 τοῦτο
1374 4509 1696 4579 διᾴττοντες,
1732 4514 1828 4568 καὶ

248 4591 382 4643 πολὺ
413 4591 698 4661 βλέποντες
720 4595 798 4656 εἰς
818 4595 1156 4666 ἀνοσιότητα,
1181 4599 1274 4650 καὶ
1289 4601 1370 4662 εἰς
1397 4600 1557 4654 αὑτὸν
1579 4601 1826 4667 ἐκτόπως

1861 3381 1903 3440 C

1935 795 1981 840 et
2015 785 2344 840 contrectabo
2375 801 2573 839 omnem
2602 786 2931 854 iniquitatem
2959 792 3112 834 terra
3165 779 3306 832 illius
3334 779 3386 830 in
3421 777 3505 828 die

1935 896 2062 932 una.

2003 967 2144 1024 XXI.
2187 967 2435 1023 Ostendit
2485 967 2766 1022 Dominum
2817 973 3059 1018 nostrum
3110 959 3292 1014 Jesusn
3343 957 3503 1013 Chri-

1934 1069 2074 1114 stum
2101 1074 2226 1113 vere
2264 1069 2317 1113 et
2362 1059 2540 1112 lumen
2597 1063 2652 1111 et
2704 1056 2971 1109 orientem
3005 1066 3145 1112 esse,
3196 1060 3250 1103 et
3295 1064 3416 1102 eum
3452 1049 3505 1100 in

1935 1149 2174 1204 tenebris
2212 1157 2376 1217 atque
2433 1148 2623 1202 umbra
2654 1145 3018 1207 versantibus,
3048 1139 3216 1213 679
3255 1141 3354 1193 hoc
3402 1148 3504 1200 est,

1935 1243 2176 1296 seductis
2209 1251 2263 1295 et
2307 1242 2633 1300 errantibus,
2669 1239 2839 1292 instar
2868 1237 3095 1291 orientis
3145 1233 3420 1288 refulsisse
3436 1232 3502 1283 ".

1937 1331 2039 1385 Sed
2071 1331 2354 1400 oportebat
2395 1331 2558 1384 etiam
2598 1328 2917 1384 oeconomiae
2949 1339 3168 1394 scapnm
3213 1338 3275 1376 ac
3309 1331 3504 1375 metam

1934 1423 2082 1492 prius
2108 1423 2408 1487 declarare,
2440 1423 2543 1476 hoc
2604 1429 2689 1475 est
2721 1426 2971 1486 mortem,
3005 1431 3166 1486 quam
3210 1430 3305 1485 pro
3354 1414 3509 1467 nobis

1935 1511 2187 1567 omnibus
2233 1511 2402 1565 libens
2444 1511 2719 1575 sustinuit,
2751 1522 2981 1578 corpore
3031 1521 3129 1560 suo
3174 1507 3239 1559 ad
3288 1519 3505 1558 crucem

1937 1603 2154 1666 tradito,
2193 1602 2244 1655 in
2281 1616 2387 1670 quo
2417 1611 2472 1656 et
2500 1600 2722 1655 Iudaica
2755 1615 2888 1670 gens
2918 1598 3178 1668 peccavit,
3207 1603 3261 1649 et
3297 1595 3363 1649 ab
3391 1595 3509 1661 ejus

1935 1693 2168 1746 amicitia
2202 1693 2423 1761 depulsa
2458 1700 2559 1747 est.
2593 1691 2860 1757 Quoniam
2904 1691 3046 1744 enim
3085 1705 3189 1742 non
3224 1687 3508 1741 intellexe-

1939 1795 2058 1839 runt
2109 1785 2319 1848 miseri,
2371 1799 2464 1854 spe
2501 1799 2593 1838 sua
2649 1785 2842 1838 merito
2884 1793 3010 1837 sunt
3047 1781 3244 1844 orbati,
3279 1789 3335 1834 et
3382 1779 3507 1832 mali

1937 1875 2074 1929 male
2104 1876 2398 1942 perierunt,
2461 1875 2730 1929 atrocibus
2777 1881 2831 1927 et
2886 1871 3320 1927 ineluctabilibus
3359 1869 3507 1924 cala-

1939 1967 2212 2019 mitatibus
2238 1963 2682 2020 circumventi".
2733 1963 2864 2020 Cum
2920 1964 3072 2018 fovea
3125 1963 3288 2031 igitur
3325 1961 3511 2015 Salva-

1937 2057 2068 2110 toris
2102 2071 2319 2111 crucem
2348 2064 2646 2126 comparat.
2679 2054 2810 2108 Nam
2845 2054 2996 2123 quasi
3038 2053 3092 2107 in
3123 2053 3330 2107 foveam
3367 2051 3480 2104 deci

1936 2147 2149 2211 derunt,
2209 2146 2299 2216 qui
2349 2147 2692 2201 Dominicum
2756 2145 2995 2199 effudere
3053 2142 3388 2213 sanguinem,
3455 2151 3511 2196 et

1935 2247 2208 2291 auctorem
2261 2237 2382 2291 vita!
2410 2238 2557 2291 cruci
2606 2237 2890 2290 affixerunt
2914 2234 2982 2290 ".
3012 2232 3165 2299 Quod
3219 2233 3262 2286 si
3295 2241 3349 2286 et
3395 2231 3510 2299 ipse

1935 2327 2097 2383 Pater
2133 2329 2332 2383 fodisse
2357 2330 2567 2383 foveam
2599 2327 2816 2392 dicitur,
2853 2341 3013 2381 neruo
3040 2324 3344 2380 offendatur
3373 2339 3387 2376 :
3415 2323 3508 2377 sed

1935 2420 2062 2475 illud
2097 2420 2299 2490 cogitet
2344 2421 2545 2488 potius,
2585 2434 2746 2491 qitam
2777 2419 2967 2488 plenus
2999 2417 3071 2472 sit
3111 2430 3292 2470 sermo
3317 2414 3510 2470 divina:

1935 2511 2282 2581 providentiae
2341 2525 2405 2564 ac
2475 2509 2920 2580 dispensationis.
2976 2507 3166 2561 Simile
3215 2505 3360 2559 enim
3408 2504 3510 2556 hoc

1934 2613 2016 2657 est
2054 2602 2130 2655 illi
2185 2603 2326 2671 quod
2363 2616 2460 2670 per
2492 2602 2766 2655 Christum
2808 2600 3080 2668 sapienter
3133 2611 3198 2650 ac
3248 2608 3373 2648 vere
3430 2593 3510 2647 di-

1933 2702 2078 2748 ctum
2113 2700 2196 2748 est
2227 2716 2237 2748 :
2268 2711 2286 2744 ι
2320 2691 2373 2746 In
2395 2693 2653 2762 judicium
2687 2707 2788 2762 ego
2819 2692 2873 2745 in
2910 2691 3052 2744 hunc
3081 2689 3336 2742 mundum
3362 2684 3508 2745 veni,

1935 2799 1990 2839 ut
2009 2786 2096 2855 qui
2122 2802 2226 2840 non
2252 2787 2458 2850 vident,
2486 2783 2720 2850 videant,
2749 2791 2803 2838 et
2827 2783 3066 2837 videntes
3091 2781 3218 2833 caici
3251 2778 3455 2830 fiant“.
3483 2795 3502 2826 ι

1934 2877 2254 2946 Quanquam
2318 2890 2442 2931 vere
2487 2877 2592 2930 dici
2652 2883 2849 2944 potest,
2906 2875 3084 2941 ipsum
3137 2885 3242 2924 non
3290 2878 3511 2938 prOptcr

1937 2969 2075 3022 hanc
2097 2981 2314 3021 causam
2344 2967 2625 3021 advenisse
2675 2975 2732 3020 ut
2764 2965 2982 3034 quidam
3006 2964 3135 3018 σικιρί
3171 2963 3378 3026 fierent,
3415 2961 3508 3013 sed

1937 3075 2043 3111 non
2073 3058 2484 3126 intelligentiam
2515 3057 2756 3127 nequitia
2789 3064 2992 3110 tantum
3027 3069 3132 3108 non
3173 3054 3334 3106 etiam
3366 3066 3510 3106 uaco.

1936 3150 2129 3202 nomia:
2189 3147 2405 3200 modum
2460 3146 2746 3202 criminata
2805 3153 2906 3200 est.
2964 3144 3079 3198 Non
3132 3143 3275 3197 enim
3323 3141 3510 3196 videre

1935 3237 2238 3302 voluerunt,
2299 3237 2510 3290 tametsi
2557 3235 2752 3290 divina:
2799 3235 2936 3290 lucis
2984 3233 3136 3304 copia
3187 3232 3289 3287 illis
3333 3234 3505 3288 fieret.

1935 3326 2076 3381 Idem
2103 3336 2156 3380 et
2181 3327 2268 3380 hic
2297 3327 2562 3396 intellige.
2598 3326 2741 3380 Misit
2773 3325 2916 3380 enim
2940 3324 3135 3377 Filium
3167 3323 3351 3386 Pater,
3389 3339 3406 3371 ι
3438 3320 3511 3375 Ut

1939 3417 2168 3471 mundus
2205 3417 2507 3473 salvaretur
2551 3432 2645 3485 per
2695 3417 2870 3484 ipsum
2892 3415 2960 3469 ".
2991 3434 3009 3468 ι
3049 3414 3280 3482 Propter
3321 3426 3510 3466 vecor-

1935 3505 2080 3559 diam
2108 3517 2287 3560 autem
2307 3519 2431 3559 mon
2462 3505 2873 3575 intelligentium
2934 3505 3025 3572 qui
3057 3504 3257 3558 missus
3283 3511 3389 3567 est,
3424 3501 3506 3554 fo-

1934 3611 2030 3649 vea
2080 3603 2134 3650 et
2179 3595 2403 3664 laqueus
2438 3597 2852 3651 crucifixoribus
2899 3597 3013 3650 suis
3058 3595 3234 3649 factus
3277 3601 3379 3650 est.
3431 3592 3509 3646 Ac

1935 3688 2165 3740 fortasse
2194 3688 2354 3740 etiam
2395 3687 2605 3742 foveam
2639 3685 2837 3740 fodisse
2863 3686 3250 3740 existimandus
3281 3692 3364 3738 est
3395 3685 3510 3751 ipse

1933 3778 2022 3846 qui
2059 3778 2225 3830 misit.
2272 3779 2357 3830 Ait
2395 3779 2560 3846 igitur
2592 3796 2605 3830 :
2641 3796 2658 3827 ι
2691 3776 2912 3830 Fodiam
2947 3778 3177 3841 foveam,
3213 3783 3264 3830 et
3295 3785 3510 3828 contre-

1933 3870 2092 3922 ctabo
2130 3881 2343 3921 omnem
2381 3867 2720 3936 iniquitatem
2756 3875 2914 3920 terra:
2943 3866 3087 3919 illius
3117 3865 3170 3919 in
3208 3865 3297 3920 die
3322 3879 3446 3920 una.
3481 3885 3503 3919 ι

1932 3959 2317 4019 Contrectabo,
2345 3957 2539 4026 inquit,
2562 3971 2680 4027 pro,
2704 3971 2964 4026 quaeram,
2993 3965 3045 4011 et
3069 3955 3397 4011 adaniussim
3428 3957 3511 4010 in-

1932 4051 2160 4119 dagaho.
2220 4049 2518 4118 Prophetas
2565 4049 2710 4102 enim
2776 4057 2999 4104 sanctos
3049 4059 3100 4102 et
3151 4049 3345 4102 missos
3393 4049 3508 4101 suis

1931 4157 2172 4212 quosque
2204 4143 2536 4210 temporibus
2572 4156 2758 4196 servos
2787 4141 3126 4195 occiderunt.
3163 4139 3312 4194 Alios
3359 4141 3503 4194 enim

1928 4234 2257 4290 contumelia
2305 4230 2621 4299 affecerunt,
2666 4231 2800 4288 alios
2828 4229 3155 4302 lapldarunt,
3189 4230 3325 4285 alios
3349 4227 3506 4298 jugu-

1929 4325 2112 4379 laruut
2135 4324 2202 4378 ³⁸.
2222 4323 2421 4378 Verum
2451 4323 2787 4378 tolerantiam
2816 4323 2990 4378 adhuc
3014 4323 3304 4377 adhibebat
3328 4319 3500 4375 Deus:

1929 4417 2071 4472 servi
2113 4417 2257 4469 enim
2307 4424 2466 4470 erant
2523 4423 2578 4469 et
2623 4413 2874 4470 conservi
2930 4414 3366 4469 interficiendum
3411 4416 3502 4482 qui

1929 4510 2043 4563 haec
2085 4507 2450 4577 patiebantur.
2493 4505 2758 4573 Quoniam
2794 4519 2923 4559 vero
2965 4503 3225 4558 effrenata
3274 4504 3500 4558 audacia

1927 4613 1993 4654 eo
2019 4599 2406 4669 prosilueruut,
2435 4608 2487 4652 et
2519 4606 2722 4652 tantam
2753 4597 3083 4666 impietatem
3117 4597 3502 4651 consciverunt

245 4682 687 4751 πεπαρῳνήκασι
716 4681 807 4735 τὸν
840 4682 986 4749 Υἰὸν,
1017 4685 1108 4739 καὶ
1156 4689 1233 4750 εἰς
1263 4687 1353 4741 τδν
1387 4689 1444 4741 ἐν
1483 4689 1559 4760 τῷ
1607 4692 1825 4763 σταυρῷ

1935 4691 2079 4746 utin
2123 4691 2298 4760 ipsum
2355 4689 2550 4744 Filium
2601 4691 2860 4744 atrociter
2902 4690 3392 4751 debaccharcntur,
3446 4699 3502 4743 et

1859 4739 1902 4792 D

243 4768 584 4822 κατώλισθον
629 4770 835 4842 βόθρον,
867 4775 967 4827 οὐκ
1012 4775 1222 4845 ἀφῆκεν
1261 4779 1439 4833 αὐτῶν
1474 4780 1826 4853 ἁψηλάφητον

1935 4783 1987 4838 in
2024 4783 2231 4837 foveam
2273 4782 2450 4836 crucis
2498 4781 2634 4848 lapsi
2681 4789 2826 4845 sunt,
2860 4789 3140 4848 peccatum
3187 4793 3373 4833 eorum
3417 4777 3502 4832 in-

243 4860 342 4927 τὴν
387 4861 963 4934 ἀμαρτίαν.Ἐζήτησε
1015 4867 1121 4937 γὰρ
1181 4869 1274 4921 καὶ
1323 4874 1531 4935 ποιναῖς
1585 4873 1824 4944 ὑπέθηκε

241 4953 369 5013 τοὺς
399 4951 766 5022 ἠσεϐηκότας,
796 4956 1016 5025 ἀπάσης
1039 4957 1140 5027 τῆς
1170 4959 1441 5015 Ἰουδαίων
1467 4962 1570 5034 γῆς
1600 4965 1822 5034 καθορίη

243 5041 350 5104 ζων
377 5043 468 5096 τὸν
494 5043 715 5116 ὄλεθρον
751 5047 808 5099 ἐν
840 5047 1022 5118 ἡμέρᾳ
1048 5050 1165 5118 μιᾷ,
1189 5051 1310 5104 καθ’
1331 5052 1398 5122 ἢν
1427 5053 1632 5120 ἔφασαν
1657 5071 1823 5124 προσ-

241 5133 467 5200 ἄγοντες
490 5134 652 5188 αὐτὸν
681 5134 759 5206 τῷ
785 5137 1000 5209 Πιλάτῳ
1019 5155 1033 5169 ·
1062 5159 1079 5191 ι
1106 5141 1178 5193 Τὸ
1197 5139 1335 5212 αἷμα
1361 5145 1524 5196 αὑτοῦ
1549 5146 1634 5214 ἐφ’
1679 5147 1826 5216 ἡμᾶς

242 5226 339 5274 καὶ
365 5225 456 5276 ἐπὶ
483 5224 556 5278 τὰ
582 5227 748 5280 τέκνα
781 5228 956 5299 ἡμῶν.
993 5251 1010 5284 ι
1045 5233 1108 5284 Et
1131 5235 1239 5305 γάρ
1266 5236 1359 5288 καὶ
1396 5235 1470 5306 μὴ
1513 5236 1823 5309 συμϐέϐηκε

239 5318 586 5387 παραχρῆμα
609 5321 675 5372 τὰ
700 5323 761 5374 ἐκ
786 5321 932 5387 θείας
955 5325 1121 5396 ὀργῆς
1145 5366 1158 5388 ,
1186 5330 1233 5380 εί
1263 5327 1336 5400 μὴ
1362 5327 1651 5400 ὲζήτηνται
1669 5329 1823 5394 δίκας

238 5406 591 5475 ὑπερθέσεως
613 5425 629 5441 ο
655 5411 778 5481 δίχα
804 5413 918 5467 ἀλλ’
944 5411 1082 5488 οὖνὴ
1112 5419 1260 5488 παρά
1282 5418 1414 5472 Θεοῦ
1438 5419 1622 5474 δικαία
1641 5421 1820 5492 ψῆφος

237 5493 465 5560 γέγονεν
497 5497 584 5548 ἐπ’
619 5499 822 5568 αὐτοῖς,
847 5503 1092 5576 ΰλεθρον,
1127 5507 1202 5570 ὡς
1247 5507 1402 5579 ἔφην,
1431 5509 1526 5579 τῆς
1553 5511 1820 5566 Ἰουδαίων

1933 4883 2328 4929 contrectatum
2365 4887 2468 4926 non
2499 4871 2814 4941 praeterivit.
2848 4869 3106 4936 Qmesirit
3131 4869 3274 4923 enim
3299 4877 3354 4923 et
3381 4883 3498 4936 pte-

1931 4966 2016 5020 nis
2054 4964 2284 5033 subjecit
2312 4964 2526 5032 impios,
2561 4965 2656 5018 toti
2689 4963 2996 5019 Judaeorum
3035 4963 3242 5031 regioni
3291 4970 3497 5030 pestem

1930 5068 1982 5112 et
2011 5057 2230 5111 exitium
2261 5056 2558 5112 decernens
2586 5056 2674 5110 die
2703 5070 2805 5110 una
2838 5069 2943 5124 qua
2973 5053 3298 5116 clamabant,
3327 5051 3500 5106 Pilato

1935 5162 2058 5201 eum
2088 5147 2375 5202 oﬂ’erentes
2405 5165 2417 5201 :
2449 5165 2468 5198 ι
2500 5147 2731 5217 Sanguis
2768 5147 2885 5216 ejus
2916 5160 3079 5215 super
3122 5158 3219 5198 uos
3247 5151 3300 5196 ct
3335 5158 3500 5211 super

1933 5239 2072 5294 filios
2110 5249 2321 5294 nostros
2341 5239 2406 5294 θ’.
2441 5255 2460 5289 ι
2497 5237 2605 5291 Etsi
2637 5237 2779 5290 enim
2817 5251 2920 5290 non
2968 5234 3148 5289 statim
3181 5233 3317 5287 iram
3359 5233 3498 5288 divi-

1930 5344 2052 5383 nam
2111 5329 2428 5398 supplicium
2477 5338 2558 5384 est
2609 5337 2996 5390 consecutum,
3053 5325 3156 5379 etsi
3211 5339 3317 5378 non
3362 5325 3495 5402 citra

1929 5421 2468 5489 procrastinationem
2501 5433 2673 5489 poena:
2698 5425 2824 5471 sum
2855 5416 3126 5485 “petitae,
3153 5427 3330 5470 tamen
3351 5415 3496 5484 justa

1930 5511 2022 5567 Dei
2059 5511 2226 5582 680
2256 5511 2520 5567 sententia
2555 5511 2606 5564 in
2653 5523 2748 5565 eos
2797 5507 2902 5562 lata
2954 5516 3058 5572 est,
3104 5521 3202 5577 per
3233 5505 3495 5569 ludmam,

316 5693 372 5780 ἰζ
399 5693 527 5780 late.
555 5712 594 5759 ι,
629 5697 718 5751 78.
871 5703 1056 5762 Matth.
1093 5724 1202 5774 tm,
1239 5709 1325 5766 ιι.
1407 5713 1449 5746 9'
1483 5714 1597 5768 Aci.
1633 5728 1715 5778 III,
1759 5712 1841 5766 15o

1935 5714 1962 5744 "
1991 5713 2143 5768 Joan.
2173 5729 2247 5780 is,
2283 5715 2370 5770 39.
2443 5711 2485 5744 ’⁷
2516 5711 2670 5766 Joan.
2703 5725 2786 5776 ιιι,
2825 5709 2905 5764 17.
2965 5710 3009 5744 ’⁸
3037 5707 3225 5764 Matth.
3260 5721 3371 5774 χιιι,
3404 5706 3493 5763 35.

237 5764 288 5794 υ
326 5762 515 5819 Μ-ιιιὴ.
549 5782 722 5834 um,
751 5770 838 5824 25.
