3936 6318
498 332 566 395 55
1520 353 1576 408 S.
1616 351 1895 412 CYRIL”
1935 361 2406 419 ALEXANDRINI
2446 367 2760 426 ABClllEP.
3675 370 3739 425 56

496 465 554 506 ut
584 458 904 525 memoravi,
936 458 1122 515 diﬂ'usa
1153 464 1438 532 pernicies.
1470 465 1655 538 Itaque
1697 471 1963 528 abductus
1985 484 2056 527 est

2171 479 2513 548 καταχέουσα
2543 479 2666 549 γῆς.
2681 482 2788 534 Καὶ
2809 481 2938 550 γοῦν
2960 480 3323 553 ἀπεκόμιζετο
3352 481 3449 552 μὲν
3468 483 3497 534 ό
3513 483 3743 553 Χριστὸς

494 544 711 613 quidem
755 548 1004 606 Christus
1049 553 1116 607 ad
1159 569 1399 623 erucem,
1455 562 1806 629 sequentibus
1852 564 2056 620 letninis

2171 570 2263 621 ἐπὶ
2411 544 2662 640 σταυρόν,
2694 544 2908 624 εἵποντο
2939 573 2993 624 δὲ
3021 573 3114 625 καὶ
3137 544 3415 642 ’γυναῖκες
3450 572 3742 644 θρηνοῦσαι

494 639 917 699 lamentantihus
963 653 1017 700 et
1068 647 1429 717 plorantibus,
1482 657 1547 708 ad
1596 671 1731 726 quas
1773 674 2056 715 conversus

2168 676 2227 711 τε
2259 661 2351 713 καὶ
2370 660 2674 714 κλαίουσαν
2706 658 2823 714 εἶτα
2850 663 2983 732 πρὸς
3006 663 3207 726 ταύτας
3235 662 3470 731 ἔφασκεν
3494 665 3746 732 ἐπιστρα-

492 730 567 783 ait
596 747 609 785 :
643 750 662 784 ι
690 731 840 789 Filiae
881 733 1202 805 Jerusalem,
1247 743 1412 799 nolite
1442 746 1572 801 llere
1614 764 1782 818 super
1828 766 1933 819 me,
1976 753 2067 806 sed

491 834 653 889 super
701 838 797 879 vos
854 828 994 895 ipsas
1042 829 1186 897 ﬂete,
1217 843 1271 887 et
1315 850 1480 904 super
1545 838 1684 893 lilios
1733 843 2001 895 vestros‘.
2043 861 2061 893 ι

491 909 696 968 Traditi
732 927 857 972 sunt
889 921 1033 976 enim
1085 924 1138 978 in
1181 927 1406 982 exilium
1444 938 1499 984 et
1531 929 1752 996 caedem,
1797 940 1849 986 et
1890 936 2068 988 evenit

492 1001 597 1058 illis
629 1008 770 1074 quod
811 1019 895 1064 est
919 1013 1057 1081 apud
1092 1014 1284 1070 lsaiam
1318 1036 1334 1075 :
1373 1038 1391 1071 ι
1426 1019 1593 1077 Terra
1626 1033 1804 1077 vestra
1829 1027 2064 1093 deserta,

490 1095 739 1155 civitates
781 1112 975 1159 vestrae
1008 1122 1285 1165 succensae
1330 1112 1465 1180 igni,
1513 1116 1788 1186 regionem
1833 1127 2065 1173 vestram

490 1201 675 1242 coram
731 1193 886 1249 vobis
932 1196 1094 1253 alieni
1142 1202 1406 1259 devorant
1458 1206 1652 1276 ipsam,
1714 1219 1769 1263 et
1821 1210 2064 1267 desolata

492 1289 597 1343 est,
631 1282 890 1340 subversa
921 1303 950 1340 a
981 1291 1194 1360 populis
1226 1295 1418 1352 alienis
1439 1298 1482 1351 ¹.
1515 1317 1536 1351 ι

565 1369 727 1427 Vens.
760 1375 845 1431 10.
887 1376 955 1431 In
989 1381 1076 1434 die
1117 1382 1233 1450 illa,
1279 1387 1403 1440 dicit
1437 1387 1688 1443 Dominus
1719 1390 2063 1461 omnipotens,

488 1475 766 1519 convocate
791 1473 1146 1542 unusquisque
1171 1477 1471 1545 proximum
1502 1495 1652 1535 suum
1689 1482 1866 1537 subter
1892 1484 2062 1549 vitem,

486 1563 535 1603 et
565 1556 744 1609 subter
769 1558 928 1625 ﬁcum
956 1577 1128 1620 suout.

558 1729 722 1787 XXll.
766 1732 1208 1797 MaliS‘omnibus
1237 1742 1511 1813 :obrutum
1568 1748 1656 1814 iri,
1712 1760 1935 1819 peccato
1981 1765 2065 1806 eo-

489 1833 606 1874 rum
656 1834 1013 1893 contrectato,
1066 1833 1155 1899 qui
1189 1836 1343 1901 quasi
1395 1837 1449 1891 in
1492 1814 2060 1908 foveam—deciderint,
2094 1814 2137 1868 Β

487 1922 709 1983 pmptcr
746 1917 1024 1976 Christum
1072 1923 1142 1977 ab
1175 1939 1233 1980 se
1279 1927 1332 1981 in
1380 1943 1597 1984 crucem
1632 1941 1835 1998 actum,
1880 1943 2065 2004 aperte

487 2009 752 2077 praedixit.
785 2008 1144 2071 Credentibus
1176 2027 1356 2072 autem
1391 2030 1447 2075 et
1479 2022 1826 2092 diligentibus
1854 2042 1978 2080 eum
2011 2028 2063 2082 id

486 2113 591 2151 non
635 2100 976 2169 damnosum,
1008 2105 1116 2162 imo
1168 2107 1369 2164 lmtitiaa
1421 2113 1751 2182 etjucundae
1785 2117 2063 2185 cujusdam

486 2189 868 2248 delectationis
896 2197 1178 2253 materiam
1205 2198 1442 2257 futurum
1478 2204 1685 2260 utiliter
1709 2211 2061 2273 prtetiuntiat.

483 2280 785 2365 Attestatur
817 2285 929 2340 haec
972 2287 1137 2342 etiam
1169 2288 1354 2357 justus
1384 2293 1625 2350 Simeon.
1668 2298 1771 2353 Ubi
1810 2302 1954 2354 enim
1983 2302 2066 2357 di-

484 2371 667 2427 vinum
723 2375 985 2433 infantem
1054 2385 1379 2452 conspexit,
1437 2388 1723 2458 ipsumque
1789 2392 1845 2446 in
1909 2394 2064 2451 ulnas

484 2464 713 2532 accepit,
756 2467 836 2521 sic
879 2473 1222 2539 prophetavit
1253 2493 1269 2530 :
1306 2492 1328 2526 ι
1358 2476 1498 2532 Ecce
1522 2479 1730 2547 positus
1760 2490 1845 2536 est
1877 2483 1964 2539 hic
2009 2485 2061 2539 iu

488 2555 697 2609 ruinam
736 2566 788 2612 et
829 2559 882 2613 in
926 2565 1385 2620 resurrectionem
1440 2569 1759 2637 multorum,
1792 2574 1929 2628 etin
1984 2575 2063 2629 si-

480 2661 645 2715 gnum
686 2649 769 2702 cui
817 2653 1339 2723 contradicetur’.)
1394 2657 1723 2716 Ceciderunt
1763 2665 1931 2730 enim,
1969 2667 2058 2736 qui

481 2740 801 2805 sanguinem
853 2740 1059 2808 justum
1116 2761 1281 2814 super
1330 2752 1510 2820 capita
1565 2769 1660 2809 sua
1725 2756 2057 2825 hauserunt,

485 2829 638 2883 velut
691 2830 943 2901 projecti,
1001 2844 1054 2889 et
1089 2835 1364 2905 iacentes,
1409 2851 1463 2896 et
1502 2845 1739 2915 pedibus
1783 2848 2061 2904 diabolicis

485 2916 746 2974 substrati
780 2940 795 2975 :
826 2926 993 2979 erecti
1046 2934 1171 2980 sunt
1219 2930 1309 2997 qui
1364 2946 1429 2986 ex
1484 2935 1730 3001 gentibus
1781 2938 1847 2991 a‘d
1904 2939 2057 2992 [idem

485 3023 771 3067 venerunt.
809 3014 875 3069 Et
903 3016 1016 3086 ipse
1044 3018 1294 3076 Christus
1321 3023 1517 3078 alicubi
1542 3028 1749 3081 sanctis
1776 3028 2059 3096 discipulis

2171 752 2288 819 φείς
2308 768 2320 781 ο
2366 771 2384 804 t
2415 751 2723 822 Θυγατέρες
2757 752 3127 822 Ἰερουσαλὴμ,
3160 753 3234 821 μὴ
3255 751 3468 805 κλαίετε
3491 752 3574 804 ἐπ’
3598 752 3741 821 ἐμοὶ,

2170 846 2307 917 πλὴν
2338 847 2421 915 ἐφ’
2444 848 2663 908 ἑαυταῖς
2691 844 2907 898 κλαίετε
2944 845 3036 907 καὶ
3058 846 3149 898 ἐπὶ
3169 847 3276 907 τοῖς
3297 844 3504 906 τέκνοις
3525 840 3696 912 ὑμῶν.
3721 864 3739 896 ι

2170 937 2563 1007 Παραδέδονται
2586 934 2695 1005 γὰρ
2722 935 2799 996 εἰς
2824 933 3042 1003 ὄλεθρον
3100 932 3192 984 καὶ
3223 931 3455 1001 σφαγὴν,
3490 930 3585 983 καὶ
3610 947 3741 1000 συμο

2169 1027 2403 1098 ϐέϐηκεν
2431 1028 2611 1089 αὑτοῖς
2635 1025 2706 1078 τὰ
2736 1025 2824 1079 διὰ
2853 1025 3036 1095 φωνῆς
3068 1023 3290 1075 Ἡσαΐου
3313 1038 3326 1051 ·
3358 1042 3375 1074 ι
3399 1022 3457 1073 'll
3486 1021 3558 1090 γῆ
3591 1020 3744 1091 ὑμῶν

2168 1119 2394 1189 ἔρημος,
2443 1119 2500 1171 αἱ
2555 1117 2738 1179 πόλεις
2788 1115 2943 1187 ὑμῶν
2984 1114 3366 1186 πυρίκαυστοι,
3414 1114 3513 1185 τὴν
3563 1114 3743 1185 χώραν

2169 1211 2322 1279 ὑμῶν
2366 1208 2595 1263 ἐνώπιον
2636 1207 2790 1278 ὑμῶν
2838 1204 3108 1276 ἀλλότριοι
3147 1205 3521 1258 κατεσθίουσιν
3550 1204 3739 1275 αὐτὴν,

2167 1303 2261 1357 καὶ
2287 1302 2579 1372 ἠρήμωται
2605 1298 3064 1369 κατεστραμμένη
3087 1297 3190 1349 ὑπὸ
3210 1296 3355 1349 λαῶν
3378 1295 3690 1366 ἀλλοτρίων.
3716 1316 3735 1347 ι

2250 1395 2348 1447 Ἐν
2414 1391 2489 1460 τῇ
2532 1390 2720 1460 ἡμέρᾳ
2764 1390 2991 1459 ἐκείνῃ,
3040 1389 3206 1458 λέγει
3258 1389 3477 1456 Κύριος
3525 1401 3742 1440 παντο·

2166 1486 2429 1555 κράτωρ,
2498 1482 2920 1551 συγκαλέσατε
2986 1482 3244 1547 ἕκαστος
3308 1480 3416 1534 τὸν
3474 1480 3742 1547 πλησίον

2164 1578 2349 1633 αὑτοῦ
2374 1576 2654 1631 ὑποκάτω
2700 1574 2972 1645 ἀμπέλου
3042 1574 3143 1629 καὶ
3219 1571 3497 1628 ὑποκάτω
3540 1571 3741 1639 συκῆς

2165 1686 2201 1726 a
2211 1668 2369 1722 ὑτοῦ.

2237 1762 2365 1813 KB'.
2401 1761 2522 1813 Ὅτι
2547 1759 2643 1829 μὲν
2666 1759 2725 1812 ὲν
2746 1757 2910 1810 παντὶ⁹
2932 1756 3253 1826 γενήσονται
3286 1752 3460 1823 κακῷ,
3481 1751 3741 1822 ψηλαφω-

2170 1852 2337 1923 μένης
2366 1850 2542 1904 αὑτῶν
2567 1850 2667 1919 τῆς
2726 1847 3021 1919 ἁμαρτίας,
3049 1848 3099 1900 oi.
3141 1844 3390 1913 καθάπερ
3438 1845 3518 1906 εἰς
3551 1842 3740 1912 βόθρον

2166 1942 2642 2015 κατενηνεγμένοι,
2664 1942 2753 1995 διά
2777 1958 2842 2010 γε
2872 1940 2933 1993 τὸ
2980 1937 3291 2010 σταυρῶσαι
3322 1936 3576 2006 Χριστὸν,
3605 1948 3740 2007 προ-

2168 2039 2481 2109 μεμήνυκεν
2512 2035 2775 2107 ἐναργῶς.
2831 2034 2950 2087 Ὅτι
3012 2032 3069 2085 δὲ
3120 2033 3233 2094 τοῖς
3273 2028 3607 2093 πιστεύουσι,
3646 2027 3740 2079 καὶ

2164 2129 2505 2201 ἠγαπηκόσιν
2526 2128 2709 2191 αὑτὸν,
2728 2128 2828 2180 οὑκ
2850 2125 3074 2196 ἀκερδὲς
3104 2124 3255 2175 ἔσται
3280 2120 3340 2173 τὸ
3368 2119 3576 2191 χρῆμα,
3608 2118 3742 2187 μᾶλ-

2163 2221 2254 2275 λον
2280 2220 2336 2272 δὲ
2367 2222 2460 2274 καὶ
2487 2218 2622 2289 πρὸς
2644 2215 2981 2287 εὐφροσύνης
3017 2215 3109 2267 καὶ
3136 2211 3378 2283 τέρψεων
3407 2208 3737 2278 ἐπιτερπῶν,

2165 2307 2528 2380 προαγορεύει
2552 2306 2859 2378 χρησέμως.
2902 2301 3260 2374 Μαρτυρήσει
3305 2299 3360 2351 δὲ
3404 2297 3614 2358 τούτοις
3647 2296 3740 2349 καὶ

2162 2402 2191 2453 ό
2216 2400 2420 2462 δίκαιος
2457 2396 2701 2467 Συμεών.
2737 2397 2865 2448 Ὅτε
2904 2395 3014 2464 γὰρ
3055 2390 3117 2444 τὸ
3154 2390 3294 2443 θεῖον
3325 2387 3578 2441 τεθέαται
3612 2386 3739 2456 βρέ-

2164 2507 2281 2558 φος,
2311 2488 2405 2541 καὶ
2432 2488 2513 2549 εἰς
2540 2484 2784 2554 ἀγκάλας
2808 2483 3045 2548 ἐδέξατο,
3092 2479 3487 2549 προεφήτευσε,
3527 2475 3701 2543 λέγων
3722 2488 3735 2501 °

2168 2600 2187 2633 ι
2243 2581 2373 2633 Ἰδοὺ
2400 2569 2555 2640 οὗτος
2598 2578 2778 2629 κεῖται
2805 2576 2884 2635 εἰς
2918 2571 3126 2624 πτῶσιν
3152 2570 3243 2622 καὶ
3282 2567 3577 2622 ἀνάστασιν
3612 2564 3741 2617 πολι

2160 2666 2291 2731 λῶν,
2319 2666 2413 2719 καὶ
2460 2666 2541 2727 εἰς
2590 2664 2813 2733 σημεῖον
2870 2660 3307 2728 ἀντιλεγόμενον.
3343 2675 3361 2707 ι
3409 2652 3738 2707 Πεπτώκασι

2161 2757 2268 2827 γὰρ
2293 2757 2343 2809 οἱ
2364 2756 2424 2808 τὸ
2449 2755 2655 2807 δίκαιον
2711 2747 2851 2823 αἷμα
2898 2754 3017 2812 ταῖς
3045 2749 3192 2817 σφῶν
3249 2746 3427 2801 αὐτῶν
3477 2743 3739 2812 ἐπαντλή-

2163 2862 2353 2907 σαντες
2386 2843 2673 2913 κεφαλαῖς,
2705 2841 2894 2912 ὥσπερ
2938 2839 3283 2911 ἐρριμμένοι,
3319 2837 3414 2889 καὶ
3450 2835 3694 2905 κείμενοι
3718 2874 3734 2895 ,

2161 2936 2253 2987 καὶ
2282 2935 2385 2987 ὑπὸ
2409 2934 2573 2996 πόδας
2627 2931 2780 2994 ὄντες
2826 2928 3182 2989 διαϐολικούς·
3228 2925 3562 2997 ώρθώθησαν
3600 2924 3655 2977 δὲ
3687 2924 3736 2975 oi

2161 2998 2223 3089 ἐξ
2242 3025 2430 3078 ἐθνῶν.
2465 3024 2575 3077 Καὶ
2603 3023 2762 3085 αὑτὸς
2809 3020 2865 3073 δέ
2920 3037 3021 3073 που
3072 3017 3326 3087 Χριστὸς,
3362 3012 3737 3086 προανεφώνει

486 3112 712 3157 mortem
763 3105 815 3159 in
863 3122 1026 3163 cruce
1068 3110 1173 3164 sibi
1207 3113 1578 3168 sustinendam
1613 3117 1874 3183 praedicit.
1914 3118 2055 3183 Quos

2165 3115 2261 3185 μὲν
2290 3119 2400 3178 τοῖς
2424 3114 2596 3180 ἁγίοις
2629 3113 2896 3183 μαθηταῖς
2935 3110 2995 3163 τὸ
3045 3110 3137 3161 ἐπὶ
3169 3106 3245 3178 τῷ
3273 3105 3489 3176 σταυρῷ
3530 3104 3699 3167 πάθος
3720 3119 3736 3134 °

484 3201 542 3241 ut
570 3192 752 3248 tristes
782 3194 940 3275 vidit,
966 3200 1255 3254 consolans
1280 3201 1485 3256 addidit
1517 3219 1531 3257 :
1568 3223 1586 3255 ι
1623 3204 1813 3260 Mulier
1839 3209 2057 3277 quando

485 3282 648 3348 parit,
687 3272 963 3341 tristitiam
1001 3289 1186 3354 habet,
1219 3292 1345 3359 quia
1379 3294 1525 3347 venit
1567 3296 1695 3348 hora
1729 3272 1871 3364 ejus:
1899 3298 2056 3352 Post-

483 3386 646 3434 quam
678 3384 861 3427 autem
894 3378 1123 3444 peperit,
1149 3379 1344 3447 gaudio
1370 3381 1587 3449 gaudet,
1621 3384 1745 3452 quia
1787 3394 1950 3439 natus
1974 3396 2056 3441 est

486 3463 647 3515 homo
680 3463 731 3516 in
772 3466 1049 3522 mundum.
1098 3467 1164 3521 Et
1204 3485 1300 3524 vos
1349 3486 1492 3527 nunc
1524 3473 1743 3543 quidem
1778 3476 2056 3532 tristitiam

485 3552 719 3621 habetis,
756 3555 950 3611 iterum
982 3568 1160 3613 autem
1186 3561 1439 3616 videbitis
1472 3579 1580 3630 me,
1606 3574 1660 3619 et
1687 3566 1940 3635 gaudebit
1964 3584 2059 3624 cur

481 3655 718 3700 vestrum
744 3649 785 3701 ⁸.
819 3666 837 3699 ι
894 3649 986 3704 Sic
1018 3660 1073 3705 et
1119 3653 1384 3709 excitatus
1420 3670 1449 3709 a
1506 3658 1734 3710 mortuis
1766 3657 1955 3713 ﬂentes
2000 3662 2056 3715 in

481 3739 641 3791 horto
682 3740 938 3795 mulieres
983 3743 1271 3798 salutando
1302 3745 1570 3802 allocutus
1608 3757 1692 3803 est
1713 3749 1754 3802 '.
1791 3768 1810 3802 ι
1844 3751 2056 3806 Conve-

482 3828 563 3882 nit
595 3845 759 3899 porro
793 3833 956 3887 etiam
987 3836 1283 3904 quemlibet
1328 3852 1451 3892 eum
1499 3840 1837 3910 diligentium
1889 3857 2055 3912 super

480 3936 645 3976 cruce
674 3931 729 3976 et
769 3926 1169 3981 resurrectione
1209 3928 1413 3994 dicere,
1474 3946 1494 3982 ι
1534 3929 1861 3986 Convertisti
1905 3934 2058 4002 plan-

478 4021 625 4065 ctum
665 4026 843 4067 meum
876 4014 928 4069 in
978 4017 1230 4087 gaudium
1263 4019 1427 4087 mihi;
1476 4023 1794 4077 conscidisti
1833 4037 2053 4078 saccum

444 4096 789 4169 ‘meum,'et
833 4104 1243 4164 circumdedisti
1295 4125 1381 4166 me
1426 4111 1612 4166 laetitia
1637 4112 1678 4166 ‘.
1714 4129 1733 4163 ι
1775 4112 2058 4178 Quomodo

476 4192 623 4247 enim
676 4208 783 4249 non
837 4197 1062 4250 evanuit
1113 4196 1309 4265 luctus,
1358 4209 1415 4255 et
1456 4200 1650 4255 ablata:
1697 4208 1824 4255 sunt
1866 4216 2056 4257 omnes

479 4283 733 4353 lacryma:
781 4285 853 4340 ab
900 4286 1046 4342 omni
1081 4288 1241 4354 facie,
1281 4299 1342 4345 ut
1366 4290 1496 4346 dicit
1531 4291 1792 4361 propheta
1815 4293 1861 4357 ",
1892 4292 2057 4347 Chri‘

477 4383 566 4429 sto
600 4375 652 4429 in
684 4377 847 4431 vitam
901 4390 1172 4445 revocato,
1202 4382 1363 4453 681
1394 4391 1450 4435 et
1490 4381 1719 4451 imperio
1767 4384 1958 4438 mortis
1988 4384 2057 4440 ab

2161 3206 2434 3277 ἐπειδὴδὲ
2480 3204 2772 3273 γεγονότας
2814 3204 2870 3254 ὲν
2918 3199 3241 3270 κατηφείαις
3288 3196 3561 3255 τεθέαται,
3597 3210 3738 3263 παρ-

2159 3298 2343 3351 εκάλει
2372 3297 2564 3365 λέγων·
2605 3315 2623 3347 ι
2645 3297 2710 3347 Ἣ
2737 3294 2873 3363 γυνὴ
2916 3294 3043 3346 ὅταν
3077 3292 3258 3361 τίκτῃ,
3292 3288 3469 3356 λύπην
3499 3286 3630 3356 ἔχει,
3654 3286 3737 3338 ὅτι

2157 3385 2320 3459 ἦλθεν
2372 3390 2403 3459 ἡ
2459 3387 2578 3458 ὥρα
2605 3387 2794 3455 αὑτῆς.
2823 3385 2991 3436 Ὅταν
3018 3382 3074 3436 δὲ
3103 3382 3260 3451 τέκῃ,
3317 3379 3462 3449 χαρᾷ
3514 3376 3733 3446 χαίρει,

2157 3483 2239 3534 ὅτι
2266 3480 2525 3551 ἐγεννήθη
2552 3480 2835 3549 ἅνθρωπος
2864 3479 2942 3539 εἰς
2982 3474 3071 3528 τὸν
3137 3473 3360 3542 κόσμον.
3427 3469 3537 3524 Καὶ
3575 3468 3737 3537 ὑμεῖς

2157 3573 2252 3625 νῦν
2302 3573 2398 3643 μὲν
2446 3572 2622 3642 λύπην
2659 3568 2831 3638 ἔχετε,
2891 3566 3116 3636 ὕστερον
3144 3565 3200 3618 δὲ
3264 3561 3458 3631 ὄψεσθέ
3508 3577 3595 3628 με,
3642 3558 3736 3611 καὶ

2157 3666 2455 3736 χαρήσεται
2476 3662 2629 3733 ὑμῶν
2678 3664 2712 3733 ή
2738 3661 2950 3731 καρδία.
2984 3679 3001 3710 ι
3059 3656 3215 3710 Οὕτω
3245 3655 3340 3707 καὶ
3369 3650 3737 3721 ἐγηγερμένος

2159 3758 2224 3809 ὲκ
2258 3754 2489 3826 νεκρῶν,
2529 3756 2649 3818 ταῖς
2689 3755 2747 3805 ὲν
2805 3752 2881 3821 τῷ
2945 3751 3105 3820 κήπῳ
3160 3744 3473 3806 κλαιούσαις
3519 3740 3736 3810 γυναιξὶ

2164 3846 2508 3918 προσεφώνει
2531 3846 2611 3912 τὸ,
2645 3844 2899 3915 Χαίρετε.
2939 3840 3145 3914 Πρέποι
3180 3839 3223 3891 δ’
3261 3837 3350 3899 ἂν,
3391 3836 3484 3888 καὶ
3508 3835 3737 3886 ’ἑκαστον

2158 3937 2266 3988 τῶν
2308 3933 2644 4003 ἀγαπώντων
2684 3932 2847 3986 αὑτὸν
2900 3930 2991 3982 ὲπξ
3032 3945 3095 3996 γε
3136 3925 3214 3997 τῷ
3270 3922 3487 3994 σταυρῷ
3527 3923 3620 3974 καὶ
3667 3923 3734 3990 τῇ

2158 4025 2450 4078 ἀναστάσει
2477 4024 2678 4090 λέγειν·
2718 4041 2737 4073 ι
2774 4017 3085 4090 Ἕστρεψας
3110 4015 3201 4069 τὸν
3241 4012 3470 4067 κοπετόν
3502 4027 3602 4079 μου
3656 4009 3733 4070 εἰς

2155 4116 2328 4187 χαρὰν
2350 4113 2494 4185 ἐμοὶ,
2516 4111 2803 4185 διέῤῥηξας
2828 4110 2919 4163 τὸν
2950 4109 3151 4161 σάκκον
3190 4122 3312 4176 μου,
3342 4102 3437 4157 καλ¹
3470 4099 3737 4171 περιέζω-

2159 4204 2257 4267 σάς
2289 4220 2356 4274 με
2378 4201 2738 4272 εὐφροσύνην.
2773 4219 2791 4250 ι
2853 4196 2977 4258 Πῶς
3032 4196 3138 4265 γὰρ
3159 4196 3260 4247 οὑκ
3290 4193 3494 4263 οἴχεται
3532 4189 3630 4260 μὲν
3671 4191 3736 4241 ὲκ

2157 4296 2335 4349 ποδῶν
2378 4293 2437 4347 τὸ
2494 4291 2733 4355 πενθεῖν,
2777 4288 3056 4359 ἀφῄρηται
3085 4286 3139 4338 δὲ
3187 4286 3293 4338 πᾶν
3345 4283 3577 4352 δάκρυον
3624 4278 3736 4332 ἀπὸ

2158 4386 2474 4457 προσώπου,
2513 4384 2655 4439 κατὰ
2700 4382 2797 4452 τὴν
2825 4379 2918 4433 τοῦ
2953 4379 3231 4449 προφήτου
3263 4376 3468 4447 φωνὴν,
3496 4374 3734 4442 ἐγηγερ-

477 4482 541 4518 nn
570 4467 899 4525 destructo?
927 4471 1048 4526 Vita
1078 4471 1223 4526 enim
1255 4483 1341 4527 est
1374 4481 1570 4527 natura
1594 4488 1690 4527 sua
1716 4473 1759 4540 ⁸,
1795 4482 2049 4543 tanquam

2163 4466 2327 4549 μένου
2355 4475 2615 4548 Χριστοῦ,
2657 4475 2752 4528 καὶ
2787 4472 2892 4544 [τὸ]
2915 4470 3008 4523 τοῦ
3063 4469 3291 4523 θανάτου
3332 4466 3737 4524 καταλύσαντος

478 4556 639 4623 Deus,
670 4561 917 4630 quamvis
965 4561 1018 4615 in
1071 4575 1235 4616 carne
1275 4562 1542 4630 apparuit.
1587 4561 1775 4631 Itaque
1810 4563 1896 4617 die
1928 4564 2043 4630 illa,

476 4650 573 4715 ait,
603 4652 704 4707 hoc
735 4662 817 4707 est
871 4653 963 4708 illo
1007 4665 1247 4721 tempore
1274 4669 1382 4724 quo
1413 4670 1479 4710 ex
1530 4658 1760 4711 mortuis
1790 4658 2048 4713 revixerit

473 4750 529 4794 et
565 4743 859 4799 ceciderint
887 4744 1264 4811 cruciﬁxores,
1300 4764 1319 4797 ι
1349 4756 1645 4803 convocate
1677 4751 2047 4821 unusquisque

476 4835 779 4899 proximum
816 4850 971 4889 suum
1003 4835 1190 4890 subter
1222 4837 1385 4892 vitem
1416 4847 1472 4893 et
1505 4839 1716 4893 ticum.)
1747 4841 1826 4896 Ac
1853 4842 1895 4895 si
1923 4843 2046 4912 quis

477 4924 617 4979 volet
648 4925 806 4980 talem
831 4942 1045 4980 sensum
1079 4927 1374 4996 simplicem
1410 4938 1464 4984 et
1492 4929 1709 4985 obvium
1737 4932 2043 4999 admittere,

476 5030 634 5071 voces
686 5017 782 5071 has
821 5017 1182 5084 spiritualium
1224 5020 1540 5087 gaudiorum
1584 5023 1887 5091 symbolum
1924 5037 2046 5078 esse

474 5105 779 5162 aliirmahit.
813 5107 1080 5162 Prtcterea
1113 5117 1166 5163 et
1193 5110 1319 5164 illud
1366 5127 1472 5165 non
1517 5111 1634 5167 sine
1675 5114 2047 5182 improbabili-

475 5208 584 5252 tatc
615 5199 721 5251 dici
754 5212 908 5268 posse
948 5215 1091 5265 reor,
1128 5201 1285 5256 ticum
1313 5211 1369 5257 et
1405 5205 1566 5259 vitem
1609 5206 1776 5260 videri
1811 5207 2047 5275 appella-

474 5300 580 5342 tam
614 5289 931 5356 Ecclesiam,
964 5290 1120 5359 cujus
1150 5276 1285 5348 item.
1308 5294 1520 5349 divinus
1547 5297 1753 5351 Cantor
1778 5298 2040 5363 meminit,

471 5396 762 5447 supernum
791 5397 854 5436 ac
886 5384 1160 5439 caelestem
1197 5401 1479 5455 sponsum,
1510 5388 1779 5442 Christum
1813 5389 2039 5457 scilicet,

472 5488 567 5541 per
617 5474 896 5543 ambagcm
947 5476 1315 5546 compellans:
1353 5495 1370 5528 t
1413 5477 1559 5533 Uxor
1589 5485 1678 5533 tua
1730 5478 1873 5535 sicut
1915 5479 2043 5533 vitis

541 5676 556 5707 '
596 5673 723 5732 ch.
749 5690 904 5741 xxtu,
932 5675 1020 5729 28.
1098 5678 1116 5706 ²
1149 5674 1250 5729 lsa.
1281 5690 1316 5734 ι,
1355 5677 1406 5731 7.

467 5741 489 5777 ⁷
517 5743 616 5802 lsa.
655 5760 777 5812 XXV,
806 5744 859 5800 8.
938 5745 958 5776 ⁸
984 5744 1143 5799 Jttztn.
1176 5761 1282 5798 XIV.
1308 5746 1359 5797 6.

2153 4569 2387 4641 κράτος;
2429 4565 2550 4636 Ζωὴ
2584 4566 2688 4636 γάρ
2738 4565 2854 4616 ἐστι
2892 4560 3034 4615 κατὰ
3072 4559 3230 4628 φύσιν
3256 4559 3331 4621 ὡς
3360 4557 3511 4621 Θεὸς,
3552 4553 3655 4607 κᾶν
3683 4556 3736 4606 εἰ

2155 4659 2395 4728 πέφηνεν
2447 4658 2503 4710 ἐν
2544 4656 2727 4727 σαρκί.
2756 4655 2962 4708 Οὐκοῦν
2983 4652 3055 4721 τῇ
3080 4650 3265 4720 ἡμέρᾳ
3290 4650 3513 4717 ἐκείνῃ,
3561 4650 3696 4716 φησι
3717 4687 3733 4710 ,

2152 4750 2417 4814 τουτέστι,
2449 4749 2572 4803 κατ’
2610 4749 2786 4801 ἐκεῖνο
2820 4744 3034 4815 καιροῦ,
3074 4743 3196 4797 καθ’
3246 4742 3307 4794 ὃν
3364 4740 3605 4810 ἁναόιῴη
3666 4743 3737 4795 ἐκ

2152 4843 2382 4912 νεκρῶν,
2419 4840 2783 4894 πεπτωκότων
2808 4838 2916 4889 τῶν
2968 4832 3391 4904 ὲσταυρωκότων
3414 4870 3427 4891 ,
3466 4831 3737 4896 συγκαλέ-

2156 4951 2284 4987 σατε
2305 4934 2531 4995 ἕκαστος
2561 4932 2650 4984 τὸν
2674 4930 2897 4999 πλησίον
2957 4926 3123 4980 αὑτοῦ
3155 4926 3413 4978 ὑποκάτω
3452 4922 3731 4993 ἀμπέλου,

2154 5025 2247 5077 καὶ
2272 5024 2527 5078 ὑποκάτω
2572 5023 2759 5092 συκῆς.
2794 5019 2902 5073 Καὶ
2934 5020 2981 5070 εἰ
3010 5018 3109 5089 μὲν
3153 5015 3393 5086 βούλοιτό
3415 5032 3495 5076 τις
3525 5013 3737 5067 ἁπλοῦν

2155 5116 2249 5170 καὶ
2301 5116 2589 5185 πρόχειρον
2624 5112 2715 5165 τὸν
2756 5110 2994 5164 τοιοῦτον
3056 5108 3386 5177 εἰσδέχεσθαι
3428 5105 3570 5165 νοῦν,
3604 5104 3737 5175 τέρ-

2151 5205 2297 5273 ψεων
2326 5199 2464 5256 εἶναι
2494 5202 2602 5253 τῶν
2630 5200 3014 5271 πνευματικῶν
3039 5197 3305 5267 σύμϐολον
3351 5193 3736 5248 διαϐεϐαιώσε-

2149 5314 2239 5349 ται
2266 5294 2335 5347 τὰ
2360 5294 2742 5365 ώνομασμένα.
2771 5292 2883 5345 Οὑκ
2906 5290 3164 5343 ἀπίθανον
3185 5287 3240 5339 δὲ
3269 5282 3403 5339 εἴναὶ
3430 5302 3571 5354 φημι
3594 5284 3736 5355 πρὶς

2149 5386 2323 5456 τούτῳ
2357 5387 2574 5438 κάκεῖνο
2611 5386 2804 5445 εἰπεῖν,
2834 5383 2916 5435 ὅτι
2963 5380 3134 5449 συκῆν
3160 5380 3251 5431 καὶ
3281 5376 3525 5447 ἄμπελον
3554 5374 3735 5428 ἔοικεν

2149 5478 2442 5531 ἀποκαλεῖν
2470 5476 2569 5547 τὴν
2610 5473 2954 5545 Ἐκκλησίαν,
2985 5469 3053 5545 ἧς
3080 5472 3171 5523 καὶ
3211 5471 3239 5522 ὀ
3265 5467 3547 5528 θεσπέσιος
3582 5464 3733 5519 Μελ-

1488 5678 1506 5709 ³
1543 5676 1671 5733 Luc.
1704 5694 1761 5745 tt,
1799 5678 1885 5734 δι.
1963 5678 1981 5709 ’⁵
2007 5677 2056 5733 ,ιε

2196 5693 2302 5743 xu,
2330 5678 2417 5741 Ἣ,
2458 5676 2546 5731 ‘22.
2625 5678 2643 5707 ⁸
2669 5675 2820 5731 Joan.
2852 5693 2941 5738 xx,
2968 5674 3150 5728 15-17.
3229 5674 3247 5702 ⁸
3278 5670 3415 5725 Psd.
3451 5686 3598 5737 XXIX,
3636 5670 3728 5727 12.
