3936 6318
155 384 207 440 57
924 377 1478 438 COMMENTARIUS
1517 379 1581 433 IN
1622 379 2022 435 ZACIIARIAM
2068 376 2520 434 PROPIIETAM.
3305 372 3375 427 53

154 496 266 565 ῳῶς
313 492 697 563 διαμέμνηται,
740 494 914 562 λέγων
965 496 1378 567 αἰνιγματωδῶς
1432 498 1566 567 πρὸς
1604 498 1691 549 τὸν

1834 501 2102 565 ὺιιηεΙιιιιε,
2145 502 2193 553 in
2245 500 2504 553 lateribus
2544 498 2734 551 domus
2777 504 2881 549 tua:
2906 496 2946 546 ’.
2980 513 2999 546 ι
3037 491 3126 547 Ait
3181 499 3236 545 ct
3265 493 3379 560 ipse

154 585 325 640 ἄνωθεν
357 584 443 636 καὶ
481 585 539 649 ὲξ
568 586 795 655 ούρανοῦ
843 587 1092 657 νυμφίον,
1136 590 1403 646 τουτέστι,
1436 588 1690 658 Χριστόν*

159 698 173 728 ι
210 677 263 729 Ἦ
280 676 400 744 γυνή
430 692 524 727 σου
553 676 627 739 ὡς
649 677 889 746 ἄμπελος
919 679 1240 747 εὑθηνοῦσα,
1266 684 1322 733 ἐν
1356 683 1467 743 τοῖς
1491 680 1697 733 κλίτεσι

150 767 232 835 τῆς
254 765 415 825 οἰκίας
454 780 566 819 σου,
608 783 626 816 ι
652 767 794 836 Ἔφη
820 767 876 818 δέ
916 784 1018 819 που
1059 768 1151 820 καὶ
1174 770 1335 831 αὐτὸς
1360 770 1389 820 ό
1420 768 1527 821 τῶν
1559 769 1698 821 ὅλων

152 857 279 919 836:;-
314 875 331 906 ι
364 856 426 908 Αἱ
451 856 688 926 ἄμπελοι
739 857 1116 929 κυπρίζουσιν,
1169 859 1374 912 ἔδωκαν
1428 860 1623 929 ὀσμὴν,
1664 860 1698 929 ὴ

152 948 271 1016 συκῆ
296 947 575 1016 ἐξήνεγκεν
618 947 871 1011 ὀλύνθους
924 951 1113 1021 αὐτῆς.
1150 970 1168 1001 ι
1212 951 1297 1013 Ὡς
1325 950 1431 1021 γὰρ
1454 951 1554 1021 ἤδη
1588 952 1698 1003 τῶν

160 1037 463 1106 Ἑκκλησιῶν
492 1038 813 1110 ἀρξαμένων
846 1043 903 1093 ὲν
937 1041 1126 1112 κόσμῳ
1150 1042 1237 1095 διὰ
1269 1044 1367 1113 τῆς
1415 1045 1497 1106 εἰς
1537 1045 1700 1099 αὐτὸν

150 1126 427 1191 εὒωδιάζειν
451 1127 710 1194 πίστεως,
729 1130 828 1193 τὰς
848 1132 1125 1200 ἀμπέλους
1142 1131 1244 1203 ἔφη
1273 1133 1583 1203 κυπρίζειν,
1608 1134 1703 1186 καὶ

154 1219 243 1287 μὴν
272 1218 357 1270 καὶ
388 1217 734 1285 ἐκφαίνεσθαι
756 1220 884 1282 τοὺς
921 1220 1197 1283 ὀλύνθους·
1248 1221 1489 1283 νοηθεῖεν
1519 1221 1585 1274 ἂν
1611 1222 1705 1274 καὶ

148 1301 290 1371 οὗτοι,
320 1307 423 1359 τῶν
444 1308 568 1378 ἄρτι
604 1310 1043 1364 πεπιστευκότων
1072 1313 1105 1380 ή
1138 1309 1290 1363 οὔπω
1320 1310 1418 1380 μὲν
1444 1312 1704 1381 πέπειρος

150 1398 457 1465 καὶγλυκεῖα
488 1398 731 1467 πληθὺς,
789 1399 1021 1468 ἐσομένη
1082 1400 1139 1453 δὲ
1195 1400 1336 1453 κατὰ
1378 1400 1575 1471 βραχὺ,
1612 1401 1706 1454 καὶ

146 1493 251 1553 ταῖς
276 1493 349 1552 είς
384 1490 444 1541 τὸ
503 1490 726 1559 ἄμεινον
783 1490 1086 1545 ὲπιὸόσεσιν
1136 1490 1289 1544 ίοῦσα
1346 1492 1479 1561 πρὸς
1527 1492 1702 1546 τοῦτο.

159 1578 510 1648 Ἀδρυνθὲντες
542 1579 671 1648 γὰρ,
703 1578 796 1631 καὶ
826 1580 904 1640 εἰς
935 1579 1105 1649 ἄνδρα
1143 1579 1348 1633 τέλειον
1376 1580 1708 1649 ἀνασεϐηκό-

147 1687 224 1732 τες
249 1666 333 1721 τοῦ
359 1668 725 1739 πληρώματος
775 1668 869 1720 τοῦ
921 1668 1178 1738 Χριστοῦ,
1236 1669 1454 1737 γλυκεῖς
1510 1664 1708 1741 οἷάπερ

148 1759 361 1830 ἐσόμεθα
389 1760 593 1830 καρποὶ
635 1758 713 1828 τῷ
747 1758 887 1829 Θεῷ,
938 1758 1192 1830 καθάπερ
1250 1760 1422 1830 μητρί
1481 1778 1590 1813 τινι
1641 1764 1706 1832 τῇ

161 1846 433 1916 Ἐκκλησία
492 1847 961 1918 προσπεφυκότες.
1018 1846 1227 1900 Οὐκοῦν
1280 1847 1370 1900 διὰ
1418 1865 1479 1901 τε
1535 1850 1702 1919 συκῆς
1735 1832 1779 1889 Β

149 1938 231 1989 καὶ
265 1938 506 2007 ἀμπέλου
565 1938 1025 2008 νοουμένων’τῶν
1071 1939 1428 2009 Ἐκκλησιῶν,
1480 1940 1572 1993 ὑπ’
1610 1941 1708 1994 αῦ-

146 2031 252 2091 ταῖς
286 2029 537 2098 ἐσόμεθα,
566 2030 661 2081 καὶ
718 2030 775 2082 ὲν
808 2031 995 2093 αὐταῖς
1044 2030 1443 2101 καταλύσομεν,
1476 2048 1712 2101 προτρο-

150 2117 303 2185 πάδην
364 2119 617 2188 ἀλλήλοις
673 2121 849 2173 ἐκεῖνο
900 2120 1152 2188 λέγοντες
1210 2120 1274 2174 τὸ
1337 2122 1711 2192 προρητικόνο

153 2226 168 2258 ι
191 2208 358 2270 Δεῦτε,
385 2209 679 2278 ἀναθῶμεν
702 2211 784 2273 είς
804 2210 862 2263 τὸ
889 2211 1013 2280 ὄρος
1042 2211 1269 2282 Κυρίου,
1298 2214 1391 2266 καὶ
1414 2214 1493 2275 είς
1517 2213 1609 2265 τὸν
1636 2209 1715 2265 οἶ-

150 2313 231 2347 κον
256 2295 343 2348 τοῦ
400 2296 539 2349 Θεοῦ
574 2297 789 2365 Ἰακὼϐ,
826 2300 919 2351 καὶ
954 2300 1245 2368 ἀναγγελεῖ
1294 2302 1423 2370 ἡμῖν
1466 2303 1563 2372 τὴν
1591 2302 1709 2358 ὁδὸν

151 2386 316 2449 αὐτοῦ,
355 2389 446 2441 καὶ
490 2389 870 2459 πορευσόμεθα
904 2392 962 2443 ἐν
988 2391 1150 2461 αὐτῇ.
1185 2410 1203 2443 ι
1241 2392 1378 2445 Εῑδὲ
1403 2392 1466 2462 δὴ
1497 2393 1709 2460 γένοιτο

152 2476 314 2529 τούτου
340 2480 544 2547 τυχεῖν,
584 2479 805 2532 ἐπαίνου
862 2480 1061 2543 παντὸς
1112 2480 1419 2550 ἀξιώσομεν
1453 2483 1578 2544 τοὺς
1632 2484 1715 2546 είς

152 2565 288 2619 τοῦτο
308 2569 664 2638 κεκληκότας.
694 2569 855 2623 πάλιν
893 2571 1075 2623 ἐκεῖνο
1095 2570 1361 2638 λέγοντες·
1401 2590 1420 2623 ι
1459 2572 1713 2643 Εὐφράν-

155 2658 238 2728 θην
263 2660 348 2711 ἐπὶ
374 2663 486 2722 τοῖς
514 2660 760 2729 εἰρηκόσι
794 2678 918 2730 μοι·
957 2662 1051 2722 EI;
1107 2656 1253 2713 οῐκον
1283 2661 1486 2731 Κυρίου
1516 2680 1715 2732 πορευ-

157 2749 353 2819 σόμεθα.
390 2768 407 2801 ›
444 2750 708 2819 Τέρψεως
738 2752 845 2823 γὰρ
870 2754 1000 2821 ἡμῖν
1027 2751 1122 2821 τῆς
1152 2752 1412 2804 ἀνωτάτω
1442 2753 1503 2805 τὸ
1525 2754 1716 2824 χρῆμα

154 2839 338 2907 καρπὸς
358 2841 612 2894 νοοῖτ’ἂν
660 2842 909 2905 είκότως.
948 2842 1238 2912 Τοιγάρτοι
1285 2842 1447 2895 πάλιν
1483 2844 1716 2913 ἐροῦμεν

1801 591 2172 644 universorum
2209 593 2349 644 Deus
2386 590 2618 657 quodam
2653 588 2771 641 loco
2806 603 2819 639 :
2861 603 2879 635 ι
2916 584 3096 638 Vineae
3127 581 3381 635 ﬂorentes

1800 682 2067 734 dederunt
2116 682 2335 733 odorem
2387 694 2568 742 suum,
2617 686 2670 730 et
2719 676 2853 728 licus
2889 671 3381 741 protuliLgrossos

1802 787 1930 826 suos
1959 772 2021 825 ¹⁰.
2053 791 2070 822 ι
2109 770 2182 826 Ut
2213 771 2357 824 enim
2385 768 2517 835 jam,
2556 766 2810 821 Ecclesiis
2847 767 2899 817 in
2943 762 3142 815 mundo
3173 762 3275 813 title
3326 758 3379 811 in

1803 863 1976 931 ipsum
2020 862 2307 923 inchoatis,
2338 861 2524 913 vincas
2553 873 2771 911 suavem
2802 856 3011 923 spirare
3035 853 3276 914 odorem,
3311 863 3377 902 ac

1801 952 1995 1006 ﬂorere
2023 962 2183 1019 atque
2216 952 2435 1017 insuper
2482 963 2702 1018 grossos
2730 960 2920 1013 parere
2949 945 3080 997 dicit
3110 959 3123 994 :
3149 954 3378 1008 quorum

1805 1044 2022 1096 nomine
2055 1058 2225 1110 nuper
2259 1042 2361 1095 Iide
2410 1040 2744 1093 initiatornm
2794 1034 3026 1088 nonduin
3069 1042 3277 1084 matura
3326 1038 3384 1083 et

1804 1135 1975 1187 dulcis
2020 1133 2327 1194 multitudo,
2387 1130 2568 1183 futura
2605 1138 2785 1179 autem
2820 1123 3076 1193 paulatim
3124 1131 3175 1173 et
3214 1122 3384 1173 incre-

1808 1223 2007 1275 mentis
2037 1223 2101 1274 ad
2147 1221 2367 1274 meliora
2412 1220 2516 1272 hnc
2543 1217 2895 1286 progrediens
2920 1211 3146 1279 intelligi
3182 1217 3379 1278 pOtest.

1804 1312 1998 1380 Adepti
2046 1311 2190 1365 enim
2243 1309 2698 1377 magnitudinem,
2757 1326 2775 1358 ι
2805 1314 2858 1360 et
2906 1306 2957 1358 in
2993 1304 3165 1358 virum
3203 1302 3384 1371 perle-

1806 1412 1953 1456 ctum
2000 1401 2349 1469 plenitudinis
2392 1398 2597 1453 Christi
2626 1399 2669 1434 ι¹
2707 1416 2725 1448 ι
2758 1397 2951 1460 evecti,
3000 1395 3186 1448 dulces
3232 1390 3383 1460 quasi

1808 1492 2017 1546 fructus
2050 1492 2253 1545 erimus
2303 1490 2431 1551 Deo,
2478 1489 2735 1543 Ecclesiae
2777 1486 2926 1539 velut
2972 1484 3128 1538 matri
3180 1480 3384 1550 agnati.

1808 1583 2149 1652 Qnapmpter
2186 1594 2282 1650 per
2315 1580 2474 1633 ticum
2507 1586 2560 1632 et
2590 1582 2754 1631 vitem
2796 1573 3082 1629 intellectis
3110 1570 3385 1630 Ecclesiis,

1809 1676 1909 1729 sub
1947 1674 2079 1742 ipsis
2111 1674 2333 1734 erimus,
2371 1679 2426 1725 et
2474 1670 2526 1723 in
2558 1669 2691 1738 ipsis
2732 1665 3153 1726 diversabitnur,
3190 1665 3387 1715 cohor-

1815 1763 2085 1831 tandoque
2136 1761 2277 1815 inter
2330 1774 2429 1814 nos
2482 1760 2726 1813 dicemus
2777 1755 2907 1809 illud
2954 1751 3329 1821 propheticum
3370 1766 3385 1801 :

1812 1872 1829 1904 ι
1865 1853 2080 1917 Venite,
2122 1851 2482 1906 ascendamus
2537 1850 2604 1902 ad
2654 1855 2891 1901 montem
2944 1841 3189 1904 Domini,
3222 1848 3278 1893 et
3320 1839 3389 1891 ad

1806 1947 2023 1999 domum
2091 1944 2181 1997 Dei
2231 1941 2433 2003 Jacob,
2512 1946 2567 1995 et
2625 1936 2967 1992 annuntiabit
3020 1934 3176 1987 nobis
3244 1931 3387 1982 viam

1809 2051 1985 2099 suam,
2014 2044 2068 2089 et
2102 2032 2496 2087 atnhulabimus
2544 2031 2596 2084 in
2636 2043 2699 2082 ea
2725 2029 2790 2080 “.
2827 2045 2845 2079 ι
2879 2026 3030 2092 Quod
3065 2026 3109 2079 si
3155 2020 3388 2077 assecuti

1813 2126 2099 2191 fuerimus,
2125 2124 2458 2179 omnimodis
2489 2120 2906 2192 praedicabimus
2936 2118 3028 2187 qni
3058 2130 3158 2169 nos
3196 2115 3262 2166 ad
3290 2112 3392 2164 hoc

1819 2226 2102 2279 vocarunt,
2148 2217 2496 2285 dicemusque
2529 2230 2542 2266 :
2575 2232 2593 2265 ι
2624 2212 2860 2266 Lanatus
2906 2224 3023 2264 sum
3068 2209 3119 2260 in
3166 2205 3249 2259 his
3299 2201 3391 2269 qui

1813 2308 2065 2362 dixerunt
2125 2308 2256 2361 mibi
2290 2325 2303 2360 :
2340 2310 2401 2363 In
2472 2307 2689 2359 domum
2750 2301 2964 2357 Domini
3037 2298 3231 2353 ibimus
3263 2294 3325 2347 ⁸³.
3365 2309 3386 2344 ι

1815 2396 2039 2452 Summa
2087 2396 2231 2455 enim
2283 2395 2466 2449 latitia
2520 2394 2729 2448 fructus
2779 2400 2967 2446 noster
3009 2386 3235 2453 intelligi
3273 2384 3394 2452 jure

1813 2495 1993 2556 queat.
2035 2486 2272 2541 Proinde
2296 2500 2483 2540 rursus
2519 2485 2649 2538 illud
2688 2479 3095 2549 Psalmographi
3122 2476 3394 2530 exclama-

1814 2578 1995 2631 bimus
2028 2596 2040 2631 :
2077 2595 2095 2627 ι
2129 2577 2303 2631 Unam
2339 2575 2500 2643 petivi
2546 2588 2576 2626 a
2609 2573 2856 2634 Domino,
2908 2570 3047 2622 hanc
3093 2565 3390 2634 requiram,

1819 2675 1875 2719 ut
1910 2666 2202 2719 inhabilem
2240 2668 2299 2722 in
2338 2664 2501 2718 domo
2533 2661 2744 2717 Domini
2776 2660 3028 2714 omnibus
3058 2656 3248 2710 diebus
3271 2654 3396 2705 vitae

1818 2770 1949 2810 meae
1983 2771 2000 2810 :
2029 2766 2089 2810 ut
2133 2756 2345 2809 videam
2402 2754 2733 2819 voluptatem
2792 2748 3025 2811 Domini,
3078 2754 3135 2799 et
3183 2743 3393 2797 visitem

1820 2848 2079 2916 templum
2115 2856 2360 2902 sanctum
2385 2846 2502 2915 ejus
2527 2844 2589 2897 “.
2625 2864 2643 2895 ι

156 2929 275 2981 κατά
300 2929 388 2981 τόν
412 2931 740 3002 Ψαλμῳδόν·
766 2951 784 2982 ι
810 2934 953 2987 Μίαν
981 2933 1270 3004 ᾐτησάμην
1300 2935 1451 3004 παρὰ
1476 2937 1702 3007 Κυρίου,
1742 2939 1948 3009 ταύτην
2021 2940 2259 3010 ζητήσω,
2322 2939 2410 2993 τοῦ
2472 2938 2748 2991 κατοικεῖν
2813 2951 2879 3004 με
2919 2934 2977 2984 ἐν
3026 2931 3161 2999 οῗκῳ
3190 2923 3397 2994 Κυρίθυ

157 3022 309 3085 πάσας
327 3024 421 3086 τὰς
450 3025 671 3095 ἡμέρας
726 3025 821 3094 τῆς
864 3025 1009 3095 ζωῆς
1070 3041 1193 3093 μου,
1256 3027 1347 3079 τοῦ
1398 3026 1621 3099 θεωρεῖν
1649 3048 1716 3101 με
1756 3031 1855 3103 τὴν
1876 3034 2216 3104 τερπνότητα
2267 3030 2610 3103 Κυρίου,καὶ
2674 3024 3098 3080 ἐπισκέπτεσθαι
3126 3018 3215 3073 τὸν
3245 3016 3398 3085 ἅγιον

159 3114 317 3169 αὑτοῦ.
356 3135 375 3168 ι

390 3258 781 3345 ΤΟΜΟΣ
858 3258 1450 3347 ΔΕΥΤΕΡΟΣ.

742 3416 994 3471 ΚΕΦΑΛ.
1042 3419 1116 3473 Δ’.

216 3550 311 3604 Καί
333 3543 716 3620 ἐπέστρεψεν
751 3548 785 3604 ὁ
822 3552 1077 3620 ἅγγελος
1132 3555 1165 3606 ὀ
1213 3552 1422 3606 λαλῶν
1460 3553 1528 3606 ἐν
1550 3551 1679 3620 ἐμοὶ
1704 3591 1718 3615 ,

160 3640 243 3691 καὶ
277 3641 547 3711 ἑξήγειρέ
564 3659 662 3711 με,
707 3640 778 3695 ὃν
814 3644 1058 3709 τρόπον,
1110 3643 1254 3695 ὅταν
1286 3643 1572 3712 ἐξεγερθῇ
1621 3644 1724 3696 ἇν-

160 3733 363 3799 θρωαος
394 3735 464 3799 ἐξ
498 3735 702 3787 ὕπνου
750 3734 960 3796 αὑτοῦ,
1000 3735 1098 3787 καὶ
1142 3736 1272 3788 εἷπε
1324 3737 1475 3803 πρός
1528 3753 1624 3803 με·
1665 3736 1724 3789 Τί

161 3819 229 3871 σὺ
254 3821 499 3890 ,ϐλέπεις
518 3840 544 3888 ;
565 3822 672 3876 Kal
703 3818 841 3877 εἶπα
859 3840 872 3853 ο
914 3822 1196 3892 Ἑώρακα,
1219 3825 1316 3878 καὶ
1344 3825 1471 3878 ἰδοὺ
1502 3826 1727 3894 λυχνία

162 3910 337 3978 κρυσῆ
366 3912 503 3981 ὅλη,
541 3913 641 3966 καὶ
669 3911 735 3965 τὸ
756 3911 1098 3980 λαμπάδιον
1125 3913 1327 3967 ἐπάνω
1383 3913 1592 3981 αὐτῆς.
1626 3914 1726 3967 καὶ

163 3991 291 4047 ἑπτὰ
314 4000 532 4067 λύχνοι
562 3997 762 4052 ἐπάνω
798 3999 1007 4067 αὐτῆς,
1044 4000 1145 4055 καὶ
1181 4001 1331 4055 ἑπτὰ
1372 4002 1728 4070 ἐπαρυστρί-

161 4082 248 4151 ὄες
286 4088 405 4156 τοῖς
457 4092 720 4159 λύχνοις
766 4089 892 4156 τοῖς
933 4091 1136 4147 ἐπάνω
1192 4093 1383 4162 αὐτῆς
1407 4132 1427 4156 ,
1465 4095 1565 4148 καί
1616 4094 1727 4148 δύο

163 4174 333 4232 ἐλαῖαι
354 4180 561 4234 ἐπάνω
574 4180 789 4249 αὐτῆς,
807 4183 911 4252 μία
935 4184 1002 4236 ἐκ
1018 4182 1233 4247 δεξιῶν
1259 4184 1367 4238 τοῦ
1389 4184 1731 4255 λαμπαδίου

163 4268 350 4338 αὐτῆς,
377 4274 474 4326 καὶ
496 4273 614 4341 μία
634 4272 703 4337 ἐξ
740 4275 1081 4343 εὐωνύμων.

222 4381 338 4436 ΚΓ’.
361 4384 454 4448 Τὸ,
494 4384 890 4456 Ἐπέστρεψεν,
922 4388 980 4440 ὲν
1007 4386 1218 4451 τούτοις
1236 4388 1335 4458 οὐχ
1363 4387 1439 4451 ὡς
1460 4390 1525 4441 ἐκ
1556 4388 1725 4443 τόπου

169 4470 416 4542 νοήσομεν
450 4472 674 4543 (εὔηθες
700 4476 808 4547 γὰρ
833 4476 1077 4547 κομιδῇ),
1099 4476 1396 4548 νομιοῦμεν
1422 4477 1479 4530 δὲ
1499 4478 1722 4547 μᾶλλον,

2029 3271 2275 3363 ΤΟΜ
2303 3270 2439 3359 US
2527 3262 3179 3355 SECUNDUS.

2374 3416 2538 3489 632
2567 3414 2718 3471 CAP.
2762 3412 2850 3468 tv.

1897 3556 2058 3612 Vens.
2097 3556 2215 3608 I—5.
2266 3553 2331 3607 Et
2382 3568 2615 3606 reversus
2656 3560 2730 3603 est
2769 3547 2983 3615 angelus
3028 3544 3118 3614 qui
3155 3542 3401 3612 loqueba-

1825 3664 1914 3705 tur
1964 3653 2018 3704 in
2059 3666 2178 3715 me,
2226 3659 2273 3701 et
2320 3646 2595 3701 suscitavit
2642 3659 2722 3696 me
2767 3642 2902 3694 sicut
2944 3654 3062 3692 cum
3118 3637 3406 3689 suscitatur

1827 3742 1980 3794 homo
2000 3741 2063 3791 de
2094 3754 2276 3791 somno
2315 3752 2433 3798 suo,
2460 3745 2507 3788 et
2537 3733 2667 3786 dixit
2702 3733 2769 3784 ad
2799 3746 2877 3782 me
2906 3746 2925 3783 :
2960 3728 3099 3792 Quid
3141 3738 3196 3779 tu
3225 3726 3406 3778 uides?

1830 3830 1893 3884 Et
1919 3831 2034 3883 dixi
2059 3846 2077 3883 :
2110 3827 2251 3892 Vidi,
2284 3837 2332 3880 et
2382 3842 2497 3880 ecce
2529 3824 2903 3877 candelabrum
2952 3835 3171 3872 aureum
3213 3831 3404 3881 totum,

1828 3933 1877 3977 et
1925 3923 2127 3988 lampas
2181 3934 2337 3987 super
2392 3917 2582 3984 ipsum,
2635 3924 2681 3967 et
2731 3921 2921 3979 septem
2969 3910 3197 3963 lucerna:
3247 3924 3407 3976 super

1829 4006 1987 4070 illud,
2031 4015 2080 4058 et
2121 4012 2313 4073 septem
2348 4002 2610 4070 iniusoria
2655 4000 2881 4053 lucernis
2926 4013 3080 4066 super
3118 3998 3285 4064 ipsum
3307 4011 3328 4060 ;
3356 4008 3405 4049 et

1830 4098 1950 4153 duae
1975 4097 2125 4152 olivae
2150 4112 2306 4163 super
2335 4095 2489 4160 illud,
2520 4109 2628 4147 una
2672 4109 2705 4146 a
2734 4090 2936 4145 dextris
2973 4089 3230 4158 lampadis
3268 4087 3405 4157 ejus,

1831 4201 1878 4246 et
1912 4206 2019 4244 una
2050 4206 2082 4243 a
2114 4188 2367 4243 sinistris.

1907 4385 2097 4443 XXIII.
2141 4387 2437 4441 Reversum
2465 4397 2588 4438 esse
2618 4382 2705 4437 hic
2736 4395 2841 4435 non
2871 4389 2930 4433 ut
2963 4394 3030 4435 ex
3062 4378 3181 4432 loco
3210 4379 3414 4448 accipi-

1838 4492 1979 4541 mus,
2016 4476 2068 4530 id
2107 4476 2251 4530 enim
2301 4487 2565 4543 perquam
2610 4471 2853 4539 ineptum
2885 4482 3025 4524 esset
3060 4487 3072 4523 :
3104 4478 3413 4522 statuemus

166 4557 250 4626 τὴν
279 4561 350 4625 ὡς
374 4564 435 4628 ἐξ
459 4564 709 4635 ὁράσεως
740 4566 840 4636 τῆς
869 4567 929 4631 ἐξ
965 4568 1169 4637 ἀμφοῖν
1203 4569 1288 4636 ἐφ’
1339 4569 1530 4639 ἑτέραν
1574 4568 1720 4631 εὐθὺς

1841 4578 2017 4623 autem
2041 4567 2218 4636 potius
2256 4581 2322 4619 ex
2355 4566 2615 4618 ambabus
2644 4561 3053 4615 visionibus-ad
3100 4561 3259 4612 aliam
3298 4571 3413 4612 Sta-

170 4651 250 4703 καὶ
276 4654 491 4720 γείτονα
546 4658 956 4727 μεταφοίτησιν,
1002 4659 1162 4728 δῆλον
1222 4659 1278 4712 δὲ
1323 4660 1404 4712 ὅτι
1444 4676 1742 4729 πνευματι-

169 4741 273 4809 κήν.
308 4744 533 4817 Ἐπειδὴ
588 4747 647 4800 δὲ
706 4749 923 4818 νήψεως
991 4751 1234 4819 ἀκράτου
1291 4750 1452 4820 χρεία
1506 4751 1599 4803 καὶ
1644 4751 1745 4820 τῆς

170 4829 292 4899 ὑπὲρ
323 4834 449 4888 νοῦν
475 4835 571 4888 τὸν
604 4837 966 4908 ἀνθρώπινον,
994 4839 1050 4892 ἐν
1080 4856 1142 4907 γε
1170 4840 1234 4911 δὴ
1269 4841 1501 4911 μάλιστα
1535 4842 1744 4906 τούτοις

170 4920 354 4992 λεπτὴν
414 4926 652 4993 ἐνετίθει
707 4930 1103 5000 ὲπιγρήγορσιν
1154 4929 1234 5000 τῷ
1294 4932 1548 5001 προφήτῃ
1592 4931 1746 4995 Θεὸς,

174 5013 558 5083 μαθητεύοντος
619 5020 856 5087 ἀγγέλου
889 5022 982 5074 τοῦ
1031 5021 1318 5082 λαλοῦντος
1370 5024 1426 5075 ὲν
1466 5021 1634 5090 αὐτῷ,
1668 5021 1745 5082 ὡς

171 5102 326 5158 δοκεῖν
354 5109 417 5172 ἐξ
451 5110 631 5163 ὕπνου
654 5110 1021 5181 διεγερθῆναι.
1073 5113 1308 5184 Τοιαύτη
1343 5113 1452 5183 γάρ
1478 5116 1593 5175 πώς
1627 5115 1744 5165 ἐστι

172 5192 255 5262 τῆς
282 5198 336 5251 ἐν
388 5200 527 5270 ἡμῖν
568 5201 803 5267 διανοίας
852 5206 885 5274 ή
927 5205 1300 5270 κατάστασις,
1356 5205 1451 5258 καὶ⁵
1513 5203 1648 5256 πολὺ
1679 5204 1743 5273 δὴ

175 5285 323 5348 μείων
380 5290 543 5360 παρὰ
586 5291 690 5359 τὴν
736 5287 900 5346 οὖσαν
955 5294 1013 5345 ὲν
1063 5296 1176 5355 τοῖς
1233 5294 1411 5360 ἁγίοις
1467 5291 1741 5359 ἀγγέλοις,

172 5370 296 5428 ὥστε
321 5378 455 5449 φαίη
515 5397 606 5441 τις
655 5381 721 5434 ἂν
783 5384 1110 5455 ἐγρήγορσιν
1158 5384 1257 5454 μὲν
1287 5384 1357 5437 τὰ
1409 5383 1653 5453 ἐκείνων,
1686 5384 1744 5433 ὲν

173 5460 309 5535 ὕπνῳ
330 5467 388 5520 δὲ
418 5470 618 5540 ὥσπερ
644 5471 711 5526 τὰ
737 5472 861 5525 καθ’
888 5476 1055 5545 ἡμᾶς.
1088 5474 1303 5545 Ἐπειδὴ
1325 5474 1381 5527 δὲ
1409 5476 1438 5527 ὁ
1463 5455 1745 5534 θεσπέσιος

170 5552 382 5625 ἀττελος
412 5560 649 5631 γνώμην
695 5579 755 5615 τε
800 5566 893 5617 καὶ
938 5565 1060 5618 νοῦν
1097 5566 1231 5635 πρὸς
1264 5565 1438 5634 τούτῳ
1482 5563 1545 5633 δὴ
1604 5579 1745 5632 παρ-

242 5724 259 5754 ’
284 5730 427 5789 Psal.
460 5750 675 5804 ωλι-ιι,
708 5738 757 5791 5.
840 5740 878 5771 ¹⁰
907 5740 1059 5795 Cant.
1095 5755 1149 5805 ιι,
1182 5741 1260 5793 ιῦ.

1344 5740 1378 5770 ¹¹
1418 5738 1610 5807 Ephcs.
1648 5735 1836 5798 l\',-l5.

1843 4659 1937 4712 tim
1995 4667 2051 4714 et
2082 4658 2315 4711 vicinam
2347 4656 2681 4725 spiritualem
2728 4654 2914 4721 utique
2977 4652 3216 4706 transiri.
3267 4651 3417 4716 Quo-

1844 4752 1988 4806 niam
2021 4764 2150 4803 vero
2185 4750 2238 4803 in
2286 4749 2370 4802 his
2403 4748 2639 4802 maxime
2678 4746 2938 4815 singulari
2972 4743 3249 4813 vigilantia
3281 4758 3418 4809 opus

1844 4850 1949 4905 est,
2002 4848 2056 4895 et
2094 4838 2299 4908 majore
2361 4853 2526 4906 quam
2571 4851 2668 4905 pro
2702 4845 2859 4902 captu
2918 4836 3176 4897 humano,
3228 4846 3414 4884 acrem

1851 4932 2083 5002 vigiliam
2131 4930 2374 4983 immittit
2409 4933 2682 4998 propheta:
2730 4927 2891 4988 Dens,
2951 4926 3176 4978 docente
3224 4922 3417 4990 angelo

1845 5024 1934 5088 qni
1963 5022 2016 5074 in
2050 5022 2164 5089 ipso
2200 5020 2534 5088 loquebatur,
2575 5027 2631 5071 ut
2658 5032 2718 5072 se
2756 5030 2786 5071 e
2817 5030 3007 5069 somno
3034 5022 3249 5081 putaret
3280 5013 3419 5065 exci-

1846 5120 2040 5164 tatum.
2082 5110 2228 5163 Talis
2267 5119 2349 5162 est
2382 5109 2525 5161 enim
2567 5108 2729 5162 animi
2776 5105 2950 5160 nostri
2984 5103 3242 5165 conditio,
3281 5103 3419 5155 mnl-

1847 5210 2011 5268 toque
2050 5200 2278 5253 inferior
2325 5215 2485 5269 quam
2524 5200 2577 5252 in
2618 5198 2821 5252 sanetis
2854 5195 3079 5264 angelis,
3110 5202 3168 5246 ut
3200 5208 3420 5246 asseve-

1850 5307 1971 5344 rare
2006 5292 2180 5359 possit
2232 5292 2500 5358 quispiam
2540 5291 2661 5343 illos
2692 5302 2811 5342 esse
2843 5286 2894 5339 in
2928 5296 3184 5354 perpetua
3215 5285 3418 5354 vigilia,

1849 5396 1946 5435 nos
1998 5380 2150 5449 quasi
2208 5381 2259 5433 in
2316 5388 2573 5448 perpetuo
2631 5393 2840 5431 sonmo.
2895 5378 3186 5445 Postquam
3240 5385 3420 5429 autem

1848 5471 2061 5525 divinus
2090 5471 2312 5537 angelus
2349 5470 2697 5531 voluntatem,
2734 5478 2788 5522 ct
2840 5479 3075 5522 mentem
3110 5482 3325 5535 quoque
3358 5480 3422 5519 eo

1852 5558 2161 5613 inclinatam
2216 5560 2384 5624 vidit,
2438 5569 2495 5612 ut
2549 5559 2691 5628 quod
2749 5559 2911 5611 Iichat
2968 5556 3236 5611 subtiliter
3291 5552 3423 5611 satis

1920 5735 1959 5765 ¹¹
1989 5732 2090 5787 Isa.
2130 5748 2186 5798 tt,
2228 5734 2281 5783 ‘3.
2362 5734 2404 5765 ³³
2438 5734 2581 5787 Psal.
2623 5749 2771 5799 cur,
2814 5733 2859 5786 I.
2940 5731 2983 5763 “
3012 5729 3155 5787 Psal.
3186 5725 3413 5792 XX\'1,~L
