3936 6318
488 340 557 397 σθ

1478 329 1537 383 S.
1577 324 1855 381 CYRILLI
1895 322 2365 378 ALEXANDRINI
2405 323 2719 377 ARCIIIEP.

3673 323 3743 379 σο

490 452 796 524 perspicere
823 458 1019 518 posset,
1056 457 1404 517 percontatur
1448 444 1707 513 quidnam
1769 451 1911 510 putet
1938 455 2061 494 esse

2180 440 2520 510 ινηνεγμένον
2572 440 2844 500 τεθέαται,
2873 437 3013 490 ὥστε
3060 436 3152 489 καὶ
3194 436 3561 506 ἀποχρώντως
3600 436 3743 507 ἔχειν

490 562 611 614 quae
642 541 1101 599 monstrabantur.
1136 540 1270 592 Tum
1313 537 1579 605 pt-Ophcta
1614 548 1822 588 rursum
1866 533 2061 586 certis-

492 640 682 690 simam
719 632 942 687 v-isionis
974 627 1546 683 commemorationem
1605 625 1833 687 inducit,
1874 624 2061 675 dit-eus

490 743 549 779 se
586 726 781 778 vidisse
814 721 1220 784 candelabrum,
1270 727 1441 771 totum
1480 730 1701 768 aureum
1736 729 1831 782 per
1865 721 2058 776 totum,

492 832 554 869 ac
595 829 759 882 super
806 815 981 881 ipsum
1032 810 1364 878 lampadem;
1403 809 1533 877 quin
1579 815 1632 859 et
1683 807 1932 858 lucernas
1978 819 2063 857 sc-

491 917 658 974 ptem,
720 913 774 957 et
814 906 1002 957 eodem
1049 915 1273 955 numero
1336 898 1621 962 inlusoria,
1682 896 1852 949 oliVas
1906 896 2061 960 duas,

491 1012 653 1048 tutam
681 1011 709 1047 a
736 994 939 1047 dextris
968 993 1251 1059 lampadis,
1279 990 1507 1043 alteram
1531 1004 1559 1039 a
1586 987 1839 1041 sinistris.
1869 986 1934 1038 Et
1960 986 2064 1039 ista

509 1088 726 1156 quidem
767 1083 1269 1151 ostensaliquidius
1300 1081 1525 1134 forsitan
1561 1077 1923 1147 explanabunt
1946 1089 2066 1145 quae

493 1178 637 1229 dicta
660 1185 809 1228 sunt.
844 1174 1076 1234 Necesse
1101 1182 1185 1225 est
1214 1180 1390 1225 tamen
1425 1169 1649 1222 visionis
1691 1166 1850 1235 hujus
1878 1166 2064 1218 intima

492 1268 761 1322 curiosius
808 1266 1144 1334 indagantes,
1198 1261 1515 1331 signiﬁcatis
1563 1267 1767 1312 attente
1820 1257 2066 1311 conside—

497 1354 682 1407 randis
703 1352 1115 1420 diligentissime
1139 1349 1474 1412 incumbere,
1497 1357 1553 1402 et
1573 1361 1634 1401 ea
1658 1362 1778 1399 cum
1799 1345 1909 1413 jam
1940 1360 2069 1413 prae-

494 1445 654 1499 dictis
678 1445 816 1497 scite
856 1442 1125 1511 copulare.
1157 1441 1246 1494 Ait
1270 1441 1433 1509 igitur
1472 1438 1855 1494 universorum
1897 1436 2063 1499 Deus,
2096 1458 2104 1465 ’

494 1548 554 1590 se
612 1534 818 1589 foveam
880 1534 1172 1594 fossuram,
1238 1541 1291 1585 et
1332 1537 1797 1584 contrectaturum
1847 1540 2064 1580 onmem

496 1625 835 1692 iniquitatem
872 1631 1029 1678 terra:
1059 1623 1204 1676 illius
1240 1622 1292 1673 in
1326 1621 1411 1674 die
1445 1635 1571 1674 una.
1609 1618 1869 1673 llortatur
1901 1619 2065 1673 etiam

494 1716 652 1780 alios,
702 1723 763 1768 ut
804 1716 945 1768 inter
992 1729 1051 1768 se
1099 1714 1200 1768 sub
1230 1713 1394 1767 vitem
1444 1723 1498 1765 et
1533 1710 1692 1764 ﬁcum
1742 1718 2060 1764 convocem.

2166 531 2401 584 συνιέναι
2431 531 2641 593 λεπτῶς
2673 530 2770 599 τὴν
2806 531 3015 599 ὅρασιν,
3049 527 3432 581 διεπυνθάνετο
3465 528 3660 595 λέγων,
3693 528 3743 580 τί

2166 621 2231 674 ἂν
2257 622 2420 673 οἴοιτο
2472 620 2737 689 ὑπάρχειν
2785 620 2853 672 τά
2900 618 3236 686 δεδειγμένα.
3302 617 3744 686 Ἀπλανεστάτην

2165 728 2228 779 γε
2290 712 2395 782 μὴν
2450 713 2477 763 ὁ
2519 712 2805 783 προφήτης
2860 709 2959 776 τῆς
3021 709 3263 779 ὁράσεως
3310 710 3410 778 τὴν
3467 709 3744 776 ἀφήγησιν

2165 805 2398 856 ἐποιεῖτο
2429 802 2610 863 πάλιν,
2675 800 2895 868 λυχνίαν
2939 798 3240 869 ἑωρακέναι
3289 799 3460 863 λέγων
3507 800 3635 868 ὃλην
3678 801 3742 850 δι’

2165 896 2286 949 ὅλου
2320 895 2545 964 χρυσῆν·
2584 892 2767 945 ἐπάνω
2799 890 2855 943 δὲ
2881 891 3053 959 αὐτῆς
3080 891 3138 942 τὸ
3171 891 3494 959 λαμπάδιον,
3516 891 3609 943 καὶ
3641 896 3745 959 μὴν

2166 988 2260 1041 καὶ
2295 987 2519 1056 λύχνους
2545 984 2703 1047 ἑπτά,
2738 985 2830 1035 καὶ
2892 982 3211 1053 ἰσαρίθμους
3247 984 3430 1044 αὐτοῖς
3491 982 3591 1044 τάς
3647 984 3741 1032 ἐπ-

2167 1078 2525 1149 αρυστρίδας,
2556 1077 2741 1137 ἐλαίας
2758 1074 2871 1139 δύο,
2910 1075 3036 1144 μίαν
3063 1074 3156 1143 μὲν
3179 1076 3242 1126 ὲκ
3267 1073 3454 1139 δεξιῶν
3482 1074 3575 1125 τοῦ
3607 1074 3746 1141 λαμ-

2167 1169 2379 1230 παδίου,
2425 1168 2656 1237 θατέραν
2687 1183 2747 1233 γε
2786 1165 2892 1236 μὴν
2922 1165 3177 1235 κειμένην
3205 1164 3265 1228 ἐξ
3291 1165 3607 1234 εὐωνύμων.
3637 1164 3745 1217 Καὶ

2165 1263 2198 1329 ή
2232 1261 2332 1329 μὲν
2379 1258 2757 1328 ὲμιρανεστέρα
2787 1256 2893 1309 τῶν
2942 1254 3300 1325 δεδειγμένων
3349 1257 3601 1319 ἀπόδοσις
3660 1256 3743 1325 εἴη

2167 1328 2354 1419 ἀνούχ
2381 1349 2545 1419 ἑτέρα
2574 1348 2726 1418 παρά
2756 1348 2946 1403 ταῦτα.
2978 1348 3098 1420 Χρὴ
3127 1348 3183 1400 δὲ
3209 1348 3336 1409 τοὺς
3364 1347 3461 1416 τῆς
3492 1328 3747 1400 ἐσωτάτω

2166 1441 2257 1493 τὸν
2279 1440 2403 1494 νοῦν
2433 1441 2673 1502 ἐνιέντας
2704 1440 3142 1511 περιεργότερον,
3167 1437 3481 1507 περιαθρεῖν
3511 1432 3569 1488 εὖ
3598 1437 3743 1506 μάλα

2168 1532 2461 1603 πειρᾶσθαι
2494 1532 2565 1585 τὰ
2590 1531 2916 1602 δηλούμενα,
2974 1533 3067 1583 καὶ
3120 1530 3327 1582 συνδεῖν
3374 1528 3603 1589 ἀστείως
3636 1529 3748 1589 τοῖς

2168 1624 2267 1694 ήδη
2299 1622 2718 1692 προειρημένοις
2741 1623 2835 1674 καὶ
2855 1622 2999 1675 τάδε.
3036 1624 3179 1691 Ἔφη
3205 1621 3383 1673 τοίνυν
3429 1620 3457 1671 ὁ
3485 1620 3591 1672 τῶν
3613 1620 3746 1672 ὅλων

2168 1715 2321 1779 Θεὸς,
2346 1715 2427 1767 ὃτι
2473 1715 2563 1766 καὶ
2594 1713 2784 1783 βόθρον
2829 1715 3031 1783 ὀρύξει,
3084 1714 3177 1766 καὶ
3224 1714 3533 1787 ψηλαφήσει
3570 1714 3747 1764 πᾶσαν

497 1805 604 1859 Nos
630 1778 848 1873 scopum
875 1804 1171 1874 prophetia:
1203 1803 1533 1868 aperientes,
1553 1802 1863 1856 dicebamus
1886 1802 2063 1854 incre-

2180 1808 2268 1877 τὴν
2293 1805 2507 1859 ἀδικίαν
2539 1778 2638 1874 τῆς
2679 1778 2781 1873 γῆς
2808 1778 3025 1874 ἐκείνης
3052 1806 3110 1857 ὲν
3146 1778 3331 1874 ἡμέρᾳ
3514 1804 3749 1872 Προτρέο

497 1896 638 1949 dulis
687 1906 740 1949 et
766 1894 1069 1964 agrestibus
1090 1893 1556 1961 contemptoribus
1581 1892 1773 1945 salutis
1798 1907 1890 1961 per
1913 1892 2068 1945 Chri-

2170 1915 2263 1950 πει
2319 1897 2375 1949 δὲ
2426 1898 2522 1950 καὶ
2561 1896 2771 1965 ἑτέροις
2825 1896 3116 1962 συγκαλεῖν
3175 1895 3435 1965 ἀλλήλους
3493 1892 3749 1946 ὑποκάτω

501 1994 643 2038 stum
691 1994 857 2051 partae
886 1984 1176 2054 quamdam
1225 1983 1436 2040 foveam
1482 1983 1755 2037 exitialem
1803 1998 1924 2038 esse
1960 1982 2071 2036 fos—

2180 1989 2419 2059 ἀμπέλου
2471 1989 2563 2041 καὶ¹
2598 1986 2853 2040 ὑποκάτω
2887 1986 3076 2056 συκῆς.
3121 1986 3309 2054 Ἡμεῖς
3333 1985 3390 2037 δὲ
3422 1983 3566 2053 σαφῆ
3618 1981 3750 2034 καθ-

496 2090 632 2138 sam,
661 2075 826 2144 683
852 2075 1231 2129 contumeliam
1284 2076 1490 2129 scilicet
1537 2075 1741 2138 crucis,
1785 2084 1841 2128 et
1894 2074 2071 2128 scelus

2180 2078 2418 2141 ιστάντες
2450 2077 2549 2146 τῆς
2584 2076 2922 2147 προφητείας
2973 2076 3062 2130 τὸν
3090 2075 3311 2137 σκοπὸν,
3366 2073 3624 2142 ἐλέγομεν
3672 2072 3753 2123 ὅτι

495 2175 732 2219 crnentzc
757 2166 922 2219 caedis
949 2164 1171 2218 Christi.
1222 2164 1511 2233 Perierunt
1546 2166 1690 2218 enim
1726 2164 1934 2225 miseri,
1976 2162 2068 2229 qui

2180 2174 2283 2234 τοῖς
2301 2172 2396 2241 μὲν
2417 2168 2663 2223 ἀπειθεῖν
2684 2167 3003 2239 ᾑρημένοις,
3022 2166 3118 2218 καὶ
3145 2164 3502 2234 ἀτιμάζουσιν
3527 2164 3753 2233 ἀμαθῶς

508 2256 793 2310 Dominum
836 2256 999 2323 impie
1030 2265 1382 2309 necaverunt.
1426 2254 1494 2309 lis
1535 2264 1714 2311 autem
1747 2255 1836 2322 qui
1870 2254 2074 2308 dilexe-

499 2357 622 2401 runt
660 2348 946 2401 adventum
996 2346 1112 2415 ejus
1158 2348 1593 2408 delectationem,
1642 2354 1698 2400 et
1726 2346 1973 2408 delicias,
2014 2353 2068 2398 et

499 2438 628 2507 quid
655 2452 760 2492 non
786 2437 1001 2492 tandem
1030 2436 1188 2506 hujus
1218 2438 1435 2506 generis
1466 2437 1800 2505 contigisse?
1832 2436 2075 2492 Fuerunt

497 2529 639 2581 enim
669 2527 722 2580 in
763 2528 1018 2582 Ecclesiis
1057 2528 1202 2581 velut
1229 2530 1329 2581 sub
1359 2528 1566 2583 ﬁcubus
1618 2537 1670 2582 et
1706 2529 1929 2583 vitibus.
1968 2527 2074 2581 Sed

497 2634 626 2673 ecce
645 2618 752 2672 alio
780 2622 905 2671 item
943 2619 1103 2673 modo
1135 2618 1395 2687 propheta
1425 2621 1737 2690 mysterium
1780 2619 1934 2672 vidit.
1966 2619 2076 2671 An-

428 2718 431 2727 “
502 2726 652 2763 reum
692 2711 887 2778 quippe
912 2710 1298 2764 candelabrum
1343 2725 1529 2765 rursus
1574 2710 1868 2763 Ecclesium
1904 2710 2076 2763 inter-

503 2809 805 2870 pretamur,
862 2809 1049 2868 utpote
1113 2800 1487 2854 honorabilem
1550 2801 1767 2866 mundo,
1824 2810 2075 2870 tanquam

504 2891 792 2945 virtutibus
858 2890 1280 2944 illustrissimam
1343 2905 1408 2946 ac
1451 2890 1968 2959 Splendidissimam,
2016 2898 2077 2945 ut

504 2977 734 3031 sublime
755 2976 1043 3030 admodum
1079 2977 1341 3031 elevatam
1366 2986 1506 3033 verte
1534 2980 1858 3049 cognitionis
1880 2980 2078 3033 divinae

2170 2262 2272 2330 τὴν
2303 2259 2393 2313 διὰ
2424 2258 2661 2331 Χριστοῦ
2695 2257 2988 2328 σωτηρίαν,
3012 2256 3202 2327 βόθρος
3230 2253 3320 2309 οἶά
3343 2273 3425 2318 τις
3448 2255 3751 2326 ὀρώρυκται

2174 2352 2558 2423 κατακομίζων
2587 2352 2665 2414 είς
2686 2349 2925 2421 ὄλεθρον,
2956 2352 2989 2420 ή
3017 2351 3106 2403 ἐπὶ
3134 2350 3211 2419 τῷ
3240 2347 3455 2418 σταυρῷ
3479 2349 3749 2417 παροινία,

2176 2446 2391 2515 καὶτῆς
2434 2444 2576 2497 κατά
2622 2443 2860 2514 Χριστοῦ
2924 2440 3235 2512 μιαιφονίας
3284 2439 3352 2492 τὰ
3410 2439 3753 2507 ἐγκλήματα.

2188 2534 2522 2588 Ἀπολώλασι
2600 2536 2709 2606 γὰρ
2792 2535 2841 2586 οἱ
2917 2532 3139 2584 δείλαιοι
3219 2529 3754 2601 Κυριοκτονήσαντες

2176 2625 2424 2688 ἀνοσίως.
2450 2625 2575 2687 Τοῖς
2593 2642 2657 2692 γε
2694 2623 2797 2695 μὴν
2828 2621 3140 2691 ἠγαπηκόσι
3186 2622 3287 2691 τὴν
3310 2620 3629 2688 ἐπιφάνειαν
3660 2618 3754 2674 αὑ-

2176 2715 2270 2769 τοῦ
2293 2715 2480 2785 τέρψις
2511 2732 2571 2767 τε
2604 2715 2698 2768 καὶ⁵
2730 2711 2929 2783 τρυφὴ,
2953 2713 3044 2765 καὶ
3081 2712 3134 2764 τί
3166 2710 3273 2779 γὰρ
3301 2709 3419 2778 οὐχὶ
3452 2707 3559 2761 τῶν
3582 2707 3754 2760 τοιοὺ-

2175 2828 2281 2865 των
2311 2808 2551 2879 ὑπῆρξε;
2581 2807 2843 2876 Γεγόνασι
2867 2805 2977 2876 γὰρ
3016 2805 3091 2867 ὡς
3122 2804 3225 2856 ὑπὸ
3254 2806 3448 2865 συκαῖς
3514 2801 3610 2853 καὶ
3644 2802 3751 2869 ἀμ-

2180 2899 2367 2963 πέλοις
2401 2901 2523 2961 ταῖς
2566 2897 2935 2969 Ἐκκλησίαις.
2979 2896 3118 2948 Ἀλλ’
3157 2896 3261 2949 ἰδοὺ
3297 2894 3391 2947 καὶ
3432 2891 3757 2962 καθ”ἐτερον

2177 2988 2378 3058 τρόπον
2406 2986 2498 3041 τοῦ
2550 2986 2850 3057 μυστηρίου
2882 2984 2981 3053 τὴν
3028 2983 3256 3053 δύναμιν
3293 2983 3321 3034 ό
3354 2982 3640 3051 προφήτης
3673 2995 3759 3030 τε·

505 3064 793 3130 dogmatis,
829 3080 992 3133 super
1028 3080 1132 3133 qua
1171 3065 1374 3134 lampas
1422 3077 1526 3130 est,
1577 3083 1767 3136 nempe
1802 3067 2074 3132 Christus,

2182 3077 2392 3131 θέαται.
2448 3077 2558 3147 Τὴν
2618 3076 2726 3144 γάρ
2780 3092 2862 3127 τοι
2895 3074 3101 3145 χρυσῆν
3148 3072 3369 3142 λυχνίαν
3411 3070 3586 3139 φαμὲν
3619 3062 3757 3120 εἶναι

504 3157 572 3210 de
605 3170 713 3225 quo
740 3156 879 3211 Deus
917 3166 968 3211 et
1006 3156 1205 3212 Pater:
1245 3175 1263 3209 ι
1297 3156 1523 3227 Propter
1563 3159 1691 3213 Sion
1725 3175 1827 3214 non
1866 3161 2079 3225 tacebo,

505 3259 560 3301 ct
587 3256 805 3317 propter
834 3246 1130 3303 Jerusalem
1168 3264 1276 3303 non
1304 3250 1604 3319 quiescam,
1636 3249 1810 3305 donec
1837 3251 2082 3320 egredia-

508 3349 595 3390 tur
636 3349 694 3392 ut
734 3338 911 3391 lumen
943 3340 1151 3408 justitia
1207 3354 1350 3404 mea,
1401 3350 1456 3395 ct
1506 3340 1743 3396 salutare
1801 3355 1975 3396 meum
2024 3348 2084 3395 ut

509 3430 715 3495 lampas
748 3430 1070 3483 accendatur
1095 3429 1159 3482 ’⁸.
1191 3449 1210 3482 ι
1258 3430 1409 3484 llanc
1436 3430 1735 3499 lampadem
1771 3433 2081 3486 universum

508 3519 696 3573 orbem
748 3519 1141 3575 illuminantcm
1203 3535 1366 3590 super
1410 3522 1796 3576 candelabrum
1845 3523 1985 3578 Deus
2030 3532 2086 3577 et.

512 3610 669 3665 Pater
702 3612 922 3680 posuit:
963 3632 979 3663 ι
1015 3610 1086 3666 Ut
1114 3627 1304 3667 omnes
1347 3613 1438 3680 qui
1491 3613 1863 3681 ingrediuntur
1904 3612 2083 3667 lumen

511 3702 748 3766 videant,
795 3714 848 3757 et
890 3703 1066 3757 luceat
1113 3703 1363 3758 omnibus
1397 3707 1487 3772 qui
1531 3704 1583 3757 in
1620 3703 1782 3757 domo
1808 3714 1933 3758 sunt
1958 3705 2021 3757 “.
2060 3722 2079 3756 ι

511 3794 729 3862 Septem
768 3802 949 3847 autem
982 3803 1109 3848 sunt
1154 3794 1408 3858 lucernae,
1443 3809 1547 3847 non
1597 3794 1857 3848 habentes
1903 3792 2083 3848 lmnen

512 3885 831 3951 prnprium,
891 3886 985 3938 sed
1044 3885 1318 3938 inductum
1393 3893 1448 3939 et
1495 3894 1801 3950 externum,
1873 3893 1929 3938 et
1981 3884 2085 3937 olci

512 3974 779 4029 all'usione
830 3976 1115 4039 nutritum,
1150 3992 1270 4045 qua:
1300 3986 1354 4030 et
1394 3977 1525 4046 ipsa!
1554 3988 1772 4030 sanctos
1812 3974 2085 4044 apostolos

509 4066 777 4133 scierunt,
826 4076 880 4121 et
920 4067 1281 4136 evangelistas
1334 4068 1574 4134 insuper,
1618 4076 1672 4119 et
1718 4064 2087 4133 quissingulis

519 4158 853 4224 temporibus
885 4159 1210 4210 exstiterunt
1243 4156 1601 4209 Ecclesiarnm
1653 4155 1960 4222 magistros,
1994 4154 2086 4223 qui

516 4246 963 4299 illuminaliouem
1021 4262 1048 4299 a
1094 4246 1314 4301 Christo
1362 4246 1525 4299 veluti
1567 4245 1823 4312 quosdam
1866 4244 2088 4314 lychnus

515 4338 569 4392 ln
607 4340 801 4393 animis
865 4348 919 4394 et
951 4337 1205 4392 cordibus
1249 4338 1362 4392 suis
1387 4346 1762 4405 susceperunt,
1800 4337 1886 4389 cui
1916 4335 2088 4403 Spiri-

2184 3168 2346 3222 πάλιν
2386 3165 2484 3237 τὴν
2545 3164 2895 3233 Ἐκκλησίαν,
2946 3164 3021 3226 ὡς
3066 3161 3436 3231 τετιμημένην
3463 3161 3519 3211 ὲν
3546 3158 3756 3226 κόσμῳ,

2182 3235 2611 3327 διαφανεστάτην
2638 3257 2696 3309 ὲν
2721 3257 2964 3327 ἀρεταῖς,
2995 3254 3069 3316 ὡς
3099 3252 3233 3322 ὑψοῦ
3258 3252 3321 3321 δὴ
3348 3251 3469 3303 λίαν
3515 3235 3762 3318 ἠρμένην

2182 3352 2295 3412 τοῖς
2329 3349 2428 3417 τῆς
2490 3346 2749 3416 ἀληθινῆς
2803 3344 3130 3413 θεογνωσίας
3173 3342 3460 3410 δόγμασιν,
3511 3333 3657 3411 ὲφ“ᾖ
3702 3337 3762 3388 τὸ

2183 3441 2508 3510 λαμπάδιον,
2540 3438 2805 3495 τουτέστι.
2837 3435 3091 3508 Χριστὸς,
3124 3434 3255 3503 περὶ
3277 3424 3337 3484 οὗ
3373 3447 3538 3501 φησιν
3580 3430 3608 3481 ό
3631 3428 3763 3489 Θεὸς

2184 3532 2279 3585 καὶ
2302 3533 2512 3601 Πατήρο
2550 3547 2568 3580 ι
2599 3529 2696 3580 Διά
2734 3526 2873 3580 Σιὼν
2925 3528 2985 3579 οὐ
3015 3526 3388 3593 σιωπήσομαι,
3415 3522 3507 3574 καὶ
3536 3519 3622 3572 διὰ
3662 3520 3761 3570 Ἱε-

2189 3625 2471 3697 ρουσαλὴμ
2520 3624 2620 3675 οὐκ
2667 3622 2871 3691 ἀνήσω,
2925 3620 3028 3681 ἕως
3054 3616 3118 3670 ἂν
3153 3616 3344 3686 ἐξέλθῃ
3365 3614 3439 3676 ὡς
3487 3611 3599 3679 φῶς
3628 3612 3660 3681 ὴ
3689 3609 3766 3662 δι-

2186 3718 2444 3786 καιοσύνη
2478 3731 2601 3784 μου,
2631 3714 2691 3766 τὸ
2718 3714 2772 3766 δὲ
2801 3710 3066 3781 σωτήριόν
3094 3726 3195 3779 μου
3217 3708 3290 3771 ὡς
3314 3703 3533 3775 λαμπὰς
3562 3702 3767 3770 καυθήο

2189 3824 2359 3861 σεται.
2387 3824 2406 3858 ι
2442 3803 2612 3857 Τοῦτο
2634 3805 2742 3875 γὰρ
2766 3802 3071 3872 λαμπάδιον
3092 3800 3151 3853 τὸ
3182 3800 3361 3852 πᾶσαν
3390 3792 3767 3861 καταφωτίζον

2183 3898 2283 3968 τὴν
2317 3898 2407 3949 ὑπ’
2435 3895 2680 3966 οὐρανὸν,
2735 3895 2828 3947 ἐπὶ
2858 3896 2923 3963 τῇ
2954 3892 3145 3961 λυχνία
3175 3889 3415 3941 τέθεικεν
3438 3887 3465 3937 ὁ
3499 3884 3631 3946 Θεὸς
3673 3883 3766 3936 καὶ

2166 3989 2397 4058 Πατὴρ,
2428 4006 2445 4037 ι
2474 3989 2591 4040 Ἵνα
2614 3988 2812 4049 πάντες
2843 3986 2892 4037 οἱ
2920 3981 3385 4053 είσπορευόμενοι,
3406 3978 3467 4030 τὸ
3497 3976 3610 4046 φῶς
3644 3974 3765 4044 βλέ-

2188 4097 2355 4143 πωσι,
2389 4080 2483 4131 καὶ
2505 4079 2696 4149 λάμπῃ
2723 4078 2855 4130 πᾶσι
2878 4077 2990 4138 τοῖς
3023 4077 3079 4126 ὲν
3135 4075 3200 4143 τῇ
3246 4071 3412 4139 οἰκία.
3449 4087 3467 4120 ι
3511 4065 3680 4120 Ἐπτά
3712 4065 3769 4118 δὲ

2187 4171 2235 4222 οἱ
2282 4169 2485 4239 λύχνοι,
2512 4168 2625 4239 φῶς
2659 4169 2759 4221 οὐκ
2793 4167 3007 4237 ἔχοντες
3059 4164 3210 4226 ἴδιον,
3241 4162 3355 4215 ἀλλ’
3380 4159 3634 4217 ἐπακτὸν,
3673 4157 3770 4208 καὶ

2188 4263 2403 4327 ἔξωθεν,
2438 4262 2530 4315 καὶ
2574 4263 2692 4322 ταῖς
2727 4260 2791 4312 δι’
2823 4258 3004 4310 ἐλαίου
3053 4254 3341 4325 χορηγίαις
3390 4250 3725 4321 τρεφόμενον
3754 4262 3765 4275 ·

2189 4354 2510 4424 σημαίνουσι
2535 4353 2591 4406 δὲ
2617 4353 2710 4406 καὶ
2733 4352 2884 4405 αὐτοὶ
2906 4348 3031 4411 τοὺς
3069 4347 3253 4414 ἁγίους
3282 4341 3637 4402 ἀποστόλους,
3677 4339 3772 4391 καὶ

517 4438 603 4482 tus
654 4441 868 4483 sanctus
914 4430 1171 4485 alimenta
1214 4429 1596 4496 suppeditavit,
1639 4427 1729 4494 qui
1774 4427 2078 4480 domesticis

2194 4445 2375 4514 μέντοι
2434 4445 2529 4496 καὶ
2554 4441 2967 4510 εὐαγγελιστάς,
3000 4438 3093 4491 καὶ
3125 4437 3250 4497 τοὺς
3281 4434 3425 4488 κατά
3450 4432 3638 4499 καιρὸν
3660 4430 3771 4483 τῶν

515 4523 697 4574 lumen
765 4522 1007 4588 prrhent
1058 4530 1111 4574 et
1165 4519 1453 4574 credentes
1511 4532 1614 4570 una
1666 4532 1790 4570 cum
1841 4515 2089 4584 lampade

518 4610 846 4663 illuminant.
877 4608 1116 4663 Observa
1152 4617 1437 4675 praeterea,
1487 4616 1695 4674 septem
1738 4605 1974 4658 lucernis
2007 4605 2089 4657 iu-

517 4700 719 4754 lusoria
750 4700 1004 4764 adfuisse,
1053 4715 1145 4766 per
1179 4714 1298 4766 qua:
1331 4697 1435 4751 illis
1468 4698 1644 4751 oleum
1690 4695 2086 4759 inl'underetur,

517 4792 749 4859 lampadi
810 4807 914 4844 non
962 4789 1219 4844 adfuisse.
1258 4787 1395 4852 Quid
1445 4788 1559 4842 ita?
1593 4796 1677 4841 est
1725 4788 1865 4842 enim
1912 4786 2087 4837 lumen

518 4898 705 4938 verum
743 4881 926 4943 Filius,
958 4896 1063 4937 non
1114 4890 1418 4943 externum,
1447 4894 1623 4946 neque
1654 4878 1950 4939 inductum,
1993 4889 2090 4927 nec

519 4975 587 5028 ab
616 4975 723 5028 alio
762 4974 971 5038 datum,
1011 4973 1097 5025 cui
1142 4970 1372 5025 facultas
1405 4969 1742 5024 illuminandi
1784 4965 2089 5033 contigerit,

522 5062 618 5117 sed
661 5064 779 5131 ipse
812 5071 897 5116 est
931 5062 1227 5116 secundum
1261 5070 1508 5115 naturam
1559 5061 1736 5115 lumen
1764 5078 1778 5113 :
1810 5059 1950 5127 quod
1990 5072 2090 5110 au-

524 5166 629 5209 tem
685 5157 740 5209 in
793 5158 998 5210 sanctis
1046 5165 1147 5223 est,
1190 5156 1260 5210 ab
1313 5157 1429 5225 ipso
1476 5157 1933 5212 communicatum
1979 5162 2082 5207 est.

523 5245 867 5300 'l‘estilicatur
917 5246 967 5300 id
1010 5247 1227 5316 sapiens
1266 5245 1500 5302 Joannes
1539 5260 1555 5299 :
1592 5264 1609 5297 ι
1641 5246 1715 5299 De
1759 5244 2093 5313 plenitudine

524 5337 668 5403 ejus,
728 5337 920 5405 inquit,
983 5353 1174 5395 omnes
1228 5339 1621 5408 accepimus".
1658 5357 1676 5389 ι
1734 5337 1853 5406 Ipse
1912 5344 2091 5390 autem

529 5428 696 5482 Filius
726 5444 911 5483 verum
957 5430 1136 5486 lumen
1164 5432 1437 5487 claritatis
1467 5446 1577 5485 suae
1609 5431 1897 5499 participes
1925 5427 2094 5483 factos

529 5519 711 5573 mumli
750 5519 928 5576 lumen
961 5523 1290 5593 appellabat.
1341 5523 1428 5577 Ait
1477 5522 1678 5577 etenim
1720 5522 1926 5576 sanctis
1959 5536 2092 5589 apo-

602 5693 645 5727 "
677 5692 781 5750 lsa.
813 5710 943 5761 uti,
992 5698 1035 5751 Ι.
1118 5698 1158 5727 ’⁵
1189 5696 1319 5751 Luc.
1353 5711 1425 5761 xl,
1459 5696 1526 5750 53
1629 5697 1669 5726 ετ
1702 5694 1856 5750 Joan.
1893 5693 2040 5761 1,16.

2203 4533 2537 4601 Ἐκκλησιῶν
2572 4531 2945 4591 διδασκάλους,
2997 4526 3316 4596 δεχομένους
3368 4524 3464 4592 μὲν
3502 4516 3589 4574 οἶά
3618 4537 3770 4582 τινας

2191 4623 2416 4693 λύχνους
2477 4624 2556 4684 εἰς
2603 4620 2725 4673 νοῦν
2776 4622 2867 4672 καὶ
2908 4618 3133 4687 καρδίαν
3193 4615 3283 4667 τὸν
3327 4614 3478 4683 παρά
3532 4609 3769 4682 Χριστοῦ

2192 4713 2493 4782 φωτισμὸν,
2537 4712 2631 4765 καὶ
2655 4714 2775 4772 ταῖς
2832 4709 2925 4762 τοῦ
2974 4706 3289 4776 Πνεῦματος
3337 4703 3621 4773 χορηγίαις
3650 4718 3771 4770 τρε-

2193 4806 2426 4873 φόμενον
2460 4803 2704 4872 ἔχοντας,
2732 4802 2911 4863 ἱέντας
2934 4816 2998 4868 γε
3030 4799 3133 4869 μὴν
3179 4800 3293 4858 τοῖς
3327 4797 3385 4847 ὲν
3421 4797 3487 4864 τῇ
3535 4792 3683 4862 οἰκίᾳ
3715 4793 3772 4843 τὸ

2194 4893 2327 4962 φῶς,
2358 4894 2450 4947 καὶ
2475 4889 2860 4961 τῷλαμπαδίῳ
2891 4884 3440 4956 συγκαταυγάζοντας
3493 4882 3620 4942 τοὺς
3678 4897 3773 4930 πε-

2193 4984 2573 5045 πιστευκότας.
2614 4982 2894 5050 Ἐπιτήρει
2943 4980 3017 5040 δὲ,
3046 4980 3127 5031 ὅτι
3168 4980 3282 5039 τοῖς
3325 4976 3421 5043 μὲν
3471 4972 3612 5026 ἑπτὰ
3666 4971 3764 5024 λύ-

2206 5091 2355 5145 χνοις
2379 5072 2774 5143 ὲπαρυστρίδες
2797 5067 2956 5141 ἦσαν,
2992 5069 3057 5122 δι’
3103 5062 3178 5121 ὧν
3211 5067 3395 5126 αὐτοῖς
3428 5064 3694 5131 είσεχεῖτο
3716 5061 3775 5112 τὸ

2198 5165 2396 5227 ἔλαιον,
2418 5162 2785 5232 ὲπαρυστρίδα
2830 5178 2894 5228 γε
2946 5162 3051 5230 μὴν
3088 5160 3149 5212 τὸ
3173 5156 3477 5224 λαμπάδιον
3503 5153 3602 5204 οὐκ
3638 5150 3771 5220 ἔχει.

2197 5253 2297 5305 Διά
2329 5252 2486 5306 ποίαν
2518 5252 2717 5316 αίτίαν;
2749 5250 2867 5312 Φῶς
2902 5250 2997 5317 μὲν
3033 5248 3140 5317 γάρ
3190 5249 3306 5298 ἐστι
3345 5244 3406 5296 τὸ
3438 5240 3702 5311 ἀληθινὸν
3748 5242 3776 5290 ὁ

2191 5340 2347 5413 Υἱὸς,
2378 5343 2479 5392 οὐκ
2503 5338 2719 5405 ἔξωθεν,
2743 5338 2850 5390 οὐδ’
2874 5338 3127 5397 ἐπακτὸν,
3163 5335 3285 5387 οὔτε
3327 5333 3432 5402 μὴν
3486 5330 3615 5399 παρ’
3658 5329 3774 5382 ἑτέ-

2204 5448 2296 5501 ρου
2322 5431 2471 5483 δοτὸν
2492 5431 2552 5483 τὸ
2576 5430 2974 5497 καταφωτίςειν
3013 5426 3270 5480 δύνασθαι
3304 5423 3503 5493 λαχών·
3536 5420 3654 5474 ἀλλ’
3679 5421 3775 5475 αὖ·

2200 5521 2291 5583 τὸς
2323 5520 2462 5574 κατά
2492 5519 2652 5589 φύσιν
2678 5521 2938 5590 ὑπάρχων
2977 5517 3108 5587 φῶς·
3158 5514 3419 5585 μεθεκτόν
3450 5527 3510 5581 γε
3547 5510 3656 5581 μὴν
3719 5510 3777 5561 ὲν
