3936 6318
173 375 225 430 £1
999 365 1549 426 COMMENTARIUS
1589 368 1655 425 IN
1701 371 2105 427 ZACIIARIAM
2150 372 2596 429 PROPHETAM.
3344 378 3415 432 ΒΞ

172 495 267 557 τοῖς
292 491 464 561 ἁγίοις
510 490 604 544 καὶ
644 489 774 561 παρ’
806 487 992 543 αὐτοῦ.
1042 490 1153 542 Καὶ
1189 480 1597 561 πληροφορήσει
1642 491 1729 544 λέ-

1846 492 1987 546 stolis
2023 510 2036 546 :
2070 512 2087 542 ‹
2123 492 2225 546 Vos
2259 493 2395 547 estis
2426 494 2518 546 lux
2554 493 2740 547 mundi
2769 492 2833 544 ⁸⁸.
2872 511 2889 544 ι
2923 491 3045 546 lam
3078 491 3196 547 dum
3236 492 3414 559 ollva-,

175 586 319 657 γωνό
361 582 524 651 σοφὸς
566 581 839 649 Ἰωάννης,
892 580 973 632 ὅτι
1023 599 1041 631 ι
1087 580 1181 633 Ἐκ
1227 579 1321 632 τοῦ
1366 580 1728 649 πληρώματος

176 672 321 733 αὑτοῦ
352 675 515 744 ἡμεῖς
538 672 735 735 πάντες
763 670 1045 740 ἐλάϐομεν.
1084 688 1101 721 ι
1144 670 1264 734 Φῶς
1304 672 1358 724 δὲ
1388 672 1646 743 ὑπάρχων
1672 673 1731 725 τὸ

177 766 407 838 ἀληθινὸν
445 767 474 818 ὁ
509 763 656 827 Υίὸς,
684 763 799 831 φῶς
827 762 1077 833 ὠνόμαζε
1106 761 1199 816 τοῦ
1241 763 1444 833 κόσμου
1474 764 1598 825 τοὺς
1633 762 1731 827 τῆς

176 859 289 928 παρ’
314 854 477 910 αὑτοῦ
535 853 918 924 λαμπρότητος
945 853 1001 905 ἐν
1039 853 1255 922 μεθέξει
1309 853 1727 923 γεγενημένους.

177 948 305 1015 Ἔφη
333 945 440 1015 γὰρ
466 947 576 1008 τοῖς
610 943 787 1011 ἁγίοις
820 943 1159 1005 ἀποστόλοις·
1197 962 1215 994 ι
1262 943 1450 1013 Ὑμεῖς
1498 945 1622 997 ἐστε
1671 943 1733 995 τὸ

175 1038 276 1107 φῶς
299 1035 390 1089 τοῦ
444 1035 671 1105 κόσμου.
714 1052 732 1084 ι
777 1034 843 1086 Δί
890 1033 984 1086 δύο
1032 1050 1096 1102 γε
1153 1032 1258 1103 μὴν
1311 1034 1507 1098 ἐλαῖαι,
1543 1034 1639 1104 μία
1670 1035 1733 1087 ἐκ

174 1126 364 1195 δεξιῶν,
388 1128 482 1179 καὶ
515 1125 613 1195 μία
641 1125 701 1189 ἐξ
728 1124 1025 1193 εὐωνύμων
1060 1123 1154 1176 τοῦ
1206 1123 1511 1193 λαμπαδίου
1545 1125 1734 1194 κείμε-

173 1235 270 1283 ναι,
292 1219 414 1279 τοῦς
442 1215 535 1269 δύο
555 1214 718 1277 λαοὺς
750 1214 1204 1284 ὑποσημαίνουσι,
1247 1215 1531 1283 μονονουχὶ
1562 1215 1655 1267 καὶ
1677 1218 1734 1267 ἐν

172 1305 340 1375 κύκλῳ
390 1304 761 1375 περιεστῶτας
803 1303 1057 1373 Χριστόν.
1116 1303 1443 1372 Τετίμηνται
1494 1305 1600 1372 γὰρ
1658 1304 1735 1367 ὡς

171 1393 441 1465 ἠλεημένοι
466 1395 531 1464 τῇ
558 1394 735 1464 τοιᾷδε
777 1393 985 1447 στάσει.
1018 1393 1126 1446 Καὶ
1152 1394 1199 1445 οί
1233 1393 1333 1461 μὲν
1358 1389 1498 1463 ἦσαν
1532 1394 1597 1446 ἐκ
1635 1394 1734 1464 τῆς

171 1484 517 1548 καλλιελαίου,
546 1484 812 1546 τουτέστι,
846 1484 946 1554 τῆς
995 1483 1265 1537 Ἰουδαίων
1303 1471 1653 1554 Συναγωγῆς·
1686 1485 1734 1537 οί

171 1575 220 1627 δὲ
244 1574 335 1643 τῆς
363 1574 558 1644 ἀγρίου
589 1574 687 1643 μὲν
737 1572 1027 1640 ἐξέφυσαν,
1056 1573 1325 1637 τουτέστι,
1350 1572 1452 1641 τῆς
1484 1572 1544 1637 ἐξ
1566 1572 1736 1627 ἐθνῶν

170 1663 413 1734 πληθύος.
446 1663 591 1734 Πλὴν
613 1663 1087 1735 ἐγκεντρισθέντες
1113 1665 1194 1727 είς
1232 1664 1332 1735 τὴν
1364 1664 1727 1729 καλλιέλαιον,

171 1757 400 1813 κοινωνοὶ
448 1756 705 1823 γεγόνασι
759 1755 858 1824 τῆς
908 1756 1163 1825 πιότητος
1222 1756 1320 1827 τῆς
1378 1756 1556 1827 ῥίζης,
1595 1755 1736 1811 κατά

167 1848 257 1918 τὴν
288 1845 378 1900 τοῦ
414 1846 684 1917 μακαρίου
732 1846 946 1899 Παύλου
1012 1848 1216 1917 φωνήν.
1249 1847 1439 1920 ’Δθρει
1499 1848 1555 1900 δὲ
1586 1848 1734 1911 ὅπως
1766 1836 1808 1891 Β

168 1941 252 1994 ἐπὶ
270 1941 366 2011 τὴν
399 1940 623 2009 λυχνίαν
647 1937 782 2008 ὁμοῦ
814 1937 893 2008 τῷ
930 1938 1224 2009 λαμπαδίῳ
1282 1940 1378 1992 καὶ
1430 1938 1481 1991 οί
1528 1937 1733 2008 λύχνοι,

167 2033 252 2084 καὶ
281 2033 336 2083 αἰ
375 2030 472 2083 δύο
517 2030 717 2084 ἐλαῖαι.
746 2029 968 2083 Σύνεστι
1027 2029 1135 2099 γὰρ
1171 2032 1301 2100 ἡμῖν
1334 2032 1391 2083 ἐν
1438 2029 1737 2101 Ἐκκλησία

167 2120 407 2189 Χριστὸς,
437 2119 536 2173 καὶ
562 2118 672 2172 τῶν
699 2118 1139 2171 πεπιστευκότων
1161 2120 1193 2188 ἡ
1222 2117 1498 2188 ὴλεημένη
1527 2115 1736 2187 πληθὺς

167 2210 573 2281 καταλάμπεται
601 2210 699 2279 μὲν
749 2208 827 2279 τῷ
877 2210 1007 2279 παρ’
1039 2208 1205 2261 αὑτοῦ
1239 2208 1399 2276 φωτὶ,
1439 2208 1736 2277 φωτίζεται

164 2302 215 2355 δὲ
243 2301 332 2355 κα)⁸
363 2300 454 2354 διὰ
508 2300 739 2371 λύχνων,
788 2300 837 2353 οἳ
901 2298 1164 2371 μεθεκτὺν
1211 2298 1395 2368 έχουσι
1451 2299 1545 2352 καὶ
1601 2300 1736 2370 παρ’

163 2391 313 2448 αὐτοῦ
341 2393 401 2445 τὸ
429 2392 570 2460 φῶς.
617 2390 814 2444 ’ἰστέον
855 2390 933 2455 δέ,
965 2391 1046 2443 ὅτι
1102 2390 1196 2442 καὶ
1220 2392 1278 2443 ἐν
1304 2392 1370 2461 τῇ
1420 2392 1734 2462 κατασκευῇ

162 2485 253 2554 τῆς
276 2484 433 2551 ἁγίας
466 2484 675 2553 σκηνῆς
712 2483 888 2536 ἔκειτο
916 2482 1015 2553 μὲν
1054 2483 1133 2545 είς
1159 2482 1227 2536 τὰ
1246 2482 1414 2550 ’Δγια
1433 2482 1541 2536 τῶν
1568 2484 1737 2552 ἁγίων

164 2577 289 2631 ιπτὰ
324 2576 556 2647 λύχνους
587 2576 786 2645 ἔχουσα
830 2574 1023 2644 λυχνία
1077 2575 1273 2645 χρυσῆ.
1310 2574 1653 2646 Προσέταττε
1682 2574 1739 2627 δὲ

170 2663 284 2731 θεὸς
310 2667 386 2738 τῷ
426 2666 667 2738 ’Δαρὼν,
692 2666 887 2734 λέγων,
934 2666 1015 2717 ὅτι
1066 2683 1085 2716 ι
1121 2663 1277 2717 Κατὰ
1313 2664 1605 2735 πρόσωπον
1634 2664 1738 2733 τῆς

165 2760 366 2831 λυχνίας
418 2764 489 2815 ἐκ
537 2759 633 2814 τοῦ
691 2760 865 2814 νοτίου
930 2759 1133 2829 μέρους
1201 2757 1465 2827 φανοῦσιν
1505 2760 1554 2811 οί
1597 2758 1738 2812 ἑπτὰ

164 2847 350 2918 λύχνοι.
380 2868 405 2916 ,ι
447 2849 529 2902 Οὐ
591 2848 701 2919 γὰρ
762 2850 872 2911 τοῖς
917 2848 1144 2901 κατόπιν
1201 2847 1371 2918 αὐτῆς
1420 2849 1448 2901 ό
1485 2847 1575 2902 διὰ
1629 2848 1738 2903 τῶν

164 2937 353 3008 λύχνων
380 2940 592 2992 δέδοται
622 2939 923 3009 φωτισμὸς,
951 2939 1087 2993 ἀλλά
1136 2941 1250 3001 τοῖς
1280 2938 1353 3003 ὡς
1382 2941 1440 2991 ἐν
1461 2938 1739 3012 προσώπῳ

164 3030 387 3099 Χριστοῦ
450 3030 546 3083 διὰ
587 3031 685 3100 τῆς
726 3029 963 3093 πίστεως
1021 3030 1427 3101 ἐνηνεγμένοις.
1464 3030 1575 3084 Καὶ
1608 3030 1739 3099 γοῦν

1836 598 1939 635 una
1971 598 1999 635 a
2028 570 2260 646 dextris,
2292 592 2346 637 et
2373 585 2544 637 altera
2576 598 2605 636 a
2632 583 2875 637 sinistris
2906 583 3172 653 lampadis
3201 586 3413 651 positas,

1835 674 1969 727 duos
2004 673 2231 740 populos
2268 672 2567 737 insinuant,
2600 672 2754 741 quasi
2799 672 2851 726 in
2899 673 3086 749 urbem
3134 670 3413 727 Christum

1835 763 2273 817 circumstantes.
2311 759 2448 815 Nam
2482 770 2539 816 ut
2592 762 3024 817 misericordiam
3058 763 3259 831 adepti,
3299 772 3414 817 sta-

1834 852 1980 905 tione
2005 851 2314 920 hnjnsmodi
2346 850 2549 919 dignati
2590 858 2734 904 sunt.
2773 850 2839 904 Et
2887 850 2964 903 illi
2992 850 3211 919 quidem
3253 860 3416 904 erant

1835 957 1902 996 ex
1936 943 2072 995 bona
2121 941 2285 1002 oliva.
2328 942 2583 994 nimirum
2626 956 2692 993 ex
2740 940 3023 1009 Synagoga
3054 939 3411 995 Iudaeorum:

1837 1034 1890 1086 hi
1922 1049 1985 1085 ex
2021 1032 2255 1085 oleastro
2290 1030 2478 1099 geniti,
2516 1032 2616 1084 hoc
2653 1037 2737 1084 est
2785 1044 2852 1082 ex
2896 1031 3136 1097 gentium
3169 1030 3413 1083 multitu-

1836 1122 2657 1193 dine".68&.\lerumtamen
2714 1120 2903 1175 inserti
2953 1122 3005 1172 in
3060 1120 3257 1173 bonam
3309 1120 3414 1171 oli-

1837 1231 1981 1280 vam,
2019 1214 2394 1281 pinguedinem
2447 1212 2649 1266 radicis
2704 1218 3071 1274 attraxerunt,
3122 1220 3179 1262 ut
3226 1210 3415 1262 scribit

1836 1307 2030 1360 beatus
2079 1305 2274 1359 Paulus
2296 1304 2363 1357 ⁸⁸.
2422 1303 2699 1371 Perpende
2750 1303 2863 1371 jam
2931 1300 3204 1369 quomodo
3253 1314 3415 1367 super

1836 1396 2222 1451 candelabrum
2254 1393 2416 1449 simul
2440 1409 2563 1448 cum
2597 1394 2844 1462 lampade
2876 1394 3040 1446 etiam
3070 1390 3305 1444 lucernae
3362 1400 3415 1443 et

1836 1488 1955 1542 dua:
1999 1487 2155 1541 olivae
2191 1495 2338 1541 sunt.
2384 1484 2482 1538 Est
2533 1484 2678 1553 enim
2726 1484 3006 1536 nobiscum
3061 1481 3114 1534 in
3176 1480 3415 1533 Ecclesia

1836 1578 2107 1641 Christus,
2153 1586 2209 1631 et
2255 1574 2599 1629 credentium
2650 1572 2937 1627 multitudo
2990 1569 3413 1623 misericordiam

1838 1679 2148 1732 consecuta,
2174 1683 2292 1736 ejus
2318 1667 2522 1721 lumine
2542 1664 2915 1725 illuminatnr;
2947 1660 3251 1713 illustratur
3275 1671 3416 1724 prte-

1841 1771 1985 1814 terea
2016 1774 2110 1829 per
2154 1760 2428 1821 lucernas,
2462 1772 2581 1825 qua:
2614 1756 2682 1808 ab
2722 1754 2840 1823 ipso
2885 1751 3140 1804 similiter
3167 1764 3417 1803 commu-

1838 1852 2076 1904 nieatum
2107 1850 2288 1903 lumen
2336 1848 2638 1903 contineat.
2674 1845 2753 1900 Ne
2794 1845 3013 1912 ignores
3043 1855 3227 1909 porro,
3256 1839 3418 1893 etiam

1840 1943 1891 1996 in
1936 1954 2207 1996 structura
2260 1940 2437 1995 sancti
2484 1938 2820 1993 tabernaculi
2872 1939 3107 2007 positum
3155 1936 3323 1990 fuisse
3363 1935 3418 1988 in

1838 2034 2039 2088 Sancta
2088 2043 2404 2087 sanctorum
2457 2032 2847 2085 candelabrum
2902 2045 3159 2093 aureum,
3210 2038 3419 2098 septem

1840 2125 2090 2181 lucernas
2122 2124 2416 2178 sustinens.
2456 2122 2731 2176 Mandavit
2778 2122 2925 2177 enim
2964 2124 3106 2177 Deus
3137 2121 3317 2175 Aaron
3363 2119 3415 2172 in

1838 2217 1981 2271 hunc
2007 2217 2223 2270 modum
2251 2234 2267 2271 :
2299 2234 2319 2267 ι
2348 2214 2552 2270 ’νει-ειη
2583 2215 2776 2269 faciem
2812 2213 3123 2268 candelabri
3154 2227 3219 2265 ex
3262 2218 3419 2280 parte

1838 2306 2062 2362 australi
2107 2306 2357 2361 lucebunt
2408 2316 2614 2375 septem
2662 2305 2990 2360 lucernae“.
3025 2322 3044 2356 ο
3100 2302 3221 2356 Non
3274 2300 3420 2355 enim

1838 2398 1906 2452 iis
1962 2397 2053 2466 qui
2098 2412 2128 2451 a
2185 2406 2338 2467 tergo
2386 2397 2697 2452 candelabri
2750 2405 2895 2461 sunt,
2957 2392 3279 2449 illuminatio
3329 2404 3424 2458 per

1839 2490 2091 2545 lucernas
2124 2491 2250 2545 data
2276 2498 2380 2555 est,
2422 2490 2517 2544 sed
2551 2491 2618 2543 iis
2677 2488 2770 2557 qui
2799 2488 2957 2557 quasi
2992 2486 3187 2540 faciem
3218 2482 3422 2539 Christi

1839 2595 1937 2650 per
1984 2582 2144 2635 ﬁdem
2184 2581 2479 2648 respiciunt
2499 2582 2568 2632 ".
2622 2580 2806 2645 Quare
2853 2577 3026 2631 Judari
3070 2576 3224 2645 quasi
3280 2584 3425 2630 retro

1841 2671 2038 2739 ipsum,
2074 2679 2130 2723 et
2166 2669 2221 2723 in
2272 2678 2425 2736 tergo
2450 2667 2640 2736 positi,
2677 2667 2919 2720 tenebris
2946 2665 3297 2719 obscuratum
3327 2661 3425 2715 ha-

1841 2762 1972 2816 bent
2014 2775 2129 2815 cor.
2172 2760 2273 2826 Qui
2314 2768 2494 2814 autem
2541 2775 2607 2814 ex
2657 2758 2912 2827 gentibus
2953 2755 3327 2816 crediderunt,
3368 2751 3425 2804 in

1844 2853 1982 2907 facie
2020 2851 2219 2905 habent
2268 2849 2543 2915 lucernas,
2593 2849 2789 2917 quibus
2837 2848 3007 2902 libera
3067 2856 3124 2901 et
3167 2844 3285 2899 sine
3322 2842 3428 2897 ullo

1843 2943 2228 3011 impedimento
2256 2957 2352 3011 per
2392 2948 2582 2995 sancta
2613 2940 2841 3006 contigit
2878 2937 3221 2992 illuminatio.
3257 2935 3429 2989 Arde-

1840 3035 1938 3089 bat
1987 3042 2168 3088 autem
2221 3040 2274 3087 et
2324 3033 2543 3086 lucerna
2587 3046 2692 3084 una
2752 3030 2805 3084 in
2846 3030 2997 3084 aditu
3043 3026 3425 3083 tabernaculi:

176 3119 403 3173 Ἰουδαῖοι
449 3120 685 3174 κατόπιν
709 3119 897 3192 ὥσπερ
927 3120 1093 3175 αὑτοῦ
1125 3122 1219 3175 καὶ
1250 3124 1332 3185 εἰς
1373 3120 1520 3175 νῶτα
1552 3122 1739 3192 κείμε-

1846 3138 1948 3193 qua
1997 3137 2054 3177 re
2102 3121 2516 3190 signiﬁcabatur
2573 3119 2800 3188 legalem
2835 3118 3232 3174 institutionem
3263 3129 3431 3169 evan-

164 3229 252 3275 νοι,
285 3213 781 3283 κατεσκοτισμένον
816 3213 1000 3284 ἔχουσι
1027 3214 1118 3267 τὸν
1142 3214 1288 3269 νοῦν.
1319 3216 1382 3268 Ol
1414 3215 1470 3268 δὲ
1493 3214 1551 3279 ἐξ
1574 3214 1741 3268 ἐθνῶν

1846 3215 2031 3284 gelica
2058 3229 2089 3267 a
2123 3223 2277 3283 tergo
2306 3213 2404 3267 ire.
2436 3212 2568 3267 Vide
2601 3212 2747 3266 enim
2799 3225 2909 3280 quo
2940 3218 3119 3278 pacto,
3149 3207 3349 3277 quibus
3376 3206 3430 3258 in

165 3304 568 3366 πιστεύσαντες,
598 3305 679 3367 είς
712 3304 1006 3374 πρόσωπον
1058 3304 1243 3374 ἔχουσι
1302 3307 1430 3369 τοὺς
1474 3305 1736 3376 λύχνους’

162 3394 429 3467 ἐλεύθερος
460 3394 575 3465 γὰρ
630 3394 814 3458 αὐτοῖς
853 3394 949 3448 καὶ
990 3395 1428 3465 ἁπαραπόδιστος
1466 3397 1745 3461 παντελῶς

162 3485 188 3537 ό
213 3483 295 3539 διὰ
320 3485 429 3538 τῶν
457 3486 636 3554 ἁγίων
665 3486 856 3554 γέγονε
888 3486 1187 3556 φωτισμός.
1238 3488 1483 3541 Ἐκαίετο
1531 3488 1590 3542 δὲ
1644 3492 1740 3543 καὶ

1847 3305 2115 3374 principio
2140 3302 2479 3358 tabernaculi
2507 3318 2612 3356 una
2646 3303 2871 3357 lucerna
2906 3301 3117 3365 ardeat,
3147 3298 3198 3353 in
3232 3296 3433 3351 Sancta

1843 3404 2158 3452 sanctorum
2216 3394 2487 3463 ingressos
2545 3402 2753 3461 septem
2820 3390 3057 3445 lucernas
3121 3398 3176 3445 et
3230 3387 3434 3455 lampas

1844 3490 1999 3559 quasi
2036 3487 2347 3556 largissimo
2374 3483 2668 3553 splendore
2702 3481 3122 3550 perfundebant.

162 3572 339 3643 λύχνος
386 3570 471 3637 εἷς
529 3576 591 3627 ὲν
650 3577 717 3645 τῇ
771 3575 963 3647 πρώτῃ
990 3579 1181 3647 σκηνῇ·
1225 3579 1324 3646 τῆς
1370 3579 1735 3649 εὐαγγελικῆς
1774 3580 2106 3642 παιδεύσεως
2135 3580 2365 3632 κατόπιν
2425 3575 2610 3629 ίοῦσαν
2668 3574 2768 3644 τὴν
2797 3573 3027 3643 νομικὴν
3057 3569 3150 3627 τοῦ
3178 3569 3434 3640 πράγμα-

164 3679 245 3728 τος
267 3667 396 3734 ἡμῖν
434 3668 964 3736 κατασημαίνοντος.
992 3668 1100 3720 θέα
1127 3669 1235 3740 γάρ
1272 3669 1450 3735 ὅπως,
1479 3666 1559 3733 οἷς
1590 3673 1650 3724 ἐν
1676 3672 1775 3742 μὲν
1812 3674 1876 3743 τῇ
1914 3671 2105 3744 πρώτῃ
2143 3672 2316 3741 σκηνῇ
2348 3664 2430 3732 εἷς
2458 3669 2673 3722 ἐκαίετο
2727 3665 2941 3736 λύχνος,
2973 3667 3087 3727 τοῖς
3120 3680 3184 3731 γε
3221 3663 3329 3732 μὴν
3354 3661 3437 3724 εἰς

164 3756 225 3810 τὰ
253 3759 415 3826 ’Δγια
442 3758 563 3812 τῶν
600 3759 771 3827 ἁγίων
815 3759 957 3814 ἐπτὰ
972 3758 1154 3829 λύχνος
1192 3762 1284 3814 καὶ
1313 3762 1373 3815 τὸ
1405 3763 1712 3833 λαμπάδιον
1746 3764 2233 3836 ἀμφιλαφεστάτην
2259 3763 2449 3832 ὥσπερ
2484 3760 2698 3813 ἐνίεσαν
2731 3759 2830 3827 τὴν
2858 3757 3053 3825 αὑγήν.

229 3855 331 3909 Καὶ
358 3854 753 3924 ἐπηρώτησα,
807 3854 906 3908 καὶ
957 3851 1096 3909 εἶπα
1134 3857 1284 3924 πρὸς
1327 3858 1435 3911 τὸν
1487 3858 1741 3928 ἄγγελον

1922 3859 2087 3914 Vsus.
2127 3858 2251 3913 4-6.
2304 3857 2372 3911 Et
2400 3855 2740 3923 interrogavi,
2771 3862 2817 3905 et
2843 3852 2957 3905 dixi
2990 3850 3058 3903 ad
3084 3847 3326 3917 angelum
3347 3846 3439 3915 qui

166 3942 263 3997 τὸν
289 3946 610 4000 λαλοῦντα
656 3945 726 3998 ἐν
783 3945 934 4014 ἐμοὶ,
985 3944 1200 4014 λέγων·
1242 3948 1303 4000 Τί
1356 3947 1490 4002 ἐστι
1523 3950 1741 4016 ταῦτα,

1847 3950 2157 4019 loquebatur
2184 3949 2239 4002 in
2281 3964 2382 4011 me,
2416 3948 2597 4001 dicens
2628 3962 2646 3999 :
2676 3944 2817 4010 Quid
2855 3951 2973 3997 sunt
3010 3941 3143 4003 hac,
3175 3936 3440 3992 Domine?

166 4036 368 4104 Rupis;
417 4039 542 4091 Καὶ
579 4036 870 4103 ἀπεκρίθη
934 4039 967 4091 ό
1024 4037 1280 4106 ἄγγελος
1321 4040 1355 4091 ό
1422 4038 1634 4093 λαλῶν
1681 4040 1741 4095 ἐν

1851 4042 1917 4096 Et
1948 4041 2213 4107 respondit
2247 4038 2462 4109 angelus
2499 4038 2588 4105 qui
2655 4035 2967 4105 loquebatur
2998 4034 3051 4085 in
3096 4047 3197 4093 me,
3225 4038 3272 4082 et
3304 4027 3438 4080 dixit

165 4125 306 4193 ἐμοὶ,
340 4129 440 4183 καὶ
479 4129 623 4183 εἷπε
651 4128 799 4195 πρός
823 4144 919 4195 με,
954 4126 1171 4195 λέγων’
1201 4131 1284 4183 Οὐ
1322 4130 1640 4198 γινώσκεις
1693 4148 1741 4187 τι

1848 4131 1918 4185 ad
1964 4145 2064 4193 me,
2108 4129 2283 4181 dicens
2309 4141 2328 4181 :
2354 4125 2480 4180 Non
2518 4124 2788 4195 cognoscis
2839 4122 2964 4191 quid
3017 4130 3135 4174 sunt
3177 4117 3335 4171 hac?
3369 4113 3438 4169 Et

167 4218 289 4272 ἐστι
312 4220 547 4285 muta;
604 4220 717 4274 Καὶ
764 4215 925 4272 εἷπα·
990 4218 1158 4286 Οὐχί,
1211 4221 1410 4288 Κύριε.
1465 4222 1578 4276 Kal
1626 4224 1741 4277 ἀπ-

1854 4221 1968 4275 άῦεί
1997 4237 2015 4274 :
2048 4219 2192 4284 Non,
2224 4219 2463 4274 Domine.
2518 4217 2586 4271 Et
2615 4214 2905 4284 respondit,
2960 4222 3008 4266 et
3058 4211 3191 4264 dixit
3241 4211 3310 4261 ad
3337 4225 3437 4273 nte,

167 4310 377 4376 εκρίθη,
420 4310 522 4363 καί
561 4304 693 4362 εἷπε
723 4310 871 4375 πρός
900 4323 992 4374 με,
1038 4305 1251 4374 λέγων·
1283 4303 1472 4373 Οὗτος
1504 4312 1536 4362 ό
1564 4312 1741 4378 λόγος

1856 4315 2075 4367 dicens:
2107 4311 2213 4365 Iste
2264 4327 2435 4366 sermo
2475 4310 2683 4363 Domini
2732 4308 2802 4361 ad
2854 4304 3167 4367 Zorobabel,
3218 4304 3394 4355 dicens
3420 4312 3439 4350 :

168 4398 378 4465 Κυρίου
405 4399 573 4467 πρὸς·
611 4397 964 4465 Ζοροϐάϐελ,
1000 4394 1211 4465 λέγων·
1250 4398 1372 4451 Οὐκ
1401 4398 1471 4451 ἐν
1498 4398 1741 4469 δυνάμει

1860 4405 1982 4459 Non
2020 4406 2076 4457 in
2110 4404 2426 4472 fortitudine
2469 4417 2684 4470 magna,
2730 4414 2895 4467 neque
2924 4398 2979 4449 in
3016 4397 3221 4460 robore,
3266 4394 3356 4447 sed
3383 4391 3441 4444 iu

164 4488 409 4557 μεγάλῃ,
437 4489 593 4545 οὐδὲ
629 4489 700 4542 ἐν
749 4490 935 4557 ἰσχύϊ,
973 4487 1136 4541 ἀλλὰ
1176 4486 1572 4559 ἐνηνεύματι
1608 4508 1741 4560 μου,

1858 4493 2063 4564 Spiritu
2097 4509 2232 4557 meo,
2270 4493 2400 4545 dicit
2427 4490 2689 4544 Dominus
2720 4487 3067 4555 omnipotens.

169 4577 315 4647 λέγει
333 4582 561 4649 Κύριος
592 4580 1038 4648 παντοκράτωρ.

231 4670 352 4724 KA’.
382 4672 513 4725 Ὀτι
547 4671 646 4723 καὶ
683 4671 923 4741 ἀμείνων
962 4674 1053 4726 καὶ
1093 4673 1380 4745 ἱερώτερος
1408 4674 1505 4745 τῆς
1539 4675 1598 4727 ἐν
1618 4676 1754 4746 ἡμῖν

170 4758 393 4825 διανοίας
423 4764 453 4815 ὁ
483 4762 600 4814 τῶν
627 4763 833 4831 νοητῶν
859 4762 1140 4833 δυνάμεων
1169 4765 1313 4832 νοῦς,
1372 4768 1468 4819 καὶ
1510 4768 1567 4819 ἐν
1594 4768 1759 4834 ἀσυγο

172 4850 363 4919 κρίτοις
404 4853 717 4922 ὑπεροχαῖς
746 4853 813 4906 τὰ
872 4854 993 4906 καθ’
1018 4856 1163 4925 ἡμᾶς
1201 4857 1623 4927 ύπερκείμενος,
1660 4858 1757 4912 καὶ

175 4939 410 4993 ἐντεῦθεν
439 4941 512 4995 ἂν
548 4939 765 5010 μάθοις.
801 4942 1131 5012 Ἐπέστρεψε
1170 4944 1267 5013 μὲν
1297 4944 1406 5015 γὰρ
1434 4946 1463 4997 ὁ
1504 4945 1755 5013 ἄγγελος,

174 5030 239 5093 ὡς
286 5035 313 5086 ό
369 5033 674 5103 προφήτης
723 5032 879 5101 φησὶ,
937 5036 1031 5087 καὶ
1084 5034 1366 5105 ἐξήγειρεν
1388 5037 1592 5100 αὑτὸν,
1642 5055 1661 5088 ι
1698 5036 1757 5089 ὃν

175 5122 361 5189 τρόπον
388 5125 526 5177 ὅταν
557 5122 822 5193 ἐξεγερθῇ
852 5123 1137 5195 ἄνθρωπος
1195 5128 1261 5179 ἐκ
1305 5125 1399 5179 τοῦ
1438 5126 1608 5179 ὕπνου
1661 5126 1761 5179 αὺ-

175 5214 278 5267 Ιδοῦ.
318 5234 337 5268 ι
373 5218 441 5269 El
466 5215 591 5285 γάρ
614 5213 677 5285 δὴ
703 5215 1017 5285 συγκρίνειν
1045 5216 1219 5269 ἓλοιτό
1263 5234 1347 5281 τις
1398 5218 1472 5281 ὡς
1519 5219 1657 5288 πρός
1696 5235 1760 5286 γε

175 5304 257 5358 τὸν
276 5309 395 5371 ταῖς
427 5306 553 5361 ἄνω
575 5305 874 5377 δυνάμεσιν
898 5307 1087 5361 ἐνόντα
1117 5308 1264 5371 νοῦν,
1289 5310 1388 5379 τῆς
1406 5309 1760 5377 ἀνθρωπίνης

173 5392 399 5460 διανοίας
434 5397 503 5450 τὸ
535 5396 762 5466 μέτρον,
802 5399 1278 5468 μειονεκτούμενον
1329 5400 1550 5470 εὑρήσει
1571 5400 1761 5453 τοσοῦ-

176 5498 277 5549 τον,
325 5487 455 5539 ὅσον
518 5487 594 5539 ἂν
633 5488 804 5538 νοοῖτο
864 5487 1093 5541 κατόπιν
1148 5488 1324 5541 ἐλθεῖν
1383 5490 1606 5560 καὶτῆς
1653 5489 1763 5543 τῶν

178 5574 449 5643 νηφόντων
508 5575 758 5639 διανοίας
810 5575 877 5629 τὰ
910 5579 967 5630 ἐν
992 5580 1105 5641 τοῖς
1160 5577 1350 5642 ὕπνοις
1382 5580 1589 5649 ἀδρανῆ
1623 5596 1762 5649 φανο

242 5689 284 5774 ἐι
311 5690 485 5746 Matth
549 5703 607 5774 γ,
643 5688 723 5742 ιι.

186 5691 284 5810 ws.-
311 5691 485 5746 uauh
549 5703 607 5774 ν,
643 5691 723 5742 H.
824 5692 864 5723 "
895 5691 1047 5748 Ilom.
1087 5709 1163 5757 χι,
1195 5692 1256 5746 l7
1280 5709 1430 5763 seqq.

1926 4668 2116 4724 XXlV.
2159 4668 2431 4722 Virtutum
2477 4679 2614 4736 quas
2651 4665 2835 4737 animo
2883 4664 3150 4727 videmus,
3200 4666 3437 4714 mentem

1862 4772 2046 4817 nostra
2076 4771 2255 4813 mente
2273 4759 2726 4828 praestantiorem,
2751 4766 2805 4810 et
2831 4755 3185 4815 sanctiorem,
3212 4751 3438 4805 nostris-

1862 4869 1968 4923 que
2000 4854 2159 4907 rebus
2186 4850 2707 4920 incomparabilibus
2730 4848 3068 4903 excellentiis
3097 4845 3438 4913 superiorem

1864 4959 2005 5007 esse,
2045 4944 2209 4999 etiam
2243 4943 2369 4996 hinc
2405 4942 2608 4996 discas.
2644 4939 2919 4995 Reversus
2959 4948 3042 4992 est
3088 4936 3230 4989 enim
3271 4946 3443 5000 ange-

1866 5037 1969 5100 lus,
1996 5045 2054 5088 ut
2080 5034 2158 5088 ait
2195 5034 2479 5102 propheta,
2514 5040 2567 5085 et
2610 5030 2869 5085 excitavit
2904 5043 3026 5083 eum
3049 5066 3065 5090 ,
3098 5044 3118 5077 ι
3146 5025 3294 5080 velut
3319 5039 3441 5077 cum

1865 5128 2134 5182 excitatur
2168 5124 2330 5178 homo
2358 5121 2427 5176 de
2480 5135 2672 5176 somno
2704 5136 2825 5176 suo.
2854 5138 2872 5171 ι
2906 5120 3037 5172 Nam
3090 5117 3134 5170 si
3182 5116 3305 5185 quis
3334 5112 3441 5167 vim

1862 5231 2219 5287 supernarum
2278 5216 2542 5268 virtutum
2596 5228 2723 5267 cum
2784 5210 3138 5275 intelligentia
3204 5207 3440 5259 humana

1862 5321 2181 5376 comparare
2233 5305 2499 5369 voluerit,
2559 5304 2701 5357 hanc
2767 5301 2858 5355 illa
2919 5307 3072 5352 tanto
3133 5296 3444 5350 inferiorem

1864 5398 2173 5468 perspiciet,
2202 5406 2465 5466 quantum
2493 5394 2700 5448 scimus
2722 5389 3064 5459 vigilantium
3100 5384 3443 5454 cogitationi-

1866 5491 1967 5544 bus
2014 5488 2211 5543 cedere
2244 5483 2625 5539 dormientium
2671 5481 2807 5543 visa,
2856 5476 3160 5548 sivem
3209 5476 3442 5531 somnia.

1868 5580 2148 5634 Excitatus
2175 5585 2257 5630 est
2290 5576 2453 5646 igitur
2481 5573 2743 5643 propheta
2762 5572 2829 5627 ad
2854 5569 3092 5641 vigiliam
3121 5586 3134 5623 :
3168 5563 3441 5621 nihilomi-

1511 5694 1556 5725 ’°
1580 5694 1713 5748 ibid.
1743 5694 1827 5748 l7.
1905 5695 1945 5725 ²¹
1981 5691 2149 5746 Exod.
2190 5703 2313 5754 xxv,
2345 5688 2452 5755 37;
2486 5686 2641 5743 Num.
2682 5685 2883 5753 "11,2.
2963 5684 3006 5715 "
3031 5678 3173 5735 Psal.
3209 5687 3441 5741 uuln,
