3936 6318
525 387 597 444 οδ
1489 379 1546 431 s.
1591 361 1870 431 cvasLLt
1912 371 2387 430 ALEXANURINI
2429 370 2753 432 ARClllliP.
3701 373 3768 429 et

504 506 608 544 ltus
636 491 796 546 etiam
823 492 901 546 sic
924 492 1112 545 tardus
1147 501 1230 545 est
1262 494 1328 544 ad
1365 486 1712 562 percipienda
1738 510 1856 563 qua:
1891 505 2072 547 osten-

2183 495 2437 565 τάσματα
2505 496 2832 564 Ἐγήγερται
2864 493 2929 561 δὴ
2958 487 3051 545 οὖν
3095 493 3121 545 ό
3147 493 3436 562 προφήτης
3477 493 3555 553 εἰς
3586 491 3768 560 νῆψιν,

503 584 724 636 duntur.
755 581 961 637 Idcirco
1015 582 1316 651 iustissime
1350 595 1724 652 percontatur,
1758 593 1812 637 et
1859 599 1923 637 ea
1972 600 2073 636 an-

503 674 620 742 gelo
687 675 994 728 declarante
1049 688 1382 742 cognoscere
1441 676 1595 742 petit.
1663 675 1900 742 Angelus
1953 689 2075 728 eum

503 763 710 816 nescire
741 765 951 817 illorum
989 763 1439 833 signiﬁcationem
1471 765 1858 831 prapemodum
1893 763 2078 816 obstu-

501 853 696 920 pescit,
744 863 798 907 et
847 869 970 906 num
1014 868 1142 907 vere
1189 853 1400 906 nesciat
1447 853 1761 919 intermgat.
1811 850 2076 918 Propheta

503 945 857 1011 ignorantiam
903 954 1087 1011 aperte
1135 945 1432 998 conﬁtente
1464 951 1520 996 et
1564 942 1874 996 tarditatem
1922 957 2075 996 suam

504 1051 607 1087 non
644 1036 1021 1096 erubescente,
1064 1035 1451 1089 obscuritatem
1498 1033 1599 1086 visi
1649 1032 1905 1100 deinceps
1936 1046 2074 1084 enn-

503 1127 676 1192 cleat;
731 1136 817 1188 et,
867 1134 1123 1194 tanquam
1161 1141 1224 1179 ex
1279 1125 1514 1194 imagine
1567 1122 1856 1176 manifesta
1921 1130 1976 1175 et
2022 1120 2075 1173 in

502 1217 675 1270 oculis
707 1216 1036 1281 incnrrente,
1068 1231 1288 1284 scopum
1323 1216 1374 1267 in
1416 1229 1476 1268 ea
1508 1213 1762 1266 latentem
1800 1210 2072 1279 explanat.

506 1307 679 1373 laquit
709 1307 851 1360 enim
885 1324 900 1360 :
935 1323 953 1356 ι
989 1305 1083 1359 llic
1111 1316 1192 1360 est
1215 1319 1394 1358 sermo
1420 1303 1628 1358 Domini
1659 1305 1723 1355 ad
1755 1299 2073 1364 Zorobabel,

503 1396 689 1449 dit-ens
721 1413 734 1448 :
771 1395 883 1449 Non
914 1396 966 1449 in
997 1395 1318 1450 fortitudine
1368 1408 1585 1461 magna,
1617 1407 1716 1446 nec
1758 1392 1812 1444 in
1859 1391 2072 1456 robore,

504 1486 596 1537 sed
644 1486 695 1538 iu
745 1486 947 1554 Spiritu
991 1501 1133 1550 meo,
1180 1485 1312 1540 dicit
1341 1483 1602 1537 Dominus
1651 1481 2016 1550 omnipotens.
2050 1498 2070 1531 ι

503 1572 733 1630 Perinde
761 1575 994 1652 fortasse
1032 1591 1096 1630 ac
1139 1575 1187 1630 si
1230 1575 1397 1638 dicat,
1434 1572 1616 1628 omnia
1660 1572 1776 1626 haec
1809 1572 1948 1636 visa,
1980 1569 2077 1624 ali-

501 1666 716 1730 quando
755 1664 915 1718 ﬁnem
955 1681 1110 1720 sumn
1159 1674 1499 1728 assecutura,
1542 1677 1646 1717 non
1697 1665 1929 1717 humana
1962 1663 2075 1716 vir-

503 1763 614 1808 tute
660 1755 1051 1821 administrata,
1091 1769 1192 1811 nec
1234 1754 1290 1810 in
1335 1754 1530 1809 robore
1570 1751 1861 1823 corporali,
1895 1752 1988 1807 sed
2022 1752 2074 1806 in

2180 583 2314 636 ἀλλὰ
2351 584 2442 635 καὶ
2472 581 2643 644 οὕτως
2667 581 2828 650 ἔχων,
2863 581 3016 633 οὐδὲν
3056 577 3220 652 ἦττόν
3247 581 3363 632 ἐστι
3392 579 3590 649 βραδὺς
3637 580 3772 650 πρός

2179 689 2242 739 γε
2275 672 2334 723 τὸ
2359 669 2635 734 δύνασθαι,
2663 670 2826 739 φημὶ,
2857 669 3190 722 συνιέναιτά
3241 667 3597 737 δεικνύμενα.
3626 668 3770 721 Ταύ-

2177 776 2348 829 τῃτοι,
2373 760 2466 812 καὶ
2499 759 2641 829 μάλα
2665 759 2911 822 εἰκότως,
2945 758 3385 812 ἀναπυνθάνεταί
3414 775 3472 810 τε
3505 758 3600 810 καὶ
3631 759 3770 824 ἀξιοῖ

2181 852 2374 920 μαθεῖν
2403 851 2551 920 παρὰ
2602 849 2694 903 τοῦ
2723 849 3110 918 διασαφοῦντος
3163 848 3416 916 ἀγγέλου.
3485 849 3543 901 ’0
3589 849 3644 902 δὲ
3685 850 3767 902 ὅτι

2177 943 2238 994 οὐ
2292 941 2489 1010 συνῆκε
2538 938 2825 1008 μονονουχὶ
2875 938 3223 1006 κατατέθηπέ
3253 956 3390 1002 πως,
3441 937 3553 990 καὶ·
3593 939 3642 989 εί
3689 937 3766 1007 μὴ

2177 1031 2392 1102 ἀληθῶς
2424 1031 2587 1100 εἰδείη
2613 1029 2864 1100 διερωτᾷ.
2895 1027 3003 1081 Τοῦ
3059 1027 3116 1080 δὲ
3149 1027 3449 1099 διαρρήδην
3484 1026 3767 1098 ὡμολογη-

2178 1125 2334 1186 κότος
2362 1122 2459 1192 τὴν
2509 1122 2750 1190 ἄγνοιαν,
2791 1119 2886 1172 καὶ
2925 1119 2986 1171 τὸ
3041 1119 3319 1186 δυσμαθὲς
3365 1119 3466 1170 οὐκ
3513 1120 3767 1186 αἰσχυνο-

2181 1216 2366 1288 μένου,
2393 1214 2810 1268 καταλευκαίνει
2832 1212 3020 1266 λοιπὸν
3071 1213 3132 1264 τὸ
3162 1213 3226 1264 ἐκ
3286 1212 3384 1281 τῆς
3412 1213 3653 1281 ὁράσεως
3681 1209 3762 1263 αῐο

2177 1325 2370 1378 νιγμα,
2416 1307 2510 1360 xui
2539 1302 2649 1359 οἷον
2685 1305 2760 1367 ὡς
2786 1304 2849 1368 ἐξ
2876 1304 3084 1365 είκόνος
3113 1303 3392 1372 ἐμφανοῦς
3415 1319 3475 1354 τε
3517 1302 3609 1355 xui.
3627 1304 3764 1369 ὀρω-

2181 1401 2348 1472 μένης
2372 1399 2464 1451 τὸν
2486 1399 2543 1450 ὲν
2567 1397 2704 1466 αὐτῇ
2739 1394 3045 1465 λεληθότως
3069 1394 3386 1462 ἐγκείμενον
3415 1391 3762 1462 διερμηνεύει

2180 1490 2400 1546 σκοπόν.
2444 1507 2460 1540 ι
2503 1484 2672 1550 Οὗτος
2695 1487 2824 1556 γὰρ,
2857 1485 3057 1555 φησὶν,
3115 1486 3143 1536 ὀ
3183 1483 3341 1552 λόγος
3371 1483 3576 1552 Κυρίου
3625 1484 3763 1552 πρὸς

2177 1578 2498 1652 Ζοροϐάϐελ,
2538 1577 2731 1646 λέγων·
2787 1577 2899 1629 Ούκ
2927 1577 2985 1629 ὲν
3017 1575 3243 1644 δυνάμει
3288 1572 3523 1646 μεγάλῃ,
3556 1572 3675 1625 οὐδὲ
3700 1575 3759 1626 ἐν

2179 1667 2347 1738 ίσχύῖ,
2402 1665 2599 1719 ἀλλ’ὲν
2651 1663 2931 1734 Πνεύματί
2979 1681 3119 1733 μου,
3171 1661 3320 1731 λέγει
3380 1661 3586 1731 Κύριος
3624 1677 3762 1714 παν·

2176 1759 2481 1831 τοκράτωρ.
2516 1776 2536 1808 ι
2570 1757 2792 1826 Ὅμοιον
2817 1756 2892 1819 ώς
2933 1756 2982 1808 εί
3021 1755 3167 1822 λέγοι
3219 1751 3402 1823 τυχὸν,
3433 1752 3516 1806 ὅτι
3579 1753 3761 1806 πάντα

502 1846 700 1900 virtute
729 1844 964 1913 Spiritus
993 1847 1191 1912 sancti,
1223 1855 1277 1902 et
1308 1855 1366 1901 ut
1393 1860 1460 1902 ex
1485 1845 1668 1900 divino
1693 1854 1846 1898 nutu.
1875 1842 2072 1898 Factus

2178 1850 2342 1904 ταῦτα
2367 1848 2437 1902 τὰ
2463 1846 2712 1918 ὁρώμενα
2741 1849 2821 1910 είς
2849 1846 3021 1917 πέρας
3057 1844 3176 1916 ἥξει
3212 1844 3358 1897 κατὰ
3390 1845 3636 1914 καιροὺς,
3661 1843 3764 1896 οὒκ

503 1946 586 1989 est
655 1936 921 2005 siquidem
994 1937 1157 1992 homo
1207 1937 1380 1991 nostri
1437 1935 1633 1990 similis
1687 1933 2067 2002 Unigenitns:

501 2036 871 2080 verumtamen
906 2040 1013 2080 non
1043 2025 1262 2080 bellavit
1283 2024 1551 2094 corporali
1586 2025 1764 2087 modo,
1799 2032 1857 2076 ut
1893 2022 2073 2078 Eccle-

501 2117 637 2170 siam
669 2117 821 2184 quasi
857 2117 1122 2186 quoddam
1150 2115 1538 2170 candelabrum
1567 2113 1772 2168 mundo
1797 2112 2068 2180 erigeret:

502 2220 678 2273 neque
707 2207 936 2273 sumptis
965 2207 1134 2259 armis
1158 2205 1373 2259 sensum
1405 2202 1770 2270 tangentibus,
1797 2209 1852 2254 et
1873 2200 2070 2254 cohor-

501 2294 643 2349 tibus
668 2295 936 2352 bellicosis
961 2297 1094 2350 dnos
1123 2295 1350 2365 populos
1386 2293 1486 2348 sibi
1521 2292 1786 2360 adiunxit,
1817 2301 1910 2344 aut
1938 2291 2074 2345 duas

501 2385 751 2439 lucernas
791 2387 969 2441 animo
1012 2384 1372 2455 aspectabiles
1415 2381 1742 2437 candelabro
1791 2382 2071 2449 imposuit,

499 2477 592 2528 sed
632 2475 685 2529 in
723 2478 916 2531 robore
963 2476 1200 2546 Spiritus
1231 2475 1407 2529 sancti
1459 2473 1668 2528 creavit
1711 2473 1762 2528 in
1814 2471 2073 2527 Ecclesiis

499 2569 732 2635 primum
774 2566 1069 2635 apostolos,
1105 2566 1297 2620 deinde
1339 2565 1656 2634 prephetas,
1709 2571 1764 2616 ct
1792 2562 2071 2631 evangeli-

497 2667 630 2720 stas,
655 2665 710 2710 et
739 2658 1010 2726 reliquum
1042 2672 1256 2710 omnem
1286 2664 1594 2710 sanctorum
1621 2661 1846 2716 caatum,
1876 2653 2074 2707 divinis

496 2747 918 2800 charismatibus
946 2761 1040 2800 eos
1076 2746 1324 2813 impleas,
1355 2756 1410 2799 et
1467 2744 1782 2812 irrigatione
1839 2741 2074 2810 Spiritus

499 2837 728 2891 ubertim
764 2837 1168 2906 pinguefacicns
1191 2836 1256 2890 ".
1292 2837 1476 2904 Itaque
1520 2849 1626 2888 non
1663 2835 1714 2886 in
1757 2833 2074 2890 fortitudine

500 2945 716 3000 magna,
753 2944 851 2984 nec
883 2931 934 2983 in
973 2931 1168 2983 robore
1190 2929 1417 2992 carnali,
1453 2927 1546 2981 sed
1583 2927 1638 2980 in
1668 2927 1868 2982 virtute
1897 2926 2071 2994 Spiri-

501 3031 589 3074 tus
633 3037 660 3073 a
707 3021 927 3076 Christo
974 3021 1238 3090 spoliatus
1287 3029 1374 3074 est
1413 3018 1667 3083 Satanas,
1717 3032 1839 3073 eum
1872 3032 1979 3087 quo
2019 3026 2075 3072 et

500 3114 932 3167 adversariarum
979 3121 1305 3183 potestatum
1325 3111 1466 3180 globi
1499 3097 2071 3176 ceciderunt,'vocati-

499 3219 604 3271 que
650 3214 775 3258 sunt
817 3206 887 3258 ad
930 3205 1257 3273 agnitionem
1310 3202 1402 3257 Dei
1437 3219 1531 3271 per
1563 3203 1720 3256 ﬁdem
1771 3211 1826 3256 et
1862 3201 1952 3270 qui
2005 3216 2072 3255 ex

499 3296 688 3364 Israel,
728 3305 781 3352 et
832 3298 919 3365 qui
957 3297 1248 3365 aliquando
1297 3313 1315 3346 ι
1349 3304 1613 3349 creaturae
1647 3293 1826 3362 petius
1871 3291 2072 3345 servie-

510 3401 631 3442 rant
681 3404 837 3458 quam
867 3387 1114 3441 Creatori
1137 3386 1202 3438 ’⁵.
1237 3404 1256 3435 ι
1307 3384 1570 3438 Exhibitm
1619 3391 1745 3438 sunt
1787 3383 1947 3435 etiam
2017 3380 2070 3433 in

501 3479 757 3534 Ecrlesiis
802 3480 1053 3539 laceram,
1095 3478 1145 3531 id
1175 3489 1256 3530 est
1308 3475 1506 3538 sancti,
1537 3490 1641 3528 una
1673 3475 1914 3530 lucentes
1947 3486 2071 3525 cum

500 3570 768 3640 lampade,
818 3569 1057 3632 Christo,
1115 3570 1350 3635 inquam.
1400 3565 1643 3618 Fuerunt
1697 3577 1950 3631 namque,
2015 3572 2073 3614 nt

498 3661 714 3726 quidem
747 3667 826 3713 est
865 3661 1004 3726 apud
1032 3656 1492 3727 sapientissimum
1547 3654 1791 3718 Paulum,
1849 3670 1868 3705 ι
1899 3653 2062 3706 lumi-

501 3750 650 3802 naria
715 3750 764 3802 in
824 3750 1048 3814 mundo,
1110 3750 1331 3802 verbum
1393 3747 1513 3802 vita:
1581 3747 1921 3800 continentes
1945 3744 2066 3798 ³³.»

499 3841 653 3906 Quod
703 3850 882 3894 autem
945 3838 1258 3894 Emmanuel
1317 3853 1423 3892 non
1472 3852 1656 3902 manu,
1699 3851 1792 3890 seu
1835 3837 2070 3906 potentia

501 3931 757 3993 lmmana,
801 3930 894 3983 sed
947 3929 1152 3984 viribus
1193 3928 1309 3984 suis
1341 3936 1595 3996 tanquam
1631 3927 1773 3982 Deus
1814 3928 2069 3982 mundum

499 4019 810 4083 salvaverit,
861 4028 1087 4074 testatus
1115 4027 1197 4073 est
1243 4027 1298 4074 et
1335 4034 1432 4088 per
1461 4019 1680 4083 Oscam,
1729 4018 1870 4085 apud
1910 4033 2070 4086 quem

500 4107 603 4163 ista
648 4108 900 4178 leguntur
934 4127 950 4164 :
987 4125 1008 4160 ι
1041 4107 1298 4162 Filiorum
1341 4115 1520 4162 autem
1567 4105 1707 4160 Iuda
1747 4105 2068 4170 miserebor,

499 4209 551 4253 et
576 4198 794 4253 salvabo
832 4213 926 4254 eos
973 4200 1026 4252 in
1063 4197 1290 4252 Domino
1325 4197 1436 4252 Deo
1465 4211 1588 4263 suo,
1619 4205 1675 4253 et
1720 4212 1825 4251 non
1852 4197 2072 4253 salvabo

501 4304 596 4344 eos
622 4290 674 4343 in
709 4304 862 4357 arcu,
901 4303 1081 4360 neque
1112 4289 1167 4344 in
1195 4288 1390 4360 gladio,
1419 4303 1596 4358 neque
1631 4289 1684 4343 in
1710 4289 1870 4351 bello,
1897 4303 2073 4358 neque

501 4379 556 4434 in
587 4379 857 4444 curribus,
905 4395 1081 4449 neque
1112 4381 1164 4434 in
1210 4378 1384 4449 equis,
1417 4392 1594 4447 neque
1625 4377 1680 4433 in
1717 4379 2012 4448 equitibus.
2046 4397 2066 4431 ι

503 4468 1014 4526 Peraccommodate
1068 4480 1249 4526 autem
1319 4469 1544 4524 verbum
1594 4468 1795 4524 factum
1863 4477 1948 4525 est
2003 4470 2072 4526 ad
2108 4508 2153 4566 ο

501 4559 799 4617 Zorobabel
819 4562 987 4632 686
1011 4561 1078 4614 de
1109 4561 1250 4616 tribu
1280 4559 1417 4614 Juda
1440 4572 1612 4627 genus
1637 4559 1946 4624 ducentem,
1978 4561 2071 4628 qui

501 4653 554 4706 id
598 4653 856 4721 temporis
903 4654 1084 4706 sedem
1133 4650 1282 4720 regni
1335 4647 1728 4720 Hierosolymis
1767 4651 2068 4705 obtinebat.

503 4743 712 4798 Etenim
751 4759 819 4797 ne
852 4743 987 4796 adeo
1022 4741 1322 4810 insignibus
1347 4739 1794 4809 admirandisque
1816 4743 2071 4810 operibus

501 4835 604 4888 sibi
631 4833 1006 4903 praenuntiatis
1029 4831 1428 4901 expeditionem
1454 4831 1744 4900 aliquando
1765 4833 2061 4901 suscipien-

499 4927 646 4988 dam,
678 4932 732 4979 et
765 4924 953 4994 proelia
993 4923 1237 4977 facienda
1262 4923 1642 4986 arbitraretur,
1667 4924 1735 4976 ab
1769 4922 2071 4988 huiusmodi

504 5014 712 5070 frivolis
761 5022 816 5068 et
856 5013 1106 5067 humanis
1162 5012 1583 5076 cogitationibus
1629 5027 1751 5066 eum
1799 5014 2074 5067 deterren-

501 5105 628 5156 dum
665 5103 892 5172 pulavit,
923 5103 1208 5171 potiusque
1253 5099 1656 5168 sentirejussit,
1691 5101 1926 5155 divinam
1963 5102 2072 5156 eﬁi-

503 5195 810 5260 cacitatem,
843 5203 898 5248 et
929 5193 1236 5247 facultatem
1265 5208 1373 5246 non
1401 5192 1716 5252 humanam.
1747 5194 1840 5246 sed
1871 5191 2071 5246 Christi

507 5286 628 5336 talia
668 5285 938 5338 molientis
964 5299 1104 5338 esse.
1154 5283 1495 5338 Meminimus
1541 5297 1702 5350 porro
1733 5297 1830 5336 nos
1871 5283 2082 5345 dicere,

503 5386 559 5429 et
595 5376 770 5444 ipsum
805 5375 1212 5440 Zorobabelem,
1255 5386 1309 5430 ut
1349 5391 1415 5431 ex
1470 5375 1613 5429 tribu
1644 5373 1781 5429 Juda
1823 5389 2076 5442 procrea-

507 5477 620 5519 tum
670 5477 725 5520 et
785 5481 999 5535 regem,
1047 5467 1360 5535 signiﬁcare
1418 5467 1730 5528 Christum,
1789 5465 2076 5532 conjuncto

485 5560 674 5614 etiam
701 5555 831 5614 Jesu
866 5559 974 5613 ﬁlio
1011 5558 1261 5624 .Iosedec,
1309 5569 1367 5612 ut
1411 5559 1570 5614 simul
1599 5567 1655 5612 et
1711 5557 1763 5610 in
1816 5573 1916 5610 una
1954 5570 2078 5624 per-

585 5733 630 5762 ²³
664 5727 830 5785 lCor.
863 5747 957 5798 xu,
982 5731 1070 5786 23.
1148 5733 1191 5765 ν’
1219 5734 1374 5788 Rom.
1409 5748 1446 5799 ι,
1471 5732 1558 5786 93.

1639 5732 1682 5762 ιδ
1713 5730 1941 5801 rinam).
1978 5745 2034 5796 ιι,
2071 5729 2151 5784 ιδ.

2173 1943 2490 2015 ἀνθρωπεία
2511 1942 2735 2011 δυνάμει
2762 1939 3193 2010 κατορθούμενα,
3232 1937 3355 1991 οὔτε
3391 1937 3496 2008 μὴν
3522 1939 3579 1990 ὲν
3617 1936 3766 2004 ίσχύῐ

2176 2039 2433 2106 σαρκικῇ,
2462 2034 2575 2087 ἀλλ’
2605 2035 2662 2085 ὲν
2712 2033 2955 2101 δυνάμει
2995 2029 3312 2100 Πνεύματος
3347 2029 3530 2096 ἁγίου,
3569 2028 3663 2080 xui.
3683 2028 3762 2090 ώς

2173 2126 2238 2178 ὲκ
2265 2123 2422 2176 θείων
2460 2122 2856 2192 διανευμάτων.
2899 2121 3093 2190 Γέγονε
3153 2120 3250 2191 μὲν
3307 2119 3414 2191 γὰρ
3461 2118 3558 2172 ἀνθ
3577 2133 3764 2188 ρωπος

2174 2214 2295 2270 καθ’
2321 2215 2466 2285 ἡμᾶς
2495 2215 2522 2266 ὁ
2554 2214 2886 2283 Μονογενής·
2919 2211 3054 2282 πλὴν
3076 2211 3136 2264 ού
3187 2210 3542 2280 πεπολέμηκε
3567 2224 3764 2277 σαρκι-

2174 2305 2306 2369 κῶς,
2339 2307 2425 2358 ἴνα
2465 2303 2716 2375 καθάπερ
2740 2304 2861 2357 τινὰ
2907 2301 3129 2372 λυχνίαν
3159 2301 3443 2372 ἀναστήσῃ
3465 2300 3542 2370 τῷ
3571 2299 3764 2369 κόσμῳ

2173 2397 2270 2468 τὴν
2303 2395 2648 2466 Ἐκκλησίαν*
2690 2394 2787 2463 οὐχ
2813 2392 2954 2448 ὅπλα
2987 2394 3216 2462 κινήσας
3247 2391 3502 2460 αἰσθητά,
3531 2390 3625 2443 xui.
3659 2405 3765 2458 μα-

2174 2488 2229 2560 χί
2236 2505 2350 2559 μων
2372 2486 2657 2556 φάλαγγας
2687 2485 3026 2556 παρέστησεν
3051 2482 3226 2553 ἐαυτῷ
3253 2483 3380 2545 τοὺς
3409 2481 3501 2534 δύο
3517 2480 3702 2543 λαοὺς,
3725 2479 3761 2548 ἢ

2173 2580 2299 2642 τοὺς
2319 2578 2544 2648 λύχνους
2569 2577 2694 2639 τοὺς
2724 2577 2949 2646 νοητοὺς
3001 2575 3240 2646 ἐπέθηκε
3298 2575 3364 2644 τῇ
3401 2571 3610 2641 λυχνίᾳ,
3645 2569 3763 2622 ἀλλ’

2175 2670 2233 2723 ἐν
2266 2669 2411 2740 ίσχύῖ
2444 2667 2760 2739 Πνεύματος
2811 2667 2969 2736 ἁγίου
3025 2665 3472 2737 κεχειροτόνηκεν
3528 2663 3587 2714 ἐν
3637 2663 3763 2724 ταῖς

2189 2760 2533 2830 Ἐκκλησίαις
2561 2759 2780 2830 πρῶτον
2826 2758 3179 2822 ἀποστόλους,
3233 2754 3482 2823 δεύτερον
3539 2755 3764 2823 προφή-

2173 2875 2275 2922 τας
2323 2859 2418 2912 xui.
2460 2856 2873 2926 εὐαγγελιστάς,
2930 2855 3022 2908 καὶ
3051 2853 3148 2924 τὴν
3193 2851 3358 2922 ἄλλην
3384 2851 3600 2904 ἃπασαν
3649 2849 3761 2904 τῶν

2176 2951 2344 3018 ἁγίων
2373 2951 2664 3021 ὁμήγυριν,
2696 2947 2854 3000 θείων
2876 2946 3072 3008 αὐτοὺς
3124 2942 3480 3014 χαρισμάτων
3517 2943 3764 3011 ἀναπιμ-

2178 3039 2340 3104 duc,
2387 3039 2484 3092 xui.
2527 3039 2595 3108 τῇ
2647 3035 2741 3090 τοῦ
2783 3035 3100 3106 Πνεύματος
3160 3021 3315 3103 χύσει
3377 3030 3761 3084 καταπιαίνων

2179 3129 2468 3190 ⁴πλουσίως.
2494 3126 2702 3180 Οὐκοῦν
2725 3125 2825 3178 οὐκ
2872 3125 2928 3176 ὲν
2963 3123 3190 3186 δυνάμει
3236 3119 3468 3191 μεγάλῃ,
3531 3119 3650 3170 οὐδὲ
3701 3120 3762 3172 ὲν

2184 3217 2328 3290 ἰσχύϊ
2349 3221 2414 3289 τῇ
2448 3219 2682 3288 σαρκικῇ
2719 3214 2870 3285 παρά
2901 3211 3158 3284 Χριστοῦ,
3193 3211 3306 3265 ἀλλ’
3333 3210 3407 3273 ὡς
3441 3212 3498 3262 ὲν
3526 3209 3760 3278 δυνάμει

2179 3309 2497 3379 Πνεύματος
2527 3305 2842 3360 ὲσκυλεύετο
2873 3304 2970 3374 μὲν
2993 3304 3020 3354 ὁ
3047 3303 3308 3364 Σατανᾶς,
3334 3300 3559 3352 ἔπιπτον
3584 3300 3638 3351 δὲ
3661 3301 3762 3352 σὺν

2179 3399 2328 3468 αὐτῷ
2357 3399 2452 3451 xui.
2479 3396 2549 3450 τὰ
2572 3395 2682 3448 τῶν
2708 3393 3099 3464 ἀντικειμένων
3122 3393 3401 3462 δυνάμεων
3438 3393 3622 3461 στίφη,
3661 3393 3762 3444 καὶ

2180 3489 2470 3542 ἐκαλοῦντο
2500 3486 2637 3556 πρὸς
2693 3484 3021 3552 θεογνωσίαν
3067 3483 3156 3535 διὰ
3210 3483 3308 3553 τῆς
3333 3483 3591 3544 πίστεως,
3620 3481 3671 3533 οἵ
3698 3497 3762 3533 τε

2178 3576 2239 3639 ὲξ
2305 3573 2520 3645 Ἰσραὴλ
2587 3574 2682 3626 καὶ
2739 3573 2788 3625 οἱ
2844 3571 3010 3625 πάλαι
3062 3589 3080 3622 ι
3112 3573 3179 3640 τῇ
3236 3570 3408 3622 κτίσει
3471 3569 3621 3639 παρὰ
3666 3569 3763 3623 τὸν

2180 3667 2405 3736 κτίστην
2453 3664 2890 3734 λελατρευκότες.
2933 3681 2951 3714 ι
3005 3661 3402 3714 Ἀνεδείκνυντο
3455 3661 3510 3714 δὲ
3565 3661 3657 3712 καὶ
3699 3663 3761 3712 ὲν

2179 3761 2297 3821 ταῖς
2341 3754 2691 3826 Ἑκκλησίαις
2756 3753 2806 3805 οἱ
2855 3752 3061 3821 λύχνοι,
3105 3750 3414 3812 τουτέστιν,
3473 3751 3522 3801 oi
3572 3748 3760 3815 ἅγιοι,

2181 3847 2647 3918 συνεκλάμποντες
2697 3843 2776 3913 τῷ
2823 3842 3138 3912 λαμπαδίῳ,
3180 3841 3322 3909 φημὶ
3371 3840 3455 3910 δὴ,
3494 3839 3719 3910 Χριστῷ
3744 3877 3760 3892 .

2179 3940 2438 4007 Γεγόνασι
2458 3937 2586 4007 γὰρ,
2615 3935 2691 3998 ὼς
2727 3934 2858 4003 γοῦν
2908 3935 2937 3987 ὁ
3005 3932 3314 4002 σοφώτατος
3356 3931 3556 4002 γράφει
3607 3931 3760 3983 Παῦ-

2177 4027 2288 4090 λος,
2328 4046 2348 4077 ι
2389 4026 2672 4097 φωστῆρες
2698 4025 2756 4076 ὲν
2783 4022 2993 4094 κόσμῳ,
3041 4022 3197 4089 λόγον
3227 4020 3372 4090 ζωῆς
3404 4020 3709 4089 ἐπέχοντες.
3734 4038 3752 4070 ι

2181 4119 2306 4171 Ὀτι
2334 4117 2392 4170 δὲ
2418 4117 2520 4168 οὐκ
2542 4113 2860 4184 ἀνθρωπεία⁵
2876 4113 3021 4183 χειρὶ
3043 4112 3250 4165 σέσωκε
3272 4111 3368 4182 τὴν
3397 4112 3486 4163 ὑπ’
3508 4110 3759 4180 οὐρανὸν,

2177 4208 2294 4262 ἀλλ’
2321 4206 2477 4269 ἰδίαις
2503 4205 2796 4275 δυνάμεσιν
2823 4203 2898 4268 ὡς
2923 4203 3053 4267 Θεὸς
3071 4206 3099 4257 ὁ
3121 4201 3489 4272 Ἐμμανουὴλ,
3532 4200 3760 4270 διεμαρ-

2178 4297 2380 4366 τύρατο
2441 4293 2618 4362 λέγων
2674 4295 2769 4346 καὶ
2818 4291 2908 4345 διὰ
2963 4292 3148 4362 φωνῆς
3198 4289 3379 4360 Ὠσηὲ.
3433 4289 3586 4358 Ἔχει
3645 4289 3760 4360 γὰρ

2178 4395 2341 4448 οὕτω·
2378 4411 2398 4443 ε
2436 4393 2578 4456 Τοὺς
2605 4391 2662 4445 δὲ
2696 4392 2847 4454 υἱοὺς
2894 4390 3062 4444 Ἰούδα
3087 4389 3316 4460 ὲλεήσω,
3342 4386 3438 4440 xui.
3485 4385 3643 4439 σώσω
3667 4387 3763 4438 αὐ.

2179 4486 2305 4547 τοὺς
2337 4483 2396 4535 ὲν
2427 4481 2617 4552 Κυρίῳ
2655 4479 2774 4550 Θεῷ
2803 4479 3002 4543 αὐτῶν,
3029 4480 3124 4531 xui.
3165 4479 3225 4531 ού
3269 4475 3430 4529 σώσω
3459 4476 3659 4538 αὐτοὺς
3695 4478 3760 4528 ὲν

2179 4573 2340 4643 τόξῳ,
2393 4569 2517 4624 οὔτε
2574 4573 2632 4622 ὲν
2681 4570 2952 4640 ῥομφαίᾳ,
3001 4567 3125 4620 οὕτε
3169 4570 3227 4621 ἐν
3261 4568 3501 4636 πολέμῳ,
3533 4565 3654 4619 οὐδὲ
3698 4565 3762 4618 ὲν

2181 4664 2439 4734 ἅρμασιν,
2462 4661 2582 4713 οὐδὲ
2612 4662 2669 4713 ὲν
2699 4645 2920 4722 ἴπποίς,
2973 4659 3094 4712 οὐδὲ
3135 4661 3192 4712 ὲν
3229 4658 3502 4712 ἱππεῦσιν.
3542 4674 3560 4706 ι
3597 4651 3670 4708 Εὖ
3701 4655 3763 4709 δὲ

2177 4753 2240 4822 δὴ
2266 4753 2470 4824 σφόδρα
2505 4751 2640 4822 πρὸς
2670 4751 2975 4822 Ζοροϐάϐελ
3026 4752 3054 4802 ὁ
3083 4749 3239 4816 λόγος
3258 4744 3346 4818 ἦν,
3371 4748 3462 4800 τον
3484 4747 3542 4812 ἐξ
3589 4745 3764 4798 Ἰούδα

2178 4845 2372 4914 φυλῆς,
2417 4845 2668 4897 διέποντα
2713 4843 2773 4895 τὸ
2823 4841 3126 4911 τηνικαῦτα
3159 4841 3286 4899 τοὺς
3343 4839 3444 4906 τῆς
3485 4836 3763 4905 βασιλείας

2181 4933 2390 4998 θώκους
2431 4937 2488 4986 ἐν
2530 4933 2906 5004 Ἰερουσαλήμ.
2935 4932 3052 4984 Ἵνα
3076 4931 3187 4999 γὰρ
3216 4929 3289 4998 μὴ
3322 4927 3432 4978 τῶν
3455 4926 3597 4978 οὕτω
3621 4925 3763 4994 λαμ-

2181 5023 2337 5091 πρῶν
2396 5023 2490 5076 καὶ
2538 5022 2888 5090 ἀξιαγάστων
2937 5017 3379 5089 κατορθωμάτων
3445 5015 3594 5082 αὐτῷ
3626 5033 3760 5082 προ-

2181 5113 2617 5184 απηγγελμένων
2648 5112 2916 5180 πολέμους
2949 5109 3132 5171 οἴοιτο,
3175 5107 3266 5159 καὶ
3309 5104 3488 5174 μάχας
3519 5120 3759 5173 συγκρο-

2179 5201 2512 5274 τηθήσεσθαι
2559 5201 2700 5253 κατά
2729 5199 2973 5264 καιροὺς,
3005 5196 3277 5263 ἐξίστησιν
3313 5191 3629 5258 ἀναγκαίως
3660 5193 3760 5244 αὺ-

2180 5293 2273 5344 τὸν
2329 5292 2436 5343 τῶν
2486 5289 2629 5342 οὕτω
2673 5288 2887 5358 σαθρῶν
2940 5288 3034 5339 καὶ
3083 5283 3440 5354 ἀνθρωπίνων
3497 5283 3753 5344 ἐννοιῶν,

2183 5381 2481 5433 διακεῖσθαι
2512 5379 2570 5431 δὲ
2597 5377 2798 5447 μᾶλλον
2848 5377 3230 5446 προστέταχεν,
3261 5375 3341 5426 ὅτι
3375 5373 3684 5443 θεοπρεπὴς
3721 5375 3753 5441 ὴ

2185 5467 2455 5536 ἐνέργεια,
2490 5466 2583 5518 καὶ
2611 5467 2642 5534 ή
2679 5463 2906 5532 δύναμις
2952 5464 3052 5516 οὐκ
3075 5463 3409 5534 ἀνθρωπίνη,
3442 5461 3536 5512 τού
3571 5461 3757 5514 διαπε-

2188 5556 2463 5625 ραίνοντος
2492 5553 2560 5607 τὰ
2589 5552 2762 5606 τοιάδε
2786 5551 3045 5622 Χριστοῦ.
3075 5549 3418 5624 Μεμνήμεθα
3441 5547 3518 5614 δὲ,
3553 5548 3635 5601 ὅτι
3663 5549 3755 5603 καὶ
