3936 6318
215 298 278 351 65
1057 288 1598 348 COMMENTARIUS
1638 288 1702 344 IN
1744 287 2136 343 ZACHARIAM
2178 285 2617 342 PROPHETAM.
3395 290 3464 347 66

215 408 371 462 αϋτδν
392 408 486 459 τὸν
517 405 823 477 Ζοροϐάϐελ
863 404 936 468 ὡς
962 406 1021 457 ἐκ
1054 406 1225 475 φυλῆς
1263 404 1428 458 Ἰούδα
1448 444 1462 467 ,
1515 404 1607 457 καὶ
1646 404 1779 473 βασι-

1891 417 2019 455 soua
2054 402 2365 456 Emmanuel
2395 416 2452 460 et
2488 417 2579 455 rex
2627 409 2679 453 et
2722 415 2963 456 summus
2994 403 3248 458 sacerdos
3301 404 3463 457 intel-

213 501 307 553 λέα
338 497 686 568 παραδηλοῠν
730 497 990 565 ἐλέγομεν
1032 497 1115 564 ἐφ’
1168 494 1346 565 ἑαυτῷ
1397 495 1488 548 τὸν
1528 494 1782 566 Χριστὸν,

1893 494 2109 563 ligaillr.

212 593 560 661 συνημμένου
588 592 644 645 δὲ
683 590 777 644 καὶ
816 590 989 658 Ἰησοῦ
1020 587 1113 642 τοῦ
1167 590 1433 655 Ἰωσεδὲκ,
1492 590 1556 642 ἵν’
1589 591 1646 642 ὲν
1704 586 1889 657 ταυτῷ
1954 591 2125 643 νοοῖτο
2175 587 2426 656 βασιλεύς
2480 604 2540 640 τε
2589 587 2706 657 ἃμα
2769 588 2862 642 καὶ
2908 589 3192 661 ἀρχιερεὺς
3250 588 3281 641 6
3338 589 3462 658 Ἐμ-

216 685 479 757 μανουήλ.

286 785 381 846 Τίς
416 777 472 834 εἷ
499 780 604 843 σὺ,
645 780 712 834 τὸ
736 779 875 846 ὄρος
909 780 975 833 τὸ
1000 779 1172 851 μέγα,
1216 779 1284 833 τὸ
1315 780 1428 849 πρὸ
1464 779 1784 846 προσώπου

211 873 567 941 Ζοροϐάϐελ,
598 873 706 926 τοῦ
733 871 1143 940 κατορθῶσαι;
1176 873 1283 926 Καὶ
1310 872 1525 937 ἐξοίσω
1551 873 1658 923 τὸν·
1690 870 1783 923 ,λί-

210 967 317 1017 θον
369 962 483 1030 τῆς
528 962 963 1031 κληρονομίας,
1012 962 1239 1030 ἰσότητι
1296 961 1534 1030 χάριτος
1574 960 1785 1029 χάριτα

207 1053 421 1119 αὐτῆς.

278 1146 408 1197 κει.
450 1144 781 1213 Δυσέφικτον
808 1144 905 1215 μὲν
932 1146 1126 1215 κομιδῇ
1156 1145 1216 1198 τὸ
1248 1144 1624 1214 προκείμενον·
1647 1142 1783 1213 πλὴν

207 1236 448 1305 ἐροῦμεν
496 1237 657 1305 ἡμεῖς
686 1236 750 1287 τό
800 1252 865 1303 γε
917 1237 994 1298 ώς
1037 1238 1232 1306 ἄριστα
1286 1236 1380 1287 καὶ
1426 1234 1601 1305 ὀρθῶς
1642 1233 1783 1303 ἔχειν

208 1327 637 1396 ὑπειλημμένον.
678 1328 861 1379 Ἕοικε
889 1327 1070 1379 τοίνυν
1109 1329 1137 1380 6
1177 1327 1333 1393 λόγος
1370 1325 1652 1395 μονονουχὶ
1691 1325 1785 1375 καὶ

204 1420 469 1488 ἐπιτιμᾷν
496 1417 574 1486 τῷ
599 1417 717 1488 ὄρει
758 1418 837 1487 τῷ
877 1419 1116 1488 μεγάλῳ,
1147 1409 1391 1470 τουτέστι
1411 1456 1425 1480 ,
1459 1416 1537 1485 τῷ
1571 1416 1785 1485 Σατανᾷ

205 1509 723 1577 κατεξανισταμένῳ
751 1525 810 1560 τε
837 1510 931 1562 καὶ
958 1506 1305 1575 ἀντεξάγοντι
1327 1508 1405 1576 τῷ
1428 1505 1666 1577 Χριστῷ,
1685 1506 1786 1573 τῆς

204 1601 374 1653 αὑτοῦ
421 1599 753 1670 δυστροπίας
804 1601 903 1669 τὴν
955 1598 1204 1669 δύναμιν,
1252 1598 1281 1650 ὃ
1327 1598 1391 1668 δὴ
1433 1598 1527 1649 καὶ⁸
1573 1598 1631 1649 ὲν
1672 1598 1784 1660 τοῖς

3246 700 3291 724 κ

1965 774 2126 825 γης,
2154 771 2204 823 7.
2256 769 2384 834 Quis
2410 786 2463 822 es
2498 780 2573 832 tu,
2615 785 2761 821 mons
2795 769 2884 822 ille
2930 787 3170 840 magnus,
3212 789 3330 833 ante
3376 782 3460 849 fa-

1892 862 2019 916 ciem
2072 859 2395 923 Zorobubel,
2430 869 2486 913 ut
2532 861 2791 913 instaures
2822 860 2846 912 ?
2882 859 2947 912 Et
2974 864 3189 918 educam
3230 868 3458 934 lapidem

1890 954 2232 1015 Iuvreditatis,
2256 951 2551 1019 atqualitale
2573 951 2756 1019 gratia:
2790 953 3013 1021 gratiam
3042 954 3176 1022 ejus.

1982 1128 2158 1183 XXV.
2238 1129 2596 1185 Dimcillitnus
2664 1131 2932 1184 inteih-ctu
2996 1131 3144 1193 locus
3209 1140 3457 1202 proposi-

1893 1228 2026 1273 tus:
2071 1231 2441 1274 verumtamen
2503 1222 2642 1286 quod
2693 1220 2994 1274 rectissime
3040 1235 3200 1288 atque
3258 1227 3459 1292 optime

1889 1310 1996 1364 dici
2053 1326 2207 1378 posse
2258 1313 2711 1378 existinmvimns,
2748 1313 2798 1365 id
2862 1314 2913 1365 in
2970 1314 3202 1366 medium
3271 1316 3459 1371 affere-

1887 1418 2025 1457 tnus.
2085 1401 2308 1457 Videtur
2347 1404 2527 1471 itaque
2587 1419 2765 1457 sermo
2802 1404 3033 1471 quadam
3087 1404 3459 1474 objurgatione

1886 1494 2154 1547 incessere
2182 1502 2413 1547 montem
2448 1509 2723 1561 magnum,
2781 1504 2905 1563 puta
2944 1495 3200 1548 Satanam
3260 1505 3452 1550 contra

1886 1583 2161 1637 Christum
2200 1584 2586 1651 insurgentem,
2618 1593 2671 1637 et
2706 1584 3077 1651 perversitatis
3126 1601 3238 1639 sua:
3266 1598 3456 1655 poten-

202 1690 464 1761 ἀνωτέρω
515 1690 677 1742 πάλιν
736 1691 866 1760 ἡμῖν
918 1689 1331 1759 αἰνιγματωδῶς
1386 1688 1779 1757 κατεγράφετο.

1889 1675 2037 1737 tiam,
2077 1673 2228 1741 quasi
2265 1672 2433 1725 aciem
2464 1681 2652 1725 contra
2687 1682 3113 1739 promoventem,
3141 1672 3295 1742 quod
3326 1675 3452 1728 item

208 1782 354 1849 Ἔφη
389 1780 503 1849 γὰρ
547 1782 576 1833 6
620 1782 907 1851 προφήτης
941 1781 1226 1834 τεθεᾶσθαι
1284 1781 1383 1849 μὲν
1436 1780 1642 1849 Ἰησοῦν
1689 1778 1783 1831 τὸν

207 1873 359 1941 ἱερέα
401 1870 496 1923 τὸν
528 1872 703 1939 μέγαν
728 1871 938 1924 ἑστῶτα
966 1871 1073 1941 πρὸ
1103 1869 1399 1941 προσώπου
1424 1868 1517 1922 τοῦ
1544 1869 1778 1936 ἀγγέλου

203 1962 435 2030 Κυρίου,
459 1962 549 2013 τὸν
581 1962 635 2013 δέ
664 1978 729 2029 γε
766 1961 1006 2015 διάὅολον
1036 1961 1244 2013 ἑστῶτα
1284 1961 1348 2013 ὲκ
1380 1959 1565 2023 δεξιῶν
1592 1956 1778 2022 αὑτοῦ,

201 2050 298 2104 τοῦ
329 2050 671 2102 ἀντικεῖσθαι
700 2050 868 2119 αύτῷ.
898 2051 1022 2102 Ὀτι
1052 2050 1181 2120 γὰρ,
1216 2049 1341 2101 ὅσον
1367 2046 1627 2117 ἐνεχώρει
1648 2088 1661 2111 ,
1683 2048 1781 2100 καὶ

200 2137 269 2211 ἦν
300 2142 389 2192 ἐπ’
418 2139 587 2208 αύτῷ,
626 2141 976 2210 πεπολέμηκέ
1011 2158 1069 2193 τε
1098 2141 1192 2194 καὶ
1232 2141 1623 2211 ἀντεγήγερται
1671 2140 1779 2192 δει-

199 2232 308 2295 νῶς
341 2235 463 2295 ταῖς
496 2232 590 2283 τοῦ
630 2231 879 2302 Σωτῆρος
912 2231 1244 2300 οἰκονομίαις
1269 2270 1284 2295 ,
1317 2230 1607 2293 καλοῦντος
1646 2229 1781 2301 πρὸς

204 2326 477 2395 σωτηρίαν
504 2324 602 2394 τὴν
646 2325 734 2376 ὑπ’
768 2325 1017 2393 οὐρανδν,
1076 2322 1455 2393 προσκυνητὴν
1487 2322 1615 2375 ἴδιον
1647 2322 1781 2374 duro-

204 2414 415 2482 φαίνειν
449 2414 629 2484 ἤθελε,
656 2413 1018 2482 παραδεικνὺς
1046 2413 1144 2483 μὲν
1167 2412 1337 2481 αὐτῷ,
1368 2415 1415 2465 εἰ
1448 2412 1510 2481 δὴ
1541 2428 1781 2482 προσπε-

208 2508 319 2557 σεῖν
365 2505 543 2556 ἕλοιτο
587 2505 682 2557 καὶ
740 2505 1116 2573 προσκυνῆσαι
1164 2503 1351 2573 αὐτῷ’.
1403 2500 1538 2557 Εἶτα
1579 2504 1671 2556 καὶ
1721 2503 1778 2570 ἐξ

205 2596 370 2650 αὐτοῦ
396 2595 490 2649 το]
519 2594 681 2665 χοροῦ
709 2595 816 2647 τῶν
844 2594 1015 2661 ἁγίων
1046 2594 1357 2648 ἀποστόλων
1386 2594 1476 2645 τὸν
1514 2594 1779 2662 προδότην

204 2688 422 2756 ἥρπασε
456 2686 727 2755 μαθητὴν,
768 2684 1068 2746 ἀναπείσας
1101 2684 1333 2754 ὖργανον
1363 2682 1463 2748 τῆς
1514 2682 1778 2735 Ἰουδαίων

203 2777 459 2844 γενέσθαι
516 2775 860 2845 σκαιότητος.
906 2776 1258 2845 Ἐπιπλήττει
1304 2773 1366 2843 δὴ
1414 2770 1506 2826 οὖν
1550 2775 1577 2825 ὁ
1626 2772 1779 2838 λόγος

204 2868 374 2937 αὐτῷ,
430 2867 524 2919 καί
573 2883 737 2935 φησι·
775 2885 793 2916 ι
824 2865 919 2928 Τίς
952 2861 1002 2917 εἴ
1038 2866 1124 2928 σὺ,
1173 2865 1233 2918 τὸ
1260 2866 1384 2935 ὅρος
1414 2865 1473 2917 τὸ
1514 2863 1688 2933 μέγα,
1718 2862 1779 2914 τὸ

204 2960 310 3028 πρὸ
348 2960 643 3029 προσώπου
688 2957 781 3011 τοῦ
826 2956 1150 3027 Ζοροϐάϐελ,
1194 2956 1286 3008 τοῦ
1332 2955 1710 3026 κατορθῶσαι;
1753 2972 1772 3005 ι

204 3051 276 3102 Τὸ
298 3051 378 3112 δὲ,
416 3049 516 3113 Τίς
547 3045 607 3101 εἷ
639 3048 757 3110 σύ;
786 3048 1002 3116 νοητέον
1029 3048 1123 3115 οὐχ
1153 3046 1228 3108 ὡς
1254 3046 1528 3107 ἐθέλοντος
1560 3048 1770 3114 ἀναμα-

207 3142 337 3207 θεῖν,
369 3142 452 3202 τίς
478 3141 541 3209 δὴ
572 3139 678 3209 ἄρα
711 3139 805 3191 καὶ
843 3138 1004 3191 πόθεν
1034 3138 1180 3190 ἐστίν
1218 3137 1297 3208 (οὐ
1328 3136 1433 3207 γὰρ
1454 3135 1519 3188 ἂν
1542 3135 1778 3205 ἠγνόησε

205 3233 335 3294 Θεὸς
365 3233 463 3298 ὢν)
489 3273 503 3296 ,
543 3232 656 3283 ἀλλ’
682 3225 793 3282 οἷον
850 3228 1384 3299 κατασμικρύνοντος
1444 3228 1536 3280 καὶ
1565 3226 1777 3289 οὐδενὸς

208 3322 490 3384 ἀξιοῦντος
520 3321 703 3386 λόγου,
732 3319 835 3372 κᾶν
864 3320 912 3370 εἰ
942 3318 1081 3387 μέγα
1105 3335 1163 3370 τε
1195 3318 1282 3386 εἴη
1336 3318 1427 3369 καὶ
1450 3316 1777 3385 δυσάντητον

202 3415 370 3486 ὅρος,
420 3416 514 3467 καὶ
572 3412 823 3482 ἐμποδὼν
872 3412 1119 3482 κείμενον
1174 3410 1475 3480 κατορθοῦν
1542 3409 1778 3462 ἐθέλοντι

201 3506 378 3559 τοιάδε
436 3506 693 3576 Χριστῷ,
744 3497 809 3556 οὗ
858 3504 952 3557 καὶ
1003 3505 1081 3566 είς
1135 3501 1304 3555 τύπον
1357 3503 1385 3552 6
1438 3500 1775 3571 Ζοροϐάϐελ,

204 3599 458 3667 καθάπερ
487 3597 588 3668 ἤδη
624 3598 985 3666 προείπομεν.
1013 3594 1208 3648 Καίτοι
1246 3594 1354 3663 γὰρ
1385 3593 1776 3663 ἁπαράκλητον

206 3690 342 3759 ἔχων
379 3690 480 3759 τὴν
519 3690 848 3760 δυστροπίαν
878 3691 905 3741 6
932 3689 1146 3757 δράκων
1178 3688 1206 3739 ὁ
1236 3686 1571 3754 ἀποστάτης,
1602 3684 1780 3737 πεπά-

208 3797 367 3851 τηται
421 3780 573 3850 παρά
615 3779 851 3850 Χριστοῦ
901 3780 1066 3832 πόνου
1122 3795 1181 3830 τε
1228 3779 1320 3831 καὶ
1371 3777 1591 3846 ἱδρῶτος
1635 3775 1777 3843 δίχα.

208 3872 336 3935 Θεὸς
363 3874 473 3942 γὰρ
502 3868 571 3943 ἦν
630 3872 774 3925 κατὰ
810 3870 969 3940 φύσιν
1007 3873 1035 3923 ὁ
1067 3871 1277 3932 πάντας
1310 3869 1575 3921 νικῶν.Ἢ
1602 3867 1780 3920 τοίνυν

208 3964 348 4016 κατὰ
393 3963 487 4016 τὸν
534 3963 738 4016 τοιόνδε
791 3962 912 4016 τινὰ
961 3962 1160 4032 τρόπον
1208 3958 1627 4030 προσϐαλοῦμεν
1668 3959 1781 4020 τοῖς

209 4055 553 4126 εἰρημένοις,
584 4054 616 4124 ἢ
648 4056 742 4107 καί
770 4056 1006 4127 ἑτέρως,
1050 4056 1099 4105 εἰ
1129 4052 1294 4106 δοκεῖ.
1335 4051 1478 4120 Ἔφη
1513 4049 1611 4119 μὲν
1648 4049 1778 4120 γὰρ,

208 4149 287 4202 ὅτι
341 4148 442 4200 οὐκ
495 4147 812 4217 ἀνθρωπεία
866 4146 1093 4216 δυνάμει
1162 4142 1635 4214 κατορθωθήσεται
1703 4140 1781 4211 τῷ

210 4242 397 4311 κόσμῳ
428 4241 499 4293 τὰ
536 4241 673 4310 πρὸς
717 4240 881 4310 ζωήν.
926 4239 1036 4291 Καὶ
1066 4238 1323 4307 στήσεται
1363 4234 1461 4304 μὲν
1508 4230 1777 4304 ἠλυχνία,

207 4334 265 4387 τὸ
290 4334 597 4403 λαμπάδιον
621 4332 840 4402 ἔχουσα,
866 4331 1134 4395 τουτέστι,
1154 4330 1197 4381 Χ

206 4424 260 4479 δὲ
286 4428 336 4478 οἱ
359 4426 545 4494 λύχνοι
570 4466 584 4489 ,
618 4426 712 4479 καὶ
742 4425 848 4495 μὴν
881 4424 977 4476 καὶ
1010 4425 1073 4475 ὲκ
1102 4420 1292 4485 δεξιῶν
1328 4420 1421 4472 καὶ
1475 4418 1535 4483 ἐξ
1575 4416 1776 4470 εὐωνύ-

214 4530 326 4584 μων
354 4511 449 4566 τοῦ
476 4512 781 4582 λαμπαδίου
816 4512 871 4563 αἱ
895 4510 989 4564 δύο
1018 4511 1234 4572 πάντως
1273 4508 1445 4561 ἐλαῖαι
1472 4508 1777 4577 στήσονται,

209 4607 331 4667 τοὺς
359 4604 457 4656 δύο
489 4603 654 4665 λαοὺς
686 4603 1066 4672 σημαίνουσαι.
1104 4597 1217 4654 Εἶθ’
1250 4600 1439 4669 ὥσπερ
1467 4597 1779 4652 ἀναπυνθα-

209 4696 436 4766 νομένου
479 4694 626 4756 τινὸς
666 4694 761 4746 καὶ
800 4693 1087 4761 λέγοντοςο
1142 4692 1238 4755 Τίς
1272 4688 1385 4760 ἆρα
1422 4687 1472 4742 εἷ
1508 4691 1608 4754 σὺ,
1646 4691 1675 4742 6
1710 4688 1780 4741 τὰ

210 4786 348 4840 οὕτω
396 4786 612 4855 μεγάλα
675 4785 916 4854 πολέμου
966 4784 1091 4853 δίχα
1137 4785 1354 4844 πάντως
1402 4782 1496 4835 καὶ
1542 4779 1779 4851 ἀμογητὶ

213 4876 579 4947 κατορθώσειν
607 4874 1069 4945 ὑπισχνούμενοςε
1102 4871 1583 4947 προσυπακούεται
1605 4870 1779 4938 λέγων

213 4962 239 5013 6
267 4962 397 5024 Θεὸς
428 4962 526 5015 καὶ
554 4962 743 5032 Πατήρ
766 4977 781 4992 σ
817 4978 835 5011 ι
873 4960 1014 5028 Ἐγὼ
1047 4960 1106 5014 τὸ
1134 4961 1258 5031 ὅρος
1286 4960 1346 5013 τὸ
1391 4960 1552 5028 μέγα,
1584 4957 1644 5011 τὸ
1675 4958 1780 5028 πρὸ

214 5052 502 5122 προσώπου
539 5050 867 5122 Ζοροϐάϐελ,
899 5050 995 5104 τοῦ
1031 5050 1394 5122 κατορθῶσαι·
1423 5067 1441 5100 ι
1482 5048 1777 5120 τουτέστιν,

228 5142 359 5210 Ἐγώ
383 5144 499 5213 ειμι
516 5145 550 5212 ἡ
574 5144 752 5195 πάντα
782 5142 1153 5215 ὑπεραίρουσα
1175 5142 1353 5211 φύσις,
1372 5143 1405 5210 ἡ
1426 5138 1782 5213 θεοπρεπέσιν

218 5231 500 5302 ὑψώμασιν
540 5234 620 5295 εἰς
665 5231 765 5302 τὴν
797 5232 1198 5303 ύπερεπέκεινα
1242 5233 1459 5286 πάντων
1498 5230 1784 5301 διᾴττουσα

216 5321 384 5387 Μξαν,
431 5321 574 5375 κατὰ
604 5322 829 5393 καιροὺς
874 5322 1130 5394 ἀρκέσειν
1165 5322 1431 5391 μέλλουσα
1476 5320 1613 5392 πρὸς
1648 5336 1781 5371 κατ-

216 5414 439 5484 όρθωσιν
492 5413 601 5465 τῶν
661 5410 1124 5483 ἐπηγγελμένων,
1190 5412 1283 5465 καὶ
1333 5410 1440 5482 πρὸ
1488 5408 1781 5481 προσώπου

220 5504 532 5574 Ζοροϐάϐελ.
576 5502 649 5555 Ού
684 5502 789 5573 γὰρ
821 5502 1004 5572 ἠγνόει
1042 5502 1276 5573 Χριστὸς
1310 5502 1400 5556 τὸν
1437 5498 1629 5555 ἑαυτοῦ
1663 5500 1777 5553 lla-

284 5685 324 5716 "
348 5686 536 5742 Matth.
567 5699 643 5750 tv,
673 5684 693 5737 l
723 5696 875 5753 seqq.

1882 1780 2064 1833 supra.
2102 1778 2406 1832 quanquam
2443 1765 2542 1817 sub
2580 1761 2866 1827 velamine,
2904 1764 3060 1817 nobis
3107 1766 3452 1819 describeba-

1884 1863 1989 1907 tur.
2025 1854 2244 1908 Dicebat
2273 1852 2417 1905 enim
2452 1851 2713 1920 propheta
2773 1866 2834 1905 se
2888 1852 3087 1907 vidisse
3118 1851 3302 1905 Jesum
3362 1868 3451 1906 sa-

1880 1946 2151 1999 cerdotem
2198 1958 2447 2013 magnum
2480 1952 2711 1995 stantem
2757 1956 2938 1995 coram
2981 1945 3172 2012 angelo
3212 1943 3449 2007 Domini,

1880 2044 1932 2089 et
1956 2034 2225 2087 diabolum
2265 2043 2496 2086 stantem
2538 2047 2567 2085 a
2612 2030 2820 2086 dextris
2848 2031 2987 2098 ejus,
3015 2044 3077 2086 ut
3125 2033 3445 2087 adversare-

1884 2134 1972 2178 tur
2000 2126 2070 2179 ei.
2112 2124 2252 2191 Quin
2290 2124 2458 2187 enim,
2490 2131 2747 2192 quantum
2778 2123 2941 2191 licuit_
2976 2134 3031 2177 et
3064 2124 3114 2178 in
3152 2126 3270 2193 ipso
3327 2125 3449 2192 fuit,

1881 2217 2377 2286 Oppugnaverit,ct
2430 2217 2778 2270 vehementer
2839 2215 3198 2275 insurrexerit
3258 2227 3450 2269 contra

1882 2310 2241 2364 (economiam
2276 2308 2593 2374 Salvatoris,
2617 2310 2872 2361 mundum
2894 2307 2961 2360 ad
2991 2307 3216 2360 salutem
3253 2323 3451 2360 vocan-

1884 2404 1972 2467 tis,
2010 2417 2167 2455 nemo
2207 2401 2493 2465 dubitabit,
2533 2402 2577 2453 si
2610 2399 2927 2469 cogitaverit
2970 2400 3198 2469 primum
3233 2400 3448 2466 quidem

1885 2494 2183 2548 accessisse
2216 2493 2278 2544 ad
2307 2493 2637 2561 jejunantcm
2672 2494 2722 2543 in
2757 2492 2991 2551 deserto,
3022 2500 3075 2543 et
3107 2491 3289 2543 manli
3326 2490 3450 2542 Sal-

1883 2594 2122 2637 vatorem
2155 2582 2432 2643 intuitum,
2458 2595 2515 2633 se
2555 2580 2621 2633 ab
2660 2579 2748 2630 illo
2780 2578 2991 2631 adorari
3054 2579 3446 2646 concupivissc,

1880 2688 2001 2727 cum
2058 2673 2131 2725 illi
2185 2673 2365 2724 omnia
2423 2684 2585 2738 regna
2646 2669 2828 2721 mundi
2886 2668 3174 2721 ostendens
3224 2667 3452 2722 dixisset

1880 2764 2056 2819 cntuia
2095 2762 2209 2815 fore
2239 2762 2435 2829 ipsius,
2464 2761 2510 2813 si
2557 2760 2834 2828 procidere
2862 2758 2913 2812 in
2964 2774 3134 2829 genua
3178 2769 3234 2811 et
3258 2774 3315 2811 se
3351 2760 3449 2811 ad-

1879 2872 2038 2912 orare
2066 2873 2169 2910 non
2210 2862 2483 2910 recusaret
2501 2855 2562 2903 ".
2598 2852 2800 2907 Deinde
2825 2868 2888 2905 ex
2914 2853 3026 2919 ipso
3049 2854 3213 2906 choro
3236 2860 3454 2905 sancto-

1882 2963 1999 3002 rum
2032 2946 2395 3016 apostolorum
2454 2945 2782 3013 proditorem
2840 2941 3032 2996 Jndam
3072 2943 3322 3010 arripuit,
3362 2941 3449 2994 cui

1882 3039 2151 3108 persuasit
2185 3047 2241 3091 ut
2288 3035 2596 3090 Iudaeorum
2633 3034 2862 3089 feritatis
2891 3035 3308 3087 instrumentum
3361 3033 3454 3086 ﬁe-

1880 3138 1980 3184 ret.
2008 3128 2325 3197 lncrepatnr
2351 3128 2530 3190 itaque
2548 3125 2631 3178 his
2657 3124 2836 3179 verbis
2860 3142 2873 3176 :
2901 3142 2918 3175 ι
2954 3123 3086 3189 Quis
3105 3139 3163 3176 es
3194 3133 3269 3182 tu,
3299 3136 3453 3175 mons

1882 3234 2095 3291 mag-ne,
2113 3231 2236 3275 ante
2271 3218 2460 3273 faciem
2509 3215 2827 3279 Zorobabel,
2860 3224 2917 3269 ut
2944 3216 3214 3268 instaurcs
3245 3213 3267 3267 ?
3318 3212 3451 3266 illud

1880 3314 2014 3380 Quis
2041 3328 2121 3377 es,
2178 3326 2282 3364 non
2316 3310 2385 3363 ita
2427 3294 2821 3378 accipiendum,
2875 3307 3031 3374 quasi
3068 3319 3225 3358 nosse
3273 3304 3455 3372 cupiat

1880 3406 2003 3472 quis
2063 3403 2275 3457 tandem
2307 3410 2361 3454 et
2404 3401 2546 3454 unde
2580 3401 2671 3452 sit.
2703 3397 2815 3451 Non
2842 3398 2985 3452 enim
3020 3395 3329 3464 ignorabat,
3371 3406 3453 3446 ut-

1880 3503 2004 3561 pote
2024 3493 2182 3546 Dcus.
2203 3490 2308 3544 Sed
2335 3487 2487 3557 quasi
2514 3494 2855 3550 extenuet,et
2874 3484 3027 3537 nihili
3055 3484 3236 3549 faciat,
3262 3498 3454 3552 quam-

1880 3586 1961 3638 vis
1992 3597 2214 3652 magnus
2260 3595 2413 3635 mons
2450 3585 2614 3642 esset,
2664 3586 2718 3630 et
2763 3577 2849 3629 cui
2912 3574 3069 3628 facile
3118 3574 3291 3627 resisti
3346 3587 3450 3625 non

1880 3683 2082 3743 posset,
2108 3685 2161 3726 et
2194 3672 2634 3740 impedimentum
2659 3668 2927 3737 objectum
2961 3664 3178 3718 Christo
3225 3664 3338 3717 haec
3366 3665 3453 3715 in-

1880 3775 2131 3819 staurare
2189 3763 2415 3825 volenti,
2443 3761 2607 3831 687
2649 3760 2801 3827 cujus
2835 3769 2988 3826 typus
3039 3755 3360 3817 Zorobabel,
3395 3766 3454 3806 ut

1875 3853 1986 3922 jam
2024 3852 2277 3906 diximus.
2331 3850 2439 3901 Iitsi
2476 3852 2621 3901 enim
2669 3847 2741 3898 sit
2800 3843 3156 3910 implacabilis
3211 3842 3452 3910 nequitia

1881 3944 2130 3999 draconis
2157 3948 2436 4011 apostatze,
2470 3947 2647 3990 tamen
2682 3937 2817 3990 citra
2872 3936 3107 3989 laborem
3165 3933 3452 3988 sudorem—

1881 4051 2042 4106 quea
2073 4034 2286 4089 Christo
2311 4029 2657 4084 conculcatus
2703 4038 2805 4082 est.
2858 4026 2989 4079 Erat
3054 4025 3198 4079 enim
3260 4035 3451 4079 natura

1884 4127 2042 4190 Deus,
2078 4138 2266 4179 omnes
2293 4133 2642 4189 exsuperans.
2700 4118 2807 4170 Aut
2879 4115 3039 4184 igitur
3075 4114 3165 4168 tali
3220 4114 3448 4182 quodam

1880 4218 2040 4273 modo
2065 4217 2205 4270 dicta
2243 4213 2404 4268 verba
2431 4209 2840 4278 expliCabimus,
2860 4216 2951 4261 aut
2973 4208 3100 4273 alio,
3132 4207 3174 4260 si
3201 4205 3444 4275 placebit.

1206 4298 1410 4400 ριστὸν,
1438 4298 1777 4396 extendam

1885 4309 2031 4362 Dixit
2079 4308 2247 4370 enim,
2294 4320 2397 4358 non
2451 4303 2688 4356 humana
2722 4301 2916 4355 virtute
2943 4298 3142 4353 mundo
3170 4300 3335 4352 vitam
3367 4298 3450 4350 in-

1883 4408 2270 4457 stauraturum.
2298 4396 2365 4453 Et
2386 4395 2549 4449 stabit
2578 4392 2795 4462 quidem
2825 4389 3225 4452 candelabrum,
3251 4388 3453 4456 lampa-

1882 4494 2002 4549 dem
2044 4492 2267 4553 habens,
2286 4488 2386 4541 hoc
2415 4498 2499 4540 est
2519 4484 2792 4539 Christum
2826 4498 2840 4534 :
2874 4480 3127 4535 lucebunt
3154 4489 3337 4533 autem
3369 4479 3450 4530 lu-

1882 4601 2080 4641 cernae.
2106 4584 2369 4637 Praeterea
2395 4596 2426 4633 a
2453 4580 2637 4634 dextra
2661 4576 2899 4644 lzevaque
2926 4571 3184 4640 lampadis
3210 4570 3326 4622 dure
3356 4567 3455 4619 oli-

1883 4694 1965 4734 vae
2024 4678 2241 4732 omnino
2281 4675 2518 4736 stabunt,
2562 4672 2695 4724 duos
2746 4667 2970 4737 p0pu|os
3045 4661 3446 4716 adumbrantes.

1884 4767 2102 4830 Postea,
2147 4764 2300 4834 quasi
2325 4761 2639 4817 sciscitante
2674 4756 2926 4825 quopiam
2951 4769 3014 4807 ac
3042 4752 3285 4805 dicente:
3318 4746 3452 4812 Quis

1884 4859 2047 4928 igitur
2075 4870 2134 4910 es
2170 4864 2247 4919 tu,
2278 4852 2366 4920 qui
2412 4859 2521 4903 tam
2572 4848 2737 4901 ardua
2770 4845 2914 4899 nullo
2954 4841 3093 4896 bello
3129 4850 3184 4892 et
3217 4839 3334 4890 sine
3375 4837 3421 4888 la

1887 4926 2017 5004 bore
2064 4944 2292 4999 feliciter
2328 4940 2745 4996 constituturum
2792 4928 3080 5003 spondes?
3132 4926 3452 4981 subauditur

1889 5039 2217 5106 respondens
2254 5035 2390 5089 Deus
2418 5043 2472 5086 et
2491 5031 2649 5085 Pater
2677 5044 2690 5080 :
2723 5045 2741 5077 ι
2783 5027 2891 5096 Ego
2916 5038 3068 5078 mons
3104 5020 3191 5073 ille
3228 5030 3453 5083 inagnns

1888 5141 2012 5186 ante
2039 5129 2226 5183 faciem
2258 5121 2574 5185 Zorobahel,
2605 5130 2662 5173 ut
2690 5120 2983 5171 instaurem
3013 5131 3025 5165 :
3070 5130 3087 5161 ι
3130 5109 3181 5162 id
3222 5117 3301 5160 est
3349 5120 3452 5175 ego

1883 5232 1999 5272 sum
2039 5214 2291 5270 omnibus
2323 5208 2731 5279 supereminens
2761 5213 2973 5264 natura,
3014 5197 3207 5252 divinis
3234 5195 3453 5248 ςιιΙειιιι-

1882 5310 2097 5363 dinibus
2120 5308 2183 5359 ad
2206 5304 2428 5373 gloriam
2455 5282 2896 5355 sublimissimam
2933 5290 3167 5343 omnium
3190 5287 3455 5346 emicans,

1884 5414 2002 5471 quae
2061 5413 2159 5453 suo
2224 5407 2462 5463 tempore
2519 5391 2585 5443 ad
2636 5385 2900 5457 promissa
2950 5379 3176 5434 fideliter
3233 5386 3287 5430 et
3334 5387 3460 5427 ante

1883 5468 2072 5548 faciem
2134 5483 2428 5542 Zorobabcl
2497 5476 2795 5550 praestanda
2852 5470 3097 5529 sumcict.
3153 5469 3267 5546 μου
3313 5468 3461 5520 enim
