3936 6318
483 280 554 336 67
1516 273 1573 328 8.
1611 270 1887 328 CYRILLI
1931 268 2064 325 ALE

2170 268 2401 323 NDRINI
2440 267 2764 327 ARCHIEP.
3673 273 3741 328 68

487 389 772 462 ignorabat
809 388 1060 444 Christus
1088 386 1301 442 Patrem
1338 400 1497 442 suum
1523 406 1535 441 :
1562 389 1655 443 sed
1700 388 1852 457 quasi
1878 401 2062 456 quem-

2170 385 2322 457 τέρα,
2366 386 2480 439 ἀλλ’
2514 385 2704 456 ὥσπερ
2737 384 2857 438 τινὰ
2901 382 3240 456 συνεργάτην
3276 382 3386 437 τῶν
3432 382 3577 436 ἰδίων
3615 401 3739 437 κατ-

489 486 611 539 dam
670 483 966 549 adiutorem
1020 478 1310 547 insignium
1352 493 1569 533 suarum
1591 478 1860 532 actionum
1937 492 2059 532 eum

491 573 743 637 faciebat,
773 586 895 625 cum
924 570 1160 623 diceret:
1201 585 1220 618 ι
1244 569 1284 621 Α
1309 582 1392 622 me
1416 567 1535 637 ipso
1566 569 1704 622 facio
1728 568 1879 623 nihil.
1909 568 2066 621 Pater

491 672 669 717 autem
704 663 755 715 in
785 674 869 714 tne
906 675 1149 722 manens,
1182 660 1297 729 ipse
1330 659 1459 713 facit
1482 675 1642 729 opera
1669 661 1771 713 π.»
1799 660 2066 729 Operaba-

492 766 580 809 tur
602 754 743 808 enim
772 762 830 806 ut
860 767 955 820 per
991 752 1266 823 propriam
1302 753 1556 807 virtutem
1599 764 1692 820 per
1729 750 1944 814 Filium,
1972 766 2067 819 per

490 861 652 917 quem
708 856 764 899 et
809 844 876 898 ab
938 844 1093 898 initio
1150 843 1348 898 creatis
1412 845 1685 906 omnibus,
1744 847 1938 896 merito
1982 850 2067 897 est

490 936 824 991 admirabilis
877 973 892 989 .
941 974 956 988 .
1009 973 1023 989 .
1082 934 1545 1002 asapientissimo
1599 934 1816 989 Daniele
1870 934 2065 988 iterum

493 1030 633 1083 Deus
664 1038 717 1083 et
742 1026 906 1082 Pater
957 1040 1113 1081 mons
1148 1026 1478 1090 nominatur,
1510 1027 1652 1079 unde
1686 1035 1740 1079 et
1766 1024 1899 1094 lapis
1949 1025 2067 1079 sine

491 1122 740 1175 manibus
802 1121 1059 1189 praecisus
1088 1127 1199 1182 est,
1244 1119 1335 1187 qui
1373 1126 1427 1171 et
1482 1133 1696 1183 aurum,
1742 1127 2064 1187 argentum,

491 1229 586 1275 res,
619 1212 819 1265 l'crrnm
855 1210 1170 1265 comminuit
1193 1211 1259 1265 ".
1292 1210 1423 1276 Qum
1465 1213 1628 1265 etiam
1658 1210 1856 1265 Christi
1893 1213 2069 1281 imago

493 1302 610 1356 fuit.
640 1300 806 1354 Natus
833 1300 975 1354 enim
1007 1314 1073 1352 ex
1113 1303 1222 1355 Deo
1270 1300 1427 1354 Patre
1468 1299 1655 1362 Filius,
1708 1314 1867 1367 supra
1905 1314 2065 1367 quam

489 1394 596 1447 dici
629 1402 721 1445 aut
743 1401 922 1446 mente
938 1392 1052 1459 capi
1075 1399 1270 1460 potest,
1289 1392 1802 1458 contrivitregna,ut
1818 1390 2067 1458 deinceps

491 1496 660 1551 penes
681 1497 802 1536 eum
832 1482 904 1536 sit
943 1496 1104 1535 omne
1153 1482 1437 1550 imperium
1479 1496 1493 1532 :
1528 1497 1547 1530 ι
1603 1480 1641 1533 F
1648 1480 1873 1533 lectetur
1923 1480 2067 1533 enim

492 1574 592 1640 ipsi
616 1587 776 1625 onme
808 1587 969 1641 genu,
1027 1582 1081 1625 et
1108 1573 1291 1626 omnis
1322 1572 1516 1638 lingua
1562 1571 1906 1624 conﬁtebitur
1944 1572 2066 1638 quia

492 1662 751 1717 Dominus
782 1662 941 1717 Jesus
970 1663 1221 1717 Christus
1262 1663 1313 1715 in
1339 1661 1505 1731 gloria
1531 1671 1613 1715 est
1638 1662 1727 1716 Dei
1765 1661 1939 1715 Patris
1960 1662 2061 1717 η.»

492 1753 680 1823 Itaque
709 1763 764 1807 ut
793 1768 856 1807 ex
890 1763 1072 1807 monte
1105 1754 1197 1808 Dei
1225 1763 1280 1807 et
1316 1752 1491 1806 Patris
1526 1767 1769 1807 summus
1794 1752 2067 1821 angularia

490 1853 547 1898 et
580 1845 781 1897 electus
811 1842 945 1912 lapis
973 1849 1212 1897 resectus
1237 1841 1583 1905 Deus,l‘actus
1602 1853 1687 1896 est
1716 1842 1868 1896 nobis
1893 1842 2065 1895 haere-

493 1934 711 1989 ditas“.
738 1933 928 1988 Vocati
957 1934 1150 2002 quippe
1176 1948 1361 1988 sumus
1390 1933 1443 1986 in
1467 1935 1807 2001 adoptionem
1834 1932 2065 1987 ﬁliorum

493 2044 592 2096 per
621 2028 788 2096 ipsum
818 2027 884 2090 ",
914 2028 1209 2095 scriptique
1239 2025 1478 2080 htrredes
1509 2026 1599 2080 Dei
1619 2026 1865 2089 viventis,
1889 2040 2068 2096 atqua-

493 2117 641 2170 litate
672 2116 859 2187 gratiae
898 2118 1124 2185 gratiam
1168 2114 1596 2171 lucrifacientes.
1630 2116 1742 2172 Hoc
1783 2132 1909 2173 vero
1940 2116 2065 2187 quid

491 2210 625 2263 est?
659 2210 787 2262 Data
819 2218 901 2263 est
931 2209 1144 2277 quidem
1195 2209 1366 2279 gratia
1412 2210 1626 2277 antiqua
1662 2210 1745 2263 illa
1784 2219 1837 2263 et
1866 2210 2065 2263 decan-

493 2307 601 2353 tata
630 2315 643 2350 :
669 2299 879 2353 liberati
919 2308 1045 2353 sunt
1081 2300 1223 2355 enim
1251 2315 1314 2354 ex
1350 2297 1583 2368 Egypto
1614 2299 1906 2353 secundum
1943 2315 2062 2355 cor-

495 2406 614 2461 pus,
659 2390 857 2445 servile
881 2390 1065 2461 jngum
1103 2392 1485 2446 dominationis
1529 2406 1636 2461 quo
1684 2394 2067 2460 premebantur

495 2498 523 2534 a
561 2482 860 2537 cervicibus
891 2482 1226 2550 deiecerunt,
1251 2498 1345 2552 per
1366 2482 1599 2537 mediunt
1654 2497 1803 2536 mare
1837 2483 2066 2537 traducti

494 2586 640 2637 sunt,
676 2575 1027 2629 comederunt
1054 2589 1249 2628 manna
1277 2575 1329 2629 in
1358 2574 1664 2639 solitudine,
1716 2575 1886 2645 688
1923 2576 2069 2645 pedi-

495 2669 593 2722 bus
615 2666 830 2720 llumina
855 2663 1497 2729 transieruntJordanem
1524 2664 1849 2729 videlicet,in
1867 2676 2066 2719 terram

495 2756 873 2825 promissionis
903 2756 1195 2809 introducti
1230 2764 1375 2809 sunt.
1412 2756 1535 2811 Haec
1566 2757 1730 2825 igitur
1754 2757 1927 2826 gratia
1978 2756 2068 2811 illa

496 2849 688 2914 prima.
723 2847 920 2901 Verum
952 2846 1004 2900 in
1048 2845 1351 2916 mqualitate
1379 2856 1434 2901 et
1463 2847 1811 2902 similitudine
1837 2849 2071 2918 antiquas

496 2939 638 2991 illius
670 2937 856 3004 gratia:
874 2936 1044 3006 gratia
1074 2936 1341 3006 impertita
1373 2946 1455 2991 est
1477 2936 1757 3003 aChristo,
1778 2941 1867 3008 qui
1895 2938 2070 2995 factus

2164 475 2500 546 ορθωμάτων
2550 477 2783 528 ἐποιεῖτο
2824 474 3030 542 λέγων’
3083 492 3102 525 t
3146 474 3265 526 Ἀπ’
3313 471 3551 542 ἐμαυτοῦ
3604 471 3742 525 ποιῶ

2164 565 2337 620 οὐδέν.
2383 567 2440 619 ’0
2465 566 2522 619 δὲ
2551 565 2743 636 Πατὴρ
2776 568 2803 618 6
2831 567 2890 617 ὲν
2929 566 3053 635 ἐμοὶ
3098 564 3298 634 μένων,
3336 566 3482 617 ποιεῖ
3504 562 3571 618 τὰ
3606 562 3744 634 ἔργα

2166 658 2407 720 αὐτός.)
2447 657 2745 724 Εἰργάζετο
2782 657 2890 726 γὰρ
2936 656 3012 718 ὡς
3052 656 3139 709 διὰ
3164 656 3444 725 δυνάμεως
3476 655 3610 718 ίδίας
3646 654 3740 709 τοῦ

2167 748 2321 812 Υίοῦ,
2352 748 2420 801 δι’
2458 742 2519 802 οῦ
2553 750 2648 801 καὶ
2679 750 2735 800 ὲν
2762 748 2958 817 ἀρχαῖς
2996 747 3064 800 τὰ
3110 748 3287 801 πάντα
3329 747 3466 817 πρὸς
3509 746 3569 798 τὸ
3604 743 3742 799 εἶναι

2182 840 2539 912 παρενεγκὼν
2566 839 2792 901 εἰκότως
2824 836 3280 908 οαυμάζεται.....
3301 837 3449 907 παρὰ
3473 836 3551 906 τῷ
3576 853 3745 904 σοφω-

2165 933 2315 1003 τάτῳ
2350 932 2569 1002 Δανιὴλ,
2598 931 2672 993 ὼς
2696 930 2821 1001 ὅρος
2850 932 2983 999 ἡμῖν
3022 930 3333 1000 ὠνόμασται
3367 929 3528 982 πάλιν
3557 932 3584 983 6
3611 930 3740 991 Θεὸς

2166 1027 2261 1078 καὶ
2295 1023 2504 1093 Πατὴρ,
2545 1022 2603 1086 ἐξ
2634 1018 2694 1076 οῦ
2730 1024 2823 1075 καὶ
2858 1022 3005 1084 λίθος
3047 1021 3175 1075 ἄνευ
3209 1022 3388 1092 χειρὸς
3418 1021 3651 1091 ἐτμήθη,
3681 1021 3739 1084 ὃς

2165 1115 2261 1168 καὶ
2300 1114 2557 1167 ὲλὲπτυνε
2601 1113 2661 1165 τὸ
2692 1113 2934 1181 χρυσίον,
2981 1114 3073 1166 τὸν
3102 1114 3360 1183 ἄργυρον,
3395 1114 3486 1166 τὸν
3521 1112 3737 1182 χαλκὸν,

2164 1203 2257 1256 τὸν
2300 1203 2537 1272 σίδηρον,
2580 1203 2672 1255 καὶ
2714 1198 2782 1270 ἦν
2842 1203 2919 1265 είς
2968 1202 3136 1254 τύπον
3183 1204 3275 1255 καὶ
3317 1202 3434 1255 τόδε
3481 1198 3738 1271 Χριστοῦ.

2166 1294 2206 1347 Γ
2210 1294 2535 1364 εγενημένος
2576 1293 2683 1363 γὰρ
2727 1296 2791 1346 ἐκ
2831 1292 2966 1345 Θεοῦ
2999 1293 3209 1365 Πατρός
3267 1296 3595 1364 άπορῤήτως
3646 1292 3741 1345 καὶ

2167 1384 2309 1454 ὑπὲρ
2334 1384 2457 1437 νοῦν
2482 1387 2507 1437 6
2536 1380 3011 1455 Υἱὸς,’συνέτριψε
3044 1384 3143 1447 τὰς
3177 1384 3476 1454 βασιλείας,
3510 1384 3572 1436 ἶν’
3594 1380 3742 1451 αὺτῷ

2167 1476 2352 1529 λοιπὸν
2385 1475 2445 1528 τὸ
2474 1474 2617 1527 κατὰ
2641 1474 2859 1527 πάντων
2890 1476 3088 1545 κράτος
3117 1476 3422 1544 ἁνάπτηται
3441 1491 3453 1502 ’
3488 1473 3740 1542 «Κάμψει

2166 1566 2272 1637 γὰρ
2306 1565 2458 1636 αὐτῷ
2487 1568 2594 1619 πᾶν
2622 1566 2773 1634 γόνυ,
2803 1566 2897 1618 καὶ
2920 1567 3072 1619 πᾶσα
3101 1567 3318 1635 γλῶσσα
3348 1564 3741 1635 ἐξομολογήσε-

2168 1676 2278 1721 ται,
2324 1659 2406 1711 ὅτι
2454 1658 2658 1729 Κύριος
2716 1657 2923 1728 Ἰησοῦς
2970 1660 3201 1730 Χριστος
3260 1660 3341 1719 εἰς
3399 1658 3555 1723 δόξαν
3602 1653 3740 1708 Θεοῦ

2168 1750 2399 1819 Πατρός.
2439 1769 2458 1801 ι
2495 1750 2701 1804 Οὐκοῦν
2729 1751 2803 1811 ὡς
2835 1751 2892 1816 ἐξ
2924 1750 3083 1819 ὅρους
3112 1748 3207 1802 τοῦ
3239 1748 3374 1801 Θεοῦ
3413 1750 3505 1800 καὶ
3530 1746 3742 1816 Πατρὸς

2167 1846 2562 1915 ἀκρογωνιαίος
2601 1845 2693 1897 καὶ
2718 1843 2972 1905 ἐκλεκτὸς
2997 1842 3334 1913 ἀποτμηθεὶς
3363 1840 3509 1904 λίθος
3538 1842 3565 1893 6
3586 1840 3739 1903 Θεὸς,

2167 1938 2389 2005 γέγονεν
2423 1937 2554 2006 ἡμῖν
2603 1935 2959 2007 κληρονομία.
3020 1932 3351 2004 Κεκλήμεθα
3376 1931 3485 2002 γάρ
3519 1934 3596 1994 είς
3629 1932 3743 1983 uio-

2168 2028 2354 2082 θεσίαν
2399 2028 2467 2080 δι’
2509 2027 2698 2094 αὑτοῦ,
2754 2027 2848 2080 καὶ
2895 2025 3222 2096 κληρονόμοι
3268 2025 3571 2092 γεγόναμεν
3603 2020 3740 2075 Θεοῦ

2170 2119 2391 2185 ζῶντος,
2435 2118 2643 2188 ἰσότητι
2687 2117 2906 2189 χάριτος
2958 2118 3157 2188 χάριτα
3196 2116 3588 2185 κερδαίνοντες.
3629 2114 3743 2167 Καὶ

2168 2211 2220 2264 τί
2247 2209 2518 2280 δὴτοῦτο;
2546 2209 2765 2262 Δὲδοται
2794 2209 2893 2279 μὲν
2917 2207 3195 2278 γὰρχάρις
3216 2223 3298 2270 τις
3325 2206 3404 2276 τῷ
3442 2204 3677 2277 Ἰσραὴλ,
3706 2204 3741 2275 ἡ

2168 2301 2368 2372 ἀρχαία
2396 2319 2454 2353 τε
2487 2301 2673 2370 ἐκείνη
2706 2299 2801 2352 καὶ
2825 2298 3106 2369 διαϐόητος
3125 2311 3139 2327 ⁸
3166 2297 3529 2368 λελύτρωνται
3552 2296 3659 2366 γὰρ
3681 2294 3743 2360 ἐξ

2168 2394 2443 2462 Αἰγύπτου
2496 2392 2772 2464 σαρκικῶς
2796 2429 2812 2457 ,
2856 2392 2956 2461 τὴν
3006 2389 3395 2461 ὲπηρτημένην
3448 2390 3631 2451 αὐτοῖς
3678 2389 3745 2439 ὲκ

2172 2486 2485 2552 πλεονεξίας
2516 2486 2879 2539 ἀπεσείσαντο
2903 2483 3168 2547 δουλείαν,
3207 2481 3628 2551 διεὸιὸάσθησαν
3654 2479 3746 2533 διὰ

2171 2578 2443 2647 Θαλάσσης
2478 2578 2649 2648 μέσης
2669 2618 2683 2642 ,
2713 2576 2914 2645 ἔφαγον
2943 2575 3003 2627 τὸ
3042 2574 3216 2646 μάννα
3247 2576 3304 2627 ὲν
3326 2576 3392 2645 τῇ
3427 2574 3639 2643 ἐρήμῳ,
3672 2570 3749 2623 δι-

2171 2668 2332 2738 ἦλθον
2367 2669 2425 2720 ὲν
2450 2668 2569 2720 ποδὶ
2624 2667 2907 2737 ποταμοὺς
2953 2663 3431 2737 (διεπεραιώσαντο
3456 2664 3565 2733 γὰρ
3602 2662 3747 2715 οῦτω

2171 2760 2261 2813 τὸν
2300 2760 2616 2830 Ἰορδάνην),
2637 2758 3093 2828 είσεκομίσθησαν
3123 2757 3201 2818 είς
3229 2757 3331 2825 τὴν
3371 2754 3474 2825 γῆν
3503 2753 3604 2824 τῆς
3642 2756 3746 2807 ὲπ-

2172 2851 2451 2919 αγγελίας.
2489 2850 2636 2921 Αὕτη
2671 2849 2735 2920 δὴ
2770 2847 2862 2903 οῦν
2896 2851 2928 2919 ή
2968 2849 3128 2920 χάρις
3168 2849 3201 2917 ή
3248 2846 3461 2917 πρώτη.
3506 2846 3648 2900 Ἀλλ’
3687 2848 3748 2899 ὲν

2176 2943 2380 3011 ἰσότητι
2438 2940 2530 2993 καὶ
2558 2940 2833 3009 ὁμοιότητι
2868 2939 2966 3008 τῆς
2989 2937 3223 3009 ἀρχαίας
3252 2938 3468 3007 ἐκείνης
3499 2939 3745 3009 χάριτος,

494 3038 580 3081 est
652 3028 808 3081 nobis
883 3025 1015 3095 lapis
1061 3034 1121 3079 ut
1185 3025 1619 3093 fundamentum,
1660 3031 1774 3084 sive
1829 3046 2067 3084 summus

2172 3033 2328 3104 χάρις
2357 3033 2565 3086 δέδοται
2596 3032 2743 3103 παρὰ
2772 3031 3032 3101 Χριστοῦ,
3063 3031 3122 3094 ὃς
3158 3031 3381 3100 γέγονεν
3409 3033 3561 3102 ἡμῖν,
3596 3032 3746 3097 λίθος

495 3118 794 3187 angularis,
824 3129 876 3171 et
930 3132 1145 3171 rursum
1205 3117 1377 3173 haeres
1412 3129 1472 3173 ut
1516 3118 1708 3175 Filius.
1766 3121 1871 3176 Per
1920 3123 2068 3176 illum

493 3209 693 3276 quippe
720 3208 961 3263 Itazredes
1010 3207 1103 3262 Dei
1139 3208 1372 3265 instituti
1437 3225 1627 3267 sumus
1660 3213 1708 3244 "
1734 3252 1748 3266 .
1789 3211 2071 3277 Quomodo

496 3298 660 3367 igitur
694 3298 744 3350 in
776 3299 1082 3367 aequalitate
1114 3300 1300 3369 primae
1329 3300 1515 3371 gratiae
1548 3302 1824 3356 secunda?
1852 3301 1981 3367 Quae
2015 3303 2069 3357 in

497 3390 605 3443 illis
643 3390 844 3443 licbant
890 3394 1189 3446 secundum
1221 3408 1464 3461 carnem,
1505 3394 1619 3449 sive
1665 3409 1905 3456 sensum,
1956 3396 2072 3449 haec

496 3482 748 3535 Christus
777 3483 1071 3536 secundum
1096 3486 1341 3553 spiritum
1370 3493 1424 3540 et
1448 3486 1773 3542 intellectum
1801 3488 2069 3556 pra-stitit.

496 3572 708 3642 Eripuit
743 3589 839 3628 nos
866 3587 899 3629 e
949 3574 1209 3631 servitute
1247 3577 1535 3643 diabolica,
1576 3591 1674 3632 ceu
1723 3593 1789 3633 ex
1841 3577 1952 3631 luto
2018 3586 2072 3632 et

496 3663 742 3718 latere“.
776 3665 1050 3720 Liberavit
1091 3665 1463 3723 all'ectionibus
1520 3669 1807 3724 mundanis
1845 3678 1899 3724 et
1950 3684 2073 3725 car-

497 3752 712 3808 nalibus
775 3754 1151 3810 immunditiis.
1193 3757 1351 3811 Velut
1423 3771 1521 3827 per
1565 3773 1714 3813 mare
1785 3759 2068 3815 transitum

495 3843 797 3897 concessit:
834 3843 1029 3900 ﬂuctus
1070 3846 1212 3900 enim
1259 3845 1417 3914 hujus
1456 3848 1578 3903 vita:
1628 3858 1683 3904 et
1718 3851 2068 3905 acerbitatem

495 3935 615 4004 ejus
645 3936 1066 3991 sollicitudinum
1083 3939 1850 4007 praeterivimusﬁomedimus
1877 3957 2069 4011 panem

494 4026 561 4077 de
589 4026 726 4080 malo
759 4026 1020 4098 (mystice
1041 4028 1670 4101 loquimur),Jordanem
1698 4034 2068 4097 transivimus,

495 4117 960 4172 circumcisionem
982 4121 1033 4171 in
1053 4122 1245 4186 Spiritu
1267 4123 1601 4191 suscepimus
1620 4123 1684 4187 “,
1706 4125 2069 4179 hatreditatem

496 4208 798 4260 audivimus
815 4222 1102 4277 supernam
1134 4210 1571 4276 civitatem,vere
1600 4222 1838 4268 sanctam
1871 4225 2069 4270 terram

495 4294 648 4360 cujus
676 4305 729 4349 et
763 4295 1011 4350 Christus
1070 4297 1185 4367 ipse
1216 4302 1460 4355 meminit
1516 4316 1636 4355 cum
1678 4304 1795 4357 ait:
1858 4324 1875 4356 ι
1918 4305 2069 4362 Beati

2177 3126 2275 3195 μὲν
2318 3124 2393 3185 ὡς
2428 3123 2708 3193 θεμέλιος,
2744 3124 2910 3193 ἤγουν
2950 3124 3363 3193 ἀκρογωνιαίος,
3409 3123 3750 3193 κληρονόμος

2169 3218 2226 3271 δὲ
2264 3217 2444 3280 πάλιν,
2472 3216 2547 3278 ὡς
2581 3215 2726 3278 Υἱός.
2761 3215 3067 3286 Γεγόναμεν
3101 3215 3208 3287 γὰρ
3238 3217 3304 3270 δι’
3335 3215 3497 3269 αὐτοῦ
3543 3215 3744 3287 κληρο-

2171 3310 2327 3379 νόμοι
2354 3305 2511 3360 Θεοῦ.
2540 3306 2663 3369 Πῶς
2690 3302 2782 3359 οῦν
2813 3308 2868 3358 ὲν
2900 3307 3105 3377 ἰσότητι
3138 3306 3238 3373 τῆς
3271 3309 3494 3378 πρώτης
3523 3308 3750 3379 χάριτος

2171 3400 2205 3469 ἡ
2238 3397 2465 3469 δευτέρα
2485 3398 2579 3461 ;'A
2614 3397 2723 3469 γὰρ
2756 3398 2840 3449 ἐπ’
2863 3397 3092 3460 ἐκείνοις
3113 3397 3414 3466 ἐπράττετο
3443 3397 3747 3469 σαρκικῶς,

2170 3494 2339 3564 ἦγουν
2386 3489 2691 3560 αἰσθητῶς,
2754 3489 2929 3542 ταῦτα
2992 3488 3341 3542 τετελείωκεν
3393 3491 3476 3558 ἐφ’
3530 3492 3665 3559 ἡμῖν
3719 3493 3751 3545 6

2169 3583 2403 3653 Χριστὸς
2441 3580 2827 3652 πνευματικῶς
2856 3597 2913 3633 τε
2945 3581 3040 3634 καὶ
3063 3580 3286 3651 νοητῶς.
3337 3580 3601 3645 Ἐξείλετο
3626 3582 3754 3635 δου-

2170 3673 2319 3733 λείας
2352 3671 2687 3741 διαὸολικῆς,
2721 3671 2795 3733 ὡς
2822 3671 2886 3723 ὲκ
2919 3670 3091 3739 πηλοῦ
3143 3671 3237 3723 atati.
3276 3670 3574 3735 πλινθείας.
3615 3672 3753 3726 Ἀπ-

2170 3761 2367 3834 ήλλαξι
2417 3760 2526 3813 τῶν
2573 3762 2632 3813 ὲν
2682 3760 2873 3830 κόσμῳ
2922 3759 3110 3812 παθῶν
3180 3760 3420 3814 καὶτῶν
3463 3763 3751 3832 σαρκικῶν

2170 3853 2544 3925 ἀκαθαρσιῶν.
2568 3852 2885 3906 Διεὸίδασεν
2916 3852 2991 3916 ὼς
3018 3852 3107 3905 διὰ
3139 3851 3415 3923 θαλάσσης
3433 3869 3448 3885 ο
3474 3854 3753 3925 παρεδράο

2175 3962 2348 4017 μομεν
2383 3944 2495 4015 γὰρ
2518 3945 2608 3997 τὸν
2641 3944 2885 3997 κλύδωνα
2911 3943 3004 3998 τοῦ
3054 3944 3320 4015 παρόντος
3351 3943 3488 4014 βίου,
3522 3946 3614 3998 καὶ
3646 3948 3750 4015 τῆς

2171 4042 2228 4092 ὲν
2274 4038 2421 4107 αὑτῷ
2453 4037 2732 4107 φροντίδος
2774 4038 2835 4089 τὸ
2878 4037 3094 4109 πικρόν.
3135 4037 3441 4108 Ἐφάγομεν
3484 4037 3649 4108 ἄρτον
3689 4038 3751 4106 ἐξ

2170 4129 2229 4179 οὔ
2241 4125 2401 4197 ρανοῦ
2428 4124 2712 4195 (μυστικὸς
2737 4126 2766 4177 ό
2796 4124 2998 4192 λόγος),
3030 4125 3452 4197 διεδιὸάσθημεν
3479 4128 3570 4180 τὸν
3611 4126 3749 4198 Ἰορ-

2171 4217 2357 4285 δάνην,
2403 4214 2704 4288 περιτομὴν
2747 4217 3063 4287 ἐσχήκαμεν
3092 4216 3189 4288 τὴν
3227 4219 3284 4272 ὲν
3311 4220 3609 4289 πνεύματι,
3652 4236 3751 4272 κε-

2174 4307 2665 4377 κληρονομήκαμεν
2706 4305 2804 4376 τὴν
2848 4305 2959 4358 ἄνω
2988 4306 3165 4371 πόλιν,
3208 4307 3305 4377 τὴν
3334 4308 3548 4378 ἀληθῶς
3586 4309 3751 4377 ἁγίαν

496 4386 677 4452 mites,
715 4386 970 4454 quoniam
1000 4389 1098 4458 ipsi
1132 4392 1481 4458 possidebunt
1536 4403 1736 4449 terram
1767 4396 1832 4450 ³⁸.
1871 4416 1890 4449 ι
1930 4396 2067 4453 Puto

2174 4401 2297 4469 γῆν,
2346 4391 2412 4466 ἦς
2446 4397 2541 4448 καὶ
2584 4395 2744 4458 αὐτὸς
2787 4398 2817 4449 6
2867 4397 3101 4467 Χριστὸς
3142 4397 3490 4469 διεμέμνητο,
3535 4398 3748 4466 λέγων·

493 4487 671 4532 autem
696 4494 795 4549 ego
821 4482 1280 4551 sapientissimum
1307 4498 1519 4556 quoque
1554 4487 1941 4557 evangelistam
1974 4490 2067 4545 Jo-

494 4584 688 4622 annem
722 4571 823 4624 hoc
866 4570 1039 4640 ipsum
1107 4574 1417 4639 significare
1460 4577 1615 4641 velle,
1667 4594 1788 4633 cum
1824 4581 1953 4635 dicit
2004 4584 2069 4638 de

494 4661 747 4717 Christo:
784 4663 886 4718 «De
909 4663 1245 4733 plenitudine
1272 4667 1389 4736 ejus
1406 4685 1505 4725 nos
1529 4685 1718 4725 omnes
1736 4674 2064 4743 accepimus,

493 4760 550 4804 et
582 4754 808 4821 gratiam
841 4769 938 4822 pro
968 4758 1161 4823 gratia.
1196 4755 1330 4821 Quia
1363 4758 1447 4812 lex
1478 4773 1574 4828 per
1603 4759 1783 4815 Mosen
1812 4764 1934 4817 data
1965 4774 2073 4829 est,

494 4844 666 4911 gratia
699 4852 751 4899 et
778 4845 980 4898 veritas
1011 4860 1106 4914 per
1132 4845 1317 4901 Jesum
1347 4848 1623 4903 Christum
1659 4850 1797 4907 facta
1834 4862 1917 4908 est
1943 4854 2010 4910 ⁸⁸.
2047 4876 2066 4909 ι

494 4932 740 4987 Minister
792 4935 934 4988 enim
991 4945 1045 4987 et
1132 4938 1399 4993 mediator

492 5126 631 5180 stus,
671 5132 790 5185 quas
837 5118 1244 5175 similitudinem
1297 5124 1494 5192 prioris
1551 5125 1692 5179 illius
1716 5126 1897 5181 habet.
1944 5129 2074 5199 ‘l‘ypi

1474 4942 1673 4995 veteris
1758 4942 1899 4997 illius
1954 4960 2079 5014 gra-

497 5027 587 5079 tim
666 5026 841 5081 Moses
896 5027 1044 5093 l‘nit;
1090 5033 1344 5087 secundm
1440 5042 1621 5087 autem
1708 5036 2080 5104 gratimtlhric

2180 4503 2197 4534 ι
2222 4477 2498 4554 Μακάριοι
2532 4485 2580 4536 οἱ
2612 4486 2826 4552 πραεῖς,
2862 4484 2945 4537 ὅτι
2971 4485 3123 4537 αὐτοὶ
3155 4486 3621 4559 κληρονομήσουσι
3646 4487 3752 4559 τὴν

2175 4574 2300 4644 γῆν.
2343 4594 2359 4625 i
2396 4569 2564 4643 Οἶμαι
2595 4574 2651 4627 δὲ
2679 4575 2853 4643 ἔγωγε
2885 4577 2980 4629 καὶ
3001 4576 3091 4629 τὸν
3128 4577 3437 4646 σοφώτατον
3458 4579 3752 4647 εὐαγγελι-

2176 4666 2308 4735 στὴν
2346 4666 2619 4735 Ἰωάννην,
2655 4666 2787 4719 αὐτὸ
2823 4667 2885 4737 δὴ
2924 4666 3082 4720 τοῦτο
3121 4667 3405 4738 βούλεσθαι
3444 4670 3657 4740 δηλοῦν,
3701 4673 3753 4725 εί

2173 4756 2321 4825 λέγοι
2352 4758 2480 4828 περὶ
2502 4758 2760 4828 Χριστοῦ,
2782 4759 2863 4812 δτι
2896 4779 2913 4811 ι
2938 4761 3031 4813 Ἐκ
3064 4760 3160 4814 τοῦ
3188 4761 3552 4833 πληρώματος
3578 4764 3751 4818 αὐτοῦ

2175 4850 2335 4919 ἡμεῖς
2363 4850 2562 4913 πάντες
2597 4850 2884 4921 ἐλάϐομεν,
2914 4852 3009 4905 καὶ
3038 4854 3194 4923 χάριν
3225 4855 3344 4907 ἀντὶ
3377 4854 3752 4926 χάριτος.”οτι

2171 4944 2202 4994 ό
2232 4942 2394 5011 νόμος
2426 4940 2516 4993 διὰ
2548 4942 2789 5006 Μωσέως
2826 4943 2980 5013 ἐδόθη
3004 4984 3018 5004 ,
3049 4947 3081 5015 ἡ
3128 4946 3286 5017 χάρις
3325 4948 3419 5000 καὶ
3460 4948 3491 5017 ή
3523 4947 3752 5018 ἀλήθεια

2175 5034 2263 5087 διὰ
2304 5033 2477 5104 Ἰησοῦ
2506 5033 2741 5105 Χριστοῦ
2768 5035 3005 5103 ἐγένετο.
3033 5055 3050 5087 ι
3076 5038 3334 5100 Διάκονος
3363 5037 3464 5106 μὲν
3494 5038 3601 5107 γὰρ
3653 5041 3753 5093 καὶ

2180 5126 2408 5197 μεσίτης
2435 5126 2533 5195 τῆς
2559 5125 2793 5195 ἀρχαίας
2820 5126 3030 5195 ἐκείνης
3058 5128 3278 5197 χάριτος
3306 5127 3531 5194 γέγονεν
3558 5129 3586 5180 ό
3619 5128 3754 5181 Μω-

490 5209 637 5261 enim
665 5209 884 5277 quidam
915 5220 1073 5265 erant
1131 5214 1197 5267 ad
1261 5216 1578 5281 veritatem,
1643 5220 1758 5272 sive
1828 5222 2067 5278 veritatis

2178 5218 2294 5287 σῆς·
2310 5217 2411 5287 τῆς
2439 5233 2503 5285 γε
2536 5218 2642 5289 μὴν
2661 5218 2919 5290 δευτέρας
2950 5220 3169 5289 χάριτος
3192 5221 3221 5272 6
3243 5219 3497 5289 Χριστὸς,
3516 5220 3751 5293 ἐχούσης

492 5302 658 5353 dcans
692 5304 1076 5370 parturientes,
1112 5314 1263 5361 tanto
1292 5308 1536 5363 melioris
1568 5320 1622 5364 et
1648 5311 2071 5376 excellentioris,

489 5402 696 5460 quanto
742 5408 862 5463 qme
926 5397 1178 5453 sensibus
1229 5415 1291 5454 ea
1362 5414 1484 5468 qure
1538 5403 1651 5456 sola
1719 5403 2071 5472 intelligentia

561 5592 605 5623 "’
636 5590 930 5669 hamati};
960 5596 1044 5652 l0.
1122 5598 1168 5629 ’⁸
1197 5598 1327 5654 Dan.
1363 5616 1423 5662 Il,
1458 5601 1546 5653 5i.
1628 5600 1671 5631 ¹⁹
1705 5601 1879 5669 Philip

1887 5618 1937 5671 p.
1968 5620 2029 5668 ιι,
2071 5602 2156 5661 l0,
2197 5602 2279 5655 ll.
2358 5603 2403 5633 ³⁸
2437 5603 2631 5669 Ephes.
2688 5620 2743 5670 ll,
2788 5605 2877 5659 ΞΟ.

2178 5310 2276 5380 μὲν
2322 5312 2618 5381 ὁμοιότητα
2670 5312 2807 5381 πρὸς
2853 5311 3069 5382 ἐκείνην
3117 5310 3300 5376 (τύποι
3342 5311 3452 5383 γὰρ
3496 5307 3637 5382 ἦσαν
3671 5313 3749 5376 ὡς

2173 5402 2310 5473 πρὸς
2357 5403 2649 5475 ἀλήθειαν,
2698 5405 2865 5473 ἦγουν
2911 5404 2972 5457 τὸ
3021 5404 3119 5475 τῆς
3166 5404 3426 5476 ἀληθείας
3469 5403 3749 5467 ὡδίνοντες

2978 5606 3018 5639 ³¹
3056 5606 3250 5676 Epltes.
3280 5620 3317 5666 l,
3355 5606 3388 5659 5
3494 5605 3538 5637 "
3581 5601 3744 5660 Rom.

489 5674 610 5724 vm,
642 5663 723 5717 l7.
803 5666 845 5696 ³³
877 5667 1045 5722 Exod.
1090 5685 1125 5733 ι,
1158 5670 1242 5723 14.
1321 5670 1365 5701 ³³
1401 5671 1569 5724 Exod.
1599 5686 1708 5738 xvi,
1745 5672 1759 5722 Ι
1796 5689 1808 5737 ;
1842 5663 1993 5726 Idan.
2017 5663 2057 5724 ἰ’

2176 5684 2216 5726 ι.
2296 5672 2338 5702 ³·
2363 5663 2550 5733 Matth.
2580 5690 2628 5738 ι’,
2659 5663 2742 5726 t.’
2790 5676 2834 5706 ιο
2865 5674 3027 5734 Joan.
3058 5663 3117 5744 n',
3149 5677 3229 5743 ιο,
3264 5663 3350 5731 17.
