3936 6318
166 294 222 347 69

979 278 1526 337 COMMENTARIUS
1565 276 1629 331 IN
1671 277 2064 333 ZACHARMM
2106 276 2546 334 ΡΒΟΡΙΙΕΤΑΜ.

3315 279 3384 333 ’10

166 405 381 472 κάλλος),
407 401 690 471 ἀμείνονος
721 400 776 452 δὲ
798 398 891 451 καὶ
909 396 1337 469 ὑπερκειμένης,
1353 397 1461 465 ὅσῳ
1486 394 1580 447 καὶ
1609 393 1715 446 τῶν

1827 394 2345 464 conrprehenduntur
2401 393 2745 449 antecellunt.
2779 392 3000 448 Accedit
3042 393 3195 450 testis
3230 372 3385 450 Ῥου-

164 493 412 565 αξσθητῶν
442 492 745 563 ὑπερφέροι
777 490 842 545 ἂν
867 491 1091 552 εἰκότως
1121 489 1190 543 τὰ
1215 488 1401 559 νοητά.
1437 488 1545 541 Καὶ
1573 503 1712 557 μαρ-

164 591 376 659 τυρήσας
406 594 610 654 γράφει
651 586 679 636 6
711 581 937 646 Παῦλος,
987 582 1066 634 ὅτι
1112 579 1419 651 κρείττονος
1447 576 1710 647 διαθήκης

164 682 357 751 γέγονεν
388 677 585 744 ἔγγυος
620 671 847 743 Ἰησοῦς.

222 808 320 866 Kal
345 806 579 875 ἐγένετο
615 804 798 872 λόγος
829 802 1050 869 Κυρίου
1081 802 1228 869 πρός
1265 818 1360 870 με,
1385 798 1604 868 λέγων·
1644 797 1711 850 Αἱ

165 903 336 972 χεῖρες
359 896 689 966 Ζοροϐάϐελ
710 895 1115 962 ἐθεμελίωσαν
1144 894 1250 945 τὸν
1286 889 1454 945 οἷκον
1474 889 1573 941 τοῦ
1584 904 1707 950 τον,

165 992 247 1044 καὶ
288 993 344 1043 al
390 986 584 1056 χεῖρες
638 985 824 1039 αὑτοῦ
864 983 1325 1038 ἐπιτελέσουσιν
1359 979 1574 1041 αὑτὸν,
1613 978 1712 1031 καὶ

163 1080 442 1151 ἐπηγώσῃ
463 1078 611 1131 διότι
630 1078 844 1145 Κύριος
862 1073 1278 1142 παντοκράτωρ
1296 1067 1711 1137 ἐξαπέσταλκέ

158 1190 222 1241 με
249 1170 393 1238 πρὸς
421 1168 515 1221 σέ.

221 1286 357 1349 K5,”.
403 1280 531 1334 Ἰδοὺ
591 1277 656 1348 δὴ
688 1276 848 1331 πάλιν
877 1277 1005 1345 ἡμῖν
1033 1275 1089 1327 ἐν
1119 1272 1397 1337 αἰσθητοῖς
1426 1270 1709 1341 πράγμασι

162 1372 484 1443 καταγράφει
522 1369 588 1421 τὰ
617 1367 817 1436 νοητὰ,
849 1365 945 1419 καὶ
982 1364 1090 1416 τῶν
1125 1363 1212 1415 διὰ
1254 1362 1488 1434 Χριστοῦ
1530 1378 1708 1431 παρα-

159 1465 303 1527 δόξως
332 1459 736 1528 τετελεσμένων
780 1456 1141 1527 παρατίθησιν
1190 1456 1268 1516 εἰς
1310 1453 1478 1506 τύπον
1520 1452 1580 1504 τὸ
1624 1450 1711 1503 διὰ

159 1554 320 1624 χειρὸς
374 1550 679 1622 Ζοροϐάϐελ
726 1547 868 1602 κατὰ
918 1548 1142 1616 καιροὺς
1198 1543 1704 1616 ἐκπεπερασμένον.

171 1646 372 1715 Ἐπειδὴ
408 1647 538 1715 γὰρ,
574 1643 808 1712 ἁλούσης
840 1643 936 1711 τῆς
971 1641 1322 1693 Βαϐυλωνίων
1358 1640 1459 1693 ὑπὸ
1490 1638 1710 1708 Περσῶν

162 1739 241 1791 καὶ
280 1736 466 1807 Κύρου
486 1774 501 1797 ,
530 1734 639 1787 τῶν
670 1733 766 1803 τῆς
796 1731 1036 1794 δουλείας
1078 1732 1285 1785 ἀνεῖντο
1323 1729 1535 1799 δεσμῶν
1568 1731 1614 1780 οἱ
1651 1726 1711 1791 ἐξ

1815 485 1899 539 lus
1936 499 2058 538 cum
2092 484 2282 539 scribit
2314 485 2382 539 ³⁷.
2407 485 2645 539 melioris
2690 484 3001 540 testamenti
3035 485 3386 542 mediatorem

1815 588 1933 629 esse
1962 571 2172 629 Jesum.

1890 786 2051 840 Vens.
2077 784 2131 851 8,
2161 784 2215 839 9.
2244 782 2309 838 Et
2348 785 2520 855 factus
2550 794 2626 840 est
2660 802 2827 841 sermo
2889 787 3098 842 Domini
3154 792 3224 843 ad
3283 807 3388 857 me,

1816 880 1989 932 dicens
2044 892 2061 931 :
2134 877 2327 930 Manus
2406 875 2696 930 Zorobabel
2761 878 3111 945 fundaverant
3175 881 3388 933 domum

1816 970 1992 1031 istam,
2033 978 2078 1021 et
2127 981 2314 1019 manus
2383 966 2495 1034 ejus
2546 968 2871 1035 complebunt
2940 984 3074 1033 eam,
3135 980 3184 1024 el
3256 974 3389 1024 scies

1815 1061 1937 1130 quia
2004 1058 2257 1112 Dominus
2299 1057 2621 1126 omnipotens
2648 1059 2789 1111 misit
2821 1074 2898 1111 me
2919 1059 2987 1112 ad
3017 1068 3084 1113 te.

1887 1274 2075 1329 XXVI.
2102 1274 2201 1341 En,
2228 1291 2439 1330 rursmn
2476 1276 2527 1329 in
2558 1277 2718 1332 rebus
2764 1291 2900 1345 quas
2952 1294 3111 1334 sensu
3173 1281 3388 1350 attingi-

1818 1383 1953 1428 nnis,
1985 1381 2079 1421 eas
2125 1382 2244 1435 quae
2307 1367 2481 1420 solum
2521 1367 3221 1436 intelliguntur‘clcscribit,
3263 1383 3314 1425 et
3355 1388 3386 1425 a

1816 1457 2031 1512 Christo
2070 1444 2489 1512 admirabiliter
2548 1467 2978 1528 perpetratorum
3017 1470 3197 1531 typum
3267 1478 3384 1531 pro-

1818 1551 1969 1617 ponit
2027 1549 2077 1602 id
2140 1551 2283 1618 quod
2342 1564 2438 1617 per
2486 1565 2703 1603 manum
2769 1549 3064 1605 Zorobabel
3092 1554 3385 1623 aliquando

1817 1640 2119 1693 Coniectum
2148 1638 2264 1692 fuit.
2298 1638 2583 1706 Postquam
2613 1640 2754 1693 enim
2786 1639 3096 1711 Babyloniis
3145 1658 3174 1696 a
3245 1643 3390 1713 Cyro

1818 1729 2103 1785 Persarum
2124 1745 2248 1799 rege
2270 1730 2507 1785 subactis
2530 1730 2790 1785 servitute
2812 1731 3040 1785 exsoluti
3070 1746 3194 1787 sunt
3216 1734 3391 1789 Israc-

171 1793 390 1898 Ἰσραὴλ,
419 1793 511 1879 καλ.
541 1826 605 1895 δὴ
634 1793 959 1896 καῖ’-ἀνῆκον
991 1793 1069 1885 εις
1091 1793 1459 1894 Ἰεροσόλυμα,
1486 1819 1712 1890 Δαρείου

1827 1823 1943 1885 lita»,
1975 1830 2029 1874 et
2097 1822 2317 1890 insuper
2390 1820 2824 1893 Hierosolymam
2882 1824 3173 1887 redierunt,
3223 1827 3392 1897 689

158 1919 323 1971 λοιπὸν
371 1918 469 1987 τὴν
515 1916 797 1969 Χαλδαίων
840 1915 1112 1977 διέποντος
1158 1914 1354 1983 ἀρχὴν,
1406 1911 1713 1983 προῦτρεπε

159 2009 274 2071 Θεὸς
300 2008 431 2070 τοὺς
456 2008 926 2077 ὑπονοστήσαντας
958 2004 1045 2056 τὸν
1076 2004 1216 2056 θεῖον
1237 2003 1396 2064 εὐθὺς
1429 2001 1717 2071 ἀναδείμα-

161 2100 267 2152 σθαι
295 2101 444 2164 ναὸν,
469 2098 842 2168 βασιλεύοντος
876 2096 974 2167 μὲν
1007 2095 1329 2166 Ζοροϐάϐελ,
1349 2092 1716 2167 ἱερατεὺοντός

158 2207 211 2257 γε
246 2188 351 2260 μὴν
389 2187 563 2260 Ἰησοῦ
610 2187 702 2239 τοῦ
748 2185 1013 2240 Ἰωσεδὲκ.
1050 2186 1160 2240 Καὶ
1205 2185 1436 2255 ἣπτοντο
1484 2183 1582 2254 μὲν
1618 2182 1713 2236 τοῦ

159 2281 323 2350 ἔργου,
360 2280 458 2332 καὶ
496 2279 561 2349 δὴ
591 2278 686 2331 καὶ
722 2280 780 2331 ἐν
814 2276 1058 2348 πρώταις
1083 2276 1362 2347 κρηπίδων
1391 2275 1716 2338 καταϐολαῖς

158 2372 209 2424 τὸ
238 2372 400 2441 ἔργον
425 2367 514 2439 ἦν,
543 2366 677 2441 ἦρτο
703 2370 758 2423 δὲ
786 2371 878 2423 καὶ
912 2370 1047 2439 ὑψοῦ
1079 2371 1146 2424 τὰ
1176 2371 1326 2440 τείχη
1357 2369 1565 2432 λοιπὸν,
1602 2364 1717 2423 εἶτα

162 2464 345 2532 μεταξὺ
393 2463 712 2517 κωλυόντων
761 2462 945 2526 τινῶν,
998 2463 1090 2515 καὶ
1136 2461 1387 2531 ἐμποδὼν
1433 2461 1717 2529 γεγονότος

160 2555 238 2608 τοῦ
281 2556 481 2624 φθόνου
522 2554 631 2606 τῶν
674 2554 968 2624 περιοίκων
1007 2552 1208 2616 ἐθνῶν,
1248 2553 1435 2620 γέγονέ
1471 2570 1551 2615 τις
1590 2553 1717 2603 ἁνα-

160 2648 315 2717 κωχὴ,
350 2647 448 2698 καὶ
481 2644 910 2714 σπουδασμάτων
940 2643 1046 2696 τῶν
1095 2645 1187 2697 ἐπὶ
1230 2647 1341 2706 τοῖς
1371 2644 1550 2713 ἔργοις
1586 2642 1717 2695 ἀνά-

161 2738 353 2808 ϐλησις.
399 2736 649 2799 Ἀνὲντος
678 2736 732 2789 δὲ
769 2735 927 2788 πάλιν
974 2733 1157 2797 αὑτοῖς
1186 2734 1279 2787 τοῦ
1307 2734 1442 2787 Θεοῦ
1482 2733 1542 2786 τὸ
1569 2734 1719 2785 δύνα-

160 2831 268 2883 σθαι
312 2827 655 2898 κατορθοῦν,
708 2826 1050 2879 τετελείωται
1084 2826 1235 2895 μόλις
1269 2826 1295 2877 ὁ
1322 2824 1489 2887 νεὼς,
1543 2823 1716 2894 Ἰησοῦ

161 2921 247 2991 μὲν
295 2918 694 2991 ἱερατεὺοντος,
738 2916 1048 2986 «Ζοροϐάϐελ
1074 2933 1136 2985 γε
1190 2917 1297 2987 μὴν
1349 2916 1711 2986 ἐφεστηκότος

160 3013 240 3065 καὶ
282 3008 683 3081 βασιλεύοντος.
730 3008 866 3060 ’Δλὶὸ
898 3008 955 3059 ἐν
985 3007 1195 3070 τούτοις
1244 3007 1342 3075 μὲν
1376 3009 1403 3059 6
1434 3008 1533 3077 τῆς
1581 3009 1721 3060 ἱστο-

162 3103 265 3171 ph;
311 3100 777 3170 συμπεπέρασται
825 3097 1003 3165 λόγος.
1059 3097 1278 3168 Ἐπειδὴ
1324 3098 1380 3149 δὲ
1428 3098 1507 3160 εἰς
1552 3096 1718 3150 τύπον

163 3192 381 3263 Χριστοῦ
437 3189 806 3260 παρείληπται
861 3188 988 3257 παρ’
1032 3187 1189 3256 ἡμῶν
1236 3189 1263 3239 6
1305 3188 1368 3239 ἐκ
1418 3187 1513 3255 τῆς
1554 3186 1721 3239 Ἰούδα

159 3286 314 3353 φυλῆς
340 3281 672 3352 Ζοροϐάϐελ,
697 3280 829 3347 φέρε
857 3278 919 3348 δὴ
948 3277 1192 3347 λέγωμεν
1221 3278 1366 3337 ὅπως
1396 3293 1454 3327 τε
1482 3277 1575 3328 καὶ
1601 3276 1723 3329 τίνα

156 3376 341 3444 τρόπον
373 3374 581 3444 ἤρξατο
626 3373 721 3442 μὲν
756 3370 915 3434 αὐτὸς
946 3370 1248 3439 οἰκοδομεῖν
1293 3368 1382 3421 τὸν
1424 3366 1569 3423 οἷκον
1608 3371 1721 3421 Κυ-

162 3468 263 3536 pina
286 3509 301 3531 ,
336 3466 668 3520 τετελείωκε
702 3465 745 3517 δ’
778 3458 843 3517 αὖ
895 3465 922 3516 6
955 3463 1144 3532 νοητὸς
1192 3462 1285 3514 καὶ
1334 3460 1722 3532 πνευματικός.

160 3560 541 3629 Κατεστήσατο
594 3558 690 3627 μὲν
742 3556 848 3628 γὰρ
882 3557 938 3608 ἐν
984 3554 1178 3623 ἀρχαῖς
1229 3547 1376 3606 οἶκόν
1418 3570 1539 3606 τινα
1630 3553 1725 3607 καὶ

160 3650 456 3719 ἑναὺλισμα
508 3647 810 3719 θεοπρεπὲς
859 3644 1009 3714 αὑτῷ
1050 3661 1110 3696 τε
1154 3644 1247 3697 καὶ
1284 3643 1362 3713 τῷ
1394 3644 1586 3715 Πατρὶ,
1627 3644 1725 3715 τὴν

170 3741 435 3795 Ἰουδαίων
483 3738 835 3809 Συναγωγήν.
881 3735 1036 3790 Οὕτω
1079 3736 1185 3806 γὰρ
1232 3737 1401 3807 αὑτὴν
1454 3734 1724 3805 ὠνόμαζε,

163 3831 278 3899 περὶ
308 3828 407 3881 τοῦ
449 3828 728 3896 πανσόφου
779 3825 1021 3887 Μωσέως
1054 3824 1254 3877 εἰπών’
1293 3844 1309 3876 ι
1348 3826 1471 3878 Ἐὰν
1502 3826 1725 3892 γένηται

166 3923 439 3992 προφήτης
470 3919 530 3983 ἐξ
556 3919 709 3989 ὑμῶν
733 3917 1017 3989 Κυρίῳ,ἐν
1044 3918 1283 3987 ὁράματι
1311 3915 1458 3985 αὑτῷ
1479 3915 1728 3986 γνωσθή-

166 4027 349 4080 σσμαι,
386 4013 480 4065 καὶ
509 4014 566 4065 ἐν
605 4010 757 4081 ὕπνῳ
788 4009 1006 4079 λαλήσω
1042 4008 1211 4079 αὐτῷ.
1238 4006 1352 4079 Οὐχ
1388 4006 1559 4071 οὕτως
1595 4008 1671 4070 ὡς
1697 4009 1726 4060 6

168 4100 410 4171 θεράπων
461 4119 561 4171 μου
599 4100 829 4169 Μωσῆς,
875 4102 931 4152 ἐν
975 4099 1078 4168 ὅλῳ
1110 4099 1186 4169 τῷ
1229 4098 1361 4170 οἴκῳ
1405 4114 1505 4168 μου
1540 4098 1728 4160 πιστός

168 4192 320 4245 ἐστιν.
357 4212 376 4244 ι
417 4191 631 4246 Οὐκοῦν
672 4190 1060 4261 τεθεμελίωται
1093 4191 1189 4260 μὲν
1226 4189 1412 4260 ὥσπερ
1454 4184 1600 4252 οἶκος
1643 4188 1730 4242 διὰ

169 4278 747 4351 Χριστοῦ-καθῄρηται
769 4280 826 4333 δὲ
857 4278 1079 4351 μεταξύ.
1105 4280 1212 4331 Καὶ
1240 4278 1368 4347 γοῦν
1391 4280 1418 4331 6
1446 4280 1731 4350 προφήτης

179 4366 442 4440 Ἱερεμίας
472 4370 547 4433 ὡς
581 4370 908 4423 πεπτωκότα
947 4386 1005 4421 τε
1057 4370 1152 4422 καὶ
1210 4370 1553 4439 σεσεισμένον
1596 4388 1728 4423 κατ-

166 4552 537 4622 ὸάναστήσων
590 4551 769 4607 αὑτόν.
801 4571 819 4601 ι
862 4551 1007 4620 Πλὴν
1046 4552 1341 4622 ἐγήγερται
1370 4550 1456 4606 διὰ
1487 4552 1724 4624 Χριστοῦ

166 4643 249 4693 καὶ
287 4642 706 4713 μετεσκευάσθη
743 4643 876 4712 πρὸς
917 4643 977 4695 τὸ
1027 4642 1268 4713 ἄμεινον,
1304 4642 1726 4714 εἰσκεκομισμέ-

168 4750 260 4784 νων
298 4734 454 4805 αὑτῷ
492 4733 600 4787 τῶν
637 4733 826 4796 ἐθνῶν,
870 4735 962 4786 καὶ
994 4734 1396 4806 ἀναδειχθείσης
1440 4736 1495 4786 ἐν
1542 4735 1731 4804 κόσμῳ

166 4823 255 4893 τῆς
288 4825 621 4895 Ἐκκλησίας
641 4865 656 4890 ,
699 4844 716 4876 ι
749 4826 871 4895 ἣτις
914 4826 1058 4877 ἐστὶν
1105 4820 1250 4889 οἶκος
1281 4827 1411 4879 Θεοῦ
1455 4825 1675 4890 ζῶντος,
1706 4846 1725 4877 ι

169 4906 226 4981 ἧς
253 4914 345 4967 τοῦ
378 4915 613 4977 κάλλους
650 4914 870 4982 γέγονεν
897 4914 1130 4985 ἐραστὴς
1163 4918 1190 4968 6
1214 4915 1320 4967 τῶν
1359 4916 1495 4969 ὅλων
1530 4916 1732 4986 Κύριος

172 5006 253 5055 καὶ
281 5006 435 5068 Θεός.
471 5007 593 5059 Ὀτι
643 5006 749 5075 γὰρ
795 5007 1137 5075 ἁσυγκρίτως
1175 5007 1410 5077 ἀμείνων
1456 5008 1606 5078 παρὰ
1642 5009 1731 5061 τὸν

171 5095 375 5161 πρῶτον
422 5099 451 5149 6
508 5098 568 5148 ὲν
612 5097 861 5165 ἐσχάτοις
906 5098 1116 5166 καιροῖς
1168 5098 1533 5167 ἐγηγερμένος
1582 5098 1726 5162 ναὸς,

170 5187 457 5251 τουτέστιν,
485 5190 517 5259 ἡ
567 5188 864 5257 Ἐκκλησία
885 5228 898 5252 ,
931 5188 1417 5259 πεπληροφὸρηκεν
1449 5189 1618 5243 εἰπὼν
1647 5191 1735 5243 διὰ

172 5283 348 5349 φωνῆς
390 5281 649 5348 Ἀγγαίου
678 5280 773 5333 τοῦ
805 5281 1082 5349 προφήτου
1106 5296 1119 5309 ·
1148 5298 1165 5329 ι
1200 5279 1292 5344 Τίς
1317 5283 1462 5333 ἐστιν
1492 5283 1547 5348 ἐξ
1580 5283 1734 5351 ὑμῶν

170 5366 465 5438 ἄνθρωπος,
496 5372 556 5435 ὃς
586 5367 695 5424 εἶδε
726 5370 816 5423 τὸν
842 5365 989 5421 οἷκον
1022 5370 1206 5423 τοῦτον
1239 5373 1296 5424 ἐν
1325 5376 1389 5443 τῇ
1418 5373 1541 5444 δόξῃ
1570 5373 1732 5427 αὑτοῦ

168 5452 232 5527 τῇ
258 5461 597 5533 ἕμπροσθενς
653 5462 764 5516 Καὶ
816 5461 933 5526 πῶς
979 5462 1136 5533 ὑμεῖς
1182 5463 1403 5534 βλέπετε
1439 5466 1601 5520 αὑτὸν
1642 5467 1737 5519 νῦν

238 5653 280 5686 ³⁷
316 5656 479 5713 Hebr.
520 5674 551 5712 v
589 5657 633 5689 ³⁸
664 5655 680 5710 ι
712 5654 870 5710 Esdr.
906 5672 955 5710 iv
979 5695 993 5721 ,
1029 5658 1051 5709 l
1086 5673 1237 5728 seqq.
1314 5660 1447 5730 Agg.
1489 5661 1717 5715 1.1244.

1827 5662 1840 5692 °
1875 5664 2030 5720 Mm.
2063 5680 2156 5732 χιι,
2190 5666 2242 5731 6,
2282 5666 2334 5722 7.

1816 1911 1977 1967 Dario
2015 1923 2198 1981 postea
2223 1912 2593 1967 Chaldaeorum
2617 1928 2836 1983 regnum
2870 1928 3220 1984 procurante,
3255 1920 3382 1971 hor-

1820 2015 1963 2063 tatus
1999 2015 2082 2060 est
2142 2006 2284 2059 Deus
2338 2008 2561 2059 reduces
2622 2015 2678 2057 ut
2721 2018 2845 2060 ante
2914 2009 3093 2061 omnia
3152 2010 3390 2064 divinum

1820 2096 2077 2164 templum
2133 2094 2544 2156 remdiﬁcarent,
2600 2108 2726 2163 rege
2782 2096 2997 2163 quidem
3037 2095 3389 2162 Zorobabele,

1816 2185 2061 2254 principe
2082 2194 2257 2239 autem
2283 2186 2618 2238 sacerdomm
2636 2183 2759 2239 Jesu
2786 2186 2894 2238 ﬁlio
2913 2183 3137 2240 Josedec
3158 2188 3221 2239 ³⁸.
3243 2186 3395 2243 Jam-

1816 2291 1920 2346 que
1949 2277 2015 2329 ad
2055 2290 2188 2346 opus
2223 2275 2686 2345 aggrediebantur,
2714 2287 2768 2330 et
2798 2277 2967 2346 prima
3034 2276 3392 2336 furuiumenta

1809 2367 1954 2435 jacta
1981 2376 2159 2428 erant,
2179 2376 2232 2421 et
2262 2370 2399 2420 muri
2422 2368 2471 2419 in
2502 2365 2666 2419 altum
2694 2367 2894 2432 educti,
2926 2384 3067 2433 cum,
3094 2371 3394 2438 prohiben-

1821 2461 1960 2513 tibus
2010 2459 2328 2528 quibusdam
2374 2466 2429 2512 ct
2484 2458 2683 2511 invidia
2749 2458 3097 2512 ﬁnitimarum
3154 2463 3393 2529 gentium

1819 2550 2165 2618 impediente,
2197 2564 2226 2601 a
2257 2548 2438 2602 labore
2475 2558 2742 2602 cessatum
2771 2558 2852 2603 est
2890 2559 2943 2601 et
2971 2563 3190 2618 operum
3216 2551 3391 2604 studia

1819 2642 2044 2709 prolata.
2113 2638 2218 2690 Deo
2291 2647 2465 2691 autem
2518 2638 2584 2691 ad
2651 2652 2784 2706 opus
2846 2640 2948 2692 rite
3003 2639 3391 2695 conﬁciendum

1822 2746 1879 2783 ru
1891 2728 2213 2783 rsnsl‘aculta
2225 2738 2327 2782 tem
2353 2729 2845 2798 supp:-ditante,vix
2866 2729 3075 2784 tandem
3091 2729 3393 2791 absolutum

1820 2829 1919 2884 est,
1953 2819 2082 2873 Jesu
2111 2836 2377 2873 summum
2412 2830 2631 2890 gerente
2658 2820 3038 2883 sacerdotium,
3066 2820 3395 2878 Zorobabele

1820 2923 1999 2967 autem
2037 2929 2213 2966 rerum
2264 2914 2516 2981 potiente.
2557 2912 2621 2966 Et
2645 2913 2728 2967 his
2765 2914 2979 2983 quidem
3010 2914 3229 2969 historia
3262 2930 3396 2969 con-

1823 3005 2022 3057 tinetur
2061 3003 2129 3058 ⁸⁸.
2171 3003 2301 3070 Quia
2341 3019 2467 3060 vero
2494 3020 2590 3075 pro
2624 3016 2750 3077 typo
2778 3006 2975 3060 Christi
3008 3004 3393 3062 Zorobabelem

1825 3095 1890 3149 de
1927 3096 2064 3150 tribu
2104 3093 2239 3148 Inda
2293 3105 2471 3148 ortmn
2522 3098 2935 3166 assumpsimus,
2969 3112 3089 3166 age,
3152 3097 3397 3152 dicamus

1827 3186 2099 3253 quomodo
2149 3194 2205 3237 et
2238 3200 2340 3252 qua
2380 3188 2585 3239 ratione
2615 3188 2843 3258 cmperit
2873 3188 2983 3257 ipse
3017 3188 3233 3256 quidem
3262 3189 3397 3244 tedi-

1825 3275 1987 3327 ﬁcare
2016 3275 2229 3328 domum
2269 3276 2507 3329 Domini:
2536 3278 2628 3331 sed
2652 3262 2840 3332 mente
2866 3289 3175 3347 conceptus,
3205 3290 3258 3333 et
3285 3280 3398 3348 spi-

1828 3367 2042 3422 ritualis
2081 3367 2386 3423 Zorobahcl
2443 3383 2561 3422 eam
2625 3380 2810 3438 postea
2850 3368 3138 3436 perfecerit
3170 3380 3225 3423 et
3267 3385 3398 3425 con-

1826 3460 2200 3513 summaverit.
2251 3459 2544 3515 Constituit
2628 3462 2773 3515 enim
2858 3462 3121 3530 principio
3183 3463 3399 3515 domum

1827 3551 2112 3617 quamdam
2131 3560 2184 3602 et
2220 3553 2549 3605 mansionem
2571 3551 2806 3605 divinam
2833 3550 2934 3606 sibi
2955 3562 3007 3606 et
3030 3549 3400 3606 PatriJu‘lteo-

1828 3655 1944 3693 rum
1989 3642 2347 3712 Synagogam.
2382 3641 2471 3697 Sic
2499 3658 2732 3712 namque
2788 3643 2938 3697 illam
2992 3642 3300 3712 appellavit,
3332 3643 3399 3697 de

1828 3731 2221 3800 sapientissimo
2259 3734 2495 3787 omnium
2522 3734 2667 3790 diose
2699 3736 2769 3788 ita
2799 3735 3058 3803 loquens:
3094 3755 3111 3787 ι
3147 3735 3201 3790 Si
3237 3739 3400 3792 luerit

1829 3822 2090 3890 propheta
2128 3839 2191 3877 ex
2230 3825 2381 3878 vobis
2415 3825 2663 3887 Domino,
2696 3825 2747 3878 in
2773 3825 2976 3879 visione
2996 3825 3073 3878 illi
3104 3842 3403 3897 cognoscat

1828 3920 1882 3965 et
1924 3913 1974 3964 in
2013 3927 2204 3966 somno
2234 3914 2421 3981 Inquar
2451 3914 2524 3968 ei.
2605 3914 2719 3968 Non
2765 3916 2844 3969 sic
2898 3924 2955 3969 nt
2996 3930 3184 3970 servus
3249 3933 3400 3973 meus

1830 4000 2025 4064 Moses,
2064 4004 2115 4057 in
2151 4004 2297 4057 omni
2346 4005 2504 4058 domo
2552 4019 2668 4059 mea
2722 4005 2893 4061 ﬁdelis
2930 4016 3010 4061 est
3040 4006 3087 4038 ⁸ο
3116 4044 3133 4062 .
3170 4026 3189 4059 ι
3258 4009 3403 4076 Ergo

1832 4093 2052 4147 inundata
2098 4103 2180 4149 est
2209 4104 2460 4163 tanquam
2491 4097 2681 4151 domus
2703 4112 2796 4168 per
2825 4097 3099 4152 Christum
3120 4137 3137 4166 ,
3192 4103 3285 4154 sed
3320 4100 3401 4153 in-

1833 4184 2055 4238 tervallo
2083 4185 2490 4251 eversa.Quare
2519 4189 2777 4256 propheta
2827 4185 3092 4245 Jeremias
3148 4199 3209 4246 ut
3269 4206 3403 4246 cou-

1830 4292 2044 4332 cussam
2098 4289 2151 4332 ct
2177 4279 2470 4349 collapsam
2506 4280 2749 4350 deplorat
2770 4281 2822 4335 in
2855 4281 2967 4337 haec
2996 4284 3199 4338 verba:
3234 4302 3255 4336 ι
3295 4285 3401 4339 Do-

1833 4384 1950 4423 mus
1980 4370 2142 4424 Israel
2169 4371 2387 4436 cecidit,
2441 4381 2497 4427 et
2545 4387 2648 4428 non
2701 4382 2785 4426 est
2825 4373 2917 4441 qui
2973 4373 3151 4429 denuo
3200 4377 3404 4431 excitet
3492 4400 3501 4403 ν

166 4459 489 4530 ωλοφύρετο,
525 4460 718 4528 λέγων’
749 4479 765 4511 ι
798 4457 955 4523 Οἶκος
972 4459 1186 4529 Ἰσραὴλ
1218 4460 1427 4523 ἔπεσεν,
1457 4460 1555 4512 οὐκ
1580 4460 1727 4513 ἐστιν

1830 4477 1970 4517 eam.
2007 4480 2027 4514 ι
2083 4462 2456 4517 Verumtamen
2510 4478 2606 4533 per
2631 4463 2904 4519 Christum
2934 4466 3192 4530 excitata,
3241 4477 3295 4521 et
3349 4469 3404 4522 in

1832 4556 1993 4609 aliam
2050 4553 2436 4621 melioremque
2470 4554 2695 4609 formam
2729 4566 2931 4611 mutata
2960 4557 3405 4623 esl,introductis

1830 4645 1883 4700 in
1914 4646 2083 4716 ipsam
2114 4647 2380 4713 gentibus,
2410 4654 2464 4699 ct
2491 4646 2725 4700 exhibita
2773 4647 2824 4701 in
2881 4649 3081 4701 mundo
3134 4647 3403 4714 Ecclesia,

1839 4755 1856 4788 ι
1880 4750 2000 4805 qua:
2028 4746 2111 4789 est
2129 4735 2321 4788 domus
2358 4734 2450 4789 Dci
2483 4735 2710 4791 viventis
2770 4736 2840 4801 “,
2868 4755 2886 4787 ι
2947 4738 3101 4806 cujus
3166 4739 3404 4805 pulchri-

1835 4828 2075 4881 tudinem
2105 4827 2472 4881 universorum
2503 4826 2759 4882 Dominus
2789 4844 2851 4882 ac
2901 4828 3041 4885 Deus
3108 4829 3401 4885 adamavit.

1834 4916 2048 4973 Etenim
2084 4918 2355 4987 .templum
2410 4920 2670 4974 extremis
2744 4922 3403 4990 temporibusexcitatum,

1834 5009 2129 5065 Ecclesiam
2157 5010 2378 5074 scilicet,
2423 5010 2647 5065 inﬁnitis
2663 5012 2914 5081 partibus
2937 5013 3112 5081 primo
3146 5025 3407 5083 praestare

1836 5102 1967 5157 satis
2026 5116 2292 5171 superque
2319 5103 2517 5167 docuit,
2569 5117 2661 5171 per
2698 5105 3013 5173 prophetam
3040 5108 3291 5174 Aggzeum
3332 5107 3405 5161 ita

1833 5194 2090 5262 loquens:
2121 5210 2139 5243 ι
2169 5192 2297 5259 Quis
2328 5203 2410 5249 est
2438 5210 2503 5249 ex
2539 5195 2688 5249 vobis
2716 5197 2873 5250 homo
2915 5197 3004 5265 qui
3034 5198 3164 5251 vidit
3188 5199 3407 5254 domum

1835 5284 1973 5338 hanc
1998 5285 2048 5337 in
2076 5284 2241 5350 gloria
2272 5300 2364 5339 sua
2389 5285 2698 5356 priorciEt
2744 5288 3010 5353 quomodo
3055 5302 3151 5343 vos
3212 5290 3413 5346 videtis

1835 5374 2007 5447 ipsam
2053 5389 2193 5429 nunc
2240 5375 2379 5429 sicut
2425 5390 2531 5428 non
2590 5377 2942 5430 exsistentem
3002 5377 3055 5431 in
3115 5391 3408 5437 consucctu

1810 5475 2016 5523 svcstro
2048 5468 2090 5499 δ’
2125 5468 2146 5521 ?
2185 5488 2203 5520 ι
2244 5467 2307 5524 Et
2357 5468 2494 5523 infra
2534 5484 2548 5520 :
2584 5488 2600 5520 ι
2650 5469 2784 5536 Quia
2839 5485 3032 5543 magna
3086 5487 3191 5529 erit
3240 5474 3416 5543 gloria

2414 5666 2454 5699 δ’
2487 5667 2671 5724 lTim.
2734 5686 2814 5736 ιιι,
2851 5671 3137 5745 1.5“Agg.
3203 5689 3260 5740 ιι,
3284 5673 3345 5731 6.
