3936 6318
526 274 586 328 7i
1507 269 1563 324 S.
1607 265 1877 324 CYRILLI
1920 258 2385 321 ALEXANDRlNI
2430 258 2746 314 ARCIIIEP.
3703 259 3768 313 72

525 390 718 443 domus
749 388 905 443 istius
945 388 1250 443 novissima:
1282 402 1441 456 super
1469 389 1719 457 primam,
1751 386 1881 442 dicit
1913 385 2089 439 Domi-

2200 378 2380 441 καθὼς
2426 380 2524 447 οὐχ
2568 377 2881 447 ὑπάρχοντα
2926 371 3155 425 ἐνώπιον
3204 370 3393 442 ὖμῶνς
3428 391 3446 423 ι
3498 370 3607 425 Καὶ
3658 374 3773 442 μεθ’

526 494 629 532 nus
676 482 1015 547 omnipotens
1047 479 1127 531 “.
1159 497 1179 531 ι
1239 479 1712 533 Verumenimvero
1773 480 1871 532 ista
1934 477 2101 531 histo-

529 569 641 622 rice
678 569 934 621 duntaxat
980 567 1297 635 intelligere,
1345 567 1473 636 quin
1520 582 1728 635 magnae
1777 567 1999 621 insania:
2033 567 2104 619 sit

529 658 879 710 dubitandum
915 671 1018 709 non
1060 666 1165 721 est,
1224 656 1269 710 si
1324 658 1445 725 quis
1494 657 1814 727 cogitaverit
1869 670 2102 724 quonam

527 750 683 799 modo
716 747 982 813 posterior
1000 747 1362 817 gloriatempli
1391 748 1486 802 Dei
1518 747 1857 815 praestantior
1887 746 2089 815 prioris

537 834 708 901 gloria
739 836 907 889 videri
942 847 1135 905 queat:
1166 851 1288 889 nam
1334 837 1465 890 illud
1496 836 1734 890 incendit
1784 851 1847 891 ac
1882 835 2104 905 diripuit

530 923 858 994 Babylonius
884 924 1377 983 Nabuchodonosor
1410 947 1422 983 :
1455 929 1619 999 690
1641 930 1741 983 hoc
1773 936 1951 981 autem
1982 936 2103 996 post

531 1017 662 1070 illud
696 1026 1033 1074 exstructum
1065 1028 1183 1089 post
1214 1030 1424 1090 tempus
1455 1021 1803 1089 captivitatis,
1829 1018 2101 1075 nihilomi-

527 1123 628 1162 nus
663 1124 691 1161 a
743 1108 1003 1167 Romanis
1032 1113 1308 1167 incensum
1339 1127 1404 1166 ac
1430 1112 1713 1179 spoliatum
1742 1120 1845 1175 est,
1878 1112 2100 1181 ipsaque

527 1201 893 1271 Hierosolyma
935 1214 987 1257 et
1040 1201 1221 1258 Juda’a
1252 1202 1501 1258 universa
1548 1204 1615 1257 “.
1669 1202 1785 1257 Non
1830 1203 1992 1272 igitur
2032 1204 2098 1257 ad

524 1291 801 1345 veritatem
833 1290 1030 1346 suﬂicit
1054 1293 1310 1347 historica
1339 1292 1604 1347 narratio.
1635 1291 1803 1360 Major
1827 1301 2007 1346 autem
2046 1301 2103 1346 et

522 1384 864 1449 praestantior
904 1383 1072 1452 gloria
1128 1384 1400 1454 posterior
1449 1398 1611 1453 quam
1651 1385 1819 1453 prior,
1860 1382 2101 1439 Ecclesia

521 1483 795 1540 assumpta
821 1490 840 1524 ι
867 1472 921 1527 in
947 1475 1199 1544 templum
1233 1483 1498 1538 sanctum,
1523 1474 1575 1528 in
1616 1474 1980 1529 habitaculum
2006 1473 2100 1530 Dei

522 1562 574 1614 in
607 1562 805 1630 Spiritu
841 1562 908 1617 “.
936 1581 955 1614 ι
980 1563 1493 1634 Superzediticamur
1516 1565 1662 1619 enim
1694 1580 1858 1634 super
1905 1565 2097 1619 funda-

519 1663 695 1706 menta
721 1652 1083 1721 apostolorum
1106 1662 1158 1708 et
1174 1653 1574 1724 prophetarum,
1598 1667 1693 1721 per
1726 1669 1940 1709 omnem
1972 1669 2102 1708 con-

2205 472 2368 540 ἓτερα
2389 485 2400 497 ·
2427 488 2445 520 ι
2469 468 2613 521 Διότι
2644 467 2853 537 μεγάλη
2878 464 3030 517 ἔσται
3064 465 3097 534 ἠ
3130 462 3256 527 δόξα
3286 463 3381 515 τοῦ
3412 462 3562 516 οἴκου
3584 462 3773 518 τούτου

2205 564 2238 633 ή
2272 562 2473 631 ἐσχάτη
2520 560 2658 631 ὑπὲρ
2700 560 2798 628 τὴν
2834 556 3057 627 πρώτην
3081 596 3095 621 ,
3148 555 3296 623 λέγει
3341 557 3545 625 Κύριος
3580 573 3761 609 παντο-

2204 654 2446 722 κράτωρ,
2483 669 2501 703 ι
2545 650 2681 702 Ἀλλ’
2724 651 2803 702 ὅτι
2840 649 2936 717 μὲν
2970 647 3129 717 μόνον
3172 645 3459 716 ίστορικῶς
3492 647 3558 698 τὰ
3602 647 3775 698 τοιάδε

2203 746 2345 798 νοεῖν
2367 742 2741 811 ἀπόπληκτον,
2775 741 2877 793 οὐκ
2903 740 2968 794 ἂν
2998 738 3287 791 ἐνδοιάσειέ
3306 756 3409 800 τις,
3430 737 3776 807 ἐννενοηκὼς,

2203 837 2284 889 ὅτι
2328 834 2443 897 πῶς
2490 834 2556 887 ἂν
2587 834 2756 886 νοοῖτο
2786 831 3196 902 προφερεστέρα
3231 829 3331 898 τῆς
3366 829 3612 899 πρώτης,
3648 830 3681 898 ἡ
3718 830 3774 881 ἐν

2203 928 2457 996 ἐσχάτοις
2502 925 2628 990 δόξα
2675 922 2768 975 τοῦ
2817 921 2961 975 θείου
3012 920 3165 983 ναοῦ,
3203 920 3360 988 εἴπερ
3413 922 3619 971 ἐκεῖνον
3675 918 3772 989 μέν

2207 1017 2582 1086 κατενέπρησε
2614 1014 2721 1065 ικαὶ
2778 1013 3078 1083 διήρπασεν
3121 1012 3150 1062 6
3190 1008 3528 1071 Βαϐυλώνιος
3560 1009 3771 1061 Ναϐου-

2202 1106 2532 1178 χοδονόσωρ·
2577 1104 2669 1158 τὸν
2714 1101 2931 1171 δέμετ⁹
2966 1103 3173 1155 ἐκεῖνον
3220 1102 3591 1171 ἐγηγερμένον
3639 1110 3776 1171 μετα

2200 1199 2292 1252 τὸν
2309 1197 2410 1267 τῆς
2430 1194 2805 1266 αἰχμαλωσίας
2819 1192 3035 1265 καιρὸν,
3049 1193 3201 1246 οὐδὲν
3218 1188 3379 1263 ἦττον
3408 1193 3666 1263 Ῥωμαῖοι
3686 1211 3756 1245 κα

2202 1286 2565 1355 τενέπρησαν,
2593 1281 3145 1354 συγκαταδῃώσαντες
3175 1282 3322 1351 αὐτῷ
3347 1285 3433 1335 καὶ
3465 1282 3683 1355 [τ]αὑτὰ
3711 1284 3778 1335 τὰ

2215 1376 2593 1446 Ἰεροσόλυμα,
2640 1375 2737 1426 καὶ
2772 1373 2989 1426 ἃπασαν
3018 1373 3075 1425 δὲ
3118 1374 3218 1443 τὴν
3252 1373 3520 1427 Ἰουδαίων
3550 1375 3732 1443 χώραν
3762 1390 3778 1438 ;

2203 1466 2413 1521 Οΰκουν
2444 1467 2657 1536 ἀπόχρη
2693 1464 2828 1533 πρὸς
2860 1464 3118 1534 ἀλήθειαν
3150 1465 3183 1534 ἡ
3222 1466 3320 1535 τῆς
3367 1465 3607 1533 ἱστορίας
3640 1465 3780 1517 ἀπό-

2201 1558 2367 1620 δοσις.
2406 1557 2671 1626 Ἀμείνων
2702 1555 2760 1608 δὲ
2809 1556 2904 1609 καὶ
2926 1556 3339 1626 προφερεστέρα
3365 1557 3464 1626 τῆς
3492 1556 3712 1628 πρώτης
3740 1558 3775 1627 ἡ

2202 1647 2489 1702 τελευταία
2521 1647 2669 1713 δόξα,
2701 1645 3151 1717 παραληφθείσης
3186 1647 3284 1716 τῆς
3299 1646 3620 1717 Ἐκκλησίας
3655 1666 3672 1698 ι
3696 1648 3779 1709 εἰς

521 1754 723 1798 tactum
770 1746 1121 1814 suppeditata:
1173 1744 1505 1813 operationis
1553 1744 1814 1812 cujusque
1871 1743 2089 1797 membri

2203 1741 2329 1793 ναὸν
2372 1739 2547 1809 ἅγιον,
2596 1741 2675 1802 είς
2724 1740 3145 1809 κατοικητήριον
3182 1736 3277 1790 τοῦ
3325 1737 3459 1791 Θεοῦ
3506 1741 3564 1791 ἐν
3603 1740 3772 1792 πνεύ-

518 1838 752 1905 coaptati
790 1845 951 1907 atque
986 1836 1291 1906 compositi,
1329 1846 1384 1892 et
1414 1835 1575 1891 veluti
1612 1836 1752 1890 inter
1784 1850 1880 1890 nos
1931 1834 2107 1890 foedus

516 1928 762 1983 ineuntes
799 1929 850 1983 in
898 1929 1161 1982 unitatem
1202 1928 1326 1982 ﬁdei
1355 1936 1409 1983 et
1443 1926 1747 1982 dilectionis
1783 1941 1878 1995 per
1930 1926 2105 1995 Spiri-

518 2028 656 2083 tum,
686 2020 750 2072 ad
782 2019 1113 2073 eﬂiciendum
1135 2018 1388 2088 templum
1412 2028 1684 2073 sanctum.
1710 2015 1937 2086 Lapides
1960 2018 2104 2071 enim

516 2108 625 2163 vivi
651 2122 837 2163 sumus
857 2108 927 2161 “.
959 2108 1315 2174 Quamobrem
1332 2107 1548 2163 divinus
1563 2106 1757 2161 Paulus
1772 2106 2104 2162 credentium

517 2200 915 2253 multitudinem
966 2212 1108 2254 nunc
1137 2199 1352 2268 quidem
1396 2198 1487 2252 Dei
1518 2197 1923 2267 agriculturam,
1960 2210 2102 2250 nunc

516 2288 609 2343 Dei
681 2291 1090 2346 aedificationem
1164 2291 1379 2346 vocavit
1407 2289 1451 2321 ⁸⁷
1489 2305 1503 2340 :
1545 2287 1699 2357 cujus
1766 2297 1826 2342 ut
1885 2289 2099 2357 sapiens

517 2378 841 2434 architectus
890 2379 1291 2434 fundamentum
1355 2380 1534 2450 posuit
1605 2378 1764 2434 Jesus
1822 2376 2092 2444 Christus,

516 2468 605 2522 cui
660 2483 849 2524 omnes
902 2470 1225 2539 innitimur,
1296 2485 1394 2541 per
1451 2484 1609 2538 quem
1672 2479 1727 2524 et
1772 2478 2000 2531 stamus,
2041 2479 2096 2524 ct

516 2559 769 2629 templum
798 2561 1156 2627 nominamur,
1182 2562 1356 2631 ipsum
1375 2560 1638 2615 habentes
1664 2559 1718 2614 in
1758 2570 1940 2615 mente
1963 2569 2017 2614 ct
2038 2560 2091 2614 in

513 2652 697 2712 corde,
734 2666 831 2721 per
856 2652 1114 2721 Spiritum
1149 2653 1480 2707 habitantem
1521 2661 1575 2706 et
1601 2662 1906 2706 manentem
1935 2652 2001 2684 “'

2211 1848 2361 1903 ματι.
2404 1849 2421 1881 ι
2470 1828 3000 1898 Ἐποικοδομούμεθα
3033 1828 3141 1898 γὰρ
3171 1828 3262 1880 ἐπὶ
3299 1829 3374 1898 τῷ
3402 1829 3638 1900 θεμελίῳ
3668 1831 3780 1883 τῶν

2208 1924 2524 1980 ἀποστόλων
2569 1923 2663 1976 καὶ
2715 1922 3047 1992 προφητῶν,
3097 1922 3186 1975 διὰ
3241 1924 3420 1993 πάσης
3477 1922 3622 1992 ἁφῆς
3676 1926 3780 1994 τῆς

2206 2013 2565 2085 ἐπιχορηγίας
2625 2012 2724 2082 τῆς
2791 2011 2910 2065 κατ’
2964 2013 3242 2083 ἐνέργειαν
3295 2015 3524 2068 ἑκάστου
3582 2015 3781 2085 μέλους

2208 2104 2804 2177 συναρμολογούμενοι,
2859 2105 2953 2158 καὶ
3019 2106 3426 2176 συντιθέμενοι,
3473 2108 3566 2160 καὶ
3612 2109 3782 2160 οἱονεί

2206 2214 2325 2259 πως
2358 2196 2606 2266 ἀλλήλοις
2629 2214 2692 2248 συ
2703 2194 3017 2266 μϐαίνοντες
3043 2199 3120 2259 είς
3143 2198 3367 2268 ἑνότητα
3417 2200 3651 2262 πίστεως
3680 2199 3782 2253 καὶ

2202 2288 2422 2356 ἀγάπης
2468 2286 2558 2338 ἐπὶ
2597 2285 2689 2339 τοῦ
2739 2286 3053 2356 Πνεῦματος
3104 2290 3184 2352 είς
3226 2290 3352 2341 ναὸν
3398 2289 3573 2358 ἆγιον.
3618 2291 3777 2344 Λίθοι

2203 2377 2312 2448 γάρ
2343 2378 2507 2446 ἐσμεν
2532 2374 2750 2438 ζῶντες.
2785 2376 2895 2427 Καὶ
2923 2374 3052 2442 γοῦν
3078 2376 3105 2427 6
3128 2374 3412 2437 θεσπέσιος
3436 2377 3646 2438 Παῦλος
3674 2377 3781 2448 τὴν

2200 2469 2309 2521 τῶν
2338 2467 2775 2520 πεπιστευκότων
2794 2464 3022 2535 πληθὺν,
3045 2467 3173 2518 ποτὲ
3201 2467 3297 2537 μὲν
3323 2467 3456 2520 Θεοῦ
3481 2468 3779 2538 γεώργιον,

2199 2559 2330 2611 ποτέ
2364 2559 2419 2612 δέ
2450 2558 2513 2628 δὴ
2548 2554 2639 2611 οὖν
2678 2558 2771 2610 καὶ
2810 2558 3097 2630 οἰκοδομὴν
3139 2558 3389 2629 ὠνόμαζε
3420 2558 3581 2611 Θεοῖν
3616 2560 3715 2611 καὶ
3753 2562 3783 2612 6

2200 2652 2362 2720 σοφὸς
2396 2650 2731 2723 ἀρχιτέκτων
2778 2650 3023 2721 θεμέλιον
3052 2651 3316 2715 τέθεικεν,
3355 2648 3509 2714 οὗτος
3534 2651 3588 2703 δέ
3625 2653 3781 2703 ἐστιν

526 2738 733 2809 Ἰησοῦς
760 2745 787 2795 6
815 2743 1048 2812 Χριστὸς
1070 2784 1084 2809 ,
1109 2737 1154 2811 ᾧ
1180 2744 1242 2816 δὴ
1272 2744 1471 2806 πάντες
1506 2743 1895 2815 ἐρηρείσμεθα,
1952 2743 2020 2796 δι’
2052 2735 2112 2797 οὗ
2151 2743 2245 2796 καὶ
2282 2743 2613 2813 ἑστήκαμεν,
2669 2742 2762 2795 καὶ
2783 2744 2900 2795 ναοὶ
2925 2743 3353 2815 χρηματίζομεν,
3373 2740 3534 2795 αὑτὸν
3556 2741 3783 2811 ἔχοντες

515 2840 597 2901 είς
630 2838 755 2891 νοῦν
782 2839 876 2892 καὶ
902 2839 1131 2911 καρδίαν
1160 2839 1475 2911 ἐνῳκηκότα
1506 2857 1565 2893 τε
1590 2842 1683 2894 καὶ
1703 2839 2088 2913 ἐνηυλισμένον
2124 2838 2212 2893 διὰ
2242 2838 2337 2892 τοῦ
2369 2838 2703 2909 Πνεύματος.

587 2930 852 2987 VERSJO.
885 2931 1013 2997 Qui:
1042 2933 1178 2986 enim
1206 2932 1438 3001 despexit
1474 2931 1530 2985 in
1587 2931 1696 2987 dies
1744 2933 1970 3001 parvos?
2015 2929 2086 2985 Et

2262 2930 2416 2983 Διότι
2446 2929 2538 2993 τίς
2568 2925 2982 2991 ἐξουδένωσεν
3005 2928 3093 2991 εὶς
3126 2926 3354 2994 ἡμέρας
3379 2927 3594 2995 μικράς
3613 2943 3632 2990 ;
3654 2928 3780 2981 Καὶ

514 3021 851 3087 lwtabun'ur,
888 3034 933 3077 et
963 3022 1205 3076 videbunt
1227 3021 1454 3091 lapidem
1495 3030 1773 3076 stanneum
1822 3024 1879 3077 in
1932 3040 2091 3077 manu

513 3109 820 3167 Zorobabel.
866 3112 1068 3181 Septem
1104 3114 1192 3167 isti
1221 3112 1359 3166 oculi
1394 3111 1608 3167 Domini
1631 3124 1775 3182 sunt,
1811 3117 2094 3187 respicien-

514 3215 588 3257 ιω
613 3221 773 3273 super
795 3220 999 3259 omnem
1021 3216 1237 3260 terram.

584 3379 799 3435 XXVII.
823 3381 936 3437 Non
972 3392 1057 3439 est
1083 3386 1147 3440 de
1177 3400 1300 3440 mox
1331 3385 1531 3443 futuris
1562 3387 1735 3455 visio;
1791 3387 1884 3442 sed
1915 3385 2093 3455 potius

511 3472 578 3527 de
602 3472 928 3529 deducendis
968 3476 1033 3530 ad
1067 3478 1395 3547 propositum
1426 3481 1608 3544 tinem,
1658 3487 1717 3533 ut
1763 3478 2093 3546 temporibus

510 3564 773 3620 adventus
803 3565 1041 3626 omnium
1088 3580 1331 3623 nostrum
1383 3569 1690 3625 Salvatoris
1745 3567 1970 3633 Christi,
1999 3565 2089 3632 qui

513 3657 566 3709 in
597 3666 837 3711 extrema
869 3666 1109 3727 tempora
1136 3662 1319 3717 smculi
1351 3663 1511 3733 hujus
1550 3662 1775 3716 incidit:
1835 3669 2088 3713 caeterum

511 3766 619 3804 non
667 3752 738 3805 ita
784 3751 875 3807 diu
928 3761 1053 3821 post
1116 3754 1253 3808 hanc
1319 3753 1659 3822 prophetiam
1702 3751 1922 3815 editam,
1975 3748 2090 3802 sive

515 3839 767 3906 templum
803 3855 897 3910 per
924 3856 1142 3895 manum
1183 3840 1485 3897 Zorobabct
1509 3841 1826 3896 excitatum.
1871 3840 1926 3894 Si
1969 3838 2088 3907 quis

514 3931 697 4000 igitur,
742 3931 935 3999 inquit,
980 3935 1287 4004 despexerit
1357 3935 1564 3988 medios
1603 3932 1717 3986 dies
1773 3944 1967 4000 parvos
2036 3936 2089 3982 et

510 4036 737 4089 paucos,
758 4023 867 4077 sive
899 4024 1035 4078 nihil
1057 4025 1367 4094 pependerit
1388 4023 1719 4084 dilationem,
1738 4034 1839 4073 non
1863 4028 2088 4073 moestus

510 4122 725 4181 propter
753 4114 1115 4178 hoc,omniuo
1149 4115 1293 4169 omni
1325 4114 1507 4168 laetitia
1536 4110 1848 4179 replebitur.
1876 4108 2085 4164 Gaude-

511 4202 587 4256 bit
619 4205 784 4268 enim,
808 4215 864 4258 et
885 4207 1084 4261 videbit
1108 4206 1333 4276 lapidem
1364 4215 1643 4259 stanneum
1670 4204 1721 4257 in
1770 4217 1931 4257 manu
1984 4201 2087 4256 Ζο-

2199 3021 2604 3093 χαρήσονται,
2636 3019 2735 3072 καὶ
2766 3019 3016 3088 ὄψονται
3064 3018 3171 3071 τὸν
3203 3019 3377 3071 λίθον
3412 3020 3519 3071 τὸν
3553 3036 3787 3073 κασσι-

2196 3115 2431 3181 τέρινον
2454 3112 2523 3165 ἐν
2554 3110 2703 3178 χειρὶ
2738 3109 3086 3176 Ζοροόάΰελ.
3135 3109 3317 3161 Ἑπτὰ
3347 3106 3511 3164 οὗτοι
3545 3112 3787 3178 ὀφθαλο

2191 3205 2291 3274 μοὶ
2340 3204 2562 3270 Κυρίου
2607 3200 2783 3265 εἰσιν,
2836 3203 2889 3254 οἱ
2936 3199 3384 3267 ἀποϐλέποντες
3420 3201 3518 3254 ἐπὶ
3561 3202 3787 3258 πᾶσαν·

2194 3297 2310 3362 τὴν
2341 3296 2478 3365 γῆν.

2264 3388 2387 3440 ΚΖ’.
2430 3387 2503 3439 Οὐ
2538 3385 2667 3457 περὶ
2696 3384 2808 3437 τῶν
2855 3384 3016 3447 εὐθὺς
3061 3383 3335 3454 ἐσομένων
3371 3384 3652 3456 ήόρασις,
3686 3386 3788 3440 ὲν-

2188 3478 2572 3549 εχθησομένων
2592 3477 2647 3530 δὲ
2683 3475 2881 3546 μᾶλλον
2907 3478 2986 3539 εἰς
3016 3476 3208 3546 πέρας,
3241 3478 3316 3539 ὡς
3346 3479 3401 3531 ἐν
3433 3481 3643 3549 καιροῖς
3668 3482 3784 3553 τῆς

2192 3569 2488 3639 ἐπιδημίας
2529 3567 2623 3621 τοῦ
2661 3568 2879 3621 πάντων
2925 3567 3083 3638 ήμῶν
3130 3569 3379 3638 Σωτῆρος
3410 3568 3681 3640 Χριστοῦ,
3742 3574 3785 3643 ἢ

2192 3659 2383 3727 γέγονε
2418 3658 2514 3726 μὲν
2542 3659 2598 3710 ἐν
2628 3657 2874 3728 ἐσχάτοις
2900 3657 2993 3710 τοῦ
3023 3658 3287 3729 παρόντος
3309 3659 3501 3722 αἰῶνος
3525 3663 3779 3729 καιροῖς·

2192 3750 2329 3820 πλὴν
2356 3747 2416 3801 οὗ
2438 3766 2521 3801 τοι
2556 3747 2767 3807 πολλοῖς
2802 3747 2939 3818 μετὰ
2963 3748 3136 3801 ταῦτα
3164 3748 3377 3819 χρόνοις
3411 3749 3506 3817 τῆς
3540 3766 3786 3819 προκει-

2194 3838 2362 3909 μένης
2383 3840 2516 3909 ἡμῖν
2549 3836 2905 3908 προφητείας,
2930 3837 3047 3907 ἦτοι
3077 3840 3174 3909 τῆς
3197 3836 3483 3906 οἰκοδομῆς
3512 3838 3605 3889 τοῦ
3632 3840 3782 3892 ναοῦ

2189 3926 2281 3982 τοῦ
2319 3926 2407 3981 διὰ
2459 3927 2639 3999 χειρὸς
2690 3925 2992 3995 Ζοροὸάϐελ
3024 3927 3417 3996 ἐγηγερμένου.
3456 3926 3524 3979 Εἴ
3554 3944 3639 3988 τις
3671 3925 3784 3981 οὖν

2189 4016 2319 4087 ἄρα,
2367 4018 2554 4087 φησιν,
2611 4016 2982 4080 ἐξουδενώσειε
3028 4017 3125 4080 τὰς
3170 4019 3371 4087 μεταξὺ
3419 4020 3617 4091 μικρὰς
3671 4023 3784 4074 καὶ

2189 4109 2589 4180 εὐαριθμήτους
2645 4108 2896 4179 ἡμέρας,
2947 4108 3112 4177 ἤγουν
3155 4108 3306 4161 οὐδὲν
3358 4111 3622 4180 ἡγήσαιτο
3662 4114 3783 4186 τὴν

2190 4199 2507 4269 ἀνάϐλησιν,
2533 4200 2633 4251 οὐκ
2656 4198 2955 4270 ἀκηδιάσας
2990 4198 3125 4269 πρὸς
3157 4199 3334 4262 τοῦτο,
3366 4199 3540 4271 πάντη
3575 4217 3634 4253 τε
3664 4204 3782 4257 καὶ

510 4293 746 4348 robabel.
779 4295 1065 4351 Stanneum
1096 4271 1224 4351 vero
1267 4295 1492 4365 lapidem
1518 4293 1790 4349 Christum
1822 4293 2084 4350 nominat.

2196 4295 2409 4357 πάντως
2442 4292 2655 4363 ἁπάσης
2678 4293 2828 4345 ἔσται
2852 4292 3116 4362 θυμηδίας
3146 4292 3414 4362 ἔμπλεως.
3441 4294 3783 4366 Χαρήσεται

506 4382 737 4439 Causam
764 4387 810 4441 si
842 4388 962 4456 quis
992 4402 1152 4442 nosse
1187 4387 1349 4449 volet,
1398 4400 1521 4438 mox
1574 4384 1803 4437 dixerim
1844 4393 1899 4437 et
1963 4398 2082 4452 quae

509 4475 627 4530 aliis
657 4478 927 4542 videntur,
958 4487 1012 4532 et
1065 4478 1220 4533 nobis
1280 4491 1493 4545 quoque
1552 4476 1869 4544 probantur.
1916 4474 2083 4528 Aiunt

506 4568 647 4621 enim
682 4578 932 4623 stannum
964 4584 1028 4622 ex
1066 4584 1174 4623 tere
1202 4578 1256 4623 et
1311 4567 1526 4636 plumbo
1557 4567 1865 4634 temperari,
1920 4575 2080 4635 atque

508 4658 710 4713 idcirco
754 4675 853 4714 nec
876 4660 1096 4713 omnino
1121 4672 1308 4713 carere
1327 4657 1543 4723 duritie,
1571 4672 1669 4711 nec
1698 4672 1889 4712 vacare
1917 4657 2077 4710 etiam

505 4749 855 4804 mollitudine.
905 4749 1064 4819 691
1097 4748 1206 4804 Nos
1260 4764 1473 4818 quoque
1553 4748 1949 4817 quodammodo
2010 4762 2077 4801 ex

500 4837 703 4895 deitate
733 4855 851 4909 qua:
878 4840 929 4894 vi
954 4841 1096 4893 nulla
1128 4840 1302 4908 frangi
1341 4855 1404 4893 ac
1456 4840 1723 4894 debilitari
1766 4847 1958 4909 potest,
2023 4848 2078 4894 et

501 4945 567 4985 ex
596 4933 821 4985 humana
906 4941 1120 4995 natura,
1172 4930 1541 4986 affectionibus
1609 4931 1763 5000 quasi
1821 4933 2071 4997 obnoxia,

502 5017 903 5075 Emmanuelem
968 5020 1359 5089 componimus.
1411 5020 1698 5074 Sciendum
1758 5036 1919 5089 porro
1979 5022 2076 5076 ad—

506 5120 773 5166 antantem
802 5125 1016 5180 quoque
1051 5111 1269 5180 plumbo
1302 5112 1460 5166 facile
1498 5111 1786 5180 confringi,
1811 5123 1869 5166 ut
1902 5114 2071 5178 aiunt,

502 5217 625 5255 cum
657 5212 833 5256 tamen
860 5202 909 5257 id
932 5218 1029 5272 per
1051 5204 1211 5257 aliam
1282 5205 1565 5258 materiam
1639 5219 1744 5258 non
1818 5205 2071 5274 patiatur.

505 5294 744 5348 Dicimus
788 5310 917 5363 ergo
944 5294 1240 5359 Christum,
1283 5296 1529 5365 quamvis
1576 5297 1864 5365 benignum
1921 5297 2074 5352 valde

504 5383 764 5453 longeque
800 5389 1240 5455 valentissimum,
1273 5398 1327 5443 et
1343 5399 1400 5442 ut
1432 5389 1598 5443 Deum
1624 5389 1764 5443 nulla
1793 5391 2071 5458 praeditum

502 5476 728 5543 saevitia,
768 5492 865 5532 ceu
895 5480 1234 5536 adamantem
1272 5477 1555 5551 quemdam
1594 5480 1931 5553 confringere
1967 5481 2071 5536 Sa-

571 5657 620 5691 “
637 5658 769 5728 Agg.
794 5673 853 5727 II,
880 5660 967 5714 10.
1042 5660 1089 5691 ⁸⁵
1113 5659 1179 5714 ιγ
1204 5657 1338 5730 Reg.
1377 5675 1501 5727 xxv,
1534 5660 1554 5712 Ι
1590 5675 1721 5732 ενψι

2189 4387 2318 4458 γὰρ,
2350 4388 2443 4440 καὶ
2473 4386 2660 4457 ὄψεται
2689 4385 2778 4438 τὸν
2820 4384 2965 4437 λίθον
2992 4385 3083 4437 τὸν
3115 4386 3488 4456 κασσιτέρινον
3527 4388 3584 4439 ἐν
3615 4391 3784 4463 χειρὶ

2186 4478 2511 4548 Ζοροϐάϐελ.
2567 4476 3005 4545 Κασσιτέρινον
3054 4476 3111 4529 δὲ
3157 4476 3301 4530 λίθον
3365 4476 3612 4549 ὠνόμασε
3671 4479 3783 4534 τὸν

2184 4569 2440 4640 Χριστόν.
2474 4568 2583 4622 Καὶ
2615 4569 2667 4621 εἴ
2690 4585 2774 4631 τις
2808 4567 3049 4637 βούλοιτο
3081 4568 3179 4639 τὴν
3214 4568 3394 4621 αἰτίαν
3427 4568 3779 4638 ἁναμαθείν,

2187 4660 2352 4730 φαίην
2391 4657 2457 4712 ἂν
2486 4658 2645 4721 εὐθὺς
2679 4657 2746 4710 τὰ
2791 4657 3051 4711 δοκοῦντά
3094 4675 3237 4721 τισι,
3287 4660 3381 4711 καὶ
3409 4662 3540 4730 ἡμῖν
3574 4661 3783 4727 αὐτοῖς

2183 4749 2361 4820 ὀρθῶς
2410 4748 3006 4819 ἔχεινεὺπειλημμένα.
3057 4751 3120 4802 Οἱ
3171 4751 3268 4820 μὲν
3320 4752 3427 4821 γάρ
3482 4769 3611 4819 φασι
3672 4756 3782 4807 τὸν

2184 4841 2506 4913 κασσίτερον
2554 4842 2661 4894 ἀπό
2715 4858 2773 4893 τε
2817 4841 3018 4911 χαλκοῦ
3058 4844 3152 4895 καὶ
3196 4843 3444 4913 μολίεδου
3488 4845 3585 4914 τὴν
3620 4846 3780 4916 σύγ-

2183 4949 2382 5001 κρασιν
2421 4932 2585 5002 ἔχειν,
2620 4931 2712 4985 καὶ
2739 4933 2943 5002 ταύτης
2972 4934 3136 4986 ἐνεκα
3170 4934 3267 5003 τῆς
3299 4936 3477 4998 αἰτίας
3505 4935 3627 4988 οῦτε
3664 4941 3780 4993 τοῦ

2183 5020 2319 5076 εῖναι
2358 5014 2595 5097 σκληρὸν
2634 5025 2979 5095 ἀπηλλάχθαι
3013 5025 3313 5090 παντελῶς,
3366 5027 3487 5081 οὔτε
3525 5028 3631 5099 μὴν
3670 5032 3780 5084 ἁν-

2180 5116 2425 5169 αίνεσθαι
2457 5116 2518 5168 τὸ
2556 5115 2701 5186 ἔχειν
2735 5117 2827 5168 καὶ
2858 5115 3171 5187 μαλθακῶς.
3214 5116 3544 5186 Συντίθεμεν
3573 5119 3628 5174 δὲ
3668 5126 3783 5178 καὶ

2178 5211 2339 5277 ἡμεῖς
2372 5208 2511 5261 κατὰ
2538 5208 2737 5261 τοιόνδε
2793 5208 2915 5260 τινὰ
2953 5208 3151 5277 τρόπον
3186 5208 3276 5261 τὸν
3310 5209 3669 5281 Ἐμμανουήλ
3704 5215 3781 5269 ἔκ

2176 5318 2236 5352 τε
2278 5302 2375 5370 τῆς
2408 5300 2716 5372 ἀθραύστου
2760 5299 3039 5369 θεότητος,
3074 5302 3168 5353 καὶ
3206 5303 3269 5354 ἐκ
3305 5301 3405 5370 τῆς
3439 5303 3598 5355 οἱονεί
3634 5323 3782 5371 πως

2177 5389 2457 5459 ἐμπαθοῦς
2505 5388 2946 5460 ἀνθρωπότητος.
3010 5389 3204 5443 Ἰστέον
3243 5389 3332 5454 δὲ,
3375 5390 3455 5444 ὅτι
3509 5391 3601 5444 καὶ
3668 5394 3782 5449 τὸν

2178 5482 2459 5551 ἀδάμαντα
2493 5479 2638 5533 λίθον
2683 5480 2917 5550 μολίϐδῳ
2965 5480 3128 5550 φασὶν
3173 5483 3408 5546 εὐκόλως
3457 5481 3782 5553 συνθραύε-

1823 5662 1866 5692 ι’
1896 5659 2089 5730 Epltcs.

2217 5659 2305 5712 Ἡ.
2351 5660 2395 5688 δ’
2424 5660 2443 5711 1
2471 5661 2609 5713 i‘ctr.
2646 5675 2703 5723 ιι,
2737 5659 2787 5713 5.
2832 5660 2874 5690 ⁸⁷
2919 5657 3086 5714 lCur.
3113 5677 3193 5719 In.
3223 5661 3274 5715 9.
3339 5660 3382 5693 ³⁸
3411 5659 3777 5722 lbidJO-l'l.
