3936 6318
177 310 240 365 73
983 293 1527 354 COMMENTARIUS
1560 293 1627 349 IN
1667 286 2071 347 ZACHARIAM
2106 282 2543 341 PROPllETAM.
3344 280 3413 338 τι,

179 432 314 493 σθαι,
350 426 533 481 καίτοι
577 423 735 477 τοῦτο
778 420 972 473 παθεῖν
1013 418 1077 471 δι’
1110 419 1303 488 ἐτέρας
1345 417 1478 487 ὕλης
1510 416 1611 469 ούκ
1649 414 1744 467 ἀν-

1864 422 2048 471 anam,
2082 407 2146 460 de
2180 419 2285 474 quo
2311 404 2569 472 scriptum
2609 409 2821 457 exstat:
2864 422 2880 452 ι
2902 401 3008 456 Cor
3032 399 3147 470 ejus
3198 402 3413 456 indura-

178 521 448 591 εχόμενον.
485 516 668 586 Φαμὲν
693 507 807 579 οὖν,
849 512 929 564 ὃτι
973 510 1147 562 καίτοι
1195 508 1429 580 χρηστὸς
1460 505 1533 559 ὣν
1582 505 1740 573 ἄγαν,

180 613 266 664 καὶ
294 608 576 678 παναλκὴς
627 610 655 660 6
695 604 951 675 Χριστὸς,
1003 602 1097 655 καὶ
1129 600 1190 654 τὸ
1230 600 1438 671 ἀπηνὲς
1465 600 1565 652 οὐκ
1607 597 1745 667 ἔχων

177 704 247 765 ὡς
269 701 425 765 Θεὸς,
444 696 559 753 οἷον
584 697 867 768 ἀδάμαντά
896 712 1016 749 τινα
1042 693 1334 765 συνθραύει
1360 694 1448 746 τὸν
1480 691 1744 750 Σατανᾶν,

179 793 302 862 περὶ
346 786 409 845 οὗ
454 791 796 861 γέγραπταιο
855 807 873 840 ο
910 788 976 841 Ἠ
1037 787 1235 858 καρδία
1281 783 1445 839 αὐτοῦ
1500 781 1747 848 πέπηγεν

177 885 363 954 ὥσπερ
395 883 563 946 λίθος.
597 883 835 952 Ἕστηκε
865 880 921 932 δὲ
955 879 1144 949 ὥσπερ
1171 878 1362 947 ἄκμων
1392 874 1677 946 ἀνήλατος.
1722 891 1740 923 ι

179 978 333 1029 Δοκεῖ
378 992 445 1042 γε
494 973 598 1043 μὴν
632 972 726 1026 καὶ
766 970 969 1041 ἑτέρως
1007 969 1099 1021 τὸν
1139 967 1479 1037 κασσίτερον,
1525 964 1621 1017 εἰτ’
1653 958 1747 1016 οὖν

176 1068 264 1120 τὸν
314 1065 566 1136 μόλιϐδον
616 1067 695 1127 εἰς
745 1061 1121 1131 ἀποκάθαρσιν
1158 1060 1255 1130 τὴν
1302 1058 1387 1123 διὰ
1432 1056 1603 1127 πυρὸς
1650 1054 1747 1123 τῆς

178 1158 372 1227 ἐτέρας
412 1155 544 1225 ὕλης
574 1152 885 1221 ἀναγκαίως
920 1146 1477 1219 παραλαμϐάνεσθαι,
1514 1145 1748 1215 μάλιστα

177 1250 233 1302 δὲ
260 1250 376 1311 τοῖς
401 1246 471 1299 τὰ
503 1245 561 1309 ἐξ
586 1244 825 1314 ἀργύρου
853 1242 1198 1312 τεχνουργεῖν
1222 1237 1436 1291 εἰωθόσι
1466 1236 1527 1288 τὸ
1556 1233 1750 1305 χρῆμά

178 1342 329 1392 ἐστιν
357 1338 676 1405 ἀναγκαῖον.
721 1334 830 1388 Καὶ
868 1332 999 1400 γοῦν
1030 1330 1132 1400 ἔφη
1160 1347 1259 1383 που
1288 1329 1418 1391 Θεὸς
1448 1327 1534 1381 διὰ
1566 1326 1749 1395 φωνῆς

188 1429 458 1500 Ἱερεμίου
493 1428 653 1481 πάλιν
687 1425 819 1479 αὐτὸ
849 1424 911 1494 δὴ
940 1423 1096 1475 τοῦτο
1126 1418 1565 1490 αἰνιγματωδῶςο
1601 1436 1618 1467 ι
1641 1414 1751 1479 Ἐξ-

178 1523 334 1574 ἑλιπε
390 1519 641 1590 φυσητὴρ
689 1516 797 1570 ἀπὸ
842 1514 1031 1583 πυρὸς,
1081 1512 1294 1576 ἐξέλιπε
1344 1509 1621 1579 μόλιϐδος,
1671 1508 1750 1569 εἰς

178 1612 336 1667 κενὸν
362 1608 753 1681 ἀργυροκοπεῖ,
787 1603 1037 1675 πονηρίαι
1064 1602 1245 1656 αὐτῶν
1278 1602 1375 1653 ούκ
1399 1599 1688 1667 ὲτάκησαν.
1725 1614 1743 1646 ι

180 1702 509 1771 Κασσιτέρῳ
528 1700 727 1762 τοίνυν,
766 1697 934 1767 ήγουν
969 1694 1223 1764 μολίϐδῳ,
1258 1688 1588 1762 παρεικάζει
1611 1689 1748 1757 Χρι-

182 1795 328 1858 στὸν,
363 1793 441 1855 ὡς
479 1793 779 1860 ἐκτήκοντα
810 1788 936 1848 τοὺς
974 1785 1197 1855 ῥύπους,
1240 1783 1315 1845 ὡς
1342 1780 1751 1835 ἀπαλλάττον-τα
1785 1796 1829 1854 Β

179 1885 288 1937 τῶν
320 1882 613 1953 περιττῶν,
644 1880 718 1942 ὠς
744 1876 1181 1946 ἀποκαθαίροντα
1218 1872 1442 1943 νοητῶς.
1476 1873 1537 1924 Εἰ
1573 1872 1635 1941 δή
1668 1888 1752 1933 τις

180 1973 273 2030 οὖν
320 1975 431 2046 ἄρα
471 1970 992 2041 κατευμεγεθήσειε,
1052 1966 1205 2036 φησὶ,
1251 1965 1350 2033 τῆς
1391 1964 1498 2016 τῶν
1551 1960 1750 2033 μεταξὺ

180 2068 392 2140 καιρῶν
433 2066 704 2135 εἰσϐολῆς,
744 2063 839 2117 καὶ
871 2061 1021 2114 οὐδὲν
1055 2061 1313 2132 ἡγήσοιτο
1344 2058 1443 2119 τὰς
1468 2056 1555 2110 διὰ
1585 2055 1751 2126 μέσου

186 2158 394 2231 μικράς
442 2156 679 2228 ἡμέρας,
729 2155 1025 2225 χαρήσεται
1083 2150 1201 2221 μὲν,
1262 2168 1280 2200 ι
1318 2150 1413 2202 καὶ
1445 2147 1631 2216 ὄψεται
1664 2145 1755 2199 τὸν

182 2251 332 2304 λίθον
364 2250 459 2302 τὸν
487 2246 862 2317 κασσιτέρινον
892 2247 950 2298 ὲν
979 2243 1122 2314 χειρὶ
1158 2239 1482 2313 Ζοροϐάϐελ.
1514 2258 1532 2289 ι
1566 2238 1677 2291 Καὶ.
1702 2235 1755 2289 τί

180 2345 242 2413 δὴ
272 2344 382 2414 ἄρα
421 2342 537 2394 ἐστὶ
570 2340 630 2392 τὸ
662 2340 719 2391 ὲν
760 2339 903 2407 χειρὶ
934 2334 1265 2406 Ζοροϐάϐελ;
1309 2332 1373 2384 Ἦ
1403 2330 1756 2391 θεόπνευστος

182 2438 375 2507 Γραφὴ
406 2435 507 2505 τὴν
550 2435 706 2503 χεῖρα
748 2430 960 2500 δέχεται
1013 2429 1107 2481 καὶ⁸
1140 2429 1218 2489 εἰς
1261 2423 1508 2493 δύναμιν,
1543 2421 1637 2475 καὶ
1676 2420 1757 2483 εἰς

184 2526 453 2590 ἐξουσίαν.
494 2525 581 2576 Ἐν
611 2523 837 2591 δυνάμει
866 2521 930 2591 δὴ
964 2517 1057 2573 οὖν
1080 2560 1093 2583 ,
1128 2519 1295 2588 ἦγουν
1323 2516 1417 2568 καὶ
1455 2517 1510 2566 ὲν
1539 2512 1757 2581 ἐξουσίᾳ

184 2622 247 2690 τῇ
269 2616 365 2672 τοῦ
386 2613 693 2687 Ζοροϐάϐελ
718 2614 909 2683 ὸῲεται
939 2612 1029 2663 τὸν
1060 2610 1205 2662 λίθον
1234 2608 1325 2661 τὸν
1352 2604 1752 2674 κασσιτέρινον,

183 2709 455 2773 τουτέστι,
484 2705 739 2776 Χριστόν.
779 2700 1084 2771 Ζοροϐάϐελ
1117 2700 1215 2770 μὲν
1250 2700 1379 2768 γὰρ,
1409 2697 1483 2759 ὡς
1515 2695 1671 2766 ἔφην,
1695 2696 1758 2745 ὲκ

184 2800 361 2870 φυλῆς
391 2797 486 2852 τοῦ
525 2796 692 2849 ἰούδα
717 2794 1065 2865 βεϐασίλευκε
1096 2792 1206 2845 τῶν
1236 2790 1293 2855 eg
1320 2788 1555 2861 Ἰσραήλ.
1596 2785 1756 2839 Ἐϐα-

184 2890 402 2944 σίλευσε
439 2888 492 2940 δὲ
522 2886 619 2940 κα)⁹
660 2887 687 2937 6
724 2884 959 2955 Χριστὸς
997 2883 1088 2935 ἐπὶ
1131 2880 1222 2933 τὸν
1281 2878 1530 2950 Ἰσραὴλ,
1564 2876 1663 2928 οὐκ
1701 2877 1759 2927 ὲν

183 2982 335 3046 τάξει
370 2983 437 3050 τῇ
464 2978 586 3032 καθ’
623 2978 789 3048 ἡμᾶς,
826 2977 993 3047 ἤγουν
1036 2971 1309 3043 μετρητὴν
1336 2970 1431 3023 καὶ
1458 2968 1631 3038 χρόνῳ
1660 2982 1758 3017 πε-

188 3074 543 3148 περασμένην
570 3072 668 3142 τὴν
696 3069 971 3141 βασιλείαν
1004 3068 1144 3138 έχων
1166 3084 1181 3100 ·
1212 3064 1324 3118 ἀλλ’
1362 3064 1437 3126 ὡς
1475 3062 1605 3123 Θεὸς
1636 3058 1760 3130 ἀλη·

1848 510 1960 552 tum
1995 506 2078 552 est
2110 496 2229 564 plus
2264 510 2420 563 quam
2454 494 2606 561 lapis.
2652 492 2815 548 Stetit
2863 501 3041 547 autem
3070 493 3211 549 sicut
3261 496 3412 550 incus

1849 588 2129 660 impulsata
2153 588 2218 642 ".
2256 605 2272 637 ι
2310 580 2375 641 Ει
2409 587 2605 655 alioqui
2665 596 2932 654 stannum,
2987 590 3099 645 sive
3142 592 3413 659 plumbum

1849 680 1913 732 ad
1948 678 2316 747 purgationem
2348 690 2442 746 per
2483 677 2655 745 ignem
2683 676 2905 732 alterius
2957 680 3154 735 metalli
3211 682 3413 737 assumi

1848 768 2088 822 cernitur
2116 766 2448 828 necessario,
2482 764 2819 834 potissimum
2860 767 2996 835 apud
3023 767 3202 823 fabros
3229 784 3416 839 argen-

1852 862 2037 915 tarios.
2063 859 2329 925 Quocirca
2372 860 2513 913 Deus
2552 859 2747 914 alicubi
2782 873 2876 929 per
2916 860 3203 918 Jeremiam
3229 880 3415 921 rursus

1850 952 1953 1005 hoc
1992 952 2186 1021 ipsmn,
2215 953 2340 1006 licet
2371 952 2654 1007 obscurius
2707 952 2866 1008 dicit:
2909 972 2927 1006 ι
2969 954 3169 1011 Defecit
3234 958 3415 1014 suilla-

1853 1042 2045 1096 torium
2066 1044 2133 1097 ab
2164 1044 2308 1110 igne,
2340 1043 2535 1097 defecit
2573 1043 2870 1112 plumbum,
2919 1045 3121 1101 frustra
3174 1061 3418 1119 argenta-

1852 1132 1963 1186 rius
2003 1143 2280 1202 argentum
2311 1134 2564 1198 concidit,
2629 1134 2846 1191 malitiae
2896 1152 3079 1192 eorum
3126 1156 3231 1193 non
3294 1154 3418 1197 sunt

1852 1222 2151 1291 liquefacta:
2170 1223 2237 1281 '°.
2275 1244 2293 1276 ι
2316 1225 2490 1291 Quare
2513 1235 2726 1293 stanno,
2759 1227 2871 1282 sive
2898 1228 3115 1296 plumbo
3142 1230 3416 1288 Christum

1851 1324 2129 1383 comparat
2185 1324 2243 1369 ut
2294 1314 2686 1385 abstergentent
2745 1317 2955 1381 sordes,
3000 1328 3057 1372 ttt
3083 1320 3416 1378 auferentem

1852 1421 2204 1473 supervacua,
2266 1414 2325 1459 ut
2363 1415 2673 1475 purgantem
2721 1409 3012 1462 secundum
3069 1409 3415 1472 intellectum.

1854 1498 2007 1553 Unde
2057 1499 2101 1552 si
2158 1498 2278 1568 quis
2332 1500 2703 1568 interjcctione
2760 1502 3056 1557 mediorum
3119 1514 3417 1576 temporum

1853 1587 1987 1641 nihil
2011 1586 2171 1641 fuerit
2198 1590 2569 1654 conturbatus,
2602 1602 2649 1644 et
2678 1605 2773 1659 pro
2800 1593 2966 1648 nihilo
2995 1598 3203 1653 duxerit
3224 1613 3415 1667 parvos

1854 1679 1967 1732 dies
2002 1679 2412 1743 intercedentes,
2443 1680 2691 1749 gaudebit
2740 1700 2759 1734 ι
2818 1694 2872 1738 ει
2923 1687 3122 1742 videbit
3185 1690 3412 1761 lapidem

1855 1780 2138 1823 stanneum
2173 1771 2226 1824 in
2259 1785 2419 1824 manu
2458 1770 2774 1827 Zorobabel.
2818 1793 2835 1826 ι
2872 1776 3006 1842 Quid
3045 1794 3171 1835 vero
3210 1793 3311 1850 est,
3362 1787 3417 1840 in

1858 1873 2020 1911 manu
2093 1855 2441 1912 Zorobabel?
2509 1859 2774 1916 Divinitus
2821 1864 3078 1933 inspirata
3139 1869 3418 1942 Scriptura

1857 1965 2072 2002 nianum
2106 1949 2300 2019 accipit
2332 1956 2385 2003 et
2416 1965 2513 2019 pro
2553 1953 2771 2017 virtute,
2814 1966 2867 2010 et
2895 1972 2991 2027 pro
3043 1970 3327 2029 potestate.
3364 1968 3419 2022 In

1857 2038 2054 2092 virtute
2075 2040 2258 2107 igitur,
2296 2042 2409 2096 sive
2444 2042 2607 2097 etiam
2654 2044 2706 2097 in
2752 2056 3018 2114 potestate
3076 2050 3422 2112 Zorobabelis

1854 2130 2055 2185 videbit
2086 2131 2315 2199 lapidem
2341 2143 2646 2201 stanneum,
2674 2137 2773 2191 hoc
2816 2148 2918 2203 est,
2965 2140 3258 2200 Christum.
3310 2146 3420 2202 Zo-

1857 2222 2073 2277 robabel
2101 2224 2321 2291 etenim,
2347 2234 2409 2280 ut
2431 2227 2562 2291 dixi,
2588 2228 2654 2283 de
2691 2229 2831 2285 tribu
2877 2231 3013 2286 Juda
3041 2245 3219 2300 natus,
3250 2237 3422 2295 lsrae-

1855 2312 1889 2366 li
1912 2313 2147 2381 praefuit.
2178 2314 2246 2368 Et
2266 2315 2513 2372 Christus
2542 2333 2754 2389 quoque
2779 2326 3025 2392 regnavit
3045 2340 3206 2397 super
3231 2330 3418 2396 Israel,

1860 2418 1964 2457 non
2003 2419 2152 2459 more
2184 2417 2392 2472 nostro,
2424 2408 2537 2463 sive
2574 2410 3038 2484 circumscriptum
3078 2426 3132 2472 et
3183 2428 3421 2491 tempore

1856 2504 2005 2550 certo
2037 2497 2314 2551 definitum
2348 2514 2572 2569 regnum
2630 2512 2817 2558 tenens
2850 2509 2977 2560 :sed
3002 2518 3059 2561 ut
3106 2525 3232 2565 vere
3279 2513 3421 2569 Deus

1856 2588 1923 2641 ad
1950 2587 2159 2641 infinita
2194 2590 2392 2643 saacula
2428 2605 2488 2645 se
2538 2593 2840 2663 porrigens,
2903 2607 3191 2655 attestante
3262 2604 3420 2659 beato

1857 2678 2107 2734 Gabriele
2135 2695 2197 2734 ac
2230 2680 2402 2735 beatae
2431 2680 2634 2751 Virgini
2662 2684 2725 2737 de
2764 2699 2828 2739 eo
2858 2686 3087 2754 dicente,
3123 2691 3418 2759 parituram

1860 2771 2061 2837 filium,
2092 2782 2146 2828 et
2194 2783 2505 2828 vocaturam
2545 2790 2737 2831 nomen
2789 2778 2906 2847 ejus
2933 2778 3139 2835 Jcsum.
3173 2801 3191 2834 ι
3235 2786 3418 2855 Addit,

1864 2881 1884 2914 ι
1920 2863 2166 2917 daturum
2212 2865 2285 2919 illi
2318 2864 2601 2919 Dominum
2633 2868 2795 2921 Deum
2835 2872 3015 2925 sedem
3055 2872 3217 2928 David
3251 2877 3419 2945 patris

1858 2954 1995 3024 ejus,
2025 2964 2079 3009 et
2106 2966 2448 3025 regnaturum
2475 2972 2635 3027 super
2673 2960 2888 3013 domum
2924 2962 3086 3018 lsracl
3137 2966 3187 3018 in
3222 2970 3422 3037 sempi-

1863 3056 2091 3111 ternum,
2124 3057 2177 3101 et
2214 3049 2358 3117 regni
2390 3049 2505 3119 ejus
2527 3065 2631 3104 non
2683 3050 2801 3104 fore
2838 3053 2999 3108 finem
3029 3056 3093 3109 δι.
3124 3075 3143 3108 ›
3184 3059 3236 3111 In
3261 3075 3423 3114 manu

185 3137 318 3232 θᾶξς,
354 3137 437 3229 εἰς
461 3137 798 3235 ἀπεράντους
832 3137 1040 3222 αἰῶνας
1058 3156 1460 3225 ἐκτεινομένην·
1499 3153 1591 3206 καὶ
1622 3168 1759 3222 μαρο

1864 3152 1993 3206 ergo
2020 3137 2340 3205 Zorobabel,
2376 3140 2478 3194 hoc
2507 3149 2589 3195 est
2633 3141 2684 3194 in
2713 3142 2910 3197 virtute
2944 3153 2995 3199 et
3024 3154 3289 3215 potestate
3329 3148 3428 3203 Zo-

184 3260 418 3329 τυρήσει
454 3257 624 3323 λέγων
648 3256 676 3307 6
708 3253 975 3324 μακάριος
996 3248 1232 3319 Γαϐριὴλ
1257 3249 1321 3316 τῇ
1352 3244 1480 3313 ἁγία
1501 3243 1761 3314 Παρθένῳ

190 3351 321 3420 περὶ
351 3347 541 3409 αὐτοῦ,
573 3346 654 3398 ὅτι
679 3345 891 3408 τέξεται
921 3343 1056 3409 υἰὸν,
1097 3341 1188 3395 καὶ
1235 3339 1450 3392 καλεσει
1493 3337 1553 3388 τὸ
1592 3336 1762 3404 ὸνομα

189 3438 357 3495 αὐτοῦ
413 3436 642 3507 Ἰησοῦν.
693 3434 1039 3506 Προσεπάγει
1113 3432 1204 3497 δὲ,
1255 3430 1335 3482 ὅτι
1389 3447 1407 3479 ι
1445 3428 1551 3479 Καὶ
1604 3424 1763 3478 δώσει

191 3528 342 3598 αύτῷ
382 3527 584 3597 Κύριος
628 3527 655 3578 6
705 3523 835 3586 Θεὸς
865 3523 956 3575 τὸν
1002 3521 1191 3593 θρόνον
1218 3518 1383 3571 Δαϐἰδ
1430 3516 1524 3568 τοῦ
1556 3514 1761 3585 πατρὸς

193 3619 381 3686 αὐτοῦ,
416 3618 509 3671 καὶ
535 3614 838 3686 βασιλεύσει
868 3613 960 3665 ἐπὶ
992 3612 1083 3665 τὸν
1111 3606 1258 3663 οἷκον
1297 3608 1513 3679 Ἰσραὴλ
1536 3608 1614 3670 εἰς
1642 3608 1764 3669 τοὺς

194 3713 418 3777 αἰῶνας,
446 3711 540 3763 καὶ
571 3709 670 3777 τῆς
706 3706 977 3777 βασιλείας
1007 3704 1171 3759 αὐτοῦ
1202 3704 1301 3755 ούκ
1342 3702 1493 3754 ἔσται
1530 3701 1699 3762 τέλος.
1742 3718 1758 3748 ›

206 3806 294 3856 Ἐν
319 3803 464 3874 χειρὶ
492 3801 556 3873 δὴ
577 3796 672 3854 οὖν
702 3794 1427 3869 Ζοροϐάϐελ,τουτέστιν,ὼς
1456 3796 1513 3845 ὲν
1541 3793 1766 3860 δυνάμει

196 3916 253 3952 τε
300 3900 393 3951 καί
434 3897 653 3966 ἐξουσίᾳ
693 3896 759 3964 τῇ
809 3892 901 3945 τοῦ
947 3888 1249 3961 Ζοροϐάϐελ
1291 3888 1586 3956 ὀφθήσεται
1626 3884 1765 3936 κατὰ

200 3992 425 4060 καιροὺς
453 3990 483 4041 6
509 3980 714 4049 λίθοςό
745 3983 1137 4052 κασσιτέρινος.
1165 3979 1441 4049 Ἐπιφέρει
1473 3978 1528 4031 δὲ
1560 3977 1767 4039 τούτοις

198 4081 358 4142 εὐθὺς
392 4078 493 4147 τῆς
520 4066 857 4147 προφητείας
891 4075 918 4125 6
939 4072 1096 4138 λόγος
1115 4088 1129 4101 ο
1156 4090 1173 4122 ‹
1197 4069 1366 4122 Ἑπτὰ
1394 4062 1537 4121 οὗτοι
1568 4066 1767 4135 ὀφθαλ-

203 4173 295 4241 μοὶ
331 4169 543 4240 Κυρίου
582 4167 753 4229 εἰσὶν,
795 4166 845 4218 οἱ
888 4164 1268 4225 ὲπιϐλὲποντες
1314 4162 1406 4213 ἐπὶ
1450 4162 1627 4213 πᾶσαν
1670 4160 1769 4229 τὴν

202 4273 341 4341 γῆν,
362 4288 380 4319 ι
415 4269 524 4321 Καὶ
558 4266 702 4327 τίνες
742 4264 807 4318 ἂν
840 4258 950 4315 εἶεν
995 4253 1138 4313 οὗτοι
1177 4258 1371 4320 πάλιν;
1404 4258 1474 4308 Ἤ
1503 4256 1611 4326 γὰρ
1646 4256 1770 4316 τοὺς

201 4340 344 4413 ἑπτά
370 4358 615 4426 λύχνους,
646 4353 741 4416 οὒς
767 4350 1018 4406 τεθέαται
1048 4350 1105 4399 ὲν
1134 4345 1210 4414 τῷ
1228 4343 1538 4414 λαμπαδίῳ,
1568 4340 1766 4409 κέκλη-

203 4469 294 4504 κεν
341 4445 653 4517 όφθαλμοὺς
679 4444 905 4512 Κυρίου,
948 4440 1037 4494 ἵνα
1078 4436 1289 4507 νοῶμεν
1317 4436 1440 4499 τοὺς
1466 4433 1672 4500 ἁγίους,
1704 4431 1770 4530 δι’
1805 4476 1846 4530 Ι)

202 4539 274 4597 ὧν
304 4544 339 4611 ἡ
380 4539 645 4609 σύμπασα
687 4531 1125 4602 καταφωτίζεται
1175 4528 1282 4597 γῆ.
1334 4526 1427 4578 καὶ
1470 4523 1771 4591 ἐπισκοπῆς

204 4632 496 4698 ἀξιωθεῖσα
530 4627 777 4696 φαίνεται
822 4626 932 4686 τοῖς
983 4620 1134 4691 παρὰ
1177 4618 1344 4671 Θεοῦ⁸
1379 4617 1547 4687 ἤγουν
1578 4617 1771 4673 ἐκεῖνο,

205 4721 359 4795 οἶμαί
385 4738 511 4785 που,
542 4716 975 4786 κατασημαίνειν
1004 4712 1253 4781 ἐροῦμεν,
1280 4709 1355 4771 ὡς
1383 4709 1483 4760 οὐκ
1510 4706 1772 4776 ἀμελήσει

205 4813 310 4864 τῶν
347 4810 493 4862 ἰδίων
534 4805 849 4873 κτισμάτων
877 4804 905 4855 ὁ
941 4800 1047 4853 τῶν
1090 4799 1224 4852 ὅλων
1257 4796 1388 4859 Θεὸς
1428 4797 1519 4848 καὶ
1548 4796 1769 4863 Πατήρ·

208 4901 320 4955 ἀλλ’
368 4894 481 4952 οἷον
523 4894 738 4957 πολλοῖς
778 4910 838 4945 τε
874 4892 965 4944 καὶ
1000 4892 1225 4951 ἀΰπνοις
1258 4888 1470 4957 ὄμμασι
1499 4885 1565 4937 τὰ
1597 4885 1774 4937 πάντα

210 4990 547 5065 τεεριαθρῶν,
582 4987 851 5057 χαριεῖται
872 4987 982 5046 τοῖς
1008 4982 1100 5035 ἐπὶ
1133 4981 1231 5050 τῆς
1263 4980 1364 5048 γῆς
1386 4979 1476 5030 τὸν
1507 4976 1650 5029 λίθον
1681 4975 1772 5028 τὸν

212 5063 614 5149 κασσιτὲρινον,
656 5075 920 5135 τουτέστι,
959 5071 1220 5142 Χριστὸν,
1262 5069 1327 5121 δι’
1359 5063 1419 5122 οὗ
1450 5068 1641 5136 γέγονε
1680 5065 1774 5118 καὶ

214 5174 289 5235 εἰς
318 5172 465 5240 ἡμᾶς
496 5170 525 5220 6
557 5168 658 5236 τῆς
693 5163 1076 5233 κατασκέψεως
1097 5202 1110 5224 ,
1160 5158 1257 5214 εἶτ’
1299 5157 1391 5212 οὖν
1440 5159 1775 5227 ἐπισκέψεως

212 5263 426 5333 τρόπος.
457 5281 475 5312 ι
501 5257 872 5325 Ἐπεσκέψατο
889 5256 995 5325 γὰρ
1020 5256 1166 5323 ἡμᾶς
1195 5252 1448 5323 Ἀνατολὴ
1464 5251 1725 5319 ὲξύψους,
1754 5271 1770 5301 ι

215 5353 352 5405 κατά
407 5352 469 5405 τὸ
536 5348 943 5418 γεγραμμένον.
1006 5346 1115 5398 Καὶ
1180 5345 1337 5413 εἴπερ
1397 5343 1562 5412 ἐσμὲν
1624 5341 1779 5411 σῶμα

215 5442 466 5511 Χριστοῦ,
516 5441 611 5494 καὶ
664 5438 798 5507 μέλη
848 5437 911 5487 ἐκ
956 5436 1182 5504 μέρους,
1212 5434 1364 5485 οὐδὲν
1398 5429 1547 5502 οἶμαι
1582 5433 1639 5484 τὸ
1675 5434 1780 5485 ἀπ-

218 5534 375 5600 εικὸς,
406 5535 465 5587 ἑν
500 5529 797 5600 ὀφθαλμῶν
822 5527 968 5590 τάξει
1008 5528 1131 5589 τοὺς
1165 5527 1349 5593 ἁγίους
1387 5524 1779 5593 μυσταγωγοὺς

281 5704 319 5738 ⁸⁹
357 5706 464 5766 Job
504 5722 615 5768 ιιι,
665 5703 748 5755 15.
827 5703 872 5732 ⁸⁰
911 5701 1106 5755 Jerem.
1152 5718 1223 5763 ιἰ,
1264 5700 1351 5753 29.

569 5799 845 5856 PATROL
897 5799 1008 5857 tia.
1181 5800 1215 5838 V
1240 5799 1307 5857 ll.

1472 5699 1508 5728 ¹¹
1551 5700 1677 5752 Ιληιτ.
1724 5715 1761 5762 l,
1803 5698 1891 5764 51,
1935 5698 2022 5751 5⁸2.

1866 3228 2155 3293 robabelis,
2204 3230 2468 3284 videbitur
2515 3231 2797 3300 aliquando
2835 3234 2968 3303 lapis
3024 3236 3112 3291 ille
3141 3250 3421 3294 stanneus.

1866 3321 2114 3375 Annectit
2145 3324 2387 3389 protinus
2422 3322 2504 3376 his
2528 3325 2869 3393 prOpheticus
2899 3341 3075 3381 sermo
3109 3345 3121 3380 :
3148 3348 3166 3381 ι
3207 3328 3423 3399 Septem

1866 3413 1920 3468 hi
1955 3414 2093 3469 oculi
2121 3416 2328 3469 Domini
2356 3424 2480 3469 sunt
2504 3417 2853 3485 respicientes
2888 3435 3051 3488 super
3072 3437 3282 3476 omnem
3318 3433 3429 3478 ter-

1870 3521 2003 3558 ram.
2037 3524 2056 3556 ι
2100 3504 2327 3571 Quinam
2360 3508 2445 3560 isti
2476 3508 2613 3562 oculi
2646 3509 2667 3560 ?
2695 3509 2857 3580 692
2893 3512 2997 3565 Aut
3041 3514 3181 3567 enim
3222 3524 3425 3585 septem

1868 3595 2117 3650 lucernas
2149 3611 2282 3665 quas
2312 3598 2443 3650 vidit
2484 3599 2547 3651 ad
2591 3598 2911 3668 lampadem,
2967 3604 3181 3657 vocavit
3242 3606 3430 3661 oculos

1868 3685 2101 3750 Domini,
2130 3696 2187 3740 ut
2212 3688 2566 3757 intelligamus
2594 3699 2831 3756 sanctos,
2866 3706 2960 3758 per
2988 3707 3123 3761 quos
3180 3694 3429 3751 universa

1871 3786 2013 3831 terra
2045 3777 2391 3841 illuminalur,
2430 3786 2482 3831 et
2513 3778 2690 3831 divina
2728 3779 3035 3834 visitatione
3067 3783 3282 3850 dignata
3308 3801 3428 3839 cer-

1869 3871 2016 3923 nitur
2045 3889 2057 3924 :
2086 3880 2178 3923 aut
2208 3880 2353 3923 certe
2388 3869 2535 3934 illud,
2570 3870 2781 3939 opinor,
2820 3871 3121 3940 signiﬁcare
3166 3875 3429 3939 dicemus.

1871 3962 2035 4015 Deum
2064 3971 2117 4015 et
2150 3960 2363 4014 Patrem
2416 3962 2785 4015 universorum
2844 3972 3121 4018 creaturas
3165 3980 3289 4022 suas
3324 3984 3431 4022 non

1872 4052 2260 4121 neglecturum,
2293 4053 2385 4106 sed
2430 4060 2684 4120 tanquam
2738 4054 2923 4108 multis
2970 4063 3022 4108 et
3083 4070 3298 4126 semper
3354 4060 3433 4112 vi-

1873 4145 2067 4213 gilibus
2110 4144 2280 4199 oculis
2314 4144 2493 4198 omnia
2522 4145 3070 4212 circumspicientem,
3107 4148 3431 4203 donaturum

1876 4237 2185 4291 mOrtalibus
2222 4237 2450 4305 lapidem
2501 4246 2802 4299 stanneum,
2860 4238 2960 4292 hoc
2994 4248 3077 4292 est
3137 4239 3427 4305 Christum,

1874 4342 1967 4396 per
2001 4342 2157 4396 quem
2198 4336 2253 4381 et
2298 4342 2394 4381 nos
2423 4326 2679 4392 visitavit,
2707 4326 2819 4381 sive
2859 4330 3111 4396 respexit.
3134 4348 3152 4379 ‹
3192 4329 3437 4384 Visitavit

1876 4420 2016 4473 enim
2038 4434 2132 4473 nos
2153 4418 2345 4474 Oriens
2376 4434 2442 4471 ex
2474 4417 2598 4481 alto,
2626 4437 2642 4468 ι
2681 4428 2739 4472 ιιι
2759 4418 3015 4488 scriptum
3033 4422 3195 4475 est“.
3218 4420 3438 4492 thuo-

1877 4511 2019 4564 niam
2047 4525 2232 4565 sumus
2260 4525 2454 4580 corpus
2482 4510 2703 4574 Christi,
2745 4522 2799 4564 et
2857 4511 3092 4566 membra
3150 4512 3436 4571 de_mem-

1879 4600 1975 4653 bro
2013 4600 2080 4665 ⁵³,
2115 4615 2215 4654 non
2264 4601 2499 4654 arbitror
2530 4599 2895 4668 improbabile,
2932 4600 2975 4654 si
3007 4608 3221 4655 sanctos
3254 4617 3433 4654 rerum

1880 4691 2177 4744 divinarum
2218 4692 2487 4755 doctores,
2519 4701 2577 4743 ut
2613 4690 2733 4745 aliis
2777 4691 3188 4746 excellentiores
3233 4702 3286 4745 et
3348 4707 3439 4745 su-

1879 4782 2179 4848 blimiores,
2208 4784 2395 4838 oculos
2428 4783 2745 4853 appellatos,
2782 4792 2837 4836 et
2865 4796 2922 4837 ut
2952 4799 3051 4853 ego
3076 4785 3272 4849 sentio,
3299 4784 3438 4847 hanc

1878 4875 1946 4928 ob
2002 4888 2217 4928 causam
2275 4873 2435 4928 etiam
2473 4875 2753 4943 episcopos
2820 4874 3119 4928 nominatos
3177 4874 3437 4927 dicamus.

1883 4964 2201 5034 Speculator
2243 4967 2425 5034 itaque
2488 4980 2582 5033 per
2637 4965 2759 5020 illos
2812 4966 2863 5019 in
2919 4966 3090 5034 ipsum
3159 4963 3440 5019 credentes

1881 5057 2138 5111 Dominus
2167 5066 2347 5112 noster
2370 5054 2524 5111 Jesus
2548 5054 2811 5111 Christus.
2868 5055 3089 5109 Demum
3138 5054 3273 5122 lapis
3293 5064 3443 5108 stan-

1884 5164 2017 5203 neus
2071 5148 2176 5202 alio
2216 5163 2427 5217 quoque
2479 5147 2635 5201 modo
2684 5147 2935 5203 Christus
2979 5154 3151 5215 potest
3190 5145 3435 5215 intelligi.

1882 5240 2146 5296 Stannum
2166 5242 2307 5295 enim
2326 5240 2596 5310 disiuncta
2616 5238 3021 5308 conjungit,vim
3041 5236 3440 5306 conglutinandi

1882 5335 2108 5389 habens.
2130 5331 2281 5387 Fecit
2318 5332 2565 5401 quiddam
2598 5332 2699 5385 tale
2734 5340 2787 5384 et
2824 5329 2976 5383 nobis
3036 5326 3305 5393 Christus,
3370 5328 3445 5379 si-

1882 5428 2099 5496 quidem
2137 5442 2320 5479 verum
2349 5434 2449 5490 est,
2484 5440 2604 5477 eum
2646 5424 2695 5476 in
2730 5438 2890 5476 unum
2940 5434 3132 5474 novum
3168 5420 3439 5474 hominem

1885 5519 2015 5571 duos
2055 5517 2279 5587 populos
2346 5515 2667 5580 condidisse,
2713 5533 2730 5564 ι
2785 5511 3068 5568 facientem
3127 5527 3334 5582 pacem,
3389 5520 3445 5564 et

2136 5696 2179 5727 ³²
2222 5696 2345 5749 Luc.
2394 5712 2429 5760 t,
2473 5695 2556 5747 73.
2673 5695 2717 5726 ⁵³
2759 5695 2777 5745 ῐ
2819 5695 2939 5747 Cor.
2986 5711 3082 5755 xu,
3120 5693 3210 5747 Ἦ.

3025 5792 3056 5847 3
