3936 6318
499 259 574 314 75
1490 245 1547 299 S.
1590 241 1869 298 CYRILLI
1908 238 2381 296 ALEXANDRINI
2419 236 2743 294 ARCHIEP'
3695 233 3764 288 76

508 363 943 426 reconciliantem
976 364 1027 418 in
1073 375 1179 416 uno
1225 374 1451 429 corpore
1498 360 1684 414 ambos
1712 358 1764 413 in
1826 357 2085 411 unitatem

2196 354 2462 408 τεθεῖσθαι
2500 354 2714 423 λέγειν,
2768 351 2845 415 ὡς
2892 352 3000 405 τῶν
3049 351 3224 405 ἄλλων
3289 349 3629 420 προῦχοντας
3666 350 3768 404 καὶ

504 478 603 531 per
631 460 875 528 spiritum
905 455 972 508 “.
1015 471 1033 505 ι
1059 452 1214 509 Unde
1252 451 1386 520 lapis
1414 465 1657 505 summus
1682 449 1955 520 angularis
1994 458 2076 502 est

2196 446 2610 517 5περκειμένους
2640 486 2656 512 ,
2703 444 2957 514 ταύτῃτοι
3006 445 3101 497 καὶ
3167 442 3499 505 ἐπισκόπους
3549 440 3767 511 ὠνομα-

506 530 865 620 nuncupatus,
897 553 1226 600 connectens
1257 543 1322 596 ad
1355 542 1618 596 unitatem
1661 542 1794 595 duos
1833 539 2076 611 populos,

2196 556 2252 610 ςμ
2292 556 2439 603 νους,
2465 537 2716 605 καθάπερ
2754 530 2987 606 ἐγῷμαι.
3011 534 3468 587 Κατασκέπτεται
3494 532 3551 586 δὲ
3577 533 3643 584 δι’
3663 532 3767 585 αὐ-

504 654 565 699 ut
594 643 725 697 dixi.
751 637 1031 708 Copulavit
1061 636 1187 689 item
1220 635 1434 701 angelos
1457 635 1509 687 in
1564 644 1707 687 terra
1724 634 2037 703 degentibus
2062 648 2075 684 :

2196 630 2294 682 τῶν
2336 630 2462 690 τοὺς
2517 629 2597 690 είς
2646 627 2808 679 αὐτὸν
2858 625 3219 688 πιστεύοντας
3267 627 3295 678 6
3340 624 3543 694 Κύριος
3607 623 3770 694 ἡμῶν

504 748 605 789 nos
628 737 772 802 ipsos
820 745 1033 800 quoque
1057 742 1150 796 per
1179 743 1237 780 se
1284 726 1394 779 Deo
1420 735 1473 780 et
1540 725 1684 779 Patri
1723 726 2078 789 consociavit,

505 826 778 880 destructo
800 832 1039 890 peccato,
1072 817 1212 887 quod
1257 816 1708 886 interjacebat,et
1751 832 1849 871 ceu
1898 830 2083 870 murus

506 932 605 971 nus
641 916 710 968 ab
735 930 800 968 eo
831 912 1159 967 seclutlebat.

2200 719 2406 791 Ἰησοῦς
2457 718 2713 789 Χριστός.
2767 719 2929 782 Λίθος
2972 735 3036 786 γε
3084 718 3191 788 μὴν
3230 717 3634 788 κασσιτέρινος,
3672 714 3769 767 καὶ

2188 811 2309 865 καθ’
2349 811 2532 880 ἕτερον
2566 810 2631 863 ἂν
2666 812 2836 861 νοοῖτο
2867 809 3069 879 τρόπον
3098 810 3125 861 6
3153 810 3409 878 Χριστός.
3449 808 3508 860 '0
3538 807 3645 876 γάρ
3684 821 3769 857 τοι

2191 904 2515 973 κασσίτερος
2575 903 2837 955 συνάπτει
2894 901 3029 972 πρὸς
3076 900 3272 952 ἕνωσιν
3325 899 3396 952 τά
3443 897 3769 970 διῃρημένα,

504 1008 827 1077 κολλητικὴν
861 1004 999 1076 ἔχων
1028 1006 1127 1074 τὴν
1156 1001 1337 1071 φύσιν.
1374 1002 1631 1072 Πέπραχε
1664 1001 1721 1053 δέ
1752 1019 1803 1053 τι
1834 999 2074 1053 τοιοῦτον
2113 997 2208 1051 καὶ
2229 1000 2308 1061 είς
2366 998 2512 1065 ἡμᾶς
2550 998 2579 1048 6
2618 994 2876 1063 Χριστὸς,
2946 994 3106 1064 εἰπερ
3151 994 3299 1045 ἐστὶν
3329 993 3549 1063 ἀληθὲς,
3578 993 3652 1055 ὡς
3686 992 3771 1055 είς

504 1104 598 1157 ἕνα
631 1103 816 1155 καινὸν
845 1100 1130 1171 ἄνθρωπον
1166 1100 1290 1161 τοὺς
1322 1097 1415 1149 δύο
1453 1098 1627 1161 κτίζει
1654 1097 1837 1159 λαοὺς,
1866 1114 1884 1147 ι
1935 1093 2110 1147 Ποιῶν
2185 1092 2431 1161 εἰρήνην,
2464 1089 2560 1141 καλ⁵
2592 1086 3097 1140 ἁποκαταλλάσσων
3145 1088 3204 1139 ὲν
3250 1085 3331 1139 ἐνὶ
3384 1084 3599 1155 σώματι
3639 1083 3775 1146 τοὺς

496 1194 975 1267 ἁμφοτέρουςβίς
1016 1192 1113 1263 τὴν
1145 1190 1234 1244 διὰ
1295 1189 1601 1259 πνεύματος
1665 1188 1878 1241 ἕνωσιν.
1918 1206 1937 1237 ι
1981 1186 2141 1239 Ὅθεν
2181 1184 2277 1237 καὶ
2341 1182 2488 1243 λίθος
2540 1182 2935 1251 ἁκρογωνιαῖος
2989 1179 3344 1248 ὠνόμασται,
3396 1177 3632 1229 συνδέων
3687 1177 3774 1238 είς

505 1296 697 1349 ἕνωσιν
737 1291 863 1353 τοὺς
918 1288 1009 1341 δύο
1057 1288 1236 1349 λαοὺς,
1288 1286 1363 1347 ὡς
1409 1284 1562 1355 ἔφην.
1616 1282 1827 1353 Συνῆᾥε
1879 1282 1935 1334 δὲ
1986 1284 2078 1334 καὶ
2146 1278 2399 1347 ἀγγέλοις
2431 1278 2558 1339 τοὺς
2584 1275 2677 1327 ἐπὶ
2707 1274 2803 1343 τῆς
2832 1275 2968 1344 γῆς’
3000 1273 3137 1328 ἀλλὰ
3210 1274 3304 1327 καὶ
3334 1275 3481 1343 ἡμᾶς
3506 1272 3570 1325 δι’
3604 1270 3775 1326 αὐτοῦ

505 1386 584 1456 τῷ
614 1384 732 1454 Θεῷ
763 1384 853 1435 καὶ
882 1381 1075 1449 Πατρὶ,
1106 1380 1204 1447 τὴν
1235 1376 1438 1447 μεταξὺ
1471 1376 1732 1445 κειμένην
1775 1375 1867 1428 καὶ
1900 1373 2071 1426 πάλαι
2110 1372 2543 1441 διατειχίζουσαν
2582 1367 2826 1422 καθελὼν
2865 1366 3159 1437 ἁμαρτίαν.

578 1478 742 1531 Vens.
780 1473 966 1527 Il—H.
990 1470 1057 1523 Et
1094 1469 1354 1536 respondi,
1382 1478 1427 1520 et
1469 1468 1582 1519 dixi
1628 1468 1694 1519 ad
1738 1481 1896 1519 eum:
1938 1463 2077 1529 Quid

2258 1463 2369 1516 Kal
2421 1460 2775 1527 ἀπεκρίθην,
2815 1457 2915 1511 καὶ
2962 1457 3099 1510 εἶπα
3156 1455 3305 1523 πρὸς
3345 1456 3565 1509 αὐτόν·
3611 1456 3673 1508 Τί
3713 1458 3776 1508 αἱ

508 1572 628 1621 dua:
659 1567 829 1624 olivte,
858 1579 972 1631 qute
998 1579 1031 1614 a
1060 1561 1257 1613 dextris
1286 1557 1589 1610 candelabri
1627 1567 1673 1609 et
1717 1574 1747 1609 α
1795 1558 2023 1609 sinistris
2049 1556 2074 1608 1’

2196 1553 2295 1606 δύο
2327 1552 2521 1605 ἐλαῖαι
2553 1546 2749 1611 αὗται,
2778 1552 2836 1602 al
2869 1549 2937 1601 ἐκ
2972 1546 3186 1610 δεξιῶν
3212 1544 3320 1613 τῆς
3363 1546 3640 1614 λυχνίας,
3671 1544 3775 1599 και

509 1659 575 1713 Ει
613 1655 929 1722 interrogavi,
949 1652 1197 1711 secundo,
1231 1660 1276 1701 et
1300 1649 1411 1700 dixi
1446 1648 1513 1699 ad
1539 1663 1653 1699 eum
1678 1661 1696 1698 .'
1730 1646 1867 1710 Quid
1891 1646 1945 1698 hi
1974 1649 2078 1699 duo

2196 1644 2253 1707 ἐξ
2290 1643 2640 1710 εὐωνύμων;
2678 1641 2789 1693 Καὶ
2830 1636 3190 1705 ἐπηρώτησα
3230 1637 3297 1689 ἐκ
3336 1634 3636 1705 δευτέρου.
3672 1636 3775 1689 και

508 1750 643 1803 rami
670 1748 944 1808 olivarum,
976 1743 1065 1811 qui
1100 1744 1153 1793 in
1188 1738 1427 1792 munibus
1465 1740 1693 1790 duarum
1727 1739 1935 1789 narium
1982 1754 2081 1789 ttu-

510 1857 736 1902 rearum,
768 1835 1154 1903 infundentium
1199 1842 1243 1884 et
1270 1829 1642 1883 retrahentium
1680 1829 1942 1898 infusor-ia
1978 1844 2079 1881 au-

510 1931 650 1985 rea?
688 1929 749 1982 Et
781 1927 914 1979 dixit
960 1925 1027 1977 ad
1056 1938 1169 1976 me:
1206 1921 1327 1974 Non
1364 1923 1464 1974 scis
1496 1921 1621 1989 quid
1658 1930 1776 1972 sunt
1820 1920 1973 1972 lucc?
2013 1918 2082 1971 Et

512 2023 667 2076 dixi:
717 2019 1085 2088 Nequaquam,
1136 2014 1375 2066 Domine.
1418 2010 1486 2063 Et
1526 2013 1645 2063 ait:
1692 2009 1792 2063 Isti
1846 2012 1950 2061 duo
1984 2010 2083 2076 filii

510 2112 839 2184 pinguedinis
872 2111 1147 2162 astiterunt
1180 2104 1400 2157 Domino
1437 2103 1605 2156 omnis
1639 2112 1810 2155 terrm.

590 2370 823 2427 XXVIII.
882 2370 1110 2422 Animus
1159 2372 1469 2420 sanctorum
1512 2363 1753 2418 discendi
1796 2364 2083 2431 cupidissi-

509 2478 636 2519 mus
663 2472 767 2516 est.
800 2459 1031 2514 Proinde
1063 2457 1193 2511 nihil
1231 2457 1283 2509 in
1325 2455 1916 2509 visione-ostensorutn
1959 2468 2086 2522 pro-
2136 2470 2137 2473 η

513 2557 673 2626 pheta
699 2550 1082 2617 prmtermittit,
1110 2559 1165 2603 et
1201 2546 1533 2617 perlibenter
1561 2547 1890 2610 sciscitatur,
1935 2557 1989 2600 et
2020 2550 2086 2601 de

514 2638 745 2716 singulis
774 2643 1015 2698 exactius
1041 2641 1283 2710 inquirit,
1311 2641 1566 2709 quidnam
1600 2639 1888 2709 signiﬁcati
1931 2654 2084 2692 com-

514 2737 840 2806 plectantur.
874 2731 1174 2800 Oportebat
1209 2731 1369 2798 igitur
1417 2731 1489 2782 ita
1535 2731 1776 2797 poscenti
1826 2744 1958 2784 voce
1987 2746 2085 2783 an-

515 2828 618 2897 geli
661 2825 966 2887 declarari,
1007 2822 1159 2888 cujus
1203 2822 1278 2873 rei
1324 2821 1622 2888 symbolum
1665 2830 1870 2884 essent,
1903 2837 2021 2889 qua:
2055 2835 2085 2874 a

514 2918 724 2974 dextris
772 2927 827 2970 et
875 2914 1106 2966 sinistris
1136 2912 1299 2981 693
1345 2912 1603 2979 lampadis
1636 2968 1643 2975 ι
1674 2913 1891 2966 stabant
1932 2912 2087 2966 olivae

2183 1732 2321 1789 εἶπα
2354 1733 2502 1799 πρὸς
2536 1732 2751 1785 αὐτόν’
2793 1730 2853 1782 Τί
2878 1731 2931 1781 ul
2959 1727 3069 1780 δύο
3110 1726 3325 1780 κλάδοι
3369 1725 3489 1779 τῶν
3526 1726 3772 1786 ἐλαιῶν,

2184 1829 2237 1879 οἱ
2271 1825 2342 1877 ἐν·
2385 1823 2515 1889 ταῖς
2558 1821 2730 1892 χερσὶ
2780 1819 2900 1873 τῶν
2926 1818 3035 1874 δύο
3076 1817 3446 1888 μυξωτήρων
3480 1816 3595 1869 τῶν
3629 1834 3778 1886 χρυ-

2184 1916 2338 1982 σῶν,
2394 1914 2512 1969 τῶν
2592 1914 2956 1982 ἐπιχεόντων
3030 1910 3130 1964 καὶ
3185 1910 3609 1979 ἐπαγαγόντων
3665 1910 3779 1974 τὰς

2183 2006 2622 2075 ἐπαρυστρίδας
2644 2005 2749 2069 τὰς
2775 2002 3044 2072 χρυσᾶς;
3066 2001 3172 2055 Kal
3195 1997 3324 2054 εἷπε
3347 2002 3495 2069 πρός
3518 2018 3595 2070 με
3612 2017 3626 2031 ·
3652 2003 3777 2054 Οὐκ

2185 2093 2349 2161 οἶδας
2384 2097 2441 2149 τί
2486 2097 2618 2148 ἐστι
2648 2094 2834 2147 ταῦτα
2851 2110 2870 2157 ;
2905 2092 3014 2147 Kal
3042 2088 3211 2145 εἶπα·
3244 2089 3411 2158 Οὐχὶ,
3440 2092 3639 2157 Κύριε.
3664 2090 3779 2145 Καὶ

2183 2184 2379 2241 sister
2405 2183 2578 2241 Οὗτοι
2601 2190 2653 2240 ol
2676 2186 2785 2239 δύο
2803 2186 2917 2239 vlol
2933 2182 3041 2253 τῆς
3062 2184 3340 2249 πιότητος
3359 2181 3778 2251 παρεστήκασι

2186 2279 2380 2345 Κυρίῳ
2407 2277 2609 2345 πάσης
2654 2277 2766 2345 τῆς
2800 2277 2934 2345 γῆς.

2256 2369 2390 2425 KH’.
2433 2370 2741 2441 Φιλομαθὴς
2771 2369 2908 2436 ἄγαν
2943 2368 3052 2422 τῶν
3099 2370 3271 2438 ἁγίων
3300 2372 3328 2424 ὁ
3355 2368 3498 2433 νοῦς.
3540 2367 3780 2438 Τοιγάρ-

2185 2481 2266 2517 τοι
2301 2464 2531 2534 παρίησι
2568 2463 2662 2532 μὲν
2693 2465 2720 2515 ὁ
2753 2463 3042 2533 προφήτης
3088 2464 3198 2517 τῶν
3245 2465 3303 2516 ἐν
3335 2465 3401 2534 τῇ
3447 2461 3635 2533 ὁράσει
3667 2460 3781 2513 δει-

2186 2555 2469 2623 κνυμένων
2507 2554 2680 2615 οὐδὲν,
2732 2553 3084 2621 φιλοπευστεῖ
3111 2554 3191 2621 δὲ,
3228 2555 3322 2608 καὶ
3351 2554 3487 2617 λίαν,
3522 2553 3615 2606 καὶ
3647 2553 3782 2622 περὶ

2188 2646 2421 2699 ἑκάστου
2460 2643 2673 2707 λεπτῶς
2719 2645 3155 2698 ἀναπυνθάνεται
3203 2646 3296 2711 τὸ,
3327 2646 3380 2696 τί
3422 2645 3486 2698 ἂν
3535 2644 3784 2714 βούλοιτο

2186 2738 2400 2808 δηλοῦν.
2438 2737 2583 2790 Ἔδει
2632 2736 2807 2788 τοίνυν
2848 2735 3023 2798 οὕτως
3057 2736 3232 2805 ἔχοντι
3281 2734 3507 2807 γνώμης
3556 2735 3785 2808 διατρα-

2188 2829 2411 2881 νοῦσθαι
2459 2828 2546 2879 διὰ
2589 2827 2681 2880 τοῦ
2730 2827 2833 2896 τῆς
2868 2826 3100 2894 ἀγγέλου
3145 2826 3361 2895 φωνῆς,
3404 2827 3546 2891 τίνος
3580 2826 3649 2879 ἂν
3693 2830 3784 2896 εἴη

2193 2918 2458 2988 σύμὸολον
2494 2919 2526 2985 ἡ
2556 2920 2635 2980 εἰς
2669 2917 2841 2981 δεξιόν
2873 2934 2932 2969 τε
2976 2918 3071 2969 καὶ
3112 2916 3391 2987 εὐώνυμον
3425 2918 3523 2971 τοῦ
3554 2918 3785 2989 λαμπα-

513 3010 657 3064 dare.
689 3005 963 3061 Curiosius
994 3005 1177 3073 itaque
1213 3006 1449 3073 indagat,
1469 3012 1523 3056 et
1556 3002 1763 3057 discere
1790 3003 1957 3071 cupit.
1994 3005 2086 3057 Vi-

2196 3009 2303 3060 δίου
2347 3009 2534 3069 στάσις
2586 3007 2691 3059 τῶν
2733 3007 2947 3059 ἐλαιῶν.
2998 3005 3265 3078 Ταύτῃτοι
3317 3009 3783 3077 περιεργάζεται,

514 3104 587 3157 de
617 3112 819 3163 autem,
851 3097 1122 3167 quomodo
1164 3098 1357 3149 iterato
1411 3107 1782 3164 percontetur,
1822 3096 2087 3149 modum-

517 3211 624 3265 que
667 3189 1093 3263 percontationis
1148 3190 1215 3242 ad
1270 3189 1549 3241 veritatem
1591 3188 1749 3256 quasi
1816 3189 2085 3243 itnmutet.

510 3285 663 3339 Duas
691 3283 831 3338 enim
856 3282 1023 3333 olivas
1057 3280 1348 3333 nominavit
1382 3281 1433 3332 in
1462 3280 1725 3348 principio
1760 3296 1773 3333 :
1809 3282 1901 3334 sed
1937 3297 2089 3334 men-

521 3379 590 3430 tis
619 3375 774 3430 oculo
803 3376 1013 3428 acutius
1056 3373 1166 3427 visa
1201 3372 1447 3433 intuitus,
1494 3386 1599 3423 non
1634 3371 1863 3439 amplius
1896 3372 2087 3436 olivas,

518 3467 612 3522 sed
650 3481 826 3521 ramos
848 3466 1114 3519 olivarum
1156 3463 1418 3516 nominat.
1449 3461 1596 3515 Scite
1626 3462 1808 3529 itaque
1846 3462 2083 3513 interro-

521 3554 667 3624 ganti
712 3554 945 3622 explicat
996 3568 1118 3605 mox
1170 3554 1359 3605 beatus
1419 3550 1666 3617 angelus,
1707 3559 1764 3602 et
1823 3550 1897 3601 ait
1946 3549 2091 3616 ipsos

521 3661 641 3700 esse
682 3648 816 3698 duos
875 3644 1016 3697 illius
1055 3642 1414 3713 pinguetlinis,
1454 3650 1510 3693 ut
1556 3642 1825 3704 Izclantes,
1873 3650 1929 3693 et
1973 3640 2091 3693 oleo

522 3736 719 3792 Christi
755 3738 805 3789 in
850 3736 1054 3789 deliciis
1083 3736 1342 3801 viventes,
1376 3743 1431 3787 et
1466 3734 1637 3801 gratia
1680 3733 1912 3803 Spiritus
1946 3731 2093 3785 aifa-

524 3831 617 3882 tint
643 3829 1071 3897 pinguescentes.
1104 3824 1528 3879 Illisericordiant
1555 3827 1697 3880 enim
1735 3825 2089 3886 obtinuimus,

517 3919 793 3988 justiﬁcati
835 3918 1004 3986 gratis
1037 3933 1129 3985 per
1176 3917 1332 3971 (idem
1363 3918 1431 3980 ⁵⁵,
1488 3928 1544 3971 et
1580 3927 1798 3987 propter
1835 3932 2096 3972 comnm-

525 4011 739 4066 nionem
772 4008 945 4063 sancti
982 4008 1216 4077 Spiritus
1239 4018 1519 4064 consortes
1552 4010 1746 4063 divinae
1775 4009 1892 4077 ejus
1926 4020 2096 4063 natu-

524 4119 599 4157 ra:
630 4101 802 4155 eﬂ‘ecti
842 4100 908 4154 ⁸⁸.
961 4098 1148 4167 Itaque
1204 4100 1257 4152 in
1317 4101 1435 4155 oleo
1482 4108 1538 4152 et
1593 4098 1828 4153 lucernis
1864 4101 2096 4154 duorum

527 4190 842 4260 populorum
903 4188 1146 4242 funtlatio
1188 4197 1242 4242 et
1291 4186 1599 4242 assistentia
1654 4186 1989 4254 intelligitur.
2037 4184 2096 4237 In

528 4283 730 4334 lumine
759 4281 902 4335 enim
938 4290 1022 4334 est
1059 4280 1273 4334 vocatio
1304 4290 1511 4342 nostra,
1551 4287 1600 4329 et
1633 4287 1691 4330 ut
1715 4277 1767 4329 in
1804 4277 1924 4331 oleo
1953 4277 2096 4345 quod

2192 3100 2284 3151 καὶ
2325 3097 2722 3169 ἁναμανθὰνειν
2771 3096 2932 3162 ἀξιοῖ.
2981 3097 3170 3168 Ἀθρει
3218 3098 3274 3150 δὲ
3325 3098 3474 3160 ὅπως
3517 3097 3786 3169 δευτέραν

2190 3189 2384 3255 ἐπάγει
2408 3187 2506 3257 τὴν
2533 3188 2746 3247 πεῦσιν,
2773 3189 2863 3239 καὶ
2889 3187 2997 3257 μὴν
3025 3189 3119 3240 καὶ
3148 3187 3514 3257 μεταπλάττει
3549 3208 3669 3253 πως
3704 3192 3786 3254 εἰς

2191 3280 2251 3331 τὸ
2274 3280 2499 3352 ἀτρεκὲς
2531 3280 2619 3332 τὸν
2645 3280 2746 3349 τῆς
2776 3281 3098 3351 ἐρωτήσεως
3128 3281 3347 3351 τρόπον.
3386 3280 3491 3334 Δύο
3531 3281 3632 3351 μὲν
3672 3283 3784 3354 γὰρ

2192 3369 2376 3429 ἐλαίας
2416 3369 2699 3439 ὠνόμαζεν
2741 3372 2797 3422 ἐν
2823 3372 3016 3441 ἀρχαῖς
3038 3389 3049 3401 ·
3086 3371 3406 3442 λεπτότερον
3451 3372 3506 3424 δέ
3536 3390 3653 3435 πως
3684 3374 3786 3442 τῆς

2192 3461 2425 3523 διανοίας
2456 3463 2547 3513 τὸν
2578 3460 2856 3531 ὀφθαλμὸν
2884 3467 2993 3525 τοῖς
3030 3463 3327 3533 ὁρωμένοις
3359 3464 3545 3527 ἐνιεὶς,
3572 3466 3675 3517 οὐκ
3702 3464 3782 3516 ἔτι

2196 3552 2292 3620 μὲν
2336 3550 2555 3615 ἐλαίας,
2605 3551 2836 3615 κλάδους
2878 3553 2935 3606 δὲ
2978 3553 3176 3622 μᾶλλον
3228 3552 3513 3621 ὠνόμαζεν
3557 3554 3778 3607 ἐλαιῶν.

2204 3644 2479 3715 Ἐρομένῳ
2506 3644 2569 3713 δὴ
2598 3640 2689 3697 οὖν
2721 3644 2985 3714 εὐτέχνως
3026 3643 3382 3711 ἀποφαίνεται
3413 3643 3595 3697 λοιπδν
3617 3648 3645 3697 ὁ
3679 3664 3783 3717 μα-

2194 3736 2383 3807 κάριος
2430 3737 2691 3804 ἄγγελος,
2736 3736 2830 3789 καί
2885 3752 3047 3803 φησιν
3097 3736 3292 3798 αὐτοὺς
3342 3737 3467 3799 τοὺς
3504 3737 3597 3790 δύο
3640 3732 3783 3792 εἷναι

2196 3830 2343 3891 υἱοὺς
2373 3829 2473 3898 τῆς
2508 3830 2796 3897 πιότητος,
2841 3827 2917 3889 ὡς
2947 3827 3405 3899 εὐφραινομένους
3446 3845 3506 3879 τε
3549 3830 3644 3881 καὶ
3691 3831 3782 3881 ἐν⁸

2199 3921 2588 3984 σπαταλῶντας
2632 3920 2795 3991 ἐλαίῳ
2836 3919 2912 3990 τῷ
2944 3920 3095 3987 παρὰ
3136 3919 3401 3990 Χριστοῦ,
3437 3920 3530 3973 καὶ
3573 3923 3638 3990 τῇ
3685 3920 3780 3974 τοῦ

2198 4009 2511 4078 Πνεύματος
2544 4011 2722 4080 χάριτι
2762 4010 3030 4071 πλουσίως
3074 3996 3473 4080 πιαινομένόυς.
3517 4010 3783 4081 Ἠλεήθη-

2201 4117 2299 4171 μεν
2335 4100 2464 4170 γὰρ,
2498 4100 2864 4169 δικαιούμενοι
2896 4100 3104 4169 δωρεὰν
3133 4100 3219 4153 διὰ
3248 4102 3346 4169 τῆς
3394 4101 3651 4165 πίστεως,
3686 4101 3781 4154 καὶ

2198 4193 2446 4245 κοινωνοὶ
2472 4193 2567 4261 τῆς
2597 4191 2745 4253 θείας
2770 4191 2935 4245 αὐτοῦ
2967 4190 3181 4259 φύσεως
3210 4193 3664 4262 ἁναδεδειγμένοι,
3695 4192 3780 4245 διὰ

2198 4283 2295 4336 τοῦ
2340 4284 2625 4353 μετασχεῖν
2654 4282 2810 4349 ἁγίου
2837 4280 3173 4351 Πνεύματος.
3207 4283 3416 4335 Οὐκοῦν
3447 4283 3505 4335 ἐν
3535 4283 3696 4352 ἐλαίῳ
3719 4300 3778 4335 τε

525 4380 608 4425 est
645 4386 674 4425 ιι
709 4369 853 4423 Deo:
891 4370 1321 4440 quandoquidem
1369 4382 1492 4421 vere
1544 4368 1698 4420 nobis
1738 4367 1918 4420 dicere
1945 4382 2091 4420 con-

2200 4376 2294 4427 καὶ
2318 4373 2531 4442 λύχνοις
2564 4376 2595 4442 ὴ
2627 4372 2733 4426 τῶν
2755 4372 2847 4425 δύο
2876 4373 3019 4426 λαῶν
3051 4373 3256 4443 ἴδρυσίς
3285 4391 3344 4426 τε
3377 4375 3467 4426 καὶ
3498 4376 3781 4446 παράστα-

528 4476 740 4515 cessum
769 4471 873 4523 est,
902 4476 1001 4514 nos
1036 4460 1461 4514 misericordiam
1487 4467 1825 4519 consecutos,
1858 4472 1887 4510 a
1936 4473 2095 4512 mor-

533 4565 581 4607 te
612 4564 663 4609 et
719 4564 941 4621 peccato
971 4552 1244 4614 liberatos,
1279 4561 1334 4604 et
1365 4550 1650 4603 veterrima
1679 4549 1938 4603 servitute
1964 4564 2099 4603 cer—

530 4646 676 4699 vices
725 4653 936 4698 nostras
980 4642 1279 4710 expeditas.
1308 4638 1595 4693 Illuminati
1647 4650 1830 4693 autem
1886 4655 2094 4705 sumus,

532 4752 696 4790 unum
727 4745 918 4789 natura
953 4733 1115 4787 Deum
1147 4740 1521 4801 agnoscentes,
1546 4739 1600 4783 et
1621 4747 1653 4785 e
1694 4731 1933 4786 tenebris
1964 4731 2097 4799 qui-

530 4830 631 4884 bus
661 4843 757 4882 nos
812 4841 965 4881 error
1015 4823 1326 4893 multiplicis
1370 4822 1687 4878 idololatriae
1747 4823 2046 4877 involverat
2085 4862 2100 4888 ,

532 4920 756 4990 egressi.
802 4916 999 4973 Verum
1040 4916 1167 4984 qttid
1191 4916 1290 4970 sibi
1326 4916 1493 4970 velint
1530 4916 1705 4981 olim,
1740 4924 1796 4969 et
1826 4916 1954 4984 quid
1987 4930 2101 4968 mo—

532 5012 671 5066 verit
717 5012 930 5065 beatum
981 5008 1315 5077 prophetam,
1364 5020 1432 5062 ne
1487 5008 1718 5075 amplius
1760 5006 1960 5069 olivas,
2005 5005 2101 5062 sed

535 5116 715 5156 ramos
738 5101 914 5169 potius
938 5099 1200 5152 olivarum
1229 5097 1480 5153 dicendas
1509 5106 1745 5167 putaret,
1768 5112 1869 5166 age
1891 5098 2100 5166 disqui-

532 5206 739 5249 ramus.
776 5190 923 5244 Bona
956 5189 1140 5256 igitur,
1171 5204 1266 5243 seu
1303 5190 1560 5259 frugifera
1590 5190 1729 5244 oliva
1784 5190 2099 5247 Judmorum

528 5287 843 5352 Synagoga,
877 5280 1104 5351 agrestis
1127 5279 1268 5335 oliva
1306 5281 1547 5349 gentium
1581 5281 1868 5336 multitudo
1901 5292 2100 5337 vocata

538 5382 639 5429 est.
671 5372 762 5427 Sic
785 5373 928 5425 enim
958 5372 1193 5442 ipsarum
1230 5375 1418 5429 beatus
1454 5372 1651 5427 Paulus
1682 5373 1951 5439 meminit,
1981 5388 2103 5427 cre-

531 5464 728 5519 dentes
759 5476 822 5516 es
854 5463 1101 5531 gentibus
1129 5462 1445 5532 alloquens:
1487 5482 1502 5514 ι
1539 5462 1593 5517 Si
1626 5464 1771 5517 enim
1809 5472 1862 5517 tu
1888 5479 1953 5518 ex
1992 5480 2101 5515 na-

2203 4481 2306 4526 σις.
2346 4465 2433 4516 Ἑν
2466 4466 2605 4533 φωτὶ
2635 4463 2744 4532 γὰρ
2783 4465 2937 4535 ἡμῶν
2981 4466 3013 4535 ἡ
3046 4465 3256 4533 κλῆσις,
3291 4466 3384 4518 καὶ
3416 4466 3491 4528 ὼς
3528 4469 3585 4517 ἐν
3616 4466 3780 4532 ἐλαίῳ

2200 4554 2279 4625 τῷ
2315 4555 2467 4625 παρὰ
2494 4555 2648 4608 Θεοῦο
2680 4555 2837 4626 εἴπερ
2864 4558 3011 4609 ἐστὶν
3032 4559 3261 4626 ἀτρεκὲς
3293 4559 3490 4620 εἰπεῖν,
3526 4558 3602 4620 ὡς
3620 4558 3779 4628 ὴλεή·

2207 4647 2346 4717 μεθα
2409 4647 2529 4717 μὲν,
2591 4646 2823 4699 θανάτου
2865 4650 2957 4699 καὶ
3009 4648 3281 4718 ἁμαρτίας
3335 4648 3778 4717 ἀπηλλαγμένοι,

2203 4741 2295 4793 καὶ
2325 4740 2566 4802 δουλείας
2606 4741 2705 4811 τῆς
2734 4740 3095 4809 ἀρχαιοτάτης
3141 4739 3511 4800 ἀπολύσαντες
3545 4740 3635 4792 τὸν
3684 4740 3781 4791 αὐ·

2209 4830 2359 4901 χένα.
2408 4831 2810 4901 Πεφωτίσμεθα
2841 4831 2918 4893 δὲ,
2951 4832 3046 4883 ἕνα
3094 4831 3185 4883 τὸν
3222 4832 3380 4899 φύσει
3418 4831 3550 4883 Θεὸν
3598 4833 3777 4895 ἐπιγι-

2211 4919 2527 4985 νώσκοντες,
2558 4920 2653 4974 καὶ
2683 4924 2783 4990 τῆς
2813 4920 3075 4974 πολυθέου
3121 4921 3325 4992 πλάνης
3352 4922 3444 4973 τὸν
3475 4921 3665 4973 σκότον
3693 4922 3780 4971 ἐκ-

2210 5010 2524 5080 ϐεϐηκότες.
2562 5010 2719 5064 Ἀλλὰ
2750 5011 2831 5074 τίς
2861 5011 2927 5065 ἂν
2951 5012 3035 5082 εἴη
3067 5014 3157 5065 καὶ
3183 5014 3211 5063 6
3238 5012 3344 5064 τῶν
3382 5010 3575 5062 ἐλαιῶν
3602 5010 3777 5078 λόγος,

2210 5102 2262 5155 τί
2292 5101 2349 5155 δὲ
2374 5102 2483 5173 ἄρα
2518 5102 2577 5154 τὸ
2609 5102 2867 5164 πεπεικδς
2905 5103 2995 5155 τὸν
3043 5104 3309 5173 μακάριον
3353 5101 3662 5170 προφήτην,
3709 5101 3778 5170 μὴ

2203 5192 2268 5262 δὴ
2299 5194 2493 5265 χρῆναι
2530 5193 2709 5262 λέγειν
2755 5193 2924 5254 αὐτὰς
2968 5194 3151 5255 ἐλαίας
3191 5193 3290 5262 μὲν
3326 5191 3426 5252 ἔτι,
3470 5191 3698 5254 κλάδους
3726 5190 3778 5241 δέ

2209 5284 2406 5355 μᾶλλον
2440 5284 2653 5348 ἐλαιῶν,
2686 5286 2815 5355 φέρε
2845 5284 2927 5353 δὴ,
2957 5284 3087 5355 φέρε
3124 5283 3600 5355 περιαθρήσωμεν.
3639 5282 3776 5335 Καλ-
3838 5306 3848 5344 χ

2204 5377 2433 5440 λιέλαιος
2485 5379 2582 5447 μὲν
2633 5378 2812 5429 τοίνυν
2873 5376 3046 5446 ἡτῶν
3085 5375 3353 5431 Ἰουδαίων»
3401 5376 3772 5447 κεχρημάτικε
3824 5398 3851 5451 χ

2206 5466 2537 5536 Συναγωγή,
2583 5465 2891 5535 ἀγριέλαιος
2925 5481 2986 5532 γε
3048 5464 3152 5535 μὴν
3186 5464 3293 5518 τῶν
3346 5463 3514 5518 ἐθνῶν
3557 5464 3589 5533 ἠ
3640 5461 3774 5530 πληο

610 5638 660 5673 “
693 5636 888 5709 Epltcs.
927 5658 982 5707 tt,
1029 5642 1111 5696 I6.
1188 5643 1233 5674 ⁵⁵
1274 5640 1427 5696 Rom.
1472 5658 1548 5708 nt,
1591 5642 1678 5696 ει.
1722 5643 1765 5673 ⁵⁸
1808 5642 1848 5695 ιι
1892 5642 2033 5696 Petr.
2082 5657 2118 5706 ι,
2160 5642 2209 5695 4.

3833 5242 3845 5282 δ
