3936 6318
200 1154 206 1187 l

235 224 306 283 77

1089 222 1643 282 COMMENTARIUS
1680 225 1747 281 ΙΝ
1788 225 2191 283 ZACHARIAM
2225 225 2667 283 PROPHETAM.

3434 226 3501 284 78

238 335 353 397 θύς.
385 332 547 387 Οὕτω
597 334 708 404 γὰρ
745 334 925 390 αὐτῶν
972 336 1334 409 διαμέμνηται
1367 341 1460 393 καὶ
1490 342 1517 393 ὁ
1561 342 1829 412 μακάριος

1938 343 2094 396 turali
2145 341 2382 396 oleastro
2428 342 2643 397 excisus
2690 354 2771 407 es,
2817 349 2871 394 et
2916 349 3104 394 contra
3141 345 3501 396 naturamin-

239 425 482 489 Παῦλος,
535 425 710 494 λέγων
771 428 909 498 πρὸς
973 429 1099 490 τοὺς
1162 429 1222 493 ἐξ
1284 429 1455 482 έθνῶν
1499 432 1825 483 πιστεύσαν-

235 535 365 582 τας”
401 537 421 569 ι
458 519 523 572 El
553 518 665 589 γὰρ
702 521 764 572 σὺ
792 521 856 572 ὲκ
883 522 981 589 τῆς
1020 518 1162 573 κατὰ
1191 520 1351 587 φύσιν
1378 521 1643 590 ἐξεκόπης
1678 524 1827 593 ἀγρι-

240 610 455 675 ελαίου,
503 612 597 663 καὶ
638 611 788 681 παρὰ
834 610 997 679 φύσιν
1055 611 1468 683 ἐνεκεντρίσθης
1512 615 1591 674 εἰς
1640 613 1825 666 καλλι-

238 705 439 768 έλαιον,
474 703 657 773 πολλῷ
693 704 893 773 μᾶλλον
917 698 1060 756 οὗτοι
1094 706 1143 756 οἱ
1177 707 1317 757 κατὰ
1360 706 1521 773 φύσιν
1550 709 1828 777 ὲγκεντρι-

240 794 530 862 σθήσονται
574 797 643 863 τῇ
677 795 781 864 ἰδίᾳ
824 794 999 863 ἐλαίᾳ.
1029 813 1047 844 ι
1088 794 1295 847 υύκοῦν
1341 795 1678 855 καλλιέλαιος
1730 797 1827 865 μὲν

300 884 626 955 Συναγωγή,
661 883 912 955 καθάπερ
935 884 1070 954 ἔφην
1103 886 1306 956 ἀρτίως
1330 927 1345 952 ,
1374 887 1681 956 ἀγριέλαιος
1721 888 1827 958 δὲή

240 976 347 1028 τῶν
377 976 550 1028 ὲθνῶν
588 976 779 1044 ἀγέλη.
811 976 875 1027 ()l
925 978 1025 1045 μὲν
1058 976 1189 1047 γὰρ,
1237 977 1334 1048 τὴν
1384 976 1471 1029 διὰ
1500 978 1663 1046 νόμου
1699 978 1828 1030 παί-

240 1067 421 1121 δευσιν
467 1066 681 1137 ἔχοντες
702 1106 717 1131 ,
758 1066 859 1119 οὐκ
893 1065 1131 1137 ἄκαρποι
1165 1067 1435 1120 διετέλουν
1456 1085 1468 1097 ·
1520 1072 1568 1120 οἱ
1598 1068 1654 1121 δὲ
1688 1064 1829 1138 ἦσαν

204 1160 209 1217 ξ
245 1159 471 1231 σφηκῶν
494 1159 701 1229 ἀγρίων
728 1158 961 1229 ὲνδιαιτή
972 1176 1137 1226 ματα,
1167 1159 1345 1230 πλήρη
1372 1160 1663 1230 δαιμονίων
1689 1161 1829 1229 ἔχον·

241 1248 329 1315 τες
354 1253 450 1304 τὸν
473 1252 620 1312 νοῦν,
647 1252 739 1304 καὶ
768 1251 1012 1321 ἄκαρποι
1041 1252 1335 1315 παντελῶς.
1360 1252 1506 1323 Πλὴν
1532 1252 1655 1305 οὔτε
1680 1255 1830 1306 πᾶσα

242 1347 275 1415 ἡ
306 1344 418 1396 τῶν
455 1343 723 1396 Ἰουδαίων
756 1344 1050 1414 Συναγωγῇ
1082 1344 1177 1413 τὴν
1210 1346 1289 1406 εἰς
1338 1344 1465 1397 Υίὸν
1500 1345 1830 1416 παρεδέξατο

244 1438 444 1498 πίστιν,
477 1435 601 1489 οὔτε
635 1436 740 1506 μὴν
767 1437 860 1507 ὅλη
894 1436 1003 1489 τῶν
1048 1437 1217 1489 ἐθνῶν
1248 1438 1281 1506 ἡ
1313 1436 1520 1508 πληθύς
1541 1455 1555 1468 ο
1593 1438 1828 1502 ὲξεσπα-

247 1531 434 1598 σμένοι
467 1526 525 1578 δὲ
555 1526 747 1596 ὥσπερ
777 1528 861 1594 ἐφ’
905 1527 1142 1595 ἑκάστης
1183 1527 1439 1599 ὴλέηνται
1491 1528 1698 1593 πολλοὶ,
1736 1530 1831 1581 καὶ

244 1620 537 1687 κέκληνται
559 1616 647 1670 διὰ
674 1617 772 1685 τῆς
802 1616 1034 1679 πίστεως
1063 1618 1144 1680 είς
1173 1617 1263 1670 τὸν
1284 1618 1373 1670 διὰ
1393 1618 1488 1671 τοῦ
1517 1619 1830 1688 Πνεύματος

1930 442 2108 487 serlus
2155 448 2215 487 es
2270 433 2324 487 in
2366 432 2563 486 bonam
2612 430 2829 496 olivam,
2857 441 3063 500 quanto
3104 432 3275 501 magis
3314 434 3370 498 ii,
3411 437 3502 502 qui

1930 523 2227 578 secundum
2263 533 2511 576 naturam
2550 536 2661 575 sua:
2697 520 2853 575 oliva:
2893 521 3201 575 inserentur
3228 522 3316 576 ""t
3350 542 3367 575 ι
3412 524 3507 578 Est

1929 626 2060 683 ergo
2110 613 2249 667 bona
2284 613 2425 667 oliva
2466 611 2750 683 Synagoga
2774 652 2790 677 ,
2827 622 2887 667 ut
2922 611 3035 680 jam
3072 615 3224 679 dixi,
3270 617 3504 685 agrestis

1930 714 2108 757 autem
2149 720 2277 773 grex
2326 704 2589 773 gentium.
2626 702 2704 756 illi
2746 704 2891 756 enim
2926 720 3021 773 per
3068 704 3239 774 legem
3279 706 3503 769 eruditi,

1930 809 2147 863 semper
2194 804 2351 848 erant
2382 793 2628 863 frugiferi
2656 810 2669 846 :
2698 804 2754 846 at
2785 794 2872 847 isti
2919 794 3201 862 vesparum
3239 799 3504 849 atrocium

1930 886 2250 951 diversoria,
2306 894 2542 939 mentem
2587 885 2851 938 habentes
2882 884 3096 952 plenam
3148 887 3505 948 daatuouibus,

1930 984 1984 1031 et
2045 975 2363 1029 infructuosi
2424 990 2488 1029 ae
2541 974 2753 1029 steriles
2816 974 3058 1027 oumino.
3123 974 3505 1029 Verumtamen

1931 1082 2031 1121 nec
2069 1077 2177 1119 tota
2214 1066 2521 1121 indecorum
2553 1064 2836 1137 Synagoga
2863 1066 3022 1118 [idem
3055 1066 3108 1120 in
3154 1065 3349 1120 Filium
3390 1084 3510 1120 sus-

1931 1158 2117 1226 cepit,
2150 1172 2248 1211 nec
2272 1157 2512 1226 gentium
2545 1157 2896 1218 universitas,
2931 1157 3022 1210 sed
3052 1158 3208 1225 quasi
3251 1157 3509 1224 utrinque
3602 1154 3605 1155 ⁷

1934 1249 2184 1313 extracti,
2229 1248 2663 1303 misericordiam
2706 1248 2886 1315 adepti
2928 1258 3054 1300 sunt
3096 1248 3274 1311 multi,
3312 1257 3368 1302 et
3414 1263 3511 1316 per

1933 1340 2091 1395 ﬁdem
2133 1341 2197 1394 ad
2236 1340 2684 1393 illuminationem
2715 1355 2808 1408 per
2848 1340 3109 1407 Spiritum
3149 1342 3323 1393 vocati
3358 1352 3506 1394 sunt.

1933 1433 2089 1487 Rami
2124 1448 2254 1502 ergo
2284 1434 2549 1486 olivarum
2574 1434 2664 1501 qui
2690 1434 2919 1485 extracti
2947 1442 3095 1495 sunt,
3119 1434 3510 1487 convenienter

1934 1523 2163 1592 intelligi
2201 1531 2424 1591 queant,
2459 1523 2550 1591 qui
2580 1532 2634 1576 et
2678 1523 3111 1576 misericordiam
3144 1538 3241 1592 per
3274 1525 3507 1592 gratiam

1935 1616 2315 1679 invenerunt,
2372 1624 2428 1669 et
2493 1615 2640 1668 velut
2706 1615 2759 1667 in
2804 1615 2987 1668 lumen
3051 1614 3316 1683 lampadis
3348 1655 3365 1677 ,
3410 1618 3511 1669 hoc

245 1711 543 1780 φωτισμόν.
579 1711 779 1763 masc;
828 1710 893 1779 δὴ
940 1705 1033 1763 οῦν
1067 1710 1260 1762 ἐλαιῶν
1309 1713 1358 1762 οί
1411 1712 1825 1780 ἀπεσπασμένοι

1938 1717 2035 1771 est,
2076 1706 2302 1772 Christi,
2357 1714 2412 1758 et
2452 1717 2657 1775 septem
2711 1704 3093 1759 collucentium
3139 1706 3510 1766 lucernarum,

244 1803 430 1856 νοοῖντ’
459 1803 525 1855 ἂν
557 1803 802 1867 εἰκότως,
829 1802 878 1854 οἳ
914 1803 1009 1855 καὶ
1045 1802 1303 1870 ἡλέηνται
1335 1802 1421 1855 διὰ
1449 1805 1547 1873 τῆς
1584 1803 1827 1872 χάριτος,

246 1894 335 1946 καὶ
367 1893 444 1954 ὡς
476 1894 534 1944 ὲν
568 1892 709 1959 φωτὶ
760 1891 1012 1959 γεγόνασι
1040 1892 1134 1943 τοῦ
1184 1890 1507 1960 λαμπαδίου,
1552 1892 1828 1957 τουτέστι,

244 1983 503 2055 Χριστοῦ,
547 1984 640 2035 καὶ
673 1982 783 2034 τῶν
837 1981 977 2033 ἑπτὰ
1020 1982 1548 2051 συναναλαμπόντων
1601 1981 1829 2051 λύχνων,

245 2076 511 2139 τουτέστι,
545 2076 641 2143 τῆς
665 2073 773 2126 τῶν
813 2074 984 2141 ἁγίων
1012 2072 1270 2141 πληθύος.
1310 2073 1499 2144 ’Λθρει
1536 2073 1593 2127 δὲ
1623 2075 1771 2135 ὅπως
1805 2075 1833 2125 ὁ

247 2168 535 2228 θεσπέσιος
580 2166 810 2233 ἄγγελος
859 2166 939 2226 εἰς
972 2164 1157 2217 εἰκόνα
1201 2166 1294 2217 καὶ
1328 2163 1681 2217 ὑποτύπωσιν
1733 2163 1827 2217 τοῦ

258 2258 612 2331 Ἐμμανουήλ
672 2257 1038 2328 παραδέχεται
1082 2257 1143 2309 τὸ
1186 2257 1513 2328 λαμπάδιον.
1563 2256 1828 2327 Τεθειμέ-

245 2370 347 2404 νων
374 2352 486 2421 γὰρ
508 2351 617 2403 τῶν
646 2351 855 2403 κλάδων
887 2353 950 2402 ὲκ
980 2348 1168 2413 δεξιῶν
1199 2349 1387 2413 αὑτοῦ,
1420 2351 1513 2403 καὶ
1541 2350 1598 2416 ἐξ
1629 2348 1830 2402 εὐωνύ-

250 2461 362 2513 μων
392 2442 507 2510 (οὓς
540 2442 634 2493 καὶ
666 2442 813 2503 υἱοὺς
848 2440 945 2509 τῆς
974 2442 1228 2506 πιότητος
1259 2440 1511 2512 ὠνόμασε
1531 2441 1665 2508 δύο),
1698 2456 1831 2510 παρ-

248 2535 464 2587 εστάναι
501 2535 665 2602 φησὶν
695 2533 890 2595 αὐτοὺς
914 2532 992 2602 τῷ
1031 2532 1219 2603 Κυρίῳ
1246 2533 1421 2602 πάσης
1454 2536 1552 2603 τῆς
1584 2534 1706 2601 γῆς»
1732 2533 1831 2601 τῆς

251 2624 649 2694 παραστάσεως
692 2623 750 2674 ὲν
781 2622 972 2685 τύποις
1017 2622 1533 2693 κατασημαινούσης
1579 2620 1635 2675 εὖ
1687 2624 1833 2693 μάλα

249 2715 338 2787 τὴν
367 2715 678 2785 οἰκειότητα
700 2717 799 2784 τὴν
829 2715 1227 2785 πνευματικὴν,
1262 2717 1357 2769 καὶ
1388 2716 1449 2768 τὸ
1486 2716 1699 2786 ἕτοιμον
1731 2716 1831 2785 τῆς

249 2805 469 2876 γνώμης
494 2806 574 2867 εῐς
608 2821 670 2871 γε
700 2805 760 2856 τὸ
797 2804 908 2858 δεῖν
945 2806 1263 2858 ὑποκεῖσθαί
1310 2822 1371 2858 τε
1413 2806 1507 2857 καὶ
1538 2807 1832 2877 ὑπηρετεῖν

249 2897 413 2966 αὐτῷ.
436 2892 563 2948 Ὧδε
615 2897 725 2967 γὰρ
766 2897 832 2950 ἂν
861 2900 1033 2950 νοοῖτο
1064 2898 1295 2969 Χριστὸς
1329 2899 1683 2969 παραστήσας
1714 2901 1833 2951 ἑαυο

246 2992 324 3063 τῷ
348 2991 447 3062 τὴν
477 2990 826 3061 Ἐκκλησίαν,
847 2991 946 3059 τὴν
965 2990 1030 3042 ὲκ
1049 2989 1141 3043 δύο
1159 2990 1301 3042 λαῶν
1328 3007 1598 3061 συναγηγε
1606 3009 1636 3062 ρ
1644 2991 1829 3063 μένην.

248 3078 402 3132 Κατὰ
428 3076 638 3142 τοῦτον,
661 3074 834 3147 οἶμαι,
862 3077 953 3129 τὸν
977 3077 1178 3149 τρόπον
1204 3077 1281 3147 τῷ
1312 3079 1408 3148 τῆς
1439 3082 1833 3149 παραστάσεως

246 3172 471 3240 ὀνόματι
503 3170 600 3222 καὶ
622 3172 649 3221 ὀ
674 3168 959 3232 θεσπέσιος
986 3170 1192 3240 Μωσῆς
1222 3170 1672 3236 κατεκαλλύνετο,
1697 3170 1833 3224 Θεοῦ

248 3266 384 3334 πρὸς
417 3265 579 3317 αὑτὸν
607 3266 885 3334 εἰρηκότος
909 3278 921 3290 ·
949 3264 1019 3316 Σὺ
1050 3263 1105 3315 δὲ
1137 3263 1298 3315 αὑτοῦ
1332 3264 1487 3332 στῆθι
1527 3266 1643 3332 μετ’
1676 3264 1829 3333 ἐμοῦ.

246 3359 321 3409 υύ
354 3358 463 3426 γὰρ
494 3356 802 3427 ἀπόϐλητος
833 3359 865 3426 ἡ
900 3356 989 3408 διὰ
1036 3355 1201 3425 νόμου
1256 3356 1534 3417 παίδευσις
1576 3357 1727 3425 παρὰ
1769 3374 1831 3425 γε

246 3450 323 3519 τῷ
360 3452 536 3502 πάντα
566 3449 726 3500 εἰδότι
756 3447 892 3517 Θεῷ.
928 3446 1026 3499 Διὰ
1062 3447 1221 3500 ποίαν
1249 3447 1455 3513 αἰτίαν;
1492 3448 1838 3516 Παιδαγωγεῖ

1935 1800 2036 1851 hoc
2079 1808 2186 1858 (st.
2242 1808 2555 1852 sanctorum
2598 1796 2961 1850 multitudinis
3005 1806 3310 1850 evaserunt.
3344 1795 3512 1867 694

1931 1892 2320 1944 Animadverte
2373 1892 2592 1957 insuper
2639 1890 2911 1956 quomodo
2962 1904 3118 1941 sacer
3174 1890 3399 1957 angelus
3444 1891 3510 1941 ad

1934 1980 2225 2048 imaginem
2271 1988 2328 2032 et
2348 1977 2767 2047 descriptionem
2795 1977 3168 2030 Emmanuelis
3206 1978 3508 2046 lampadem

1934 2077 2196 2123 assumat.
2239 2067 2435 2122 Positis
2476 2068 2619 2119 enim
2664 2068 2830 2119 ramis
2870 2083 2898 2118 a
2940 2067 3145 2121 dextris
3183 2067 3300 2135 ejus
3345 2078 3399 2120 et
3432 2070 3512 2120 si-

1936 2162 2122 2215 nistris
2149 2160 2308 2230 (quos
2350 2168 2405 2213 et
2452 2161 2587 2213 duos
2632 2159 2773 2212 filios
2824 2159 3169 2228 pinguedinis
3216 2158 3509 2229 nominat),

1935 2262 2113 2307 astare
2133 2253 2252 2305 illos
2280 2252 2411 2306 dicit
2447 2252 2674 2306 Domino
2706 2252 2972 2305 universae
2999 2261 3175 2317 terrae,
3200 2251 3513 2305 assistentia
3580 2304 3587 2313 ι

1935 2346 2036 2398 hoc
2078 2344 2196 2397 loco
2253 2343 2683 2396 familiaritatem
2737 2352 2792 2396 et
2835 2351 3136 2412 promptam
3179 2342 3511 2397 voluntatem

1934 2436 2002 2491 ad
2069 2437 2119 2490 ei
2169 2437 2657 2504 obtemperandum
2717 2436 3247 2503 ministramlumque
3300 2434 3511 2502 signifi-

1933 2538 2114 2583 cante.
2150 2526 2242 2581 Sic
2265 2527 2409 2580 enim
2439 2537 2617 2595 potest
2649 2526 2876 2594 intelligi
2907 2526 3157 2579 Christus
3181 2525 3379 2579 fecisse
3405 2525 3513 2580 sibi

1934 2629 2116 2675 astare
2151 2619 2449 2673 Ecclesiam
2500 2632 2569 2671 ex
2605 2618 2817 2671 duobus
2853 2617 3064 2686 populis
3103 2627 3508 2685 congregatam.

1884 2755 1896 2769 .
1938 2713 2048 2769 Hoc
2066 2716 2244 2777 modo,
2263 2714 2476 2781 Opinor,
2500 2712 2720 2764 nomine
2742 2710 3068 2764 assistentite
3101 2712 3262 2763 etiam
3300 2710 3517 2762 divinus

1934 2806 2110 2860 Moses
2154 2816 2377 2858 ornatus
2412 2815 2517 2869 εει,
2551 2820 2672 2856 cum
2719 2802 2860 2854 Deus
2889 2803 2955 2855 ad
2984 2817 3105 2855 eum
3143 2802 3455 2870 loqueretur
3494 2818 3510 2856 :

1940 2917 1960 2949 ι
1981 2896 2059 2951 Tu
2076 2912 2201 2951 vero
2214 2906 2294 2950 sta
2313 2895 2423 2949 illic
2442 2910 2650 2949 mecum
2666 2893 2733 2947 ⁸⁸.
2760 2912 2777 2943 ι
2798 2893 2912 2946 Non
2938 2894 3082 2946 enim
3107 2893 3329 2961 legalem
3355 2892 3515 2946 iusti-

1941 2991 2202 3044 tutionem
2230 2988 2370 3043 Deus
2397 2989 2577 3043 omnia
2610 2988 2794 3042 sciens
2821 2984 3026 3054 abjicit.
3056 2986 3227 3052 Quum
3271 2986 3341 3039 ob
3371 3000 3517 3039 cau—

1938 3082 2092 3137 sam?
2122 3081 2257 3148 Quia
2304 3090 2390 3135 est
2437 3085 2756 3151 pmdagogus
2799 3080 2864 3132 ad
2904 3079 3177 3132 Christum
3205 3077 3273 3141 ",
3306 3087 3360 3130 et
3396 3087 3519 3130 tan-

1936 3189 2097 3244 quam
2148 3175 2199 3227 in
2248 3173 2392 3243 typis
2442 3183 2496 3227 et
2547 3173 2757 3226 umbris
2809 3173 2980 3241 ipsam
3030 3171 3188 3224 nobis
3229 3170 3517 3223 veritatem

1939 3266 2191 3335 parturit.
2242 3264 2420 3319 Testis
2463 3264 2713 3319 Christus
2758 3265 2895 3334 ipse,
2936 3263 3016 3317 sic
3058 3260 3270 3315 aliunde
3299 3260 3516 3316 iudices

1939 3358 2270 3421 incredulus,
2328 3376 2346 3408 ‹
2385 3357 2441 3410 Si
2481 3356 2779 3410 crederetis
2828 3355 2985 3418 Mosi,
3028 3355 3212 3421 utique
3251 3354 3513 3406 credere-

1940 3454 2007 3504 tis
2032 3460 2087 3505 et
2121 3450 2290 3511 mihi;
2320 3450 2387 3503 de
2427 3464 2513 3502 me
2544 3449 2687 3501 enim
2727 3448 2816 3503 ille
2852 3448 3074 3512 scripsit
3099 3446 3167 3500 υ.
3206 3464 3225 3497 ι

248 3543 356 3612 γὰρ
385 3544 463 3603 εἰς
491 3541 724 3609 Χριστὸν
751 3542 843 3593 καὶ
871 3540 946 3602 ὡς
975 3541 1032 3592 ἐν
1065 3540 1253 3603 τύποις
1301 3541 1394 3592 καὶ
1426 3544 1604 3605 σκιαῖς
1634 3542 1801 3612 αὐτὴν
1836 3544 1964 3613 ἡμῖν
2004 3544 2182 3597 ὠδίνει
2249 3543 2349 3613 τὴν
2384 3542 2657 3610 ἀλήθειαν,
2702 3541 2795 3594 καὶ
2832 3540 2989 3592 τοῦτο
3037 3522 3181 3609 qui;
3246 3534 3517 3591 πιστώσε-

248 3649 339 3685 ται
365 3630 538 3698 λέγων
566 3630 725 3691 αὐτὸς
754 3632 782 3681 ὁ
819 3630 1054 3700 Χριστὸς
1088 3630 1223 3701 πρὸς
1255 3633 1377 3694 τοὺς
1424 3632 1785 3693 ἀπιστοῦντας
1823 3634 2106 3696 Ἰουδαίους
2133 3651 2147 3664 ·
2196 3653 2213 3683 ι
2247 3635 2306 3685 Εἰ
2342 3634 2653 3685 ἐπιστεύετε
2684 3634 2892 3697 Μωσεῖ,
2933 3630 3248 3682 ἐπιστεύετε
3283 3632 3345 3681 ἂν
3370 3629 3514 3698 ἐμοί’

250 3726 380 3796 περὶ
405 3727 517 3796 γὰρ
546 3724 680 3794 ἐμοῦ
712 3726 919 3788 ἐκεῖνος
947 3724 1176 3795 ἔγραψε.
1216 3746 1232 3775 ι

866 3860 1114 3915 ΚΕΦΔΛ.
1150 3862 1223 3915 E’.

321 3996 429 4050 Kal
464 3993 829 4062 ἐπέστρεψα,
867 3995 965 4048 καί
992 3991 1109 4064 ἦρα
1139 3994 1278 4061 τοὺς
1320 3997 1663 4065 ὀφθαλμούς
1690 4014 1832 4065 μου,

252 4084 349 4138 καὶ
387 4084 540 4147 ἰδον,
572 4084 669 4135 καὶ
699 4082 829 4136 ἰδοὺ
855 4082 1154 4150 δρέπανον
1178 4085 1524 4153 πετόμενον.
1558 4087 1667 4140 Kal
1703 4083 1835 4141 εἷπε

252 4178 405 4244 πρός
449 4192 558 4243 με’
606 4175 782 4228 Τίσύ
818 4175 1109 4240 βλέπεις;
1151 4177 1259 4229 Καὶ
1309 4173 1481 4229 εἴπα-
1530 4178 1670 4246 Ἐγὼ
1720 4177 1834 4247 ὁρῶ

251 4268 549 4337 δρέπανον
579 4269 908 4335 πετόμενον
939 4266 1176 4335 μήκους
1205 4269 1447 4337 πήχεων
1485 4271 1702 4335 εἴκοσι,
1736 4270 1834 4325 καὶ

251 4359 526 4426 πλάτους
570 4358 812 4427 πήχεων
848 4358 1014 4412 δέκα.
1043 4358 1152 4413 Καὶ
1183 4354 1313 4412 εἶπε
1345 4361 1494 4427 πρός
1530 4377 1605 4429 με
1625 4378 1639 4391 ·
1674 4360 1834 4429 Αὕτη

252 4455 287 4521 ἠ
317 4451 437 4520 ἀρὰ
465 4453 503 4519 ἡ
536 4449 979 4519 ἐκπορευομένη
1009 4450 1103 4503 ἐπὶ
1137 4450 1462 4518 πρόσωπον
1494 4452 1698 4518 πάσης
1729 4450 1837 4519 τῆς

252 4543 384 4612 γῆς.
416 4545 571 4597 Ardet
603 4541 722 4608 πᾶς
746 4545 778 4595 ὁ
806 4541 1071 4608 κλέπτης
1096 4542 1163 4594 ἐκ
1190 4545 1404 4596 τούτου
1432 4542 1543 4606 ἕως
1573 4543 1831 4598 θανάτου

248 4633 741 4700 ὲκόικηθήσεται,
781 4634 878 4685 καὶ
929 4632 1050 4698 πᾶς
1092 4636 1125 4686 ό
1171 4634 1450 4701 ἐπίορκος
1494 4635 1563 4687 ἐκ
1617 4638 1832 4689 τούτου

248 4728 353 4795 ἕως
404 4727 668 4783 θανάτου
720 4725 1196 4794 ἐκδικηθήσεται.
1241 4724 1351 4779 Καὶ
1400 4725 1618 4790 ἐξοίσω
1661 4726 1829 4792 αὐτὸ,

250 4818 409 4890 λέγει
447 4822 666 4886 Κύριος
704 4817 1142 4886 παντοκράτωρ,
1177 4815 1274 4870 καί
1304 4817 1715 4871 εἰσελεύσεται
1744 4820 1833 4885 είς

252 4910 352 4965 τὸν
394 4911 568 4965 οἷκον
622 4910 726 4964 τοῦ
766 4910 1051 4973 κλέπτου,
1100 4910 1199 4963 καὶ
1232 4911 1320 4975 είς
1365 4911 1475 4961 τὸν
1510 4904 1679 4963 οἷκον
1725 4911 1831 4965 τοῦ

251 5004 579 5070 ὀμνύοντος
610 5001 693 5067 τῷ
731 5001 976 5070 ὀνόματί
1011 5019 1130 5070 μου
1159 5000 1260 5054 ἐπί
1307 4998 1546 5067 ψεύδει,
1582 5000 1682 5055 καί
1729 5018 1831 5055 κα-

2602 3861 2753 3914 CAP.
2792 3861 2850 3913 ι’.

2010 4000 2173 4057 Vens.
2213 4000 2325 4054 1-4.
2383 4002 2449 4053 Et
2493 4016 2770 4053 conversus
2830 4015 2944 4052 sum
2975 4039 2989 4062 ,
3033 4012 3081 4052 et
3134 4000 3300 4053 levavi
3338 4002 3517 4055 oculos

1938 4106 2099 4153 meos,
2126 4098 2175 4142 et
2199 4089 2324 4155 vidi,
2355 4099 2399 4141 et
2436 4105 2549 4142 ecce
2584 4089 2699 4156 falx
2742 4088 2939 4142 volans.
2984 4086 3050 4140 Et
3090 4088 3224 4140 dixit
3274 4091 3342 4141 ad
3394 4106 3473 4142 me
3497 4107 3515 4143 :

1941 4181 2081 4246 Quid
2114 4190 2169 4234 tu
2199 4182 2381 4235 vides?
2409 4179 2478 4234 Et
2507 4182 2621 4234 dixi
2649 4197 2667 4233 .'
2695 4179 2806 4250 Ego
2836 4182 2984 4234 video
3019 4181 3210 4252 falcem
3236 4182 3515 4246 volantem,

1938 4274 2282 4343 longitudinis
2334 4273 2627 4327 cubitorum
2684 4275 2890 4343 viginti,
2950 4283 2996 4327 et
3056 4273 3357 4327 latitudinis
3420 4292 3520 4327 cu-

1942 4366 2169 4419 bitorum
2228 4367 2423 4420 decem.
2496 4364 2563 4417 Et
2618 4367 2757 4418 dixit
2819 4370 2888 4419 ad
2955 4383 3034 4419 me
3082 4380 3101 4419 :
3164 4366 3290 4420 IIa'c
3356 4369 3519 4419 malr-

1938 4458 2101 4511 dictio
2154 4473 2271 4527 qua:
2329 4458 2592 4526 egreditur
2639 4474 2794 4523 super
2844 4458 3037 4528 faciem
3100 4460 3355 4510 univcrsw
3412 4469 3518 4509 ter—

1940 4564 2033 4602 rw.
2069 4547 2206 4612 Quia
2234 4548 2403 4600 omnis
2437 4547 2525 4614 {ur
2555 4563 2619 4599 ea:
2649 4546 2745 4599 hoc
2775 4565 2934 4617 usque
2969 4548 3036 4600 ad
3073 4558 3292 4601 mortem
3323 4548 3514 4617 punie-

1940 4651 2027 4692 tur
2056 4654 2073 4692 :
2104 4649 2150 4693 et
2175 4639 2342 4691 omnis
2364 4638 2609 4706 perjurus
2642 4656 2704 4692 ea:
2737 4644 2833 4692 hoc
2858 4657 3018 4708 usque
3048 4646 3116 4692 ad
3151 4650 3370 4694 mortem
3402 4657 3518 4691 cru-

1941 4732 2190 4787 ciabitur.
2217 4729 2286 4784 Et
2310 4740 2529 4784 educam
2550 4730 2708 4796 illud,
2728 4732 2854 4785 dicit
2881 4731 3138 4786 Dominus
3160 4733 3514 4799 omnipotens,

1938 4831 1986 4875 et
2009 4823 2329 4890 ingredietur
2349 4822 2403 4872 in
2426 4821 2636 4874 domum
2655 4822 2816 4892 furis,
2835 4833 2879 4875 et
2906 4824 2959 4876 in
2976 4827 3185 4875 domum
3203 4822 3441 4891 juranlis
3462 4823 3515 4875 iu

1940 4914 2149 4967 nomine
2176 4929 2289 4966 meo
2308 4914 2361 4965 in
2375 4914 2667 4980 mendacio,
2687 4926 2735 4968 et
2767 4915 3047 4981 requiescet
3066 4915 3119 4967 in
3136 4914 3304 4966 medio
3326 4915 3513 4966 domus

1938 5005 2077 5075 ejus,
2104 5015 2154 5058 et
2181 5014 2446 5059 consumet
2473 5022 2612 5069 eam,
2650 5014 2698 5059 et
2728 5005 2872 5074 ligna
2906 5006 3041 5074 ejus,
3063 5015 3112 5059 et
3140 5004 3340 5071 lapides
3373 5004 3511 5073 ejus.

250 5096 499 5148 ταλύσει
541 5095 611 5147 ἐν
635 5092 804 5161 μέσῳ
850 5091 956 5145 τοῦ
997 5092 1166 5145 οἴκου
1230 5094 1435 5159 αὑτοῦ,
1488 5095 1585 5149 καὶ
1631 5094 1989 5149 συντελέσει
2050 5096 2258 5161 αὑτὸν,
2323 5096 2523 5151 καὶτὰ
2551 5095 2708 5161 ξύλα
2738 5096 2948 5161 αὑτοῦ,
3009 5095 3276 5160 καὶτοὺς
3302 5096 3513 5161 ,λίθους

249 5185 454 5241 αὐτοῦ.

313 5272 457 5333 ΚΘ’.”
476 5275 571 5337 Τὸ,
603 5274 968 5343 ἐπέστρεψα,
992 5275 1153 5327 πάλιν
1177 5278 1233 5328 ὲν
1262 5274 1489 5340 τούτοις,
1522 5278 1621 5330 οὐκ
1652 5277 1735 5339 ἂν,
1761 5274 1835 5331 οἶ-

252 5386 363 5438 μαι,
405 5368 491 5432 τὶς
524 5366 815 5421 ὲκλάὄοιτο
842 5366 936 5418 ἐπὶ
976 5366 1172 5420 τόπου⁹
1217 5366 1333 5420 ἀλλ’
1375 5366 1449 5431 ὡς
1501 5370 1558 5422 ὲν
1607 5368 1829 5439 ἀμείψει

250 5461 405 5515 πάλιν
450 5463 517 5530 τῇ
570 5454 698 5517 καθ’
728 5457 918 5527 ἑτέραν
968 5459 1176 5528 ὅρασιν.
1224 5458 1666 5528 Ἑκκοπτομένης
1720 5460 1826 5527 γὰρ

2008 5274 2197 5330 XXIX.
2256 5276 2455 5332 lterum
2516 5280 2570 5334 in
2621 5280 2703 5333 his
2766 5277 2987 5334 verbum
3036 5295 3313 5335 conversus
3366 5300 3506 5350 sum,

1937 5382 2118 5433 nemo,
2160 5376 2219 5420 nt
2246 5368 2521 5436 existimo,
2555 5371 2623 5424 de
2657 5369 2774 5424 loco
2802 5370 3270 5440 interpretabitur,
3314 5376 3409 5428 sed
3443 5377 3511 5431 de

1934 5458 2231 5510 mutatione
2258 5460 2553 5511 secundum
2586 5459 3117 5519 alteram‘visionem.
3150 5461 3336 5520 Priore
3362 5464 3505 5521 enim

348 5634 390 5661 ⁸τ
427 5633 588 5688 Rom.
635 5646 711 5693 χι.
751 5630 841 5683 21.
921 5630 965 5660 ⁸⁸
1010 5633 1160 5686 Deut.
1196 5647 1247 5696 ν,
1288 5633 1374 5685 51.
1418 5635 1460 5664 ⁵³
1504 5633 1678 5688 Gulut.
1724 5631 1804 5701 ιιι,
1845 5648 1847 5657 ‘

2014 5635 2056 5664 '°
2094 5633 2249 5689 Joan.
2299 5651 2344 5699 ι’,
2388 5635 2477 5690 46.
