3936 6318
496 238 575 293 ’79
1628 235 1904 291 CYRlLLl
1946 236 2409 292 ALEXANDRINI
2452 236 2770 296 ARCHIEI’.
3677 241 3747 294 80

506 350 670 407 veluti
695 350 937 420 praecisa,
976 350 1285 419 visioneque
1338 352 1403 406 ad
1457 351 1615 405 aliam
1655 351 2048 419 contemplatio-

2170 352 2357 422 ὥσπερ
2384 354 2480 422 τῆς
2514 354 2764 424 πρώτης,
2828 352 2919 406 καὶ
2970 351 3380 423 μεταφοιτώσης
3422 350 3521 422 τῆς
3573 350 3749 422 ὅψεως

510 458 630 497 nem
665 451 998 508 transeunte,
1028 444 1248 497 nomine
1279 445 1654 498 conversionis
1692 446 1741 499 id
1769 445 1911 512 quod
1941 459 2068 499 eve-

507 534 587 587 nit
630 535 791 588 tacite
841 534 1062 587 indicat.
1119 533 1313 587 Mentis
1368 533 1531 601 igitur
1579 535 1764 589 oculos
1814 536 1864 588 in
1902 535 2067 589 altum

508 625 664 688 tollit,
693 624 883 678 deinde
911 624 1099 678 falcem
1136 627 1252 678 avis
1287 626 1459 678 instar
1487 625 1539 679 in
1585 624 1813 680 sublime
1846 625 2068 691 elatam,

503 725 557 768 et
578 715 729 782 quasi
762 714 813 767 in
860 723 1027 767 totum
1075 717 1260 770 orbem
1313 716 1650 771 desilientem
1684 717 1847 771 videt.
1901 716 2067 788 695

502 804 576 859 Ea
615 814 735 859 erat
763 819 1023 873 perquam
1066 805 1173 859 lata
1225 816 1280 861 et
1312 807 1491 876 longa.
1528 806 1662 861 Nam
1693 809 1869 863 viceni
1899 808 2066 863 cubiti

501 894 775 964 longitudo
797 894 932 962 ejus,
975 894 1128 965 cujus
1164 896 1441 951 dimidium
1482 897 1705 953 latitudo
1736 898 2063 953 continebat.

498 985 784 1052 Quaerente
824 1001 1041 1039 rursum
1086 986 1279 1055 angelo
1319 987 1445 1056 quid
1500 997 1663 1054 esset,
1712 998 1768 1043 et
1804 990 2063 1059 propheta

498 1077 875 1146 respondente,
904 1091 961 1130 se
992 1077 1202 1131 nescire
1232 1095 1246 1131 :
1273 1096 1290 1128 ι
1324 1077 1469 1143 Haec,
1506 1080 1681 1149 inquit
1706 1080 1817 1146 ille,
1832 1088 1916 1135 est
1945 1096 2062 1134 ma-

497 1169 715 1223 ledictio
742 1169 1030 1238 egrediens
1069 1183 1230 1238 super
1267 1170 1460 1224 faciem
1506 1173 1774 1227 universa:
1818 1180 1995 1238 terrae,
2036 1191 2055 1224 ι

495 1270 550 1314 et
613 1261 789 1329 poenis
846 1262 1293 1328 respondentibus
1353 1262 1578 1317 induens
1646 1262 1944 1332 perjurum,
2007 1270 2063 1315 et

493 1364 617 1402 cum
648 1364 712 1403 eo
746 1349 939 1403 furem.
976 1349 1041 1402 Et
1077 1351 1219 1419 quod
1272 1350 1486 1418 quidem
1522 1351 1586 1403 ad
1629 1351 2058 1406 manifestiorem

496 1440 654 1509 hujus
687 1442 887 1495 ostenti
923 1440 1348 1496 declarationem
1392 1442 1603 1506 attinet,
1636 1443 1780 1496 nulla
1818 1452 1900 1497 est
1925 1441 2061 1497 dilli-

490 1516 688 1583 cultas.
753 1530 1057 1585 Maledictio
1099 1530 1241 1585 enim
1294 1532 1471 1585 divina
1517 1533 1663 1587 fures
1714 1543 1767 1587 et
1810 1549 1929 1587 cum
1975 1535 2057 1589 his

491 1621 731 1690 pejerare
778 1619 967 1676 solitos
1012 1621 1167 1691 plane
1213 1624 1520 1690 occupabit,
1568 1634 1622 1677 et
1672 1624 2054 1693 propemodum

2172 446 2257 501 ἐπὶ
2301 445 2531 514 θεωρίαν
2573 446 2785 514 ἐτέραν,
2820 443 2897 514 τῷ
2933 443 3032 514 τῆς
3066 442 3401 513 ἐπιστροφῆς
3433 442 3655 510 ὀνόματι
3690 444 3749 495 τὸ

2173 532 2387 601 συμϐὰν
2438 532 2745 597 ὑποφαίνει.
2776 531 2931 602 Λῖρει
2974 531 3150 584 τοίνυν
3188 533 3267 594 είς
3301 529 3434 600 ὕψος
3481 531 3584 601 τῆς
3629 531 3748 584 δια-

2170 622 2315 685 νοίας
2350 625 2475 685 τοὺς
2508 623 2853 691 ὀφθαλμοὺς,
2895 618 3011 675 εἶτα
3055 622 3319 692 δρέπανον
3362 623 3496 692 ὁρᾷ,
3542 621 3746 690 πτηνοῦ

2168 713 2345 783 δίκην,
2376 713 2511 782 ὑψοῦ
2553 731 2612 765 τε
2639 713 2897 783 ἠρμένον,
2928 713 3023 765 καὶ
3059 709 3171 766 οἷον
3208 714 3287 774 είς
3326 715 3505 766 πᾶσαν
3535 713 3748 784 διᾷττον

2166 803 2265 874 τὴν
2297 805 2419 875 γῆν.
2445 800 2551 857 Ἦν
2584 805 2639 857 δὲ
2689 804 2752 874 δὴ
2783 804 2901 856 λίαν
2941 801 3071 873 εὐρύ
3118 819 3179 855 τε
3223 803 3317 855 καὶ
3349 801 3610 872 εὔμηκες.
3647 804 3744 855 Εἰ-

2167 896 2452 965 κοσάπηχυ
2485 895 2585 964 μὲν
2615 894 2721 965 γὰρ
2748 894 2809 947 τὸ
2841 895 3011 964 μῆκος
3038 893 3206 963 αὐτῷ,
3234 895 3291 946 ἐν
3323 893 3508 965 ἡμίσει
3532 894 3590 946 δέ
3620 893 3744 947 τού-

2164 1002 2256 1039 του
2286 985 2347 1038 τδ
2381 985 2601 1049 πλάτος.
2639 986 2932 1057 Ἐρομένου
2966 984 3022 1037 δὲ
3052 983 3145 1037 τοῦ
3186 985 3440 1052 ἀγγέλου,
3471 984 3524 1037 τί
3558 984 3624 1037 ἂν
3654 984 3741 1053 εἴη

2164 1076 2359 1142 πάλιν,
2410 1078 2503 1129 καὶ
2554 1078 2628 1147 μὴ
2676 1076 2876 1130 εἰδέναι
2928 1075 3226 1145 φάσκοντος
3276 1076 3370 1128 τοῦ
3424 1076 3739 1146 προφήτου,

2170 1188 2188 1219 r
2217 1167 2387 1237 Αὕτη,
2416 1170 2600 1237 φησὶν,
2631 1170 2663 1238 ἡ
2693 1168 2867 1239 ἀρά’ἡ
2895 1168 3302 1238 ἐκπορευομένη
3332 1166 3424 1220 ἐπὶ
3450 1166 3741 1237 πρόσωπον

2163 1261 2343 1330 πάσης
2374 1264 2471 1332 τῆς
2511 1250 2635 1329 γῆς,
2664 1280 2680 1312 ι
2716 1259 2811 1313 καὶ
2845 1264 2966 1323 ταῖς
2998 1261 3132 1332 αὑτῇ
3170 1260 3506 1332 πρεπούσαις
3536 1262 3740 1313 ἐνιεῖσα

2162 1354 2371 1414 ποιναῖς
2397 1353 2487 1404 τὸν
2508 1353 2783 1423 ἐπίορκον,
2815 1352 2907 1404 καί
2937 1351 3032 1405 σὺν
3058 1353 3205 1421 αὐτῷ
3230 1353 3319 1404 τὸν
3348 1351 3606 1421 κλέπτην.
3630 1351 3739 1401 Καὶ

2159 1440 2281 1492 ὅσον
2320 1442 2418 1505 μέν
2449 1442 2571 1511 ἥκει
2599 1443 2677 1504 είς
2704 1440 3115 1510 ἐμφανεστέραν
3160 1440 3390 1511 δήλωσιν
3418 1438 3516 1509 τὴν
3542 1437 3633 1490 ἐπί
3671 1454 3736 1505 γε

2159 1534 2235 1603 τῷ
2262 1533 2607 1603 δεδειγμένιρ,
2632 1534 2888 1604 δυσχερὲς
2916 1535 3086 1587 οὐδέν.
3125 1534 3255 1602 Ἀρά
3283 1533 3389 1602 γὰρ
3414 1532 3533 1585 θεία
3558 1532 3734 1599 πάντη

2157 1642 2216 1677 τε
2252 1625 2345 1678 καὶ
2379 1625 2596 1687 πάντως
2640 1620 3152 1696 κατανεμηθήσεται
3182 1627 3307 1688 τοὺς
3338 1625 3598 1690 κλέπτας,
3637 1624 3735 1676 καὶ

486 1713 625 1767 falce
647 1721 930 1781 protervos
953 1713 1253 1778 demetens,
1275 1712 1455 1767 fenum
1482 1722 1741 1768 tectorum
1763 1716 1948 1769 reddet
1970 1716 2048 1783 “,

2156 1716 2377 1786 προσέτι
2427 1716 2523 1769 σὺν
2568 1715 2778 1779 τούτοις
2826 1718 2948 1779 τοὺς
2986 1716 3304 1787 ψευδορκεῖν
3354 1715 3608 1778 εἰωθότας
3640 1718 3736 1769 καὶ

486 1814 541 1858 et
568 1803 675 1873 igni
697 1803 1011 1858 alimentum
1041 1803 1208 1869 dabit,
1234 1813 1289 1857 et
1318 1806 1367 1856 in
1409 1804 1624 1857 domum
1658 1804 1757 1857 viri
1790 1807 2050 1873 ingressa,

491 1894 649 1946 talem
685 1906 876 1946 rursus
909 1891 1093 1958 ipsum.
1130 1891 1403 1955 conficiet,
1451 1901 1505 1946 et
1544 1893 1765 1960 agitabit
1811 1904 2049 1949 strenue.

487 1985 694 2039 Censeo
737 1996 899 2050 porro
944 1997 1137 2036 causas
1189 1983 1502 2050 proficiendi
1557 1984 1733 2037 studio
1784 1987 2051 2041 curiosius

489 2075 929 2144 perscrutandas,
961 2073 1029 2128 ob
1065 2088 1201 2143 quas
1233 2089 1471 2143 praesens
1500 2089 1662 2142 quam
1709 2076 1759 2128 iu
1807 2079 2053 2132 manibus

495 2169 756 2222 habemus
790 2167 928 2221 visio
967 2167 1179 2221 caeteris
1222 2167 1433 2236 adjnngi
1473 2166 1679 2220 debuit.
1724 2165 1900 2232 Quare
1949 2170 2053 2238 (in-

486 2260 639 2325 quiet
674 2253 865 2325 aliquis
902 2257 1176 2327 aequitatis
1222 2257 1613 2324 studiosorum)
1656 2272 1777 2309 cum
1820 2257 2050 2325 plurima

485 2359 706 2419 peccata
738 2349 1210 2403 committerentur
1246 2348 1300 2400 in
1343 2348 1474 2410 vita,
1514 2357 1568 2402 et
1610 2357 1720 2401 tum
1756 2349 1845 2402 lilii
1886 2349 2052 2403 Israel

484 2438 713 2490 diversis
752 2450 810 2489 se
853 2435 1173 2489 criminibus
1212 2438 1723 2505 commaculassent,
1760 2439 1888 2494 solis
1922 2439 2051 2493 furi-

481 2530 583 2581 bus
627 2535 681 2581 et
729 2525 961 2594 perjuris
1016 2523 1340 2592 supplicium
1402 2524 1552 2581 falcis
1584 2528 1853 2595 ingruisse
1897 2530 2048 2594 dicit,

420 2665 425 2672 .
482 2617 597 2670 sive
638 2616 821 2686 egredi
865 2614 1319 2679 maledictionem,
1364 2616 1746 2672 detondentem
1787 2634 1922 2687 quos
1961 2621 2051 2675 de-

484 2706 851 2777 prehenderit,
892 2715 946 2759 et
969 2716 1376 2760 consumentem
1411 2709 1672 2776 penitus?
1704 2712 1787 2765 Ad
1812 2711 1926 2766 haec
1965 2727 2048 2765 re-

493 2800 841 2866 spondemus,
868 2798 1033 2851 Deum
1075 2796 1302 2865 singulis
1339 2799 1666 2865 temporibus
1691 2803 2048 2855 conducentia

449 2891 723 2944 .locutum
781 2901 905 2942 esse
953 2900 1047 2955 per
1099 2887 1389 2954 prophetas
1438 2896 1654 2943 sanctos
1709 2891 2049 2945 audientibus

414 3026 415 3029 η
460 2993 694 3049 semper
726 2976 1118 3033 consulentem.
1155 2974 1250 3029 Illo
1288 2977 1451 3046 igitur
1479 2986 1718 3047 tempore
1747 2982 2049 3036 viventibus

2160 1807 2440 1875 μονονουχὶ
2466 1806 2714 1877 δρεπάνῳ
2746 1808 2869 1868 τοὺς
2902 1807 3160 1877 ὑϐριστὰς
3187 1807 3570 1877 ἀποκείρουσα,
3600 1807 3732 1877 χόρ-

2155 1912 2243 1949 τον
2270 1896 2534 1964 ἀποφανεῖ
2556 1896 2837 1966 δωμάτων,
2866 1897 2959 1949 καὶ
2988 1898 3121 1966 πυρὶ
3166 1896 3355 1949 λδὼσει
3383 1898 3606 1967 τροφὴν,
3634 1899 3732 1949 καὶ

2156 1988 2235 2048 είς
2264 1983 2409 2040 οἶκον
2459 1987 2649 2057 ἀνδρὸς
2694 1987 2991 2053 εἰσελῶσα,
3025 1987 3266 2040 τοιοῦτον
3314 1988 3621 2042 συντελέσει
3668 2007 3730 2041 τε

2155 2077 2314 2130 πάλιν
2350 2077 2534 2141 αὑτὸν,
2583 2079 2676 2131 καὶ
2720 2079 3071 2148 καταδονήσει
3118 2079 3400 2147 γεννικῶς.
3433 2080 3644 2150 Χρῆναι
3673 2080 3731 2133 δὲ

2153 2164 2303 2237 οἶμαι
2343 2168 2651 2238 φιλομαθῶς
2681 2170 3149 2240 πολυπραγμονεῖν
3175 2171 3274 2233 τάς
3304 2172 3497 2235 αἰτίας,
3532 2173 3616 2239 ἐφ’
3640 2168 3731 2234 αἷς

2154 2258 2186 2327 ἡ
2219 2257 2485 2328 παροῦσα,
2514 2260 2607 2310 καὶ
2636 2260 2692 2311 ἐν
2726 2260 2909 2329 χερσὶν
2956 2262 3086 2329 ἡμῖν
3116 2262 3323 2329 ὅρασις,
3350 2260 3425 2323 ὡς
3458 2261 3731 2329 ἀναγκαία

2152 2352 2270 2412 ταῖς
2298 2350 2483 2412 ἄλλαις
2512 2351 3029 2420 συνεισκεκόμισται.
3073 2351 3211 2402 ’Λνο’
3232 2353 3355 2404 ὅτου
3380 2351 3457 2414 δὲ,
3485 2350 3617 2421 φαίη
3642 2368 3731 2414 τις

2153 2440 2217 2493 ἂν
2262 2440 2369 2494 τῶν
2404 2442 2835 2512 ἐπιεικεστέρων,
2871 2442 3138 2495 πλείστων
3186 2459 3244 2493 τε
3287 2443 3425 2495 ὅσων
3467 2442 3728 2513 πλημμε-

2152 2529 2405 2599 λημάτων
2450 2535 2616 2588 ὅντων
2664 2533 2805 2586 κατὰ
2846 2535 2938 2585 τὸν
2999 2531 3131 2601 βίον,
3177 2534 3271 2585 καὶ
3312 2534 3416 2602 μὴν
3449 2534 3504 2585 ἐν
3540 2532 3730 2601 διαφό-

2152 2637 2267 2689 ροις
2299 2620 2465 2675 ὄντων
2498 2624 2835 2691 αἰτιαμάτων
2869 2622 2929 2675 τὸ
2958 2623 3215 2694 τηνικάδε
3242 2624 3349 2676 τῶν
3385 2622 3442 2687 ἐξ
3487 2622 3729 2694 Ἰσραὴλ.

2152 2711 2293 2763 κατά
2324 2711 2496 2780 μόνων
2526 2712 2771 2766 κλεπτῶν
2797 2730 2857 2766 τε
2878 2714 2973 2766 καὶ
2999 2712 3342 2783 ψευδομοτῶν
3381 2712 3478 2783 τὴν
3503 2713 3589 2765 διὰ
3627 2713 3731 2765 τοῦ

2149 2800 2413 2872 δρεπάνου
2462 2803 2652 2874 ποινὴν
2702 2804 3040 2874 ἐπηρτῆσθαί
3094 2821 3277 2872 φησιν,
3329 2802 3494 2872 ἤγουν
3555 2805 3733 2856 ἐκπο-

2154 2891 2402 2960 ρεύεσθαι
2427 2893 2521 2963 τὴν
2552 2894 2709 2963 ἀρὰν,
2741 2895 3139 2963 ἀποκείρουσαν
3163 2895 3287 2957 τοὺς
3314 2895 3733 2965 ἁλισκομένους,

2151 2986 2245 3037 καὶ
2285 2985 2636 3039 συντελοῦσαν
2670 2986 2748 3047 είς
2780 2985 2960 3051 ἆπαν;
2996 2986 3137 3057 Πρὸς
3167 2986 3229 3055 δὴ
3260 2986 3328 3037 τὰ
3354 2986 3581 3041 τοιαῦτά
3619 3005 3737 3056 φα·

444 3112 447 3117 ν
480 3073 622 3124 hanc
651 3068 914 3123 visionem
949 3065 1183 3119 maxime
1212 3075 1395 3119 notam
1429 3081 1552 3121 esse
1579 3070 1885 3135 oportebat.
1911 3070 2046 3123 Cau-

2152 3092 2271 3144 μεν,
2303 3077 2383 3129 ὅτι
2420 3076 2489 3128 τὰ
2522 3041 2744 3144 ἑκάστω
2784 3041 3030 3145 χρήσιμα
3048 3041 3240 3145 ’καιρῶ
3272 3075 3358 3129 διὰ
3404 3076 3512 3130 τῶν
3551 3041 3738 3146 ἁγίων
3814 3133 3819 3137 ,

481 3176 570 3217 sas
597 3158 967 3226 subjiciemus,
993 3165 1047 3211 et
1067 3157 1578 3226 opportunissimam
1607 3160 1779 3215 fuisse
1815 3163 2042 3217 demon-

412 3302 418 3313 .
456 3253 790 3310 Astrabimus.
825 3248 1036 3303 Etenim
1067 3249 1225 3303 simul
1253 3258 1412 3318 atque
1441 3250 1691 3305 Chaldaea
1745 3254 1955 3318 relicui,
1991 3262 2047 3307 et

453 3362 511 3398 ..ει
536 3346 666 3414 jugo
710 3340 991 3398 servitutis
1022 3339 1275 3393 vindicati
1306 3339 1559 3396 Israelita).
1590 3344 1642 3397 in
1684 3342 1922 3398 Judazam
1954 3360 2043 3398 re-

480 3442 779 3500 verterunt,
819 3431 1353 3499 Hierosolymamqne
1398 3443 1744 3503 receperunt,
1792 3451 1911 3490 cum
1952 3450 2043 3489 eos

485 3526 755 3580 veteribus
791 3523 899 3576 illis
934 3523 1141 3576 delictis
1176 3523 1390 3578 modum
1420 3539 1643 3590 ponere,
1677 3536 1729 3579 et
1770 3542 2042 3595 regressus

478 3618 547 3672 ad
580 3617 837 3671 salutaria
864 3655 879 3679 ,
931 3622 1177 3667 anteacta
1225 3616 1532 3683 emendare,
1583 3628 1635 3669 et
1676 3617 2039 3681 liberatorem,

479 3708 735 3763 voluntati
754 3708 870 3775 ejus
900 3705 1191 3760 serviendo
1229 3722 1475 3761 recreare
1501 3708 1831 3772 conveniret,
1853 3707 2042 3763 nihilo-

478 3800 674 3865 minus_
704 3799 755 3851 in
792 3797 997 3852 scelere
1029 3797 1465 3866 perseverabant,
1524 3798 1832 3867 praescripta
1865 3798 2038 3869 legum

478 3893 648 3948 libere
672 3891 950 3945 violantes.
988 3889 1120 3943 Nam
1162 3906 1283 3945 cum
1310 3892 1568 3945 vetuisset
1594 3890 1769 3945 Moses
1797 3891 2039 3962 conjugia

466 3999 599 4037 cum
648 3980 966 4050 alienigenis
1012 3981 1334 4035 mulieribus
1359 3981 1403 4012 "
1429 4020 1443 4046 ,
1485 3980 1561 4034 illi
1598 3981 1758 4048 hujus
1798 3982 2038 4036 mandati

476 4073 675 4139 securi,
709 4088 827 4127 cum
858 4071 1072 4127 filiabus
1101 4072 1399 4126 vicinarum
1427 4071 1665 4140 gentium
1690 4087 1918 4142 corpora
1952 4086 2039 4127 co-

458 4165 752 4233 ,pulabant,
813 4163 1223 4232 alienorumque
1282 4162 1572 4217 liberorum
1623 4171 1802 4231 patres
1843 4160 2039 4216 eﬂicie-

477 4258 695 4318 bantur,
726 4262 778 4308 et
806 4254 1022 4325 insuper
1057 4262 1301 4308 sanctam
1330 4254 1602 4307 civitatem
1638 4253 1803 4322 impio
1834 4253 2038 4308 semine

2149 3167 2436 3236 προφητῶν
2463 3166 2639 3219 ἐλάλει
2661 3166 2814 3229 Θεὸς,
2841 3166 2924 3218 ἀεί
2955 3182 3071 3227 πως
3099 3165 3321 3233 ὠφελῶν
3348 3164 3472 3228 τοὺς
3500 3166 3739 3220 ἀκούον-

2145 3274 2260 3318 τας.
2302 3252 2409 3308 ’Ἦν
2452 3253 2545 3308 οὖν
2596 3259 2885 3323 ἀναγκαῖον
2922 3259 3033 3319 τοῖς
3072 3256 3132 3309 τὸ
3178 3256 3429 3325 τηνικάδε
3484 3257 3734 3327 μάλιστα

2144 3343 2347 3413 ταύτην
2393 3345 2539 3414 σαφῆ
2593 3343 2851 3412 γενέσθαι
2894 3345 2992 3416 τὴν
3037 3346 3245 3416 ὅρασιν.
3297 3342 3616 3413 Ἐποίσομεν
3660 3347 3730 3400 δὲ

2145 3434 2239 3497 τὰς
2267 3435 2462 3497 αἰτίας,
2497 3435 2918 3506 ἐπικαιροτάτην
2946 3430 3108 3489 οὖσαν
3137 3436 3462 3498 δεικνύντες.
3500 3435 3726 3506 Ἐπειδὴ

2143 3523 2249 3592 γὰρ
2279 3524 2374 3595 τὴν
2409 3525 2515 3579 τῶν
2542 3526 2823 3581 Χαλδαίων
2852 3528 3080 3596 ἀφέντες
3111 3528 3261 3597 μόλις
3298 3529 3347 3580 οἱ
3378 3527 3437 3591 ἐξ
3477 3526 3723 3597 Ἰσραὴλ,

2145 3616 2236 3665 καὶ
2284 3615 2374 3668 τὸν
2425 3618 2523 3687 τῆς
2570 3617 2810 3681 δουλείας
2851 3618 3250 3687 ἀπολυσάμενοι
3293 3617 3476 3684 ζυγὸν,
3522 3618 3724 3670 ἀπενό-

2144 3720 2345 3777 στησαν
2373 3708 2451 3770 εἰς
2491 3707 2593 3778 τὴν
2629 3708 2907 3775 Ἰουδαίαν,
2938 3710 3030 3761 καὶ
3073 3704 3211 3779 ἦσαν
3240 3709 3298 3759 ἐν
3338 3708 3449 3770 τοῖς
3493 3706 3726 3777 Ἰεροσο-

2140 3796 2352 3867 λύμοις,
2385 3798 2502 3852 δέον
2531 3801 2828 3872 ἀπέχεσθαι
2861 3800 2969 3854 τῶν
3000 3801 3239 3871 ἀρχαίων
3268 3801 3490 3853 ἐκείνων
3531 3797 3722 3870 πλημ-

2145 3892 2276 3962 μελη
2287 3894 2490 3961 μάτων,
2517 3894 2608 3947 καὶ
2638 3897 2754 3958 ταῖς
2778 3897 2855 3957 είς
2877 3894 2936 3947 τὸ
2961 3895 3181 3965 ἄμεινον
3204 3894 3532 3964 ἁναδρομαῖς
3556 3893 3728 3945 ἐπαν-

2098 4002 2107 4005 -
2141 3984 2330 4051 οροοῦν
2360 4003 2417 4037 τε
2465 3986 2531 4037 τὰ
2565 3986 2867 4055 φθάσαντα,
2912 3985 3004 4037 καὶ
3040 3985 3457 4056 κατευφραίνειν
3488 3982 3580 4036 τὸν
3622 3983 3721 4035 λυ·-

2140 4072 2370 4142 τρωτὴν,
2401 4074 2469 4127 τὰ
2489 4074 2636 4144 αύτῷ
2660 4073 2918 4127 δοκοῦντα
2945 4072 3182 4144 πληροῦν
3208 4072 3534 4144 ᾑρημένους,
3559 4070 3718 4125 οὐδὲν

2138 4157 2299 4233 ἦττον
2323 4160 2461 4234 ἦσαν
2491 4167 2662 4217 ὁποῖοι
2692 4164 2782 4217 καί
2810 4181 2961 4228 ποτε,
2993 4163 3359 4234 παραλύοντες
3387 4162 3719 4231 ἀφυλάκτως

2140 4254 2199 4307 τὸ
2221 4254 2296 4325 τῷ
2334 4255 2481 4325 νόμῳ
2512 4255 2720 4309 δοκοῦν.
2758 4258 3187 4326 Ἀποφάσκοντος
3212 4257 3320 4326 γὰρ
3351 4255 3442 4309 τοῦ
3468 4255 3713 4318 Μωσέως

482 4346 779 4415 replebant.
816 4346 986 4399 Erant
1019 4359 1181 4412 porro
1215 4344 1428 4413 quidam
1468 4345 1609 4397 inter
1639 4342 1760 4398 illos
1799 4345 2035 4398 honora-

2150 4345 2199 4397 τὸ
2225 4345 2331 4398 δεῖν
2356 4346 2550 4409 αὐτοὺς
2574 4343 2888 4415 ἀλλοφύλοις
2912 4346 3299 4415 ἐπιμίγνυσθαι
3325 4344 3591 4415 γυναιξὶν,
3615 4346 3717 4397 αὑ-

479 4440 642 4492 tiores
677 4438 743 4491 ab
783 4434 1151 4503 hujuscemodi
1180 4434 1388 4503 piaculo
1422 4431 1569 4488 haud
1590 4434 1874 4501 immunes,
1899 4436 2040 4503 quod

476 4528 684 4582 Esdras
714 4525 977 4591 deﬂebat;
1006 4527 1136 4594 quin
1176 4535 1229 4577 et
1255 4523 1517 4579 accedens
1566 4524 1629 4577 ad
1673 4524 1907 4578 divinam
1945 4526 2040 4579 do—

475 4634 618 4671 mum
653 4633 751 4685 pro
787 4617 969 4685 impiis
1004 4613 1259 4669 fundebat
1290 4626 1499 4681 preces.
1527 4612 1693 4684 696
1729 4613 1865 4679 Quid
1897 4622 2040 4683 post-

474 4708 694 4762 modum
724 4708 987 4770 evenerit,
1025 4720 1092 4759 ex
1126 4703 1487 4771 scriptisejus
1516 4719 1925 4773 cognoscemus,
1949 4706 2037 4760 ubi

474 4801 548 4854 ita
576 4800 803 4869 legimus
832 4818 844 4852 :
881 4819 900 4850 ι
932 4798 996 4851 Ει
1027 4805 1306 4865 postquam
1337 4809 1497 4849 orans
1525 4795 1722 4850 Esdras
1748 4798 1887 4864 quod
1920 4805 2038 4849 erat

470 4895 875 4965 exposuitﬂens
918 4902 971 4947 et
1008 4892 1155 4945 humi
1191 4891 1388 4943 cadens
1439 4904 1621 4943 coram
1659 4890 1875 4959 templo,
1925 4890 2034 4945 col-

460 4987 597 5041 lecti
631 4996 757 5042 sunt
788 4985 855 5039 ad
886 4998 1005 5037 eum
1039 4982 1106 5035 ab
1138 4978 1523 5048 Hierosolymis
1558 4980 1725 5035 turbae
1748 4981 1925 5033 multae
1960 4982 2038 5033 ni-

473 5078 596 5141 mis,
614 5077 716 5130 viri
744 5085 799 5128 et
827 5074 1076 5127 mulieres
1123 5082 1178 5125 et
1204 5071 1610 5127 adolescentes:
1648 5087 1873 5141 magnus
1893 5072 2036 5126 enim

471 5174 592 5221 erat
616 5165 771 5218 fletus
812 5164 863 5216 in
889 5162 1101 5230 populo.
1124 5161 1189 5214 Et
1222 5162 1551 5227 respondens
1577 5160 1866 5215 Jechonias
1897 5161 2036 5214 filius

368 5306 391 5322 ,
456 5254 606 5311 196Ιί
635 5254 700 5307 de
734 5253 857 5306 filiis
895 5253 1077 5317 Israel,
1117 5252 1252 5306 dixit
1279 5251 1461 5305 Esdrre
1496 5272 1507 5306 :
1542 5252 1649 5306 Nos
1691 5252 2034 5320 praavaricati

468 5360 658 5401 sumus
688 5344 741 5395 in
779 5344 1057 5396 Dominum
1093 5344 1280 5407 Deum,
1326 5354 1375 5398 el
1416 5345 1665 5398 duximus
1710 5344 1865 5398 nobis
1901 5359 2034 5397 uxo-

468 5452 558 5493 res
586 5436 787 5489 alienas
811 5436 875 5489 de
905 5435 1113 5504 populis
1154 5445 1330 5501 terrre,
1363 5444 1415 5490 et
1453 5436 1728 5490 cohabitat
1763 5436 1866 5488 illis
1916 5450 2035 5488 om-

2140 4436 2222 4489 τοὶ
2258 4436 2363 4489 τῶν
2401 4436 2834 4505 τεθεσπισμένων
2885 4435 3039 4504 ὀλίγα
3088 4436 3541 4507 πεφροντικότες,
3588 4440 3715 4500 ταῖς

2140 4524 2246 4577 τῶν
2271 4524 2482 4595 ὁμόρων
2520 4524 2687 4578 ἐθνῶν
2727 4525 3114 4578 συνεπλέκοντο
3143 4525 3462 4593 θυγατράσι,
3490 4526 3584 4578 καὶ
3617 4527 3712 4577 τέ-

2141 4631 2281 4666 κνων
2317 4611 2454 4685 ἦσαν
2489 4602 2781 4686 ἀλλοτρίων
2828 4615 3095 4685 πατέρες,
3142 4615 3234 4666 καὶ
3277 4616 3486 4668 ἀνοσίου
3540 4616 3721 4685 σπέρ-

2144 4723 2309 4775 ματος
2352 4704 2529 4775 πλήρη
2577 4705 2736 4759 πάλιν
2774 4706 3160 4773 ἀποφαίνοντες
3205 4706 3302 4775 τὴν
3337 4706 3494 4774 ἁγίαν
3529 4706 3709 4759 πόλιν,

2142 4791 2321 4847 Ἦσαν
2346 4795 2400 4847 δέ
2430 4814 2573 4859 τινες
2603 4798 2693 4849 καὶ
2720 4798 2825 4849 τῶν
2850 4799 2904 4847 ἐν
2928 4797 3110 4859 αὐτοῖς
3137 4797 3572 4867 ἐπιφανεστέρων
3595 4800 3712 4859 τοῖς

2141 4886 2398 4947 τοιούτοις
2437 4887 2774 4957 ἐνισχημένοι
2814 4887 3176 4956 πταίσμασιν,
3217 4879 3278 4939 οὗ
3316 4886 3377 4957 δὴ
3426 4887 3716 4954 γεγονότος

2144 4979 2461 5047 κατεθρήνει
2493 4978 2589 5048 μὲν
2616 4979 2642 5029 ὁ
2667 4977 2919 5046 Ἔσδρας,
2951 4977 3043 5029 καὶ
3071 4976 3133 5045 δὴ
3158 4978 3250 5029 καὶ
3274 4978 3362 5029 τὸν
3392 4978 3532 5030 θεῖον
3559 4973 3713 5028 οἶκον

2144 5068 2484 5132 καταλαϐὼν,
2531 5068 2627 5130 τὰς
2676 5068 2813 5137 ὑπέρ
2857 5085 2919 5136 γε
2950 5068 3056 5120 τῶν
3089 5068 3433 5138 ἠσεϐηκότων
3472 5069 3713 5121 ἐποιεῖτο

2140 5158 2309 5220 λιτάς.
2338 5155 2469 5210 Εἶτα
2503 5159 2554 5209 τί
2596 5158 2843 5225 γενέσθαι
2872 5159 3236 5228 συμϐέϐηκεν,
3271 5160 3330 5222 ἐξ
3361 5160 3536 5213 αὐτῶν
3566 5163 3712 5212 siad-

2143 5250 2280 5319 μεΟα
2320 5249 2426 5302 τῶν
2460 5249 2605 5319 αὐτῷ
2642 5252 3065 5320 γεγραμμένων·
3100 5250 3212 5320 ἔχει
3249 5251 3303 5303 δὲ
3336 5250 3508 5304 οὕτω·
3550 5272 3568 5304 ι
3600 5254 3713 5306 Καὶ

2140 5342 2227 5392 ὅτε
2274 5340 2699 5410 προσευχόμενος
2729 5342 2960 5411 Ἔσδρας
3002 5341 3449 5412 ἀνθωμολογεῖτο,
3484 5342 3710 5409 κλαίων,
3792 5373 3796 5376 ~

2142 5432 2485 5502 χαμαιπετὴς
2537 5432 2843 5504 ἔμπροσθεν
2892 5432 2983 5485 τοῦ
3039 5434 3217 5504 ἱεροῦ,
3270 5434 3713 5506 ἐπισυνήχθησαν

532 5591 582 5622 ⁸¹
626 5608 766 5664 Psal.
807 5625 1029 5677 cxxvm,
1074 5613 1125 5663 6.
1208 5612 1248 5640 δ’
1289 5613 1457 5665 lixod.
1503 5626 1684 5678 xxxrv,
1732 5610 1795 5663 16
1836 5627 1847 5675 ;
1900 5609 2048 5662 Dent.

2154 5623 2188 5671 l,
2317 5620 2469 5674 seqq.
