3936 6318
173 392 233 451 8(
1026 382 1582 446 COMMENTARIUS
1626 383 1687 437 IN
1730 382 2128 439 ZACIIARIAM
2168 382 2613 440 PROPIIETAM.
3372 395 3439 450 εξ

181 508 307 579 πρὸς
333 505 505 560 αὐτὸν
546 505 654 559 ἀπὸ
686 503 1072 575 Ἰεροσολύμων
1114 503 1260 573 δχλοι
1308 502 1491 555 πολλοὶ
1523 503 1723 574 σφόδρα
1744 543 1757 567 ,

1891 505 1948 556 ιίς
1987 504 2172 558 Israel.
2200 506 2259 557 In
2302 504 2403 558 hoc
2433 506 2797 573 percutiamus
2840 504 3013 559 fmdus
3052 518 3171 556 cum
3212 502 3437 556 Domine

181 600 382 666 ἄνδρες,
417 598 514 650 καὶ
543 600 819 665 γυναῖκες,
854 596 946 649 καὶ
975 595 1181 648 νεανίαι
1202 613 1215 626 '
1256 595 1528 666 κλαυθμὸς
1560 597 1668 666 γάρ
1696 591 1763 665 ἦν

1891 595 1930 647 ε]
1960 593 2279 662 ejiciendum
2315 610 2504 649 omnes
2543 595 2796 650 mulieres
2842 604 3057 650 nostras
3080 610 3147 648 ex
3185 593 3435 662 alienige-

185 691 351 761 μέγας
383 691 443 742 ἐν
486 689 568 759 τῷ
600 688 812 759 πλήθει.
847 686 956 739 Καὶ
991 688 1246 757 φωνήσας
1283 687 1533 756 Ἰεχονίας
1566 686 1761 755 Ἰεήλου

180 781 282 833 τῶν
312 780 447 833 υἱῶν
481 779 700 851 Ἰσραὴλ
730 773 878 831 εἶπεν
904 778 1107 849 Ἔσδρᾳ
1126 796 1138 808 ·
1172 798 1191 831 ι
1234 779 1421 849 Ἡμεῖς
1445 779 1765 850 ἡμάρτομεν

185 876 259 935 εἰς
299 872 507 942 Κύριον
539 872 628 924 τὸν
679 871 833 936 Θεὸν,
875 871 968 923 καὶ
1001 870 1379 941 συνῳκίσαμεν
1419 872 1631 935 ἑαυτοῖς
1666 888 1765 939 γυ-

188 966 372 1025 ναῖκας
408 962 716 1030 ἀλλογενεῖς
743 961 850 1013 ἀπὸ
878 962 984 1013 τῶν
1014 961 1184 1013 ἐθνῶν
1213 960 1311 1029 τῆς
1344 960 1475 1031 γῆς,
1508 963 1601 1014 καὶ
1643 962 1765 1015 σύν-

185 1067 329 1101 εστιν
361 1049 553 1111 αὐταῖς
585 1050 692 1111 πᾶς
730 1049 966 1119 Ἰσραήλ.
1009 1050 1097 1101 Ἐν
1138 1049 1310 1120 τούτῳ
1344 1051 1585 1118 γενέσθω
1635 1053 1765 1122 ἡμῖν

184 1138 500 1209 ὁρκωμοσία
543 1138 677 1207 πρὸς
715 1138 804 1191 τὸν
852 1137 1081 1210 Κύριον,
1136 1138 1385 1192 ἐκϐαλεῖν
1438 1141 1615 1204 πάσας
1668 1141 1767 1204 τὰς

184 1232 451 1299 γυναῖκας
508 1230 686 1301 ήμῶν,
748 1230 845 1294 τάς
892 1232 955 1283 ὲκ
992 1231 1100 1283 τῶν
1146 1231 1472 1299 ἀλλογενῶν,
1522 1233 1618 1285 σὺν
1656 1235 1767 1297 τοῖς

183 1321 395 1386 τεκνοις
426 1320 626 1384 αὐτῶν,
662 1321 735 1383 ὡς
773 1321 968 1394 ἐκρίθη
1006 1323 1090 1375 σοὶ
1121 1324 1212 1376 καὶ
1245 1324 1357 1375 ὅσοι
1412 1322 1766 1393 πειθαρχοῦσι

186 1411 261 1481 τῷ
286 1412 459 1482 νόμῳ.
496 1412 751 1475 Ἀνάστα,
779 1411 1036 1463 ἐπιτέλει·
1064 1411 1197 1483 πρὸς
1221 1411 1278 1463 σὲ
1303 1410 1410 1481 γάρ
1433 1410 1492 1463 τὸ
1515 1413 1766 1480 πρᾶγμα,

186 1503 279 1555 κα)⁵
319 1504 485 1573 ἡμεῖς
521 1502 658 1571 μετὰ
694 1500 785 1553 σοῦ
820 1504 969 1571 ἰσχὺν
1004 1504 1191 1554 ποιεῖν.
1238 1502 1345 1554 Καὶ
1375 1502 1611 1564 ἀναστὰς
1641 1502 1772 1554 Ἐσ-

187 1594 339 1665 δρας,
378 1594 582 1667 ὥρκισε
616 1595 743 1657 τοὺς
778 1595 1083 1666 φυλάρχους
1111 1594 1217 1647 τῶν
1250 1595 1460 1665 ἱερέων,
1492 1594 1586 1646 καὶ
1620 1595 1773 1646 Λευῖ-

189 1691 296 1743 τῶν
331 1690 534 1752 παντὸς
568 1688 785 1759 Ἰσραὴλ
830 1689 1046 1759 ποιῆσαι
1090 1688 1230 1742 κατά
1262 1688 1452 1752 ταῦτα,
1489 1687 1594 1741 ’καὶ
1623 1686 1768 1757 ὤμο-

192 1800 310 1836 σαν.
342 1802 362 1834 ι
406 1784 755 1853 Ὀμωμοκόσι
785 1780 848 1852 δὴ
878 1776 969 1833 οῦν
1000 1778 1076 1849 τῷ
1126 1780 1278 1850 νόμῳ
1326 1779 1588 1833 δοκοῦντα
1635 1778 1773 1849 πλη-

1866 701 1969 751 ms,
2003 701 2125 741 cum
2163 685 2349 741 liberis
2378 687 2642 756 ipsarum,
2678 694 2736 740 ut
2765 686 3061 756 iudicatum
3101 694 3183 739 est
3217 699 3245 737 a
3288 693 3358 748 te,
3388 691 3443 738 et

1864 778 2116 833 omnibus
2144 779 2233 848 qui
2271 779 2395 833 huic
2422 778 2524 848 legi
2554 780 2949 847 obtemperant.
2992 778 3185 847 Surge,
3232 776 3337 841 fac,
3374 777 3443 829 ad

1867 878 1919 923 te
1947 869 2089 923 enim
2126 868 2400 939 negotium
2448 869 2708 938 pertinet,
2752 878 2805 922 et
2856 883 2954 923 nos
3000 878 3173 922 tecum
3211 868 3275 920 ad
3315 881 3445 919 con-

1867 965 2195 1019 forlandum.
2231 964 2296 1017 Et
2332 964 2568 1019 surrexit
2597 961 2817 1027 Esdras,
2856 969 2909 1015 et
2943 958 3211 1027 adjuravit
3242 956 3445 1028 princi-

1867 1070 1961 1125 pes
2002 1054 2340 1111 sacerdotum
2379 1065 2433 1108 et
2474 1052 2789 1107 chitarum
2846 1051 3013 1105 totius
3062 1048 3224 1102 Israel
3263 1058 3319 1101 nt
3372 1045 3447 1099 fa-

1868 1154 2055 1199 Cerent
2095 1144 2389 1199 secundum
2418 1144 2562 1209 lucc;
2607 1152 2662 1197 et
2685 1141 3007 1210 juraverunt
3047 1139 3112 1193 ⁸⁸.
3148 1158 3165 1191 ι
3196 1139 3326 1193 Cmn
3362 1136 3449 1206 ju-

1870 1243 2082 1287 rassent
2128 1233 2291 1303 igitur
2336 1234 2401 1288 de
2444 1234 2622 1303 legum
2669 1232 2905 1287 decretis
2936 1229 3320 1299 exsequendis,
3366 1242 3469 1282 [ιο--

1870 1326 2166 1379 cessarinm
2217 1336 2335 1381 erat
2387 1326 2820 1380 malediCtionem
2875 1339 3038 1392 supra
3092 1331 3257 1391 caput
3307 1336 3447 1383 esse,

1871 1434 1992 1487 qua:
2034 1420 2280 1487 peierare
2314 1419 2502 1473 solitos
2536 1418 2892 1472 inclementer
2937 1415 3163 1479 invadit,
3203 1423 3259 1467 ut
3295 1413 3450 1483 jura-

1875 1513 1942 1564 tis
1969 1520 2195 1566 starent.
2226 1511 2516 1580 Postquam
2554 1522 2731 1565 autem
2790 1508 2988 1577 templo
3032 1508 3216 1561 divino
3248 1506 3450 1559 exredi-

1876 1601 2085 1656 ﬁcando
2139 1604 2358 1671 grandis
2394 1604 2617 1673 pecunia
2650 1611 2839 1657 exacta
2885 1610 2991 1664 est,
3040 1600 3234 1668 partim
3293 1598 3453 1651 Dario

1875 1696 2130 1759 donante,
2170 1696 2364 1765 partim
2414 1695 2610 1765 populo
2643 1694 2927 1758 offerente,
2974 1691 3270 1746 verisimile
3316 1700 3452 1751 erat,

1876 1784 2140 1850 quosdam
2190 1785 2257 1839 ad
2303 1800 2422 1839 eam
2474 1785 2893 1853 dispensandam
2936 1782 3266 1837 constitutos
3306 1794 3455 1847 quae-

194 1873 339 1945 ροῦν,
381 1869 449 1944 ἦν
488 1891 605 1935 πως
638 1875 931 1941 ἀναγκαῖον
970 1872 1275 1941 ἐπαρτῆσαι
1314 1872 1413 1941 τὴν
1464 1871 1623 1939 ἀρὰν,
1680 1870 1776 1939 τὴν

1891 1876 2001 1929 iam
2046 1876 2111 1928 ad
2166 1876 2257 1929 Dei
2305 1876 2533 1945 gloriare
2575 1876 2756 1929 oblata
2806 1884 3053 1929 avertere
3083 1873 3148 1927 “.
3183 1872 3362 1937 Quare
3403 1879 3461 1926 et

190 1970 301 2028 τοῖς
321 1966 641 2033 ψευδορκεῖν
676 1964 917 2017 εἰωθόσιν
944 1963 1167 2033 ἀπηνῶς
1194 1962 1317 2015 ἐπιο
1329 1961 1662 2032 ρώσκουσαν,
1690 1962 1774 2013 ἵνα

190 2059 283 2110 καὶ
317 2057 563 2125 γένοιντο
604 2056 842 2126 φύλακες
870 2056 975 2107 τῶν
1000 2054 1431 2126 ὀμωμοσμένων.
1475 2052 1691 2125 Ἐπειδὴ
1719 2052 1773 2103 δὲ

189 2148 645 2218 οἰκοδομουμένου
704 2147 795 2200 τοῦ
854 2147 1001 2199 θείου
1057 2147 1185 2200 ναοῦ
1240 2145 1407 2215 πολλὴ
1480 2146 1776 2216 χρημάτων

190 2236 437 2307 ἄθροισις
478 2232 566 2305 ἦν,
609 2235 765 2288 τοῦτο
803 2236 899 2305 μὲν
935 2235 1160 2305 Δαρείου
1197 2234 1476 2305 νέμοντος,
1525 2234 1683 2287 τοῦτο
1715 2234 1770 2285 δὲ

190 2328 282 2380 τοῦ
330 2327 459 2379 λαοῦ
492 2328 1014 2398 προσκεκομικότος,
1047 2323 1166 2380 εἶτά
1198 2344 1352 2388 τινας
1392 2322 1458 2396 ἦν
1493 2326 1637 2389 εἰκὸς
1667 2326 1776 2377 τῶν

191 2421 255 2472 τὰ
302 2420 487 2472 τοιάδε
538 2420 760 2473 διοικεῖν
819 2420 1260 2489 ἐπιτεταγμένων
1324 2418 1778 2487 ἁπονοσφίζεσθαί

195 2529 319 2565 τινα
346 2512 453 2564 τῶν
484 2513 563 2574 εἰς
605 2510 761 2575 δόξαν
794 2512 928 2564 Θεοῦ
972 2511 1549 2582 προσκεκομισμένων.
1590 2510 1774 2580 Ταύτῃ

194 2622 272 2659 τοι
312 2608 408 2658 καὶ
451 2608 591 2657 κατά
624 2604 871 2657 κλεπτῶν
920 2606 1054 2658 ἰέναι
1100 2605 1197 2675 τὴν
1236 2604 1374 2676 ἀράν
1411 2604 1555 2673 μάλα
1590 2604 1776 2673 φησὶν,

196 2698 279 2750 ἵνα
320 2699 413 2750 καὶ
460 2700 616 2751 αὐτοὶ
666 2699 969 2768 λημμάτων
1002 2697 1241 2767 αἰσχρῶν
1286 2698 1570 2764 γεγονότες
1619 2695 1778 2765 ἀμεί-

196 2807 353 2853 νους,
395 2791 470 2861 μὴ
512 2792 619 2843 τῶν
662 2792 824 2861 ἱερῶν
864 2790 1113 2844 ἀπτοιντο
1156 2789 1475 2859 χρημάτων,
1523 2790 1601 2851 εἰς
1648 2789 1780 2852 ἰδίας

1882 1968 2318 2023 maledictiuncm
2382 1968 2590 2023 furibus
2644 1978 3091 2037 superventuram
3154 1964 3460 2020 rectissime

1884 2061 2033 2123 dicit,
2069 2072 2126 2115 ut
2179 2071 2232 2115 et
2269 2061 2368 2130 ipsi
2403 2076 2432 2114 a
2484 2060 2625 2129 turpi
2666 2071 2870 2129 qurestu
2912 2059 3121 2124 invicti,
3175 2056 3456 2125 pecuniam

1882 2168 2091 2227 Sacram
2131 2168 2198 2207 ne
2238 2154 2598 2221 attingerent,
2634 2157 2699 2207 ad
2728 2154 2969 2222 privatos
2998 2167 3126 2205 usus
3161 2166 3278 2203 eam
3322 2163 3459 2202 con-

1884 2245 2140 2299 ferentes.
2175 2244 2350 2313 Atque
2403 2246 2519 2299 haec
2568 2246 2793 2300 visionis
2832 2256 2916 2299 est
2965 2242 3201 2298 occasio.
3252 2240 3462 2293 Formi-

1888 2339 2062 2392 danda
2100 2348 2281 2392 autem
2329 2350 2412 2392 est
2462 2336 2769 2391 maledictio
2818 2345 2872 2391 et
2914 2335 3069 2389 falcis
3107 2333 3275 2388 sectio
3318 2331 3462 2385 furto

1887 2438 1942 2482 ct
1967 2412 2485 2499 perjurio‘assuetis,
2518 2429 2771 2499 quoniam
2801 2428 2944 2483 Deus
2986 2428 3052 2481 ad
3104 2426 3309 2480 exitum
3340 2439 3460 2476 om-

1886 2520 2013 2573 nino
2052 2522 2315 2588 perducet
2350 2536 2469 2590 qnae
2503 2522 2763 2584 decrevit,
2794 2530 2848 2573 et
2887 2534 3061 2586 neque
3088 2519 3317 2582 furibus,
3369 2532 3463 2569 nco

1887 2626 1991 2679 que
2019 2612 2139 2666 aliis
2164 2621 2369 2680 parcet.
2418 2610 2543 2665 Odit
2583 2614 2727 2666 enim
2776 2627 2991 2681 semper
3022 2611 3260 2664 divinam
3311 2625 3462 2663 suam

1888 2702 2113 2767 gloriam
2167 2710 2596 2768 contemnentes,
2629 2713 2681 2757 et
2734 2703 2918 2757 animo
2971 2701 3282 2773 inexplebili
3329 2700 3467 2754 nihil

1890 2792 1957 2846 ad
1992 2807 2049 2847 se
2074 2794 2398 2862 pertinentia
2429 2796 2895 2865 concupiscentes.

196 2884 340 2935 αὐτὰ
366 2884 712 2949 δαπανῶντες
747 2885 954 2956 χρείας.
996 2883 1144 2953 Αὕτη
1188 2883 1286 2952 μὲν
1331 2877 1423 2935 οῦν
1462 2883 1493 2952 ἡ
1557 2881 1656 2950 τῆς
1722 2884 1966 2953 ὁράσεως
2030 2886 2325 2957 πρόφασις.
2372 2887 2493 2959 Χρὴ
2533 2888 2589 2941 δὲ
2634 2889 2863 2942 δεδιέναι
2904 2889 3002 2961 τὴν
3030 2887 3190 2960 ἀρὰν,
3234 2886 3329 2939 καὶ
3369 2881 3467 2950 τὴν

196 2976 286 3028 τοῦ
336 2974 601 3044 δρεπάνου
636 2977 805 3046 τομὴν
840 2974 964 3037 τούς
1004 2990 1063 3025 τε
1107 2972 1419 3042 κλέπτεινῆ
1460 2971 1776 3044 ψευδορκεῖν
1815 2976 2096 3041 εἰωθότας,
2159 2981 2239 3032 ὅτι
2273 2980 2451 3050 πάντη
2482 2999 2540 3034 τε
2584 2981 2678 3035 καὶ
2718 2982 2937 3044 πάντως
2976 2985 3054 3044 εἰς
3125 2980 3297 3051 πέρας
3333 2975 3469 3030 οῐσει

197 3070 331 3131 Θεὸς
370 3072 442 3123 τὰ
468 3070 833 3141 διωρισμένα,
879 3072 972 3124 καὶ
1015 3071 1138 3123 οῦτε
1191 3069 1459 3132 κλεπτῶν,
1502 3068 1623 3122 οὔτε
1666 3072 1772 3140 μὴν
1811 3070 1915 3124 τῶν
1980 3073 2182 3142 ἐτέρων
2244 3074 2509 3143 φείσεται.
2546 3076 2785 3128 Ποιεῖται
2813 3074 2922 3146 γάρ
2950 3092 3068 3138 πως
3095 3074 3183 3127 ἀεὶ
3207 3087 3472 3127 κατεστυ-

199 3163 607 3232 γμένους,τοὺς
634 3167 732 3234 τῆς
756 3164 903 3227 θείας
924 3164 1085 3217 αὐτοῦ
1148 3162 1621 3233 καταφρονοῦντας
1638 3162 1816 3234 δόξης,
1857 3167 1951 3218 καὶ
1993 3167 2117 3229 τοὺς
2185 3166 2447 3240 ἀπλήστῳ
2482 3166 2675 3240 γνώμῃ
2718 3167 2823 3221 τῶν
2865 3168 3021 3220 οὐδὲν
3068 3167 3250 3228 αὐτοῖς
3298 3179 3470 3234 προσ-

198 3256 445 3327 ηκόντων
477 3255 813 3325 ἐφιεμένους.

265 3348 383 3401 Καὶ
417 3346 677 3413 ἐξῆλθεν
709 3351 741 3400 ό
779 3348 1048 3417 ἄγγελος,
1084 3350 1119 3402 ὁ
1150 3347 1355 3402 λαλῶν
1393 3349 1462 3401 ἐν
1489 3348 1650 3417 ἐμοὶ,
1692 3348 1788 3403 καὶ
1817 3353 1859 3412 C

201 3435 334 3493 εἶπε
371 3439 523 3508 πρός
562 3455 669 3507 με·
714 3438 1078 3508 Ἀνάϐλεψον
1113 3440 1237 3506 τοῖς
1290 3440 1616 3510 ὀφθαλμοῖς
1650 3455 1788 3507 σου,

200 3530 297 3583 καὶ
356 3528 447 3583 ἴδε
483 3530 550 3583 τὸ
600 3530 1078 3599 ἐκπορευόμενον
1122 3531 1316 3585 τοῦτο.
1368 3532 1477 3584 Καὶ
1511 3528 1681 3585 εἶπα·
1734 3533 1793 3585 Τί

204 3619 365 3682 tati;
397 3619 506 3673 Kal
540 3616 668 3673 εἷπε
689 3638 701 3651 ο
737 3620 919 3675 Τοῦτο
948 3623 1013 3675 τὸ
1048 3623 1269 3691 μέτρον
1302 3624 1367 3677 τὸ
1402 3625 1793 3694 ἐκπορευόμε-

206 3729 337 3766 νον.
367 3713 476 3766 Kal
515 3711 716 3767 εἶπεν·⁹
766 3715 927 3783 Αὕτη
967 3716 1004 3783 ἡ
1048 3715 1247 3771 ἀδικία
1294 3718 1492 3771 αὐτῶν
1527 3718 1595 3771 ἐν
1623 3719 1792 3787 πάσῃ

207 3804 276 3871 τῇ
308 3804 407 3874 τῇ.
439 3807 546 3860 Kal
584 3807 713 3860 ἰδοὺ
742 3806 1039 3862 τάλαντον
1061 3810 1353 3878 μολίϐδου
1384 3811 1787 3881 ἐξαιρόμενον,

209 3895 301 3947 καὶ
345 3894 472 3948 ἰδοὺ
500 3896 657 3964 γυνὴ
691 3897 806 3965 ομία
847 3897 1102 3965 ἐκάθητο
1134 3899 1203 3951 ἐν
1224 3898 1391 3967 μέσῳ
1422 3899 1527 3953 τοῦ
1550 3902 1790 3969 μέτρου.

210 3985 315 4039 Καὶ
365 3982 577 4063 εἷπενί
618 3988 777 4054 Αῦτη
830 3988 1000 4042 ἐστὶν
1034 3991 1070 4056 ἠ
1112 3990 1345 4059 ἀνομία.
1383 3991 1492 4043 Kal
1550 3991 1795 4059 ἔρριψεν

211 4079 403 4145 αὐτὴν
462 4083 548 4145 εις
603 4079 800 4148 μέσον
841 4080 946 4133 τοῦ
996 4082 1239 4151 μέτρου,
1286 4083 1385 4136 καὶ
1433 4082 1644 4153 ἔρριψε
1690 4086 1796 4139 τὸν

210 4172 380 4224 λίθον
418 4172 523 4224 τοῦ
548 4171 841 4239 μολίϐδου
876 4175 964 4239 εἰς
996 4173 1061 4226 τὸ
1097 4174 1293 4243 στόμα
1333 4174 1545 4243 αὐτῆς.

278 4265 359 4317 Λ⁹.
383 4263 600 4325 Φθάσας
627 4263 784 4333 ἔφην,
815 4264 914 4334 τῆς
939 4266 1018 4328 εἰς
1049 4265 1142 4318 τὸν
1172 4267 1459 4337 προφήτην
1494 4268 1796 4338 σαφηνείας

210 4356 534 4427 ἀρχόμενος,
574 4356 655 4409 δτι
715 4356 854 4426 μετὰ
904 4357 1003 4427 τὴν
1047 4358 1112 4411 ὲκ
1147 4358 1467 4422 Βαϐυλῶνος
1512 4361 1794 4425 ἐπάνοδον,

212 4447 353 4518 ἅπερ
382 4449 441 4500 ὲν
470 4447 548 4518 τῷ
571 4446 748 4518 καιρῴ
766 4447 868 4517 τῆς
895 4448 1273 4517 αἰχμαλωσίας
1296 4450 1586 4515 τέθεινται,
1623 4453 1797 4506 ταῦτα

212 4544 321 4603 τοῖς
368 4538 801 4610 λελυτρωμένοις
858 4542 1151 4611 ἀφηγεῖται
1210 4542 1517 4613 χρησίμως.
1577 4543 1797 4614 Ἐπειδὴ

212 4633 317 4702 γὰρ
347 4633 551 4694 αὐτοὺς
574 4631 764 4685 ἐθεᾶτο
788 4632 1344 4706 καταρῤᾳθυμοῦντας
1371 4635 1510 4703 ἄγαν
1534 4633 1627 4687 τοῦ
1656 4635 1793 4706 χρῆ-

1966 3348 2128 3402 Vens.
2180 3347 2299 3402 5-8.
2340 3346 2405 3400 Et
2454 3362 2691 3417 egressus
2731 3357 2807 3401 εει
2849 3348 3065 3417 angelus
3109 3348 3197 3413 qui
3223 3349 3472 3418 loqueba-

1894 3451 1981 3493 tur
2003 3442 2055 3494 in
2089 3457 2187 3507 me,
2213 3450 2259 3494 et
2286 3441 2423 3493 dixit
2446 3442 2515 3493 ad
2545 3456 2659 3494 me:
2688 3439 2906 3508 Suspice
2932 3439 3092 3493 oculis
3122 3440 3252 3505 tuis,
3287 3452 3331 3492 et
3357 3444 3473 3496 vide

1894 3534 2018 3602 quid
2048 3542 2123 3586 est
2154 3534 2250 3585 hoc
2285 3534 2424 3603 quod
2451 3534 2737 3603 egreditur.
2778 3531 2845 3584 Et
2886 3532 3038 3584 dixi:
3073 3530 3213 3595 Quid
3246 3532 3366 3584 est?
3406 3530 3472 3584 Et

1894 3627 2065 3679 dixit;
2104 3625 2231 3679 lItec
2272 3634 2349 3680 est
2400 3642 2645 3680 mensura
2688 3641 2804 3695 qua:
2857 3627 3144 3696 egreditur.
3200 3623 3263 3675 Et
3297 3623 3472 3677 dixit:

1900 3715 2027 3771 [hec
2054 3727 2129 3770 εει
2160 3718 2411 3785 iniquitas
2447 3733 2626 3770 eorum
2671 3718 2725 3769 in
2769 3717 2911 3768 omni
2939 3728 3099 3768 terra.
3140 3714 3206 3765 Et
3236 3730 3352 3767 ecce
3390 3724 3476 3766 ta-

1896 3810 2091 3863 lentum
2117 3809 2312 3877 plumbi
2342 3811 2619 3872 elevatum,
2646 3819 2691 3861 et
2730 3825 2847 3862 ecce
2888 3808 3077 3860 mulier
3119 3824 3222 3859 una
3262 3809 3472 3859 sedebat

1896 3904 1951 3958 in
1981 3904 2148 3956 medio
2181 3919 2461 3956 mensurw.
2498 3900 2564 3955 Et
2593 3902 2731 3955 dixit
2759 3916 2777 3953 :
2804 3899 2933 3953 Haec
2968 3908 3043 3953 est
3089 3900 3361 3968 iniquitas.
3405 3897 3473 3950 Et

1896 3994 2119 4064 projecit
2145 4010 2261 4047 eam
2300 3995 2358 4047 in
2400 3992 2630 4047 medium
2674 4006 2952 4055 mensuris,
3000 4000 3045 4044 et
3080 3990 3299 4059 projecit
3334 3989 3473 4055 lapi-

1896 4087 2013 4141 dem
2043 4085 2243 4155 plumbi
2265 4085 2323 4138 in
2352 4100 2409 4139 οε
2434 4085 2571 4154 ejus.

1966 4267 2131 4338 697
2193 4265 2364 4320 XXX.
2428 4264 2586 4319 Initio
2624 4263 3057 4320 declarationum
3118 4277 3359 4317 mearum
3420 4260 3474 4315 in

1898 4357 2042 4412 hunc
2101 4358 2416 4427 prophetam
2450 4356 2628 4421 docui,
2661 4371 2782 4411 eum
2816 4363 2937 4425 post
2972 4354 3204 4409 reditum
3236 4369 3264 4407 e
3294 4353 3476 4423 Baby-

1900 4450 2042 4513 lone,
2107 4464 2227 4517 quas
2267 4457 2513 4519 tempore
2545 4447 2879 4518 captivitatis
2934 4447 3259 4509 acciderint,
3318 4445 3477 4499 liber-

1900 4548 2010 4594 tate
2056 4539 2242 4609 potitis
2309 4539 2588 4594 fructuose
2637 4552 2881 4592 narrare.
2912 4538 3179 4604 Quoniam
3202 4537 3344 4591 enim
3382 4551 3477 4589 eos

1899 4632 1965 4685 ad
2016 4632 2226 4686 sancita
2283 4630 2461 4701 legum
2503 4632 2807 4701 praastanda
2865 4630 3218 4683 vehementer
3281 4641 3477 4696 segnes

212 4740 295 4777 ναι
321 4724 569 4795 πληροῦν
596 4724 665 4777 τὰ
711 4702 1093 4796 νενομισμένα,
1116 4702 1219 4781 καὶ
1265 4702 1784 4798 ἀποκλίναντας-’μεν

1901 4723 2281 4792 perspiciebat,
2342 4733 2400 4777 et
2442 4724 2509 4777 ad
2543 4723 2851 4793 voluptates
2887 4736 3014 4776 suas
3048 4719 3342 4789 explendas
3363 4726 3477 4772 toto

213 4817 532 4880 ἀκαθέκτως
568 4817 647 4879 εῖς
668 4833 732 4883 γε
760 4816 820 4869 τὸ
849 4817 1030 4886 σφίσιν
1058 4819 1239 4881 αὐτοῖς
1270 4819 1366 4889 ἡδύ
1400 4836 1459 4871 τε
1492 4820 1587 4871 καὶ
1618 4818 1790 4887 φίλον,

212 4906 366 4974 ὀλίγα
389 4907 449 4959 δὲ
480 4906 760 4969 παντελῶς
790 4905 898 4959 τῶν
943 4906 1029 4959 διά
1069 4907 1313 4970 Μωσέως
1366 4907 1794 4979 πεφροντικότας

215 4997 391 5067 νόμων
439 4998 853 5069 (συνεπλέκοντο
892 5000 999 5070 γὰρ
1044 4998 1141 5052 καὶ
1190 4998 1506 5068 ἀλλοφύλοις
1557 4999 1792 5068 γυναιξὶ,

219 5090 311 5143 καὶ
335 5090 436 5161 ἤδη
468 5089 613 5151 τινὲς
658 5089 961 5161 ὁλοτρόπως
991 5089 1096 5155 ἔξω
1137 5089 1406 5159 βαίνοντες
1441 5089 1532 5142 τοῦ
1565 5090 1791 5156 εἰκότος,

217 5180 577 5250 ὲτελέσθησαν
628 5179 883 5244 εἰδώλοις,
920 5178 1013 5231 καί
1043 5196 1164 5231 τινα
1210 5180 1345 5250 πρὸς
1378 5179 1585 5242 τούτοις
1626 5179 1794 5249 ἔδρων

214 5270 250 5324 ἃ
291 5271 425 5342 μηδὲ
474 5271 635 5341 θέμις
680 5271 896 5337 εἰπεῖν)⁶
944 5271 1249 5339 ἀναγκαίαν
1295 5273 1324 5323 ὁ
1372 5273 1656 5342 προφήτης
1689 5272 1797 5324 τῶν

216 5364 506 5435 δραμάτων
538 5365 773 5417 ποιεῖται
802 5362 899 5433 τὴν
932 5363 1227 5433 ἀφήγησιν,
1265 5363 1329 5415 ἵν’
1359 5362 1546 5414 εἰδεῖεν
1577 5363 1625 5414 οἱ
1652 5361 1798 5413 λελυ-

210 5456 487 5526 τρωμένοι
537 5456 712 5527 μόλις,
747 5456 957 5519 ὁποίαις
988 5454 1285 5526 ἀνθρώπων
1313 5456 1403 5509 καὶ
1426 5455 1597 5523 ἁγίων
1631 5454 1798 5523 ἀγγέ-

216 5546 329 5601 λων
362 5550 534 5613 λιταῖς
560 5550 623 5603 τὸ
649 5552 839 5621 χρῆμα
863 5551 1230 5622 κερδαίνοντες
1256 5550 1428 5617 αὐτοὶ,
1476 5550 1615 5604 κατά
1648 5551 1798 5620 σφῶν

217 5641 593 5710 παραθήγουσι
625 5641 786 5695 πάλιν
806 5641 896 5694 τὸν
921 5642 1028 5694 τῶν
1052 5641 1186 5696 ὅλων
1225 5642 1376 5706 Θεὸν,
1412 5644 1530 5705 ταῖς
1563 5642 1671 5695 τῶν
1703 5646 1800 5713 ἀρ·

287 5815 335 5847 “
373 5812 390 5868 l
428 5815 579 5873 Esdr.
629 5835 680 5874 χ.
731 5818 777 5870 t.
818 5817 867 5869 9.
949 5818 990 5845 *δ
1031 5816 1044 5869 l
1086 5815 1235 5871 Esdr.
1282 5832 1351 5876 vr.
1402 5818 1417 5871 I
1466 5833 1613 5876 sena.

1902 4821 2104 4887 impetu
2160 4816 2481 4880 declinasse,
2513 4826 2567 4871 et
2625 4817 2769 4888 leges
2795 4815 2928 4870 Mosi
2965 4814 3019 4869 in
3044 4812 3334 4883 postremis
3368 4811 3471 4866 du-

1902 4924 2027 4965 cere
2093 4909 2325 4979 coepisse
2371 4908 2777 4981 (implicuerant
2829 4906 2973 4965 enim
3010 4919 3134 4962 sese
3163 4901 3480 4974 ,peregrinis

1902 4998 2243 5065 mulieribus,
2301 5008 2353 5053 et
2382 4998 2493 5067 jam
2567 4998 2809 5053 nonnulli
2874 5005 3047 5051 metas
3093 4993 3365 5064 aequitatis
3386 5006 3480 5060 pe-

1905 5091 2049 5146 nitus
2105 5091 2335 5161 egressi,
2397 5090 2554 5146 idolis
2581 5089 2781 5144 initiati
2840 5096 3015 5151 erant,
3060 5094 3115 5141 et
3148 5085 3371 5153 insuper
3396 5083 3477 5138 fa-

1903 5186 2119 5241 ciebant
2142 5200 2261 5254 qua:
2294 5183 2540 5255 proferre
2568 5184 2741 5253 pudor
2770 5182 2968 5250 vetat),
3011 5177 3319 5233 necessario
3348 5191 3476 5246 pro-

1899 5276 2059 5344 pheta
2073 5290 2193 5344 quaa
2210 5284 2331 5330 acta
2358 5282 2484 5329 sunt
2510 5280 2922 5335 commemorat,
2963 5277 3020 5323 ut
3043 5275 3379 5337 cognoscant
3411 5266 3478 5319 li-

1899 5368 2073 5423 herati
2133 5369 2387 5434 tandem,
2441 5367 2639 5437 quibus
2696 5364 2976 5420 hominum
3054 5372 3481 5429 sanctorumque

1902 5459 2216 5525 angelorum
2258 5457 2513 5528 precibus
2572 5457 2876 5511 libertatem
2938 5453 3137 5523 adepti,
3164 5461 3353 5508 contra
3392 5465 3479 5505 se-

1903 5550 2163 5619 mctipsos
2221 5552 2398 5605 denuo
2449 5551 2823 5604 universorum
2881 5546 3050 5602 Deum
3104 5545 3402 5608 concitent,
3440 5557 3470 5595 a

1902 5642 2148 5713 pristinis
2177 5641 2388 5698 delictis
2415 5649 2672 5697 tanouam
2694 5640 2895 5696 morbis
2916 5638 3172 5709 correpti.
3198 5636 3287 5691 Ait
3311 5649 3475 5702 ergo:
