3936 6318
497 357 568 417 83
890 326 923 333 Δ,
1510 369 1568 424 S.
1609 369 1879 426 CYRILLI
1919 368 2388 424 ALEXANDRINI
2427 372 2740 428 ARCHIEP.
3446 332 3449 335 Ι
3661 372 3731 426 8νᾶ

493 504 517 538 ι
553 485 812 552 Egressus
871 491 950 535 est
1004 483 1227 551 angelus
1265 483 1354 550 qui
1396 483 1726 552 loquebatur
1801 485 1853 538 in
1881 499 1989 539 me.
2029 502 2047 534 ι

2156 484 2324 553 χαίων
2347 483 2686 554 αἰτιαμάτων
2703 483 3102 556 ἐμπλεκόμενοι
3121 482 3334 545 λαϐαῖς.
3367 483 3510 553 Ἔφη
3531 481 3736 549 τοίνυν,

490 576 609 642 Quo
639 575 931 642 egressus?
959 582 1052 625 aut
1077 574 1164 627 ubi
1205 575 1418 627 tandem
1450 575 1612 630 erat?
1638 577 1718 629 Ab
1745 576 2056 630 ostensione

493 665 647 720 taleis
675 667 740 718 ad
775 666 1104 735 propositam
1135 666 1420 734 visionem,
1448 667 1517 721 de
1552 683 1804 722 mensura
1825 668 2053 732 scilicet,

491 738 633 812 facta
677 768 761 812 est
811 759 1072 828 egressio.
1121 758 1281 812 Tollit
1326 775 1454 830 ergo
1514 762 1775 830 propheta
1802 761 1854 814 in
1889 759 2054 814 altum

489 850 696 911 oculos,
745 851 941 917 quibus
972 851 1034 903 ad
1070 849 1317 904 sublimia
1344 851 1707 920 percurrenda
1742 851 2056 906 exercitatis

489 942 572 995 fas
596 942 667 996 sit
713 957 834 996 cum
864 941 1045 994 divina
1079 942 1277 996 virtute
1313 944 1625 1013 mysterium
1671 943 2052 1013 COlllett‘tplal'l.

488 1031 686 1098 Quaerit
734 1034 896 1102 igitur
941 1034 1069 1101 quid
1130 1035 1222 1097 sit,
1255 1033 1397 1103 quod
1427 1035 1748 1090 ostenditur.
1793 1035 1928 1089 Tum
1958 1050 2055 1088 an-

483 1124 674 1192 gelus:
715 1142 732 1175 ι
775 1123 900 1177 Hzec
920 1133 1023 1188 est,
1085 1125 1282 1192 inquit,
1323 1140 1577 1179 mensura
1611 1141 1734 1195 qua:
1759 1126 2050 1193 egreditur.

473 1214 613 1277 ,llzcc
643 1225 722 1268 est
763 1216 1018 1283 iniquitas
1043 1220 1298 1270 eorumin
1319 1219 1464 1269 omni
1493 1226 1655 1271 terra.
1703 1237 1722 1269 ι
1761 1215 1878 1270 Jam
1924 1218 2053 1284 quid

487 1321 739 1360 mensura
763 1309 854 1370 sit,
916 1309 1204 1362 videndum
1228 1319 1329 1371 est,
1363 1309 1602 1364 Dicimus
1635 1312 1818 1377 itaque
1857 1319 2052 1362 natura

486 1395 698 1450 bonum.
740 1406 793 1450 et
847 1398 1126 1451 hominum
1179 1408 1448 1452 amantem
1508 1415 1627 1454 esse
1671 1401 2051 1454 universorum

484 1485 793 1540 Dominum.
818 1485 1112 1541 Peccantes
1141 1489 1283 1542 enim
1310 1490 1524 1553 tolerat,
1553 1498 1606 1542 et
1625 1487 1808 1558 inique
1833 1499 2053 1558 agentes

481 1576 738 1641 sustinet,
786 1577 1208 1647 uniuscujusque
1270 1579 1647 1648 paenitentiam
1703 1589 2050 1649 exspectans.

480 1667 639 1735 Quod
686 1670 732 1726 si
786 1673 907 1738 quis
939 1673 1099 1724 etiam
1132 1671 1221 1722 diu
1277 1670 1549 1739 peccando
1579 1672 1927 1739 processerit,
1962 1687 2052 1725 su-

479 1776 834 1830 premamque
887 1761 980 1816 Dei
1037 1762 1354 1828 patientiam
1400 1771 1653 1830 expertus
1697 1761 1879 1828 luerit,
1935 1773 2048 1816 tum

2157 578 2238 629 ὅτι
2277 595 2294 626 ι
2338 575 2588 646 Ἐξῆλθεν
2615 579 2643 628 6
2664 577 2893 646 ἄγγελος
2926 578 2954 629 6
2983 575 3159 629 λαλῶν
3184 577 3241 628 ὲν
3265 575 3410 640 ἐμοί.
3454 593 3471 625 ι
3514 573 3734 644 Ἐξήλθε

2157 667 2213 720 δὲ
2244 669 2396 733 ὃποι;
2428 666 2528 720 ποῦ
2564 669 2671 739 γὰρ
2711 666 2778 740 ἦν
2824 669 2990 734 ὅλως;
3019 667 3230 722 Οὐκοῦν
3260 669 3324 720 ὲκ
3365 669 3464 737 τῆς
3494 667 3588 721 τοῦ
3614 667 3735 737 δρε-

2159 761 2329 812 πάνου
2353 759 2569 825 δείξεως
2605 761 2695 813 ἐπὶ
2737 761 2836 831 τὴν
2869 759 3237 831 προκειμένην
3264 760 3474 829 ὅρασιν,
3511 759 3608 829 τὴν
3641 760 3734 812 ἐπί

2157 871 2241 920 γε,
2270 853 2433 922 φημὶ,
2487 852 2565 923 τῷ
2615 852 2818 924 μέτρῳ,
2851 853 2912 906 τὸ
2937 856 3035 924 τῆς
3077 853 3257 919 ἐξόδου
3303 851 3492 920 γέγονε
3521 853 3729 922 χρῆμα.

2155 944 2310 1012 Λῖρει
2348 960 2411 1011 γε
2443 943 2550 1012 μὴν
2581 946 2609 997 ὁ
2646 945 2930 1015 προφήτης
2956 946 3035 1006 είς
3075 943 3208 1012 ὕψος
3245 943 3368 1005 τοὺς
3397 943 3731 1014 ὀφθαλμοὺς,

2156 1028 2235 1097 οἷς
2260 1034 2492 1104 διᾴττειν
2514 1034 2647 1103 ὑψοῦ
2675 1035 3090 1105 μεμελετηκόσι,
3115 1035 3314 1106 πρέποι
3339 1035 3402 1087 ἂν
3425 1034 3648 1097 εἰκότως
3671 1035 3735 1087 τὸ

2157 1127 2248 1180 καὶ
2273 1126 2390 1198 θείᾳ
2408 1127 2632 1198 δυνάμει
2665 1128 2956 1198 καταθρεῖν
2980 1129 3294 1198 μυστήριον.
3333 1129 3534 1198 Ἤρετο
3554 1127 3616 1196 δὴ
3639 1123 3734 1182 οῦν

2154 1216 2207 1267 τί
2259 1215 2365 1284 ἄρα
2421 1215 2537 1268 ἔστι
2591 1217 2651 1269 τὸ
2702 1216 3068 1286 δεικνύμενον.
3117 1216 3172 1267 Ὀ
3231 1215 3287 1267 δὲ
3344 1215 3479 1286 πρὸς
3535 1215 3728 1268 αὐτόν·

2162 1325 2180 1357 ι
2225 1307 2414 1370 Τοῦτο,
2451 1307 2606 1377 φησι,
2653 1308 2712 1360 τὸ
2763 1307 2962 1378 μέτρον
2997 1307 3057 1359 τὸ
3099 1307 3553 1376 ἐκπορευόμενον.
3583 1306 3730 1376 Αὕτη

2155 1398 2302 1450 ἐστὶν
2395 1398 2574 1450 ἀδικία
2608 1398 2784 1450 αὐτῶν
2815 1399 2871 1449 ἐν
2903 1398 3050 1468 πάσῃ
3087 1400 3152 1467 τῇ
3184 1400 3276 1466 γῇ.
3314 1415 3332 1446 ι
3365 1395 3475 1448 Καὶ
3498 1396 3550 1448 τί
3576 1395 3638 1466 δὴ
3669 1395 3734 1448 τὸ

2159 1490 2374 1560 μέτρον,
2419 1488 2830 1558 ἀναλογίζεσθαι
2861 1490 2988 1560 χρή.
3020 1490 3128 1541 Καὶ
3164 1488 3228 1558 δὴ
3260 1489 3351 1540 καί
3396 1503 3598 1555 φαμεν,
3648 1486 3734 1542 ὅτι

2155 1579 2313 1648 φύσει
2345 1579 2600 1650 χρηστὸς,
2625 1581 2718 1634 καὶ
2758 1579 3139 1650 φιλάνθρωπος
3165 1580 3194 1631 δ
3230 1578 3336 1630 τῶν
3365 1577 3499 1631 δλων
3529 1576 3735 1628 Δεσπό-

2154 1687 2273 1741 της.
2297 1669 2682 1740 Πλημμελοῦσι
2712 1669 2822 1741 γὰρ
2855 1668 3188 1733 ἀνεξικακεῇ
3217 1669 3314 1721 καλ.
3347 1667 3733 1738 παρανομούν-

2154 1779 2262 1816 των
2303 1764 2574 1833 ἀνέχεται,
2605 1764 2914 1833 περιμένων
2956 1761 3057 1833 τὴν
3098 1761 3330 1814 ἑκάστου
3369 1760 3731 1831 μετάγνωσιν.

479 1849 714 1916 denique
767 1851 943 1918 poenis
1000 1851 1336 1920 subjicietur,
1359 1860 1414 1905 et
1439 1861 1543 1904 tam
1568 1853 1838 1906 diuturna:
1865 1867 2047 1906 socor-

2155 1854 2214 1906 El
2252 1853 2307 1905 δὲ
2338 1853 2398 1924 δή
2425 1870 2510 1916 τις
2543 1853 2611 1905 ἴοι
2653 1853 2747 1906 καὶ
2787 1853 2949 1923 μέχρι
2988 1851 3182 1905 πολλοῦ
3216 1851 3352 1922 πρὸς
3379 1851 3439 1903 τὸ
3480 1850 3734 1918 πλημμε-

474 1939 580 1995 dia:
612 1954 912 2012 praetexere
942 1945 1073 1998 nihil
1117 1945 1315 2012 poterit
1352 1963 1364 1998 :
1399 1945 1662 1999 necillum
1703 1947 1989 2014 quisquam
2019 1960 2049 1998 a

481 2032 678 2095 pinnis;
742 2033 1049 2086 commissis
1081 2032 1195 2099 ejus
1263 2034 1485 2101 paribus
1538 2033 1752 2102 eripiet.
1803 2035 2051 2102 Quapro—

477 2131 598 2189 pter
629 2121 879 2176 Cltristus
910 2124 1105 2192 populo
1139 2122 1466 2191 Jutlznorum,
1502 2125 1779 2192 impotenti
1829 2126 2047 2178 vesania

475 2213 542 2265 ad
576 2213 791 2282 quidvis
847 2215 1108 2268 nefarium
1175 2219 1374 2278 ruenti,
1421 2219 1594 2287 inquit
1625 2237 1636 2269 :
1680 2233 1698 2265 ι
1729 2217 1790 2269 Et
1820 2232 1917 2270 vos
1949 2217 2045 2268 im-

475 2304 664 2369 pleStis
695 2322 1002 2359 mensuram
1037 2315 1247 2374 patrum
1279 2303 1579 2361 vestrorum
1622 2308 1689 2360 ⁸⁸.
1735 2325 1751 2354 ι
1784 2306 2046 2359 Mensura

478 2397 642 2463 igitur
689 2413 806 2466 qua:
851 2400 1166 2466 apparebat,
1200 2409 1544 2467 peccatorum
1575 2398 1752 2466 populi
1787 2399 1837 2450 in
1866 2399 2044 2466 ipsum

475 2489 808 2540 cumulatam
869 2491 1266 2542 multitudinem
1307 2491 1649 2544 ostendebat.
1700 2490 1756 2542 ln
1796 2505 2045 2543 mensura

475 2578 854 2645 porromulier
876 2579 1122 2637 sedebat.
1161 2580 1462 2647 iniquitatis
1523 2580 1737 2631 modum
1793 2594 2048 2630 consum-

474 2684 646 2732 mans,
683 2678 735 2722 et
763 2669 907 2722 velut
938 2685 1031 2736 per
1055 2685 1110 2722 se
1142 2671 1503 2738 capacitatem
1539 2669 1768 2735 impleas
1796 2687 1808 2721 :
1851 2667 2047 2721 fortas-

473 2759 550 2812 sis
582 2760 742 2811 etiam
783 2758 1135 2824 superellusa,
1168 2768 1222 2811 et
1257 2775 1360 2828 qua
1383 2758 1657 2820 exstabat,
1685 2759 2041 2826 prospiciens.

478 2867 496 2898 ι
542 2848 604 2901 Ει
633 2863 781 2912 ecce,
810 2849 1002 2916 inquit,
1028 2849 1288 2902 talentum
1321 2850 1520 2918 plumbi
1546 2849 1714 2920 698
1747 2853 2041 2916 elevatum,

472 2953 528 2994 et
558 2940 785 3010 proiecit
843 2940 972 2992 illud
1018 2941 1069 2994 in
1131 2955 1191 2994 os
1219 2942 1359 3005 eius.
1398 2961 1416 2992 ι
1448 2943 1708 2995 Describit
1734 2955 1912 2995 autem
1951 2959 2043 2994 no-

474 3035 555 3085 bis
605 3033 945 3100 iniquitatem
993 3032 1128 3086 visio
1173 3033 1225 3086 in
1262 3033 1444 3087 habitu
1475 3033 1803 3088 muliercula:
1839 3050 1851 3086 :
1889 3045 2043 3102 typus

2151 1943 2260 2008 λὲς,
2292 1944 2388 1997 καὶ
2418 1946 2497 2008 εἰς
2528 1944 2698 2013 πέρας
2723 1945 2846 2013 ἥκοι
2877 1943 3066 1996 λοιπὸν
3098 1943 3198 2013 τῆς
3223 1943 3369 2012 αὐτῷ
3398 1942 3732 2012 νεμηθείσης

2150 2032 2520 2108 ἀνεξικακίας,
2544 2033 2604 2086 τὸ
2628 2033 2880 2102 τηνικάδε
2907 2032 3092 2085 λοιπὸν
3120 2034 3325 2094 ποιναῖς
3354 2032 3730 2093 ὑποκείσεται,

2151 2127 2246 2178 καὶ
2276 2126 2431 2193 λόγος
2466 2123 2615 2195 αὐτῷ
2661 2128 2760 2195 τῆς
2801 2123 2944 2177 οὕτω
2977 2125 3194 2194 μακρᾶς
3237 2123 3504 2193 ῥᾳθυμίας
3529 2121 3732 2186 οὐδεὶς,

2149 2218 2256 2268 οὐδ’
2291 2216 2356 2269 ἂν
2386 2215 2618 2280 ἐξέλοιτο
2657 2216 2751 2269 τοῦ
2794 2216 2992 2286 χρῆναι
3027 2215 3212 2268 λαϐεῖν
3263 2215 3582 2284 ίσομέτρους
3632 2215 3735 2266 αὑ-

2148 2309 2276 2374 τῶν,
2309 2302 2383 2361 ὧν
2422 2307 2486 2360 ἂν
2515 2308 2754 2376 φαίνοιτο
2785 2307 3059 2378 δεδρακὼς
3095 2307 3193 2366 τὰς
3227 2307 3404 2370 δίκας.
3457 2307 3565 2360 Καὶ
3597 2306 3734 2375 γοῦν

2149 2401 2251 2470 ἔφη
2283 2418 2383 2452 που
2433 2399 2667 2470 Χριστὸς
2711 2400 2848 2470 πρὸς
2898 2399 3026 2461 τοὺς
3055 2399 3164 2450 τῶν
3212 2398 3477 2452 Ἰουδαίων
3523 2399 3732 2469 δήμους

2147 2491 2420 2560 ἀχαλίνοις
2447 2491 2726 2551 ἀπονοίαις
2757 2489 2892 2560 πρδς
2930 2491 3037 2542 πᾶν
3062 2489 3169 2541 τῶν
3206 2489 3453 2542 ἐκτόπων
3485 2489 3730 2542 διάττονο

2146 2599 2244 2643 τας
2263 2599 2278 2613 ο
2317 2603 2335 2633 ι
2375 2582 2486 2635 Καὶ
2522 2584 2677 2651 ὑμεῖς
2707 2579 3132 2652 ἀνεπληρώσατε
3163 2580 3223 2633 τὸ
3262 2581 3456 2652 μέτρον
3483 2581 3589 2632 τῶν
3620 2597 3729 2632 πα-

2145 2671 2318 2741 τέρων
2347 2671 2520 2739 ὑμῶν.
2561 2689 2580 2721 ι
2614 2669 2822 2723 Οὐκοῦν
2871 2671 3069 2740 μέτρον
3102 2665 3169 2738 ἦν
3203 2669 3265 2722 τὸ
3299 2669 3594 2739 ὁρώμενον,
3629 2669 3732 2738 τῆς

2145 2761 2253 2812 τῶν
2284 2760 2426 2814 λαῶν
2456 2761 2833 2830 πλημμελείας
2863 2762 2946 2828 ἐφ’
2980 2760 3158 2829 ἐαυτῷ
3185 2761 3426 2813 δεικνύον
3459 2761 3554 2830 τὴν
3593 2761 3730 2814 ἀνα-

2145 2852 2446 2923 πλήρωσιν.
2501 2852 2778 2920 Ἐνίδρυτο
2821 2851 2877 2902 δὲ
2913 2850 2991 2920 τῷ
3045 2851 3227 2920 μέτρῳ
3271 2852 3428 2920 γυνὴ,
3465 2855 3563 2919 τῆς
3603 2854 3732 2903 ἀνο-

2149 2943 2276 3013 μίας
2305 2942 2584 3013 πληροῦσα
2607 2943 2697 2994 τὸν
2728 2943 2912 3005 τόπον,
2948 2941 3043 2992 καὶ
3081 2935 3192 2993 οἷον
3231 2940 3629 3008 ἀναπιμπλᾶσα
3658 2941 3730 2992 δι’

2145 3034 2344 3103 ἑαυτῆς
2376 3034 2437 3084 τὸ
2488 3033 2826 3102 κεχωρηκὸς,
2854 3033 2995 3100 τάχα
3028 3049 3130 3084 που
3186 3031 3277 3082 καὶ
3320 3031 3730 3102 ὑπερχεομένη,

471 3125 616 3178 enim
638 3125 926 3191 voluptatis
955 3134 1114 3195 atque
1155 3127 1316 3177 ctiam
1348 3124 1680 3178 infirmitatis
1703 3134 1787 3179 est
1815 3124 2040 3177 mulier:

2150 3125 2244 3177 καὶ
2283 3123 2358 3193 τῷ
2399 3122 2636 3193 περιττῷ
2678 3123 3066 3176 διακύπτουοα.
3117 3142 3134 3172 ι
3195 3121 3332 3172 Ἀλλ’
3383 3121 3513 3178 ἰδοὺ,
3564 3123 3728 3190 φησι,

471 3226 528 3270 et
547 3217 725 3270 omnis
751 3217 1006 3286 iniquitas
1052 3232 1154 3269 non
1181 3215 1337 3268 aliter
1392 3217 1772 3279 committitur,
1808 3216 1908 3270 nisi
1946 3231 2043 3269 vo-

472 3305 675 3375 luptate
703 3307 882 3374 aliqua
922 3307 986 3358 ad
1015 3306 1212 3358 malum
1272 3306 1571 3370 inescante,
1632 3313 1686 3360 et
1731 3304 2046 3358 infirmitate

472 3400 673 3454 mentis
724 3399 788 3452 ad
844 3399 943 3451 hoc
999 3398 1390 3451 coasentiente.
1456 3396 1588 3449 Nam
1616 3396 1659 3449 si
1731 3413 1881 3450 mens
1904 3396 1953 3448 in
1989 3409 2046 3448 se

476 3491 629 3544 ﬁrma
672 3501 727 3545 ct
759 3489 930 3542 virilis
982 3489 1162 3553 fuerit,
1209 3503 1480 3555 nunquam
1533 3503 1592 3542 se
1627 3487 1691 3540 ad
1732 3488 1920 3540 vitium
1950 3487 2045 3538 de-

473 3581 616 3638 ﬂecti
663 3582 918 3649 patietur.
957 3581 1013 3634 Si
1069 3590 1249 3634 autem
1299 3579 1539 3633 emollita
1577 3589 1632 3632 et
1662 3579 1934 3632 incantata
1976 3576 2043 3630 ad

474 3673 829 3742 voluptatem,
877 3672 1179 3726 molestiam
1239 3671 1458 3725 sentiet.
1512 3669 1762 3738 Pingitur
1809 3682 1960 3734 ergo,
1993 3675 2048 3720 et

474 3775 836 3835 congruenter
865 3763 1040 3830 valde,
1072 3763 1248 3831 specie
1271 3763 1516 3817 mulieris
1543 3761 1822 3828 iniquitas.
1857 3759 2046 3812 Plum-

475 3861 525 3912 bi
560 3869 736 3912 autem
794 3858 1054 3912 talentum
1101 3857 1368 3911 elevatum
1427 3866 1481 3910 et
1511 3854 1768 3908 obturans
1806 3869 1867 3907 os
1908 3853 2045 3922 ejus,

475 3948 607 4002 nihil
640 3948 808 4012 aliud,
858 3949 1071 4015 opinor,
1124 3946 1578 4016 potestintelligi,
1633 3956 1830 4014 praeter
1865 3944 2049 3998 Domi-

476 4055 601 4094 num
630 4048 874 4093 nostrum
899 4036 1080 4092 Jesum
1107 4036 1405 4100 Christum,
1433 4035 1523 4106 qui
1557 4049 1653 4104 per
1687 4049 1904 4090 crucem
1923 4047 2048 4098 pre-

427 4182 434 4188 .
478 4131 679 4186 tiosam
736 4130 1030 4192 exaltatus,
1065 4138 1120 4183 et
1155 4128 1469 4194 iniquitates
1501 4138 1716 4180 nostras
1750 4124 1968 4178 sustulit
1993 4123 2045 4175 in

473 4239 673 4294 corpus
696 4239 850 4275 suum
866 4238 1025 4290 super
1053 4221 1257 4286 lignum
1289 4218 1358 4284 “,
1383 4228 1437 4272 et
1461 4217 1884 4286 chirographum
1914 4230 2048 4266 con-

472 4326 556 4369 tra
589 4331 686 4368 nos
723 4313 1071 4382 triumphavit
1097 4313 1164 4376 ⁸⁷,
1193 4322 1271 4376 ιιι,
1302 4312 1439 4365 sicut
1475 4309 1550 4362 ait
1578 4308 1790 4362 divinus
1818 4317 2006 4359 cantor
2031 4323 2044 4358 :

479 4426 497 4457 ι
532 4405 720 4460 Omnis
778 4404 1033 4472 iniquitas
1082 4405 1281 4472 oppilet
1329 4415 1391 4454 os
1433 4414 1588 4453 suum
1640 4395 1707 4450 “.
1755 4414 1774 4448 ι
1821 4393 2047 4448 Plutnho

476 4509 649 4554 autem
706 4506 759 4551 et
815 4498 927 4566 ipse
981 4505 1328 4561 comparatur
1373 4512 1384 4546 :

473 4591 606 4654 dixi,
646 4590 918 4659 plumbum
946 4588 1012 4640 ab
1052 4585 1376 4652 argentariis
1405 4581 1704 4635 artificibus
1739 4580 1806 4631 ad
1851 4591 2043 4645 purga-

476 4683 677 4734 tionem
709 4694 894 4732 eorum
931 4691 1050 4745 qua:
1107 4673 1434 4728 conﬂantur.
1480 4669 1626 4724 Talis
1647 4667 2047 4736 quodammodo

475 4775 648 4826 virtus
698 4771 898 4825 Christi
954 4770 1006 4822 in
1037 4768 1212 4822 nobis.
1246 4766 1302 4820 Si
1345 4765 1488 4816 cnim
1538 4762 1589 4814 in
1615 4770 1844 4814 mentetn
1879 4769 1934 4813 et
1952 4773 2047 4814 cor

473 4866 701 4924 venerit,
759 4877 949 4916 omnes
987 4859 1174 4914 sordes
1220 4869 1442 4925 prorsus
1499 4850 2047 4920 abstergit.Censent

473 4956 714 5024 quidam,
753 4954 1058 5023 projectum
1113 4963 1232 5004 esse
1273 4945 1544 5016 plumbum
1572 4945 1624 4997 in
1669 4957 1731 4996 os
1782 4941 2045 5010 iniquita-

476 5048 869 5114 tis,velutDeo
910 5042 1039 5097 illud
1084 5042 1394 5102 obturante,
1453 5046 1508 5091 et
1561 5035 1849 5090 immodice
1902 5032 2040 5085 ultra

473 5149 786 5208 peccatores
840 5147 1099 5188 accusare
1141 5145 1244 5184 non
1307 5127 1675 5197 permittente.
1744 5123 1948 5177 Idcirco
1991 5131 2046 5176 et

473 5231 625 5299 quasi
651 5229 772 5282 l‘une
807 5222 1290 5288 circumscribitur,
1315 5218 1553 5273 omnium
1590 5215 1909 5271 miseratore
1937 5214 2045 5268 Deo

476 5320 900 5387 uniuscujusque
937 5330 1150 5384 puellam
1200 5312 1498 5368 sceleribus
1546 5308 1895 5378 pr0portione
1957 5322 2044 5362 re-

474 5413 826 5476 5p0ndentem
863 5407 1174 5460 deliuiente.

2147 3218 2404 3269 τάλαντον
2438 3213 2686 3284 μολίϐδου
2710 3213 3076 3284 ὲξαιρόμενον,
3113 3213 3206 3264 καὶ
3237 3211 3461 3282 ἔρριψεν
3488 3211 3618 3263 αὐτὸ
3647 3215 3731 3274 εἰς

2145 3309 2204 3360 τὸ
2227 3307 2401 3376 στόμα
2428 3306 2616 3374 αὐτῆς.
2650 3325 2668 3357 ι
2695 3306 2899 3376 Γράφει
2926 3305 2982 3358 δὲ
3005 3309 3134 3376 ἡμῖν
3163 3305 3259 3376 τὴν
3279 3305 3509 3375 ἀνομίαν
3529 3307 3562 3368 ἡ
3590 3304 3729 3376 ὅρα-

2148 3417 2230 3462 σις
2259 3401 2335 3462 εἰς
2367 3398 2429 3451 τὸ
2457 3398 2550 3452 τοῦ
2576 3399 2799 3466 γυναίου
2841 3399 3022 3468 σχῆμα
3046 3417 3058 3429 ·
3109 3401 3276 3462 τύπος
3310 3398 3419 3467 γὰρ
3458 3397 3655 3467 ἡδονῆς
3689 3399 3724 3467 ἡ

2145 3493 2302 3564 γυνὴ,
2353 3492 2448 3546 καὶ
2501 3493 2684 3562 μέντοι
2726 3492 2822 3545 καὶ
2877 3490 3196 3552 ἀσθενείας·
3245 3490 3445 3558 ἀνομία
3475 3487 3530 3540 δὲ
3573 3489 3727 3539 πᾶσα

2145 3582 2318 3652 δρῷτο
2341 3581 2406 3634 ἂν
2432 3582 2530 3650 οὐχ
2571 3581 2795 3653 ὲτέρως,
2832 3581 2972 3650 πλὴν
3004 3581 3084 3632 ὅτι
3125 3578 3213 3632 διά
3241 3594 3383 3640 τινος
3416 3577 3607 3645 ἡδονῆς
3633 3576 3726 3628 δε-

2145 3675 2445 3746 λεαζούσης
2478 3677 2569 3728 ἐπὶ
2601 3675 2661 3727 τὸ
2691 3673 2915 3742 φαῦλον,
2957 3670 3362 3740 συμϐαινούσης
3387 3669 3526 3739 πρὸς
3547 3667 3728 3739 τούτῳ

2145 3769 2357 3838 καὶτῆς
2383 3769 2461 3831 είς
2503 3767 2625 3818 νοῦν
2655 3765 2957 3826 ἀσθενείας.
3002 3764 3064 3815 Ei
3101 3763 3198 3831 μὲν
3223 3759 3331 3831 γὰρ
3356 3759 3440 3827 εἴη
3473 3757 3729 3828 βεϐηκὼς

2146 3858 2230 3926 ἐφ’
2257 3856 2456 3927 ἐαυτῷ,
2482 3856 2576 3909 καὶ
2603 3855 2845 3925 ἀνδρεῖος
2871 3856 2898 3906 6
2931 3851 3078 3915 νοῦς,
3099 3851 3198 3903 οὐκ
3230 3850 3293 3904 ἂν
3325 3849 3497 3902 ἕλοιτο
3527 3848 3730 3900 παθεῖν

2145 3948 2242 4018 τὴν
2281 3949 2359 4010 εἰς
2392 3947 2452 3998 τὸ
2494 3945 2696 4016 φαῦλον
2738 3946 2928 4016 ῥοπήν.
2965 3944 3029 3994 El
3071 3941 3125 3994 δὲ
3155 3941 3218 4011 δὴ
3266 3936 3628 4010 μαλακισθείη
3662 3953 3726 3990 τε

2147 4039 2240 4091 καὶ
2293 4036 2615 4106 γοητευθείη
2652 4035 2786 4106 πρὸς
2823 4031 3034 4104 ἡδονὴν,
3091 4029 3336 4082 πείσεται
3383 4028 3444 4080 τὸ
3493 4024 3722 4078 λυποῦν.

2147 4128 2420 4195 Γράφεται
2448 4126 2512 4196 δὴ
2541 4122 2653 4186 οὗν,
2685 4125 2779 4176 καὶ
2805 4123 2949 4193 μάλα
2971 4121 3167 4193 ὀρθῶς,
3199 4121 3278 4183 εἰς
3302 4117 3530 4186 ἀνομίαν
3558 4117 3590 4185 ἡ
3624 4131 3725 4183 γυ-

2148 4216 2235 4284 νή.
2268 4213 2533 4267 Μολίϐδου
2589 4213 2645 4265 δὲ
2670 4213 2933 4264 τάλαντον
2975 4211 3035 4263 τὸ
3060 4208 3430 4282 ὲξαιρόμενον,
3470 4207 3565 4259 καὶ
3614 4205 3724 4276 μὴν

2148 4306 2240 4360 καὶ
2267 4305 2576 4374 ὲμφράττον
2603 4304 2661 4357 τὸ
2690 4303 2862 4372 στόμα
2885 4303 3072 4370 αὐτῆς,
3109 4301 3325 4372 νοηθείη
3365 4300 3430 4352 ἂν
3469 4299 3564 4366 οὐχ
3603 4297 3726 4349 ἓτε-

2151 4413 2263 4467 ρον,
2294 4391 2466 4465 οἷμαι,
2503 4394 2654 4465 παρά
2677 4396 2768 4446 τὸν
2797 4393 2999 4462 Κύριον
3027 4391 3184 4462 ἡμῶν
3227 4389 3432 4460 Ἰησοῦν
3461 4388 3721 4460 Χριστὸν,

1425 4490 1721 4544 assumitur
1772 4487 1937 4542 enim.
1983 4493 2044 4538 ut

2150 4486 2204 4548 ὃς
2235 4485 2422 4554 ὑψώθη
2451 4486 2541 4537 διὰ
2583 4485 2674 4537 τοῦ
2703 4485 2885 4552 τιμίου
2922 4482 3176 4553 σταυροῦ,
3214 4481 3304 4534 καὶ
3347 4480 3444 4542 τὰς
3490 4477 3724 4548 ἀνομίας

2147 4577 2304 4647 ἡμῶν
2326 4578 2624 4646 ἀνήνεγκεν
2663 4579 2718 4629 ὲν
2756 4575 2832 4646 τῷ
2865 4575 3076 4645 σώματι
3116 4573 3277 4626 αὐτοῦ
3323 4574 3413 4625 ἐπὶ
3443 4572 3501 4624 τὸ
3539 4571 3723 4637 ξύλον,

2147 4668 2546 4738 τεθριάμϐευκέ
2589 4685 2648 4720 τε
2692 4669 2752 4720 τὸ
2792 4666 2914 4720 καθ’
2962 4665 3118 4736 ἡμῶν
3164 4667 3544 4735 χειρόγραφον.
3578 4664 3720 4726 Ἵνα,

2147 4757 2291 4811 καθά
2331 4775 2495 4829 φησιν
2541 4760 2569 4810 6
2609 4757 2894 4820 θεσπέσιος
2942 4755 3226 4826 Μελῳδὸς,
3259 4775 3277 4805 ‹
3323 4756 3476 4807 Πᾶσα
3521 4752 3724 4821 ἀνομία

2147 4855 2401 4927 ἐμφράξῃ
2435 4854 2496 4906 τὺ
2525 4853 2698 4924 στόμα
2746 4852 2932 4921 αὐτῆς.
2979 4871 2997 4902 ι
3035 4850 3285 4918 Μολίϐδῳ
3325 4849 3381 4901 δὲ
3423 4847 3516 4900 καὶ
3559 4847 3726 4910 αὐτὸς

2149 4946 2572 5017 παρεικάζεται·
2615 4943 3100 5014 παραλαμϐάνεται
3131 4942 3210 5005 δὲ,
3240 4941 3314 5002 ὡς
3337 4939 3492 5008 ἔφην,
3517 4939 3545 4990 ό
3571 4937 3724 5007 μόλι-

2149 5039 2272 5101 ϐδος
2304 5039 2454 5108 παρὰ
2472 5038 2580 5090 τῶν
2601 5038 2955 5108 ἀργυροχοεῖν
2978 5033 3264 5097 εἰωθότων,
3295 5034 3374 5096 είς
3403 5029 3725 5101 ἀποκάθαρ-

2155 5147 2238 5183 σιν
2264 5129 2372 5182 τῶν
2409 5129 2812 5199 χωνευομένων.
2846 5127 3078 5196 Τοιαύτη
3115 5125 3171 5178 δέ
3209 5144 3325 5189 πως
3357 5124 3450 5178 τοῦ
3485 5121 3723 5194 Χριστοῦ

2153 5220 2185 5288 ἠ
2214 5217 2440 5288 δύναμις
2469 5219 2524 5268 ἐν
2557 5219 2703 5287 ἡμῖν.
2742 5217 2802 5268 Εἰ
2829 5214 2936 5285 γὰρ
2965 5217 3043 5278 εἰς
3073 5215 3196 5268 νοῦν
3224 5215 3430 5278 γένοιτο
3464 5213 3555 5264 καὶ
3585 5185 3743 5282 καρ-Ῐ

2150 5309 2287 5371 δίαν,
2312 5310 2486 5362 πάντα
2509 5308 2570 5376 δὴ
2605 5309 2816 5368 πάντως
2851 5309 3068 5377 ἐκτήκει
3096 5307 3280 5376 ῥύπον.
3313 5308 3468 5358 Δοκεῖ
3495 5303 3552 5356 δέ
3579 5321 3721 5357 τισιν

2149 5401 2405 5472 ἐρῤίφθαι
2452 5389 2562 5454 τὸν
2593 5399 2835 5470 μόλιϐδον
2880 5402 2958 5461 εἰς
2990 5399 3047 5451 τὸ
3091 5399 3190 5466 τῆς
3241 5399 3468 5467 ἀνομίας
3522 5397 3720 5464 στόμα,

471 5498 583 5556 οἷον
613 5499 1017 5570 ἐμφράττοντος
1051 5498 1181 5552 αὐτὸ
1212 5496 1306 5550 τοῦ
1338 5493 1495 5558 Θεοῦ,
1532 5493 1626 5547 καὶ
1671 5491 1816 5562 πέρα
1881 5491 2082 5562 μέτρου
2121 5494 2389 5563 καταϐοᾷν
2455 5494 2563 5545 τῶν
2592 5491 2984 5563 ἡμαρτηκότων
3021 5492 3120 5543 οὐκ
3145 5491 3385 5558 ἐφιέντος
3411 5490 3507 5542 ἔτι.
3536 5487 3723 5558 Ταύτῃ

473 5595 582 5666 «(ip
611 5593 673 5662 δη
735 5609 816 5644 τοι
859 5591 951 5644 καὶ
1013 5591 1194 5662 μέτρῳ
1253 5585 1733 5657 περισχοινίζεται,
1790 5584 2338 5654 συναναμετροῦντος,
2383 5578 2534 5649 οἶμαί
2611 5600 2734 5645 που,
2789 5581 2880 5633 τοῦ
2925 5581 3131 5644 πάντας
3179 5579 3532 5649 οἰκτείροντος
3580 5576 3722 5631 Θεοῦ

472 5687 587 5746 τοῖς
637 5684 744 5736 τῶν
798 5683 1152 5751 πταισμάτων
1211 5680 1520 5748 ἐγκλήμασι
1559 5675 1657 5737 τάς
1699 5673 1783 5742 ἐφ’
1831 5674 2045 5743 ἑκάστῳ
2080 5674 2252 5735 δίκας.

1267 5795 1358 5847 “l
1401 5793 1542 5846 Petr.
1587 5807 1642 5854 tt,
1685 5789 1772 5844 ει.
1851 5790 1890 5817 θτ
1932 5787 2137 5841 Culoss.
2187 5805 2242 5845 tt,
2293 5789 2372 5839 Η.
2457 5788 2497 5813 ⁸⁸
2539 5787 2674 5840 l‘sal.
2717 5803 2826 5849 ενι,
2865 5785 2947 5839 Η.

545 5793 588 5827 ⁸⁵
635 5798 822 5854 Matth.
868 5811 1019 5859 xxttt,
1062 5795 1146 5849 δί.
