3936 6318
193 313 259 370 85
1018 314 1575 371 COMMENTARIUS
1614 314 1679 368 IN
1724 314 1780 367 ΖΑ

1887 316 2123 373 ιΑιιιΑΜ
2164 318 2605 375 PROPHETAM.
3388 326 3458 385 86

260 429 366 483 Kal
408 421 529 498 ἦρα
571 424 717 495 τοὺς
754 427 1100 499 ὀφθαλμούς
1130 448 1274 499 μου,
1316 429 1415 484 καί
1470 428 1621 493 ιδον,
1675 428 1774 482 καί

1954 433 2118 498 Vsus,
2144 434 2200 499 9,
2242 434 2324 490 10.
2356 434 2420 487 Et
2455 436 2617 488 levari
2647 432 2823 487 oculos
2856 452 3015 499 mror,
3045 446 3092 490 et
3118 439 3243 501 ridi,
3276 451 3322 493 et
3345 459 3458 496 ecce

196 521 318 575 ιδοὺ
362 519 473 573 δύο
523 518 805 590 γυναῖκες
853 522 1335 591 ἐκπορευόμεναι,
1392 520 1489 575 καί
1538 519 1774 587 πνεῦμα

195 611 259 663 ἐν
288 608 417 673 ταῖς
445 608 735 677 πτέρυξιν
765 610 979 675 αὐτῶν,
1022 611 1121 664 καί
1161 607 1338 666 αὗται
1368 607 1537 680 εἶχον·
1569 608 1775 676 πτέρυ-

195 718 297 769 γας
323 700 576 763 ἔποπος,
626 701 726 754 καί
767 700 1065 755 ἀνέλαϐον
1107 702 1174 755 τὸ
1201 702 1425 768 μέτρον
1468 700 1774 769 ἀναμέσον

194 790 300 859 τῆς
329 791 465 861 γῆς,
516 793 615 846 καὶ
653 792 961 861 ἀναμέσον
994 793 1101 846 τοῦ
1144 795 1425 861 οὐρανοῦ.
1478 793 1588 848 Kal
1636 790 1775 850 εἶπα

195 883 343 947 πρὸς
381 883 491 934 τὸν
526 883 804 951 ἄγγελον,
845 884 951 935 τὸν
998 884 1309 937 λαλοῦντα
1346 884 1417 935 ἐν
1443 883 1610 951 ἐμοί·
1649 884 1772 938 Ποῦ

194 969 361 1027 αὗται
390 972 763 1040 ἀποφέρουσι
794 973 859 1025 τὸ
891 972 1154 1041 μέτρον;
1181 974 1286 1027 Καὶ
1318 969 1447 1027 εἶπε
1480 976 1629 1041 πρός
1661 992 1737 1042 με
1758 990 1769 1002 ·

198 1064 596 1133 Οέκοδομῆσαι
634 1063 793 1129 αὐτῷ
829 1067 1028 1118 οὶκίαν
1066 1066 1135 1118 ἐν
1164 1064 1239 1134 τῇ
1269 1066 1642 1132 Βαϐυλῶνος.
1677 1067 1774 1120 καὶ

194 1154 523 1222 ἑτοιμάσαι,
553 1155 649 1207 καί
677 1154 977 1219 θήσουσιν
1013 1154 1157 1207 αὐτὸ
1195 1155 1325 1208 ἐκεῖ
1355 1156 1450 1207 ἐπὶ
1479 1154 1592 1222 τὴν
1625 1156 1773 1209 ἐτοι-

188 1246 423 1313 μασιάν
453 1244 661 1298 αὐτοῦ.

258 1335 387 1387 AA'.
433 1334 498 1386 Τί
529 1334 594 1387 ἂν
626 1334 867 1404 βούλοιτο
910 1334 1100 1405 δηλοῦν
1132 1335 1240 1387 τῶν
1277 1334 1549 1403 γυναικῶν
1580 1338 1612 1407 ἡ
1653 1335 1774 1401 ξυν-

194 1426 347 1495 ωρὶς,
393 1426 427 1495 ἢ
460 1425 606 1487 τίνος
651 1425 716 1478 ἂν
760 1422 869 1478 εἷεν
906 1428 984 1489 είς
1036 1427 1227 1489 τύπον,
1282 1429 1578 1495 ἀναγκαῖον
1621 1424 1774 1495 οἶμαί

195 1532 292 1569 που
328 1519 420 1569 καὶ
449 1516 553 1587 πρό
583 1533 644 1583 γε
670 1516 777 1569 τῶν
800 1515 974 1569 ἄλλων
998 1519 1189 1572 εἰπεῖν.
1220 1519 1361 1586 Ἔφη
1389 1518 1566 1570 τοίνυν
1595 1520 1623 1569 ό
1644 1518 1774 1579 Θεὸς

191 1606 266 1676 τῷ
302 1609 559 1678 προφήτῃ
601 1606 860 1677 Ἱεζεχιήλ
884 1624 896 1636 ·
930 1626 948 1658 ‹
981 1608 1077 1661 Υἱὲ
1118 1607 1428 1677 ἀνθρώπου,
1472 1609 1565 1661 δύο
1594 1612 1776 1675 γυναῖ-

194 1717 286 1763 κες
324 1696 489 1770 ἦσαν,
542 1699 840 1771 θυγατέρες
875 1702 1079 1770 μητρὸς
1131 1703 1279 1770 μιᾶς.
1324 1701 1417 1752 καὶ
1470 1701 1776 1769 ὲξεπόρνευ-

1886 526 2006 579 dum
2035 527 2281 581 mulieres
2314 529 2723 596 egredientes,et
2757 528 2975 595 spiritus
3008 528 3061 581 in
3088 527 3185 581 alis
3201 530 3458 597 ipsarum,

1882 625 1932 671 et
1962 618 2091 683 ipsa:
2128 618 2383 671 habebant
2423 617 2537 670 alas
2566 632 2775 685 upupar,
2803 624 2852 669 et
2882 616 3207 671 (levaverunt
3250 635 3457 672 mensu-

1886 726 1999 763 ram
2026 710 2164 763 inter
2210 718 2402 764 terram
2438 719 2486 763 et
2549 709 2752 764 caelum.
2806 708 2872 764 Ει
2917 710 3031 762 dixi
3070 711 3139 762 ad
3186 710 3457 779 angelum,

1882 802 2361 871 quiloquebnturin
2398 819 2477 854 me
2507 818 2524 854 :
2551 801 2667 866 Quo
2698 803 2813 855 ista:
2844 802 3082 866 deferunt
3111 818 3408 855 mensuram
3434 802 3459 854 Ρ

1888 892 1954 946 Et
1981 896 2117 945 dixit
2148 895 2215 947 ad
2258 910 2336 948 me
2363 911 2378 946 :
2417 892 2484 947 Ut
2521 893 2777 959 redi/irent
2802 895 2847 946 ei
2870 895 3077 945 domum
3101 894 3151 945 in
3180 905 3318 946 terra
3351 893 3455 947 Bac

1884 984 2108 1053 bylom's,
2141 994 2523 1053 etprrrparent,
2554 993 2601 1038 et
2636 995 2830 1052 ponant
2858 984 3009 1036 illam
3048 984 3116 1035 ibi
3136 1000 3293 1052 super
3320 1000 3454 1047 prc-

1881 1078 2204 1144 parationem
2222 1093 2393 1129 suam.

1954 1337 2146 1393 XXXI.
2177 1339 2313 1406 Quid
2365 1355 2461 1407 par
2512 1340 2799 1394 mulierum
2855 1338 3073 1405 indicet,
3111 1348 3167 1393 et
3187 1338 3344 1407 cujus
3376 1338 3455 1393 rei

1885 1441 2065 1502 typum
2119 1442 2289 1500 gerat,
2347 1442 2469 1485 ante
2501 1434 2680 1485 omnia
2704 1432 3078 1499 exponendum
3116 1446 3329 1485 censeo.
3368 1431 3457 1485 Ait

1884 1524 2067 1590 itaque
2133 1522 2270 1576 Deus
2322 1524 2592 1590 prophetae
2642 1522 2908 1577 Ezechieli
2947 1540 2959 1575 :
2992 1541 3011 1573 ι
3052 1521 3150 1577 Fili
3200 1522 3452 1586 hominis,

1888 1614 2006 1667 dum
2038 1613 2289 1667 mulieres
2318 1624 2493 1677 erant,
2528 1613 2649 1667 filia:
2677 1614 2864 1666 matris
2895 1614 3076 1677 unius,
3099 1622 3152 1667 et
3181 1613 3455 1669 fornicata

1884 1706 2084 1758 suntin
2119 1703 2377 1773 Egypto,
2402 1705 2453 1758 in
2478 1705 2840 1759 adolescentia
2872 1720 2967 1759 sua
2995 1706 3273 1759 fornicata!
3304 1716 3451 1769 sunt,

196 1808 293 1844 σαν
316 1794 373 1843 ὲν
396 1794 464 1862 τῇ
494 1792 777 1862 Αἰγύπτῳ,
809 1794 867 1844 ὲν
892 1794 954 1861 τῇ
983 1792 1192 1862 νεότητι
1217 1791 1397 1844 αὐτῶν
1420 1793 1778 1861 ἐπόρνευσαν,

1887 1796 1992 1849 illic
2043 1797 2355 1850 cecidi-rant
2409 1800 2574 1850 ubera
2623 1812 2807 1850 earum
2860 1798 2927 1850 ⁶⁹.
2974 1815 2991 1847 ι
3026 1798 3191 1851 Addit
3239 1796 3345 1859 his,
3386 1796 3452 1850 il-

193 1887 309 1937 ἐκεῖ
336 1884 536 1936 ἔπεσον
571 1886 619 1936 οἱ
674 1885 870 1953 μαστοὶ
908 1884 1106 1937 αὐτῶν.
1146 1902 1163 1934 ι
1205 1883 1518 1954 Προσετίθει
1550 1884 1608 1936 δὲ
1654 1883 1778 1937 τού-

190 1994 323 2038 τοις,
379 1978 717 2047 σαφέστερον
772 1976 1030 2038 καθιστὰς
1081 1976 1142 2029 τὸ
1187 1977 1593 2047 διηγγελμένον,
1632 1996 1649 2028 ‹
1689 1978 1781 2030 καὶ

190 2068 252 2121 τὰ
284 2069 533 2137 ὀνόματα
571 2069 774 2133 αὐτῶν,
806 2069 1092 2138 Σαμάρεια
1124 2068 1155 2137 ἢ
1187 2069 1348 2129 Οολὰ,
1378 2070 1471 2122 καὶ¹
1509 2070 1777 2139 Ἰερουσα-

190 2158 298 2227 λὴμ
316 2160 347 2229 ἦ
367 2159 588 2213 Οολιδά.
604 2179 623 2212 ι
650 2161 762 2213 Μία
794 2161 890 2231 μὲν
909 2157 1104 2231 γὰρῆν
1126 2159 1229 2232 [ἐν]
1250 2162 1440 2231 ἀρχαῖς
1457 2163 1490 2231 ἡ
1516 2162 1624 2213 τῶν
1654 2162 1781 2213 Ἰου-

188 2251 354 2303 δαίων
398 2253 708 2322 συναγωγή.
770 2252 926 2305 Κατά
967 2252 1023 2304 δέ
1077 2269 1139 2321 γε
1174 2253 1263 2304 τὸν
1309 2254 1497 2320 καιρὸν
1538 2253 1636 2322 τῆς
1685 2252 1778 2305 τοῦ

201 2342 441 2412 Ῥοϐοάμ
468 2343 767 2411 βασιλείας,
796 2345 1195 2415 ἀπορραγεῖσαι
1226 2345 1334 2397 τῶν
1368 2346 1541 2399 ἄλλων
1571 2347 1625 2398 αί
1647 2346 1781 2399 δέκα

192 2436 375 2502 φυλαὶ,
418 2437 781 2506 κατῳκήκασι
828 2436 1163 2507 Σαμάρειαν,
1207 2438 1300 2489 καὶ
1345 2436 1822 2506 πεπορνεύκασιν⁹

191 2527 277 2580 ἐπὶ
311 2530 436 2591 ταῖς
490 2528 755 2598 δαμάλεσι
800 2532 918 2592 ταῖς
969 2530 1221 2599 χρυσαῖς,
1266 2528 1331 2591 ἃς
1382 2528 1780 2581 κατεσκεύασεν

203 2616 485 2689 Ἱεροϐοάμ
526 2619 639 2682 υίὸς
693 2619 903 2673 Ναὸάτ.
955 2618 1101 2689 Πλὴν
1154 2620 1254 2671 οὐκ
1306 2618 1410 2682 ἔξω
1455 2619 1552 2687 τῆς
1602 2619 1781 2681 αἰτίας

193 2709 376 2777 γέγονε
454 2749 469 2763 .
550 2748 565 2762 .
645 2750 659 2765 .
736 2749 752 2765 .
832 2750 847 2765 .
928 2750 942 2763 .
1022 2752 1036 2766 .
1115 2750 1131 2764 .
1228 2710 1525 2771 τουτέστιν,
1583 2709 1781 2778 Ἰερου-

193 2800 393 2870 σαλήμ·
431 2801 847 2870 ὲκπεπόρνευκε
901 2800 1010 2871 γὰρ
1057 2800 1152 2853 καὶ
1196 2800 1336 2869 αὕτη
1382 2799 1524 2852 κατὰ
1555 2800 1781 2864 πολλοὺς

192 2892 445 2963 τρόπους,
476 2892 634 2945 τοῦτο
660 2894 759 2961 μὲν
785 2892 1021 2955 εἰδώλοις
1048 2890 1574 2961 προσκεκυνηκότων
1596 2892 1777 2957 τινῶν,

194 2986 281 3037 καὶ
321 2984 564 3037 θυόντων
608 2986 674 3054 τῇ
712 2984 875 3043 Βαὰλ,
931 2986 995 3054 τῇ
1045 2984 1336 3053 Ἀστάρτη,
1388 2986 1500 3046 τοῖς
1546 2982 1778 3051 βουνοῖς,

194 3073 344 3144 ἡλίῳ,
390 3076 593 3145 σελήνῃ
654 3075 748 3127 καὶ
786 3076 1005 3145 ἄστροις
1040 3074 1285 3144 ἑτέροις·
1328 3073 1490 3126 τοῦτο
1539 3073 1597 3126 δὲ
1644 3074 1779 3143 πρὸς

194 3169 370 3221 πᾶσαν
417 3166 656 3236 ἑτοίμως
692 3167 880 3220 ίόντων
922 3166 1285 3237 ἀκαθαρσίαν,
1323 3166 1418 3219 καὶ
1467 3168 1596 3237 παρ’
1626 3167 1778 3220 οὐδὲν

191 3255 256 3307 τὰ
289 3257 382 3311 διὰ
414 3257 510 3310 τοῦ
536 3258 829 3327 ’πανσόφου
861 3259 1102 3323 Μωσέως
1136 3258 1576 3328 τεθεσπισμένων
1606 3260 1781 3312 τιθέν-

192 3367 317 3405 των.
349 3351 463 3414 Τὰς
490 3350 587 3403 δύο
607 3351 670 3420 δὴ
705 3346 797 3405 οὖν
826 3351 933 3403 τῶν
960 3350 1018 3416 ἐξ
1061 3350 1276 3420 Ἰσραὴλ
1302 3350 1626 3418 συναγωγὰς
1656 3352 1779 3403 δυσὶ

195 3441 438 3508 γυναιξὶν
470 3441 725 3510 ἀφομοιοῖ
762 3440 992 3509 πάλιν.ἡ
1030 3441 1242 3509 ὅρασις,
1284 3436 1348 3499 ἃς
1378 3438 1471 3490 καὶ
1504 3436 1779 3506 πτέρυγας

195 3531 393 3593 ἔποπος
420 3531 716 3601 ἐσχηκέναι
742 3533 929 3601 φησὶν,
961 3531 1047 3582 ἵνα
1072 3531 1171 3599 τὴν
1198 3529 1421 3582 ἐνοῦσαν
1443 3529 1623 3591 αὐτοῖς
1652 3528 1783 3581 ἀκά-

198 3622 389 3696 θαρτον
428 3622 657 3693 γνώμην
708 3624 804 3677 καὶ
847 3624 908 3675 τὸ
937 3623 1073 3694 πρὸς
1123 3623 1229 3675 πᾶν
1260 3621 1438 3674 ὁτιοῦν
1484 3621 1592 3673 τῶν
1632 3621 1783 3673 ἐκτό-

198 3732 310 3768 πων
356 3715 587 3777 εὐπετὲς
637 3710 696 3768 εὖ
737 3714 881 3784 μάλα
931 3714 1389 3781 κατασημήνειεν.
1426 3712 1485 3763 Ὀ
1533 3711 1631 3781 μὲν
1673 3711 1781 3779 γὰρ

202 3806 337 3875 ἔποψ
386 3807 670 3877 στρουθίον
708 3808 853 3858 ἐστὶν
886 3806 984 3858 οὐκ
1032 3806 1267 3875 ἄσημον,
1303 3802 1689 3873 φιλοϐόρεορον
1724 3803 1781 3855 δὲ

200 3900 285 3953 καὶ
313 3899 672 3969 κοπροϐόρον,
707 3900 801 3951 καὶ
828 3901 947 3961 ταῖς
986 3898 1284 3966 σκωλήκων
1319 3896 1543 3963 ἀγέλαις
1574 3895 1781 3965 ἀγρίως

202 3991 642 4061 ὲπιμαινόμενον,
673 3989 769 4043 καὶ
795 3989 999 4059 τροφὴν
1028 3988 1115 4041 ἀεὶ
1143 3986 1411 4039 ποιεῖσθαι
1438 3985 1784 4054 κατειθισμέ-

201 4096 284 4133 νον
312 4082 411 4150 τὴν
457 4080 695 4148 ἐσχάτην
742 4078 1105 4147 ἀκαθαρσίαν.
1136 4076 1387 4138 Τοιοῦτος
1438 4076 1494 4129 δέ
1525 4093 1641 4138 πως
1691 4077 1784 4129 καὶ

202 4175 307 4237 τοίς
336 4169 821 4241 είδωλολατροῦσιν
846 4169 1037 4222 ὕπεστι
1080 4168 1222 4231 νοῦς.
1258 4169 1374 4222 Οὐκ
1399 4167 1617 4237 ἔρχεται
1650 4184 1782 4219 κατι

204 4265 324 4318 ενθὺ
355 4264 455 4317 τοῦ
504 4264 809 4333 πρέποντος
830 4279 844 4292 ο
894 4262 1009 4315 ἀλλ’
1038 4261 1143 4325 ἔξω
1176 4261 1402 4331 φέρεται
1432 4259 1525 4312 τοῦ
1553 4260 1780 4326 εἰκότος,

204 4358 287 4410 τὸν
315 4358 463 4411 θεῖον
504 4356 607 4409 οὐκ
647 4351 753 4407 οἶδε
788 4354 970 4424 νόμον.
1006 4354 1160 4406 Ἐστι
1200 4352 1255 4404 δὲ
1296 4353 1512 4422 ἀπάσης
1540 4351 1782 4422 ἀκαθαρ-

1882 1887 2119 1942 lustrans
2146 1889 2311 1958 699
2342 1891 2483 1956 quod
2515 1891 2814 1951 nuntiabat,
2854 1907 2873 1939 ι
2915 1900 2969 1942 et
3005 1891 3218 1941 nomina
3244 1903 3453 1953 earum,

1884 1979 2152 2045 Samaria,
2187 1996 2299 2033 swe
2339 1980 2490 2045 Oola,
2534 1979 2927 2039 etJerusalem,
2956 1980 3070 2032 sive
3094 1976 3287 2032 Ooliba
3319 1978 3389 2030 ⁷⁸.
3426 1998 3446 2029 ι

1882 2070 2152 2140 Principio
2202 2072 2343 2125 enim
2378 2086 2480 2123 una
2542 2070 2642 2124 fuit
2693 2070 3000 2124 Judteorum
3025 2084 3315 2137 synagoga.
3354 2070 3456 2123 Re-

1881 2172 2080 2230 gnante
2101 2171 2279 2215 autem
2310 2161 2568 2224 lloboam,
2600 2161 2842 2229 abruptae
2873 2163 2939 2216 ab
2984 2162 3105 2215 aliis
3126 2162 3316 2215 decem
3359 2161 3456 2213 tri-

1882 2255 2002 2315 lius,
2041 2254 2349 2306 habitarunt
2385 2252 2710 2316 Samariam,
2744 2262 2797 2305 et
2832 2250 3109 2305 fornicata:
3128 2263 3254 2305 sunt
3294 2252 3346 2305 in
3378 2253 3456 2304 vi-

1884 2346 2010 2398 tulis
2026 2345 2225 2407 aureis,
2255 2358 2391 2413 quos
2413 2344 2540 2397 fecit
2566 2341 2852 2399 Jeroboam
2882 2344 3025 2397 filius
3044 2344 3213 2398 Nabal
3241 2344 3307 2397 '“.
3341 2341 3458 2397 Ca:-

1885 2448 2056 2491 terum
2122 2453 2225 2491 non
2288 2437 2406 2491 sine
2434 2452 2596 2490 causa
2628 2436 2824 2489 factum
2841 2445 2943 2489 est.
2979 2474 2993 2488 .
3027 2476 3043 2491 .
3075 2475 3089 2489 .
3130 2473 3144 2486 .
3187 2472 3202 2488 .
3242 2472 3255 2487 .
3296 2470 3312 2486 .
3340 2470 3356 2485 .
3390 2472 3401 2485 .
3439 2474 3451 2486 .

1882 2527 1986 2583 hoc
2038 2538 2142 2591 est,
2184 2526 2484 2581 Jerusalem
2519 2547 2533 2580 :
2565 2528 2681 2594 ipsa
2709 2527 2854 2580 enim
2885 2540 3099 2593 quoque
3127 2524 3310 2577 multis
3344 2540 3458 2579 mo-

1883 2618 1967 2672 dis
1996 2618 2259 2673 fornicata
2287 2626 2392 2681 est,
2428 2617 2748 2686 quibusdam
2774 2626 2884 2670 tum
2908 2616 3046 2669 idola
3080 2614 3454 2680 adorautibus,

1882 2719 1937 2764 et
1956 2708 2389 2764 saeriﬁcantibus
2415 2708 2563 2775 Baal,
2605 2709 2856 2773 Astartte,
2883 2706 3135 2769 collibus,
3173 2705 3307 2766 Soli,
3344 2705 3454 2758 Lu-

1884 2817 1989 2866 nzr,
2039 2802 2310 2856 sideribus
2358 2800 2578 2870 reliquis
2612 2817 2625 2853 :
2658 2810 2765 2855 tum
2820 2800 2885 2854 ad
2922 2813 3137 2853 omnem
3171 2797 3456 2852 immundi-

1886 2894 2011 2946 tiam
2045 2893 2239 2961 cupide
2288 2893 2634 2957 abeuntibus,
2669 2900 2723 2945 et
2752 2892 2930 2944 divina
2957 2890 3208 2943 mandata
3238 2890 3457 2958 sapien-

1884 2985 2075 3041 tissimi
2110 2984 2273 3038 Mosis
2314 3000 2413 3038 nec
2442 2984 2533 3037 hili
2563 2983 2905 3037 facientibus.
2937 2982 3078 3035 Duas
3106 2982 3288 3048 itaque
3321 2979 3461 3051 Syn-

1881 3090 2081 3144 agogas
2134 3072 2350 3128 lsraelis
2398 3073 2607 3128 duabus
2650 3072 2966 3126 mulieribus
3007 3072 3202 3125 iterum
3235 3070 3339 3124 hac
3376 3070 3458 3124 vi-

1882 3167 2032 3221 sione
2083 3174 2362 3235 comparat
2392 3180 2406 3217 :
2444 3180 2578 3233 quas
2607 3172 2659 3218 et
2687 3164 2800 3218 alas
2820 3179 3010 3232 upup:e
3034 3164 3288 3218 habuisse
3309 3162 3457 3216 alIir-

1882 3265 2015 3320 mat,
2048 3266 2105 3310 ut
2141 3257 2403 3323 impuram
2436 3270 2645 3317 earum,
2679 3266 2912 3308 mentem
2954 3265 3004 3309 et
3027 3255 3091 3307 ad
3125 3269 3460 3323 quaecunque

1883 3335 2087 3402 nefaria
2154 3347 2465 3401 facilitatem
2493 3346 2891 3415 appositissime
2949 3345 3208 3399 declaret.
3268 3344 3457 3415 Upupa

1882 3442 2026 3494 enim
2091 3450 2274 3493 uotum
2324 3449 2407 3493 est
2451 3454 2621 3508 genus
2674 3440 2931 3506 passeris,
2996 3453 3187 3492 amans
3214 3440 3377 3502 casui,
3404 3447 3460 3493 et

1887 3533 2338 3598 stercorivorum,
2393 3541 2447 3585 et
2480 3532 2530 3584 in
2568 3546 2757 3600 greges
2776 3531 3100 3585 crabronum
3132 3530 3459 3585 ferociusin-

1883 3627 2125 3687 sanieus,
2183 3634 2237 3679 et
2283 3624 2720 3678 immundissima
2761 3638 2990 3692 quaeque
3048 3638 3145 3691 pro
3200 3623 3461 3676 alimento

1884 3731 2148 3785 usurpare
2194 3717 2435 3769 solitum.
2474 3713 2622 3767 Talis
2674 3713 3074 3781 quodammodo
3100 3726 3264 3777 amens
3292 3711 3457 3764 etiam

1885 3807 2185 3860 idololatris
2236 3806 2398 3858 inest.
2456 3802 2573 3858 Non
2631 3813 2782 3857 recto
2827 3802 3023 3855 itinere
3076 3801 3143 3853 ad
3174 3802 3461 3853 honestum

1885 3897 2182 3962 contendit,
2212 3897 2305 3950 sed
2329 3906 2480 3949 extra
2507 3895 2579 3957 id,
2611 3895 2754 3962 quod
2786 3902 3209 3947 consentaneum
3246 3900 3328 3946 est
3352 3890 3461 3945 fer-

1884 3996 1994 4043 tur.
2043 3988 2133 4042 Dei
2171 3988 2341 4056 legem
2387 4001 2491 4040 non
2528 3989 2699 4051 novit,
2729 3986 2881 4055 plena
2912 3986 3057 4039 onmi
3096 3985 3458 4048 immunditia,

1885 4091 1941 4133 et
1964 4094 2126 4133 omne
2153 4094 2323 4149 genus
2370 4077 2738 4146 improbitatis
2801 4078 2983 4132 cibum
3022 4092 3177 4131 suum
3230 4077 3457 4130 ducens.

1884 4170 2092 4225 Idcirco
2128 4179 2184 4223 et
2221 4169 2334 4223 alas
2364 4184 2554 4238 upupze
2582 4168 2913 4223 mulierculis
2943 4177 3153 4239 aptatas
3180 4182 3359 4223 sermo
3388 4166 3462 4221 vi-

1884 4262 2054 4317 sionis
2087 4271 2289 4328 narrat,
2322 4261 2554 4316 similem
2593 4275 2809 4330 quoque
2848 4270 3082 4315 mentem
3114 4271 3170 4315 et
3196 4259 3460 4331 judicium

1886 4355 1992 4410 illis
2040 4354 2218 4409 inesse
2265 4355 2482 4409 docens.
2551 4354 2855 4422 Capessunt
2915 4363 3094 4408 autem
3156 4366 3461 4407 mensuram
3534 4360 3557 4382 ‘

207 4450 320 4513 σίας
371 4447 649 4519 ἔμπλεως,
701 4446 796 4498 καί⁸
845 4447 953 4499 πᾶν
1003 4440 1141 4507 είδος
1190 4442 1521 4512 φαυλότητος
1569 4443 1780 4511 ἡγεῖται

1887 4446 2177 4515 iniquitate
2236 4446 2519 4514 repletam.
2557 4443 2785 4515 Oportet
2834 4445 2980 4500 enim
3032 4446 3327 4513 quamlibet
3353 4446 3462 4497 ani-

205 4544 430 4613 τροφήν.
466 4540 736 4613 Ταύτῃτοι
770 4541 861 4592 καὶ
900 4538 1171 4607 πτέρυγας
1215 4536 1414 4599 ἔποπος
1447 4532 1782 4604 ὲνηρμόσθαι

205 4637 310 4695 τοῖς
366 4632 615 4700 γυναίοις
656 4633 683 4684 ό
714 4633 813 4700 τῆς
857 4631 1097 4700 ὁράσεως
1145 4628 1247 4699 ἔφη
1296 4627 1472 4695 λόγος,
1524 4625 1622 4696 τὴν
1661 4625 1781 4695 ἴσην

206 4725 425 4777 ἐκείνων
458 4724 680 4793 γνώμην
717 4724 810 4776 καὶ
840 4724 1021 4785 αὐτοῖς
1042 4724 1256 4773 *ἐνεῖναι
1288 4720 1571 4773 διδάσκων.
1624 4720 1781 4771 Ἀνα-

207 4816 546 4888 λαμόἀνουσι
577 4817 634 4869 δὲ
672 4816 732 4869 τὸ
775 4816 970 4886 μέτρον
1003 4817 1067 4884 τῇ
1100 4813 1299 4884 ἀνομίᾳ
1339 4811 1778 4883 μεμεστωμένον.

210 4911 291 4961 Δεῖ
337 4910 455 4978 γάρ
502 4896 740 4971 ἑκάστην
794 4907 970 4975 ψυχὴν
1003 4908 1080 4973 τῷ
1128 4905 1241 4975 ἰδίῳ
1288 4902 1782 4973 καταφορτίζεσθαι

215 4998 383 5069 βάρει,
415 4998 496 5067 τῷ
530 4998 632 5067 τῆς
682 4998 983 5067 ἁμαρτίας,
1019 4996 1187 5066 φημί.
1243 4995 1459 5064 Ἐπειδὴ
1494 4995 1550 5048 δὲ
1596 4996 1684 5047 [σα
1725 5012 1784 5047 τε

213 5093 408 5159 ἀμφοῖν
441 5092 535 5143 καὶ
560 5090 763 5159 ἀδελφὰ
790 5091 856 5143 τὰ
877 5090 1215 5159 ἐγκλήματα,
1238 5090 1334 5158 τῆς
1362 5106 1419 5140 τε
1452 5087 1784 5159 Σαμαρείας,

214 5183 375 5251 φημὶ,
415 5181 510 5235 καὶ
548 5181 647 5249 τῆς
690 5179 1065 5250 Ἰερουσαλὴμ,
1116 5177 1374 5251 ταύτῃτοι
1432 5180 1525 5230 καὶ
1568 5179 1625 5230 ἐν
1687 5175 1787 5247 ῐσῳ

178 5274 395 5352 ’τρόπῳ
440 5270 883 5343 κατηχθεσμέναι
932 5270 1010 5341 τῷ
1063 5271 1249 5341 μέτρῳ
1296 5269 1391 5323 καὶ
1438 5272 1506 5341 τῇ
1570 5268 1789 5340 ἀνομίᾳ,

180 5360 524 5436 ’πνεύματος
564 5363 929 5434 ἐμπίπτοντος
968 5365 1089 5426 ταῖς
1144 5362 1399 5432 πτέρυξιν
1446 5361 1644 5426 αὐτῶν,
1684 5360 1797 5425 ὀξεῖ

216 5460 307 5512 καὶ
329 5459 761 5531 ἀπαραποδίστῳ
792 5457 1048 5528 φέρονται
1075 5455 1259 5527 δρόμῳ
1293 5455 1427 5526 πρὸς
1455 5454 1551 5525 τὴν
1580 5453 1685 5507 τῶν
1710 5453 1797 5506 ἀλ-

215 5546 458 5617 λοφύλων
497 5548 707 5619 χώραν,
746 5546 906 5617 δῆλον
947 5546 1005 5600 δὲ
1036 5546 1117 5602 ὅτι
1144 5546 1242 5615 τὴν
1272 5544 1380 5598 τῶν
1417 5543 1791 5597 Βαϐυλωνίων.

325 5729 369 5760 "
401 5729 599 5785 Ezech.
636 5743 794 5791 χχιιι,
833 5726 884 5788 l,
909 5726 961 5779 5.
1037 5726 1082 5757 ὀ
1125 5724 1249 5777 ihid.
1292 5723 1342 5775 4.

1892 4554 2035 4593 mam
2068 4553 2168 4593 suo
2193 4552 2360 4593 onere
2389 4538 2629 4603 onerari,
2656 4536 2862 4606 peccati
2892 4537 3132 4606 inquam.
3160 4536 3295 4601 Quia
3332 4550 3462 4591 vero

1889 4628 2045 4699 paria
2084 4638 2209 4683 sunt
2259 4628 2542 4682 ambarum
2599 4637 2656 4682 et
2708 4638 2940 4697 cognata
2981 4634 3224 4696 peccata,
3268 4626 3460 4680 Sama-

1889 4722 1985 4775 ria:
2055 4720 2315 4774 nimirum
2366 4730 2420 4773 et
2465 4716 2786 4785 Jerusalem,
2841 4718 2960 4771 ideo
3010 4716 3199 4771 eodem
3232 4731 3463 4784 .quoque

1889 4810 2047 4865 modo
2098 4819 2336 4863 oneratae
2384 4823 2636 4862 mensura
2680 4817 2735 4861 et
2775 4804 3085 4874 iniquitate,
3132 4804 3321 4872 spiritu
3362 4802 3463 4856 alis

1890 4917 2076 4955 earum
2128 4900 2421 4962 incidente,
2483 4899 2645 4953 celeri
2686 4913 2749 4952 ac
2793 4912 2895 4950 non
2925 4894 3183 4965 impedito
3210 4909 3371 4947 cursu
3397 4894 3463 4946 ad

1892 4992 2317 5060 alienigenarum
2376 4990 2650 5058 regionem
2700 4986 3114 5055 Babyloniorum
3166 4985 3349 5051 utique
3380 4982 3459 5038 fe-

1893 5094 2109 5138 runtur.
2165 5083 2445 5135 liumundo
2499 5082 2642 5135 enim
2694 5082 2882 5149 spiritu
2913 5083 2979 5132 ad
3007 5075 3335 5145 peccandum
3370 5092 3465 5131 eas

1894 5174 2227 5244 impellente,
2274 5182 2330 5227 et
2376 5173 2662 5241 iniquitate
2723 5178 3117 5241 praegravante,
3147 5168 3199 5221 in
3246 5168 3465 5237 captivi-

1891 5272 2057 5319 tatem
2120 5265 2430 5327 abstractae,
2457 5273 2512 5317 et
2538 5262 2639 5317 sub
2663 5262 2829 5330 pedes
2856 5258 3195 5313 inimicorum
3238 5260 3467 5311 redacta:

1892 5367 2037 5410 sunt.
2067 5356 2360 5425 Postquam
2412 5364 2593 5409 autem
2646 5353 2782 5406 dixit
2834 5351 3026 5405 beatus
3094 5350 3337 5419 angelus,
3370 5364 3467 5405 eos

1892 5449 2105 5504 deferre
2132 5461 2441 5502 mensuram
2502 5446 2569 5499 ad
2613 5444 2988 5499 aedificandam
3021 5442 3120 5511 ipsi
3154 5444 3373 5495 domum
3410 5441 3463 5492 in

1893 5548 2038 5596 terra
2091 5539 2401 5610 Babylonis,
2463 5537 2794 5607 accipiamus
2840 5538 2944 5593 hoc
3000 5535 3126 5591 licet
3161 5549 3258 5605 pro
3289 5534 3463 5601 signo,

1458 5724 1496 5752 ⁷⁸
1548 5721 1611 5775 Ill
1656 5718 1788 5789 leg.
1818 5736 1913 5783 nt,
1957 5719 2025 5772 28
2060 5735 2214 5787 seqq.
