3936 6318
468 282 533 334 s1
1453 286 1510 343 s.
1551 285 1822 344 CYRILLI
1863 288 2335 348 ALEXANDRINI
2374 295 2693 353 ARCHIEP.
3646 291 3718 348 88

464 397 602 452 alios
654 396 817 453 Israel
870 399 957 454 diu
999 398 1134 468 apud
1163 399 1344 456 hostes
1369 402 1626 469 victuros,
1678 407 1820 474 quod
1846 409 1899 461 et
1933 406 2018 462 do-

2161 408 2237 462 Τοῦ
2270 411 2379 480 γὰρ
2425 411 2734 482 ἀκαθάρτου
2784 411 3088 480 πνεύματος
3147 405 3512 469 συνωθοῦντος
3545 407 3715 468 αὐτὰς

463 504 584 544 "IIIS
636 490 911 558 iniquitati
952 489 1271 559 aediﬁcatur,
1307 494 1470 564 700
1498 503 1552 547 et
1584 497 1746 551 veluti
1781 499 1934 556 sedes
1965 515 2017 554 ac

2158 508 2214 563 ,ις
2245 500 2307 554 τὸ
2345 501 2683 573 πλημμελὲς,
2731 502 2823 554 καὶ
2851 505 2916 572 τῇ
2958 500 3157 570 ἀνομίᾳ
3204 497 3712 567 καταφορτίζοντος,

460 582 624 635 statio
657 582 753 651 ipsi
795 582 932 650 apud
974 582 1158 637 hostes
1204 594 1449 654 paratur.
1491 585 1553 643 Id
1600 591 1744 657 quod
1807 594 2014 645 eventu:

2159 593 2586 664 ιπεκομίσθησαν
2611 596 2690 657 είς
2719 592 3117 664 αἰχμαλωσίαν,
3160 589 3255 642 καὶ
3289 588 3393 642 ὑπὸ
3423 589 3590 650 πόδας
3615 604 3713 639 πε-

464 671 805 727 monstravit.
879 669 974 724 Vix
1023 671 1166 726 enim
1213 675 1612 743 septuagesimo
1657 692 1799 733 anno
1853 679 2018 745 linito,

2161 681 2382 736 ιτὼκασι
2410 685 2519 738 τῶν
2557 684 2789 754 ἐχθρῶν.
2830 683 3049 752 Ἐπειδὴ
3093 681 3151 734 δέ
3195 681 3406 750 φησινὸ
3444 677 3715 748 μακάριος

461 761 688 817 ‘iﬂculls
715 762 994 816 δθτνίῑυῑίε
1023 763 1182 817 Ιθνειιὶ
1218 773 1360 818 ευιιιο
2133 773 2380 840 ἄγγελος,
2406 774 2483 838 ὡς
2515 775 2849 845 ἀποφέρουσι
2879 773 2939 826 τὸ
2968 772 3164 843 μέτρον
3194 769 3542 840 οἰκοδομῆσαι
3564 765 3712 835 αὐτῷ

457 853 633 906 οἰκίαν
671 854 728 908 ὲν
758 855 828 924 γῇ
858 852 1194 917 Βαϐυλῶνος,
1237 855 1532 923 ἀναγκαῖον
1559 858 1704 928 ἡμᾶς
1736 861 1914 912 ἐκεῖνο
1952 863 2110 927 νοεῖν,
2135 862 2210 926 ὡς
2236 864 2348 917 ἔστι
2380 869 2604 937 σημεῖον
2642 864 2735 919 τοῦ
2772 865 2978 936 μακρὸν
3003 865 3130 934 παρ’
3165 861 3377 932 ἐχθροῖς
3405 858 3712 913 διατελέσαι

457 946 645 1021 χρόνον
672 946 794 1008 τοὺς
829 944 886 1010 εξ
914 945 1150 1016 Ἰσραὴλ,
1188 945 1250 998 τὸ
1279 947 1373 999 καὶ
1395 943 1542 1003 οῐκον
1566 951 1959 1021 οἰκοδομεῖσθαι
1991 955 2056 1024 τῇ
2085 954 2300 1027 ἀνομίᾳ,
2327 957 2420 1010 καὶ
2450 953 2561 1011 οἷον
2581 958 2785 1030 ἵδρυσίν
2808 974 2929 1011 τινα
2958 955 3051 1008 καὶ
3083 953 3269 1008 στάσιν
3305 954 3439 1021 αὐτῇ
3465 949 3711 1018 γίνεσθαι

465 1043 595 1110 παρ’
635 1039 868 1110 ἐχθροῖς.
905 1041 968 1093 Ὃ
997 1039 1062 1112 δὴ
1106 1040 1201 1094 καὶ
1223 1041 1553 1096 τετέλεσται.
1595 1045 1762 1108 Μόλις
1793 1047 1902 1118 γὰρ
1934 1049 2117 1113 αὐτοῖς
2145 1050 2545 1122 έδδομηκοστοῦ
2587 1052 2964 1124 πληρωθέντος
3005 1049 3178 1113 ἔτους,
3216 1048 3323 1100 τῶν
3342 1043 3445 1115 τῆς
3467 1044 3709 1105 δουλείας

457 1131 744 1206 ἁνεῖ[ν]ται
771 1131 1003 1192 δεσμῶν.

1107 1227 1258 1284 CAP.
1307 1227 1388 1282 VI.

2715 1237 2968 1290 ΚΕΦΑΛ.
3019 1239 3088 1303 σο
3115 1275 3128 1288 .

535 1317 695 1372 Vens.
716 1318 834 1374 1-8.
863 1317 931 1370 Et
949 1335 1219 1373 conversus
1249 1336 1385 1382 sum,
1412 1330 1460 1374 et
1479 1320 1639 1375 levavi
1666 1321 1843 1376 oculos
1861 1338 2026 1389 meos,

2203 1326 2316 1380 Kal
2343 1326 2706 1396 ἐπέστρεψα,
2742 1328 2840 1382 καὶ
2868 1325 2984 1396 ἦρα
3011 1325 3152 1390 τοὺς
3191 1323 3534 1392 ὀφθαλμούς
3561 1337 3702 1388 μου,

457 1420 507 1464 et
534 1412 664 1476 uidi,
697 1420 746 1465 et
775 1427 888 1464 ecce
929 1423 1156 1481 quatuor
1185 1429 1372 1466 currus
1409 1412 1728 1482 egredientes
1762 1415 1825 1467 de
1856 1417 2011 1468 medic

2153 1417 2228 1470 cal
2261 1417 2410 1485 ίδον,
2438 1418 2534 1471 καὶ
2561 1418 2689 1471 ἰδοὺ
2719 1419 2986 1484 τέσσαρα
3005 1417 3237 1485 ἅρματα
3266 1411 3707 1480 ἐκπορευόμενα

456 1505 682 1557 duorum
729 1504 1009 1568 montium,
1063 1512 1112 1557 et
1138 1515 1334 1558 montes
1359 1515 1508 1560 erant
1542 1514 1744 1559 montes
1781 1507 1927 1560 terei.
1961 1505 2010 1559 Ιι

2147 1510 2201 1563 ἐκ
2229 1510 2424 1580 μέσου
2465 1510 2574 1565 δύο
2608 1511 2813 1578 ὀρέων,
2845 1509 2943 1564 καὶ
2977 1508 3049 1562 τὰ
3083 1508 3188 1575 ὄρη
3237 1501 3315 1575 ἦν
3344 1503 3449 1571 ὄρη
3483 1499 3701 1570 χαλκᾶ.

455 1610 617 1648 curru
663 1596 832 1662 primo
853 1597 970 1665 equi
1001 1595 1136 1662 ruﬁ,
1190 1598 1315 1650 etin
1345 1613 1502 1650 curru
1529 1601 1754 1652 secundo
1789 1600 1907 1669 equi
1947 1599 2009 1652 nil

2153 1601 2244 1654 Ἐν
2278 1601 2356 1667 τῷ
2405 1601 2614 1672 ἅρματι
2646 1599 2725 1666 τῷ
2757 1599 2966 1669 πρώτῳ
3010 1600 3181 1652 ἵπποι
3229 1593 3460 1663 πυρροί,
3507 1590 3605 1645 καί
3635 1591 3707 1643 ἐν

454 1683 556 1750 gri,
596 1683 724 1737 etin
751 1699 910 1737 curru
957 1685 1111 1738 tertio
1155 1688 1273 1755 equi
1305 1686 1454 1750 albi,
1495 1697 1541 1741 et
1567 1688 1618 1740 in
1641 1704 1801 1740 curru
1839 1698 2008 1755 quarti

2152 1689 2213 1755 τῷ
2245 1691 2456 1759 ἅρματι
2491 1689 2572 1756 τῷ
2608 1689 2864 1758 δευτέρῳ
2896 1691 3064 1743 ἵπποι
3091 1687 3373 1756 μέλανες,
3407 1683 3502 1736 καὶ
3527 1681 3596 1734 ἐν
3624 1681 3706 1741 τῷ

455 1790 574 1843 equi
626 1776 759 1828 uarii
803 1789 849 1829 et
911 1775 1285 1830 multicolores.
1337 1776 1409 1830 Et
1456 1780 1719 1847 respondi,
1748 1789 1796 1833 et
1817 1779 1934 1832 dixi
1961 1796 2009 1831 at

2153 1781 2347 1850 ’ἱρματι
2372 1780 2452 1846 τῷ
2487 1782 2661 1849 τρίτῳ
2685 1782 2854 1834 ἵπποι
2880 1779 3112 1840 λευκοί,
3143 1777 3240 1831 καί
3274 1777 3343 1829 ἑν
3384 1773 3463 1839 τῷ
3490 1773 3707 1841 ἅρματι

457 1865 702 1936 angelum
732 1867 823 1936 qui
844 1866 1153 1936 loquebatur
1187 1870 1240 1920 in
1272 1884 1352 1922 me
1381 1886 1398 1922 :
1441 1868 1578 1934 Quid
1617 1881 1736 1923 sunt
1761 1872 1892 1934 Itwc,
1927 1872 2011 1924 do-

2150 1870 2210 1936 τῷ
2241 1870 2493 1939 τετάρτῳ
2514 1871 2686 1924 ἵπποι
2733 1870 3014 1932 ποικίλοι,
3046 1868 3140 1921 καί
3191 1866 3395 1935 alt-apol.
3443 1864 3550 1917 Kal
3588 1863 3704 1916 ὰπ-

455 1959 638 2012 mine?
665 1957 734 2011 Et
774 1958 1038 2026 respondit
1099 1959 1317 2027 angelus
1353 1963 1439 2029 qui
1469 1961 1778 2030 loquebatur
1804 1963 1859 2016 in
1894 1978 1974 2015 me

2148 1962 2390 2030 ῖκρίθην,
2439 1961 2539 2018 καὶ
2571 1959 2710 2014 εἶπα
2757 1961 2909 2028 πρὸς
2958 1961 3063 2014 τὸν
3114 1957 3392 2027 ἄγγελον,
3431 1955 3537 2008 τὸν
3591 1956 3702 2006 λα-

456 2059 508 2104 et
539 2051 676 2105 dia-it
712 2065 731 2104 :
760 2053 889 2105 Ha’c
946 2059 1067 2105 sunt
1119 2064 1350 2121 quatuor
1401 2055 1538 2107 venti
1598 2053 1730 2119 cceli,
1762 2056 1852 2124 qui
1875 2071 2010 2124 egre«

2153 2053 2354 2107 ίοῦντα
2378 2053 2448 2106 ἐν
2489 2054 2652 2122 ἐμοί·
2695 2054 2757 2107 Τί
2787 2053 2917 2106 ἐστι
2947 2052 3163 2118 ταῦτα,
3207 2051 3410 2118 κύριε;
3452 2047 3559 2100 Kal
3592 2046 3707 2099 ἀπ-

455 2143 678 2196 diuntur
695 2152 750 2196 ut
769 2144 1018 2198 assistant
1038 2142 1266 2197 Domino
1285 2147 1453 2199 omnis
1473 2156 1646 2200 terrae.
1674 2145 1853 2216 Inquo
1871 2164 2009 2202 erant

2151 2147 2326 2213 ’κρίθη
2381 2145 2411 2198 ὁ
2458 2145 2710 2216 ἅγγελος
2768 2148 2800 2200 ό
2846 2145 3052 2200 λαλῶν
3100 2145 3169 2198 ὲν
3216 2143 3363 2212 ἐμοὶ,
3413 2140 3508 2194 καὶ
3538 2134 3705 2193 εἷπε·

437 2235 574 2303 "equi
612 2233 769 2302 nigri,
803 2234 1207 2303 egrediebantur
1240 2252 1398 2302 super
1435 2247 1628 2289 terram
1663 2238 1944 2307 aquilonis,
1979 2258 1991 2292 ι

2155 2237 2325 2292 Γαῦτά
2356 2239 2525 2292 ἐστιν
2552 2241 2607 2292 οί
2636 2239 2935 2307 τέσσαρες
2961 2239 3170 2307 ἄνεμοι
3199 2235 3306 2289 τοῦ
3344 2232 3624 2302 οὐρανοῦ,
3649 2230 3709 2285 οἳ

456 2323 566 2377 albi
611 2323 1013 2394 egrediebantur
1058 2337 1172 2395 post
1207 2343 1313 2380 eos.
1365 2326 1430 2380 Et
1465 2329 1599 2382 varii
1628 2330 1834 2383 exibant
1875 2347 2010 2400 sape:

2153 2331 2556 2398 i'xxopetiortat
2595 2328 2971 2400 παραστῆναι
2995 2329 3076 2395 τῷ
3121 2329 3314 2397 Κυρίῳ
3351 2326 3554 2392 πάσης
3597 2322 3707 2392 τῆς

458 2427 654 2469 terram
707 2417 897 2478 austri,
927 2426 975 2470 et
1026 2417 1382 2471 multicolores
1433 2417 1850 2487 egrediebantur,
1877 2429 1922 2473 et
1947 2422 2012 2473 iu-

2154 2421 2262 2488 'ﬁc.
2315 2423 2416 2474 Ἐν
2439 2414 2488 2488 ᾧ
2514 2419 2674 2492 ἦσαν
2694 2423 2865 2475 ἵπποι
2889 2424 2941 2475 οί
2967 2421 3248 2491 μέλανες,
3278 2418 3708 2485 ἐξεπορεύοντο

454 2506 738 2573 spiciebant
761 2507 1028 2561 utirentet
1051 2508 1387 2561 circumirent
1411 2507 1700 2561 terram.Et
1725 2511 1859 2562 dixit
1881 2524 1898 2562 :
1922 2508 2005 2563 Ite

2153 2513 2227 2565 επὶ
2257 2512 2370 2583 γῆν
2394 2515 2608 2582 βορρᾶ,
2632 2514 2730 2568 καί
2757 2517 2810 2568 οί
2851 2515 3059 2568 λευκοί
3102 2511 3526 2581 ἐξεπορεύοντο
3566 2524 3707 2560 κατ-

455 2606 503 2650 et
535 2597 752 2651 circuite
778 2609 992 2651 terram.
1030 2596 1095 2650 Et
1135 2597 1452 2650 circuierunt
1477 2606 1693 2653 terram.
1725 2597 1795 2651 Et
1830 2599 2009 2654 clama-

2151 2603 2381 2656 5m0'68r
2409 2603 2626 2657 αὐτῶν.
2653 2605 2760 2657 Kal
2789 2607 2842 2658 οἱ
2867 2605 3129 2660 ποικίλοι
3152 2603 3576 2670 ἐξεπορεύοντο
3606 2599 3705 2650 ἐπὶ

456 2689 549 2752 ait,
585 2699 636 2744 et
668 2690 876 2743 locutus
897 2697 974 2743 est
998 2689 1065 2743 ad
1090 2689 1384 2748 me.dicens
1405 2704 1423 2740 :
1466 2688 1599 2743 Ecce
1626 2691 1714 2760 qui
1743 2692 2010 2760 egrediun-

2155 2695 2250 2763 *ἢν
2278 2699 2478 2760 νότου,
2526 2697 2624 2749 καί
2661 2699 2714 2750 οἱ
2751 2697 2932 2765 ψαροί
2977 2695 3426 2762 ἐξεπορεύοντο,
3462 2691 3558 2744 καὶ
3598 2689 3709 2741 ἐπ·

457 2789 544 2832 tur
585 2795 741 2849 super
784 2789 976 2832 terram
1031 2779 1321 2848 aquilonis,
1352 2788 1403 2831 et
1438 2780 1756 2848 requiescere
1792 2781 2011 2848 [ecerum

2158 2785 2388 2838 ίὸλεπον
2432 2786 2537 2839 τοῦ
2573 2787 2949 2852 πορεύεσθαι,
3002 2785 3107 2838 τοῦ
3161 2783 3540 2850 περιοδεῦσαι
3592 2780 3712 2846 τὴν

458 2869 689 2937 furorem
713 2885 880 2924 meum
896 2886 1054 2938 super
1074 2880 1260 2924 terram
1282 2871 1562 2940 aquilonis.

2157 2876 2269 2944 ἣν.
2314 2877 2424 2930 Kal
2477 2874 2641 2929 εἷπε·
2718 2878 3070 2945 Πορεύεσθε,
3130 2875 3228 2928 καὶ
3281 2873 3711 2942 περιοδεύσατε

455 2957 574 3027 τὴν
626 2956 764 3029 γῆν.
827 2959 936 3012 Kal
997 2959 1408 3027 περιώδευσαν
1457 2961 1572 3030 τὴν
1618 2961 1752 3032 γῆν.
1786 2962 1914 3016 'Kal
1965 2963 2278 3033 ἀνεϐόησε,
2331 2967 2432 3020 καὶ
2491 2969 2762 3034 ἐλάλησε
2821 2969 2971 3035 πρός
3042 2983 3139 3036 με,
3185 2965 3409 3035 λέγων’
3453 2962 3608 3019 Ἰδοὺ
3655 2965 3712 3016 οι

456 3049 915 3118 ἐκπορευόμενοι
959 3049 1055 3104 ἐπὶ
1095 3050 1213 3120 γῆν
1253 3049 1470 3120 βορρᾶ,
1525 3051 1623 3106 καί
1683 3053 2042 3109 ἀνέπαυσαν
2074 3057 2180 3110 τὸν
2212 3058 2401 3125 θυμόν
2426 3075 2544 3125 μου
2582 3057 2651 3110 ἐν
2681 3055 2760 3125 γῇ
2788 3055 2999 3124 βορῤᾶ.

528 3141 740 3198 XXXII.
775 3141 966 3197 Docuit
994 3153 1140 3210 ante,
1171 3145 1283 3198 suis
1315 3146 1546 3214 ipsorum
1583 3145 1791 3216 laqueis
1820 3157 2025 3216 captos,
2054 3154 2082 3212 ε

2200 3151 2322 3204 AB'.
2354 3149 2748 3220 Προῦπέδειξεν
2786 3151 2865 3203 ὅτι
2897 3151 3009 3211 τοῖς
3040 3147 3188 3217 σφῶν
3220 3146 3396 3200 αὐτῶν
3427 3144 3712 3210 ἐναλόντες

456 3249 512 3293 οι
569 3237 774 3293 catenis
810 3247 1151 3307 peccatorum
1205 3254 1423 3294 suorum
1479 3242 1826 3309 constrictos,
1889 3239 2000 3298 sici:

2157 3242 2367 3313 ῐρὸχοις,
2398 3243 2489 3296 καὶ
2516 3245 2726 3310 σειραῖς
2763 3242 2872 3294 τῶν
2914 3241 3058 3294 ἰδίων
3116 3239 3529 3310 ἁμαρτημάτων
3572 3256 3711 3292 κατ-

458 3327 716 3398 scriptum
767 3335 852 3382 est
871 3327 940 3391 ⁷³,
977 3327 1027 3380 in
1060 3327 1310 3401 ignotam
1367 3331 1640 3400 regionem
1691 3332 2012 3397 discessisse,

2166 3333 2469 3402 σφιγμένοι,
2513 3333 2655 3386 κατὰ
2720 3334 2783 3386 τὸ
2823 3331 3229 3403 γεγραμμένον,
3276 3332 3356 3393 είς
3401 3329 3713 3400 ἀλλοδαπὴν

463 3421 836 3490 habitasseque
883 3423 1021 3490 apud
1052 3421 1236 3476 hostes
1273 3463 1289 3490 ,
1329 3422 1597 3479 insuetum
1649 3423 2017 3491 servitutisju-

2155 3424 2431 3495 ιπῴχοντο.
2465 3425 2558 3477 καὶ
2589 3425 2947 3495 κατῳκήκασι
2989 3424 3117 3494 παρ’
3151 3421 3384 3492 ἐχθροῖς,
3418 3421 3510 3472 τὸν
3563 3421 3709 3492 ἀήθη

459 3529 585 3585 gum
631 3512 1012 3583 perpetientes.
1044 3514 1310 3568 Caeterum
1335 3525 1390 3569 et
1415 3526 1660 3587 tempora
1688 3516 2013 3569 liberationis

2159 3515 2232 3584 τῆς
2259 3515 2500 3579 δουλείας
2546 3515 2870 3573 ἀνατλάντες
2904 3515 3086 3583 ζυγόν.
3139 3513 3277 3567 Ἀλλ’
3307 3509 3375 3583 ἦν
3412 3513 3713 3580 ἀναγκαῖον

373 3649 375 3651 ,
463 3601 706 3672 redigere
767 3602 822 3657 in
879 3604 1196 3658 memoriam
1251 3607 1751 3673 oportebat;qnare
1810 3605 1924 3659 inse

2159 3609 2229 3661 :al.
2255 3609 2362 3660 τῶν
2398 3609 2496 3677 τῆς
2542 3606 2862 3677 λυτρώσεως
2905 3603 3307 3675 διαμεμνῆσθαι
3354 3602 3581 3673 καιρῶν,
3615 3603 3713 3654 καὶ

459 3692 580 3746 aliis
636 3707 823 3747 eorum
884 3694 1149 3750 meminit.
1196 3695 1396 3751 Doctus
1454 3707 1539 3750 est
1584 3697 1727 3751 enim
1769 3697 2013 3766 propheta

2155 3700 2196 3770 ἰὴ
2223 3701 2455 3752 ποιεῖται
2481 3698 2578 3768 τὴν
2606 3699 2858 3768 δήλωσιν,
2887 3695 3461 3768 προεμπεπλεγμένων
3483 3694 3709 3764 ἐτέρων.

461 3783 780 3854 compendio
807 3784 987 3839 omnia
1005 3786 1149 3855 genti
1174 3785 1300 3840 olim
1331 3798 1610 3841 eventura.
1635 3789 1776 3858 Ergo
1798 3797 2015 3859 quatuol

2164 3795 2486 3846 Εδιδάσκετο
2510 3792 2616 3862 γὰρ
2645 3793 2673 3843 ὁ
2715 3792 3000 3862 προφήτης
3043 3789 3342 3859 συλλήϐδην
3378 3787 3611 3850 ἅπαντα,
3642 3787 3715 3839 τὰ

461 3892 654 3932 currus
679 3877 734 3930 in
763 3877 940 3931 medio
967 3877 1226 3933 montium
1248 3894 1509 3934 aereorum
1542 3868 1774 3936 dicimus
1794 3898 1917 3937 esse
1949 3901 2015 3939 τες

2159 3887 2210 3956 σῷ
2240 3887 2382 3939 ἔθνει
2425 3885 2814 3956 συμϐησόμενα
2862 3883 3003 3936 κατὰ
3047 3883 3294 3952 καιρούς.
3340 3880 3422 3932 Τὰ
3467 3878 3713 3949 τέσσαρα

461 3983 565 4038 gna
628 3969 1016 4039 illustrissima,
1039 3988 1159 4042 quae
1189 3974 1241 4026 iu
1286 3973 1506 4027 totidem
1536 3975 1720 4027 mundi
1761 3974 2015 4039 climatis,

2155 3977 2311 4028 τοίνυν
2338 3976 2578 4044 ἅρματα,
2611 3975 2676 4026 τὰ
2708 3977 2767 4029 ὲν
2801 3975 2950 4045 μέσῳ
2977 3974 3085 4026 τῶν
3123 3973 3292 4044 ὀρέων
3332 3971 3439 4024 τῶν
3469 3969 3709 4040 χαλκῶν,

463 4061 578 4115 sive
609 4063 676 4116 ad
726 4071 957 4130 quatuor
997 4075 1187 4119 ventos
1232 4065 1349 4119 suis
1391 4065 1637 4118 mtatibus
1697 4065 2017 4119 claruerunt.

2157 4067 2314 4135 ραμὲν
2343 4061 2485 4118 εἶναι
2521 4066 2683 4118 πάλιν
2720 4066 2819 4128 τὰς
2861 4066 2968 4117 τῶν
2997 4064 3172 4118 ἄλλων
3203 4061 3492 4133 βασιλειῶν
3517 4063 3711 4133 ἐπιση-

463 4153 674 4208 Montes
714 4169 886 4210 aereos
911 4155 1014 4210 dici
1036 4155 1264 4223 coniicio
1285 4155 1419 4208 duas
1437 4155 1617 4207 mundi
1651 4163 1850 4220 partes.
1871 4157 2017 4224 70]

2158 4154 2392 4230 πιοτέρας,
2430 4154 2528 4215 τὰς
2565 4155 2622 4205 ὲν
2655 4155 2766 4215 τοῖς
2793 4152 3050 4223 τέσσαρσι
3080 4152 3359 4222 κλίμασιν,
3393 4153 3558 4222 ἤγουν
3589 4153 3712 4205 ἀνε-

461 4243 690 4309 Quidam
751 4246 894 4299 enim
929 4247 1115 4300 orbem
1167 4255 1336 4299 totum
1364 4246 1416 4297 in
1451 4243 1719 4312 Europam
1767 4255 1819 4298 et
1844 4245 2015 4298 Asian‘

2153 4260 2284 4309 ιοις,
2310 4247 2428 4306 τοῖς,
2448 4245 2539 4296 ὑπ’
2571 4244 2796 4314 οὐρανὸν
2819 4244 2962 4296 κατὰ
2987 4246 3211 4313 καιροὺς
3237 4244 3707 4312 ᾁναδεδειγμένας.

460 4333 730 4400 dividunt,
759 4335 910 4403 cujus
943 4347 1121 4406 partes
1152 4351 1304 4390 arreaa
1329 4345 1547 4404 propter
1582 4335 1890 4388 {trinitatem
1921 4352 2014 4388 un-

2158 4339 2280 4407 Ὀρη
2319 4336 2373 4388 δὲ
2396 4331 2548 4406 οἶμαι
2576 4336 2829 4402 λέγεσθαι
2859 4336 2927 4388 τὰ
2967 4336 3144 4406 χαλκᾶ
3173 4335 3241 4389 τὰ
3271 4335 3364 4388 δύο
3407 4336 3503 4406 τῆς
3527 4337 3712 4388 οἰκουσ-

461 4425 766 4495 dequaque,
797 4435 852 4482 et
879 4427 1332 4492 immobilitatem,
1364 4437 1416 4480 et
1463 4428 1588 4495 quia
1622 4427 1734 4480 laedi
1764 4442 1868 4480 non
1901 4443 2015 4496 pos-

2156 4428 2308 4498 ιένης
2334 4429 2613 4498 τμήματα.
2648 4426 2914 4496 Τέμνουσι
2946 4428 3052 4497 γάρ
3085 4444 3229 4489 τινες
3254 4429 3334 4489 είς
3355 4425 3626 4496 Εὐρώπην
3651 4444 3710 4478 τε

461 4529 608 4572 sunt.
650 4519 836 4576 Psallit
885 4521 1032 4576 enim
1077 4520 1271 4575 alicubi
1303 4519 1519 4572 divinus
1572 4519 1736 4572 David
1763 4518 2015 4573 universi-

2157 4519 2226 4570 ταὶ
2264 4518 2446 4570 Ἀσίαν
2477 4519 2574 4587 τὴν
2608 4517 2898 4587 σύμπασαν
2936 4519 3038 4589 γῆν
3065 4536 3080 4550 ·
3122 4519 3299 4588 χαλκᾶ
3333 4518 3388 4570 δὲ
3427 4518 3608 4579 αὐτοῖς
3642 4516 3711 4569 τὰ

466 4611 593 4666 tatis
619 4610 814 4684 Opiﬁci
847 4631 862 4668 :
896 4631 915 4665 ι
952 4613 1209 4668 Fundasti
1243 4623 1463 4676 terram,
1494 4619 1546 4665 et
1575 4621 1857 4678 permanet
1893 4610 2020 4665 ordi‘

2158 4611 2304 4680 ιέρη,
2339 4611 2428 4663 διά
2449 4627 2508 4662 τε
2542 4610 2604 4662 τὸ
2647 4611 2960 4682 ὲρηρείσθαι
2993 4611 3300 4676 διαπαντὸς,
3341 4611 3434 4663 καὶ
3479 4609 3712 4680 ἀκλονήο

465 4707 679 4762 natione
737 4716 827 4762 tua
849 4707 918 4762 ⁷³.
959 4726 978 4760 ι
1010 4706 1132 4762 Haec
1177 4706 1338 4775 igitur
1363 4714 1420 4758 ut
1447 4722 1474 4758 a
1502 4713 1734 4773 quatuor
1757 4705 1930 4760 ventis
1955 4720 2019 4758 re-

2156 4718 2246 4762 :w;
2275 4699 2440 4769 ἔχειν,
2466 4700 2561 4752 καὶ
2611 4700 2881 4770 μηδεμιᾶς
2912 4699 3200 4769 ἀνέχεσθαι
3241 4698 3463 4768 βλάϐης.
3503 4697 3710 4752 Ψάλλει

463 4811 566 4866 gna
621 4799 852 4864 caeteris,
899 4808 960 4853 ut
1015 4798 1272 4859 diximus.
1331 4798 1634 4864 potentiora
1698 4795 2017 4865 multamth

2157 4793 2248 4862 {dp
2280 4808 2380 4843 που
2409 4790 2502 4843 καὶ
2548 4791 2576 4842 ὁ
2609 4790 2889 4853 θεσπέσιος
2931 4790 3096 4843 Δαϐὶδ
3128 4791 3261 4861 πρὸς
3296 4791 3386 4844 τὸν
3420 4789 3529 4842 τῶν
3569 4790 3711 4843 ὅλων

421 4886 424 4887 ⁷
463 4886 655 4940 sortita
711 4886 932 4956 gloriam
981 4902 1199 4957 egressa
1263 4895 1388 4940 sunt
1421 4885 1674 4940 assistere
1699 4884 1975 4939 Domiuato

2155 4880 2480 4951 δημιουργόν
2506 4897 2519 4910 ⁸
2557 4899 2574 4932 ι
2620 4880 3016 4950 ἘΟεμελίωσας
3061 4881 3158 4950 τὴν
3184 4883 3308 4953 γῆν,
3341 4881 3436 4934 καὶ
3465 4882 3709 4951 διαμένει

463 4976 641 5030 omnis
667 4985 849 5032 terrae.
877 4977 1199 5032 Assistentia
1228 4977 1554 5030 inserviendi
1593 4976 1811 5030 modum
1851 4985 2004 5030 osten

2155 4976 2205 5043 τῇ
2251 4971 2492 5037 διατάξει
2530 4989 2643 5025 σου.
2676 4991 2693 5022 ι
2729 4969 2895 5026 Αὗται
2929 4973 2992 5043 δὴ
3027 4969 3120 5025 οὖν
3149 4974 3205 5026 αἱ
3235 4973 3310 5035 ὡς
3351 4975 3414 5026 ὲκ
3441 4972 3550 5025 τῶν
3581 4988 3709 5024 τεσ-

464 5067 542 5121 dit
570 5085 584 5122 :
617 5069 924 5124 servierunt
944 5068 1086 5122 enim
1141 5071 1359 5124 nutibus
1395 5068 1532 5137 ejus,
1582 5068 1906 5137 fueruntque
1940 5083 2018 5122 ro-

2192 5065 2326 5136 ipmv
2373 5065 2588 5134 ἀνέμων
2637 5063 2918 5133 βασιλεῖαι,
2963 5064 3070 5117 τῶν
3123 5063 3317 5129 ἄλλων,
3356 5063 3432 5126 ὡς
3477 5063 3709 5133 ἔφημεν,
3733 5083 3746 5150 ί

465 5163 621 5214 busta
661 5171 724 5214 et
770 5160 967 5230 inclyta
1003 5175 1098 5228 per
1126 5162 1325 5229 ipsum,
1369 5161 1637 5230 quodillis
1671 5161 2019 5215 emolumentt

2159 5155 2533 5227 ιλκιμώτεραι,
2568 5157 2662 5208 καὶ
2693 5156 2828 5209 πολὺ
2877 5155 3135 5226 λαχοῦσαι
3175 5156 3243 5208 τὸ
3272 5156 3509 5220 εὐκλεὲς,
3552 5155 3713 5226 ὲξῆλυ

467 5250 585 5304 fuit.
613 5250 743 5304 Nam
790 5251 984 5319 siquid
1035 5252 1290 5320 praeclare
1344 5262 1647 5322 gesserunt,
1681 5253 2021 5322 regionesqut

2159 5252 2231 5304 δον
2263 5251 2607 5321 παραστῆναι
2631 5248 2712 5319 τῷ
2738 5249 2927 5321 Κυρίῳ
2961 5250 3140 5320 πάσης
3173 5248 3273 5318 τῆς
3302 5250 3422 5319 γῆς.
3469 5249 3532 5301 Ἠ
3561 5248 3618 5301 δέ
3649 5266 3713 5316 γε

467 5352 522 5393 et
546 5341 705 5395 nrbes
731 5354 1130 5409 expugnarunt,
1155 5358 1220 5399 eo
1276 5353 1549 5400 annuente
1597 5352 1806 5398 tantum
1858 5345 2013 5399 value

2155 5344 2506 5411 παράστασις,
2524 5341 2616 5393 τὸν
2633 5341 2734 5409 τῆς
2751 5340 2994 5403 δουλείας
3019 5343 3151 5411 ἡμῖν
3175 5341 3462 5410 ὑποφαίνει
3483 5340 3709 5410 τρόπον·

470 5441 615 5484 runt.
669 5431 879 5486 Etenim
923 5434 967 5488 si
999 5450 1184 5489 verum
1233 5436 1365 5490 dicit
1416 5437 1673 5505 propheta
1716 5451 1774 5490 ε(
1808 5434 1923 5488 Non
1957 5448 2024 5488 εει

2158 5429 2514 5484 Ξεδουλεύκασι
2543 5429 2652 5500 γὰρ
2685 5432 2794 5492 τοῖς
2824 5429 2988 5482 αὐτοῦ
3019 5429 3270 5500 νεύμασι,
3304 5431 3398 5484 καὶ
3425 5432 3712 5498 γεγόνασιν

470 5522 669 5578 malum
698 5524 753 5578 in
773 5525 1007 5592 civitate,
1041 5529 1182 5598 quod
1213 5542 1316 5582 non
1338 5528 1464 5583 fecit
1495 5527 1755 5582 Dominus
1775 5527 1844 5590 ⁷⁸,
1883 5544 1901 5577 ι
1926 5526 2024 5596 (no

2160 5522 2362 5592 ,cxupai
2401 5539 2459 5575 τε
2493 5521 2587 5574 καὶ
2631 5513 2903 5592 διαϐόητοι
2951 5523 3018 5576 δι’
3064 5522 3249 5590 αὐτοῦ,
3295 5523 3389 5577 καὶ
3431 5522 3590 5576 τοῦτο
3617 5540 3714 5578 κε-

536 5703 578 5730 ’²
625 5697 782 5757 Prov.
803 5716 854 5771 ν,
885 5701 976 5760 22‘
1053 5704 1096 5736 "’
1133 5703 1272 5760 Psal.
1309 5716 1500 5767 cxvm,
1543 5701 1630 5757 90.
1706 5702 1752 5735 "
1779 5705 1942 5758 Amos
1974 5716 2054 5767 ιιι,
2086 5699 2141 5753 6.
2241 5715 2252 5728 λ’
