3936 6318
203 381 260 438 30
1053 365 1603 429 COMMENTARIUS
1641 363 1706 419 1N
1749 362 2150 419 ZACIIARIAM
2186 358 2630 419 PROPHETAM.
3377 357 3446 413 90

201 496 545 568 κερδάκασιν.
589 494 652 546 Εἰ
684 492 789 563 γάρ
824 507 874 542 τι
904 489 996 542 καὶ
1024 486 1336 557 δεδράκασι.
1364 482 1456 537 καλ⁵
1485 479 1772 551 κατηνδρξ-

1878 478 2019 531 mine
2053 476 2176 530 mali
2206 477 2305 530 hoc
2337 474 2455 529 loco
2473 470 2813 527 aﬂlictionem
2844 466 3157 538 accipimus)
3177 468 3446 537 quomodo

202 604 351 643 σαντο
392 586 596 655 χωρῶν
638 584 672 653 ἢ
729 581 963 644 πόλεων,
1017 576 1180 631 αὐτοῦ
1234 573 1640 636 κατανεύοντος,
1692 572 1773 632 είς

198 682 349 734 τοῦτο
376 677 441 749 δὴ
473 676 642 729 πάλιν
679 671 945 742 προῆλθον
978 666 1182 738 ἰσχύος.
1210 667 1271 719 El
1305 666 1413 735 γάρ
1454 666 1598 716 ἐστιν
1638 660 1772 729 άλη-

197 771 293 841 θὴς
320 772 347 821 6
373 767 665 836 προφήτης
686 762 861 830 λέγων
885 777 896 790 ·
934 779 951 810 ι
992 760 1106 812 Οὐκ
1138 757 1252 810 ἐστι
1299 755 1465 809 κακία
1502 755 1559 806 ὲν
1599 752 1769 816 πόλει,

195 865 261 932 ἦν
297 860 498 930 Κύριος
528 857 629 911 οὐκ
656 854 911 923 ἐποίησε·
956 870 974 902 ι
1012 851 1209 903 κακίαν
1251 848 1306 901 δέ
1345 863 1524 917 φαμεν
1562 845 1618 897 ὲν
1651 841 1773 896 τού-

195 971 308 1016 τοις
332 952 429 1022 τὴν
452 951 697 1004 κάκωσιν
722 963 736 978 ⁸
761 943 881 1005 πῶς
915 941 980 995 ἂν
1002 942 1204 995 ἐκεῖναι
1243 939 1572 1007 κατίσχυσαν
1602 932 1771 987 ἐθνῶν

196 1045 290 1097 καὶ
328 1041 543 1114 χωρῶν,
577 1041 650 1111 μὴ
684 1040 804 1109 οὐχὶ
841 1038 905 1110 δὴ
940 1037 1122 1098 πάλιν,
1158 1032 1326 1087 αὐτοῦ
1355 1030 1416 1083 τὸ
1446 1025 1770 1097 κατισχύσαι

194 1136 454 1204 νέμοντος
483 1130 873 1201 οἰκονομικῶς;
912 1129 1069 1189 Τίνες
1096 1127 1149 1178 δὲ
1183 1124 1245 1193 δὴ
1282 1123 1371 1175 καὶ
1400 1123 1456 1174 αἱ
1484 1118 1769 1189 βασιλεῖαι,

196 1227 387 1297 καιρὸς
437 1224 537 1294 ήδη
570 1224 769 1291 λέγειν.
822 1220 1030 1273 Οὐκοῦν
1057 1222 1113 1271 ὲν
1153 1218 1249 1287 μὲν
1298 1214 1377 1284 τῷ
1437 1213 1643 1283 ἅρματι
1692 1207 1769 1279 τῷ

196 1318 419 1387 πρώτῳ,
445 1316 631 1385 φησὶν,
659 1315 815 1366 ἵπποι
832 1312 1049 1383 πυρροί,
1072 1309 1171 1379 τῆς
1192 1305 1468 1360 Χαλδαίων
1494 1301 1771 1372 βασιλείας

194 1407 607 1470 άνατυποῦντες
639 1406 724 1474 ἐφ’
767 1406 975 1466 ἑαυτοῖς
1017 1401 1114 1472 τὴν
1161 1400 1439 1469 ὠμότητα.
1487 1396 1770 1466 Πυρρότης

194 1502 301 1574 γὰρ
332 1503 463 1571 ἡμῖν
512 1500 610 1570 τὴν
658 1498 889 1567 αἵματος
918 1494 1072 1566 χύσιν
1106 1492 1471 1546 ὑπαινίττοιτο
1502 1489 1588 1553 ἂν,
1628 1484 1772 1539 κατά

195 1614 256 1664 γε
290 1596 350 1647 τὸ
400 1594 581 1655 είκός·
616 1591 930 1660 φιλαίματοι
977 1585 1084 1656 γὰρ
1132 1584 1251 1636 λίαν
1302 1582 1351 1633 oi
1401 1575 1767 1631 Βαϐυλώνιοι·

194 1702 337 1760 εἷλον
369 1705 479 1774 γὰρ
532 1702 684 1757 αὐτοὶ
726 1701 825 1770 τὴν
869 1695 1149 1759 Ἰουδαίαν,
1202 1693 1296 1745 καὶ
1333 1690 1433 1752 τὰς
1479 1690 1536 1741 ὲν
1570 1688 1635 1757 τῇ
1664 1686 1769 1738 Σα-

200 1799 404 1868 μαρείᾳ
434 1796 628 1857 πόλεις,
674 1792 886 1862 φειδοῦς
929 1789 1143 1856 ἁπάσης
1191 1781 1551 1855 ἐξῃρημένης,
1596 1779 1683 1829 Ἐν
1711 1774 1768 1828 δὲ

195 1890 270 1959 τῷ
302 1890 511 1959 ἅρματι
539 1886 618 1956 τῷ
650 1884 887 1953 δευτέρῳ
916 1883 1069 1933 ἵπποι
1095 1878 1340 1948 μέλανες.
1374 1875 1555 1927 Ἔοικε
1589 1870 1641 1922 δὲ
1672 1868 1771 1937 τὴν

196 1978 427 2049 Περσῶν
456 1993 517 2028 τε
550 1975 645 2028 καὶ
667 1972 864 2042 Μήδων
892 1971 990 2040 τὴν
1009 1968 1113 2020 ὑπό
1134 1984 1195 2035 γε
1218 1966 1405 2035 Κύρῳ,
1428 1980 1500 2033 φη
1511 1963 1591 2031 μὶ,
1628 1960 1773 2029 βασι-

194 2071 345 2123 λείαν
382 2065 701 2137 ὑποδηλοῦν.
755 2063 940 2117 Μέλαν
968 2062 1023 2113 δὲ
1052 2061 1147 2113 καὶ
1184 2058 1394 2118 τούτοις
1433 2053 1773 2124 περιτέθεικε

195 2163 417 2233 χρῶμα,
447 2160 536 2215 διὰ
562 2159 641 2220 τὸ,
672 2152 846 2226 οἶμαι,
886 2153 1131 2206 πλεῖστόν
1166 2168 1227 2203 τε
1255 2150 1376 2201 ὅσον
1404 2146 1499 2200 καὶ
1528 2145 1773 2215 ἀμέτρηο

194 2271 283 2306 τον
321 2256 437 2315 τοῖς
478 2249 758 2303 Χαλδαίων
808 2246 1014 2299 ἔθνεσιν
1062 2241 1347 2313 ἐπιρρίψαι
1396 2238 1648 2297 θάνατον,
1682 2235 1774 2288 καὶ

195 2348 323 2417 ὅλην
367 2346 553 2407 αὐτοῖς
603 2342 696 2411 τὴν
723 2340 906 2410 χώραν
950 2338 1009 2389 ὲν
1064 2334 1248 2387 πένθει
1295 2329 1548 2399 γενέσθαι
1592 2344 1773 2396 παραο

198 2438 483 2492 σκευάσαι.
536 2434 770 2494 Πένθους
808 2431 863 2483 δὲ
900 2429 996 2482 καὶ
1031 2427 1262 2480 θανάτου
1294 2424 1352 2475 τὸ
1400 2422 1557 2489 φαιὸν
1594 2419 1658 2471 ἂν
1686 2417 1770 2486 εἴη

200 2529 490 2601 σύμϐολον.
519 2525 764 2586 Λευκοὺς
795 2524 851 2575 δὲ
888 2518 1026 2575 εῐναί
1060 2534 1192 2589 φησι
1221 2516 1345 2577 τοὺς
1384 2514 1439 2565 ὲν
1467 2511 1671 2582 ἅρματι
1696 2507 1773 2577 τῷ

197 2624 387 2693 τρίτῳ,
418 2620 519 2691 τὴν
550 2617 817 2686 Ἑλλήνων
850 2630 953 2667 που
990 2612 1131 2680 τάχα
1169 2609 1261 2661 καὶ
1288 2603 1615 2661 Μακεδόνων
1644 2601 1774 2653 ὑπο-

200 2715 408 2783 φαίνων
436 2710 632 2782 ἀρχὴν,
669 2707 766 2761 εἴτ’
799 2702 891 2759 οὖν
940 2704 1040 2774 τήν
1084 2698 1434 2767 Ἀλεξάνδρου
1474 2693 1769 2765 βασιλείαν.

199 2807 402 2860 Λευκοὶ
430 2804 508 2866 δὲ,
551 2803 631 2854 ὅτι
671 2800 765 2853 καὶ
806 2797 1155 2867 ἁϐροδίαιτοι,
1190 2793 1283 2845 καὶ
1322 2792 1380 2842 ἐν
1429 2786 1646 2847 λευκαῖς
1698 2783 1773 2846 ώς

200 2898 401 2950 ὲπίπαν
434 2893 645 2956 στολαῖς
669 2890 736 2944 τά
774 2890 1040 2959 Ἐλλήνων
1064 2886 1190 2955 ἔθνη
1210 2901 1222 2913 ·
1258 2883 1350 2935 καὶ
1377 2881 1459 2933 ὃτι
1482 2878 1579 2947 τὴν
1607 2874 1775 2943 γλῶτ-

198 3005 293 3040 ταν
323 2987 535 3054 σαφεῖς,
566 2984 667 3052 τῆς
706 2980 979 3052 βαρϐάρου
1022 2979 1203 3047 φωνῆς
1225 2973 1284 3027 τὸ
1313 2972 1473 3025 οἱονεὶ
1501 2966 1775 3023 σκοτεινὸν

201 3078 295 3130 οὐκ
320 3076 555 3145 ἔχοντες.
586 3074 675 3126 Ἐν
702 3074 757 3125 δὲ
789 3070 866 3139 τῷ
887 3068 1152 3138 τετάρτῳ,
1181 3064 1363 3134 φησιν,
1390 3061 1595 3131 ἅρματι
1618 3059 1775 3111 ἵπποι

200 3170 343 3232 τινὲς
374 3164 519 3238 ἦσαν
556 3165 789 3219 ποικίλοι
835 3162 929 3215 καὶ
957 3159 1139 3230 ψαροί·
1181 3156 1356 3209 ἰστέον
1382 3154 1459 3217 δὲ,
1489 3154 1571 3206 ὅτι
1602 3154 1634 3222 ή
1667 3150 1775 3203 τῶν

214 3259 481 3328 Ἐϐραίων
523 3256 753 3320 ἓκδοσις,
806 3254 900 3306 καὶ
948 3252 1123 3319 ἕτεροι
1166 3246 1223 3300 δέ
1253 3262 1395 3307 τινες
1448 3242 1556 3296 τῶν
1603 3241 1776 3295 ἄλλων
1804 3249 1847 3307 C

204 3348 573 3422 ἑρμηνευτῶν,
602 3347 721 3401 ἀντὶ
744 3345 859 3409 τοῦ,
885 3343 1088 3413 ψαροὶ,
1112 3338 1385 3393 τεθείκασι
1412 3336 1493 3401 τὸ,
1516 3334 1773 3403 ἰσχυροί.

207 3444 353 3513 Πλὴν
378 3442 474 3496 καὶ
530 3440 732 3510 ταύτην
761 3434 900 3491 εἶναί
946 3452 1125 3506 φαμεν
1164 3432 1261 3503 τὴν
1302 3430 1589 3501 Ῥωμαίων
1624 3428 1777 3499 βασι-

206 3533 373 3597 λείαν,
412 3532 500 3585 ἀεί
530 3548 644 3593 πως
670 3530 900 3599 ἔχουσαν
929 3529 987 3579 ἐν
1018 3528 1127 3588 τοῖς
1152 3522 1292 3577 κατὰ
1316 3522 1540 3592 καιροὺς
1563 3521 1780 3590 βεϐασι-

207 3625 423 3678 λευκόσι
455 3624 517 3676 τὸ
550 3622 790 3676 ποικίλον
829 3622 906 3682 είς
950 3618 1011 3671 τὸ
1061 3616 1314 3685 εὐμαθὲς,
1358 3614 1452 3689 καὶ
1501 3612 1634 3682 βαθύ
1663 3627 1778 3672 πως

208 3721 281 3783 εἰς
336 3717 559 3792 φρένας.
604 3712 963 3769 Συνετώτατοι
1009 3708 1116 3779 γὰρ
1176 3708 1269 3761 καὶ
1319 3706 1453 3777 πρός
1500 3721 1563 3771 γε
1605 3702 1779 3773 τούτῳ

210 3812 299 3863 καὶ
347 3808 718 3879 ἀλκιμώτατοι
762 3801 1016 3873 γεγόνασί
1044 3817 1104 3853 τε
1146 3800 1238 3852 καὶ
1282 3798 1440 3862 εἰσιν,
1488 3797 1536 3848 οἱ
1578 3796 1644 3847 τὰ
1683 3795 1780 3863 τῆς

221 3903 505 3973 Ῥωμαίων
534 3902 709 3971 ἀρχῆς
738 3897 1015 3959 διέποντες
1055 3893 1252 3964 κράτη.
1288 3890 1564 3942 Τέθεινται
1592 3887 1648 3940 δὲ
1689 3888 1781 3939 καὶ

210 3995 503 4047 τελευταῖοι
556 3992 693 4063 μετὰ
733 3990 859 4053 τοὺς
907 3987 1154 4058 πρώτους
1196 3983 1339 4038 κατά
1384 3999 1448 4050 γε
1486 3981 1613 4044 τοὺς
1656 3980 1780 4049 χρό-

211 4104 345 4151 νους.
367 4086 599 4155 ’ῐδωμεν
620 4084 673 4136 δὲ
696 4082 789 4136 καὶ
809 4082 908 4151 τὴν
931 4079 1162 4133 ἑκάστου
1188 4077 1295 4131 τῶν
1316 4073 1598 4147 ἁρμάτων,
1613 4072 1780 4141 ἤγουν

216 4179 507 4249 βασιλείας,
541 4175 738 4240 ἔξοδον,
777 4175 909 4227 ὅπου
947 4189 1005 4224 τε
1028 4169 1360 4231 διανένευκε,
1393 4167 1485 4219 καὶ
1509 4166 1602 4217 ἐπὶ
1638 4164 1778 4215 τίσιν

213 4273 446 4342 ἔρχεται.
479 4267 796 4338 Σαφεστάτη
838 4265 945 4336 γὰρ
981 4262 1123 4316 οὕτω
1150 4259 1345 4330 γένοιτ’
1372 4258 1436 4312 ἂν
1464 4260 1592 4330 ήμίν
1618 4258 1651 4326 ή
1680 4255 1780 4325 τῆς

213 4363 441 4434 θεωρίας
462 4348 735 4421 ἀπόδοσις.
752 4356 1004 4426 Τέσσαρα
1029 4353 1128 4424 μὲν
1148 4353 1253 4422 γὰρ
1273 4354 1300 4405 6
1334 4351 1618 4422 προφήτης
1643 4345 1779 4402 εἶναί

211 4471 359 4524 φησι,
390 4452 759 4521 διαμέμνηται
783 4447 840 4501 δὲ
871 4446 1059 4517 τριῶν,
1084 4444 1179 4498 καὶ
1209 4443 1465 4514 σεσίγηκε
1496 4442 1590 4495 τοῦ
1625 4439 1777 4511 πρώο

1876 584 2038 638 regna
2068 568 2158 622 illa
2200 577 2390 637 gentes
2415 575 2466 619 et
2492 565 2738 633 regiones
2790 561 3145 622 domuissent,
3177 558 3220 613 si
3249 559 3364 627 ipse
3392 570 3449 612 ιιι

1874 659 2100 713 domare
2162 667 2381 729 possent
2430 651 2894 710 administratorie
2925 651 3029 704 illis
3058 666 3161 705 non
3194 651 3454 703 donavis-

1877 750 1996 805 set?
2024 749 2151 817 Quae
2209 758 2388 802 autem
2419 761 2580 815 regna
2609 745 2709 798 ista
2744 741 2968 801 fuerint,
3011 742 3254 809 sequitur
3275 749 3334 793 ιιι
3356 740 3439 793 di-

1875 854 2081 893 camus.
2118 838 2172 892 ln
2220 852 2380 893 curru
2429 836 2592 905 igitur
2647 833 2844 901 primo,
2904 830 3101 898 inquit,
3140 831 3265 898 equi
3323 828 3445 896 ruﬁ,

1874 927 2242 983 Clialdzeorum
2329 921 2654 978 monarchizr
2718 917 3087 973 crudelitatem
3152 932 3448 987 repraesen-

1876 1025 2076 1071 tantes.
2140 1016 2310 1071 Rufus
2359 1015 2501 1069 enim
2525 1012 2675 1067 color
2742 1008 3020 1078 sanguinis
3077 1008 3446 1077 profusionem

1874 1109 2029 1163 nobis
2083 1118 2203 1176 apte
2231 1107 2501 1171 insinuat;
2530 1100 2863 1172 sanguinarii
2927 1099 3070 1154 enim
3096 1099 3443 1153 vehementer

1872 1198 2150 1267 Babylonii
2187 1198 2325 1267 :ipsi
2389 1197 2530 1250 enim
2586 1193 2831 1248 Iudaeam
2884 1200 2939 1245 et
2979 1191 3139 1244 urbes
3188 1190 3449 1245 Samaria:

1873 1286 2006 1340 citra
2054 1301 2267 1340 omnem
2304 1281 2730 1339 misericordiam
2772 1287 3136 1334 vastaverunt.
3174 1278 3231 1332 In
3285 1294 3447 1332 curru

1873 1373 2110 1428 secundo
2133 1373 2255 1443 equi
2280 1373 2436 1442 nigri.
2480 1371 2595 1437 Quo
2627 1369 2914 1423 Persarum
2945 1377 3000 1423 et
3039 1367 3312 1423 Medorum
3349 1368 3448 1421 sub

1872 1465 2014 1535 Cyro
2092 1464 2484 1528 monarchiam,
2555 1462 2795 1530 inquam,
2857 1460 3068 1515 videtur
3123 1460 3445 1528 significare.

1874 1554 2043 1625 Niger
2095 1554 2245 1609 color
2279 1554 2363 1608 his
2396 1553 2667 1618 tribuitur,
2697 1553 2838 1623 quod
2877 1551 3032 1618 longe
3086 1549 3345 1619 plurimas
3396 1559 3450 1604 et

1874 1647 2173 1700 immensas
2212 1645 2263 1698 in
2299 1644 2546 1699 Chaldzea
2566 1653 2723 1711 gente
2771 1652 2979 1709 strages
3020 1641 3323 1704 ediderunt,
3368 1646 3448 1692 to-

1883 1746 2102 1805 tumque
2160 1750 2381 1804 regnum
2423 1735 2473 1788 in
2502 1734 2701 1788 luctum
2740 1733 3101 1801 coniecerunt.
3133 1729 3332 1783 Luctus
3354 1744 3451 1782 au-

1804 1840 1845 1894 B
1881 1838 1987 1883 tem
2045 1837 2099 1883 et
2132 1826 2322 1880 mortis
2354 1824 2653 1891 symbolum
2693 1822 2844 1893 niger
2869 1822 3019 1876 color
3066 1830 3168 1874 est.
3206 1820 3258 1872 In
3288 1820 3449 1873 tertio

1874 1920 1948 1974 ait
1978 1933 2100 1974 esse
2150 1918 2318 1983 albos,
2380 1916 2689 1971 Graecorum
2726 1915 2960 1968 fortasse
3015 1920 3068 1965 et
3098 1910 3445 1964 Macedonum

1872 2009 2178 2077 imperium,
2205 2009 2317 2063 sive
2354 2006 2642 2061 Alexandri
2684 2021 2903 2075 regnum
2932 2004 3298 2058 subindicans.
3327 2002 3445 2056 Albi

1871 2106 2075 2165 autem,
2101 2098 2226 2168 quia
2251 2097 2475 2152 delicate
2504 2096 2764 2160 viventes,
2790 2103 2845 2147 et
2871 2094 3005 2147 albis
3031 2093 3269 2146 vestibus
3311 2106 3448 2160 pene

1868 2202 2058 2243 omnes
2121 2187 2411 2258 gaudentes
2460 2185 2682 2241 Graeciae
2739 2184 2917 2254 populi
2956 2201 2969 2238 :
3005 2192 3060 2236 et
3090 2183 3215 2251 quia
3281 2182 3331 2235 in
3364 2183 3445 2235 lo-

1872 2281 2088 2349 quendo
2130 2280 2397 2350 perspicui
2453 2279 2590 2333 citra
2623 2278 2818 2348 linguae
2847 2278 3090 2332 barbarae
3123 2274 3266 2329 velut
3294 2286 3446 2330 tene-

1873 2372 2019 2427 bras.
2047 2372 2102 2426 ln
2159 2380 2354 2441 quarto
2401 2386 2585 2435 curru,
2619 2370 2810 2439 inquit,
2851 2368 2974 2437 equi
3008 2376 3162 2420 erant
3194 2366 3329 2420 varii
3394 2378 3449 2420 et

1875 2448 2292 2527 multicOlores;
2333 2462 2477 2516 scias
2523 2461 2667 2523 licet,
2718 2458 2993 2513 Hebraeam
3049 2458 3364 2517 editionem,
3395 2466 3447 2511 et

1873 2555 2131 2620 quosdam
2188 2554 2512 2620 interpretes
2550 2566 2647 2619 pro
2673 2549 2841 2619 ψαροί
2870 2590 2885 2613 ,
2927 2548 3305 2610 mullicolores,
3352 2564 3449 2617 po.-

1873 2645 2045 2697 suisse
2077 2643 2305 2712 ίσχυροί,
2327 2643 2507 2706 validi,
2534 2656 2627 2695 seu
2658 2640 2886 2695 robusti.
2904 2638 3285 2693 Verumtamen
3312 2640 3447 2693 hanc

1876 2736 2241 2788 Romanorum
2301 2734 2673 2787 monarchiam
2710 2747 2828 2787 esse
2869 2732 3120 2796 dicimus,
3156 2747 3274 2799 quas
3304 2747 3448 2785 sem-

1877 2824 1970 2894 pm-
2004 2825 2140 2879 inter
2193 2826 2424 2879 diversis
2468 2823 2800 2892 temporibus
2849 2832 3134 2891 regnantes
3187 2824 3448 2876 varietate

1877 2917 2164 2971 docilitatis
2198 2917 2357 2986 702
2394 2926 2447 2969 et
2497 2915 2603 2969 alta
2631 2914 2973 2983 intelligentia
2999 2914 3181 2967 valuit.
3205 2913 3448 2968 Pruden-

1880 3009 2072 3062 tissimi
2116 3008 2340 3061 enimet
2387 3009 2609 3077 insuper
2644 3006 2927 3061 fortissimi
2955 3006 3192 3071 fuerunt,
3227 2986 3448 3074 etsunt,

1880 3097 2108 3151 Romani
2198 3096 2533 3165 principatus
2620 3096 2903 3164 imperium
2985 3096 3448 3154 administrantes.

1878 3190 2158 3243 Ponuntur
2177 3199 2356 3243 autem
2387 3188 2505 3243 loco
2536 3199 2808 3257 postremo
2832 3203 2861 3241 a
2900 3188 3115 3254 primis,
3150 3191 3447 3244 secundum

1882 3292 2141 3350 tempora.
2162 3280 2578 3336 Consideremus
2612 3280 2724 3348 jam
2789 3279 3208 3347 uniuscuiusque
3234 3294 3445 3346 currus,

1878 3388 1973 3427 seu
2036 3372 2362 3427 monarchiae
2418 3384 2722 3440 egressum,
2776 3384 2884 3437 quo
2935 3368 3173 3437 inclinet,
3232 3379 3286 3423 et
3343 3384 3451 3438 quo

1885 3464 2089 3517 tendat.
2147 3462 2236 3517 Sic
2268 3463 2412 3517 enim
2458 3476 2617 3530 quam
2643 3460 2954 3530 planissime
2977 3461 3118 3529 quod
3143 3462 3451 3517 considera-

1880 3568 1999 3607 mus
2051 3552 2477 3621 explanabimus.
2528 3551 2767 3616 Quatuor
2819 3551 3034 3620 quidem
3100 3552 3273 3621 inquit
3327 3567 3451 3607 esse

1883 3646 2165 3712 propheta,
2191 3644 2283 3697 sed
2317 3645 2479 3696 trium
2506 3657 2756 3712 egressus
2771 3642 3037 3710 meminit,
3089 3643 3246 3713 primi
3289 3650 3449 3698 tacet.

1882 3733 2133 3804 Repetam
2170 3734 2352 3800 paucis
2380 3734 2522 3803 quod
2577 3734 2708 3788 dixi.
2742 3732 2797 3785 Ιιι
2834 3734 3006 3801 primo
3028 3734 3103 3787 ait
3158 3734 3303 3786 rufos
3331 3747 3453 3787 esse

1882 3838 2071 3893 equos.
2132 3822 2323 3891 Incipit
2380 3833 2562 3876 autem
2614 3837 2644 3876 a
2673 3821 2931 3885 secundo,
2958 3821 3155 3875 etait:
3193 3838 3212 3873 ι
3259 3821 3314 3875 In
3341 3836 3451 3891 quo

1882 3926 2037 3969 erant
2068 3916 2191 3984 equi
2217 3913 2375 3984 nigri,
2403 3912 2823 3980 egrediebantur
2850 3912 2916 3965 ad
2936 3921 3135 3965 terram
3161 3911 3450 3980 aquilonis,

1883 4019 1931 4062 et
1975 4007 2081 4061 albi
2107 4007 2475 4074 sequebantur
2528 4018 2643 4057 eos.
2674 4003 2740 4057 Et
2768 4003 2902 4054 varii
2934 4003 3353 4071 egrediebantur
3382 4004 3448 4057 ad

1885 4110 2081 4153 terram
2130 4095 2444 4151 australem.
2477 4114 2495 4145 ι
2526 4094 2631 4150 Sed
2674 4094 2922 4163 quamvis
2945 4092 3110 4146 addat
3151 4093 3449 4147 multicolo-

1885 4205 1983 4253 res,
2017 4201 2121 4241 non
2155 4187 2272 4242 ideo
2289 4192 2521 4255 quatuor
2553 4196 2747 4238 currus
2799 4181 3118 4235 memorabit
3146 4198 3159 4234 :
3186 4197 3308 4235 nam
3338 4196 3453 4236 eos-

1883 4281 2003 4333 dem
2043 4293 2164 4333 esse
2220 4290 2344 4331 cum
2408 4275 2576 4331 variis
2631 4273 2903 4341 ponimus.
2960 4272 3054 4328 Ait
3105 4273 3293 4328 enim:
3331 4292 3350 4325 ι
3393 4274 3449 4327 ιιι

1884 4384 2045 4424 curru
2094 4378 2286 4439 quarto
2333 4375 2490 4423 erant
2536 4367 2662 4436 equi
2718 4366 2853 4418 varii
2903 4372 2959 4420 et
3000 4364 3388 4420 multicolores.
3427 4384 3445 4417 ι

1883 4466 2067 4520 Trium
2134 4462 2397 4528 meminit,
2424 4463 2598 4531 primo
2637 4460 2936 4530 praeterito.
2964 4458 3095 4526 Quae
3126 4461 3197 4513 sit
3218 4476 3346 4528 ergo
3371 4470 3446 4515 to-

212 4565 296 4601 tuo
318 4547 419 4617 τὴν
448 4544 647 4608 ἔξοδον.
690 4540 1009 4610 Ἀναμνήσω
1033 4536 1089 4590 δὲ
1118 4536 1205 4589 διὰ
1238 4534 1503 4606 βραχέων,
1524 4533 1598 4597 ὼς
1619 4532 1774 4603 ἔφην.

1886 4558 1991 4612 tius
2019 4555 2336 4612 oeconomia:
2365 4553 2526 4619 ratio,
2558 4567 2657 4622 age
2690 4550 3039 4607 docilioribus
3063 4564 3159 4618 pro
3190 4550 3329 4603 virili
3356 4568 3449 4605 n0-

224 4639 303 4692 Ἑν
340 4639 443 4709 μὲν
488 4634 597 4705 γὰρ
628 4631 705 4703 τῷ
740 4630 939 4701 πρώτῳ
990 4629 1125 4698 φησὶ
1170 4626 1412 4697 πυρροὺς
1458 4622 1601 4678 εἶναι
1651 4626 1779 4687 τοὺς

213 4732 426 4791 ἵππους.
461 4727 723 4795 Ἀρχεται
754 4722 809 4775 δὲ
852 4721 960 4775 ἀπὸ
998 4719 1091 4773 τοῦ
1132 4717 1403 4788 δευτέρου,
1435 4717 1527 4770 καί
1581 4732 1773 4787 φησιν·

216 4838 232 4871 ι
274 4821 359 4873 Ἐν
381 4813 429 4887 ᾧ
455 4815 593 4889 ἦσαν
626 4818 675 4870 oi
722 4816 876 4868 ἵπποι
902 4814 950 4865 oi
985 4811 1231 4882 μέλανες,
1262 4807 1645 4878 ἐξεπορεύοντο
1686 4808 1780 4861 ἐπὶ

211 4912 303 4982 γῆν
341 4912 535 4982 βορρᾶ,
566 4910 659 4963 καὶ
701 4909 749 4961 oi
795 4906 977 4960 λευκοὶ
1022 4902 1402 4974 ἐξεπορεύοπο
1450 4901 1777 4954 κατόπισθεν

211 5004 403 5056 αὐτῶν.
434 5003 545 5056 Καὶ
568 5003 618 5055 οἱ
646 5000 876 5054 ποικίλοι
904 4996 1286 5068 ἐξεπορεύοντο
1314 4997 1406 5048 ἐπὶ
1426 4996 1529 5065 γῆν
1548 4994 1720 5047 νότου.
1751 5012 1768 5043 ι

214 5096 270 5148 Εἰ
295 5097 351 5149 δὲ
379 5096 446 5166 δὴ
487 5094 829 5166 προσεπάγει
864 5093 989 5154 τοὺς
1012 5089 1263 5159 ψαροὺς,
1297 5088 1358 5141 οὐ
1376 5087 1657 5158 τεσσάρων
1688 5088 1778 5157 ἁρ-

216 5190 392 5258 μάτων
426 5188 874 5259 διαμεμνήσεται’
908 5187 1033 5247 τοὺς
1070 5182 1179 5253 γὰρ
1212 5181 1409 5245 αὐτοὺς
1440 5175 1578 5232 εἶναι
1617 5178 1777 5232 δεδώ-

212 5299 381 5352 καμεν
411 5286 523 5345 τοίς
567 5280 851 5343 ποικίλοις.
885 5299 903 5331 ι
948 5280 1035 5332 Ἐν
1068 5277 1176 5347 γὰρ
1217 5276 1295 5345 τῷ
1337 5274 1541 5345 ἅρματι
1571 5273 1648 5343 τῷ
1689 5290 1775 5325 τε-

212 5375 409 5443 τάρτῳ,
440 5374 625 5443 φησὶν,
656 5368 796 5443 ἦσαν
818 5372 975 5425 ἵπποι
993 5370 1228 5423 ποικίλοι
1253 5369 1346 5421 καὶ
1366 5366 1552 5436 ψαροί.
1579 5385 1596 5417 ι
1628 5365 1773 5420 Οὐκ-

211 5462 299 5514 οὖν
335 5464 500 5532 τριῶν
528 5464 917 5534 διαμέμνηται,
951 5462 1233 5532 σιωπήσας
1290 5458 1351 5511 τὸ
1408 5458 1621 5527 πρῶτον
1681 5456 1778 5519 Τίς

212 5548 298 5604 οὖν
335 5555 440 5623 ἄρα
469 5555 586 5607 ἐστὶ
610 5555 706 5624 τῆς
734 5555 860 5625 ὅλης
894 5554 1203 5623 οἰκονομίας
1232 5554 1259 5604 6
1289 5552 1467 5619 λόγος,
1497 5548 1632 5625 φέρε
1668 5552 1780 5610 τοῖς

214 5645 648 5719 εὐμαθεστέροις,
684 5647 759 5709 ώς
789 5646 888 5710 ἔνι,
929 5646 1194 5715 λέγωμεν.
1225 5644 1363 5705 Τοὺς
1386 5644 1629 5714 πυρροὺς
1643 5639 1783 5696 εἷναι

216 5737 655 5810 ὁ-εϐεϐαιούμεθα
688 5740 784 5808 τὴν
808 5738 1130 5808 φιλαίματον
1159 5737 1265 5790 τῶν
1289 5736 1567 5789 Χαλδαίων
1584 5737 1775 5808 ἀρχὴν,

1885 4660 1993 4702 stra
2016 4647 2339 4716 aperiamus.
2358 4643 2537 4712 Equos
2571 4643 2720 4697 rufos
2749 4641 3089 4697 asseruimus
3116 4656 3236 4695 esse
3256 4656 3449 4696 cruen-

1889 4749 1997 4793 tum
2062 4738 2441 4791 Chaldaeorum
2490 4735 2801 4804 imperium,
2850 4734 2994 4803 quod
3022 4732 3262 4787 funditus
3285 4741 3446 4785 totam

1885 4831 2121 4885 Iudaeam
2166 4830 2385 4892 evertit,
2417 4836 2472 4882 et
2529 4827 2770 4882 incensis
2792 4824 2910 4893 ejus
2944 4823 3167 4879 urbibus
3191 4821 3443 4878 Israelem

1885 4922 2156 4991 captivum
2180 4919 2399 4974 abduxit
2427 4918 2678 4985 ;nomine
2703 4917 3005 4987 nigrorum,
3028 4914 3315 4969 Persarum
3335 4912 3447 4966 Me-

1894 5013 2197 5079 dorumque
2241 5007 2607 5064 monarchiam
2664 5006 2990 5074 accepimus.
3046 5001 3103 5056 In
3133 5000 3268 5055 albis
3290 5015 3451 5070 porro

1886 5103 2173 5157 Alexandri
2233 5111 2289 5156 et
2321 5100 2670 5156 Macedonum
2703 5097 2990 5167 imperium
3017 5092 3449 5155 describebatur,

1881 5210 2003 5263 qua:
2035 5192 2194 5246 ambo
2244 5189 2509 5245 Clialdreae
2536 5201 2684 5242 arma
2710 5185 3026 5247 intulerunt,
3054 5195 3282 5250 eamque
3311 5181 3453 5235 bello

1883 5283 2144 5338 acerrimo
2164 5288 2515 5350 occuparunt,
2554 5279 2789 5349 primum
2817 5274 3033 5345 quidem
3066 5272 3265 5344 Cyrus,
3299 5279 3450 5341 post-

1881 5389 1943 5427 ea
1996 5372 2317 5437 Alexander,
2370 5371 2459 5437 qui
2504 5378 2561 5424 et
2636 5369 2806 5437 ipsum
2862 5364 3080 5420 Darium
3138 5363 3452 5434 cepitjuxta

1879 5464 2406 5529 lssum,utvocatur,
2433 5462 2617 5515 urbem
2648 5458 2871 5523 Ciliciae,
2917 5457 3144 5512 infinitis
3165 5455 3449 5512 Persarum

1884 5555 2115 5611 millibus
2164 5554 2519 5623 interemptis.
2570 5552 2734 5607 Fama
2789 5558 2890 5617 est,
2921 5563 3174 5621 magnum
3234 5548 3449 5602 ossium

1884 5662 2138 5701 acervum
2166 5645 2457 5700 excitatum
2478 5646 2542 5698 de
2565 5644 2650 5712 iis,
2674 5643 2764 5712 qui
2807 5641 3002 5696 ibidem
3033 5641 3400 5695 occubuerunt
3424 5647 3439 5689 :

1886 5738 2111 5791 incisum
2133 5745 2215 5791 est
2243 5752 2455 5805 quoque
2488 5735 2817 5804 epitaphium
2842 5734 2892 5788 in
2924 5733 3035 5785 lucc
3059 5729 3216 5799 verba
3250 5751 3260 5782 ;

217 5829 250 5891 ἢ
285 5831 379 5883 καὶ
411 5836 584 5888 πᾶσαν
626 5831 867 5885 ἐκποδὼν
898 5831 1069 5902 ᾕρηκε
1111 5829 1206 5901 τήν
1244 5830 1529 5892 Ἰουδαίων,
1562 5831 1656 5881 καὶ
1682 5829 1774 5893 τὰς
1802 5830 1856 5882 ἐν
1943 5833 2075 5899 οὔτῇ
2126 5828 2565 5899 κατεμπιπρῶσα
2607 5826 2805 5888 πόλεις.
2866 5823 3195 5882 ἀπεκόμισεν
3231 5820 3304 5879 εἰς
3354 5816 3439 5867 σοί·
