3936 6318
175 399 242 454 95
1021 381 1568 444 COMMENTARIUS
1609 383 1672 438 IN
1717 383 2122 441 ZACHARIAM
2163 384 2609 443 PROPHETAM.
3353 393 3424 451 94

173 511 246 578 τῇ
273 506 454 580 ἡμέρᾳ
482 506 692 575 ἐκείνῃ
723 508 809 573 εἰς
837 507 942 560 τίὲν
965 507 1134 561 οἷκον
1170 506 1392 560 Ἰωσίου
1422 503 1528 558 τοῦ
1557 506 1744 571 Σορο⁶

1851 503 2038 558 nientis
2061 521 2124 558 ea:
2150 503 2432 576 Babylone.
2469 504 2536 560 Et
2555 507 2778 577 accipies
2819 517 3088 578 argentum
3114 518 3162 563 et
3208 526 3424 567 astrum.

167 603 317 658 νέου.
343 598 451 654 τοῦ
496 599 752 665 ἥκοντος
781 598 849 652 ἐκ
884 595 1260 663 Βαϐυλῶνος.
1298 596 1404 650 Καὶ
1434 593 1606 663 λήψῃ
1639 595 1742 663 ἀρ-

172 696 367 762 τύριον
407 691 513 745 καὶ
555 692 852 761 χρυσίον,
907 690 1003 743 καὶ
1053 688 1330 756 ποιήσεις
1381 685 1741 756 στεφάνους,

171 786 260 836 καί
302 782 616 847 ἐπιθήσεις
649 781 747 834 ἐπὶ
787 779 901 847 τὴν
928 780 1207 848 κεφαλὴν
1245 777 1438 843 Ἰησοῦ
1484 776 1588 830 τοῦ
1633 777 1744 828 Ἰω-

170 877 364 941 σεδὲκ,
392 877 502 930 τοῦ
551 877 752 943 ἱερέως
779 875 885 928 τοῦ
933 871 1222 942 μεγάλου.
1256 869 1361 923 Καὶ
1401 867 1552 936 ἐρεῖς
1596 865 1746 933 πρὸς

169 968 380 1022 αὐτόν·
438 967 584 1021 Τάδε
627 967 790 1033 ,λέγει
826 966 1041 1032 Κύριος
1083 959 1542 1029 παντοκράτωρ·
1591 955 1745 1012 Ἰδοὺ

171 1060 338 1126 ἀνὴρ,
357 1060 642 1124 Ἀνατο.1ὴ
684 1058 870 1126 ὄνομα
901 1055 1080 1119 αὐτῷ.
1117 1054 1214 1106 καὶ
1242 1051 1622 1107 ὑποκάτωθεν
1644 1049 1748 1101 αὺ-

170 1154 268 1208 τοῦ
289 1152 594 1214 ἀνατελεῒ,
631 1153 724 1204 καὶ
771 1128 1154 1216 οἰκοδομήσει
1184 1145 1290 1198 τὸν
1314 1140 1482 1196 οἶκον
1503 1140 1744 1206 Κυρίου,

169 1246 260 1298 καὶ
309 1245 500 1309 αὐτὸς
553 1242 810 1310 λήψεται
861 1239 1102 1307 ἀρετὴν,
1148 1237 1244 1288 καὶ
1294 1233 1597 1292 καθεδεῖται,
1649 1229 1748 1283 καὶ

169 1337 445 1402 καταρξει
483 1336 580 1388 ἐπὶ
615 1335 721 1386 τοῦ
765 1334 980 1399 θρόνου
1023 1327 1229 1390 αὐτοῦ,
1262 1326 1360 1380 καὶ
1407 1327 1578 1379 ἔσται
1605 1325 1635 1375 ὁ
1671 1325 1746 1374 ie-

163 1428 300 1495 ρεὺς
332 1427 405 1480 ἐκ
441 1425 655 1488 δεξιῶν
679 1423 885 1483 αὑτοῦ,
909 1423 1004 1473 καὶ
1041 1418 1244 1483 ,ϐουλὴ
1279 1413 1548 1484 εἰρηνικὴ
1575 1416 1747 1468 ἔσται

170 1518 476 1585 ἀναμέσον
502 1514 866 1583 ἀμφοτέρων.
887 1514 947 1564 '0
973 1511 1040 1564 δὲ
1066 1511 1367 1578 στέφανος
1393 1507 1560 1559 ἐσται
1594 1508 1744 1558 ὑπο-

165 1608 436 1676 μένουσι.
469 1608 568 1660 καὶ
605 1605 730 1670 τοῖς
762 1603 1078 1674 χρησίμοις
1107 1599 1318 1666 αὐτῆς,
1361 1599 1458 1651 καὶ
1485 1597 1608 1662 τοῖς
1637 1598 1744 1650 ἐπ-

168 1703 496 1767 εγνωκέσιν
539 1697 751 1763 αὐτὴν.
785 1697 881 1749 καὶ
927 1697 1014 1759 εις
1057 1692 1266 1761 χάριτα
1293 1690 1418 1756 τοῖς
1449 1687 1601 1754 υἱοῖς
1639 1691 1746 1742 Σο-

1851 604 1900 648 et
1925 594 2085 662 facies
2105 612 2348 660 coronas,
2368 607 2416 650 et
2450 614 2607 662 pones
2633 615 2787 665 super
2801 609 2954 665 t'npul
3019 598 3148 653 Iesu
3203 600 3304 664 ﬁlii
3332 600 3423 654 Jo-

1850 687 1998 740 sedec
2021 689 2307 742 sacerdotis
2333 691 2526 758 magni.
2553 690 2617 744 Et
2645 691 2783 744 dices
2805 692 2875 744 ad
2911 691 3073 764 ’1οά
3097 710 3212 746 eum
3238 711 3256 748 :
3295 692 3422 748 Haec

1849 778 1977 831 dicit
2013 779 2264 834 Dominus
2297 783 2656 848 omnipotens:
2688 783 2821 836 Ecce
2864 785 2962 846 uir,
2992 783 3180 838 Oriens
3236 800 3421 837 nomen

1851 871 1971 937 ipsi,
1997 881 2045 923 et
2072 873 2246 925 subter
2275 891 2390 926 eum
2409 877 2621 936 orietur,
2647 883 2696 928 et
2732 875 3013 941 (ediﬁcabit
3078 878 3285 930 domum
3315 876 3423 930 Do-

1854 965 2002 1018 mini.
2036 963 2099 1017 Et
2133 971 2243 1033 ipse
2274 967 2490 1033 accipiet
2516 969 2777 1032 virtutem,
2806 982 2849 1020 et
2876 968 3090 1031 sedebit,
3114 979 3162 1020 et
3191 969 3421 1026 inmere-

1853 1056 1944 1119 bit,
1969 1072 2123 1118 super
2146 1058 2330 1109 throno
2365 1073 2479 1115 suo.
2510 1068 2555 1109 et
2589 1057 2949 1111 eritsacerdos
2987 1073 3019 1109 a
3064 1058 3261 1110 dextris
3285 1057 3420 1126 ejus,

1852 1157 1896 1199 et
1921 1147 2194 1198 consilium
2220 1149 2499 1215 paciﬁcum
2531 1150 2627 1202 erit
2648 1150 2782 1202 inter
2809 1160 3104 1216 utrumque.
3133 1147 3198 1201 At
3232 1164 3425 1201 corona

1852 1235 1948 1288 erit
1976 1238 2413 1300 exspectantibus.
2439 1249 2488 1292 et
2516 1240 2730 1292 utilibus
2761 1239 2894 1306 ejus.
2928 1249 2976 1292 et
3011 1239 3090 1291 itis
3112 1239 3197 1309 qui
3228 1253 3421 1307 cogno-

1852 1335 2034 1381 verunt
2058 1345 2195 1390 eam,
2225 1339 2274 1381 et
2309 1332 2361 1382 in
2380 1332 2605 1400 gratiam
2630 1331 2762 1394 [iliis
2798 1329 3100 1397 Sophonitc,
3124 1341 3168 1383 et
3199 1331 3250 1383 in
3277 1328 3420 1396 psal-

1853 1432 1993 1470 mum
2017 1418 2070 1470 in
2086 1420 2238 1472 domo
2259 1419 2489 1474 Domini.
2529 1419 2595 1473 Et
2622 1421 2712 1490 qui
2741 1420 2890 1488 longe
2923 1420 2986 1472 ab
3013 1420 3087 1474 eis
3127 1419 3352 1483 venient,
3376 1425 3424 1470 et

1854 1506 2190 1574 a'di/icabunt
2212 1509 2264 1561 in
2294 1510 2453 1563 domo
2487 1508 2722 1575 Domini,
2743 1521 2788 1562 et
2814 1510 2988 1563 scietis
3017 1511 3140 1578 quia
3170 1507 3427 1561 Dominus

1853 1600 2172 1664 onmipotens
2237 1601 2378 1653 misit
2430 1618 2508 1655 me
2547 1604 2616 1655 ad
2680 1619 2790 1656 vos.
2851 1601 3054 1666 Eterit,
3087 1601 3131 1656 si
3154 1602 3425 1656 audientes

1853 1690 2125 1744 audieritis
2146 1707 2317 1745 vocem
2349 1692 2561 1746 Domini
2596 1693 2689 1747 Dei
2714 1694 2888 1747 vestri.

168 1791 402 1859 φονίου,
439 1788 537 1840 καὶ
572 1790 659 1850 εἰς
687 1785 935 1854 ψαλμὸν
961 1786 1031 1836 ἐν
1064 1785 1208 1846 οῑκῳ
1237 1781 1484 1848 Κυρίου.
1525 1779 1634 1833 Kal
1669 1780 1724 1831 οἱ
1786 1779 2027 1845 μακρὰν
2065 1782 2166 1835 ἀπ’
2191 1781 2388 1837 αὐτῶν
2417 1783 2661 1850 ἥξουσι,
2696 1783 2797 1838 καὶ
2829 1781 3428 1852 οίκοδομήσουσινέν

168 1882 241 1947 τῷ
286 1882 436 1945 οἴκῳ
487 1881 728 1945 Κυρίου,
783 1877 882 1930 καὶ
944 1875 1250 1943 γνώσεσθε
1277 1912 1293 1937 ,
1342 1873 1492 1925 διότι
1538 1871 1752 1935 Κύριος
1789 1872 2212 1941 παντοκράτωρ
2232 1873 2582 1928 ἀπέσταλκέ
2597 1891 2676 1944 με
2731 1875 2880 1943 πρὸς
2905 1873 3077 1943 ὑμᾶς.
3104 1875 3212 1930 Kal
3253 1874 3427 1929 ἔσται

167 1979 265 2032 ἐὰν
281 1977 709 2038 εἰσακούοντος
732 1973 1135 2038 είσακούσητε
1162 1970 1272 2037 τῆς
1295 1966 1496 2037 φωνῆς
1521 1963 1739 2033 Κυρίου
1773 1965 1880 2019 τοῦ
1922 1967 2072 2021 Θεοῦ
2105 1969 2294 2038 ὑμῶν.

229 2070 348 2125 AI".
407 2070 465 2122 '0
503 2070 659 2135 λόγος
691 2064 758 2138 ἦν
787 2066 864 2136 τῷ
889 2065 1007 2135 Θεῷ
1034 2064 1169 2134 πρὸς
1189 2064 1278 2116 τὸν
1314 2063 1580 2132 μακάριον
1605 2077 1739 2130 προ-

1912 2059 2150 2114 XXXIII.
2192 2060 2580 2130 Alloquebatur
2611 2045 2779 2116 ‘Deus
2831 2061 3048 2116 beatum
3103 2060 3425 2130 prophetam

169 2162 334 2232 φήτην
383 2161 686 2229 Ζαχαρίαν,
717 2159 836 2229 ἦτοι
884 2158 948 2210 δι’
976 2156 1145 2210 αὑτοῦ
1195 2155 1330 2226 πρὸς
1379 2155 1584 2215 πάντας
1618 2151 1746 2222 περὶ

168 2251 252 2303 τοῦ
279 2250 612 2320 Ζοροϐάϐελ,
640 2249 698 2310 ὃς
726 2245 793 2318 ἦν
831 2249 928 2318 μὲν
959 2249 1021 2300 ἐκ
1047 2247 1218 2317 φυλῆς
1247 2246 1340 2298 τοῦ
1370 2245 1562 2306 Ἰούδα,
1610 2243 1744 2296 καθ-

167 2344 342 2410 ηγείτο
371 2342 432 2394 δὲ
461 2340 573 2393 τῶν
620 2340 679 2406 ἐξ
711 2339 944 2409 Ἰσραὴλ,
975 2337 1245 2406 καλούσης
1284 2335 1446 2389 αὐτὸν
1481 2337 1560 2398 είς
1589 2334 1746 2387 τοῦτο

169 2435 255 2503 τῆς
294 2431 690 2502 βασιλευούσης
737 2431 927 2500 φυλῆς.
965 2431 1098 2482 Τίνα
1127 2428 1182 2496 δὲ
1215 2423 1282 2499 ἦν
1311 2428 1379 2480 τὰ
1411 2427 1539 2497 περὶ
1580 2425 1744 2478 αὑτοῦ

171 2523 429 2594 λεγόμενα
482 2522 633 2592 παρὰ
681 2522 838 2584 Θεοῦ,
880 2521 1371 2592 προαναμνήσομεν
1410 2518 1742 2586 ἀναγκαίοις.

175 2617 304 2684 Ἔφη
355 2616 580 2668 τοίνυνο
629 2632 647 2664 ι
678 2615 743 2666 Ai
798 2615 978 2682 χεῖρες
1025 2610 1331 2680 Ζοροϐάϐελ
1380 2609 1745 2679 ὲθεμελίωσαν

169 2707 249 2758 τὸν
273 2703 426 2759 οἷκον
450 2705 662 2770 τοῦτον,
688 2705 783 2758 καὶ
826 2705 882 2756 αἱ
923 2705 1100 2772 χεῖρες
1138 2702 1304 2756 αὑτοῦ
1343 2700 1746 2755 ὲπιτελέσουσιν

170 2799 338 2852 αὐτόν.
377 2817 396 2850 ι
423 2797 560 2850 Ἀλλ’
590 2792 660 2866 ἦν
693 2797 791 2849 σὺν
819 2793 966 2864 αὐτῷ
994 2795 1071 2864 τῷ
1101 2792 1436 2864 θεμελιοῦντι
1461 2793 1552 2845 τὸν
1575 2789 1741 2855 οἷκον,

172 2890 254 2942 καὶ
281 2888 393 2959 μὴν
435 2888 532 2941 καὶ
563 2885 982 2956 ἁποπεραίνοντι
1016 2885 1111 2938 καὶ
1136 2884 1344 2954 Ἰησοῦς
1372 2884 1402 2936 ὁ
1438 2882 1532 2936 τοῦ
1567 2883 1746 2935 Ἰωσε-

171 2982 252 3034 δὲκ
277 2984 304 3034 ὁ
343 2981 529 3050 ἱερεὺς
561 2980 589 3031 ὁ
616 2978 804 3047 μέγας.
837 2977 1104 3047 Ταύτῃτοι
1153 2977 1518 3048 προστέταχεν
1562 2977 1590 3028 ὁ
1635 2974 1744 3027 τῶν

172 3068 291 3120 ὅλων
318 3066 458 3129 Θεὸς
495 3065 573 3135 τῷ
620 3064 892 3134 θεσπεσίῳ
932 3067 1186 3136 προφήτῃ
1210 3064 1279 3118 τά
1324 3067 1390 3118 ἐκ
1437 3066 1537 3136 τῆς
1576 3067 1744 3135 αἰχμ-

171 3158 393 3220 αλωσίας
423 3156 605 3210 λαϐεῖν
633 3157 785 3226 παρὰ
822 3156 931 3208 τῶν
960 3157 1256 3225 ἀρχόντων,
1289 3156 1384 3209 καὶ
1433 3155 1585 3227 παρὰ
1633 3155 1744 3208 τῶν

173 3249 448 3319 χρησίμων
474 3249 666 3317 αὐτῆς,
705 3247 798 3300 καὶ
825 3247 977 3316 παρὰ
1002 3247 1108 3300 τῶν
1137 3248 1526 3315 ὲπεγνωκὸτων
1551 3248 1739 3316 αὐτήν.

173 3344 311 3407 Τίνες
338 3344 388 3396 δ’
421 3343 486 3396 ἂν
519 3339 629 3395 εἷεν
660 3333 824 3407 οὗτοι,
862 3344 988 3394 ποῖα
1015 3341 1072 3394 δὲ
1115 3341 1208 3395 καὶ
1238 3340 1306 3393 τὰ
1352 3342 1417 3393 ἐκ
1448 3340 1547 3410 τῆς
1579 3342 1743 3410 αἰχμ-

173 3437 422 3501 αλωσίας,
457 3436 818 3505 ἀφηγήσομαι
849 3432 1142 3503 χρειωδῶς.
1178 3430 1636 3501 Ἀνεκομισθησαν
1678 3431 1744 3483 ὲκ

173 3530 258 3598 τῆς
283 3527 610 3590 Βαϐυλῶνος
647 3528 698 3580 οἱ
740 3525 801 3589 ἐξ
828 3524 1064 3595 Ἰσραὴλ,
1095 3525 1155 3577 οὐ
1182 3525 1369 3594 χύδην,
1400 3524 1434 3595 ἢ
1461 3523 1745 3594 πεφυρμέ-

173 3637 283 3682 νως,
314 3620 436 3673 ἀλλ’
457 3621 515 3670 ὲν
539 3619 728 3688 κόσμῳ
751 3635 810 3670 τε
833 3619 927 3670 καὶ
954 3616 1125 3683 τάξει,
1155 3616 1295 3670 κατὰ
1328 3616 1458 3683 γένη
1489 3614 1582 3669 καὶ
1604 3614 1746 3668 κατὰ

175 3711 353 3776 φυλὰς,
396 3711 862 3780 προεκκειμένους
905 3707 1122 3777 ἔχοντες
1167 3707 1262 3761 καὶ
1300 3705 1634 3777 καθηγητὰς,
1669 3705 1746 3768 ὡς

177 3801 227 3851 ὲν
251 3800 324 3870 τῷ
357 3799 566 3869 Ἐσδρα
591 3798 920 3868 γέγραπται.
940 3795 1154 3868 Ἐπειδὴ
1181 3796 1238 3850 δὲ
1263 3796 1522 3864 ἀφίκοντο
1558 3795 1745 3847 λοιπὸν

179 3891 248 3951 εἷς
289 3888 663 3958 Ἰεροσόλυμα,
688 3885 824 3940 Θεοῦ
850 3887 940 3938 τὸν
955 3934 960 3942 ._
982 3885 1107 3938 ναδν
1157 3884 1390 3955 ἐγείρειν
1425 3883 1743 3952 ἐπαναγκά-

182 3977 370 4042 ζοντος,
422 3978 656 4040 ἔστησαν
693 3977 753 4030 τὸ
797 3975 1218 4045 γαζοφυλάκιον,
1249 3975 1336 4027 ἵνα
1368 3975 1461 4028 καὶ
1498 3975 1745 4044 άθροισις

180 4071 372 4136 γένοιτο
418 4070 717 4140 χρημάτων
759 4071 839 4132 είς
885 4068 982 4138 τὴν
1026 4067 1136 4120 τῶν
1177 4067 1352 4136 ἔργων
1377 4067 1741 4137 κατασκευὴν,

179 4160 264 4212 καὶ
291 4163 372 4223 εἰς
397 4161 498 4222 τὰς
519 4160 628 4212 τῶν
655 4159 842 4230 ἱερέων
877 4158 1088 4221 στολὰς,
1122 4159 1215 4210 καὶ
1241 4159 1322 4221 εἰς
1351 4159 1450 4221 τὰς
1477 4158 1743 4228 τεταγμέ-

180 4266 264 4312 νας
296 4252 482 4313 αὐτοῖς
510 4249 652 4302 κατὰ
687 4248 848 4317 νόμον
871 4248 1081 4311 θυσίας·
1110 4248 1366 4302 τέτακται
1387 4248 1445 4301 δὲ
1472 4248 1581 4301 τῶν
1607 4266 1747 4320 χρη-

184 4343 349 4410 μάτων
386 4341 614 4412 ταμίας,
633 4341 840 4402 Ἰωσίας
873 4340 986 4403 υἱὸς
1015 4341 1290 4409 Σοφονίου.
1321 4342 1657 4412 Προστάττει
1681 4343 1744 4412 δὴ

180 4428 258 4484 οὗν
296 4437 325 4486 ὁ
367 4433 481 4485 τῶν
531 4433 668 4486 ὅλων
713 4432 864 4493 Θεὸς,
907 4433 1013 4485 ἀπὸ
1050 4432 1157 4484 τῶν
1189 4435 1744 4504 προσκεκομισμένων

181 4525 316 4594 παρὰ
341 4523 455 4576 τῶν
476 4523 751 4593 ἀρχόντων
779 4525 878 4591 τῆς
905 4523 1299 4592 αἰχμαλωσίας,
1323 4524 1360 4578 ἃ.
1391 4526 1485 4578 καὶ
1515 4521 1581 4596 ἦν
1605 4526 1744 4580 ἁ.πό-

183 4610 294 4667 θετα
327 4613 483 4683 παρὰ
517 4613 595 4683 τῷ
625 4613 828 4684 Ἰωσίᾳ,
857 4614 1079 4684 χρυσίον
1113 4615 1208 4668 καὶ
1251 4616 1510 4685 ἀργύριον
1535 4617 1740 4680 λαϐεῖν,

1849 2151 2191 2218 Zachariam,
2220 2152 2334 2204 sive
2363 2166 2459 2221 per
2486 2152 2660 2221 ipsum
2697 2165 2888 2206 omnes
2921 2152 3124 2204 amicos
3183 2148 3424 2204 Zoroba-

1847 2243 1954 2306 bel,
1983 2245 2239 2312 principis
2293 2243 2477 2307 Israel,
2540 2245 2680 2297 tribu
2736 2243 2904 2314 regia,
2941 2243 3084 2295 unde
3123 2241 3423 2311 prodierat,

1849 2334 1998 2388 illum
2041 2336 2106 2388 ad
2165 2351 2388 2402 regnum
2443 2344 2692 2389 vocante.
2746 2334 2883 2400 Quid
2961 2344 3142 2388 autem
3197 2334 3262 2387 de
3309 2333 3425 2402 ipso

1848 2423 2048 2477 dictum
2081 2423 2152 2476 sit
2186 2439 2214 2476 a
2242 2421 2372 2486 Deo,
2399 2423 2549 2490 prius
2571 2437 2599 2474 a
2631 2436 2716 2475 me
2748 2421 3164 2475 commemorari
3195 2435 3425 2476 necesse

1846 2519 1950 2567 est.
1982 2514 2071 2565 Ait
2105 2529 2233 2578 ergo
2263 2532 2274 2566 :
2313 2531 2331 2563 ι
2367 2513 2554 2567 Manus
2575 2511 2871 2566 Zorohabel
2892 2511 3424 2565 fundaruntdomum

1847 2603 2006 2668 hanc,
2031 2613 2085 2656 et
2105 2617 2292 2654 manus
2321 2601 2434 2669 ejus
2461 2603 2742 2671 perﬁcient
2796 2614 2915 2652 eam
2952 2599 3020 2651 7".
3070 2617 3090 2650 ι
3147 2598 3251 2652 Sed
3305 2598 3427 2653 fun-

1847 2694 1994 2749 danti
2032 2696 2272 2758 domum,
2322 2703 2486 2762 atque
2511 2694 2676 2746 etiam
2753 2692 3079 2761 periicieuli,
3122 2690 3303 2744 socius
3369 2697 3426 2745 et

1846 2786 2058 2852 adjutor
2087 2783 2380 2840 eratJesus
2417 2786 2557 2838 lilius
2586 2782 2814 2838 Josedec
2864 2782 3120 2838 sacerdos
3169 2796 3420 2853 magnus.

1847 2877 2108 2944 Quocirca
2134 2878 2783 2946 praecepituniversorum
2851 2874 2991 2930 Deus
3049 2884 3236 2931 sancto
3294 2889 3424 2944 pro-

1845 2971 2040 3038 phetae,
2069 2971 2227 3023 allata
2251 2970 2316 3024 de
2367 2970 2680 3039 captivitate
2725 2968 2972 3038 accipere
3006 2984 3033 3020 a
3063 2967 3422 3037 principibus,

1845 3071 1900 3116 et
1925 3061 1990 3115 ab
2013 3062 2233 3116 utilibus
2265 3061 2402 3132 ejus,
2439 3071 2493 3116 et
2533 3063 2603 3116 ab
2634 3061 2719 3116 his
2749 3062 2839 3130 qui
2873 3070 3242 3130 cognoverunt
3277 3073 3422 3115 eam.

1845 3153 2075 3220 Quinam
2099 3155 2183 3207 isti
2225 3153 2452 3220 iuerint,
2481 3164 2537 3208 et
2571 3169 2689 3222 qua:
2723 3155 2833 3208 sint
2867 3153 2953 3206 illa
2985 3150 3060 3205 ~de
3087 3151 3424 3220 captivitate,

1844 3248 2127 3301 commode
2156 3261 2440 3315 exponam.
2467 3243 2720 3300 Israelita:
2758 3261 2790 3298 e
2839 3243 3114 3314 Babylone
3147 3244 3426 3298 redierunt

1852 3356 1956 3393 non
2006 3339 2240 3404 confusi,
2264 3355 2364 3394 nec
2391 3338 2658 3408 permisti,
2693 3338 2785 3392 sed
2813 3337 3122 3407 agminibus
3156 3335 3429 3404 composi-

1853 3433 1943 3498 tis,
1977 3442 2028 3488 et
2050 3433 2260 3497 ordine,
2308 3431 2602 3485 secundum
2633 3444 2829 3498 genera
2879 3439 2931 3483 et
2983 3429 3174 3493 tribus,
3219 3427 3425 3480 antesi-

1847 3540 2052 3594 gnanos
2091 3535 2145 3578 et
2173 3525 2337 3579 duces
2377 3524 2663 3586 habentes,
2701 3530 2760 3576 ut
2807 3521 2861 3575 in
2907 3521 3076 3576 Esdra
3096 3519 3320 3587 legimus
3348 3517 3422 3574 ".

1845 3614 2135 3684 Postquam
2173 3616 2337 3686 igitur
2359 3616 2470 3685 jam
2524 3613 2950 3685 Hierosolymam
2999 3621 3284 3677 venerunt,
3316 3612 3428 3666 Deo

1845 3709 2257 3764 aediﬁcationem
2293 3705 2473 3775 templi
2511 3715 2760 3774 urgente,
2791 3703 3239 3774 gazophylacium
3293 3718 3419 3756 cum

1845 3799 1912 3853 ad
1947 3798 2226 3868 pecuniam
2259 3813 2354 3866 pro
2385 3812 2549 3866 opere
2579 3796 2935 3858 coniiciendo,
2996 3805 3106 3848 tum
3151 3796 3218 3847 ad
3243 3804 3425 3849 vestes.

1846 3889 2210 3946 sacerdotales
2238 3899 2292 3941 et
2324 3889 2391 3942 ad
2436 3887 2706 3942 sacriﬁcia
2745 3887 2860 3952 lege
2919 3886 3231 3956 prmscripta
3272 3885 3424 3940 colli-

1846 3983 2072 4053 gentiam
2113 3980 2258 4036 Josia
2286 3980 2574 4050 Sophortiae
2601 3979 2710 4032 ﬁlio
2749 3987 3017 4048 qua’store
3052 3994 3114 4033 ac
3139 3980 3422 4046 dispensa-

1807 4124 1813 4132 .
1849 4086 1964 4130 tore
1993 4074 2246 4144 prazl'ecto
2306 4074 2676 4127 instituerunt.
2716 4070 2935 4125 Mandat
2987 4072 3166 4140 itaque
3205 4071 3424 4126 univer-

1846 4182 2027 4223 sorum
2064 4167 2203 4220 Deus
2242 4165 2309 4220 de
2343 4167 2428 4220 bis
2477 4179 2598 4233 qua:
2649 4179 2680 4218 e
2709 4163 3019 4232 captivitate
3053 4178 3237 4217 secum
3274 4171 3420 4217 attu-

1834 4258 2017 4314 lerant
2053 4259 2343 4325 principes,
2372 4271 2599 4326 quaque
2620 4257 2762 4324 apud
2790 4254 2997 4309 Josiam
3025 4254 3270 4323 deposita
3303 4270 3422 4308 ma-

1847 4351 2064 4416 nebant,
2105 4365 2295 4404 aurum
2329 4362 2720 4419 argentumque
2751 4347 2920 4413 accipi
2969 4361 2982 4399 :
3024 4347 3216 4401 deinde
3241 4347 3421 4415 parari

1846 4458 2099 4507 coronas,
2124 4458 2327 4512 easque
2356 4442 2406 4495 in
2434 4438 2741 4510 caputJesu
2776 4439 2866 4492 ﬁlii
2897 4436 3126 4492 Josedcc
3168 4439 3424 4492 sacerdo-

1847 4537 1915 4591 tis
1954 4535 2131 4600 magni
2172 4533 2394 4600 imponi,
2431 4531 2737 4601 diciqueilli
2773 4532 2838 4584 de
2893 4529 3188 4584 Zorobabel
3218 4547 3232 4582 ι
3261 4529 3457 4599 705~

1852 4646 1869 4678 ι
1907 4627 2044 4682 Ecce
2071 4627 2183 4688 vir,
2218 4624 2410 4680 Oriens
2449 4638 2640 4677 nomen
2676 4622 2812 4690 ejus.
2850 4620 3044 4675 Vocem
3082 4621 3276 4683 oriens,
3317 4620 3421 4673 lie-

182 4702 284 4759 εἷτα
312 4706 727 4760 κατασκευάσαι
776 4705 1094 4773 στεφάνους,
1123 4707 1391 4761 ἐπιθεῖναί
1440 4727 1498 4762 τε
1545 4710 1744 4774 αὐτοὺς

1847 4721 1986 4775 brzea
2014 4716 2178 4777 editio
2230 4714 2666 4783 voce’germinis
2723 4712 3010 4778 expressit.
3051 4731 3069 4764 ι
3125 4711 3188 4766 Ει
3237 4713 3423 4765 subter

183 4796 261 4848 ἐπὶ
282 4797 380 4868 τὴν
417 4796 662 4866 κεφαλὴν
692 4796 868 4867 Ἰησοῦ
897 4798 989 4850 τοῦ
1012 4798 1278 4859 Ἰωσεδὲκ,
1306 4798 1398 4852 τοῦ
1434 4800 1624 4870 ἱερέως
1647 4800 1739 4854 τοῦ

187 4888 428 4953 μεγάλου,
466 4889 633 4955 φάναι
662 4905 720 4939 τε
748 4887 896 4957 αὐτῷ
938 4890 1065 4957 περὶ
1091 4889 1186 4942 τοῦ
1217 4890 1538 4959 Ζοροϐάϐελο
1570 4911 1588 4942 ι
1613 4893 1740 4946 Ἰδοὺ

185 4978 604 5050 ἁνὴρ,Ἄνατολὴ
653 4980 822 5049 ὄνομα
864 4981 1030 5051 αὐτῷ.
1063 4999 1081 5031 ι
1124 4981 1196 5034 Τὺ
1226 4981 1283 5034 δὲ
1319 4982 1585 5050 ἀνατολὴ
1635 4983 1743 5036 τῶν

195 5069 444 5141 Ἐϐραίων
494 5073 530 5142 ἡ
577 5072 786 5135 ἔκδοσις
833 5071 912 5141 τῷ
963 5072 1058 5125 τοῦ
1108 5072 1487 5144 βλαστήματος
1517 5075 1743 5145 ὀνόματι

186 5165 541 5235 κατεσήμηνε.
595 5165 754 5218 (Kal.
799 5164 1148 5218 ὑποκάτωθεν
1197 5165 1362 5219 αὑτοῦ
1405 5167 1684 5231 ἁνατελεί,
1716 5187 1734 5218 ι

183 5255 474 5320 τουτέστιν,
509 5257 577 5310 ἐκ
610 5257 708 5327 τῆς
740 5256 904 5310 αὐτοῦ
938 5256 1093 5329 ῥίζης
1129 5242 1415 5327 ἀναφύσει.
1451 5277 1470 5310 ι
1500 5260 1744 5329 Λήψεται

185 5343 233 5397 δὲ
277 5349 368 5400 καὶ
395 5349 621 5420 ἀρετὴν,
656 5368 675 5402 s
706 5350 1004 5415 τουτέστιν,
1039 5350 1398 5423 εὐπρέπειαν,
1422 5351 1540 5422 ἦτοι
1563 5351 1741 5417 δόξαν·

184 5437 498 5495 ἐπιδεδώκασι
547 5441 658 5510 γὰρ
701 5438 874 5504 οὕτως
918 5443 968 5495 οἱ
1012 5443 1190 5513 ἕτεροι
1231 5443 1340 5497 τῶν
1373 5445 1744 5516 ἑρμηνευτῶν.

186 5528 485 5598 Προσετίθει
530 5533 590 5586 δὲ
634 5532 868 5597 τούτοις,
908 5533 984 5597 ὡς
1027 5533 1192 5604 ἄμφω
1241 5535 1360 5606 μὲν,
1405 5535 1609 5605 Ἰησοῦς
1655 5538 1750 5591 καὶ

188 5622 492 5692 Ζοροδάδελ,
543 5626 640 5680 ἐπὶ
693 5625 784 5680 τὸν
832 5626 994 5681 αὑτὸν
1038 5627 1386 5684 καθεδοῦνται
1437 5629 1643 5702 θρόνον,
1675 5631 1751 5695 ὡς

253 5799 292 5828 τ⁸
333 5799 550 5859 lachar.
583 5819 658 5865 tr.
702 5803 754 5857 9.
831 5803 872 5835 ⁷⁷
916 5803 1106 5858 lEsdr.
1151 5821 1224 5871 xu,
1272 5805 1353 5859 l2.

1846 4827 1966 4867 eum
1997 4808 2294 4872 exorietur,
2323 4823 2342 4856 ι
2389 4805 2487 4858 hoc
2518 4814 2624 4869 est,
2652 4814 2710 4856 ut
2763 4819 2826 4857 ex
2869 4801 2984 4870 ejus
3015 4803 3195 4856 radice
3221 4803 3422 4872 germi-

1850 4903 2018 4957 nabit.
2065 4917 2083 4949 ι
2106 4897 2346 4964 Accipiet
2379 4908 2558 4950 autem
2588 4897 2870 4958 virtutem,
2901 4913 2919 4946 ι
2981 4895 3082 4947 hoc
3129 4903 3231 4955 est,
3266 4893 3423 4945 deco-

1850 5009 1987 5058 rem,
2019 4991 2132 5046 sive
2154 4989 2401 5059 gloriam,
2429 4985 2698 5054 quomodo
2725 4985 2812 5038 alii
2867 4985 3190 5052 interpretes
3235 4982 3421 5037 edide-

1849 5096 1994 5140 runt.
2023 5082 2232 5152 Adjecit
2257 5082 2360 5147 his,
2385 5081 2594 5145 ambos,
2621 5078 2803 5134 Jesum
2828 5087 2883 5132 et
2909 5077 3230 5140 Zorollabel,
3257 5090 3422 5145 super

1849 5178 2036 5232 eodem
2070 5174 2204 5230 solio
2229 5187 2496 5237 sessuros,
2518 5180 2576 5226 ut
2597 5184 2880 5226 commune
2902 5169 2972 5223 sit
3013 5182 3234 5237 regnum
3257 5168 3421 5222 etiam

1847 5266 2205 5326 sacerdotium
2240 5263 2572 5336 procuranti,
2600 5271 2655 5316 et
2685 5261 2916 5331 dignitas
2931 5257 3221 5312 sacerdotii
3257 5259 3426 5312 etiam

1847 5377 1968 5416 eum
1999 5366 2257 5428 regnante
2278 5356 2740 5419 communicetur;
2774 5353 3116 5420 futuramque
3139 5349 3426 5406 amborum

1849 5467 2008 5505 unam
2040 5448 2322 5517 paciﬁcam
2357 5455 2413 5501 et
2450 5443 2878 5499 consentientem
2932 5439 3280 5504 voluntatem,
3364 5448 3423 5493 ut

1850 5543 1903 5596 in
1946 5538 2087 5596 nullo
2118 5553 2339 5609 prorsus
2368 5537 2678 5606 discrepare
2702 5534 3006 5591 videantur.
3036 5531 3235 5586 Deinde
3267 5529 3422 5601 jubet

1851 5648 2080 5690 coronas
2111 5631 2248 5698 ﬁeri.
2278 5629 2619 5704 splendidum
2647 5627 2956 5693 donarium,
2979 5625 3121 5697 quod
3165 5622 3425 5680 oﬂeramr
