3936 6318
541 380 611 436 95
1535 394 1593 452 s.
1637 396 1912 455 CYRILLI
1955 401 2426 460 ALEXANDRINI
2466 405 2787 465 securae.
3735 406 3799 460 96

545 502 655 557 Deo
688 501 738 557 in
761 505 920 561 domo
948 506 1084 574 ejus,
1142 511 1370 579 gratiam
1431 519 1749 587 concilians,
1785 531 1839 578 et
1892 524 2096 593 glorian

2225 521 2361 579 εἶναι
2397 528 2571 581 κοινὸν
2617 531 2677 583 τὸ
2723 532 2823 601 τῆς
2875 531 3150 601 βασιλείας
3193 536 3288 587 καὶ
3330 534 3408 608 τῷ
3444 534 3588 607 μετά
3621 542 3805 612 χεῖρας

546 592 1145 665 pariensoﬂ'erentibus,
1176 599 1357 667 Josim,
1382 605 1639 676 ginquam,
1688 621 1744 665 et
1785 592 2120 682 captivitatis

546 684 788 753 utilibus,
820 695 877 741 et
904 688 1234 757 principibus
1286 696 1422 766 ejus.
1476 700 1723 757 Dedicari
1770 713 1950 759 autem
2004 723 2113 761 non

545 772 743 829 frustra
774 794 789 831 :
819 780 912 836 sed
945 791 1002 835 ut
1040 786 1352 843 cantoribus
1380 793 1589 861 templi,
1624 805 1679 848 et
1727 798 1901 852 sacris
1930 799 2119 868 psaltis

544 867 793 921 cantandi
824 881 1197 939 argumentum
1227 877 1314 931 sit.
1367 879 1539 947 Tunc,
1572 883 1812 953 inquam,
1842 906 1861 939 ‹
1928 867 1984 943 et
2027 893 2115 960 qui

543 949 701 1044 longe
749 956 814 1010 ab
844 958 965 1025 illis,
1008 962 1152 1018 ilioc
1201 976 1303 1031 est,
1350 971 1441 1038 qui
1480 972 1547 1026 de
1597 949 1715 1031 aliis
1746 949 1993 1044 gentibus
2022 949 2115 1035 ve-

542 1043 714 1108 nient,
748 1055 801 1100 ct
826 1051 1127 1109 adorabunt
1163 1056 1470 1116 Dominum.
1494 1043 1768 1123 Eventura
1796 1078 1977 1125 autem
2013 1072 2112 1145 ista

541 1133 791 1200 afﬁrmat,
813 1142 855 1194 si
893 1144 1060 1209 velint
1088 1148 1405 1207 obedientiae
1427 1168 1744 1214 ornamento
1793 1175 1854 1216 se
1885 1137 2114 1217 venera-

540 1225 675 1281 biles
708 1231 954 1298 reddere,
985 1244 1040 1289 et
1077 1240 1266 1293 audire
1293 1257 1477 1298 vocem
1507 1247 1713 1304 Domini
1752 1250 1870 1307 Dei.
1902 1253 2112 1309 Actum

540 1317 776 1383 demum,
838 1324 925 1378 ubi
1006 1333 1367 1396 praenuntiata
1431 1339 1611 1394 exitus
1655 1345 2110 1411 comprobaverit,

536 1406 687 1463 haud
716 1412 1202 1487 dubiecognituros
1234 1427 1551 1495 praphetam
1592 1406 1815 1486 missum
1874 1448 1995 1490 esse
2055 1406 2112 1489 ut

537 1497 632 1553 Dei
659 1502 984 1562 Voluntatem
1027 1512 1157 1580 ipsis
1206 1520 1460 1585 aperiret,
1502 1537 1606 1577 non
1669 1533 1843 1579 autem
1901 1537 1958 1580 ut
2014 1543 2111 1596 pro

536 1607 689 1649 more
749 1602 1103 1665 quorumdam
1164 1610 1535 1666 mentientium
1576 1618 1755 1672 cordis
1810 1620 1891 1671 Sui
1950 1634 2107 1676 sensa

536 1679 864 1752 loqueretur,
900 1705 1061 1745 verax
1088 1698 1285 1763 potius,
1314 1716 1411 1756 nec
1443 1701 1694 1759 falsitatis
1722 1708 1961 1763 nuntius.
1984 1709 2108 1765 lianc

530 1769 790 1830 facillima
827 1787 881 1834 et
933 1784 1088 1838 obvia
1146 1799 1229 1843 est
1277 1791 1519 1849 historiae
1546 1798 1856 1865 explicatio.

2221 616 2395 687 ἔχοντι
2444 618 2542 689 τὴν
2586 621 2919 690 ἱερουργίαν,
2947 623 3007 675 τό
3052 640 3115 690 γε
3163 626 3273 697 μὴν
3324 627 3419 680 τοῦ
3472 628 3663 699 ἱερέως
3713 634 3804 684 καὶ

2221 709 2368 779 αὐτῷ
2411 711 2765 779 προσκεῖσθαι
2798 713 2876 782 τῷ
2917 714 3285 783 βασιλεύοντι·
3318 718 3471 773 ἔσται
3503 721 3564 774 δέ
3605 724 3806 793 ἀμφοῖν

2218 800 2314 852 καὶ
2360 800 2606 872 βούλημα
2650 804 2947 874 εἰρηνικὸν,
2977 806 3052 869 ὡς
3083 808 3227 860 κατά
3271 826 3325 862 τι
3377 810 3509 879 γοῦν
3552 812 3690 877 ὅλως
3730 816 3803 884 μὴ

2219 891 2790 962 ἐτερογνωμονοῦντας
2850 895 3102 965 ὁρᾶσθαι.
3152 894 3284 953 Εἶτα
3331 901 3458 964 τοὺς
3510 905 3803 971 στεφάνους

2216 981 2467 1054 λαμπρὸν
2519 984 2764 1053 γίνεσθαι
2817 988 3184 1060 προστέταχεν
3236 992 3515 1064 ἀνάθημα,
3564 995 3642 1065 τῷ
3686 995 3802 1067 Θεῷ

2216 1074 2698 1146 είσκεκομισμένον
2748 1080 2828 1142 είς
2877 1079 2969 1133 τὸν
3009 1077 3157 1135 οἷκον
3201 1082 3390 1149 αὐτοῦ,
3421 1084 3564 1139 ὥστε
3603 1089 3695 1140 καὶ
3724 1090 3801 1151 εἰς

2214 1163 2394 1234 χάριν,
2434 1166 2552 1236 ἦτοι
2585 1168 2871 1239 καύχημα,
2907 1172 3162 1238 γενέσθαι
3194 1175 3302 1227 τῶν
3322 1180 3800 1248 προσαγήοχότων,

2227 1256 2428 1311 Ἰωσίου
2448 1276 2527 1324 τε,
2549 1278 2620 1330 φη
2630 1261 2710 1330 μὶ,
2735 1262 2828 1314 καὶ
2852 1263 2959 1315 τῶν
2979 1264 3077 1333 τῆς
3095 1265 3472 1335 αἰχμαλωσίας
3493 1270 3799 1340 χρησίμων,

2212 1349 2306 1402 καὶ
2337 1350 2446 1404 τῶν
2479 1352 2756 1422 ἀρχόντων
2787 1354 2981 1424 αὐτῆς.
3001 1356 3367 1412 Ἀνατεθεῖναι
3396 1359 3473 1423 δέ,
3505 1362 3565 1413 ού
3601 1364 3798 1432 μάτην,

2211 1441 2324 1494 ἀλλ’
2348 1442 2489 1495 ὥστε
2514 1444 2608 1496 καὶ
2631 1444 2775 1514 ᾠδῆς
2804 1445 3055 1513 γενέσθαι
3084 1448 3355 1518 πρόφασιν
3384 1454 3498 1513 τοῖς
3523 1452 3680 1520 ᾠδοῖς
3705 1454 3799 1505 τοῦ

2210 1531 2339 1585 ναοῦ
2367 1537 2459 1587 καὶ
2494 1535 2856 1606 ἱεροψάλταις.
2893 1539 3027 1591 Τότε
3074 1556 3138 1608 γε
3164 1540 3226 1611 δή
3259 1558 3401 1612 φημι
3437 1561 3457 1595 ε
3480 1544 3575 1596 καὶ
3605 1546 3655 1597 οἱ
3693 1562 3797 1614 μα-

2210 1624 2349 1695 κρὰν
2410 1626 2506 1678 ἀπ’
2552 1627 2753 1691 αὐτῶν,
2794 1646 2812 1679 ι
2871 1629 3171 1695 τουτέστιν,
3227 1632 3275 1684 οἳ
3330 1634 3394 1685 ἐκ
3438 1633 3547 1687 τῶν
3594 1634 3798 1705 ἐτέρων

2210 1715 2378 1769 ἐθνῶν
2407 1717 2617 1787 ἥξουσι,
2644 1720 2739 1771 καὶ¹
2770 1723 3212 1793 προσκυνήσουσι
3238 1724 3315 1795 τῷ
3341 1726 3552 1796 Κυρίῳ.
3579 1726 3796 1797 Συμϐή-

2210 1810 2399 1860 σεσθαι
2450 1808 2506 1859 δὲ
2562 1809 2627 1862 τὰ
2675 1811 2853 1863 τοιάδε
2902 1813 3085 1881 φησὶν,
3118 1816 3276 1886 εἴπερ
3326 1816 3530 1870 ἕλοιντο
3575 1816 3653 1888 τῷ
3695 1819 3794 1887 τῆς

532 1867 841 1936 εὐπειθείας
868 1884 1367 1951 κατασεμνύνεσθαι
1394 1887 1603 1959 κόσμῳ,
1636 1893 1731 1945 καὶ
1763 1894 1978 1949 ἀκούειν
2005 1898 2105 1967 τῆς
2143 1901 2329 1969 φωνῆς
2362 1902 2565 1973 Κυρίου
2634 1902 2729 1957 τοῦ
2759 1904 2915 1959 Θεοῦ.
2951 1867 3063 1961 ficti
3125 1867 3255 1961 τότε⁸
3289 1910 3475 1964 λοιπὸν
3509 1914 3589 1975 εἰς
3622 1870 3796 1983 πέρας

534 1963 911 2034 ἐκϐεϐηκότων
964 1970 1072 2026 τῶν
1137 1979 1597 2048 προηγγελμένων
1627 2023 1641 2047 ,
1703 1963 2102 2055 ἐπιγνώσεσθαι
2144 1963 2349 2061 σαφῶς,
2392 1963 2472 2046 δτὶ
2498 1994 2569 2048 τὰ
2631 1995 2787 2067 παρὰ
2848 1997 2982 2051 Θεοῦ
3024 2001 3169 2069 σαφῆ
3208 1963 3625 2073 καταστήσωνδὸ
3660 1963 3795 2072 πιροΞ

533 2056 710 2128 φήτης
732 2062 1034 2133 ἀπεστάλη,
1064 2067 1158 2119 καὶ
1184 2069 1303 2138 ούχὶ
1329 2071 1392 2140 δὴ
1427 2072 1625 2142 μᾶλλον
1655 2078 1798 2131 κατά
1816 2097 1969 2144 τινας
1994 2082 2102 2136 τῶν
2137 2056 2454 2154 ψευδοεπεῖν
2518 2056 2809 2152 εἰωθότων,
2828 2090 2897 2143 τὰ
2921 2092 3029 2145 ἀπὸ
3085 2056 3314 2163 καρδίας
3333 2056 3521 2159 αὐτοῖς
3550 2056 3793 2166 λαλήσει,

531 2149 624 2202 καὶ
652 2150 856 2223 ἀληθὴς
876 2153 932 2206 δὲ
962 2156 1179 2224 μᾶλλον,
1209 2161 1303 2212 καὶ
1330 2162 1389 2214 οὑ
1416 2163 1798 2235 ψευδάγγελος.
1831 2169 1977 2242 Αῦτη
2004 2173 2100 2242 μὲν
2233 2176 2556 2249 ἐτοιμοτάτη
2610 2179 2704 2232 καὶ
2738 2149 3029 2253 πρόχειρος
3073 2149 3181 2237 τῶν
3225 2149 3583 2257 ἐν’ἱστορίαις
3654 2149 3796 2241 ἀπόἐ

522 2241 693 2307 δοσις.

598 2336 815 2391 Certum
869 2349 952 2395 est
1010 2357 1192 2411 porro,
1251 2348 1623 2408 dubitaturum
1681 2359 1975 2424 neminem,
2033 2361 2096 2416 ad

2275 2364 2443 2435 Δῆλον
2474 2365 2532 2418 δὲ
2563 2367 2645 2420 ὅτι
2678 2367 2740 2421 τὸ
2768 2369 2957 2439 χρῆμα
2995 2368 3057 2422 τὸ
3104 2371 3344 2439 Χριστοῦ
3383 2374 3703 2444 μυστήριον,
3741 2379 3795 2429 εἰ

527 2428 726 2483 Christi
757 2433 1071 2501 mysterium
1104 2452 1217 2491 rem
1247 2452 1513 2511 spectare,
1552 2448 1595 2501 si
1631 2449 1768 2503 bene
1794 2450 2099 2521 indagetur.

524 2516 971 2576 Confirmavimus
1018 2526 1159 2580 enim
1241 2529 1309 2582 ab
1376 2532 1549 2599 initio,
1598 2537 1650 2590 in
1704 2516 1994 2595 Zorobabel
2050 2550 2105 2597 et.

522 2608 646 2662 Jesu
672 2609 1020 2668 informatum
1049 2631 1168 2671 esse
1194 2607 1493 2690 Christum,
1518 2628 1858 2696 etsigillatim
1883 2631 1934 2684 in
1955 2642 2103 2687 utro-

521 2700 624 2763 vis,
651 2710 707 2755 et
733 2702 785 2755 in
816 2704 1077 2761 ambobus
1102 2712 1453 2781 conjunctim,
1516 2724 1575 2771 ut
1603 2734 1790 2772 unum.
1821 2720 1918 2777 Est
1956 2723 2098 2778 enim

522 2791 660 2844 idem
686 2803 741 2846 et
810 2809 905 2848 rex
939 2794 1128 2862 Israel,
1153 2810 1208 2855 et
1269 2819 1496 2873 magnus
1554 2810 1828 2878 sacerdos,
1888 2829 1909 2865 ι
1964 2814 2101 2868 San-

519 2892 658 2948 ctus,
687 2885 965 2951 innocens,
1015 2889 1330 2960 impollutus
1377 2897 1439 2950 ⁷⁸.
1483 2916 1502 2950 ι
1558 2900 1823 2965 Quoaiam
1852 2918 1979 2960 vero
2033 2907 2099 2961 de

516 2975 661 3031 tribu
697 2975 829 3032 Juda
860 2984 1197 3051 progenerati
1226 3001 1448 3056 regnum
1511 2993 1998 3061 administrabant,
2044 3007 2098 3054 et

513 3068 623 3122 orti
655 3068 722 3122 de
764 3070 901 3124 tribu
936 3070 1061 3127 Levi
1114 3080 1401 3134 sacerdotii
1453 3098 1645 3137 munus
1702 3086 1943 3149 obibant,
1977 3091 2095 3147 ideo

518 3173 616 3224 per
640 3160 773 3215 duos
798 3163 848 3215 in
878 3179 1041 3218 unum
1068 3166 1350 3223 Don'iinum
1385 3174 1824 3243 transformatur,
1851 3189 2090 3249 utpatct.

515 3251 693 3316 Quare
746 3255 789 3308 si
847 3258 991 3311 dicat
1039 3259 1178 3315 Deus
1238 3263 1307 3317 de
1363 3265 1685 3335 Zorobabel,
1725 3291 1743 3322 ι
1778 3272 1967 3327 Manus
1992 3276 2093 3331 Zo-

515 3345 738 3400 robabel
765 3346 1060 3405 fundarunt
1082 3354 1300 3409 domum
1328 3358 1505 3425 istam,
1536 3371 1811 3418 ermanus
1841 3366 1957 3433 ejus
1980 3383 2093 3436 per-

430 3452 434 3455 ‘
516 3438 691 3491 licient
755 3454 872 3494 eam
894 3442 961 3505 ⁷³,
995 3462 1013 3494 ›
1054 3446 1308 3504 historice
1344 3452 1558 3519 quidem
1588 3454 1652 3508 de
1680 3470 1746 3510 eo
1774 3457 1973 3510 dictum
1998 3473 2088 3513 ac-

514 3528 718 3595 cipies;
755 3534 1049 3587 secundum
1108 3537 1251 3592 aliud
1293 3555 1419 3595 vero
1475 3546 1616 3612 quod
1642 3546 1978 3615 intelligitur,
2024 3552 2088 3606 ad

512 3619 788 3675 Christum
826 3624 1046 3680 referes.
1078 3628 1191 3695 Ipse
1216 3631 1357 3685 enim
1416 3632 1587 3690 factus
1620 3644 1707 3691 est
1757 3638 1912 3691 nobis
1963 3640 2090 3695 fun-

2210 2456 2477 2527 ἐρευνῷτο
2524 2457 2725 2523 καλῶς,
2757 2460 2859 2513 οὐκ
2891 2460 2957 2514 ἂν
2990 2462 3280 2516 ἐνδοιάσειέ
3325 2480 3430 2527 τις.
3468 2465 3795 2519 Διεϐεϐαιώ-

2212 2544 2350 2613 μεθα
2378 2545 2485 2616 γὰρ
2510 2546 2569 2610 ἐξ
2597 2548 2790 2618 ἀρχῆς,
2836 2549 2912 2612 ὡς
2947 2549 3002 2602 ἐν
3035 2567 3099 2619 γε
3131 2551 3208 2622 τῷ
3250 2553 3551 2623 Ζοροϐάϐελ
3572 2556 3665 2607 καὶ
3692 2557 3796 2625 μέν

2205 2653 2308 2703 τοι,
2340 2636 2615 2707 καὶἸησοῦ
2641 2638 3130 2713 διαμεμορφῶσθαι
3154 2644 3405 2715 Χριστὸν,
3440 2647 3533 2698 καὶ
3558 2646 3660 2700 ἀνά
3688 2649 3789 2717 μέ-

2210 2746 2303 2800 ρος
2333 2730 2391 2782 ἐν
2418 2730 2685 2802 ἐκατέρῳ,
2715 2732 2812 2785 καὶ
2854 2735 2911 2785 ἐν
2958 2734 3162 2803 ἀμφοῖν
3203 2735 3522 2807 συλλήϐδην,
3553 2738 3628 2802 ὡς
3673 2740 3794 2794 ἕνα.

2210 2819 2367 2873 Ἐστι
2395 2821 2588 2892 γὰρέν
2619 2823 2800 2893 ταυτῷ
2845 2825 2939 2878 καὶ
2988 2825 3242 2894 βασιλεὺς
3286 2828 3377 2881 τοῦ
3410 2831 3648 2901 Ἰσραὴλ,
3697 2834 3800 2885 καὶ

2208 2912 2382 2982 μέγας
2444 2914 2754 2984 ἀρχιερεὺς,
2817 2935 2835 2967 ‹
2867 2916 3087 2984 ’Ὀσιος,
3140 2917 3382 2984 ἄκακος,
3439 2922 3726 2991 ἀμίαντος.
3774 2943 3794 2975 s

2215 3001 2433 3071 Ἐπειδὴ
2460 3002 2517 3054 δὲ
2540 3003 2590 3054 οἱ
2623 3005 2720 3073 μὲν
2741 3004 2806 3056 ἐκ
2835 3005 3007 3074 φυλῆς
3028 3005 3201 3060 Ἰούδα
3228 3008 3354 3071 τοὺς
3374 3010 3477 3078 τῆς
3508 3010 3801 3079 βασιλείας

2202 3091 2403 3145 διεῖπον
2445 3090 2673 3157 θώκους,
2712 3095 2762 3146 οἱ
2804 3094 2861 3146 δέ
2895 3095 2992 3163 τῆς
3023 3095 3157 3148 Λευῖ
3190 3096 3427 3149 τέθειντο
3460 3099 3593 3168 πρὸς
3622 3102 3798 3170 ίερω-

2202 3182 2390 3255 σύνην,
2438 3185 2696 3256 ταύτῃτοι
2741 3186 2929 3255 σαφῶς
2960 3186 3045 3239 διὰ
3092 3187 3200 3241 τῶν
3228 3188 3370 3242 δυοῖν
3409 3192 3489 3253 εἰς
3531 3190 3628 3245 ἕνα
3654 3210 3800 3263 μορ-

2201 3274 2394 3342 φοῦται
2417 3274 2640 3347 Κύριον.
2674 3275 2884 3332 Οὐκοῦν
2912 3279 2959 3331 εί
2988 3278 3134 3347 λέγοι
3163 3279 3293 3343 Θεὸς
3328 3281 3457 3351 περὶ
3494 3282 3584 3334 τοῦ
3619 3285 3799 3354 Ζορο-

2200 3365 2391 3433 ϐάϐελ,
2432 3365 2509 3429 ὼς
2558 3384 2577 3417 ι
2610 3368 2674 3419 Ai
2724 3370 2904 3439 χεῖρες
2938 3368 3242 3439 Ζοροϐάϐελ
3288 3371 3655 3441 ἐθεμελίωσαν
3694 3375 3799 3428 τὸν

2198 3454 2345 3512 οἶκον
2375 3458 2583 3525 τοῦτον,
2616 3460 2711 3512 καὶ
2751 3461 2807 3512 at!
2837 3463 3018 3531 χεῖρες
3049 3461 3214 3514 αὐτοῦ
3245 3462 3650 3517 ἐπιτελέσουσιν
3684 3466 3796 3518 αῦ‹

2195 3550 2307 3613 τὸν,
2342 3570 2360 3602 ι
2400 3551 2812 3622 ἱστορικώτερον
2850 3553 2947 3622 μὲν
2982 3554 3067 3605 ἐπ’
3097 3554 3330 3617 ἐκείνου,
3356 3556 3572 3624 νοήσεις
3602 3556 3659 3608 δὲ
3690 3560 3796 3611 ἐπὶ

2197 3637 2433 3707 Χριστὸν
2470 3639 2696 3709 νοητῶς.
2724 3640 2897 3703 Αὐτὸς
2941 3641 3047 3713 γάρ
3097 3643 3253 3712 ἡμῶν
3295 3643 3485 3712 γέγονε
3513 3644 3791 3714 θεμέλιος,

514 3714 850 3781 damentum,
878 3729 933 3771 et
985 3735 1151 3789 super
1185 3722 1357 3790 ipsum
1391 3742 1581 3782 omnes
1637 3730 1995 3797 spiritualiter
2039 3734 2091 3788 in

2201 3727 2294 3780 καὶ
2325 3726 2474 3798 αὐτῷ
2501 3728 2703 3791 πάντες
2732 3729 3238 3800 ἐποικώομούμεθα
3265 3732 3671 3802 πνευματικῶς,
3703 3736 3792 3798 είς

514 3806 771 3874 templum
840 3820 1086 3866 sanctum
1140 3816 1391 3871 aedificati
1468 3834 1686 3888 sumus;
1758 3823 1872 3892 ipse
1935 3826 2087 3881 nobis

514 3898 678 3970 706
703 3902 1022 3971 principium
1053 3912 1107 3959 et
1148 3906 1272 3963 linis
1310 3919 1415 3964 est.
1480 3912 1589 3967 Nos
1649 3915 1793 3969 enim
1843 3919 2089 3972 sanctifi-

513 3999 662 4045 catos
685 3992 737 4044 in
764 3991 963 4061 Spiritu
986 4034 999 4058 ,
1030 3998 1457 4071 praeclarumque
1487 4013 1541 4057 et
1572 4016 1817 4060 sanctum
1873 4007 2087 4063 habita-

512 4080 689 4134 culum
744 4084 845 4138 sibi
903 4097 959 4140 et
1024 4087 1191 4154 Patri,
1235 4092 1410 4147 deleto
1464 4107 1686 4162 peccato
1743 4098 1985 4153 funditus
2036 4107 2090 4152 et

512 4176 854 4244 corruptione
886 4178 1107 4246 abolita,
1151 4182 1413 4238 exhibuit.
1448 4184 1566 4253 Ipse
1609 4188 1752 4241 enim
1805 4198 1888 4242 est
1930 4187 2089 4243 Jesus

511 4266 765 4321 sacerdos
796 4284 1039 4339 magnus,
1078 4282 1131 4327 et
1154 4285 1309 4330 sonat
1336 4277 1550 4345 quidem
1585 4276 1745 4334 Jesus
1774 4280 1920 4333 salus
1986 4297 2086 4350 po-

512 4353 642 4421 puli.
669 4356 758 4412 Sic
782 4376 1015 4433 namque
1068 4366 1282 4423 divinus
1343 4368 1562 4424 Gabriel
1625 4372 1693 4425 ad
1751 4370 2086 4441 Virginem:

519 4464 538 4498 ι
579 4448 642 4501 Et
689 4465 837 4519 ecce,
890 4457 1163 4527 concipies
1204 4460 1256 4513 in
1300 4470 1475 4524 utero,
1500 4471 1554 4516 et
1584 4463 1762 4532 paries
1792 4464 1983 4528 lilium,
2035 4476 2089 4521 et

510 4541 731 4596 vocabis
753 4559 951 4600 nomen
983 4546 1098 4615 ejus
1118 4546 1301 4604 Jesum
1339 4549 1424 4618 ⁸ος
1456 4553 1571 4621 ipse
1600 4553 1743 4607 enim
1769 4553 1976 4609 salvum
2011 4555 2089 4609 fa-

511 4631 619 4686 ciet
648 4636 899 4703 pupulum
932 4654 1087 4694 snum
1124 4656 1150 4693 a
1203 4644 1440 4710 peccatis
1488 4659 1676 4697 eorum
1714 4643 1779 4698 3‘.
1813 4664 1832 4698 ι
1865 4643 2091 4701 Josedec

510 4733 692 4779 autem
738 4729 979 4784 redditur
1022 4732 1235 4800 justitia
1288 4734 1402 4787 Dei.
1457 4732 1751 4790 Justiﬂcati
1815 4738 1958 4790 enim
2035 4739 2087 4791 in

510 4816 628 4883 ipso
670 4833 764 4886 per
788 4818 943 4874 fidem
963 4821 1033 4888 θ’,
1054 4832 1154 4876 eta
1186 4825 1435 4878 sordibus
1461 4835 1701 4880 veterum
1739 4837 2088 4895 peccatorum

512 4908 675 4963 abluti
721 4926 925 4965 sumus.
967 4913 1089 4981 Ipse
1143 4928 1241 4968 nos
1271 4916 1510 4984 captivos
1557 4917 1805 4973 liberavit
1856 4917 1927 4983 ⁸³,
1954 4932 2007 4973 et
2060 4934 2089 4973 a

510 5000 786 5067 servitute,
853 5018 1012 5073 quam
1075 5014 1256 5059 mente
1302 5008 1547 5076 capimus
1596 5024 1694 5064 nos
1754 5012 1971 5077 exemit,
2032 5022 2089 5066 et

510 5104 768 5161 tanquam
815 5110 877 5148 ex
924 5098 1209 5164 peregrina
1278 5108 1334 5152 et
1390 5100 1810 5170 alienigenarum
1845 5103 2081 5172 regione,

510 5200 580 5237 ex
636 5186 896 5242 diabolica
957 5190 1269 5246 seductione
1320 5194 1387 5247 ad
1440 5192 1535 5249 Dei
1590 5195 1971 5265 cognitionem,
2032 5204 2085 5250 et

511 5283 821 5330 sanctorum
859 5278 1130 5334 civitatem
1164 5283 1440 5351 eximiam,
1481 5299 1607 5341 vere
1687 5295 1926 5341 sanctam
1989 5286 2084 5341 Je-

513 5364 772 5431 rusalem,
838 5382 959 5437 qua:
1009 5382 1094 5426 est
1150 5372 1413 5441 Ecclesia,
1478 5377 1710 5432 reduxit.
1747 5377 2085 5447 Quapropter

513 5464 661 5512 recta
712 5466 769 5512 et
826 5460 1095 5532 inculpata
1146 5465 1270 5531 lide,
1316 5476 1372 5523 et
1434 5468 1694 5524 virtutum
1749 5469 2086 5524 ornamentis

512 5545 842 5616 hymnisque
860 5553 1060 5619 gratias
1094 5557 1379 5627 agentibus
1410 5574 1441 5613 a
1464 5560 1623 5615 nobis
1648 5570 1960 5616 coronatur.
2018 5557 2086 5611 Et

515 5650 733 5693 coronae
760 5641 973 5710 quidem
1002 5644 1105 5702 illa:
1162 5663 1340 5705 aureae
1385 5659 1441 5705 et
1495 5661 1758 5722 argentea:
1804 5658 1980 5713 erant,
2029 5657 2086 5705 et

2116 5057 2167 5117 D

2188 3818 2315 3873 ναὸν
2349 3818 2524 3887 ἅγιονσ
2576 3820 2740 3883 αὐτὸς
2763 3820 2922 3890 ἡμῶν
2959 3822 2993 3889 ἡ
3024 3822 3165 3892 ἀρχὴ
3197 3823 3290 3875 καὶ
3321 3823 3383 3876 τὸ
3417 3823 3606 3894 πέρας.
3630 3828 3791 3896 Παρ-

2192 3908 2370 3980 ίστησι
2401 3910 2508 3981 γὰρ
2541 3911 2689 3981 ἡμᾶς
2716 3910 3082 3981 ἡγιασμένους
3112 3913 3170 3964 ἐν
3204 3913 3497 3984 πνεύματι,
3531 3915 3791 3987 λαμπρόν

2187 4016 2249 4051 τε
2298 4001 2392 4053 καὶ
2445 4001 2587 4070 ἱερὸν
2639 4001 2962 4072 ἐνδιαίτημα
3010 4004 3188 4074 ἐαυτῴ
3235 4022 3295 4057 τε
3345 4006 3439 4059 καὶ
3472 4005 3549 4073 τῷ
3582 4007 3789 4079 Πατρὶ,

2191 4092 2607 4164 περιῃρημένης
2639 4094 2719 4155 είς
2751 4093 2899 4147 ἅπαν
2924 4094 3024 4164 τῆς
3048 4097 3342 4168 ἁμαρτίας,
3372 4100 3465 4151 καὶ
3495 4117 3788 4173 κατήργη-

2191 4181 2359 4250 μένης
2401 4183 2500 4252 τῆς
2530 4183 2754 4253 φθορᾶς.
2782 4185 2953 4248 Αὐτὸς
2987 4187 3095 4257 γάρ
3127 4190 3273 4241 ἐστιν
3312 4189 3516 4259 Ἰησοῦς
3546 4192 3723 4261 ἱερεὺς
3758 4196 3789 4246 ό

2171 4274 2384 4353 μέγας,
2423 4275 2515 4327 καὶ
2548 4275 2913 4346 ἑρμηνεύεται
2950 4278 3046 4347 μὲν
3072 4277 3280 4347 Ἰησοῦς
3308 4281 3569 4349 σωτηρία
3598 4283 3783 4337 λαοῦ.

2190 4364 2344 4418 Οὕτω
2372 4364 2481 4436 γὰρ
2510 4368 2606 4419 καὶ
2633 4369 2661 4418 ὁ
2690 4366 2979 4430 θεσπέσιος
3004 4368 3244 4439 Γαϐριὴλ
3285 4369 3419 4439 πρὸς
3448 4369 3546 4442 τὴν
3567 4371 3787 4441 Παρθέ-

2190 4473 2279 4511 νον
2314 4457 2478 4528 φησίν
2498 4473 2512 4486 °
2550 4476 2567 4508 ι
2603 4458 2712 4511 Καὶ
2748 4458 2855 4512 ἰδοὺ
2886 4458 3129 4530 συλλήψῃ
3161 4462 3219 4512 ἐν
3249 4461 3467 4530 γαστρὶ,
3491 4462 3582 4514 καὶ
3604 4463 3787 4528 τέξεις

2189 4549 2324 4614 υἱὸν,
2356 4553 2450 4603 καὶ
2479 4550 2727 4613 καλέσεις
2755 4551 2816 4602 τὸ
2843 4551 3014 4621 ὄνομα
3042 4549 3206 4603 αὐτοῦ
3230 4551 3459 4621 Ἰησοῦν⁹
3489 4552 3651 4615 αὐτὸς
3670 4555 3787 4623 γὰρ

2191 4640 2353 4695 σώσει
2402 4641 2492 4694 τὸν
2530 4641 2655 4695 λαὸν
2686 4642 2848 4695 αὐτοῦ
2872 4643 2981 4696 ἀπὸ
3029 4642 3139 4697 τῶν
3185 4643 3467 4714 ἁμαρτιῶν
3517 4645 3710 4698 αὑτοῦ.
3757 4667 3775 4697 ι

2202 4733 2447 4786 Ἰωσεδὲκ
2477 4733 2532 4786 δέ
2562 4736 2762 4788 νοεῖται
2787 4734 3142 4801 δικαιοσύνη
3175 4735 3345 4789 Θεοῦ.
3366 4735 3785 4805 Δεδικαιώμεθα

2188 4822 2299 4895 γὰρ
2324 4824 2382 4876 ἐν
2409 4823 2558 4893 αὐτῷ
2588 4823 2679 4877 διὰ
2710 4825 2967 4887 πίστεως,
2993 4825 3086 4877 καὶ
3110 4824 3216 4878 τῶν
3246 4826 3491 4895 ἀρχαίων
3518 4828 3783 4898 αἰτιαμά-

2188 4927 2296 4969 των
2334 4915 2426 4969 τὸν
2472 4916 2642 4987 ῥύπον
2672 4915 3078 4986 ἀπενιψάμεθα.
3112 4917 3284 4980 Αὐτὸς
3319 4919 3465 4987 ἡμᾶς
3492 4918 3774 4987 αἰχμαλώ-

2189 5024 2315 5070 τους
2350 5006 2509 5069 ὅντας
2554 5006 2838 5077 ἐρρύσατο,
2871 5007 2963 5059 καὶ
2996 5007 3096 5077 τῆς
3127 5006 3326 5077 νοητῆς
3358 5008 3600 5071 δουλείας
3631 5009 3781 5075 ἐξεί-

2195 5097 2336 5161 λετο,
2372 5098 2466 5151 καὶ
2492 5092 2692 5167 οἷάπερ
2743 5097 2802 5161 ἐξ
2850 5097 3155 5167 ἀλλοδαπῆς
3183 5097 3277 5150 καὶ⁵
3317 5097 3418 5166 τῆς
3458 5097 3780 5163 ἀλλοφύλων

2189 5190 2290 5258 τῆς
2316 5187 2700 5258 δαιμονιώδους
2743 5189 2958 5258 ἀπάτης
3007 5189 3406 5258 ἀνακεκόμικεν
3436 5190 3516 5251 είς
3540 5187 3779 5254 θεογνω-

2190 5280 2333 5342 σίαν,
2369 5280 2465 5333 καὶ
2507 5280 2587 5342 είς
2619 5279 2716 5350 τὴν
2749 5279 2856 5333 τῶν
2894 5280 3064 5348 ἁγίων
3098 5279 3434 5343 καλλίπολιν,
3466 5279 3567 5349 τὴν
3607 5277 3780 5345 ἁγίαν

2192 5370 2407 5442 ἀληθῶς
2441 5370 2826 5442 Ἰερουσαλὴμ,
2869 5373 2989 5442 ἥτις
3033 5373 3178 5425 ἐστὶν
3229 5373 3263 5442 ἡ
3301 5371 3619 5440 Ἐκκλησία.
3674 5370 3779 5424 Διὰ

2192 5464 2349 5518 τοῦτο
2371 5463 2727 5533 στεφανοῦται
2753 5465 2889 5536 πρὸς
2918 5464 3073 5535 ἡμῶν
3098 5464 3231 5536 ὀρθῇ
3258 5465 3353 5518 καὶ
3378 5462 3778 5535 ἀνεπιπλήκτῳ

2193 5557 2395 5622 πίστει,
2430 5558 2523 5611 καὶ
2566 5560 2680 5621 τοῖς
2728 5558 2808 5622 εἰς
2847 5558 3048 5630 ἀρετὴν
3095 5560 3430 5632 αὐχήμασιν,
3467 5557 3659 5628 ὕμνοις
3712 5574 3773 5611 τε

2187 5653 2300 5715 τοῖς
2328 5650 2720 5723 χαριστηρίοις.
2766 5652 2876 5707 Καὶ
2913 5653 2963 5706 oi
2999 5652 3097 5724 μὲν
3125 5653 3186 5708 τὸ
3213 5653 3469 5722 τηνικάδε
3512 5650 3778 5736 στέφανοι

586 5813 634 5850 ⁷⁸
672 5816 831 5877 Hebr.
880 5839 973 5891 vu,
1012 5826 1100 5883 96.
1179 5830 1221 5860 7°
1265 5828 1488 5885 Zachar.
1530 5846 1599 5896 tv,
1634 5829 1683 5885 9.
1763 5831 1805 5862 ⁸ο
1841 5829 1967 5886 Luc.
2014 5833 2096 5899 1,3

2236 5830 2278 5862 ”
2313 5827 2499 5884 Matth.
2541 5843 2579 5895 ι,
2614 5829 2701 5883 Ἡ.
2781 5830 2824 5860 ⁸³
2866 5829 3019 5883 Rom.
3056 5843 3106 5894 ν,
3133 5829 3179 5880 l.
3226 5827 3304 5871 ."
3345 5826 3520 5884 Galat.
3569 5841 3637 5892 ιν,
3683 5825 3773 5883 51.
