3936 6318
147 280 200 331 97
985 270 1541 329 COMMENTARIUS
1584 270 1649 324 IN
1691 271 2093 327 zacnamsn
2135 272 2577 329 ΡιιοιιιιιετΑιιι.
2998 244 3003 247 ’
3318 281 3390 338 98

147 392 320 464 χρυσοῖ
349 408 411 442 τε
446 386 616 460 ἦσαν,
639 392 733 443 καὶ
754 390 1008 461 ἀργυροῖ,
1034 390 1130 442 καὶ
1156 389 1216 453 ἐξ
1238 388 1728 458 ῦληςκατεσκευά-

1834 404 1898 443 ex
1931 390 2151 444 materia
2177 393 2410 459 peritura
2439 394 2656 447 ﬁebam.
2684 394 2883 463 Atquze
2905 408 2932 447 a
2971 394 3124 450 nobis
3153 399 3394 465 plectun-

148 488 281 549 ζοντο
307 484 408 553 τῆς
447 483 718 555 φθαρτῆς.
744 484 806 535 Ut
838 482 893 534 δέ
926 499 991 550 γε
1022 483 1156 553 πρὸς
1180 483 1211 551 ἡ
1221 480 1340 552 μῶν
1367 479 1729 550 πεπλεγμένοι

147 593 194 627 τε
227 575 315 626 καὶ
342 570 734 642 ἁνημ[μ]ένοι,
768 575 952 641 γήϊνον
979 571 1078 639 μὲν
1098 571 1313 640 ἔχουσιν
1328 570 1504 623 οὐδέν·
1543 569 1727 623 συντέ-

149 665 334 715 θεινται
366 662 426 715 δὲ
462 661 665 732 μᾶλλον
696 662 760 713 ὲκ
792 661 890 730 τῆς
923 661 1000 731 τῷ
1032 661 1150 731 Θεῷ
1194 661 1515 732 πρεπούσης
1548 661 1724 737 δόξης.

158 753 500 822 Ἀνατίθεμεν
520 753 626 822 γὰρ
649 751 796 821 αὐτῷ
812 752 1106 823 ὠςπχρυσὸν
1130 753 1247 823 μὲν,
1276 753 1384 806 τῶν
1414 769 1481 804 πε
1492 753 1543 821 pl.
1564 752 1726 804 αὑτοῦ

146 846 419 914 δογμάτων
453 844 556 913 τὴν
587 842 803 912 ἀπλανῆ
836 842 1101 912 Θεωρίαν·
1139 843 1215 906 ὡς
1251 843 1493 914 ἄργυρον
1519 843 1594 907 δὲ,
1628 841 1727 912 τὴν

146 939 199 1001 ἐξ
223 938 401 1007 ἔργων
450 935 676 1004 ἀγαθῶν
702 935 1035 1005 φαιδρότητα
1081 936 1299 1004 νοητήν.
1325 935 1479 987 Ἐστι
1535 932 1594 986 δὲ
1633 932 1725 985 καὶ

144 1029 332 1099 ἑτέρως
363 1026 631 1095 στέφανός
642 1034 705 1093 ςτε
730 1027 824 1080 καὶ
846 1026 971 1091 δόξα
1000 1025 1258 1096 Χριστοῦ,
1279 1025 1385 1077 τῶν
1410 1027 1538 1096 παρ’
1558 1023 1722 1077 αὑτοῦ

145 1115 497 1184 σεσωσμένων
530 1117 563 1184 ἡ
592 1114 857 1184 σωτηρία.
887 1113 1161 1168 Σέσωσται
1188 1114 1296 1185 γὰρ
1331 1116 1429 1167 οὐκ
1455 1114 1603 1177 ἔθνος
1640 1113 1719 1179 ἓν,

144 1204 388 1273 καθάπερ
435 1204 631 1273 ἀμέλει
686 1205 780 1256 καὶ
832 1204 1000 1259 πάλαι
1048 1205 1135 1258 διὰ
1160 1206 1456 1269 Μωσέωςὸ
1484 1204 1721 1277 Ἰσραὴλ,

143 1293 245 1343 ἀλλ’
289 1292 391 1361 ὅλη
428 1292 616 1345 λοιπὸν
652 1294 741 1346 ὑπ’
768 1294 996 1365 οὐρανόν
1016 1310 1029 1325 ·
1063 1295 1269 1366 ἔπρεπε
1301 1297 1409 1365 γὰρ
1438 1297 1530 1348 καὶ
1562 1296 1721 1348 τοῦτο

233 1385 681 1455 Χριστῷ.”Λθρει
710 1386 788 1453 δὲ,
820 1388 967 1451 ὅπως
1001 1388 1148 1459 παρά
1178 1388 1284 1441 τῶν
1312 1388 1598 1459 χρησίμων
1621 1390 1719 1441 αὐ-

143 1476 231 1542 τῆς
271 1475 365 1525 καὶ
411 1474 521 1527 τῶν
574 1475 965 1543 ὲπεγνωκότων
1014 1477 1191 1547 ,αὐτὴν
1236 1478 1303 1531 τά
1361 1480 1441 1541 είς
1484 1477 1581 1547 τὴν
1611 1479 1718 1532 τῶν

148 1567 419 1633 στεφάνων
447 1568 793 1637 κατασκευὴν
825 1569 1305 1638 προσκομίζονται.
1339 1570 1401 1622 Οἱ
1439 1569 1547 1640 γὰρ
1576 1569 1718 1622 λαῶν

147 1657 451 1726 ἡγούμενοι,
475 1659 570 1710 καὶ
589 1659 669 1720 εὶς
689 1659 859 1730 ἀρχὰς
880 1659 1185 1729 τεθειμένοι
1206 1660 1305 1723 τὰς
1328 1646 1539 1713 τοιάσδε
1568 1661 1719 1731 παρά

1835 481 2422 551 turimponunturque,
2472 494 2741 538 terrenum
2798 485 2930 539 nihil
2974 488 3207 541 habent:
3263 491 3392 559 quin

1829 571 2008 638 potius
2041 586 2107 626 ex
2141 573 2305 641 gloria
2342 576 2449 630 Deo
2477 576 2632 646 digna
2662 579 2968 647 composita:
3010 588 3153 634 sunt.
3182 580 3391 635 Etenim

1830 660 1948 717 loco
1980 664 2096 717 auri
2147 664 2454 734 dogmatum
2485 668 2551 721 de
2590 668 2707 735 ipso
2730 684 2912 723 veram
2945 678 3257 740 certamque
3303 670 3390 725 in~

1830 752 2208 822 telligentiam,
2256 757 2463 825 argenti
2499 765 2674 811 autem
2696 773 2759 810 ex
2788 758 2942 813 bonis
2979 760 3231 828 operibus
3254 762 3394 815 nito-

1826 856 1939 896 rem
1965 845 2146 898 animo
2165 846 2539 913 aspectabilem
2568 846 2863 901 olferimns.
2894 848 2983 902 Est
3015 850 3169 904 aliter
3196 866 3390 906 corona

1826 942 1879 986 et
1909 933 2077 1003 gloria
2103 933 2305 989 Christi
2342 935 2668 990 salvatorum
2698 940 2765 991 ab
2806 939 2922 1006 ipso
2983 939 3149 995 salus.
3179 941 3390 995 Salvata

1824 1031 1909 1078 est
1926 1027 2068 1078 enim
2094 1041 2198 1080 non
2234 1041 2338 1079 una
2363 1043 2516 1097 gens,
2551 1028 2998 1097 quemadmodum
3034 1031 3239 1085 scilicet
3262 1032 3390 1086 olim

1823 1126 1924 1180 per
1951 1112 2133 1168 Mosen
2164 1114 2349 1180 lsrael,
2408 1117 2501 1170 sed
2534 1118 2795 1186 quidquid
2836 1121 2995 1173 etiam
3021 1124 3258 1189 gentium
3292 1125 3393 1177 sub

1829 1201 1968 1257 cmlo
2002 1214 2121 1257 est:
2149 1204 2251 1259 hoc
2269 1206 2467 1274 quippe
2488 1206 2762 1261 Christum
2798 1208 3045 1264 decebat.
3086 1209 3203 1265 Jam
3252 1230 3394 1268 nunc

1824 1292 1967 1356 vide,
2006 1299 2276 1363 quomodo
2297 1297 2364 1350 ab
2392 1297 2609 1351 utilibus
2667 1299 2804 1368 ejus,
2855 1310 2910 1354 et
2964 1301 3046 1355 his
3082 1304 3172 1371 qui
3200 1317 3394 1373 cogno-

1822 1395 2014 1438 verunt
2037 1402 2154 1440 eam
2179 1389 2244 1441 ad
2280 1403 2531 1443 coronam
2555 1390 2886 1446 elﬁciendam
2938 1396 3239 1449 necessaria
3268 1413 3396 1452 con-

1818 1477 2086 1531 ferantur.
2117 1477 2394 1547 Principes
2420 1481 2563 1534 enim
2594 1482 2804 1551 populi,
2832 1494 2885 1537 ct
2916 1485 2967 1537 in
2992 1484 3394 1554 inagistratibus

1820 1567 2127 1635 huiusmodi
2174 1584 2202 1621 a
2237 1567 2545 1634 Deolocati,
2602 1581 2657 1625 et
2711 1572 2905 1640 quibus
2957 1574 3192 1643 antiqua:
3223 1578 3394 1644 capti-

1818 1660 2002 1714 vitatis
2038 1668 2231 1713 nostrm
2260 1662 2397 1715 ratio
2424 1671 2549 1715 nota
2581 1673 2682 1726 est,
2716 1666 2916 1733 quique
2977 1666 3134 1719 utiles
3168 1678 3291 1720 sunt
3325 1668 3390 1721 li-

147 1746 291 1811 Θεοῦ,
323 1748 417 1799 καὶ
450 1747 503 1798 οἱ
530 1746 621 1799 τὸν
646 1749 745 1819 τῆς
784 1750 1019 1819 ἀρχαίας
1050 1750 1207 1819 ἡμῶν
1236 1750 1610 1821 αἰχμαλωσίας
1648 1752 1718 1803 είς

1832 1751 2021 1805 aeratis
2049 1760 2106 1805 ut
2137 1753 2322 1815 duces,
2347 1762 2413 1819 .et
2441 1754 2683 1821 magistri
2712 1756 3184 1810 adadtnonendum
3215 1768 3269 1811 et
3299 1760 3393 1812 de-

146 1837 286 1899 δότες
333 1838 557 1907 τρόπον,
593 1838 853 1908 χρήσιμοί
900 1857 958 1891 τε
1007 1844 1118 1903 τοῖς
1167 1841 1610 1912 λελυτρωμένοις,
1641 1842 1716 1907 ὡς

149 1926 469 1996 καθηγηταὶ,
496 1927 593 1980 καὶ
616 1927 922 1980 διδάσκαλοι
968 1931 1061 1982 καὶ
1092 1931 1359 1983 νουθετεῖν
1388 1932 1480 1984 καὶ
1505 1933 1714 1984 ἀποκο-

152 2018 317 2087 μίζειν
355 2015 414 2071 εὖ
454 2018 601 2088 μάλα
646 2020 780 2088 πρὸς
831 2021 1210 2091 ὲννομωτάτην
1259 2021 1424 2094 ζωὴν,
1454 2025 1605 2077 αὐτοὶ
1648 2024 1715 2077 τὰ

148 2111 277 2181 ὑπὲρ
312 2111 569 2163 ἁπάντων
617 2111 948 2181 προσάγουσι
993 2112 1162 2181 δῶρα,
1195 2114 1262 2165 τὰ
1302 2114 1410 2167 τῶν
1441 2114 1717 2167 ἀδυνάτων

148 2202 496 2271 ἀσθενήματα
546 2202 882 2272 πληροῦντες
924 2203 990 2256 δι’
1021 2204 1717 2275 ὲαυτῶν.Ἐπιτεθειμένων

147 2293 200 2345 δὲ
228 2294 336 2347 τῶν
372 2293 654 2363 στεφάνων
708 2296 800 2347 ἐπὶ
851 2293 948 2364 τὴν
993 2296 1234 2366 κεφαλὴν
1267 2296 1467 2366 Ἰησοῦ,
1500 2298 1716 2366 λέγεται

150 2387 277 2456 πρὸς
321 2387 487 2440 αὑτὸν
532 2388 659 2458 περὶ
692 2388 784 2440 τοῦ
820 2388 1157 2459 Ζοροϐάϐελχ
1180 2409 1197 2441 ι
1222 2390 1350 2444 Ἰδοὺ
1387 2392 1545 2463 ἀνὴρ,
1565 2394 1720 2445 Ἀνα-

150 2478 264 2548 τολὴ
299 2478 472 2547 ὄνομα
502 2477 671 2548 αὐτῷ,
703 2478 796 2530 καὶ
826 2478 1173 2532 ὑποκάτωθεν
1206 2479 1370 2532 αὑτοῦ
1397 2482 1660 2536 ἀνατελεῖ.
1693 2501 1713 2534 ι

152 2569 407 2622 Τεθέαται
454 2568 546 2621 τὸν
572 2568 781 2640 Ἰησοῦν
815 2570 1246 2641 στεφανούμενον
1298 2572 1372 2635 ὡς
1422 2573 1589 2643 ἱερέα,
1625 2575 1719 2627 καλ⁵

150 2662 450 2732 προῦχοντα
466 2661 522 2713 δὲ
538 2663 640 2732 ὁρᾷ
656 2662 817 2715 πάλιν
840 2663 998 2715 αὑτὸν
1021 2664 1095 2725 ὡς
1125 2663 1181 2715 ἐν
1208 2680 1271 2731 γε
1296 2664 1372 2733 τῷ
1394 2665 1718 2735 Ζοροϐάϐελ,

151 2755 236 2805 καὶ
260 2756 317 2805 έν
337 2752 469 2824 δόξῃ
484 2755 550 2822 τῇ
581 2752 851 2823 βασιλικῇ.
888 2752 1051 2816 Σύνες
1080 2754 1167 2823 δὴ,
1198 2755 1279 2806 ὅτι
1304 2754 1469 2816 αὑτός
1504 2756 1652 2807 ἐστιν
1684 2758 1718 2825 ἡ

162 2845 439 2915 Ἀνατολὴ,
474 2845 741 2913 τουτέστι,
775 2846 836 2898 τὸ
881 2845 1186 2915 βλάστημα,
1223 2847 1353 2916 περὶ
1396 2839 1455 2898 οῦ
1501 2863 1665 2917 φησιν
1695 2848 1724 2900 6

149 2938 434 3000 θεσπέσιος
479 2937 738 3000 Ἠσαῖας·
777 2956 795 2989 ι
818 2937 1091 2991 Ἀνατελεῖ
1117 2937 1309 3008 ῥάϐδος
1335 2938 1399 2991 ὲκ
1427 2938 1526 3006 τῆς
1570 2937 1723 3008 ῥίζης

160 3030 374 3094 Ἰεσσαὶ,
396 3029 493 3082 καὶ
513 3029 670 3091 ἀνθος
696 3031 761 3081 ὲκ
785 3028 883 3099 τῆς
909 3029 1062 3099 ῥίζης
1091 3029 1442 3099 ἀναϐήσεται.
1471 3047 1490 3080 ›
1513 3030 1726 3085 Ἀνεθά-

149 3117 308 3184 λομεν
338 3117 397 3170 δὲ
436 3120 598 3187 ἡμεῖς
636 3117 894 3170 ὑποκάτω
922 3117 1106 3172 αὐτοῦ.
1126 3118 1275 3183 Ῥίζα
1315 3118 1423 3189 γὰρ
1451 3119 1674 3187 γέγονεν
1701 3121 1730 3172 6

150 3206 381 3274 Χριστὸς
433 3205 534 3273 τῆς
589 3205 1026 3277 ἀνθρωπότητος,
1057 3208 1176 3277 ἡτοι
1208 3209 1315 3264 τῶν
1363 3209 1450 3263 διὰ
1498 3212 1730 3275 πίστεως

153 3295 505 3365 κεκλημένων
544 3295 794 3366 δευτέρα,
822 3298 916 3348 καὶ
967 3298 1027 3349 οὐ
1083 3298 1225 3351 κατά
1267 3315 1330 3366 γε
1361 3299 1459 3369 τὴν
1487 3299 1728 3370 πρώτην,

153 3388 291 3456 φημὶ
337 3386 402 3457 δὴ
433 3388 525 3439 τὸν
550 3387 742 3456 Ἀδὰμ,
775 3388 887 3441 ἀλλ’
923 3390 980 3442 ὲν
1020 3389 1297 3458 ἀμείνοσιν
1346 3392 1691 3461 ἀσυγκρίτως
1712 3406 1728 3422 ⁶

156 3478 482 3548 ἀνεθάλομεν
532 3478 641 3548 γὰρ
686 3482 764 3541 είς
799 3478 1005 3551 φθορὰν
1045 3481 1228 3533 οὐκέτι
1274 3483 1369 3535 καὶ
1397 3484 1476 3545 είς
1506 3482 1733 3536 θάνατον

157 3568 239 3620 διὰ
258 3568 357 3638 τὴν
387 3570 551 3639 ἀρὰν,
588 3569 704 3623 ἀλλ’
734 3572 811 3633 εἰς
836 3570 979 3640 ζωήν
1007 3587 1066 3623 τε
1094 3572 1185 3624 καὶ
1217 3571 1543 3644 ἀφθαρσίαν,
1580 3575 1734 3643 ῥίζαν

160 3659 366 3728 ἔχοντες
416 3658 518 3729 τὴν
567 3659 731 3729 ζωὴν,
781 3660 1047 3723 τουτέστι,
1095 3661 1346 3730 Χριστόν.
1395 3662 1503 3713 Καὶ
1549 3660 1734 3732 ὥσπερ

163 3750 301 3802 ἐστὶν
334 3750 500 3812 αὐτὸς
548 3747 648 3819 μὲν
694 3752 731 3825 ἡ
774 3749 1036 3820 ἄμπελος,
1071 3752 1231 3821 ἡμεῖς
1270 3750 1325 3802 δὲ
1361 3750 1429 3803 τὰ
1461 3752 1731 3821 κλήματα,

168 3840 605 3910 προσπεφυκότες
628 3840 775 3910 αὐτῷ
803 3841 887 3895 διὰ
914 3841 1013 3911 τῆς
1043 3843 1099 3894 ὲν
1125 3841 1401 3911 Πνεύματι
1426 3843 1730 3904 κοινωνίαςο

167 3931 298 3985 οὕτω
346 3932 440 3984 καὶ
481 3932 677 4001 ῥάϐδος
720 3933 814 3985 καὶ
869 3933 1151 4004 βλάστημα
1207 3934 1303 4002 μὲν
1352 3933 1535 3999 αὐτὸς,
1572 3933 1737 4004 ἤγουν

170 4024 288 4093 φυὴ.
308 4024 400 4075 καὶ
422 4024 676 4094 ἀνατολὴ,
706 4025 866 4093 ἡμεῖς
894 4024 948 4076 δὲ
973 4025 1058 4078 ἐπ’
1085 4024 1234 4095 αὐτῷ
1266 4025 1734 4095 βεϐλαστήκαμεν,

169 4114 255 4163 καὶ
285 4113 619 4183 ἁνεθάλομεν
668 4117 747 4178 εἰς
776 4115 1211 4186 ἀφθαρσίαν,·ι.ἱ›ς
1249 4117 1405 4185 ἔφην,
1439 4118 1533 4170 καὶ
1567 4115 1734 4189 ζωήν.

168 4203 330 4266 Αὐτὸς
376 4204 697 4275 ᾠκοδόμησε
753 4206 845 4259 τὸν
890 4202 1037 4260 οἷκον
1076 4208 1302 4278 Κυρίου.
1339 4209 1496 4261 Ἔστι
1540 4209 1597 4262 δὲ
1642 4210 1739 4263 καὶ

172 4293 375 4364 ἀπάσης
426 4294 679 4363 ἔμπλεως
731 4295 953 4367 ἀρετῆς,
998 4297 1296 4361 τουτέστιν,
1349 4297 1595 4362 εὐκλείας
1639 4299 1739 4369 τῆς

1820 1844 2120 1896 ducendum
2164 1844 2473 1899 rectissimo
2498 1846 2692 1899 itinere
2726 1848 2791 1899 ad
2824 1847 2990 1900 vitam
3024 1849 3231 1916 legibus
3257 1865 3392 1903 con-

1819 1932 2277 2001 gruentissimam,
2336 1933 2435 2001 ipsi
2491 1932 2633 1986 dona
2699 1935 3077 2002 proomnibus
3132 1934 3388 1997 oﬁerunt,

1819 2022 2159 2078 inﬁrmitates
2182 2023 2527 2079 imbecillium
2562 2040 2656 2093 per
2690 2041 2747 2080 se
2774 2026 3078 2095 explentes.
3113 2030 3391 2097 Impositis

1820 2122 1996 2165 autem
2035 2114 2251 2167 coronis
2311 2128 2476 2183 super
2528 2126 2694 2184 caput
2751 2116 2898 2182 Jesu,
2950 2120 3014 2172 de
3064 2118 3394 2174 Zorobabele

1821 2202 1892 2256 illi
1925 2204 2121 2257 dicitur
2151 2220 2162 2254 :
2196 2223 2213 2255 ι
2248 2205 2388 2258 Ecce
2421 2206 2521 2272 vir,
2550 2206 2744 2262 Oriens
2773 2224 2963 2262 nomen
2998 2210 3096 2273 illi,
3125 2220 3177 2263 et
3207 2210 3393 2264 subter

1818 2308 1940 2347 eum
1972 2296 2264 2349 exorietur.
2299 2314 2317 2347 ι
2348 2294 2493 2350 Vidit
2523 2296 2709 2352 Jesum
2732 2311 3043 2355 coronatum
3071 2313 3127 2355 ut
3149 2305 3395 2357 sacerdo-

1822 2391 1950 2445 tem,
1982 2391 2037 2436 ct
2070 2399 2257 2438 rursus
2287 2386 2534 2439 eumdem
2582 2388 2995 2455 prtecellentem,
3046 2400 3101 2445 et
3140 2392 3193 2444 in
3221 2391 3393 2459 gloria

1820 2475 1982 2543 regali
2009 2476 2174 2540 videt,
2207 2486 2264 2529 ut
2297 2478 2346 2529 in
2377 2476 2692 2532 Zorobabel.
2727 2480 2886 2549 707
2946 2482 3188 2549 lntcllige
3234 2486 3394 2552 igitur

1821 2566 1994 2634 ipsum
2026 2582 2149 2621 esse
2171 2568 2473 2631 Orientem,
2549 2570 2649 2623 hoc
2682 2580 2784 2632 est,
2809 2588 3051 2637 germen,
3089 2574 3153 2626 de
3175 2591 3283 2643 quo
3312 2577 3392 2629 di-

1823 2658 1979 2712 vinus
2008 2655 2171 2711 Isaias
2205 2676 2217 2711 :
2256 2677 2273 2708 ι
2301 2658 2589 2713 Exorietur
2613 2660 2760 2728 virga
2794 2663 2859 2716 de
2886 2664 3067 2717 radice
3108 2665 3279 2731 Jesse,
3337 2678 3395 2723 et

1822 2745 1920 2802 llos
1944 2749 2009 2803 de
2037 2750 2215 2803 radice
2244 2751 2358 2820 ejus
2388 2752 2643 2805 ascendet
2677 2752 2747 2805 ⁸³.
2806 2771 2825 2802 ι
2882 2751 3392 2823 Regerminavimus

1822 2836 1968 2890 enim
2007 2852 2104 2891 nos
2137 2838 2321 2892 subter
2345 2854 2491 2893 eum.
2551 2838 2720 2893 Radix
2769 2841 2967 2909 quippe
3003 2842 3103 2894 fuit
3148 2842 3397 2899 Christus

1824 2928 2074 2982 humanae
2098 2938 2320 2994 naturae,
2350 2931 2462 2983 sive
2501 2945 2598 2999 per
2654 2931 2814 2985 ﬁdem
2867 2943 3174 2988 vocatorum
3204 2935 3395 3000 altera,

1831 3034 1937 3073 non
1964 3020 2255 3072 secundum
2293 3020 2521 3088 primam
2559 3021 2973 3086 humanitatem,
3026 3025 3287 3078 Adamum
3322 3026 3399 3079 vi-

1832 3108 2045 3174 delicet,
2071 3112 2164 3165 sed
2192 3112 2328 3163 citra
2357 3113 2814 3178 comparationem
2875 3116 3216 3179 praestantior
3251 3134 3265 3169 :
3313 3130 3399 3169 re-

1833 3201 2254 3269 germinavimus
2308 3203 2571 3270 siquidem
2596 3218 2699 3256 non
2734 3202 2964 3271 amplius
2993 3205 3042 3256 in
3087 3206 3396 3273 corruptio-

1834 3304 1956 3343 nem
1984 3298 2039 3344 et
2086 3300 2315 3344 mortem
2352 3301 2569 3359 propter
2616 3292 3070 3357 maledictionem,
3110 3295 3203 3349 sed
3240 3298 3291 3349 in
3324 3297 3401 3350 vi-

1835 3390 1944 3435 tam
1977 3391 2031 3436 et
2062 3383 2555 3450 incorruptionem,
2595 3383 2832 3453 radicem.
2896 3386 3158 3440 habentes
3204 3387 3392 3454 vitam,

1834 3472 1936 3527 hoc
1965 3482 2068 3539 est,
2097 3472 2392 3526 Christum.
2431 3472 2499 3526 Et
2525 3476 2663 3527 sicut
2712 3475 2823 3545 ipse
2848 3485 2931 3528 est
2957 3476 3101 3536 vitis.
3147 3494 3244 3531 nos
3302 3494 3401 3531 au-

1835 3574 1943 3618 tem
1979 3564 2314 3635 palmites”,
2372 3566 2556 3637 agnati
2622 3565 2698 3621 illi
2752 3571 3292 3636 percommunionem
3348 3574 3401 3626 in
3484 3556 3497 3563 ’

1838 3654 2079 3723 Spiritu:
2114 3656 2187 3708 ita
2212 3654 2458 3727 etvirga,
2486 3666 2540 3712 et
2561 3672 2782 3727 germen
2815 3660 2949 3728 ipse,
2975 3662 3089 3714 sive
3118 3662 3403 3728 productio

1835 3752 1890 3799 et
1917 3745 2121 3810 oriens,
2146 3760 2243 3800 nos
2267 3756 2447 3801 autem
2470 3762 2633 3817 super
2686 3750 2801 3817 ipso
2848 3751 3294 3817 germinavimus,
3350 3762 3405 3807 et

1838 3834 2178 3891 reﬂoruimtts
2229 3837 2281 3890 in
2336 3838 2793 3906 incorruptionem
2838 3848 2892 3893 et
2922 3841 3122 3905 vitam,
3164 3851 3222 3894 ut
3271 3842 3403 3899 dixi.

1837 3925 1957 3995 Ipse
1976 3924 2497 3981 aediﬁcavitdomum
2549 3927 2780 3983 Domini.
2847 3928 2942 3985 Est
2990 3945 3150 3999 porro
3176 3943 3227 3985 et
3256 3935 3403 3987 omni

1836 4016 2037 4076 virtute
2063 4022 2270 4091 plenus,
2301 4022 2401 4077 hoc
2434 4031 2538 4086 est,
2590 4022 2759 4091 gloria
2813 4023 2919 4078 Deo
2950 4026 3180 4078 maxime
3206 4040 3405 4081 conve-

1839 4109 2042 4165 niente.
2085 4128 2104 4161 ι
2143 4108 2530 4179 Operuitenim
2593 4110 2758 4165 caelos
2802 4113 2972 4166 virtus
3002 4114 3137 4182 ejus,
3162 4116 3405 4170 etlaudis

1839 4200 1955 4270 ejus
1977 4201 2129 4272 plena
2161 4212 2246 4257 est
2271 4213 2438 4269 terra,
2463 4220 2481 4253 ι
2502 4211 2559 4255 ιιι
2584 4201 2745 4257 habet
2774 4206 3034 4273 propheta
3064 4198 3403 4273 Habacnc“.

1841 4291 2042 4347 Scribit
2080 4293 2205 4345 item
2240 4290 2435 4344 alicubi
2474 4290 2691 4359 sapiens
2752 4288 3029 4346 Joannes:
3096 4310 3115 4343 ι
3168 4291 3408 4347 Vidimus

169 4384 277 4453 θεῷ
323 4385 808 4456 πρεπωδεστάτης.
850 4404 869 4437 ι
913 4387 1181 4457 Ἐκάλυψε
1217 4388 1326 4456 γὰρ
1355 4389 1613 4459 οὐρανοὺς
1645 4391 1728 4442 καὶ

1842 4381 2071 4452 gloriam
2119 4380 2254 4449 ejus,
2279 4380 2503 4450 gloriam
2536 4381 2688 4449 quasi
2730 4380 3004 4448 Unigeniti
3029 4396 3059 4435 a
3083 4382 3261 4450 Patre,
3296 4385 3408 4452 ple-

171 4476 326 4545 ἁρετὴ
357 4475 543 4539 αὐτοῦ,
578 4477 671 4529 καὶ
693 4476 795 4546 τῆς
827 4477 1085 4541 αἰνέσεως
1116 4477 1281 4531 αὐτοῦ
1308 4479 1520 4549 πλήρης
1543 4481 1576 4549 ἡ
1607 4479 1732 4549 γῆ,›

174 4564 303 4618 καθά
333 4583 497 4636 φησιν
526 4569 556 4619 6
582 4569 867 4638 προφήτης
895 4567 1229 4639 Ἀϐϐακούμ.
1271 4570 1520 4641 Γέγραφε
1546 4572 1604 4624 δέ
1636 4588 1739 4625 που

173 4656 255 4707 καὶ
302 4660 331 4710 6
378 4658 544 4725 σοφὸς
574 4658 851 4728 Ἰωάννης,
884 4660 967 4712 ὅτι
1024 4679 1043 4710 ι
1072 4660 1388 4730 Τεθεάμεθα
1440 4662 1537 4733 τὴν
1585 4661 1743 4726 δόξαν

172 4745 347 4810 αὑτοῦ,
398 4747 559 4812 δόξαν
591 4748 666 4811 ὠς
701 4748 1039 4816 Μονογενοῦς
1070 4750 1220 4820 παρὰ
1254 4751 1487 4821 Πατρὸς,
1531 4752 1742 4823 πλήρης

172 4838 379 4907 χάριτος
408 4841 501 4891 καὶ
535 4839 819 4909 ἀληθείας.
850 4858 868 4889 ι
925 4840 1228 4893 Κεκάθικεν
1261 4842 1355 4893 ἐπὶ
1396 4841 1609 4910 θρόνου,
1650 4842 1739 4911 βε-

173 4928 478 4982 ϐασίλευκεν
508 4930 586 4992 ὡς
612 4930 764 4993 Θεὸς,
793 4931 887 4983 καὶ
914 4930 1028 4983 ἔστι
1056 4931 1307 5002 σύνεδρος
1349 4930 1427 5002 τῷ
1474 4931 1588 5003 ἰδίῳ
1627 4933 1739 4986 Πα-

174 5023 273 5090 τρὶ,
300 5024 394 5076 καὶ
424 5022 799 5094 συγκατάρχει
825 5022 933 5075 τῶν
958 5023 1243 5076 ὃλων.’⁷οτι
1271 5023 1327 5076 δὲ
1353 5023 1662 5095 Ζοροϐάϐελ
1678 5041 1740 5076 τε

178 5114 261 5163 καὶ
290 5115 496 5179 Ἰησοῦς
527 5115 783 5185 ἀλλήλοις
810 5113 998 5184 ὥσπερ
1042 5116 1122 5178 είς
1155 5114 1382 5187 ἑνότητα
1409 5113 1743 5185 συνημμένοι

178 5210 610 5278 κατασημήνειαν
640 5202 700 5260 εὖ
735 5206 878 5275 μάλα
918 5206 1171 5275 Χριστὸν,
1202 5206 1369 5271 ἔδειξε
1411 5207 1743 5277 προστιθεὶς,

176 5295 239 5359 ὡς
278 5300 397 5370 περί
425 5318 489 5368 γε
519 5299 619 5353 τοῦ
654 5299 987 5368 Ζοροϐάϐελ·
1042 5319 1061 5351 ι
1090 5300 1199 5352 Καὶ
1233 5299 1382 5353 ἔσται
1414 5301 1441 5352 6
1472 5300 1647 5371 ἱερεὺς
1681 5303 1745 5353 ὲκ

173 5384 340 5449 δεξιῶν
370 5390 561 5457 αὐτοῦ,
600 5407 619 5441 ι
658 5388 955 5457 τουτέστιν,
975 5389 1033 5442 ὲν
1060 5393 1192 5461 τιμῇ
1220 5407 1279 5444 τε
1306 5390 1400 5444 καὶ
1426 5389 1570 5461 δόξῃ.
1597 5408 1615 5441 ι
1636 5390 1747 5444 Καὶ

172 5476 313 5552 βουλὴ
341 5481 602 5554 εἰρηνικὴ
632 5480 792 5533 ἔσται
833 5480 935 5534 ἀνὰ
968 5482 1130 5550 μέσον
1162 5481 1507 5553 ἀμφοτέρων.
1540 5500 1558 5532 ι
1590 5481 1747 5562 Ἔστι

220 5658 261 5691 ⁸⁸
293 5659 393 5719 lsa.
442 5678 520 5725 ιι,
570 5660 627 5715 1.
708 5656 762 5690 ⁸⁸
792 5656 946 5711 Joan.
988 5673 1075 5722 xv,
1108 5660 1160 5715 5.
1235 5661 1280 5691 ⁸⁸
1314 5660 1512 5715 llahac.
1563 5677 1640 5725 ιιι,
1684 5660 1735 5713 5.

1842 4490 1967 4529 num
1994 4474 2179 4543 gratiae
2222 4482 2275 4527 et
2316 4473 2557 4527 veritatis
2605 4473 2673 4526 ⁸⁷.
2738 4493 2756 4525 ι
2804 4473 2947 4527 Sedit
3000 4490 3159 4542 super
3196 4476 3408 4539 throno,

1843 4565 2087 4635 regnavit
2119 4563 2359 4627 utDeus,
2396 4572 2450 4616 et
2484 4564 2683 4641 assidet
2715 4562 2823 4617 Deo
2855 4564 3090 4625 Patri,et
3122 4565 3278 4617 simul
3309 4567 3408 4619 im—

1846 4664 1995 4724 perat
2021 4653 2293 4707 omnibus.
2330 4650 2628 4705 Zorobabel
2650 4659 2827 4704 autem
2879 4660 2932 4705 et
2963 4649 3146 4704 Jesum
3176 4650 3317 4704 inter
3351 4665 3411 4705 se

1845 4754 1901 4800 ut
1956 4744 2021 4798 ad
2064 4743 2323 4797 unitatem
2379 4741 2692 4811 coniunctos
2762 4743 3042 4810 aptissime
3109 4743 3411 4812 signiﬁcare

1843 4836 2116 4891 Christum
2145 4848 2324 4904 posse,
2381 4835 2615 4889 ostendit
2670 4836 2810 4902 quod
2869 4834 3018 4887 addit
3048 4842 3305 4903 tanquam
3340 4834 3408 4889 de

1844 4927 2141 4985 Zorohahel
2167 4944 2181 4981 :
2216 4947 2235 4979 ι
2281 4927 2347 4980 Ει
2373 4928 2476 4981 erit
2508 4927 2763 4982 sacerdos
2788 4942 2818 4980 a
2850 4927 3053 4983 dextris
3083 4925 3219 4995 ejus,
3260 4945 3280 4977 ι
3312 4928 3413 4982 hoc

1846 5030 1950 5085 est,
1999 5020 2050 5074 in
2085 5021 2288 5075 honore
2307 5028 2359 5073 et
2386 5019 2579 5088 gloria.
2629 5039 2648 5072 ι
2688 5020 2756 5075 Ει
2802 5021 3085 5076 consilium
3132 5021 3411 5090 paciﬁcum

1849 5111 2112 5165 eritinter
2160 5118 2469 5178 utrumque.
2502 5128 2521 5162 ι
2556 5109 2652 5165 Est
2688 5111 2829 5166 enim
2860 5111 3069 5177 ipse,ut
3100 5110 3212 5178 jam
3234 5110 3411 5173 docui,

1854 5218 1945 5258 rex
1980 5202 2137 5257 simul
2170 5210 2222 5256 et
2250 5218 2494 5258 summus
2528 5203 2799 5266 sacerdos,
2827 5211 2883 5255 ut
2910 5218 3005 5269 per
3031 5203 3163 5255 duos
3182 5215 3278 5270 pro
3308 5216 3416 5254 uno

1852 5293 2200 5348 Etnmanuele
2227 5302 2564 5347 numeratus.
2610 5292 2989 5347 Verumtamen
3032 5306 3137 5347 non
3211 5291 3420 5346 carebit

1852 5387 2100 5441 mercede
2130 5385 2282 5440 labor
2312 5385 2589 5439 Christum
2623 5382 3032 5439 coronantium:
3085 5382 3178 5438 sed
3208 5380 3413 5437 [ructus

1854 5476 1976 5531 inde
2011 5486 2297 5545 perceptus
2323 5476 2527 5531 creabit
2554 5474 2967 5530 eismemoriam
3000 5474 3413 5543 sempiternam.

1847 5657 1888 5688 ’τ
1929 5656 2082 5711 Joan.
2127 5673 2160 5723 I,
2212 5658 2295 5708 ll.
