3936 6318
563 269 629 325 99
1584 252 1643 309 S.
1682 250 1956 306 CYRILLI
1996 249 2462 308 ALEXANDRINI
2503 252 2820 309 ARCHIEP.

3708 260 3808 317 100

567 383 705 437 Vera
739 393 900 450 porro
956 391 1016 432 se
1064 374 1246 430 dicere
1294 369 1599 435 conﬁrmat,
1659 384 1780 424 cum
1826 368 2070 437 adjungit
2112 385 2124 420 :

2237 368 2341 438 γὰρ
2378 369 2653 435 αὐτὸς,ὼς
2686 371 2785 442 ἤδη
2831 371 3115 441 προεῖπον,
3162 368 3416 439 βασιλεύς
3436 388 3496 424 τε
3544 372 3658 444 ἅμα
3714 378 3804 427 καὶ

570 492 589 525 ι
624 472 835 527 Corona
870 478 1047 523 autem
1071 466 1175 520 erit
1199 462 1659 533 ex5pectantibus,
1678 470 1730 515 et
1754 460 1974 513 utilibus
1994 460 2131 527 ejus,

565 572 620 619 et
648 561 739 631 qui
764 564 1128 628 cognoverunt
1158 570 1301 618 eam,
1336 565 1391 607 et
1422 553 1474 608 in
1511 553 1736 620 gratiam
1773 551 1894 604 ﬁliis
1923 550 2134 618 Sopho-

568 652 689 712 m'aa,
715 648 846 701 etin
906 644 1169 715 psalmum
1217 643 1268 696 in
1329 644 1486 694 domo
1514 641 1749 695 Domini.
1785 658 1804 691 ι
1840 639 1953 693 Erit
1989 641 2132 692 enim

566 742 620 794 in
647 739 875 808 gratiam
930 737 997 789 iis
1041 736 1132 803 qui
1168 734 1604 801 consecraverint
1629 732 1826 794 oblata,
1880 739 1935 782 et
1974 736 2135 783 erunt

563 833 655 887 illa
686 829 902 923 (‘ccasio
925 827 1139 880 laudum
1164 823 1813 889 divinarum.Principum
1847 820 1989 875 enim
2023 820 2135 888 pie-

566 930 652 975 tas
680 910 891 973 Galeris
922 918 1005 970 via
1042 917 1323 970 charitatis
1372 931 1499 983 erga
1528 915 1690 968 Deum
1754 911 1999 966 efﬁcitur.
2030 910 2134 965 Co-

564 1022 758 1067 ronato
792 1020 969 1062 autem
1003 1024 1031 1060 a
1060 1008 1213 1061 nobis
1240 1006 1481 1069 Chrism,
1518 1016 1642 1059 tunc
1680 1006 1843 1059 etiam
1896 1005 2133 1072 gentium

566 1102 854 1155 multitudo
885 1100 949 1151 ad
984 1098 1313 1166 agnitionem
1335 1098 1452 1163 eius
1479 1096 1808 1164 properabit,
1827 1105 1881 1148 et
1901 1096 1992 1164 qui
2013 1110 2135 1162 pro-

564 1190 652 1242 cul
674 1198 800 1242 sunt
827 1196 1046 1255 pr0pter
1068 1200 1330 1246 errorem,
1362 1198 1455 1252 per
1480 1184 1638 1239 {idem
1673 1185 2058 1243 vocabuntum
2081 1189 2136 1236 et

564 1280 907 1333 acdilicabunt
948 1277 999 1329 iit
1045 1277 1205 1330 domo
1263 1275 1496 1328 Domini.
1533 1292 1552 1325 ι
1590 1275 1844 1338 Quaenam
1891 1273 2136 1327 .tcdilica-

562 1368 739 1424 bunt?
765 1369 984 1434 Seipsos
1012 1367 1281 1428 videlicet,
1306 1373 1623 1433 cooptantes
1658 1365 1885 1427 sanctis,
1908 1373 1958 1416 et
1994 1378 2137 1417 com-

563 1472 826 1532 ponentes
851 1460 1014 1530 708
1049 1460 1101 1512 iit
1141 1460 1241 1512 [ide
1266 1460 1330 1511 ad
1364 1460 1624 1511 unitatem
1662 1471 1783 1510 cum
1807 1456 1872 1508 iis
1891 1458 1980 1523 qui
2009 1464 2135 1509 sunt

562 1565 630 1605 ex
651 1548 836 1613 israel,
870 1551 1086 1603 Christo
1116 1562 1327 1600 summo
1360 1546 1602 1612 angnlari
1636 1545 1810 1613 lapide
1827 1543 1893 1607 ³⁸,
1927 1554 1982 1597 et
2006 1559 2136 1598 con-

2234 461 2543 531 άρχιερεὺς,
2572 461 2649 524 ὼς
2679 462 2766 515 διὰ
2788 462 2930 515 δυοῖν
2956 463 3036 523 είς
3062 461 3157 513 ἕνα
3186 461 3534 531 γραφόμενος
3557 464 3649 516 τὸν
3682 467 3804 537 Ἑμ-

2238 552 2500 622 μανουήλ.
2532 553 2680 623 Πλὴν
2706 554 2805 606 οὐκ
2835 554 3064 623 ἄμισθος
3091 553 3121 604 ὁ
3150 552 3309 614 πόνος
3348 557 3460 617 τοῖς
3487 558 3805 624 στεφανοῦσι

2233 643 2486 713 Χριστὸν,
2519 644 2634 698 ἀλλ’
2664 646 2745 708 είς
2773 645 3126 714 ἀτελεύτητον
3159 644 3340 707 αὐτοῖς
3363 645 3649 715 δραμεῖται
3677 652 3806 718 μνή-

2239 749 2345 801 μην
2376 734 2410 800 ή
2445 733 2943 803 καρποφορία.Ὅτι
2968 734 3025 785 δὲ
3046 730 3283 803 ἀτρεκὴς
3323 733 3352 783 ὀ
3380 734 3557 803 λόγος,
3588 736 3808 806 ὲμπεδοῖ

2234 824 2571 894 προστιθείς·
2622 844 2641 875 ι
2665 824 2721 877 '0
2748 824 2805 876 δὲ
2834 824 3097 892 στέφανος
3135 825 3287 882 ἔσται
3319 831 3430 891 τοῖς
3457 826 3801 897 ὑπομένουσι,

2233 921 2328 969 καὶ
2357 919 2467 978 τοῖς
2496 915 2785 986 χρησίμοις
2817 916 3005 986 αὐτῆς,
3037 918 3132 970 καὶ
3170 922 3282 983 τοῖς
3311 920 3679 989 ὲπεγνωκόσιν
3711 921 3801 972 αὐ-

2233 1004 2355 1073 τὴν,
2386 1004 2479 1056 καὶ
2504 1005 2583 1065 είς
2606 1004 2803 1075 χάριτα
2832 1008 2944 1068 τοῖς
2978 1008 3114 1069 υίοῖς
3139 1008 3414 1076 Σοφονίου,
3445 1011 3538 1063 καὶ
3571 1013 3651 1074 εἰς
3674 1009 3807 1079 ψαλ-

2237 1095 2336 1165 μὸν
2389 1096 2447 1146 ὲν
2497 1096 2630 1166 οἴκῳ
2677 1098 2902 1167 Κυρίου.
2934 1116 2952 1149 ι
2987 1097 3177 1152 Ἔσται
3220 1102 3329 1171 γὰρ
3368 1103 3449 1164 είς
3496 1102 3654 1171 χάριν
3699 1104 3809 1164 τοῖς

2233 1185 2603 1239 ἀνατεθεικόσι
2632 1188 2697 1240 τὰ
2732 1193 3266 1261 προσκεκομισμένα,
3295 1194 3617 1260 γενήσονται
3640 1192 3695 1245 δὲ
3719 1193 3809 1246 καὶ

2233 1275 2538 1344 δοξολογίας
2584 1280 3116 1353 πρόφασις.Ἦ’γὰρ
3161 1282 3271 1335 τῶν
3306 1284 3622 1353 ἡγουμένων
3660 1285 3812 1337 εὐσέ-

2235 1367 2381 1430 ϐεια,
2410 1370 2511 1439 τῆς
2535 1372 2616 1432 εἰς
2641 1372 2773 1424 Θεὸν
2794 1373 3016 1444 ἀγάπης
3046 1375 3161 1438 ὁδὸς
3193 1379 3304 1438 τοῖς
3338 1378 3549 1446 ἑτέροις
3578 1377 3806 1444 γίνεται.

2234 1458 2679 1529 Στεφανουμένου
2707 1462 2763 1515 δὲ
2797 1465 2936 1533 πρὸς
2965 1465 3123 1535 ἡμῶν
3157 1467 3250 1520 τοῦ
3280 1469 3542 1538 Χριστοῦ,
3574 1470 3693 1521 τότε
3719 1471 3809 1521 καὶ

2234 1550 2268 1617 ἡ
2300 1549 2408 1603 τῶν
2435 1550 2603 1604 ὲθνῶν
2631 1554 2798 1624 ἀγέλη
2827 1555 3114 1625 δραμεῖται
3148 1558 3284 1627 πρὸς
3307 1559 3601 1624 ἐπίγνωσιν
3621 1559 3808 1622 αὐτοῦ,

563 1648 813 1693 nectente
846 1638 896 1690 in
930 1636 1274 1690 cotft'ordiatn
1294 1650 1388 1702 per
1404 1650 1483 1700 se,
1516 1648 1635 1701 qua:
1680 1634 1810 1685 olim
1867 1631 2129 1698 disiuncta

2235 1639 2330 1691 καὶ
2359 1641 2407 1692 οἱ
2445 1643 2664 1713 μακρὰν
2697 1644 2847 1708 ὄντες
2875 1646 2964 1699 διὰ
2996 1647 3095 1718 τὴν
3137 1648 3426 1717 πλάνησιν,
3455 1649 3810 1719 κεκλήσονται

563 1730 801 1784 fuerant.
841 1747 860 1778 ι
887 1729 1139 1783 Condidit
1170 1729 1312 1780 enim
1344 1726 1478 1779 duos
1532 1723 1754 1793 populos
1777 1724 1829 1775 in
1860 1738 2023 1776 unum
2044 1737 2129 1776 no-

2234 1728 2322 1781 διὰ
2364 1729 2622 1795 πίστεως,
2671 1753 2690 1785 ι
2723 1735 2829 1788 Καὶ
2850 1737 3292 1809 οἰκοδομήσουσιν
3341 1742 3398 1791 ὲν
3440 1739 3515 1809 τῷ
3556 1741 3690 1809 οἴκῳ
3717 1738 3809 1792 τοῦ

560 1835 685 1873 vum
713 1822 1002 1882 hominem,
1057 1817 1264 1870 faciens
1320 1830 1529 1883 pacem,
1575 1822 1631 1866 et.
1674 1810 2033 1867 reconcilians
2075 1810 2129 1864 in

2235 1821 2391 1876 Θεοῦ.
2445 1840 2465 1873 ι
2503 1792 2639 1878 Τίνα
2689 1826 2747 1879 δὲ
2786 1792 3259 1901 οίκοδομήσόυσιν;
3304 1792 3531 1893 έαυτοῦς
3572 1792 3812 1902 δηλονότι

562 1928 793 1982 corpore
833 1928 932 1966 suo
968 1910 1114 1964 Patri
1151 1911 1331 1964 omnia
1359 1910 1427 1964 ⁸⁸.
1473 1928 1492 1961 ι
1525 1908 1655 1972 Quae
1682 1920 1803 1960 cum
1852 1907 2129 1960 evenerint

2240 1914 2768 1984 συναρμολογοῦντες
2800 1923 2912 1983 τοῖς
2939 1924 3133 1989 ἁγίοις,
3159 1927 3252 1977 καὶ
3278 1923 3614 1985 συντιθέντες
3638 1924 3697 1975 ἐν
3726 1924 3813 1975 πί-

557 2002 692 2073 jam,
720 2004 921 2055 sanctis
950 2000 1223 2069 prophetis
1248 1999 1561 2061 suﬂ'raginm
1586 1994 1827 2051 veritatis
1863 1995 2129 2061 dabimus,

2241 2018 2356 2055 στει
2379 2005 2513 2074 πρὸς
2539 2005 2730 2060 ἕνωσιν
2755 2013 2868 2073 τοῖς
2896 2010 2956 2077 ἐξ
2977 2014 3217 2085 Ἰσραὴλ,
3243 2015 3393 2078 ὄντος
3415 2014 3811 2086 ἀκρογωνιαίου

564 2093 852 2149 manifeste
905 2103 1319 2158 cognoscentes,
1376 2090 1541 2143 Deum
1595 2088 1832 2143 locutum
1889 2100 2010 2141 esse
2075 2085 2129 2141 in

2237 2094 2495 2165 Χριστοῦ,
2533 2100 2629 2151 καὶ
2662 2103 2995 2175 συνείροντος
3046 2107 3127 2169 είς
3181 2107 3482 2177 ὁμοψυχίαν
3526 2106 3593 2159 δι’
3617 2105 3812 2161 ἑαυτοῦ

563 2185 716 2255 ipsis,
764 2194 819 2240 et
875 2184 1187 2255 mysterium
1230 2180 1430 2237 Christi
1457 2178 1610 2236 nobis
1648 2179 2057 2248 praenuntiasse.

2235 2185 2305 2238 τὰ
2340 2187 2507 2242 πάλαι
2534 2191 2859 2264 διῃρημένα.
2892 2197 3147 2251 «Ἔκτισε
3193 2201 3301 2270 γὰρ
3343 2201 3470 2263 τοὺς
3512 2200 3605 2253 δύο
3651 2198 3815 2261 λαοὺς

2236 2273 2317 2334 είς
2342 2272 2440 2328 ἕνα
2455 2277 2640 2332 καινὸν
2656 2282 2960 2350 ἄνθρωπον,
2987 2286 3155 2338 ποιῶν
3183 2290 3428 2359 εἰρήνην,
3458 2289 3552 2341 κα)⁸
3580 2289 3817 2342 ἀποκατ-

564 2363 849 2418 αλλάσσων
878 2363 938 2417 ὲν
965 2363 1043 2432 τῷ
1080 2362 1289 2433 σώματι
1318 2358 1500 2450 αὐτοῦ
1532 2359 1601 2413 τὰ
1640 2358 1821 2450 πάντα
1885 2356 2023 2429 πρὸς
2058 2358 2151 2450 τὸν
2189 2362 2430 2435 Πατέρα.
2461 2361 2589 2422 »Ὧν
2610 2372 2691 2434 είς
2746 2374 2919 2443 πέρας
2941 2356 3343 2447 ἐπιϐεϐηκότων,
3362 2356 3814 2450 ἐπιψηφιούμεθα

563 2455 675 2516 τοῖς
702 2453 875 2521 ἁγίοις
901 2453 1206 2523 προφήταις
1231 2450 1291 2502 τὸ
1320 2449 1570 2520 ἀτρεκὲς,
1598 2448 1897 2518 ἐγνωκότες
1960 2446 2168 2518 σαφῶς,
2206 2451 2284 2515 ὡς
2329 2450 2399 2525 ἦν
2444 2456 2575 2522 Θεὸς
2618 2461 2677 2515 ὲν
2722 2464 2906 2528 αὐτοῖς
2948 2468 2978 2520 ὁ
3046 2446 3224 2523 λαλῶν
3267 2470 3362 2524 καὶ
3409 2446 3815 2542 προαναφωνῶν

564 2549 697 2619 ἡμῖν
727 2549 787 2601 τὸ
824 2546 1058 2618 Χριστοῦ
1090 2548 1404 2616 μυστήριον.

1183 2636 1337 2694 CAP.
1372 2635 1483 2690 VII.

2844 2644 3098 2702 ΚΕΦΑΛ.
3140 2650 3212 2704 Ζ’.

631 2730 795 2784 Vens.
821 2729 933 2782 1-5.
963 2726 1025 2779 Et
1061 2727 1255 2796 factum
1277 2738 1348 2779 est
1374 2728 1426 2779 in
1463 2735 1648 2794 quarto
1665 2724 1935 2790 anno,sub
1965 2723 2129 2779 Dario

2306 2728 2418 2783 Καὶ
2453 2731 2689 2801 ἐγένετο
2712 2734 2791 2788 ἐν
2832 2736 2912 2801 τῷ
2958 2738 3209 2806 τετάρτῳ
3257 2740 3396 2805 ἔτει,
3430 2743 3529 2797 ἐπὶ
3567 2747 3817 2815 Δαρείου

563 2837 701 2888 rege,
725 2821 896 2886 factus
923 2826 997 2870 est
1028 2832 1197 2868 sermo
1226 2815 1433 2868 Domini
1470 2816 1537 2867 ad
1563 2813 1881 2867 Zachariam
1933 2822 2129 2881 quarta

2234 2818 2341 2909 τοῦ
2366 2820 2692 2888 βασιλέως,
2723 2824 2961 2893 ἐγένετο
2986 2829 3169 2897 λόγος
3196 2829 3422 2899 Κυρίου
3451 2837 3601 2903 πρὸς
3622 2813 3820 2909 laxa-

562 2913 754 2971 mensis
777 2911 921 2975 noni,
948 2912 1125 2978 quiest
1151 2906 1396 2962 Cltttsleu.
1424 2904 1490 2959 Et
1512 2908 1652 2960 misit
1683 2907 1735 2959 in
1765 2905 1945 2959 Betltel
1964 2904 2129 2959 Sara-

564 3019 673 3067 δατ,
697 3011 745 3056 et
773 3000 992 3054 Arseber
1014 3016 1107 3053 rex
1128 3008 1175 3052 et
1198 2999 1294 3051 viri
1319 2998 1455 3066 ejus,
1487 3005 1540 3049 ut
1578 2996 1923 3066 propitiarent
1954 2994 2131 3049 Domi-

564 3112 711 3159 num,
746 3093 959 3163 loquens
992 3094 1059 3143 ad
1090 3093 1385 3144 sacerdotes
1409 3093 1497 3158 qui
1518 3092 1571 3141 in
1603 3092 1759 3141 domo
1782 3087 1994 3141 Domini
2024 3103 2131 3140 om-

566 3185 864 3251 nipotentis,
886 3192 931 3234 et
965 3183 1032 3234 ad
1056 3182 1355 3248 prophetas,
1379 3181 1592 3235 dicens:
1628 3177 1876 3248 lugressa
1923 3188 1995 3230 est
2028 3176 2129 3228 huc

565 3277 619 3329 in
649 3276 831 3343 quinto
866 3289 1037 3326 mense
1092 3272 1459 3339 sanctiﬁcatio,
1492 3269 1650 3340 juxta
1692 3272 1830 3340 quod
1897 3270 2130 3338 fecerunt

556 3367 672 3436 jam
696 3365 931 3434 pluribus
959 3365 1132 3418 annis.

635 3647 876 3703 XXXlV.
902 3625 1029 3703 1)οεῖ
1058 3647 1419 3701 ostensionem
1487 3644 1751 3699 visionum
1802 3642 1965 3697 verba
2025 3642 2130 3697 alia

560 3756 593 3797 a
629 3741 735 3796 Deo
776 3743 910 3794 facta
930 3752 1074 3803 sunt,
1133 3739 1277 3793 brevi
1331 3747 1570 3806 tempore
1632 3735 1947 3804 interlapso.
1992 3740 2131 3791 Ante

560 3834 796 3887 visid’nes
832 3832 973 3887 enim
1007 3833 1264 3899 scriptum
1291 3841 1373 3883 est
1404 3845 1417 3882 :
1472 3848 1490 3880 ι
1526 3827 1581 3881 in
1611 3836 1803 3896 quarta
1856 3839 1909 3881 et
1936 3829 2131 3883 vicesi-

563 3940 649 3980 ma
682 3924 947 3976 undecimi
979 3922 1198 3985 mensis,
1225 3922 1316 3992 qui
1344 3929 1427 3974 est
1491 3920 1695 3974 mensis
1742 3919 1932 3985 Sabat,
1988 3932 2130 3972 anno

564 4014 797 4070 secundo
832 4014 993 4076 Darii,
1036 4013 1235 4067 factum
1268 4022 1349 4066 est
1390 4014 1610 4066 verbum
1644 4010 1855 4066 Domini
1911 4010 1977 4064 ad
2026 4010 2132 4062 Za-

561 4106 800 4161 chariam
824 4104 989 4158 lilium
1025 4103 1319 4165 Barachiat,
1348 4103 1511 4155 ﬁlium
1539 4102 1691 4155 Addo
1717 4102 2011 4171 prophetae,
2044 4098 2129 4152 di-

560 4211 693 4253 cens
719 4196 788 4249 '°.
829 4213 857 4259 ι,
882 4193 938 4247 lit
974 4195 1219 4247 adductis
1245 4203 1423 4246 autem
1456 4192 1801 4244 theorematis
1825 4191 1966 4242 aliud
1993 4200 2129 4243 tem-

565 4299 664 4353 pus
692 4292 809 4352 post
858 4283 986 4337 illud
1034 4280 1377 4351 exprimitur.
1432 4278 1490 4332 In
1542 4287 1735 4345 quarto
1789 4278 1931 4330 enim
1962 4292 2129 4340 anno,

565 4387 755 4445 quarta
779 4374 979 4429 mensis
1006 4374 1154 4436 noni,
1182 4372 1273 4439 qui
1301 4380 1383 4423 est
1405 4368 1657 4431 Chasleu,
1684 4382 1815 4421 voce
1866 4365 2128 4422 Hebraica

2227 2908 2371 2976 ρίαν
2420 2910 2649 2977 τετράδι
2702 2914 2807 2968 τοῦ
2849 2916 3044 2983 μηνὸς
3096 2921 3202 2973 τοῦ
3260 2924 3537 2993 ἐννάτου,
3577 2929 3648 2995 ὅς
3687 2908 3820 2987 ἐστι

2232 2998 2495 3091 Χασλεῦ.
2531 3002 2642 3055 Καὶ
2670 3004 3102 3067 ἐξαπέστειλεν
3132 3012 3219 3073 είς
3247 3014 3474 3081 Βαιθὴλ
3506 3022 3815 3091 Σαρασὰρ,

2235 3089 2332 3142 καὶ
2378 3091 2646 3161 Ἆρσεϐὲρ
2692 3099 2726 3149 ό
2765 3098 3087 3166 βασιλεὺς,
3115 3103 3215 3156 καὶ
3260 3107 3313 3156 οὶ
3352 3105 3569 3175 ἄνδρες
3622 3089 3818 3169 αὐτοῦ

2229 3182 2626 3273 ἐξιλάσασθαι
2654 3186 2761 3241 τὸν
2796 3191 3031 3257 Κύριον,
3064 3193 3258 3263 ,λέγων
3286 3196 3435 3263 πρὸς
3464 3200 3609 3267 τοὺς
3641 3206 3819 3273 ἱερεῖς

2231 3271 2372 3336 τοὺς
2397 3272 2466 3326 ἐν
2492 3274 2574 3339 τῷ
2598 3275 2741 3341 οἴκῳ
2773 3281 2991 3345 Κυρίου
3020 3281 3519 3351 παντοκράτορος,
3534 3289 3631 3341 καὶ
3665 3271 3820 3359 ,πρὸξ

2230 3359 2372 3426 τοὺς
2409 3365 2739 3432 προφήτας,
2778 3368 2973 3438 λέγων
2992 3386 3007 3399 ·
3044 3373 3459 3439 Εἱσελήλυθεν
3482 3371 3599 3431 ὧδε
3630 3380 3706 3432 ἐν
3737 3381 3818 3449 τῷ

2230 3451 2374 3518 αηνὶ
2420 3453 2501 3518 τῷ
2537 3456 2785 3524 πέμπτῳ
2828 3460 2892 3512 τὸ
2942 3462 3224 3533 ἀγίασμα,
3270 3468 3475 3520 καθότι
3512 3468 3821 3540 ἐποίησαν

2231 3540 2349 3609 ἤδη
2382 3544 2559 3597 ἱκανὰ
2590 3546 2720 3615 ἔτη,

2300 3633 2419 3724 AVA’.
2461 3637 2613 3690 Μετὰ
2643 3638 2739 3708 τὴν
2764 3639 2871 3692 τῶν
2893 3641 3136 3712 ὀράσεων
3162 3645 3437 3712 ἀπόδειξιν
3459 3649 3636 3721 ἕτεροι
3661 3654 3818 3724 παρὰ

2230 3721 2363 3776 Θεοῦ
2400 3727 2651 3792 γεγόνασι
2701 3729 2868 3797 λόγοι,
2905 3735 3104 3803 μικροῦ
3142 3737 3344 3805 μεταξὺ
3386 3721 3815 3809 διιππεύσαντ-ος

2231 3814 2446 3882 χρόνου.
2477 3819 2590 3888 Πρὸ
2638 3820 2736 3889 μὲν
2783 3822 2893 3892 γὰρ
2940 3825 3048 3876 τῶν
3078 3826 3321 3896 όράσεων
3354 3831 3695 3900 γέγραπται,
3731 3835 3815 3887 ὅτι

2238 3905 2368 3959 «Ἐν
2400 3911 2464 3979 τῇ
2514 3911 2730 3981 τετράδι
2764 3914 2858 3966 καὶ
2908 3916 3083 3969 εἰκάδι
3130 3918 3223 3970 τοῦ
3278 3920 3565 3974 ἑνδεκάτου
3617 3924 3812 3993 μηνὸς,

2231 3993 2384 4062 οὗτός
2420 4003 2568 4055 ἐστιν
2596 4004 2623 4054 ὁ
2658 4003 2764 4073 μὴν
2799 4006 2827 4058 ὀ
2864 4004 3064 4073 suam,
3093 4008 3151 4058 ὲν
3182 4008 3261 4078 τῷ
3292 4009 3525 4081 δευτέρῳ
3559 4011 3673 4065 ἔτει
3710 4017 3815 4066 Δα-

2233 4089 2400 4158 ρείου,
2434 4091 2649 4158 ἐγένετο
2685 4094 2843 4162 λόγος
2873 4099 3076 4167 Κυρίου
3116 4099 3255 4169 πρὸς
3284 4102 3559 4171 Ζαχαρίαν
3590 4105 3685 4155 τὸν
3717 4104 3811 4157 τοῦ

2232 4178 2528 4249 Βαραχίου,
2570 4184 2683 4235 υἱὸν
2713 4185 2880 4238 Ἀδδὼ
2908 4187 3003 4240 τοῦ
3030 4192 3329 4261 προφήτου,
3359 4192 3546 4258 λέγων.
3581 4212 3599 4244 ›
3637 4196 3726 4247 Ἐν
3755 4194 3812 4247 δέ

2231 4283 2295 4335 γε
2326 4272 2439 4333 τοῖς
2471 4274 2849 4344 προκειμένοις
2878 4279 3009 4347 ήμῖν
3057 4278 3406 4351 θεωρήμασιν
3456 4281 3643 4350 ἔτερος
3681 4285 3813 4354 μετ’

2231 4360 2436 4413 ἐκεῖνον
2467 4363 2708 4432 ὁρίζεται
2736 4366 2944 4438 χρόνος.
2965 4368 3051 4420 Ἐν
3081 4370 3190 4440 γάρ
3220 4369 3297 4440 τῷ
3328 4374 3570 4443 τετάρτῳ
3598 4374 3714 4427 ἔτει
3744 4378 3809 4447 τῇ

563 4466 834 4529 videlicet,
871 4461 1405 4533 prOphetteqnazdai-i
1433 4460 1613 4512 divina
1644 4456 1781 4510 visio
1800 4456 1979 4510 oblata
2019 4466 2124 4514 est.

2234 4451 2450 4520 τετράδι
2477 4454 2571 4507 τοῦ
2610 4458 2777 4525 μηνὸς
2802 4458 2896 4512 τοῦ
2927 4461 3245 4528 έννάτου,ὃς
3266 4463 3383 4515 ἐστι
3402 4462 3641 4528 Χασλεῦ,
3668 4466 3812 4519 κατὰ

560 4556 913 4611 Occasionem
937 4554 1175 4607 narratio
1206 4551 1447 4604 historia:
1471 4549 1633 4600 etiam
1657 4555 1819 4615 atque
1837 4546 1999 4598 etiam
2027 4545 2122 4600 tle-

556 4646 805 4702 clarabit.
839 4644 953 4699 Non
984 4643 1128 4697 enim
1175 4641 1333 4694 aliter
1376 4638 1620 4706 quidam,
1675 4636 1778 4689 nisi
1823 4636 1923 4689 hoc
1964 4636 2122 4691 modo

559 4737 960 4807 propositorum
985 4735 1267 4787 verborum
1302 4726 1627 4783 sententiam
1655 4725 2121 4795 concipietit.0in-

554 4832 685 4882 nino
701 4829 846 4882 enim
879 4827 1095 4896 quinam
1128 4817 1600 4885 fuerintSarasar,
1633 4828 1690 4873 et
1718 4820 1954 4873 Arseber
2000 4835 2119 4883 rex,

549 4930 609 4973 et
638 4919 866 4973 comites
898 4915 1036 4983 ejus,
1071 4920 1196 4964 ante
1224 4909 1328 4961 alia
1358 4907 1644 4961 dicendum
1699 4915 1802 4961 est.
1854 4905 2119 4960 Praeterea

2223 4541 2322 4613 τὴν
2365 4544 2630 4615 Ἐϐραίων
2675 4550 2858 4619 φωνὴν
2904 4550 3179 4618 δηλονότι,
3234 4554 3677 4627 μεταπεφοίτηκε
3732 4556 3812 4627 τῷ

2226 4636 2478 4707 προφήτῃ
2511 4638 2611 4708 τῆς
2645 4640 2899 4705 θεοπτίας
2927 4643 2956 4694 ὁ
2984 4644 3198 4713 τρόπος.
3232 4646 3327 4708 Τίς
3350 4646 3410 4699 δὲ
3443 4648 3475 4717 ή
3503 4649 3808 4717 πρόφασις,

2226 4727 2261 4797 ἡ
2293 4728 2393 4797 τῆς
2427 4730 2663 4800 ἱστορίας
2691 4733 2968 4804 ἀφήγησις
3001 4731 3061 4787 εὖ
3093 4736 3237 4805 μάλα
3278 4741 3552 4808 σαφηνιεῖ.
3587 4734 3809 4791 Συνεῖεν

2227 4819 2335 4888 γὰρ
2370 4820 2469 4888 οὐχ
2498 4820 2699 4891 ἑτέρως
2723 4824 2864 4886 τινὲς
2895 4825 3033 4896 πλὴν
3058 4826 3139 4879 ὅτι
3168 4829 3311 4880 κατὰ
3329 4829 3540 4880 τουτονὶ
3562 4829 3659 4883 τὸν
3679 4830 3809 4901 τρό-

2228 4924 2330 4961 πον
2352 4908 2461 4961 τῶν
2490 4912 2864 4981 προκειμένων
2892 4914 2982 4965 τὸν
3014 4913 3161 4968 νοῦν.
3184 4914 3341 4978 Τίνες
3367 4917 3475 4986 γὰρ
3507 4916 3669 4979 ὅλως,
3698 4920 3729 4970 ὅ
3752 4934 3808 4969 τε

549 5011 682 5079 quid
721 5005 1075 5062 sanctiﬁcatio
1112 5003 1164 5055 in
1196 5000 1385 5067 quinto
1406 5014 1594 5052 mense
1630 5015 1643 5050 :
1698 5000 1824 5052 item
1890 5000 2126 5052 interro-

2234 4999 2480 5070 Ξαρασὰρ
2514 5001 2606 5053 καὶ
2636 5002 2896 5073 Ἀρσεδὲρ
2928 5006 2958 5057 ό
2990 5004 3264 5072 βασιλεὺς,
3296 5007 3390 5059 καὶ
3437 5007 3487 5059 οἱ
3527 5007 3726 5077 ἄνδρες
3761 5008 3807 5059 οἱ

548 5099 785 5169 gatiottis
824 5096 1012 5150 modus
1035 5107 1269 5161 quonam
1306 5091 1578 5159 respiciat,
1602 5100 1657 5145 et
1671 5090 1811 5159 quod
1847 5090 1919 5145 sit
1950 5091 2121 5144 inter-

549 5193 851 5262 rogantium
892 5186 1199 5240 consilium.

2224 5095 2340 5162 μετ’
2355 5093 2542 5160 αὐτοῦ,
2561 5095 2678 5158 πῶς
2697 5096 2797 5148 οὐκ
2824 5098 3119 5165 ἀναγκαῖον
3144 5100 3240 5152 καὶ
3274 5099 3381 5169 πρό
3403 5117 3467 5167 γε,
3494 5099 3605 5151 τῶν
3630 5100 3809 5153 ἄλλων

2220 5185 2519 5255 ἀνιμαθεῖν
2537 5203 2549 5216 ·
2587 5186 2638 5240 τί
2666 5204 2725 5240 τε
2745 5189 2807 5242 τὸ
2832 5189 3078 5258 ἁγίασμα
3107 5190 3167 5242 τὸ
3186 5193 3243 5243 ἐν
3271 5191 3349 5260 τῷ
3370 5193 3608 5261 πέμπτῳ
3636 5191 3769 5262 μηνί
3788 5218 3804 5234 ο

544 5283 643 5338 καὶ
692 5281 798 5350 μὴν
843 5278 935 5331 καὶ
987 5274 1205 5339 αὐτὸςδ
1239 5274 1339 5346 τῆς
1385 5273 1703 5345 ἐρωτήσεως
1736 5273 1969 5345 τρόπος,
2034 5274 2157 5329 ὅποι
2194 5277 2324 5331 ποτὲ
2370 5278 2578 5346 βλέπει,
2647 5281 2738 5332 καὶ
2784 5281 2866 5344 τίς
2917 5281 2983 5335 ἂν
3032 5283 3242 5351 γένοιτο
3287 5283 3398 5335 τῶν
3444 5285 3729 5353 ἐρομένων
3778 5288 3808 5340 ό

548 5377 897 5534 “mimum
928 5463 1086 5533 igitur
1117 5462 1253 5519 Osee
1277 5461 1387 5518 ﬁlio
1407 5460 1499 5517 Eia
1523 5476 1680 5530 super
1705 5460 1888 5516 decem
1941 5461 2111 5517 tribus

614 5638 663 5670 "
700 5636 894 5707 Ephes.
937 5655 998 5705 tt,
1037 5639 1124 5691 20.

1235 5636 1281 5669 ⁸⁸
1301 5638 1429 5693 ibid.
1476 5637 1559 5701 15,
1604 5636 1691 5690 l6.
1772 5637 1821 5669 ’°
1863 5636 2027 5693 Zach.
2075 5653 2111 5704 ι,
2158 5638 2209 5691 1.

2290 5458 2671 5524 Βασιλεύοντος
2696 5462 2873 5516 τοίνυν
2901 5462 3060 5532 Ὠσηὲ
3096 5464 3191 5517 τοῦ
3220 5464 3337 5517 υίοῦ
3368 5465 3508 5520 Ἦλᾶ
3534 5466 3647 5521 τῶν
3668 5468 3803 5526 δέκα
