3936 6318
164 260 251 313 ιθι
1003 256 1553 315 COMMENTARIUS
1590 257 1656 314 IN
1698 254 2097 315 ZACIIARIAM
2138 257 2581 316 PROPHETAM.

3323 260 3425 318 102

159 373 333 443 φυλῶν
362 371 474 425 τῶν
512 373 573 425 ὲν
604 374 672 443 τῇ
705 372 1010 445 Σαμαρείᾳ,
1040 377 1135 428 καὶ
1174 375 1309 429 πολὺ
1339 374 1741 438 διανενευκότος

1847 375 1901 429 in
1928 372 2197 440 Samaria,
2228 376 2423 445 insigni
2476 377 2775 442 desertore,
2803 394 2822 428 ι
2862 375 3241 432 servivitenim
3304 376 3425 431 ido-

145 465 218 522 εις
238 465 543 519 ἀπόστασιν
566 463 915 535 (λελάτρευκε
942 464 1051 536 γὰρ
1080 465 1360 536 εἰδώλοις),
1382 467 1743 537 παροξύνεται

161 556 286 617 Θεὸς
306 555 400 607 ἐπὶ
421 554 516 607 τὸν
543 556 785 625 Ἰσραήλ.
813 551 947 608 Εἶτα
972 556 1409 627 κατεστράτευσε
1441 558 1539 626 τῆς
1560 556 1745 628 χώρας

160 650 188 702 ὁ
215 647 585 717 Σαλμανασαρ
635 646 885 716 βασιλεὺς
917 649 1239 719 Ἀσσυρίων,
1277 643 1389 702 εἷλε
1420 650 1521 720 τὴν
1561 651 1746 719 Σαμά-

165 755 331 809 ρειαν,
361 738 459 792 καὶ
512 739 779 808 ἀπῴκησε
824 740 922 809 μὲν
964 741 1056 792 τὸν
1095 741 1331 812 Ἰσραὴλ,
1366 739 1743 812 παρεσκεύασε

158 830 214 882 δέ
240 846 392 892 τινας
418 828 529 883 τῶν
559 830 623 881 ὲκ
654 832 750 899 τῆς
780 830 1061 883 Χαλδαίων
1088 830 1269 902 χώρας
1299 832 1622 901 κατοικῆσαι
1648 832 1745 901 τὴν

161 924 282 992 γῆν,
322 921 407 974 τνα
439 921 505 992 δὴ
539 922 746 988 γένοιτο
776 923 1022 993 Περσῶν,
1055 924 1131 986 ῶς
1164 924 1369 977 ἐκεῖθεν
1407 924 1601 994 ἔχουσα
1635 922 1744 976 λοι-

163 1015 259 1067 πὸν
278 1016 406 1077 τοὺς
430 1016 935 1085 οἰκήτορας.Ἔχεις
955 1017 1055 1086 τὴν
1083 1017 1321 1087 ἱστορίαν
1340 1018 1397 1069 ὲν
1423 1020 1487 1087 τῇ
1510 1017 1744 1089 τετάρτῃ

163 1105 269 1158 τῶν
322 1106 642 1161 Βασιλειῶν.
679 1108 993 1178 Γέγραπται
1039 1109 1147 1179 γὰρ
1194 1107 1397 1172 οὓτως·
1454 1110 1584 1162 «Ἐν
1635 1109 1744 1161 ἔτει

163 1196 450 1267 δωδεκάτῳ
470 1197 640 1266 Ἀχάς
674 1198 938 1267 βασιλέως
968 1199 1156 1262 Ἰούδα,
1201 1199 1550 1253 ἐϐασίλευσεν
1579 1201 1745 1270 Ὠσηὲ

163 1286 276 1347 υἱὸς
310 1285 452 1338 Ἦλᾶ
483 1286 541 1337 ἐν
575 1287 860 1357 Σαμαρείᾳ
903 1288 993 1339 ἐπὶ
1023 1287 1241 1359 Ἰσραὴλ
1291 1289 1449 1342 ἐννέα
1493 1289 1607 1359 ἐτη.
1638 1291 1745 1343 Καὶ

163 1376 389 1445 ἐποίησε
420 1376 481 1428 τὸ
511 1377 744 1446 πονηρὸν
785 1380 841 1431 ὲν
875 1378 1172 1447 ὀσθαλμοῖς
1211 1380 1443 1452 Κυρίου,
1474 1382 1614 1451 πλὴν
1645 1383 1744 1452 οὐχ

161 1465 232 1529 ὡς
278 1468 327 1519 οἱ
386 1466 622 1535 βασιλεῖς
662 1467 896 1539 Ἰσραὴλ,
926 1470 974 1521 οἳ
1008 1466 1148 1538 ἦσαν
1198 1471 1509 1541 ἔμπροσθεν
1556 1472 1741 1529 αὑτοῦ.

173 1558 284 1610 Ἐπ’
304 1558 457 1627 αύτῷ
481 1558 647 1629 ἀνέϐη
672 1559 1033 1632 Σαλμανασὰρ
1046 1561 1625 1633 βασιλεὺςἈσσυρίων.
1652 1566 1746 1618 καὶ

160 1652 395 1722 ἐγενήθη
429 1652 580 1721 αὐτῷ
603 1654 763 1721 Ὠσηὲ
790 1654 993 1713 δοῦλος.
1024 1673 1042 1705 ι
1078 1656 1185 1708 Καὶ
1224 1656 1340 1724 μεθ’
1362 1657 1523 1726 ἕτερα
1549 1658 1709 1711 πάλιν
1727 1674 1741 1688 °

1845 466 1933 528 lis.
1973 485 1992 520 ι
2032 468 2198 538 709
2226 469 2478 522 irascitur
2501 468 2872 526 Deuslsraeli.
2904 469 3107 523 Deimle
3136 468 3423 521 Salmans-

1845 574 1935 613 sar
1964 558 2306 629 Assyriorum
2339 574 2429 611 rex
2456 559 2788 625 provinciam
2823 560 2989 612 armis
3044 556 3269 620 invadit,
3323 553 3426 611 Sa-

1846 654 2073 705 mariam
2117 661 2371 720 occupat,
2412 651 2662 706 lsraelcm
2698 652 2934 719 migrare
2968 652 3131 719 cogit,
3174 659 3221 703 et
3262 664 3424 718 quos-

1845 742 1968 798 dam
2002 746 2066 798 de
2099 746 2315 811 regione
2344 743 2717 797 Chaldaeorqu
2764 743 3003 796 vicissim
3056 742 3260 795 incolas
3322 742 3425 794 im-

1848 834 2037 895 tuittit,
2076 843 2131 886 ut
2166 831 2451 885 Persarqu
2512 835 2725 901 propria
2760 833 2931 897 lien-et,
2986 832 3250 899 siquidem
3303 831 3424 883 inde

1847 924 2332 991 iucolasdoint‘vp5
2375 926 2621 979 haberet.
2679 923 2967 977 Historiam
3039 922 3205 975 habes
3286 922 3425 975 libro

1845 1027 2040 1086 quarto
2074 1017 2276 1085 Regum
2314 1016 2364 1067 in
2401 1019 2511 1069 haec
2531 1016 2688 1069 verba
2723 1031 2738 1072 :
2791 1034 2809 1065 ι
2847 1016 2900 1066 lu
2934 1030 3074 1068 anno
3106 1014 3425 1067 duodecimo

1844 1106 2028 1160 At'th
2094 1110 2243 1175 regis
2277 1108 2411 1160 .luda
2445 1110 2693 1173 regnavit
2724 1106 2861 1161 Osre
2889 1108 3027 1161 lilius
3065 1108 3155 1160 Ela
3220 1110 3270 1160 in
3323 1108 3424 1160 Sa-

1849 1199 2019 1251 maria
2048 1213 2210 1263 super
2261 1196 2422 1251 lsrael
2465 1213 2655 1252 novem
2681 1200 2857 1251 anuis.
2885 1199 2946 1251 Et
2981 1197 3107 1252 fecit
3147 1198 3343 1251 malum
3369 1197 3423 1251 in

1846 1300 2137 1359 conspectu
2172 1290 2419 1355 Domini,
2456 1303 2827 1345 verumtamen
2862 1306 2966 1343 non
2999 1293 3138 1345 sicut
3172 1306 3327 1359 reges
3356 1286 3426 1341 ls-

1848 1384 1984 1443 rael,
2008 1384 2099 1452 qui
2135 1382 2348 1435 fuerunt
2371 1394 2495 1438 aute
2529 1400 2670 1439 eum.
2712 1383 2824 1438 Sub
2859 1399 2924 1437 eo
2946 1384 3184 1437 ascendit
3215 1381 3425 1435 Salma-

1848 1489 2007 1527 nasar
2057 1490 2145 1527 rex
2198 1477 2562 1543 Assyriorum.
2621 1484 2676 1530 et
2732 1476 2902 1528 fartus
2953 1484 3036 1528 est
3062 1473 3109 1525 ei
3141 1472 3278 1527 Osce
3305 1487 3423 1526 ser-

1846 1581 1945 1619 vus
1980 1566 2046 1618 ⁹¹.
2086 1585 2105 1618 ι
2142 1567 2204 1620 Ει
2229 1566 2365 1619 iul‘ra
2402 1584 2415 1620 :
2451 1585 2469 1618 ι
2512 1568 2573 1621 Et
2612 1569 2907 1622 translatus
2935 1579 3017 1622 est
3040 1568 3207 1621 Israel
3235 1569 3287 1619 in
3324 1568 3424 1619 As-

1847 1658 2022 1728 syrios
2047 1673 2214 1724 usque
2247 1659 2297 1710 in
2332 1660 2472 1712 diem
2509 1660 2665 1713 hanc.
2701 1660 2765 1712 Et
2793 1661 3018 1713 adduxit
3052 1675 3142 1712 rex
3177 1660 3425 1729 Assyrio-

166 1764 185 1795 ι
217 1745 324 1797 Καὶ
371 1745 663 1814 ἀπῳκίσθη
710 1745 927 1815 Ἰσραὴλ
996 1748 1075 1808 εἰς
1121 1747 1436 1816 ’Λσσυρίους
1488 1748 1593 1811 ἕως
1646 1748 1742 1816 τῆς

1853 1765 1967 1802 rum
1992 1750 2059 1801 de
2092 1750 2357 1819 Babylone
2381 1750 2585 1803 Echuta
2619 1752 2686 1803 ab
2718 1751 2841 1811 Aia,
2880 1761 2931 1804 et
2958 1752 3026 1803 ab
3079 1749 3324 1811 Emath,
3369 1757 3424 1802 et

164 1837 377 1906 ἡμέρας
424 1835 651 1904 ταύτης.
692 1838 802 1889 Ka‘t
852 1836 1025 1906 ἤγαγε
1073 1836 1323 1907 βασιλεὺς
1354 1839 1650 1909 Ἀσσυρίων
1682 1842 1745 1892 ὲκ

162 1928 481 1991 Βαϐυλῶνος
510 1929 601 1981 τὸν
636 1932 697 1981 ἐκ
731 1930 913 1983 Χουθᾶ
940 1931 1046 1983 ἀπὸ
1077 1932 1219 1996 Ἄϊδι,
1250 1932 1343 1984 καλ⁵
1387 1933 1494 1985 ἀπὸ
1539 1931 1743 2002 Αἰμὰθ.

162 2020 251 2072 καὶ
277 2018 699 2090 Σεπξαρουαῒμ,
732 2020 825 2072 καὶ
860 2020 1285 2090 κατῳκίσθησαν
1312 2024 1367 2073 ὲν
1394 2024 1512 2085 ταῖς
1557 2022 1746 2075 πόλεσι

163 2112 498 2182 Σαμαρείας,
530 2114 651 2164 ἀντὶ
681 2111 787 2165 τῶν
819 2112 949 2166 υἱῶν
978 2113 1211 2183 Ἰσραὴλ,
1243 2116 1337 2167 καὶ
1374 2114 1744 2185 ὲκληρονόμηυ

163 2219 256 2256 σαν
285 2205 386 2275 τὴν
415 2205 751 2275 Σαμάρειαν.
786 2223 805 2256 ι
847 2198 1006 2258 Οὗτοι
1041 2206 1105 2277 δὴ
1134 2202 1247 2271 οὖν,
1273 2208 1320 2258 oi
1352 2206 1550 2275 κλῆρον
1596 2206 1743 2259 ἑλόν·

160 2313 248 2359 τες
278 2296 376 2348 τὸν
410 2298 793 2367 Σαμαρειτῶν,
817 2300 913 2352 καὶ
956 2300 1344 2369 κατῳκηκότες
1368 2299 1465 2370 τὴν
1492 2299 1614 2367 γῆν,
1647 2298 1742 2351 καὶ

162 2388 363 2441 τέκνων
416 2388 556 2458 τάχα
604 2406 706 2441 που
755 2391 1012 2458 γεγόνασι
1046 2391 1300 2460 πατέρες,
1341 2392 1432 2442 καὶ
1471 2393 1580 2452 τοῖς
1607 2390 1744 2442 Ἰου-

162 2479 321 2532 δαίων
357 2479 536 2532 ἔθνεσι
589 2482 1041 2550 προσνενεύκασι,
1073 2482 1172 2543 τὰς
1217 2481 1325 2533 τῶν
1378 2480 1605 2533 λεόντων
1647 2483 1746 2549 ἐφ-

164 2570 310 2634 όδους
344 2572 881 2643 κατορῤωδήσαντες.
910 2574 1003 2625 καὶ
1057 2573 1238 2626 αὐτῶν
1286 2573 1540 2640 γεγόνασι
1571 2573 1746 2641 Σαρα-

167 2663 283 2732 σᾶρ,
339 2665 437 2715 καὶ
499 2663 782 2735 Ἀρόεσὲρ,
829 2665 887 2727 ὃς
943 2665 1038 2717 καὶ
1094 2664 1408 2732 ὠνόμασται
1470 2663 1741 2731 βασιλεὺς,

164 2751 247 2805 διά
267 2771 350 2807 τοι
382 2754 444 2808 τὸ
475 2753 832 2824 καθηγεῖσθαι
872 2755 932 2806 τὸ
960 2754 1216 2824 τηνικάδε
1253 2754 1360 2807 τῶν
1392 2757 1448 2805 ἐν
1466 2740 1747 2825 Σαμαρείᾳ

1844 1840 2223 1908 Sepharvaim,
2253 1851 2307 1895 et
2356 1841 2605 1895 colloCati
2638 1851 2763 1895 sunt
2798 1843 2849 1895 in
2890 1842 3114 1895 urbibus
3162 1841 3423 1896 Samaria:

1843 1948 1941 2001 pro
1973 1932 2095 1986 ﬁliis
2128 1930 2315 1994 Israel,
2352 1944 2405 1987 et
2434 1934 2789 2002 possederunt
2848 1932 3152 1986 Samariam
3178 1932 3246 1986 ".
3284 1950 3304 1984 ι
3355 1929 3421 1984 Hi

1842 2022 2290 2092 suiitigitur,qui
2348 2024 2742 2077 Samaritarum
2815 2035 3017 2078 sortem
3078 2023 3422 2093 regionemvc

1844 2117 2180 2180 insederunt,
2210 2125 2264 2169 et
2296 2117 2661 2179 incoluerunt,
2692 2130 2757 2171 ac
2817 2116 3019 2169 liberos
3055 2115 3193 2170 forte
3227 2129 3425 2183 genue-

1848 2216 2069 2273 runt,et
2101 2208 2166 2259 ad
2201 2204 2508 2260 Iuda-orum
2554 2222 2734 2262 mores
2765 2222 2858 2262 seu
2895 2210 3030 2260 ritus
3068 2206 3426 2266 inclinarunt,

1850 2300 2339 2355 leoumniucursus
2375 2300 2745 2365 formidantes,
2829 2315 2861 2355 e
2914 2315 3144 2370 quorum
3198 2313 3426 2352 numero

1846 2390 2063 2443 fuerunt
2088 2389 2351 2469 Sarasar,
2371 2399 2425 2444 et
2453 2390 2712 2454 Arbeser,
2736 2390 2829 2460 qui
2871 2398 2926 2444 et
2972 2404 3064 2443 rex
3119 2390 3425 2459 nominatus

1842 2494 1946 2548 est,
1983 2484 2125 2550 quod
2158 2484 2262 2536 dux
2302 2498 2509 2546 eorum,
2540 2498 2604 2536 ac
2654 2484 2905 2551 princeps
2930 2490 3095 2543 esset,
3124 2483 3213 2548 qui
3243 2483 3294 2533 in
3325 2480 3428 2533 δει-

1846 2573 2074 2627 mariam
2126 2588 2191 2627 ex
2234 2573 2412 2627 Persis
2469 2574 2766 2627 habitatum
2857 2574 3302 2641 commigrarunt.
3358 2570 3425 2624 Et

1850 2665 1963 2718 haec
2002 2666 2215 2733 quidem
2248 2665 2314 2716 de
2363 2663 2512 2716 viris.
2580 2661 3101 2717 Desanctiﬁcatioue
3154 2676 3281 2716 vero
3326 2676 3426 2733 age

1847 2768 1991 2807 nunc
2018 2753 2325 2806 verisimilia
2359 2753 2624 2805 dicamus.

165 2822 614 2900 κατοικισθέντων
644 2848 709 2898 ὲκ
739 2847 839 2916 τῆς
879 2822 1126 2919 Περσῶν.
1153 2846 1264 2900 Καὶ
1322 2845 1497 2898 ταῦτα
1550 2822 1659 2916 μὲν
1686 2822 1814 2915 περὶ
1849 2845 1961 2899 τῶν
2007 2844 2236 2916 ἀνδρῶν.
2274 2844 2410 2914 Περὶ
2446 2843 2504 2896 δέ
2548 2860 2612 2912 γε
2656 2843 2749 2896 τοῦ
2796 2845 3154 2917 ἀγιάσματος,
3185 2843 3317 2916 φέρε
3361 2822 3429 2908 δὴ

167 2938 319 2992 πάλιν
344 2939 418 2990 τὰ
447 2939 633 2992 εἰκότα
666 2938 934 3009 λέγωμεν.
1034 2965 1041 2971 ·

231 3033 441 3087 Οὐκοῦν
476 3035 606 3103 πρὶν
638 3033 839 3086 ἁλῶναι
867 3036 964 3105 τὴν
1003 3036 1266 3092 Ἰουδαίαν
1305 3035 1454 3106 παρὰ
1493 3031 1586 3087 τοῦ
1631 3031 1742 3086 Να-

1921 3025 2106 3095 Itaque
2127 3030 2416 3095 antequam
2448 3024 2628 3080 Judaei
2664 3043 2693 3082 a
2723 3027 3247 3085 Nabuchodonosore
3293 3033 3426 3086 sub-

165 3124 567 3195 63uxoéov6crop,
621 3127 649 3177 ὁ
695 3126 961 3193 μακάριος
1008 3128 1297 3197 προφήτης
1354 3126 1507 3194 Ἰωὴλ
1545 3124 1746 3177 ἀνακέ-

166 3231 332 3284 κραγε
362 3214 427 3266 τὸ
477 3216 910 3284 συμϐησόμενον.
963 3216 1073 3269 Καὶ
1115 3216 1179 3286 δὴ
1222 3217 1317 3268 καὶ
1369 3214 1586 3268 πενθεῖν
1635 3216 1747 3276 τοῖς

168 3305 363 3376 ἱερεῦσι
398 3306 816 3375 παρεκελεύετο,
842 3308 936 3359 καὶ
962 3307 1188 3377 προσέτι
1209 3308 1305 3360 καὶ
1333 3310 1444 3369 τοῖς
1466 3306 1570 3358 ὑπὸ
1590 3308 1746 3376 χεῖρα

165 3396 326 3460 λαοῖς,
364 3398 462 3448 καὶ
507 3399 631 3450 ὅσον
682 3397 893 3450 οὐδέπω
946 3398 1044 3465 τῆς
1097 3398 1196 3466 μὲν
1255 3397 1609 3469 Ἰερουσαλὴμ
1642 3395 1747 3448 ὑπὸ

165 3488 325 3550 πόδας
385 3487 653 3557 ἐσομένης
711 3488 942 3561 ἐχθρῶν,
1000 3489 1634 3559 κατεμπρησθησομένου
1688 3487 1746 3541 δὲ

164 3578 252 3629 καὶ
297 3577 464 3629 αὐτοῦ
499 3578 595 3629 τοῦ
635 3578 781 3630 θείου
816 3579 963 3635 ναοῦ.
1002 3581 1147 3650 Ἔφη
1181 3581 1238 3633 δὲ
1268 3580 1439 3641 οὕτως
1461 3598 1472 3610 ·
1515 3597 1533 3629 ι
1580 3568 1745 3648 Πέρι-

166 3666 433 3731 ζὼσασθε,
476 3668 571 3721 κοιλ⁵
614 3669 902 3734 κόπτεσθε,
932 3672 979 3723 oi
1014 3673 1196 3741 ἱερεῖς·
1234 3670 1503 3741 θρηνεῖτε,
1537 3671 1587 3722 οἱ
1630 3669 1744 3721 λει-

164 3758 521 3828 τουργοῦντες
573 3758 964 3831 θυσιαστηρίῳ,
1017 3761 1305 3823 είσὲλθετε,
1357 3760 1641 3812 ύπνώσατε
1686 3760 1744 3810 ὲν

168 3850 409 3914 σάκκοις,
440 3850 877 3920 λειτουργοῦντες
903 3852 1037 3922 (θεῷ,
1063 3854 1146 3905 ὅτι
1174 3854 1482 3921 ἁπέσχηκεν
1511 3852 1568 3916 ἐξ
1595 3850 1742 3902 οἴκου

166 3936 294 3990 Θεοῦ
332 3937 487 4007 ὑμῶν
529 3938 690 3993 θυσία
728 3940 822 3992 καὶ
855 3941 1074 4011 σπονδή.
1129 3940 1416 4007 Ἀγιάσατε
1451 3937 1740 4007 νηστείαν,

166 4029 436 4100 κηρύξατε
465 4029 784 4101 θεραπείαν,
814 4034 1149 4100 συναγάγετε
1176 4030 1506 4101 πρεσϐύτας,
1533 4029 1742 4093 πάντας

166 4122 551 4186 κατοικοῦντας
585 4124 718 4193 γῆν.
746 4125 824 4187 είς
843 4118 991 4176 οἷκον
1023 4122 1157 4177 Θεοῦ
1191 4124 1367 4194 ὑμῶν,
1392 4122 1486 4175 καὶ
1505 4121 1743 4190 κράξατε

165 4210 295 4279 πρὸς
344 4212 551 4283 Κύριον
604 4214 866 4277 ἐκτενῶς·
900 4216 1058 4284 Οίμοι
1106 4216 1185 4275 είς
1234 4213 1481 4285 ήμέρανῑ
1548 4231 1566 4264 ι
1629 4212 1741 4265 Καὶ

164 4301 331 4353 ταῦτα
363 4303 463 4372 μὲν
492 4306 519 4356 ὁ
556 4308 860 4374 προφήτης.
892 4307 1024 4359 Τίνα
1047 4306 1103 4359 δὲ
1128 4304 1192 4375 δὴ
1217 4305 1419 4374 τρόπον
1459 4303 1738 4373 διεπεραί-

1850 3116 2107 3186 igeretur,
2155 3117 2343 3170 beatus
2392 3119 2650 3187 propheta
2679 3117 2793 3173 Joel
2845 3123 2984 3188 quod
3018 3122 3258 3176 futurum
3309 3132 3427 3177 erat

1849 3210 2218 3278 proclamavit.
2249 3208 2389 3275 Quin
2420 3213 2584 3265 etiam
2612 3213 2943 3274 sacerdotes,
2974 3224 3028 3267 et
3060 3215 3277 3283 insuper
3301 3216 3431 3270 sub-

1844 3300 2045 3370 jectum
2097 3301 2230 3370 ipsis
2282 3303 2557 3371 populum,
2600 3304 2753 3372 quasi
2809 3320 2930 3358 mox
2976 3303 3273 3361 Jerusalem
3324 3308 3426 3362 sub

1850 3393 2072 3458 pedibus
2101 3392 2331 3444 hostium
2370 3392 2571 3456 futura,
2610 3395 2727 3462 ipso
2758 3410 2972 3464 quoque
3005 3398 3186 3452 divino
3229 3399 3426 3466 templo

1850 3484 2203 3545 inﬂammato,
2259 3485 2324 3535 ad
2371 3483 2572 3537 luctum
2632 3486 2880 3541 hortatus
2928 3498 3031 3541 est.
3092 3490 3183 3542 Sic
3242 3500 3422 3544 autem

1848 3575 1923 3627 ait
1954 3593 1968 3628 :
1998 3593 2016 3626 ι
2040 3576 2415 3644 Acciugimini,
2447 3586 2496 3629 et
2527 3576 2780 3644 plangite,
2801 3580 3130 3644 sacerdotes,
3163 3580 3424 3634 lamenta-

1849 3666 2004 3726 tnini,
2026 3664 2116 3727 qui
2152 3665 2475 3719 ministratis
2506 3666 2688 3729 altari,
2712 3667 3081 3734 ingredimini,
3103 3668 3336 3720 dormite
3368 3668 3420 3721 in

1846 3756 2040 3818 saccis,
2083 3742 2455 3811 ministrantes
2486 3756 2619 3822 Deo,
2650 3758 2773 3823 quia
2806 3757 3000 3810 defecit
3030 3758 3096 3810 de
3124 3756 3287 3809 domo
3327 3758 3419 3812 Dei

1848 3843 2010 3896 vestri
2044 3844 2371 3896 sacrificium
2419 3856 2475 3898 et
2520 3845 2725 3897 lihatio.
2768 3844 3421 3913 Sanctilicatejejunium,

1845 3936 2134 4004 pra-dicate
2173 3938 2535 4001 curationem,
2573 3947 2901 4006 caugregate
2927 3939 3190 4002 seniores,
3230 3953 3421 3995 omnes

1845 4027 2153 4082 habitantes
2186 4036 2387 4081 terram
2422 4028 2473 4080 in
2499 4028 2717 4081 domum
2748 4028 2837 4082 Dei
2882 4032 3071 4095 vestri,
3109 4040 3163 4084 et
3190 4030 3421 4087 claritate

1843 4119 1910 4171 ad
1946 4117 2226 4171 υοιιιίιιιιιιι
2275 4119 2625 4172 vehementer
2655 4135 2668 4172 :
2701 4118 2812 4173 lleu
2859 4121 2988 4173 mibi
3031 4120 3082 4174 in
3124 4120 3262 4175 diem
3284 4121 3359 4177 “i
3391 4140 3413 4174 ι

1844 4209 1913 4263 Ει
1961 4209 2073 4263 haec
2119 4211 2335 4277 quidem
2401 4210 2685 4278 propheta.
2735 4212 2975 4276 Quonam
3029 4223 3208 4266 autem
3259 4214 3420 4269 modo

1844 4301 2099 4369 praedicta
2159 4303 2516 4371 contigerint,
2563 4301 2675 4370 jam
2728 4304 2966 4369 docebo,
3018 4306 3201 4360 verbis
3250 4319 3422 4363 sacra:

164 4409 278 4445 νετο
310 4396 378 4446 τὰ
414 4397 852 4465 προηγγελμένα,
891 4397 1138 4467 σαφηνιῶ
1173 4396 1357 4459 πάλιν,
1396 4395 1529 4449 αὐτὸ
1559 4411 1739 4466 παρα-

1846 4391 2140 4461 Scripturte
2170 4393 2433 4447 recitatis.
2467 4393 2558 4447 Sic
2599 4394 2741 4447 enim
2775 4404 2951 4448 exstat
2991 4396 3043 4448 in
3083 4406 3276 4465 quarto
3314 4395 3420 4452 Re-

164 4480 272 4546 θεὶς
314 4486 375 4536 τὸ
410 4483 649 4554 Γράμμα
681 4485 743 4538 τὸ
795 4488 957 4557 ἱερόν.
1017 4487 1328 4558 Γέγραπται
1368 4486 1426 4539 δὲ
1468 4484 1642 4549 οὕτως
1673 4484 1739 4556 ,ὲν

161 4575 219 4640 τῇ
273 4573 517 4644 τετάρτῃ
568 4573 676 4629 τῶν
737 4574 1063 4628 Βασιλειῶνο
1123 4593 1141 4627 ι
1209 4577 1297 4628 Ἐν
1349 4575 1428 4645 τῷ
1484 4576 1613 4646 μηνὶ
1663 4572 1740 4643 τῷ

163 4663 421 4734 πέμπτῳ,
470 4666 536 4735 τῇ
582 4664 786 4738 ὲὸδόμῃ
824 4664 917 4719 τοῦ
963 4667 1151 4736 μηνὸς,
1194 4662 1346 4730 οὗτος
1379 4666 1620 4728 ἐνιαυτὸς
1651 4667 1737 4717 ὲν-

164 4755 583 4817 νεακαιδέκατος
626 4755 702 4826 τῷ
740 4757 1206 4827 Ναϐουχοδονόσορ
1248 4757 1456 4827 βασιλεῖ
1487 4756 1739 4809 Βαϐυλῶο

164 4857 264 4909 νος,
312 4838 446 4915 ἦλθε
485 4845 875 4918 Ναϐουζαρδὰν
911 4850 939 4899 ὁ
977 4849 1393 4919 ἀρχιμάγειρος,
1438 4845 1609 4910 ἑστὼς
1650 4849 1740 4899 ὲν-

165 4928 330 4985 dimov
395 4933 659 5003 βασιλέως
699 4936 1014 5000 Βαϐυλῶνος
1074 4940 1152 5000 είς
1189 4937 1577 5006 Ἰερουσαλὴμ,
1641 4938 1738 4990 καὶ

166 5022 431 5094 ἐνέπρησε
457 5024 548 5077 τὸν
590 5021 739 5077 οἷκον
780 5026 1011 5094 Κυρίου,
1047 5029 1141 5080 καὶ
1177 5026 1266 5080 τὸν
1290 5024 1435 5079 οἷκον
1455 5026 1547 5079 τοῦ
1586 5025 1740 5096 βασι-

166 5108 320 5177 λέως,
364 5116 459 5167 καὶ
489 5117 699 5179 πάντας
744 5120 868 5180 τοὺς
911 5118 1093 5181 οἴκους
1134 5118 1511 5188 Ἰερουσαλήμ.
1551 5137 1570 5170 ι
1610 5112 1740 5169 Εἶτα

166 5207 605 5276 κεχειροτόνηκεν
635 5209 727 5261 ἐπὶ
759 5209 850 5262 τὸν
896 5209 1311 5280 περιλειφθέντα
1338 5210 1510 5280 δῆμον
1539 5211 1595 5275 ἐξ
1641 5210 1741 5261 Ἰσ-

165 5298 293 5367 ραὴλ
326 5300 415 5352 τὸν
442 5300 483 5352 Γ
485 5301 719 5366 οδολίαν,
757 5304 815 5354 ὲν
847 5304 980 5373 μηνὶ
1011 5302 1088 5374 τῷ
1130 5302 1363 5372 ἑϐδόμῳ,
1401 5303 1460 5355 ὃν
1492 5301 1739 5355 ὑπελθὼν

163 5386 487 5460 ἐχειρώσατο
531 5393 627 5445 καὶ
656 5393 977 5447 ἀπέκτεινεν
1021 5394 1245 5465 Ἰσμαὴλ
1287 5394 1400 5457 υίὸς
1447 5393 1737 5459 Ναθανίου,

165 5479 269 5533 υίοῦ
326 5480 600 5550 Ἐλισά6α,
655 5487 723 5537 ὲκ
768 5484 863 5537 τοῦ
920 5485 1233 5556 σπέρματος
1279 5485 1388 5538 τῶν
1432 5485 1695 5554 βασιλέων
1720 5501 1736 5517 ⁸

174 5680 185 5687 -
230 5654 273 5687 ἰ
311 5654 374 5709 ιν
404 5657 537 5729 Reg.
581 5673 719 5722 xm,
766 5656 888 5710 1-3.
1002 5657 1045 5688 ’²
1088 5658 1216 5713 ibid.
1257 5660 1349 5723 23,
1386 5660 1478 5711 Ἡ.

1846 4498 1971 4553 gum
2018 4501 2032 4537 :
2067 4499 2085 4533 ι
2126 4480 2183 4535 In
2235 4498 2422 4536 mense
2473 4485 2663 4551 quinto
2693 4484 2856 4553 710
2894 4486 3121 4553 septima
3178 4491 3417 4551 mensis,

1846 4586 1988 4625 anno
2019 4572 2229 4626 decimo
2269 4588 2413 4627 nono
2456 4575 2596 4642 regis
2620 4571 3117 4631 Nabuchodonosor
3143 4577 3286 4629 venit
3315 4575 3419 4629 Na-

1847 4664 2121 4717 buzardan
2166 4665 2419 4733 princeps
2465 4680 2796 4734 coquorum,
2852 4677 3004 4723 stans
3058 4682 3238 4721 coram
3295 4682 3419 4736 rege

1846 4752 2160 4824 Babylonis,
2195 4754 2643 4824 Hierosolymam,
2676 4766 2730 4811 et
2759 4759 3035 4811 succendit
3068 4758 3284 4811 domum
3314 4757 3418 4810 Do-

1847 4846 2001 4911 mini,
2044 4855 2100 4898 et
2147 4845 2363 4900 domum
2414 4849 2577 4917 regis,
2639 4857 2694 4902 et
2740 4863 2928 4902 omnes
2973 4849 3164 4902 domus
3208 4846 3419 4903 Jerusa-

1844 4935 1947 4991 lem
1974 4936 2041 4991 “.
2073 4956 2093 4989 ι
2128 4937 2327 4991 Deinde
2370 4940 2614 5009 reliquiis
2656 4941 2833 5010 populi
2884 4940 3097 4994 lsraelis
3135 4939 3415 4995 Goduliam

1844 5030 2142 5101 praeposuit
2187 5045 2373 5085 mense
2416 5032 2667 5101 septimo,
2702 5049 2861 5101 quem
2892 5030 3103 5086 insidiis
3130 5045 3420 5099 aggressus

1842 5124 2010 5191 cepit,
2062 5131 2117 5177 et
2157 5122 2736 5189 oblruucavitlsmael,
2790 5126 2933 5180 lilins
2974 5122 3274 5189 Nathauiae,
3322 5124 3415 5178 ﬁlii

1844 5212 2082 5275 Elisaba,
2110 5215 2319 5268 semine
2357 5216 2504 5283 regio
2542 5218 2802 5271 oriundus
2830 5236 2843 5270 :
2873 5217 2925 5269 in
2956 5218 3089 5270 hanc
3115 5214 3259 5268 enim
3295 5229 3419 5269 scn-

1844 5308 2072 5359 tentiam
2107 5307 2371 5375 scriptum
2413 5307 2664 5376 legimus.
2713 5308 2897 5375 Itaque
2929 5318 3210 5376 posmuam
3241 5307 3419 5361 conti~

1842 5397 1921 5466 git
1978 5397 2030 5450 in
2091 5411 2274 5452 mense
2330 5398 2517 5466 quinto
2571 5398 2659 5451 die
2719 5400 2944 5467 septima
2987 5397 3413 5470 Hierosolymam

1844 5486 1981 5556 capi,
2010 5488 2266 5554 temptant
2291 5489 2572 5552 succendi,
2595 5496 2649 5542 et
2682 5488 2904 5557 insuper
2930 5489 3104 5547 occidi
3132 5487 3416 5549 Godoliam

1594 5659 1638 5691 ’³
1675 5658 1793 5713 Jocl
1832 5657 1987 5723 t,15,
2030 5659 2112 5713 l5.
2195 5659 2237 5691 ”
2277 5618 2345 5715 iV
2389 5659 2520 5733 Reg.
2568 5677 2755 5729 xxviii,
2796 5661 2851 5717 8.
