3936 6318
503 248 609 305 163

1493 238 1549 294 S.
1592 239 1864 296 CYRILLI
1903 241 2374 301 ALEXANDRINI
2408 244 2729 301 ARCHIEP.

3656 234 3758 291 ωε

502 378 689 420 mense
728 359 981 432 septimo,
1034 358 1124 429 qui
1180 368 1555 412 remanserant
1595 359 1787 426 Judaei,
1833 360 2079 418 fortassis

2191 365 2488 435 γέγραπται
2520 364 2629 432 γὰρ
2667 362 2784 417 ὡδί.
2840 357 3049 415 Οὐκοῦν
3077 354 3374 426 ἐπειδήπερ
3412 351 3760 424 συμϐέϐηκεν

500 455 556 511 in
611 454 928 510 memoriam
988 451 1256 524 dictorum
1321 463 1351 501 a
1400 449 1662 519 propheta
1714 449 1946 506 Jeremia
2001 466 2084 507 re-

499 545 697 615 gressi,
750 550 1081 607 statuerunt,
1132 548 1192 594 ut
1238 554 1304 594 ex
1355 540 1607 595 omnibus
1658 541 1794 597 locis
1840 542 2081 598 ﬁnitimis

499 635 674 705 quinti
730 632 934 687 mensis
990 630 1077 685 die
1132 630 1365 700 septimo
1406 644 1595 684 omnes
1644 629 2079 703 Hierosolymam

498 724 875 789 ascenderem,
903 734 957 777 et
980 722 1242 793 jejunium
1272 721 1692 788 sanctiﬁcarent,
1724 735 1779 778 et
1808 724 2080 794 planctum

499 817 860 886 susciperent,
910 815 1063 883 quasi
1100 827 1263 882 super
1301 822 1536 880 mortuo,
1584 822 1639 869 et
1683 815 2081 887 quodammodo

499 922 665 978 super
690 909 957 961 cadavere
990 905 1178 975 templi
1209 904 1499 975 ejularent,
1522 914 1577 960 et
1601 919 1763 975 super
1788 909 1923 962 urbe
1958 921 2080 961 cre-

498 1010 646 1054 mata
683 1013 747 1052 ex
789 998 1181 1066 posterioribus
1226 996 1470 1051 consiliis
1498 995 1771 1066 profectas
1803 995 2080 1069 lacrymas

499 1090 859 1145 eﬂunderent.
910 1089 1312 1143 Existimabam
1354 1096 1536 1142 autem
1586 1103 1646 1143 se
1687 1091 1906 1143 modum
1936 1090 2082 1145 hunc

500 1183 596 1237 Dei
645 1182 855 1240 colendi
916 1181 1019 1249 ipsi
1076 1188 1286 1250 gratum
1334 1180 1736 1249 sapientissime
1786 1176 2077 1236 invenisse.

498 1275 671 1329 Porro
697 1274 924 1344 degebat
948 1274 1124 1328 adhuc
1159 1272 1324 1328 Israel
1360 1273 1458 1327 sub
1483 1272 1611 1343 jugo
1653 1273 1919 1341 impositae
1963 1288 2081 1327 ser-

500 1364 710 1428 vitulis,
742 1378 842 1418 nec
874 1363 943 1417 de
971 1361 1157 1417 divino
1188 1361 1387 1431 templo
1419 1363 1707 1431 quisquam
1729 1371 1846 1416 erat
1877 1362 2080 1417 sollici-

501 1466 607 1510 tus.
653 1458 753 1511 Ast
803 1455 892 1511 ubi
950 1470 1018 1511 ex
1060 1453 1241 1510 Persis
1283 1463 1340 1508 et
1400 1453 1570 1508 Medis
1617 1463 1985 1519 reverterunt,
2030 1462 2085 1509 et

503 1559 747 1603 sanctam
784 1549 1058 1603 civitatem
1108 1550 1174 1602 de
1222 1548 1435 1616 integro
1470 1546 1804 1612 habitarunt,
1855 1556 1911 1601 et
1948 1545 2086 1600 divi-

500 1652 629 1690 num
668 1640 920 1705 templum
955 1645 1303 1706 repararunt,
1332 1635 1509 1690 visum
1534 1645 1642 1701 est,
1675 1636 1816 1707 quod
1851 1636 2081 1704 solebat,

2184 457 2242 509 ὲν
2271 456 2349 524 τῷ
2379 454 2614 525 πέμπτῳ
2663 454 2814 525 μηνὶ,
2863 453 2958 505 καὶ
2985 452 3044 503 ὲν
3068 449 3254 519 ἡμέρᾳ
3281 449 3347 517 τῇ
3387 445 3592 515 ἐϐδόμῃ
3619 443 3761 498 ἁθλῶ-

2182 564 2269 602 ναι
2316 547 2415 618 μὲν
2453 547 2524 600 τὰ
2579 545 2957 616 Ἰεροσόλυμα,
3018 537 3510 610 κατεμπρησθῆναι
3562 538 3618 589 δέ
3666 535 3759 589 τόν

2180 640 2341 703 ναὸν,
2395 637 2828 709 προσαποθανεῖν
2876 636 2933 689 δὲ
2988 634 3083 687 καὶ
3139 631 3231 684 τὸν
3277 628 3526 682 Γοδολίαν
3573 629 3631 681 ἐν
3681 625 3760 696 τῷ

2181 733 2395 802 ἑϐδόμῳ
2449 730 2603 801 μηνὶ,
2653 730 2792 799 τάχα
2822 744 2936 796 ,που
2985 724 3120 795 πρὸς
3160 721 3463 793 ἀνάμνησιν
3510 720 3614 790 τῆς
3665 718 3760 772 τοῦ

2180 829 2465 899 προφήτου
2497 824 2703 895 φωνῆς,
2729 823 2778 874 οἱ
2812 820 3129 874 κατάλοιποι
3157 814 3265 868 τῶν
3305 813 3570 868 Ἰουδαίων
3609 813 3762 880 ἐνην-

2181 920 2401 989 εγμένοι
2426 916 2807 971 τετυπώκασιν
2841 912 2938 984 (1),
2970 911 3028 977 ἐξ
3062 910 3276 977 ἁπάσης
3302 906 3401 977 τῆς
3436 901 3763 975 περιοικίδος

2183 1012 2240 1065 ἐν
2276 1011 2405 1081 μηνὶ
2437 1009 2515 1078 τῷ
2548 1008 2783 1077 πέμπτῳ
2821 1006 2877 1057 ἐν
2922 1005 2989 1074 τῇ
3043 1001 3246 1073 ἐϐδόμῃ
3273 996 3369 1051 τοῦ
3420 996 3590 1067 μηνὸς
3629 995 3763 1048 ἀνα-

2182 1100 2384 1154 ϐαίνειν
2411 1098 2654 1159 ἅπαντας
2699 1096 2781 1159 εἰς
2838 1092 3209 1165 Ἱεροσόλυμα,
3258 1089 3353 1141 καὶ
3388 1086 3611 1155 ἁγιάσαι
3661 1083 3761 1154 μὲν

2181 1193 2457 1263 νηστείαν,
2511 1188 2723 1259 κομμὸν
2765 1186 2823 1239 δὲ
2867 1184 3111 1238 τίθεσθαι
3162 1180 3412 1249 καθάπερ
3461 1178 3553 1231 ἐπὶ
3582 1172 3762 1245 νεκρῷ

2184 1282 2278 1334 καὶ
2307 1276 2636 1347 ἐποιμώζειν
2672 1274 2912 1346 κειμένῳ
2943 1273 3144 1344 τρόπον
3174 1269 3295 1323 τινὰ
3325 1266 3405 1337 τῷ
3440 1266 3573 1336 ναῷ,
3600 1267 3666 1336 τῇ
3698 1280 3762 1317 τε

2184 1373 2336 1427 πόλει
2371 1370 2862 1443 κατεμπρησθείσῃ
2889 1369 2951 1421 τὸ
2983 1368 3047 1421 ἐκ
3080 1366 3180 1435 τῆς
3219 1360 3634 1433 ὑπεροόουλίας
3662 1358 3762 1413 δά-

2185 1482 2349 1536 κρυον
2392 1466 2624 1534 ἐπιχεῖν.
2674 1464 2864 1533 ᾭοντο
2897 1461 2953 1514 δὲ
3005 1460 3087 1512 ὅτι
3135 1456 3390 1530 λατρείας
3437 1455 3622 1516 αὐτοῖς
3665 1454 3763 1524 τῆς

2184 1555 2522 1630 ἀρεσκοόσης
2550 1554 2671 1625 Θεῷ
2716 1553 2916 1624 τρόπος
2944 1545 3099 1614 οὗτος
3137 1549 3413 1618 πάνσοφος
3443 1544 3759 1616 ἐξηύρηται.

2200 1646 2341 1700 Ἀλλ’
2378 1646 2681 1717 ἐπράττετο
2725 1644 2845 1714 μὲν,
2872 1642 2951 1694 ἔτι
2985 1639 3124 1713 [τοῦ]
3170 1638 3389 1710 Ἰσραὴλ
3420 1636 3526 1691 ὑπὸ
3547 1636 3638 1689 τὸν
3661 1633 3765 1704 τῆς

498 1744 606 1783 non
634 1728 745 1797 jam
791 1728 846 1783 in
890 1737 1135 1799 tempore
1157 1769 1173 1796 ,
1211 1743 1312 1782 nec
1351 1742 1471 1783 cum
1500 1730 1711 1784 ratione
1746 1729 1881 1785 ﬁeri.
1916 1729 2084 1798 Magis

2191 1735 2563 1807 αἰχμαλωσίας
2600 1732 2855 1804 κειμένου
2891 1731 3075 1800 ζυγὸν,
3108 1729 3363 1800 οὐδεμιᾶς
3397 1728 3453 1781 δὲ
3485 1726 3764 1798 φροντίδος

498 1824 644 1878 enim
686 1831 943 1891 tanquam
982 1837 1011 1875 a
1040 1819 1329 1890 praeteritis
1360 1820 1427 1874 ad
1462 1819 1791 1874 hilaritatem
1830 1821 2082 1887 transire,

499 1921 555 1966 et
587 1912 861 1967 celebrare
889 1912 1004 1966 dies
1037 1908 1230 1977 festos,
1261 1919 1316 1965 et
1344 1909 1561 1979 hymnis
1586 1908 1851 1964 libertatis
1878 1909 2084 1964 auctori

501 2006 703 2074 gratias
754 2018 915 2074 agere
986 2005 1362 2059 conveniebat.
1421 2002 1739 2058 Dubitantes
1798 2002 1963 2065 igitur
2018 2002 2085 2057 de

414 2100 415 2103 ‘
501 2098 696 2164 quibus
743 2110 924 2151 sermo
978 2104 1083 2161 est,
1129 2096 1384 2159 Sarazar,
1438 2102 1496 2148 et
1550 2093 1809 2159 Arseber,
1863 2094 2085 2148 mittunt

501 2188 762 2256 quosdam
842 2187 1236 2255 interrogatum
1288 2184 1597 2240 sacerdotes
1654 2194 1709 2239 et
1750 2185 2087 2254 prophetas:

508 2297 527 2329 ‹
557 2278 806 2348 Ingressa
850 2288 933 2333 est
982 2279 1090 2333 huc
1136 2274 1496 2332 sanctiﬁcatio
1528 2276 1580 2330 in
1636 2290 1821 2331 mense
1868 2277 2080 2346 quinto,

500 2370 643 2425 sicut
690 2368 936 2425 fecerunt
974 2370 1084 2438 jam
1138 2368 1294 2423 annis
1343 2366 1548 2431 multis,
1584 2385 1601 2419 ι
1647 2368 1748 2422 hoc
1788 2376 1892 2433 est,
1930 2382 2081 2433 num,

500 2463 591 2532 qui
623 2448 1011 2533 Hierosolymis
1044 2462 1311 2527 habitant,
1352 2475 1475 2515 cum
1516 2461 1647 2530 ipsis
1680 2461 1921 2531 lugeant,
1954 2476 2085 2516 con-

500 2554 953 2625 suetudinemque
1004 2553 1056 2608 in
1105 2552 1277 2607 forma
1319 2551 1775 2607 sanctiﬁcationis
1826 2553 2083 2607 usitatam

501 2646 787 2716 recipiant,
820 2647 984 2701 etiam
1023 2644 1261 2700 excitato
1289 2642 1511 2713 templo,
1551 2653 1605 2697 et
1646 2643 1824 2697 soluta
1856 2644 2083 2714 captivi-

503 2748 631 2793 tate.
677 2738 1100 2793 Sanctiﬁcabant
1144 2737 1289 2790 enim
1320 2735 1610 2805 jejunium,
1659 2744 1718 2791 ut
1761 2735 1897 2802 dixi,
1941 2736 2084 2790 sicut

498 2831 749 2888 fecerant
777 2830 903 2885 inde
942 2829 1010 2883 ab
1038 2828 1197 2882 annis
1233 2828 1436 2883 multis.
1469 2827 1692 2898 Captivo
1718 2828 1863 2881 enim
1888 2827 2084 2883 lsraele

503 2928 720 2990 tempus
769 2921 949 2976 luctus
994 2929 1048 2974 et
1092 2919 1193 2989 ipsi
1241 2924 1556 2973 constanter
1604 2918 1917 2984 servabant,
1940 2917 2081 2986 jeju-

503 3013 654 3068 nium
689 3012 1121 3076 sanctiticantes,
1148 3018 1205 3064 ut
1228 3010 1340 3080 jam
1371 3010 1522 3080 prius
1551 3010 1805 3065 diximus.
1835 3010 1932 3065 Est
1952 3026 2082 3080 ergo

2185 1830 2279 1883 τοῦ
2311 1827 2455 1882 θείου
2485 1827 2847 1896 τετυχηκότος
2888 1823 3040 1880 ναοῦ.
3078 1821 3297 1892 Ἐπειδὴ
3338 1820 3396 1873 δὲ
3437 1818 3761 1889 ἐπανῆλθον,

2185 1920 2284 1991 τὴν
2306 1919 2533 1992 Περσῶν
2556 1920 2786 1988 ἀφέντες
2808 1918 2905 1972 καὶ
2927 1916 3147 1986 Μήδων,
3170 1914 3267 1968 καὶ
3291 1913 3645 1982 κατῳκήκασι
3664 1909 3764 1979 τὴν

2186 2013 2347 2080 ἁγίαν
2381 2012 2556 2078 πόλιν,
2599 2010 2695 2064 καὶ
2739 2007 2857 2063 εἶτα
2898 2009 2988 2062 τὸν
3022 2008 3165 2062 θεῖον
3211 2003 3564 2074 ἀνεδείμαντο
3604 2000 3764 2067 νεὼν,

2187 2105 2362 2159 ἐδόκει
2398 2121 2514 2166 πως
2547 2103 2608 2155 τὸ
2642 2102 2765 2165 ἔθος
2800 2103 2982 2166 αὐτοῖς
3030 2101 3129 2155 οὐκ
3175 2100 3235 2153 ἐν
3268 2094 3445 2168 καιρῷ
3492 2095 3585 2149 καὶ
3622 2092 3767 2161 λόγῳ

2188 2189 2522 2262 πράττεσθαι
2545 2189 2748 2244 λοιπόν.
2775 2190 2922 2243 Ἔδει
2948 2188 3056 2260 γὰρ
3083 2187 3281 2258 μᾶλλον
3310 2186 3385 2249 ὡς
3407 2183 3514 2238 ἀπό
3553 2200 3616 2251 γε
3654 2181 3767 2237 τῶν

2186 2279 2568 2351 γεγενημένων
2601 2280 2991 2353 μεταχωρῆσαι
3023 2277 3158 2349 πρὸς
3182 2275 3465 2347 εὐθυμίαν,
3502 2273 3597 2329 καὶ
3624 2273 3767 2345 πλη-

2190 2372 2315 2443 ροῦν
2363 2374 2575 2444 ἑορτὰς,
2620 2374 2716 2426 καὶ
2760 2372 3148 2444 χαριστηρίους
3197 2369 3456 2423 ἀνάπτειν
3497 2365 3638 2438 ᾠδὰς
3686 2363 3768 2436 τῷ

2185 2464 2477 2534 κεκληκότι
2506 2464 2642 2535 πρὸς
2671 2462 2984 2533 ἐλευθερίαν
3017 2460 3233 2523 αὐτούς.
3280 2455 3670 2520 Ἐνδοιάζοντες
3702 2455 3770 2526 δὴ

2184 2550 2276 2609 οὖν
2313 2556 2362 2608 οἱ
2392 2555 2521 2627 περὶ
2554 2548 2628 2609 ὧν
2657 2557 2685 2608 ὁ
2713 2555 2893 2623 λόγος,
2934 2552 3198 2625 Σαρασάρ
3235 2569 3296 2605 τε
3341 2550 3435 2604 καὶ
3480 2547 3768 2618 Ἀρσεϐὲρ,

2186 2646 2463 2718 πέμπουσί
2511 2664 2664 2711 τινας
2706 2646 3069 2718 ἐρησομένους
3117 2645 3245 2708 τοὺς
3298 2644 3479 2714 ἱερεῖς,
3514 2640 3772 2702 καὶτοὺς

2186 2739 2505 2810 προφήταςο
2545 2755 2563 2788 t
2607 2736 2970 2805 Είσελήλυθεν
3023 2729 3125 2788 ὦδε
3179 2734 3241 2786 τὸ
3293 2733 3538 2802 ἀγίασμα
3578 2732 3636 2783 ἐν
3689 2727 3773 2800 τῷ

2188 2831 2318 2900 μηνὶ
2345 2829 2422 2900 τῷ
2452 2829 2710 2899 πέμπτῳ,
2743 2826 2933 2881 καθότι
2967 2826 3227 2896 ἐποίησαν
3257 2824 3358 2894 ἤδη
3396 2821 3554 2876 ἱκανὰ
3583 2819 3705 2890 ἔτη·
3748 2838 3770 2870 ι

2184 2922 2481 2984 τουτέστιν,
2524 2921 2573 2971 εί
2621 2918 3125 2989 συνδεδραμήκασιν
3167 2917 3215 2968 oi
3254 2914 3468 2968 πενθεῖν
3515 2911 3776 2975 εἰωθότες

2184 3014 2242 3067 ἐν
2269 3016 2380 3076 τοῖς
2425 3011 2836 3083 Ἱεροσολύμοις,
2884 3011 2978 3063 καὶ
3016 3010 3066 3061 εί
3107 3005 3470 3077 παρεδέξαντο
3510 3005 3609 3075 τὴν
3641 3020 3775 3056 συνο

505 3104 868 3158 dubitantium
914 3078 1290 3170 interrogatio,
1338 3078 1517 3155 utrum
1561 3101 1737 3156 adhuc
1779 3078 2081 3171 praestanda

2191 3105 2373 3175 ήθειαν
2391 3078 2562 3167 αὐτοὶ,
2581 3102 2679 3173 τὴν
2696 3078 2776 3166 ’ὡς
2808 3103 2865 3154 ὲν
2893 3100 3079 3171 τρόπῳ
3099 3096 3470 3167 γεγενημένην
3495 3095 3779 3163 ἁγιάσμαο

505 3199 578 3252 sit
610 3196 968 3251 sanctiﬁcatio
998 3203 1051 3249 et
1090 3195 1298 3259 luctus,
1327 3193 1576 3261 quamvis
1612 3192 1812 3261 templo
1851 3193 2081 3249 reaediﬁ-

506 3299 674 3343 cato:
725 3288 1022 3358 711-aut
1073 3294 1218 3340 certe
1259 3284 1639 3339 abstinendum
1694 3284 1747 3338 in
1780 3294 2079 3353 posterum,

506 3393 669 3433 causa
704 3378 878 3432 luctus
915 3386 1122 3430 remota
1156 3376 1385 3432 scilicet.

2188 3212 2299 3259 τος,
2336 3193 2513 3247 καίτοι
2538 3194 2631 3247 καὶ
2662 3192 3035 3265 ὲγηγερμένου
3062 3190 3154 3244 τοῦ
3186 3190 3331 3243 θείου
3363 3186 3513 3254 ναοῦ,
3549 3186 3645 3240 καὶ
3688 3186 3780 3239 λε-

2188 3284 2425 3354 λυμένης
2462 3284 2564 3354 τῆς
2594 3283 2989 3355 αἰχμαλωσίας.
3043 3281 3305 3349 Ἡγίασαν
3332 3275 3461 3350 γὰρ,
3493 3277 3569 3340 ὼς
3607 3276 3779 3347 ἔφην,

2189 3377 2445 3446 νηστείαν
2489 3377 2629 3430 καθὰ
2679 3376 3001 3447 δεδράκασιν
3049 3377 3113 3428 ὲκ
3158 3372 3367 3426 πολλῶν
3401 3370 3557 3424 ἐτῶν.
3590 3370 3778 3439 Αἰχμ-

481 3470 711 3536 ¹αλὼτου
746 3468 854 3541 γὰρ
909 3468 1060 3531 ὄντος
1112 3468 1205 3522 τοῦ
1248 3468 1483 3540 Ἰσραὴλ,
1534 3469 1937 3522 διατετελέκασι
1994 3470 2088 3523 κα)⁵
2127 3470 2281 3523 αὐτοὶ
2308 3470 2399 3525 τὸν
2472 3470 2567 3523 τοῦ
2612 3471 2839 3533 πένθους
2870 3469 3161 3543 τηροῦντες
3210 3467 3422 3538 καιρὸν,
3492 3465 3583 3519 καὶ
3612 3464 3779 3532 ἁγιά-

507 3562 688 3626 ζοντες
720 3561 817 3631 τὴν
843 3562 1113 3629 νηστείαν,
1146 3561 1398 3633 καθάπερ
1434 3562 1532 3632 ἤδη
1569 3564 1849 3634 προεῖπον.
1885 3561 2093 3614 Οὐκοῦν
2132 3562 2510 3626 ἐνδοιαζόντων
2541 3565 2575 3633 ή
2642 3561 2928 3632 ἐρώτησις,
2973 3562 3199 3629 πότερον
3238 3560 3343 3630 χρὴ
3406 3556 3648 3630 πληροῦν
3693 3556 3776 3611 ἔτι

508 3752 625 3814 τὶας
653 3750 895 3802 ἐκποδὼν
921 3751 1034 3818 οίχο
1042 3749 1227 3820 μένης.

581 3844 750 3900 Vens.
785 3844 901 3898 4-7.
942 3841 1010 3895 Ει
1053 3843 1222 3912 {actus
1267 3856 1338 3898 est
1379 3860 1545 3897 sermo
1592 3843 1799 3899 Domini
1844 3845 2092 3898 virtutum

509 3939 576 3993 ad
610 3956 713 4001 me,
744 3938 917 3988 dicens
951 3948 967 3986 :
1015 3934 1112 3987 Dic
1142 3937 1283 3989 omni
1324 3938 1513 4005 populo
1540 3947 1714 4000 terrw,
1739 3948 1784 3989 et
1816 3937 1882 3988 ad
1918 3951 2095 3988 sacer-

399 3687 403 3689 -
505 3659 567 3710 τὸ
593 3658 861 3726 ἁγίασμα,
891 3658 985 3708 καὶ
1020 3656 1232 3722 πένθος,
1255 3657 1350 3710 καὶ
1376 3657 1516 3727 μετά
1570 3674 1634 3726 γε
1657 3658 1756 3726 τὴν
1787 3655 2004 3728 ἔγερσιν
2024 3656 2118 3711 τοῦ
2152 3660 2281 3711 ναοῦ
2305 3675 2317 3689 ο
2354 3659 2522 3729 ἣγουν
2552 3659 2883 3728 ἀποσχέσθαι
2911 3656 3116 3722 λοιπὸν,
3157 3656 3254 3727 τῆς
3286 3653 3380 3706 τοῦ
3428 3653 3660 3717 πένθους
3690 3653 3776 3705 αἰ-

2266 3844 2375 3898 Καὶ
2402 3842 2637 3911 ἐγένετο
2657 3844 2838 3912 λόγος
2878 3843 3101 3910 Κυρίου
3130 3843 3249 3896 τῶν
3273 3842 3581 3911 δυνάμεων
3619 3844 3772 3911 πρὸς

2195 3932 2321 4002 ἐμὲ,
2346 3933 2540 4003 λέγων
2560 3950 2572 3963 ·
2617 3929 2809 3987 Εἶπον
2842 3933 2993 4000 πρὸς
3032 3932 3265 3986 ἅπαντα
3300 3932 3452 3986 λαὸν
3481 3932 3591 3999 τῆς
3636 3933 3769 4001 τῆς,

509 4033 687 4095 dotes,
732 4031 953 4084 dicens:
989 4029 1051 4085 Si
1090 4029 1500 4099 jejunuveritis,
1550 4038 1638 4080 aut
1674 4026 1985 4092 planxeritis
2036 4026 2084 4079 in

2197 4022 2294 4073 καὶ
2329 4023 2478 4087 πρὸς
2507 4022 2645 4086 τοὺς
2691 4021 2885 4088 ἱερεῖς,
2926 4021 3151 4090 λέγων’
3201 4021 3341 4075 Ἐὰν
3368 4024 3769 4089 νηστεύσητε,

511 4123 745 4192 quintis,
776 4131 867 4175 aut
913 4124 966 4175 in
1016 4121 1268 4185 septimis,
1306 4130 1353 4172 et
1405 4135 1518 4172 ecce
1564 4120 1895 4185 septuaginta
1943 4118 2090 4179 anni,

515 4213 749 4281 nunquid
783 4213 1047 4281 jejunium
1069 4210 1356 4281 jejunastis
1388 4206 1639 4261 milii?Et
1665 4208 1709 4258 si
1739 4208 2089 4270 comederitis,

2197 4111 2293 4165 καὶ
2338 4112 2613 4177 aedili-11008
2656 4112 2725 4163 ἐν
2753 4112 2884 4177 ταῖς
2913 4112 3226 4180 πέμπταις,
3271 4112 3309 4180 ἢ
3347 4112 3416 4164 ἐν
3444 4112 3573 4177 ταῖς
3605 4113 3773 4166 ἑϐδό-

2190 4219 2353 4271 μαις,
2390 4201 2489 4253 καὶ
2541 4200 2690 4267 ἰδοὺ,
2745 4201 3154 4271 ἑϐδομήκοντα
3190 4205 3314 4269 ἐτη,
3355 4206 3441 4271 μὴ
3479 4207 3771 4271 νηστείαν

512 4316 603 4359 aut
647 4304 901 4366 biberitis,
950 4320 1122 4358 nonne
1174 4318 1259 4356 vos
1308 4301 1600 4367 comeditis,
1650 4309 1696 4351 et
1735 4313 1825 4351 vos
1873 4297 2084 4349 bibitis?

2196 4292 2632 4360 νενηστεύκατέ
2682 4294 2982 4367 μοιχΚαί
3034 4295 3143 4347 ἐὰν
3196 4294 3439 4364 φάγητε,
3486 4296 3524 4364 ἢ
3574 4297 3770 4362 πίητε,

514 4412 681 4451 nonne
707 4397 807 4450 ista
854 4398 1002 4449 verba
1036 4404 1178 4458 sunt,
1227 4407 1343 4463 qua:
1372 4392 1580 4444 locutus
1631 4400 1706 4443 est
1744 4387 1998 4441 Dominus
2031 4389 2084 4441 in

2192 4385 2306 4452 οὐχ
2343 4382 2511 4451 ὑμεῖς
2542 4384 2788 4448 ἐσθίετε,
2842 4385 2938 4437 καὶ
2971 4384 3137 4452 ὑμεῖς
3171 4386 3407 4449 nlicere;
3443 4388 3563 4453 Οὐχ
3604 4383 3772 4441 οὗτοι

515 4491 751 4543 manibus
781 4489 1175 4557 prophetarum,
1198 4484 1287 4555 qui
1318 4494 1437 4537 ante
1462 4482 1676 4551 fuerunt
1698 4481 1721 4533 ?
1741 4480 1953 4549 quando
1977 4488 2084 4532 erat

2198 4478 2251 4529 οί
2300 4476 2502 4542 λόγοι,
2562 4474 2669 4537 οὓς
2725 4474 2993 4541 ἐλάλησε
3046 4477 3258 4543 Κύριος
3313 4476 3381 4528 ἐν
3433 4477 3601 4543 χερσὶ
3653 4477 3773 4531 τῶν

513 4579 809 4634 Jerusalem
842 4582 1103 4643 habitata,
1149 4586 1198 4631 et
1228 4576 1525 4637 abundans,
1562 4585 1607 4626 et
1639 4572 1874 4625 civitates
1897 4571 2009 4639 ejus
2036 4572 2084 4625 in

2192 4565 2518 4635 arpquth
2569 4565 2688 4618 τῶν
2740 4567 3113 4634 ἕμπροσθεν;
3166 4567 3297 4619 Ὅτε
3350 4563 3428 4636 ἦν
3475 4568 3773 4635 Ἰερουσα-

516 4674 761 4737 circuitu,
784 4683 832 4726 et
867 4682 1136 4736 montana,
1168 4680 1215 4723 et
1256 4666 1564 4736 campestris
1592 4664 1829 4717 habitata
1854 4674 1948 4718 est.

2191 4656 2321 4726 λὴμ
2348 4656 2801 4723 κατοικουμένη.
2829 4657 2924 4709 καὶ
2953 4657 3318 4724 εὐθηνοῦσα,
3347 4657 3443 4709 καί
3474 4661 3532 4709 αἱ
3564 4659 3771 4724 πόλεις

2197 4750 2498 4802 κυκλόθεν
2550 4746 2757 4815 αὐτῆς,
2808 4749 2901 4801 καὶ
2951 4750 2989 4816 η
3043 4748 3261 4815 ὀρεινὴ,
3317 4749 3411 4800 καὶ
3462 4750 3501 4816 ἡ
3552 4750 3769 4818 πεδινὴ

2196 4839 2535 4905 κατῳκεῖτο.

2266 4926 2394 4977 ΛΕ’.
2442 4926 2672 4996 Ἤροντό
2710 4943 2875 4990 τινες,
2921 4927 2996 4989 ὼς
3031 4927 3131 4997 ἥδη
3182 4930 3460 4998 προεῖπον,
3503 4929 3633 5000 περὶ
3675 4931 3768 4983 τοῦ

2198 5016 2426 5087 ἐπίκλην
2469 5019 2824 5087 ἁγιόισματος,
2874 5017 2998 5081 τούς
3027 5036 3083 5071 τε
3133 5020 3311 5089 ἱερέας
3355 5021 3448 5072 κα)⁸
3483 5020 3609 5083 τοὺς
3640 5038 3773 5092 προ-

2198 5109 2394 5178 φήτας,
2436 5110 2575 5160 κατὰ
2600 5108 2655 5160 δὲ
2692 5109 2752 5161 τὸ
2780 5108 2946 5172 εἰκὸς,
2988 5111 3441 5180 προσαγηοχότων
3468 5113 3567 5175 τὰς
3595 5114 3768 5179 λιτὰς,

2198 5201 2293 5251 καὶ
2325 5199 2407 5251 ὃτι
2438 5199 2704 5268 προσήκοι
2745 5201 2858 5262 τοῖς
2890 5200 2956 5253 τὰ
3003 5201 3175 5254 τοιάδε
3222 5202 3599 5270 φιλοπευστεῖν
3635 5207 3773 5276 ᾑρη-

2202 5286 2382 5355 μένοις
2406 5286 2794 5356 ἁποκρίνεσθαι
2823 5289 3007 5356 σαφῶς
3032 5289 3515 5356 διεσπουδακότων,
3544 5291 3660 5346 εἶτα
3689 5312 3770 5355 τις

2197 5380 2224 5430 ό
2258 5378 2410 5445 λόγος
2440 5380 2467 5430 ὁ
2501 5377 2649 5449 παρὰ
2677 5378 2833 5441 Θεοῦ,
2867 5379 3070 5451 βραχύς
3100 5398 3158 5432 τε
3193 5385 3285 5435 καὶ
3320 5384 3381 5435 οὐ
3416 5383 3644 5455 μακρὸς,
3679 5388 3771 5437 καὶ

2198 5469 2350 5523 οὐδὲν
2382 5469 2520 5539 ἔχων
2559 5470 2620 5521 τὸ
2653 5471 2985 5540 περισκεπές
3007 5490 3019 5502 ·
3053 5473 3167 5526 ἀλλ’
3193 5476 3257 5528 ἵν’
3291 5474 3462 5540 οὕτως
3502 5477 3769 5547 εἴπωμεν,

588 4922 808 4978 XXXV.
845 4923 1167 4990 Quaerebam
1190 4934 1432 4991 quidam,
1465 4928 1525 4974 ut
1557 4920 1669 4989 jam
1712 4918 1892 4984 docui,
1927 4917 1995 4972 de
2026 4930 2089 4971 ea

520 5030 637 5084 quae
672 5028 897 5071 vocatur
937 5012 1297 5069 sanctiﬁcatio
1322 5050 1337 5077 ,
1385 5028 1415 5065 a
1460 5011 1833 5066 sacerdotibus
1865 5018 1918 5064 et
1961 5022 2090 5079 pro-

522 5108 717 5178 phetis,
746 5108 861 5177 qui,
888 5113 948 5160 ut
981 5103 1235 5159 credibile
1272 5103 1350 5166 ﬁt,
1380 5117 1502 5158 cum
1537 5116 1723 5170 preces
1746 5100 2088 5164 obtulissent,

520 5208 577 5255 et
608 5200 734 5267 quid
771 5198 897 5253 talia
938 5196 1134 5265 cupide
1176 5194 1579 5249 sciscitantibus
1614 5192 1817 5263 liquido
1864 5206 2091 5259 respon-

522 5291 730 5353 derent,
772 5289 912 5358 apud
941 5303 999 5342 se
1028 5287 1315 5356 diligenter
1340 5286 1693 5355 cogitassent,
1726 5295 1969 5339 secutum
2008 5293 2092 5338 est

520 5380 746 5435 verbum
773 5393 802 5433 a
832 5378 962 5443 Deo,
992 5378 1177 5442 breve,
1215 5392 1279 5430 ac
1310 5376 1531 5430 minime
1566 5375 1807 5445 longum,
1851 5375 2092 5444 nihilque

523 5470 806 5533 continens
846 5469 1143 5526 involutum
1173 5487 1187 5524 :
1221 5469 1316 5525 sed
1348 5476 1406 5523 ut
1438 5467 1515 5523 ita
1548 5466 1815 5531 dicamus,
1864 5468 2089 5531 nudum,

598 5650 676 5726 (Ι)
714 5652 824 5711 Vox
882 5662 1156 5723 corrupta,
1200 5659 1255 5706 ut
1291 5657 1553 5720 apparet:
1606 5656 1698 5705 aut
1729 5660 1935 5717 expone
1978 5645 2238 5701 decretum
2276 5647 2530 5715 μαινίδα,
2561 5658 2606 5703 et
2634 5648 2991 5718 obsignaruut,
3017 5668 3043 5705 τι
3072 5654 3278 5713 τυπόω,
