3936 6318
191 341 285 400 tot;

1036 321 1579 395 comminutos
1617 339 1683 393 IN
1724 319 2126 394 'z'acuaami
2167 319 2608 393 merueram.

3348 326 3446 390 tot}

189 462 426 532 γυμνὸς,
481 463 576 514 καὶ
629 461 1036 523 εύαπάλλακτος
1085 461 1183 530 τὴν
1249 460 1342 512 τοῦ
1401 461 1772 530 συμφέροντος

1880 472 1932 514 et
1963 464 2012 514 in
2049 475 2155 528 quo
2183 459 2340 514 facile
2365 459 2651 513 utilitatem
2695 453 3089 525 deprehendas.
3126 442 3263 520 Quid
3303 457 3444 509 enim

193 554 406 623 γνῶσιν.
434 553 499 607 Τί
524 553 632 623 γὰρ
658 552 722 620 δὴ
753 552 812 606 τὸ
837 554 1049 623 χρῆμα,
1076 557 1262 622 φησιν,
1295 553 1452 604 εῑκαὶ
1483 552 1769 621 νενηστεύ-

193 668 314 706 κατε
341 649 509 718 τυχὸν
545 650 605 701 ὲν
635 651 756 712 ταῖς
788 649 1064 716 πέμπταις
1095 648 1187 700 καὶ
1219 649 1274 700 ὲν
1309 650 1427 710 ταῖς
1477 645 1769 717 ἑϐδόμαιςς

190 743 219 811 ἢ
249 739 378 793 ποία
408 756 495 802 τις
519 739 657 802 ὅλως
689 738 1029 808 κατόρθωσις
1070 738 1293 807 ἀρετῆς,
1333 739 1394 790 τὸ
1433 737 1772 800 ἐπολολύζειν

191 832 414 902 ἀμαθῶς
448 830 628 895 ξύλοις
670 847 728 882 τε
762 830 855 883 καὶ⁸
894 829 1062 892 λίθοις
1092 829 1608 900 ἐμπεπρησμένοις;
1641 829 1774 880 Τίνα

189 925 239 976 δὲ
266 921 476 992 τρόπον
505 923 617 983 τοῖς
660 921 790 990 παρ’
823 919 976 989 ὑμῶν
1017 918 1314 988 δρωμένοις
1358 918 1589 989 ὲφήδοιτ’
1632 918 1696 971 ἂν
1747 921 1774 970 ὁ

189 1014 333 1076 Θεὸς,
367 1013 458 1065 ὅτε
488 1012 595 1064 τῶν
621 1011 937 1078 ἀναγκαίων
965 1013 1044 1072 είς
1085 1009 1272 1079 ὄνησιν
1319 1009 1660 1079 πεπραχότες
1686 1009 1775 1060 οὓς

187 1105 287 1166 δὲν,
326 1103 510 1156 οῖεσθε
536 1103 678 1154 κατὰ
707 1103 848 1170 σφᾶς
887 1101 958 1153 τὰ
999 1101 1178 1154 πάντα
1208 1099 1402 1170 ἄριστα
1432 1101 1732 1171 κατορθοῦν
1758 1117 1771 1167 ;

187 1197 242 1247 Εἰ
263 1195 379 1265 γὰρ
409 1194 512 1262 τῆς
537 1191 794 1262 τοιαύτης
821 1193 1077 1262 δεδέημαι
1099 1191 1372 1261 νηστείας,
1409 1192 1502 1244 καὶ
1528 1193 1774 1244 ὲπαινῖν

186 1286 330 1351 ἄξιον
369 1284 596 1354 νομικὸν
624 1283 1062 1352 γυναικοπρεπῆ,
1104 1281 1194 1334 διὰ
1229 1281 1384 1334 ποίαν
1415 1282 1592 1334 αἰτίαν
1626 1283 1776 1334 ἑϐδο-

190 1373 458 1444 μηκοστὸν
496 1372 614 1436 ἔτος
653 1371 1160 1444 διατετελε[ύ]κατε,
1193 1373 1375 1442 φησὶν,
1409 1373 1470 1424 οὐ
1495 1389 1776 1441 νενηστευ-

187 1466 372 1530 κότες;
394 1465 782 1533 Διατρίϐοντες
813 1463 922 1535 γὰρ
956 1462 1034 1516 ἔτι
1070 1463 1221 1534 παρὰ
1254 1466 1363 1524 τοῖς
1392 1463 1771 1525 Βαϐυλωνίοις,

186 1559 241 1610 οὐ
270 1558 533 1626 νηστείαν
571 1555 888 1608 τετελέκασι
924 1556 1217 1626 δημοτελῆ,
1262 1555 1376 1608 ἀλλ’
1406 1555 1683 1626 οὐδέτερόν
1722 1573 1775 1608 τι

187 1648 322 1700 κατᾶ
351 1648 445 1701 τὸν
479 1648 644 1716 νόμον
675 1646 766 1700 τὸν
809 1648 1050 1710 Μωσέως
1093 1647 1479 1717 ἀποπεραίνειν
1514 1648 1776 1700 ἐσπουδα-

188 1738 336 1800 κότες
368 1739 552 1791 ἁλοῖεν
585 1738 670 1791 ἄν.
719 1733 852 1792 Εἶτα
900 1737 1018 1800 πῶς
1061 1737 1291 1808 ἠλέησα,
1327 1737 1480 1806 φησὶ,
1529 1738 1624 1789 καὶ
1677 1737 1776 1803 τῆς

1879 566 2131 621 magnum
2168 559 2267 615 cst,
2326 550 2520 619 inquit,
2554 548 2764 602 etiamsi
2794 545 3080 614 jejunaStis
3122 545 3260 600 forte
3290 547 3449 615 quin-

1878 643 1948 697 tis
1991 651 2041 696 ct
2107 642 2389 712 septimis,
2431 651 2521 695 aut
2567 641 2706 710 quod
2755 639 2974 693 virtutis
3007 637 3238 693 olﬁcium
3287 653 3450 707 super

1877 734 2038 804 lignis
2091 746 2144 788 ct
2173 735 2441 802 lapidibus
2471 734 2678 788 exustis
2706 732 2952 786 ululare?
2977 730 3225 797 Quonam
3265 741 3446 785 autem

1876 829 2038 884 modo
2081 828 2223 883 Deus
2261 827 2418 882 factis
2463 826 2662 881 vestris
2695 825 3013 890 delectetur,
3047 827 3262 895 quando
3314 826 3444 879 nihil

1876 920 2214 976 conducibile
2251 935 2372 974 cum
2407 918 2670 985 feceritis,
2715 919 2919 986 optima
2953 932 3177 987 quaeque
3211 918 3449 986 legitime

1878 1011 2071 1068 fecisse
2118 1012 2390 1067 statuitis‘!
2445 1009 2577 1064 Nam
2619 1009 2663 1064 si
2710 1008 3020 1077 huiusmodi
3058 1005 3319 1078 jejunium
3373 1026 3451 1062 re-

1877 1103 2056 1172 quiro,
2100 1112 2154 1158 et
2194 1102 2408 1156 feminis
2437 1102 2656 1172 dignum
2689 1099 2994 1154 institutum
3041 1096 3308 1152 laudabile
3341 1107 3447 1163 est,

1876 1195 2002 1264 quid
2043 1203 2125 1248 est
2193 1195 2334 1262 quod
2381 1207 2476 1261 per
2520 1191 2860 1260 septuaginta
2903 1203 3074 1243 annos
3107 1203 3212 1242 non
3241 1187 3451 1257 jejuna-

1877 1282 2011 1336 stis?
2033 1281 2412 1350 Etenim'apud
2443 1280 2767 1350 Babylonios
2796 1281 3068 1347 degentes,
3109 1276 3321 1346 publice
3346 1289 3449 1330 non

1871 1375 2222 1444 jejunabant,
2277 1389 2454 1442 neque
2505 1373 2626 1426 illos
2678 1371 2950 1440 quidpiam
3011 1369 3154 1422 aliud
3211 1382 3276 1422 ex
3336 1367 3454 1436 lege

1879 1465 2044 1520 Mosis
2072 1465 2312 1519 studiose
2347 1473 2706 1532 exsequentes
2733 1462 2978 1516 vidisses.
3019 1460 3221 1514 Deinde
3258 1460 3452 1513 miser-

1881 1569 1967 1613 tus
2002 1573 2146 1621 sum,
2189 1558 2384 1625 inquit,
2416 1565 2469 1608 et
2503 1556 2567 1609 de
2615 1570 2775 1608 manu
2806 1552 3194 1607 dominantium
3223 1565 3318 1606 vos
3343 1552 3453 1605 eri-

1878 1650 1990 1718 pui,
2028 1657 2081 1703 et
2112 1649 2396 1702 comeditis
2423 1663 2487 1701 ac
2520 1646 2700 1701 bibitis
2724 1687 2738 1713 ,
2772 1643 2878 1700 non
2912 1645 3040 1698 mihi
3085 1643 3262 1712 potius
3293 1657 3453 1710 quam

1878 1742 2031 1795 vobis
2064 1740 2471 1810 'gratilicantes.
2525 1738 2704 1805 Quare
2753 1738 2950 1790 frustra
2982 1745 3035 1789 et
3086 1733 3350 1789 inutiliter
3373 1733 3456 1802 je-

187 1829 288 1882 τῶν
317 1829 669 1900 κρατούντων
702 1829 883 1899 χειρὸς
910 1828 1216 1899 ἐξειλόμην,
1241 1828 1332 1880 καὶ
1364 1827 1440 1899 (Ι)
1481 1832 1642 1892 πιεῖν,
1671 1830 1770 1881 οὐκ

1876 1827 2111 1897 iuuantis
2145 1828 2308 1881 etiam
2337 1828 2587 1896 lac-ryma:
2625 1827 2811 1880 inanes
2842 1834 2986 1889 sum,
3020 1833 3072 1878 et
3108 1825 3271 1877 sudor
3310 1838 3445 1876 mer-

189 1922 308 1991 ὲμοὶ
343 1920 606 1991 μᾶλλονῆ
641 1922 857 1984 ἑαυτοῖς
897 1921 1189 1990 χαρίζεσθε
1233 1919 1294 1972 τὸ
1322 1922 1528 1992 χρῆμα.
1564 1922 1772 1974 Οὐκοῦν

164 2010 275 2066 ,τοῦ
320 2010 680 2079 νηστεύοντος
713 2010 868 2081 εἰκῆ,
904 2012 998 2064 καὶ
1038 2010 1125 2062 ἐπ’
1153 2010 1324 2063 οὐδενὶ
1355 2011 1459 2062 τῶν
1491 2011 1774 2080 χρησίμων

186 2102 276 2154 καὶ
303 2101 364 2155 τὸ
395 2101 632 2173 δάκρυον
660 2101 956 2170 ἀνωφελὲς,
990 2101 1083 2153 καὶ
1138 2100 1364 2170 ἄμισθος
1393 2103 1420 2153 ὁ
1450 2101 1626 2171 ἱδρώς.
1665 2099 1775 2170 Οὐχ

185 2189 330 2247 οὗτοι
353 2195 403 2246 οἱ
436 2194 586 2262 λόγοι
620 2194 727 2246 εἰσὶ
755 2192 861 2246 τῶν
885 2192 1182 2263 προφητῶν
1203 2192 1310 2244 τῶν
1337 2191 1662 2262 ἔμπροσθεν,
1687 2194 1776 2246 ὅτε

185 2281 249 2356 ἦν
301 2284 663 2355 Ἰερουσαλὴμ
707 2284 1131 2354 κατοικουμένη,
1170 2285 1263 2336 καὶ
1310 2283 1650 2354 εὐθηνοῦσα,
1682 2302 1776 2336 πε-

187 2372 595 2445 ρωχομένηίῖσ.
621 2371 1009 2443 περιχεομένη]
1035 2389 1092 2425 τε
1107 2375 1217 2435 τοῖς
1244 2373 1488 2441 ἀγαθοῖς,
1515 2375 1606 2425 καὶ
1630 2376 1774 2445 ἁπη-

190 2464 408 2534 pri-nos;
429 2464 511 2516 ἔτι
528 2466 646 2527 ταῖς
676 2463 832 2528 ἰδίαις
853 2463 1178 2534 ἐπαυχοῦσα
1195 2463 1403 2530 πόλεσι,
1422 2467 1539 2526 ταῖς
1558 2480 1616 2515 τε
1633 2466 1689 2516 ἐν
1705 2469 1771 2535 τῇ

187 2556 363 2627 ὀρεινῇ
395 2557 490 2608 καὶ⁸
510 2559 575 2626 τῇ
597 2557 960 2626 πεδινῇ;Ἐφη
993 2558 1090 2626 μὲν
1109 2556 1214 2625 γὰρ
1233 2557 1260 2608 ὁ
1285 2556 1570 2627 προφήτης
1599 2555 1771 2626 Ἰωήλ,

188 2648 266 2699 ὅτι
287 2647 370 2699 δεῖ
384 2647 792 2719 πρεσϐυτέρους
815 2647 1056 2718 θρηνεῖν,
1085 2649 1331 2717 ἱερέαςτε
1359 2649 1452 2700 καὶ
1471 2648 1655 2713 λαοὺς,
1676 2649 1774 2700 καὶ

347 2756 413 2807 γε
451 2739 518 2808 δὴ
552 2739 764 2801 τούτοις
792 2739 885 2791 καὶ
921 2740 1143 2807 ἁγιάσαι
1179 2739 1448 2808 νηστείαν.
1480 2739 1588 2791 Καὶ
1615 2739 1642 2790 ὁ
1675 2740 1774 2809 τῆς

188 2831 564 2900 παραινέσεως
607 2832 807 2894 σκοπὸς
863 2832 1045 2885 ἐκάλει
1095 2833 1231 2904 πρὸς
1281 2817 1640 2901 μετάγνωσιν.
1696 2834 1771 2885 Ub

186 2927 292 2995 γὰρ
315 2926 636 2996 περιμένειν
659 2927 818 2996 ἦθελε
843 2926 947 2978 τῶν
978 2926 1400 2996 συμϐεϐηκότων
1424 2927 1523 2996 τὴν
1554 2929 1767 2998 πεῖραν,

186 3006 270 3069 ἵνα
322 3017 419 3068 καὶ
467 3017 856 3088 ἐμπρησθέντα
897 3018 1274 3087 καταθρηνῆτε
1321 3017 1410 3069 τὸν
1461 3016 1605 3082 ναὸν,
1657 3017 1771 3071 ἀλλ’

187 3107 270 3160 ἶνα
321 3107 430 3177 πρὸ
477 3108 695 3178 πείρας,
727 3108 803 3170 ὼς
848 3108 1004 3177 ἔφην,
1053 3111 1287 3178 κομμοῖς
1320 3125 1376 3160 τε
1409 3110 1502 3161 καὶ
1554 3109 1770 3180 θρήνοις

186 3200 660 3269 ἐκμειλισσόμενοι
694 3201 784 3254 τὸν
828 3201 979 3263 Θεὸν,
1015 3201 1120 3264 ἔξω
1147 3200 1519 3271 γένησθερτῶν
1563 3201 1770 3260 κακῶν.

190 3291 400 3346 οὐκοῦν
442 3293 542 3362 οὐχ
572 3287 716 3346 οὗτοί
745 3295 882 3346 εἰσιν
925 3295 972 3345 οἱ
1008 3293 1155 3362 λόγοι
1189 3294 1298 3347 τῶν
1331 3295 1624 3365 προφητῶν
1670 3294 1778 3348 τῶν

192 3382 501 3454 ἔμπροσθεν
522 3403 537 3451 ;
561 3383 654 3450 οὓς
685 3384 1014 3454 ἠγνοηκότες
1045 3387 1199 3455 ὑμεῖς
1228 3386 1353 3451 εἰκῆ
1387 3385 1774 3454 κατοιμὼξετε,

192 3474 281 3524 καὶ
311 3472 478 3535 λίθοις
506 3473 783 3542 κειμένοις
809 3473 869 3527 τὸ
899 3473 958 3537 ἐξ
989 3475 1258 3542 ἁμαθείας
1289 3475 1523 3545 δάκρυον
1556 3475 1780 3528 ἐπιστά-

186 3559 363 3626 ζεσθε.
403 3563 600 3616 Καίτοι
629 3563 747 3617 δέον
775 3564 1107 3633 ἐπανορθοῦν
1139 3565 1237 3635 τῆς
1267 3565 1474 3617 ἑαυτῶν
1505 3565 1778 3628 πολιτείας

1878 1915 2008 1969 cede
2047 1928 2212 1969 caret.
2248 1913 2438 1968 Nonne
2473 1915 2556 1968 isti
2590 1928 2870 1968 sermones
2907 1923 3033 1968 sunt
3067 1912 3451 1982 prophetarum

1876 2006 2138 2075 priorum,
2193 2009 2406 2075 quando
2441 2006 2788 2061 habitabatur
2821 2005 3146 2071 Jerusalem,
3197 2014 3249 2059 et
3290 2005 3457 2059 abun:

1877 2097 2060 2164 dabat,
2097 2107 2150 2151 et
2189 2098 2603 2153 circumfluebat
2646 2098 2834 2164 bonis,
2874 2109 2925 2153 et
2966 2101 3030 2154 de
3071 2101 3183 2155 suis
3232 2101 3456 2156 urbibus

1877 2210 1998 2248 cum
2037 2193 2309 2248 montanis
2359 2203 2470 2248 tum
2524 2195 2922 2265 campestribus
2967 2195 3143 2250 adhuc
3195 2196 3360 2249 salvis
3403 2208 3455 2248 et

1878 2285 2234 2340 incolumibus
2269 2284 2590 2340 laetabatur?
2633 2287 2722 2340 Ait
2763 2287 2905 2342 enim
2943 2289 3200 2356 propheta
3245 2286 3451 2351 Joel",

1875 2375 2280 2430 lamentandum
2342 2377 2669 2442 senioribus,
2712 2377 3087 2431 sacerdotibus
3135 2386 3190 2431 et
3237 2377 3450 2446 populo,

1876 2479 1931 2522 et
1957 2478 2217 2537 praeterea
2253 2468 2704 2523 sanctificandum
2741 2469 3028 2538 jejunium.
3063 2471 3224 2539 712
3258 2469 3455 2524 llortas

1878 2558 2035 2612 tionis
2080 2574 2274 2628 scopus
2333 2569 2451 2613 erat
2505 2572 2701 2611 vocare
2756 2559 2822 2610 ad
2881 2558 3276 2626 paenitentiam.
3337 2560 3453 2612 Non

1874 2651 2019 2704 enim
2076 2657 2396 2719 exspectare
2442 2665 2536 2704 eos
2583 2648 2817 2717 volebat,
2854 2649 2980 2702 dum
3026 2649 3140 2718 ipsa
3188 2649 3452 2705 malorum

1875 2741 2209 2809 experientia
2248 2743 2594 2809 docerentur,
2629 2752 2690 2797 ut
2739 2743 2812 2797 ita
2852 2742 3111 2812 templum
3155 2753 3453 2798 crematum

1877 2832 2142 2901 delicatis,
2174 2835 2370 2903 inquit,
2402 2833 2496 2889 sed
2537 2845 2594 2888 ut
2625 2844 2749 2890 ante
2779 2834 3197 2904 experientiam,
3233 2843 3291 2888 ut
3319 2834 3452 2899 dixi,

1875 2923 2164 2994 eiulatibus
2232 2923 2594 2991 lamentisque
2657 2923 2824 2978 Deum
2889 2924 3235 2992 mitigantes,
3315 2925 3452 2979 mala

1874 3016 2142 3070 evadatis.
2185 3014 2568 3084 Quamobrem,
2613 3031 2793 3072 nonne
2850 3016 2937 3070 isti
2983 3025 3110 3070 sunt
3147 3029 3451 3078 sermones,

1875 3109 2071 3180 inquit,
2109 3112 2496 3179 prophetarum
2540 3109 2815 3179 priorum?
2867 3123 3098 3178 quorum
3153 3109 3327 3179 ignari
3360 3124 3454 3163 vos

1877 3202 2079 3258 frustra
2109 3202 2344 3272 ejulatis,
2392 3213 2446 3258 et
2474 3203 2682 3271 lapides
2718 3202 2866 3256 humi
2903 3202 3150 3272 jacentes
3185 3217 3292 3256 non
3336 3202 3452 3257 sine

1876 3297 2106 3352 stultitia
2149 3296 2403 3368 lacrymis
2438 3295 2782 3366 perfunditis.
2810 3296 2974 3365 Atqui
3001 3297 3288 3365 Oportebat
3337 3311 3451 3350 mo-

1877 3374 1964 3442 res
1997 3403 2123 3443 suos
2149 3389 2440 3458 corrigere,
2474 3397 2528 3443 et
2560 3388 2816 3443 laudabili
2851 3389 3045 3444 semita
3085 3389 3224 3443 citra
3268 3387 3453 3456 cujus-

1876 3492 2037 3546 quam
2079 3478 2556 3547 reprehensionem
2598 3478 2900 3545 ambulare,
2939 3478 3205 3534 voluntati
3241 3477 3452 3546 legisla-

1880 3567 2013 3620 toris
2051 3567 2221 3634 probe
2273 3575 2328 3620 et
2369 3567 2620 3622 omnibus
2657 3569 2901 3624 numeris
2929 3583 3119 3638 parere
3148 3569 3448 3637 cupientes.

183 3653 278 3723 τὴν
309 3654 449 3718 ὁδὸν,
480 3655 578 3706 καὶ
613 3655 712 3726 τὴν
755 3655 952 3708 εὐκλεᾶ.
989 3656 1082 3708 καὶ
1149 3656 1450 3727 ἀμώμητον
1519 3657 1652 3710 ίέναι
1694 3658 1900 3728 τρίϐον,
1956 3658 2256 3730 κατορθοῦν
2316 3654 2375 3715 εὖ
2422 3658 2568 3730 μάλα
2615 3660 2674 3714 δὲ
2717 3659 3026 3728 ἐγνωκότας
3068 3660 3128 3714 τὸ
3160 3659 3236 3729 τῷ
3285 3678 3452 3731 νομο-

184 3741 313 3814 θὲτῃ
339 3741 554 3796 δοκοῦν.

254 3836 361 3887 Καὶ
418 3835 659 3903 ἐγένετο
713 3837 894 3906 λόγος
955 3839 1174 3905 Κυρίου
1230 3840 1378 3907 πρὸς
1430 3844 1758 3909 Ζαχαρίαν,

184 3927 406 3996 λέγων·
446 3927 589 3982 Τάδε
631 3921 791 3998 λέγει
821 3931 1046 3997 Κύριος
1085 3932 1534 4002 παντοκράτωρ
1579 3933 1767 4002 Κρῖμα

183 4019 416 4072 δίκαιον
443 4021 698 4087 κρίνετε,
730 4021 824 4072 καὶ
863 4021 1053 4085 ἕλεος,
1087 4024 1183 4075 καὶ
1220 4023 1524 4091 οἱκτιρμὸν
1549 4025 1766 4077 ποιεῖτε

183 4112 437 4178 ἕκαστος
475 4113 584 4165 τὸν
622 4114 889 4182 ἀδελφὸν
919 4113 1107 4167 αὐτοῦ
1143 4117 1241 4168 καὶ
1275 4116 1498 4184 χήραν,
1542 4117 1634 4170 καὶ
1669 4117 1764 4184 ὁρ-

184 4206 392 4270 ραιἸῖ-ν,
436 4205 536 4257 καὶ
567 4205 976 4274 προσήλυτον,
1009 4208 1105 4260 καὶ
1138 4206 1365 4275 πένητα
1393 4209 1478 4277 μὴ
1514 4208 1765 4262 καταδυ-

183 4298 536 4361 ναστεύετε,
593 4298 689 4350 καὶ
750 4299 968 4353 κακίαν
1018 4299 1276 4366 ἕκαστος
1328 4302 1432 4354 τοῦ
1497 4297 1764 4369 ἀδελφοῦ

181 4386 366 4439 αὐτοῦ
410 4385 500 4454 μὴ
534 4388 1079 4464 μνησικακείτωιέν
1115 4391 1246 4453 ταῖς
1279 4389 1549 4457 καρδίαις
1577 4389 1761 4456 ὑμῶν.

248 4479 394 4543 ACI’.
440 4477 959 4549 Κατακιϐδηλεύσας
1000 4480 1061 4533 τὸ
1111 4481 1327 4544 πένθος,
1380 4480 1454 4544 ὡς
1485 4482 1767 4553 ¹ἄχρηστον

180 4565 270 4617 καὶ
326 4565 628 4634 ἀνωφελὲς,
677 4565 891 4621 καὶτὸν
929 4572 1134 4623 εἰκαῖον
1185 4570 1364 4623 αὐτῶν
1412 4573 1611 4644 ἱδρῶτα
1653 4574 1766 4626 δια-

180 4654 465 4722 χλευάσας,
501 4658 829 4727 ἁποκομίξει
881 4661 1017 4730 πρὸς
1061 4661 1122 4712 τὸ
1171 4661 1252 4716 ὅτι
1297 4663 1531 4732 μάλιστα
1576 4664 1766 4717 τελοῦν

179 4747 253 4805 εἰς
278 4745 491 4816 ἄνησιν,
524 4748 616 4799 καὶ
653 4749 750 4818 τῆς
791 4751 1120 4822 ἁνδανούσης
1141 4753 1289 4822 αὐτῷ
1319 4754 1592 4817 πολιτείας
1622 4757 1763 4824 σοιφῆ

179 4850 234 4885 τε
266 4836 366 4888 καὶ
399 4838 603 4906 ἐναργῆ
639 4841 989 4910 καταστήσας
1034 4842 1131 4912 τὴν
1169 4843 1305 4908 ὁδὸν,
1352 4845 1765 4898 καταλευκαίνει

181 4944 239 4992 γε
286 4928 483 5000 ὥσπερ
534 4931 700 4982 αὐτοῦ
733 4949 792 4983 τε
836 4933 928 4985 τοῦ
977 4934 1142 5004 νόμου
1178 4935 1271 4987 κα)⁵
1318 4937 1426 4990 τῶν
1469 4937 1765 5009 προφητῶν

181 5020 266 5071 τὸν
313 5020 462 5076 νοῦν.
536 5023 823 5092 Ἐφήδεται
856 5026 964 5096 γὰρ
1003 5028 1030 5079 ὁ
1072 5027 1366 5098 νομοθέτης
1398 5030 1542 5100 ὀρθῷ
1577 5047 1635 5082 τε
1671 5030 1766 5082 καὶ

181 5113 470 5185 ἀμωμήτῳ
524 5116 775 5186 κρίματι,
812 5119 1160 5191 ὲκτετίμηται
1198 5121 1253 5173 δὲ
1288 5123 1381 5174 καὶ
1423 5123 1540 5174 λίαν
1572 5125 1768 5174 ἐσπου-

179 5203 465 5275 δασμένως
515 5207 666 5260 ἔλεόν
720 5226 778 5260 τε
836 5211 929 5262 καὶ
977 5211 1347 5282 φιλαλληλίαν,
1391 5214 1482 5266 καὶ
1530 5215 1768 5267 ἐπαινεῖν

179 5295 322 5359 αξιοί
347 5295 443 5366 τήν
473 5300 555 5358 εἰς
586 5297 859 5367 ὀρφανοὺς
889 5299 1188 5376 ἀγάπησιν,
1224 5303 1318 5353 καὶ
1348 5302 1512 5369 φειδὼ
1546 5286 1643 5372 τὴν
1676 5303 1767 5355 ἐπὶ

179 5388 425 5451 γυναίοις
459 5390 628 5462 χηρξᾳ
662 5390 1146 5462 κατηχθεσμένοις.
1196 5395 1531 5448 Ἀποσείεταί
1565 5412 1625 5463 γε
1662 5397 1767 5467 μὴν

246 5563 296 5595 ’⁸
339 5563 459 5617 Joel
493 5585 527 5627 ι,
568 5567 636 5621 15
663 5583 822 5635 seqq.

1947 3835 2110 3891 Vens.
2142 3837 2293 3892 8-l0.
2345 3837 2410 3890 Et
2452 3839 2622 3905 factus
2667 3846 2745 3893 est
2787 3850 2957 3893 sermo
2988 3841 3199 3895 Domini
3235 3847 3304 3898 ad
3341 3830 3450 3901 Za;

1877 3931 2143 3996 cltariam,
2192 3931 2371 3983 dicens
2401 3947 2418 3984 :
2449 3929 2578 3983 Hm:
2631 3933 2755 3984 dicit
2797 3932 3049 3986 Dominus
3082 3939 3404 4005 omnipotens
3434 3960 3450 3995 :

1873 4021 2146 4076 Iudicium
2167 4022 2372 4091 justum
2393 4010 2655 4090 judicate,
2699 4034 2744 4075 et
2785 4024 3197 4079 misericordiam
3226 4039 3270 4082 et
3298 4031 3449 4085 mise-

1877 4115 2133 4167 rationem
2164 4111 2321 4181 {acite
2372 4115 2726 4184 unusquisque
2770 4131 2898 4184 erga
2943 4113 3159 4184 fratrem
3194 4136 3368 4187 suum,
3403 4138 3450 4179 et

1871 4205 2104 4270 viduam,
2148 4215 2195 4259 et
2231 4205 2512 4276 pupillum,
2557 4214 2605 4258 et
2656 4207 2926 4273 advenam,
2978 4220 3023 4262 et
3061 4227 3342 4278 pauperem
3390 4233 3450 4272 ne

1873 4298 2202 4367 opprimatis,
2255 4309 2302 4351 et
2343 4297 2566 4352 malitia:
2615 4300 2970 4370 unusquisque
3020 4302 3206 4370 fratris
3249 4309 3331 4360 sui
3389 4326 3450 4364 ne

1874 4390 2215 4442 memineritis
2246 4383 2302 4443 in
2332 4389 2577 4443 cordibus
2612 4391 2811 4444 vestris.

1801 4475 1844 4529 D
1951 4477 2190 4534 XXXVI.
2236 4479 2456 4550 Rejeeto
2484 4481 2630 4535 luctu
2678 4491 2733 4534 ut
2772 4481 3105 4539 infructuoso
3147 4495 3200 4540 et
3253 4488 3448 4554 inutili,

1874 4581 1927 4625 et
1969 4572 2115 4624 inani
2149 4586 2334 4625 eorum
2363 4572 2546 4626 labore
2569 4569 2753 4636 irriso,
2791 4575 2854 4626 ali
2885 4589 3146 4630 summam
3177 4591 3268 4631 eos
3301 4579 3448 4632 utili-

1876 4673 2038 4718 tatem
2071 4665 2310 4729 deducit,
2347 4675 2400 4718 et
2444 4666 2564 4719 vita:
2611 4667 2712 4722 sibi
2747 4680 2982 4737 accepta:
3027 4672 3109 4724 via
3166 4674 3448 4742 perspicue

1875 4754 2264 4824 manifestoque
2301 4756 2530 4818 munita,
2573 4766 2680 4811 tam
2721 4758 2854 4830 legis
2895 4760 3064 4830 ipsius
3118 4778 3277 4832 quam
3325 4780 3447 4832 pro-

1872 4845 2157 4913 phetarum
2212 4862 2430 4901 sensum
2479 4852 2857 4918 quadantenus
2905 4853 3165 4907 declarat.
3215 4854 3448 4909 Laetatur

1873 4939 2016 4991 enim
2058 4939 2334 5008 legislator
2388 4953 2536 4996 recto
2579 4952 2635 4998 et
2677 4943 2990 5014 inculpabili
3017 4944 3239 5013 judicio,
3282 4948 3446 5001 mise-

1870 5029 2161 5083 ricordiam
2197 5047 2322 5086 vero
2365 5042 2418 5087 et
2462 5044 2706 5088 mutuum
2765 5036 3102 5106 gratiﬁcandi
3143 5037 3446 5092 inservien-

1871 5121 2031 5190 dique
2062 5123 2296 5176 studium
2329 5125 2380 5178 in
2408 5127 2596 5194 primis
2621 5127 2874 5194 honorat,
2917 5139 2971 5182 et
3001 5128 3340 5183 dilectionem
3390 5133 3442 5185 in

1869 5211 2178 5280 orphanos,
2237 5214 2623 5286 lenitatemque
2671 5234 2796 5290 erga
2857 5219 3113 5274 mulieres
3170 5220 3445 5276 viduitatis

1869 5316 2008 5356 Onus
2043 5300 2374 5359 sustinentes
2417 5306 2736 5360 laudandam
2769 5318 2971 5364 censet.
3007 5310 3302 5364 Avaritiam
3347 5327 3446 5365 au-

1872 5405 1978 5448 tem
2047 5402 2102 5450 et
2168 5395 2525 5450 infirmior-um
2593 5400 2992 5466 oppressionem
3056 5409 3113 5456 ut
3165 5400 3443 5472 profanam

250 5745 328 5818 (l)
364 5745 561 5800 Desunt
631 5747 879 5814 quaedam
946 5761 1144 5801 voces:
1183 5764 1373 5804 sensus
1437 5758 1612 5804 tamen
1645 5759 1725 5805 est
1767 5750 1982 5818 plenus.

418 5841 696 5901 Parnm"
748 5838 866 5897 Gn.
907 5838 1158 5899 LXXII.
