3936 6318
478 380 564 438 lii
1457 383 1510 435 S.
1554 380 1828 435 CYRILIJ
1871 372 2346 434 ALEXANDIHM
2386 378 2698 432 AlltLllirli’.

3639 373 3733 428 ιιι

468 509 588 554 vata
623 510 739 564 est;
789 513 911 552 vera
947 507 1125 551 autem
1179 497 1369 549 civitas
1416 496 1698 551 vocabitur
1718 494 2042 559 Jerusalem,

2168 493 2269 555 iag,
2318 492 2546 562 ἀληθινὴ
2591 491 2644 544 δὲ
2694 492 2846 554 πόλις
2897 492 3226 564 κληθήσεται
3286 483 3323 554 ἢ
3357 489 3734 562 Ἰερουσαλὴμ,

481 607 586 644 non
619 590 751 660 jam,
785 599 841 642 ιιι
883 588 1034 652 olim,
1065 587 1166 640 diis
1199 602 1360 639 manu
1401 587 1677 642 fabricatis
1719 599 1773 642 et
1826 587 2048 640 simula-

469 683 575 734 cris
619 681 784 735 Deum
830 678 1218 732 mentientibus
1261 677 1460 732 cultum
1508 679 1745 732 divinum
1783 679 2044 740 tribuens,

468 778 558 826 sed
604 788 791 838 unum,
831 781 880 826 et
913 781 1107 825 natura
1143 780 1194 823 et
1227 785 1410 823 verum
1473 769 1638 824 Deum
1672 771 1817 823 omni
1853 785 2049 839 genere

469 862 729 916 bonitatis
761 860 968 924 colens,
995 870 1052 912 ut
1077 859 1127 911 in
1165 858 1403 912 futurum
1434 859 1638 930 legibus
1668 861 2051 913 convenienter

465 954 651 1006 \irere
682 950 832 1014 velit,
861 959 915 1001 et
951 950 1017 1002 ad
1061 950 1238 1000 omnia
1273 945 1430 1001 facile
1463 948 1739 1003 obediens.

536 1041 987 1097 Accommodabis
1017 1055 1179 1109 porro
1210 1056 1313 1094 non
1349 1040 1524 1106 inepte
1557 1040 1862 1108 huiusmodi
1893 1055 2052 1095 voces

464 1139 510 1188 ei
550 1135 645 1204 qui
701 1143 920 1204 propter
948 1147 1047 1187 nos
1079 1142 1136 1186 ut
1167 1146 1306 1185 unus
1333 1145 1397 1185 ex
1434 1130 1588 1185 nobis
1615 1130 1788 1186 factus
1817 1142 1928 1198 est,
1959 1133 2050 1186 Dei

467 1228 658 1290 Filius,
691 1226 781 1296 qui
817 1241 941 1280 cum
973 1225 1026 1279 in
1064 1223 1233 1278 forma
1269 1222 1446 1278 Patris
1476 1233 1638 1288 esset,
1669 1233 1722 1278 et
1753 1225 1974 1293 aequalis
2004 1227 2050 1278 ei

470 1336 564 1388 pr-r
603 1321 826 1384 omnia,
865 1337 883 1369 ι
925 1317 1166 1386 seipsnm
1202 1316 1542 1382 exinanivit,
1582 1317 1752 1369 l'orma
1788 1318 1926 1371 servi
1965 1333 2054 1373 ac-

469 1422 646 1480 cepta,
675 1423 730 1464 et
759 1410 933 1465 factus
961 1418 1045 1464 est
1079 1412 1257 1471 homo,
1288 1417 1340 1462 et
1367 1423 1573 1477 egenus
1602 1419 1821 1478 propter
1849 1425 1964 1471 nos,
1998 1419 2054 1462 ut

471 1519 567 1557 nos
597 1504 740 1558 illius
775 1503 952 1571 inopia
984 1502 1182 1558 divites
1211 1515 1454 1557 essemus
1479 1501 1546 1553 9°.
1582 1519 1599 1550 ι
1632 1501 1774 1571 Ergo
1805 1502 1894 1570 qui
1927 1501 2052 1553 olim

471 1606 687 1666 propter
712 1595 1196 1663 transgressionem
1241 1593 1292 1647 in
1325 1585 1514 1655 Adam,
1550 1611 1569 1643 ι
1603 1604 1655 1646 et
1688 1595 1812 1662 quia
1845 1593 2054 1647 inrum-

468 1687 544 1740 bit
568 1686 824 1755 cogitatio
852 1685 1085 1739 hominis
1108 1685 1173 1736 ad
1201 1683 1340 1738 mala
1365 1684 1432 1737 ab
1455 1683 1817 1738 adolescentia
1843 1687 1999 1745 sua‘,
2033 1709 2048 1733 ι

462 1778 606 1846 juste
634 1791 859 1832 aversus
883 1784 986 1839 est,
1013 1776 1078 1829 ad
1109 1791 1209 1830 nos
1236 1775 1436 1839 denuo,
1463 1784 1519 1828 ut
1548 1790 1616 1830 ex
1645 1779 1872 1830 naturali
1903 1795 2055 1830 man-

2151 583 2333 636 οὑκέτι
2363 582 2504 635 καθὰ
2548 585 2640 636 καί
2680 583 2843 636 πάλαι
2873 587 2986 646 τοῖς
3036 584 3428 654 χειροκμήτοις
3464 582 3605 644 θεοῖς
3648 585 3737 638 καὶ

2151 677 2264 736 τοῖς
2290 674 2663 743 ψευδωνύμως
2706 674 2990 744 ίνδόιλμασι
3033 674 3477 744 προσκομίζουσα
3507 674 3607 736 τὰς
3648 674 3738 727 λα-

2152 767 2372 836 τρείας’
2404 765 2538 818 ἀλλὰ
2577 765 2666 818 τὸν
2720 765 2817 818 ’ἐνα
2857 767 2951 818 καὶ
2982 766 3138 834 φύσει
3189 769 3281 818 καὶ
3320 765 3574 836 ἀληθινὸν
3613 764 3742 817 Θεὸν

2155 857 2533 928 θεραπεύουσα
2575 861 2691 921 ταῖς
2719 857 3064 920 ὲπιεικείαις,
3097 857 3184 910 διὰ
3213 857 3307 909 τοῦ
3354 857 3453 928 ζῇν
3497 856 3740 926 ἐννόμως

2156 950 2369 1003 ἑλέσθαι
2399 951 2606 1014 λοιπὸν,
2652 953 2744 1002 καὶ
2773 952 2892 1012 ταῖς
2932 951 3006 1012 είς
3036 950 3142 1001 πᾶν
3175 949 3352 1002 ὁτιοῦν
3388 948 3736 1010 εὑπειθείαις.

2231 1039 2523 1111 Περιθείης
2552 1041 2596 1094 δ’
2629 1040 2693 1094 ἂν
2742 1042 2968 1103 εἰκότως
3001 1039 3098 1103 τὰς
3122 1040 3333 1092 τοιάσδε
3364 1041 3548 1106 φωνὰς
3574 1038 3652 1109 τῷ
3680 1038 3742 1092 δι’

2157 1132 2304 1200 ἡμᾶς
2333 1132 2451 1183 καθ’
2481 1133 2628 1201 ἡμᾶς
2658 1131 2903 1200 γεγονότι
2933 1131 3110 1200 Λόγῳ,
3147 1130 3206 1192 ὃς
3229 1131 3487 1200 ὑπάρχων
3515 1132 3572 1184 ἐν
3606 1147 3740 1202 μορ-

2158 1226 2229 1292 φῇ
2271 1223 2362 1274 τοῦ
2421 1223 2846 1294 γεγεννηκότος,
2899 1223 2993 1276 και
3047 1225 3102 1274 ὲν
3159 1223 3364 1292 ἰσότητι
3414 1221 3559 1274 κατὰ
3602 1223 3742 1282 πᾶν,

2164 1334 2180 1366 ι
2222 1316 2410 1368 ἑαυτὸν
2452 1315 2711 1380 ἑκένωσε,
2761 1317 2974 1385 μορφὴν
3019 1314 3205 1367 δούλου
3259 1314 3441 1366 λαϐὼν
3475 1356 3490 1380 ,
3525 1314 3622 1366 καὶ
3652 1313 3738 1381 γέ-

2157 1426 2309 1476 γονεν
2335 1408 2639 1480 ἄνθρωπος,
2677 1407 2768 1460 καὶ
2822 1405 3134 1476 ἐπτώχευσε
3163 1405 3229 1458 δι’
3258 1406 3426 1474 ἡμᾶς,
3464 1404 3552 1457 ἵνα
3583 1405 3745 1474 ἡμεῖς

2156 1505 2220 1570 τῇ
2255 1500 2418 1553 αὑτοῦ
2448 1500 2691 1570 πτωχεία
2748 1499 3162 1568 πλουτήσωμεν.
3203 1517 3221 1548 ›
3263 1496 3471 1549 Οὐκοῦν
3501 1498 3529 1549 ὁ
3580 1496 3748 1548 πάλαι

2156 1593 2244 1645 διά
2271 1610 2325 1644 τε
2359 1592 2457 1662 τὴν
2483 1593 2542 1642 ἐν
2593 1591 2763 1660 Ἀδὰμ
2809 1589 3140 1661 παράϐασιν,
3183 1612 3200 1639 ι
3247 1590 3338 1642 καὶ
3364 1588 3424 1641 τὸ
3461 1586 3746 1656 ἐγκεῖσθαι

2157 1682 2252 1752 τὴν
2275 1682 2515 1734 διάνοιαν
2548 1679 2640 1732 τοῦ
2672 1677 2961 1748 ἀνθρώπου
3007 1679 3099 1732 ἐπὶ
3122 1678 3189 1730 τὰ
3221 1679 3433 1748 πονηρὰ
3462 1679 3523 1729 ἐκ
3561 1678 3747 1745 νεότη-

2159 1790 2270 1835 τος,
2304 1792 2319 1822 ι
2357 1771 2580 1835 δικαίως
2607 1771 3002 1842 ἀποστραφεὶς,
3060 1769 3363 1840 ἐπέστρεψε
3416 1769 3551 1840 πρὸς
3598 1769 3746 1839 ἡμᾶς

467 1868 752 1922 suetudine
781 1880 1033 1921 reversus
1061 1875 1164 1928 est,
1193 1876 1248 1919 et
1282 1865 1578 1920 Ecclesiam
1609 1866 1890 1935 habitavit,
1922 1870 2052 1921 civi-

2168 1869 2227 1930 ὓς
2257 1868 2316 1932 ἐξ
2348 1867 2595 1938 ἐμφύτου
2652 1867 2836 1919 λοιπον
2870 1865 3230 1936 ἡμερότητος,
3293 1864 3386 1917 καὶ
3441 1862 3743 1934 κατῴκηκε

472 1968 744 2027 talemque
773 1967 827 2010 et
861 1957 1230 2011 habitaculum
1285 1967 1530 2011 sanctum
1567 1959 1935 2013 sanctiﬁcatos
1967 1960 2047 2014 el"-

471 2049 616 2105 lecit.
651 2051 740 2104 Ait
776 2050 918 2104 enim
957 2050 1152 2104 alicubi
1197 2052 1263 2102 de
1298 2049 1468 2102 electa
1491 2089 1504 2112 ,
1544 2049 1780 2104 Ecclesia
1816 2052 2000 2119 utique
2034 2072 2046 2106 :

476 2161 494 2196 ι
528 2141 1188 2212 llichabitabo,quoniam
1213 2141 1348 2210 elegi
1374 2143 1554 2195 eam‘.
1586 2160 1604 2193 ι
1635 2141 1822 2196 Psallit
1846 2154 1899 2196 et
1924 2144 2053 2197 bea-

473 2245 558 2288 tus
590 2234 756 2287 David
779 2252 791 2288 :
818 2253 836 2284 ι
867 2235 1113 2289 Gloriosa
1135 2235 1278 2288 dicta
1303 2242 1430 2287 sunt
1453 2234 1518 2287 de
1539 2244 1609 2299 te,
1632 2233 1820 2289 civitas
1850 2234 1937 2288 Dei
1957 2234 1996 2287 ³.
2029 2252 2046 2285 ι

473 2326 624 2381 llauc
663 2326 817 2382 nobis
859 2326 986 2396 item
1025 2325 1285 2394 propheta
1325 2323 1490 2378 Isaias
1527 2324 1784 2378 indicavit
1821 2345 1834 2378 :
1877 2343 1896 2376 ι
1943 2326 2054 2379 Erit

471 2414 524 2468 in
571 2415 878 2469 novissimis
918 2415 1109 2470 diebus
1157 2415 1475 2469 manifestus
1520 2430 1672 2469 mons
1715 2416 1960 2481 Domini,
2002 2426 2056 2470 et

472 2507 664 2560 domus
716 2506 807 2560 Dei
857 2505 908 2560 in
955 2506 1267 2560 summitate
1315 2509 1611 2571 montium,
1658 2518 1713 2560 et
1759 2507 2056 2562 elevabitur

471 2612 633 2668 super
669 2597 867 2662 colles,
903 2605 957 2653 et
991 2597 1207 2652 venient
1245 2598 1311 2652 ad
1353 2612 1477 2652 eum
1511 2612 1700 2652 omnes
1735 2610 1922 2670 gentes
1944 2601 1985 2652 ⁸.
2031 2618 2047 2651 ι

471 2687 772 2757 Conspicua
821 2697 903 2742 est
947 2688 1090 2742 enim
1139 2688 1380 2742 Ecclesia
1427 2688 1666 2753 Christi,
1710 2699 1765 2744 et
1807 2691 1948 2745 velut
2001 2691 2052 2743 in

473 2788 657 2834 monte
682 2778 853 2847 posita
880 2787 1024 2845 patet
1047 2777 1318 2832 omnibus.
1339 2776 1541 2832 Vocata
1566 2791 1647 2833 εει
1669 2780 1868 2835 deinde
1889 2781 2052 2836 etiam

471 2885 624 2933 uera,
656 2869 966 2935 neutiquam
996 2869 1140 2937 typis
1169 2876 1220 2922 ct
1249 2869 1454 2922 umbris
1487 2870 1763 2932 serviens.
1795 2875 1888 2927 sed
1919 2873 2056 2926 veri-

478 2969 638 3013 tatem
675 2957 950 3026 complexa
991 2958 1202 3026 potius,
1238 2973 1357 3027 quae
1396 2969 1481 3014 est
1521 2961 1803 3026 Christus,
1871 2974 1922 3018 et
1962 2964 2058 3017 ad-

475 3053 778 3106 orationem
817 3052 868 3104 in
905 3050 1097 3120 spiritu
1134 3067 1198 3105 ac
1228 3053 1459 3105 veritate
1489 3067 1754 3121 usurpans
1776 3056 1816 3108 ”.

2155 1962 2253 2030 τὴν
2315 1960 2664 2031 Ἐκκλησίαν,
2730 1959 2882 2011 πόλιν
2931 1975 2989 2011 τε
3038 1958 3130 2010 καὶ
3196 1956 3515 2026 ἐνδιαίτημα
3552 1956 3750 2008 σεπτὸν

2157 2051 2450 2118 ἐποιήσατο
2500 2051 2626 2112 τοὺς
2667 2049 3052 2118 ἡγιασμένους.
3108 2048 3250 2116 Ἔφη
3304 2046 3412 2114 γάρ
3467 2061 3568 2096 που
3619 2045 3752 2115 περῖ

2160 2142 2406 2211 αἱρετῆς,
2443 2139 2601 2210 δῆλον
2647 2140 2700 2192 δὲ
2741 2141 2816 2192 ὅτι
2847 2140 2946 2208 τῆς
2997 2138 3323 2209 Ἐκκλησίας
3347 2153 3360 2168 ο
3392 2157 3409 2187 ι
3447 2132 3574 2190 Ὧδε
3618 2155 3752 2190 κατ-

2159 2233 2401 2303 οικήσω,
2447 2233 2528 2284 ὅτι
2563 2233 2906 2303 ᾑρετιτὰμην
2952 2231 3141 2301 αὑτήν.
3181 2250 3198 2282 ι
3251 2230 3458 2283 Ψάλλει
3502 2229 3558 2281 δὲ
3596 2230 3692 2281 καὶ
3725 2230 3753 2280 ὁ

2165 2326 2431 2395 μακάριος
2455 2325 2636 2378 Δαϐίδ
2675 2343 2690 2373 ι
2722 2324 3098 2392 Δεδοξασμὲνα
3130 2323 3366 2393 ἐλαλήθη
3429 2323 3558 2394 περὶ
3616 2320 3712 2372 σοῦ
3735 2361 3752 2382 ,

2162 2418 2195 2486 ἡ
2230 2417 2381 2479 πόλις
2420 2415 2513 2468 τοῦ
2541 2414 2698 2468 Θεοῦ.
2733 2435 2750 2466 ι
2777 2415 2991 2483 Ταύτην
3020 2416 3152 2485 ἡμῖν
3181 2415 3529 2484 κατεμήνυσε
3587 2414 3680 2465 καί
3725 2415 3753 2466 ὁ

2162 2510 2448 2579 προφήτης
2482 2507 2728 2571 Ἡσαΐας,
2762 2506 2953 2574 λέγων·
2981 2526 2997 2557 ι
3025 2508 3213 2560 Ἔσται
3252 2508 3309 2558 ὲν
3340 2508 3460 2568 ταῖς
3493 2504 3753 2574 ἐσχάταις

2161 2601 2398 2672 ἡμέραις
2431 2601 2669 2670 ἐμφανὲς
2718 2600 2778 2652 τὸ
2834 2600 2960 2670 ὅρος
3011 2600 3236 2670 Κυρίου,
3282 2600 3435 2652 καὶὸ
3474 2593 3624 2661 οἶκος
3656 2595 3754 2648 τοῦ

2163 2692 2297 2744 Θεοῦ
2329 2693 2415 2745 ἐπ’
2433 2693 2619 2761 ἄκρων
2644 2690 2750 2743 τῶν
2774 2691 2966 2761 ὀρέων,
2996 2691 3088 2743 καὶ
3113 2691 3461 2760 ὑψωθήσεται
3493 2687 3756 2756 ὑπεράνω

2160 2782 2267 2835 τῶν
2299 2782 2525 2852 βουνῶν,
2559 2781 2649 2833 καὶ
2669 2781 2890 2850 ἥξουσιν
2925 2781 3012 2832 ἐπ’
3039 2781 3202 2834 αὑτὸν
3232 2781 3410 2834 πάντα
3440 2779 3505 2832 τὰ
3533 2779 3685 2848 ἔθνη.
3731 2795 3750 2828 ι

2165 2873 2463 2946 Περίοπτος
2495 2872 2602 2942 γὰρ
2633 2875 2664 2942 ἡ
2703 2872 2996 2939 Ἐκκλησία
3024 2872 3261 2942 Χριστοῦ
3283 2912 3296 2934 ,
3338 2872 3432 2925 καὶ
3464 2867 3664 2940 οἷάπερ
3701 2871 3759 2921 ὲν

2161 2967 2276 3034 ὄρει
2307 2967 2557 3036 κειμένη,
2587 2968 2696 3028 τοῖς
2729 2963 3041 3032 ἁπανταχοῦ
3085 2963 3437 3033 γνωρίζεται.
3468 2962 3763 3029 Κέκληται

2163 3057 2218 3109 δὲ
2272 3061 2365 3110 καί
2398 3057 2678 3124 ἀληθινὴ,
2735 3057 2934 3126 ἥκιστα
2989 3057 3084 3125 μὲν
3134 3054 3326 3119 τύποις
3374 3055 3624 3125 ἢτκιαῖς
3658 3054 3764 3105 λα-

475 3149 762 3220 τρεύουσα·
813 3148 1234 3220 παραδεξαμένη
1263 3149 1317 3202 δὲ
1351 3149 1550 3221 μᾶλλον
1581 3151 1679 3222 τὴν
1743 3152 2002 3224 ἀλήθειαν
2026 3197 2034 3218 ,
2060 3155 2092 3224 ἥ
2133 3156 2244 3208 ἐστι
2277 3156 2527 3226 Χριστὸς,
2558 3156 2649 3208 καὶ
2707 3157 2804 3223 τὴν
2827 3155 2884 3205 ὲν
2916 3152 3184 3222 πνεύματι
3229 3153 3321 3206 καὶ
3351 3151 3584 3224 ἀληθεία
3620 3154 3766 3220 πλη.

480 3243 648 3313 ροῦσα
676 3243 1068 3313 προσκύνησιν.

553 3338 713 3393 Vsus.
747 3339 810 3404 ό,
843 3338 897 3392 5.
936 3337 1065 3392 "ac
1100 3339 1226 3393 dicit
1265 3339 1517 3394 Dominus
1553 3342 1877 3409 omnipotens
1909 3358 1925 3395 :
1955 3342 2062 3394 Ad-
2091 3359 2132 3415 α

479 3432 582 3483 huc
617 3430 866 3484 sedebant
904 3433 1132 3485 seniores
1181 3442 1227 3485 et
1261 3448 1394 3486 anus
1441 3433 1494 3486 in
1525 3434 1712 3502 plateis
1745 3432 2059 3498 Jerusalem,

480 3521 834 3590 unusquisque
875 3522 1074 3590 virgam
1115 3521 1218 3574 sive
1261 3523 1540 3590 scipionem
1583 3539 1737 3576 suum
1781 3525 1971 3577 habens
2011 3524 2062 3577 in

481 3627 639 3664 manu
669 3627 787 3675 sua,
819 3627 928 3679 pra:
957 3612 1290 3666 multitudine
1322 3613 1485 3685 716
1527 3615 1749 3668 dierum.
1782 3613 1850 3668 Et
1880 3615 2064 3682 platea:

482 3701 710 3754 civitatis
752 3700 1087 3768 rapiebantur
1109 3702 1341 3771 puerulis
1392 3712 1442 3757 et
1472 3704 1658 3774 puellis
1688 3705 1983 3758 ludentibus
2010 3705 2061 3758 in

482 3793 662 3848 clauis
689 3792 824 3863 ejus.

557 3968 666 4023 XL.
707 3969 1012 4024 .Iutlzeorum
1057 3981 1214 4041 gente
1255 3973 1394 4028 bello
1425 3974 1734 4043 absumpta,
1775 3975 1936 4027 urbes
1961 3951 2061 4028 eo-

485 4077 600 4115 rum
644 4061 712 4114 ab
753 4062 944 4118 incolis
980 4078 1208 4128 vacuas,
1247 4075 1302 4119 et
1343 4065 1532 4119 domos
1572 4081 1693 4120 cum
1733 4065 2064 4134 elegantibus

481 4169 667 4208 eat-um
698 4155 988 4210 structuris
1028 4165 1082 4210 et
1122 4157 1378 4225 operibus
1405 4157 1611 4210 dirutas
1639 4157 1876 4222 conspici
1905 4170 2065 4222 opor-

487 4244 657 4299 tebat.
683 4244 876 4298 Verum
901 4259 1031 4300 ecce
1055 4246 1292 4300 reversis
1315 4245 1380 4298 ab
1407 4243 1650 4297 hostibus
1674 4242 1920 4311 quamvis
1943 4243 2062 4294 ditt-

489 4347 698 4389 turnam
742 4350 926 4405 pacem
965 4338 1217 4392 daturum
1257 4351 1317 4390 se
1352 4334 1658 4402 pollicetur,
1694 4349 1853 4402 quam
1891 4331 2062 4387 Graaei

487 4428 1046 4483 accommodatissime
1059 4426 1442 4498 κουροτρόφον,
1461 4441 1748 4496 puerorum
1778 4426 2063 4492 nutricem,

487 4517 844 4587 appellarunt.
879 4519 1046 4572 Natos
1082 4520 1280 4587 quippe
1313 4520 1378 4571 ad
1415 4518 1752 4585 pubertatem
1789 4517 2063 4584 perducit,

486 4608 830 4676 etjnventam
856 4610 1115 4679 ingressis
1139 4610 1276 4662 viam
1303 4609 1367 4659 ad
1393 4614 1725 4660 senectutem
1759 4609 1904 4660 velut
1930 4617 2066 4662 ster-

2243 3336 2386 3389 Τάδε
2441 3336 2600 3404 λέγει
2645 3337 2856 3401 Κύριος
2911 3333 3364 3402 πίιντοκράτωρο
3442 3337 3566 3390 Ἔτι
3620 3343 3771 3394 καθ.

2164 3430 2416 3494 ricam-at
2455 3429 2842 3496 πρεσϐύτεροι
2913 3427 3010 3480 καὶ
3067 3427 3459 3496 πρεσϐύτεραι
3511 3429 3583 3481 ἐν
3631 3431 3769 3498 ταῖς

2165 3520 2474 3584 πλατείαις
2523 3519 2940 3588 Ἰερουσαλὴμ,
2967 3519 3226 3585 ἕκαστος
3262 3519 3376 3588 τὴν
3399 3520 3634 3588 ῥάϐδον
3655 3526 3768 3578 αὐ-

2164 3609 2268 3662 τοῦ
2300 3609 2458 3676 ἔχων
2503 3609 2572 3661 ἐν
2607 3608 2678 3676 τῇ
2718 3608 2866 3677 χειρὶ
2903 3609 3110 3673 αὑτοῦ,
3140 3609 3258 3662 ἀπὸ
3293 3611 3568 3676 πλήθους
3617 3614 3767 3682 ’ἠμε-

2156 3701 2303 3768 ρῶν.
2337 3701 2441 3753 Καὶ
2474 3703 2532 3754 al
2559 3700 2829 3752 πλατεῖαι
2885 3697 2991 3766 τῆς
3029 3699 3262 3765 πόλεως
3290 3700 3767 3766 πλησθήσονται

2165 3792 2491 3858 παιδαρίων
2569 3791 2668 3842 καὶ
2732 3792 3032 3858 κερασίων
3100 3790 3428 3849 παιζόντων
3484 3792 3554 3844 ἐν·
3627 3795 3767 3861 ταῖς

2165 3884 2477 3948 πλατείαις
2522 3883 2728 3950 αὐτῆς.

2236 3979 2324 4030 Μ’.
2357 3978 2778 4044 Δαπανήσαντος
2831 3974 2926 4026 τοῦ
2965 3974 3202 4044 πολέμου
3234 3975 3293 4026 τὸ
3318 3973 3425 4028 τῶν
3467 3974 3766 4029 Ἰουδαίων

2166 4068 2338 4130 ἔθνος,
2373 4069 2723 4137 συμϐέϐηκεν
2751 4068 3065 4135 ἀναγκαίως
3109 4067 3268 4130 κενὰς
3301 4068 3407 4119 τῶν
3441 4072 3768 4139 κατῳκηκόο

2165 4175 2275 4210 των
2302 4157 2400 4219 τὰς
2425 4159 2554 4228 παρ’
2577 4159 2760 4220 αὑτοῖς
2789 4159 3045 4225 γενέσθαι
3077 4160 3279 4222 πόλεις,
3319 4158 3502 4222 οἴκους
3526 4178 3583 4212 τε
3618 4180 3765 4214 κατ-

2167 4249 2537 4321 ερριμμένους
2565 4251 2714 4318 ὀρᾷν,
2748 4252 2840 4301 καὶ
2869 4250 2976 4302 τῶν
2999 4253 3055 4302 ὲν
3075 4251 3255 4313 αὑτοῖς
3292 4257 3770 4322 κατασκευασμά-

2166 4359 2274 4394 των
2301 4341 2366 4392 τὰ
2397 4339 2588 4410 κάλλη.
2637 4341 2774 4392 Ἀλλ’
2821 4341 2950 4405 ἰδοὺ,
3002 4342 3389 4413 τροπωθέντων
3429 4345 3617 4407 αὑτοῖς
3647 4345 3772 4401 τῶν

2168 4430 2398 4502 ἐχθρῶν,
2429 4430 2530 4484 κᾶν
2588 4431 2802 4501 μακρὰν
2847 4434 3068 4502 εἰρήνην
3125 4434 3428 4504 χαριεῖσθαι
3469 4446 3768 4507 κατεπαγ-

2167 4522 2432 4590 γέλλεται,
2484 4523 2568 4592 ἣν,
2629 4523 2723 4574 καὶ
2787 4521 2930 4590 μάλα
2981 4523 3175 4592 ὀρθῶς,
3243 4524 3512 4594 Ἑλλήνιον
3567 4529 3767 4592 παῖδες

2169 4613 2494 4683 ὀνομάζουσι
2525 4615 2949 4681 κουροτρόφον.
2975 4614 3112 4676 Τοὺς
3147 4615 3369 4685 μὲνγὰρ
3401 4620 3772 4687 τικτομένως

489 4704 586 4766 nit,
615 4703 830 4756 nemine
856 4714 1123 4766 vastante,
1153 4716 1253 4752 non
1283 4699 1420 4751 bello
1447 4707 1731 4764 atterente,
1759 4715 1863 4752 non
1892 4717 2058 4771 pugna

2174 4705 2492 4775 ἀνακομίζει
2549 4705 2681 4775 πρὸς
2730 4704 2893 4774 ἥϐην,
2948 4707 3058 4766 τοῖς
3089 4704 3146 4756 δὲ
3191 4705 3290 4776 ἤδη
3335 4708 3584 4774 γεγονόσι
3620 4712 3773 4773 νέοις

489 4795 798 4847 devorante.
835 4792 1264 4845 Existimaudnm
1305 4789 1486 4856 igitur,
1519 4798 1574 4841 et
1608 4789 1978 4854 meritissimo,
2013 4793 2063 4843 in

493 4901 623 4953 pace
657 4886 818 4939 urbes
851 4883 1062 4936 tametsi
1097 4882 1232 4934 latas
1261 4891 1314 4933 et
1347 4879 1554 4948 longas,
1589 4888 1768 4936 tamen
1814 4893 2067 4952 ang-ustas

489 4975 661 5028 visum
696 4975 795 5037 iri,
822 4983 877 5027 el.
908 4971 1144 5025 minores
1172 4984 1334 5038 quant
1370 4971 1662 5024 incolarum
1695 4987 1794 5040 pro
1825 4973 2065 5028 multitu-

491 5066 634 5119 dine.
659 5065 843 5118 Talem
870 5059 1194 5115 senteutiam
1225 5069 1485 5127 praeterea
1513 5073 1576 5113 ex
1609 5060 1768 5116 dictis
1794 5061 2062 5116 elicimus.

488 5159 576 5211 Ait
608 5157 750 5211 enim
787 5166 1033 5207 sessurus
1078 5150 1130 5203 iu
1167 5149 1358 5218 plateis
1392 5148 1689 5206 Jerusalem
1741 5154 1983 5208 seniores
2015 5166 2068 5209 et

489 5264 656 5312 anus,
696 5247 874 5313 virgas
915 5244 1111 5310 quibus
1156 5243 1497 5297 mediocriter
1537 5245 1860 5300 imbecillam
1905 5261 2056 5299 seue-

489 5350 689 5394 ctutcm
729 5335 1101 5401 consolentur,
1162 5349 1215 5391 et
1267 5338 1514 5391 baculum
1553 5357 1646 5408 pro
1684 5341 2068 5395 tnanndnctore

492 5430 776 5483 habentes.
806 5427 934 5491 Qua:
969 5444 1054 5481 res
1088 5430 1322 5482 laudatio
1352 5444 1434 5485 est
1469 5444 1789 5501 temporum,
1818 5443 1872 5487 et
1901 5435 2068 5503 longae

489 5520 669 5587 pacis,
700 5519 1045 5580 perducentis
1081 5524 1145 5574 ad
1176 5523 1474 5592 juventutis
1511 5541 1680 5580 annos
1718 5526 1981 5592 infantes,
2014 5542 2068 5580 et

561 5718 606 5793 γ’
649 5717 871 5783 Philipp.
920 5739 978 5783 ιι,
1019 5726 1078 5786 lt;
1131 5724 1173 5778 ll
1214 5726 1336 5781 Cor.
1375 5743 1492 5793 vnt,
1545 5729 1599 5783 9.

496 5781 514 5808 ⁵
539 5785 692 5845 Joan.
739 5807 810 5856 ti,
842 5794 1028 5859 25,21.

1681 5729 1858 5784 'Gen.
1889 5729 2111 5793 vnt,2l.

2175 4797 2336 4852 ἁπλοῖ
2363 4799 2561 4866 τρόπον
2586 4795 2708 4848 τινὰ
2741 4797 2837 4864 τὴν
2861 4797 2941 4857 είς
2968 4798 3146 4865 γῆρας
3175 4797 3312 4859 ὁδὸν,
3353 4799 3772 4870 καταδῃοῦντος

2173 4890 2405 4951 οὐδενὸς,
2428 4889 2490 4940 οὑ
2520 4887 2757 4956 πολέμου
2790 4886 3187 4956 συντρίϐοντος,
3214 4887 3274 4938 οὑ
3295 4888 3630 4960 δαπανώσης
3668 4894 3771 4961 μὰο

2171 4999 2293 5052 χης.
2347 4980 2747 5047 Ὑποτοπητέον
2775 4977 2838 5046 δὴ
2879 4975 3006 5037 οὖν,
3043 4978 3138 5030 καὶ
3163 4978 3308 5048 μάλα
3368 4980 3566 5050 ὀρθῶς,
3595 4982 3675 5047 ὡς
3708 4987 3774 5038 ὲν

2174 5075 2365 5143 εἰρήνῃ
2394 5071 2491 5133 τὰς
2521 5070 2721 5131 πόλεις,
2753 5069 2854 5122 κᾶν
2875 5069 3082 5140 εὑρεῖαί
3132 5087 3188 5121 τε
3233 5066 3342 5123 εἷεν
3376 5073 3470 5124 καὶ
3507 5077 3733 5144 μακραὶ
3755 5119 3770 5142 ,

2179 5163 2368 5225 στενὰς
2395 5160 2812 5229 ἀποφαίνεσθαι,
2864 5162 2957 5213 καί
2990 5161 3254 5229 ἡττῆσθαι
3286 5161 3362 5230 τῷ
3413 5162 3616 5234 πλήθει
3652 5168 3774 5220 τῶν

2175 5255 2594 5325 κατῳκηκότων.
2639 5251 2888 5304 Τοιοῦτόν
2914 5270 3033 5303 τινα
3061 5249 3152 5304 οῦν
3179 5252 3357 5305 ὼδίνει
3410 5256 3573 5309 πάλιν
3629 5261 3774 5329 ἡμῖν

2174 5347 2235 5397 τι
2267 5345 2646 5414 προκείμενον.
2677 5343 2818 5411 "Etsi;
2851 5342 2959 5411 γὰρ
3000 5343 3080 5394 ὅτι
3121 5342 3472 5398 καθεδοῦνται
3515 5349 3778 5416 πρεσϐύ-

2171 5454 2319 5507 τεροι
2347 5437 2440 5488 καὶ
2479 5433 2845 5505 πρεσϐύτεραι
2895 5435 2950 5484 ἐν
2998 5437 3116 5498 ταῖς
3152 5435 3437 5500 πλατείαις
3482 5439 3776 5510 Ὶερουσα-

2173 5529 2303 5597 λὴμ,
2334 5527 2552 5596 ῥάϐδοις
2591 5526 2742 5595 μόλις
2767 5525 2824 5578 τὸ
2856 5526 2918 5576 ἐκ
2951 5525 3042 5576 τοῦ
3084 5527 3269 5596 γήρως
3295 5528 3490 5582 ἄναλκι
3521 5534 3776 5604 μετρίως

2788 5726 2805 5756 ³
2833 5725 2974 5780 Psal.
3001 5742 3217 5794 Lxxxvt,
3251 5730 3304 5784 5.

2192 5727 2375 5782 'Psal.
2412 5744 2597 5793 cum,
2623 5727 2708 5779 lvi.
2788 5727 2805 5756 ³
2833 5727 2974 5780 Psal.
3001 5742 3217 5794 Lxxxvt,
3251 5730 3304 5784 5.
3383 5736 3405 5764 δ
3443 5731 3556 5788 lsa.
3592 5749 3661 5805 ιι,
3707 5737 3770 5796 2.
