3936 6318
214 351 307 405 ll3
1023 357 1569 415 COMMEATARIUS
1609 357 1673 412 IN
1718 357 2123 414 ZACIIARIAM
2162 358 2602 414 PltOPllETAM.

3369 355 3466 416 lli

212 467 710 538 παραμυθούμενοι.
742 473 832 525 καὶ
861 472 1160 543 βακτηρίαν
1193 474 1404 544 ἔχοντες
1423 475 1774 544 χειραγωγόν.

1888 475 2157 530 mittentis
2188 476 2252 530 ad
2285 484 2643 538 senectutem,
2677 473 2765 543 qui
2794 473 2904 543 jam
2940 473 3140 527 virilem
3177 481 3351 541 togam
3387 475 3472 526 in-

218 558 466 622 Ἐπαινος
497 561 552 613 δὲ
582 561 642 614 τὸ
669 563 856 631 χρῆμά
903 567 1016 616 ἐστι
1075 567 1299 636 καιρῶν,
1328 568 1420 620 καὶ
1450 567 1669 636 βαθείας
1701 568 1780 619 εί-

220 648 391 718 ρήνης,
421 651 857 724 ἀνακομιζούσης
904 657 998 723 μὲν
1044 657 1129 725 ἐφ’
1157 658 1300 726 ἥϐην
1329 658 1398 710 τὰ
1421 659 1612 727 βρέφη,
1640 674 1782 726 πεμ-

217 737 408 808 ·.”.ούσης
441 740 496 793 δὲ
529 743 621 794 καὶ
654 743 732 805 εἰς
765 747 938 813 γῆρας
976 745 1103 808 τοὺς
1154 747 1254 816 ἢδη
1292 747 1574 810 τελοῦντας
1600 751 1656 800 ὲν
1688 750 1779 800 ἀν·

211 833 380 902 δράσι,
451 835 548 886 καὶ
606 836 696 888 τὸν
751 837 850 906 τῆς
902 837 1049 909 ζωῆς
1096 839 1310 893 ἅπαντα
1358 841 1546 911 χρόνον
1575 841 1780 909 ἀμαχεὶ

216 924 651 997 παραθέ[ο]ντας.
692 928 752 979 El
777 929 832 980 δὲ
893 929 957 1000 δὴ
984 930 1228 1000 μέλλοιεν
1259 932 1534 1002 ὀρχεῖσθαι
1591 933 1686 1002 μὲν
1722 935 1779 984 ὲν

216 1018 348 1070 ἄστει
411 1019 706 1089 μειράκια,
755 1019 915 1088 κόριὰ
951 1037 1010 1073 τε
1038 1022 1284 1091 χορεύειν
1319 1026 1376 1075 έν
1413 1023 1608 1091 μέσαις
1638 1023 1776 1076 πλα-

1890 567 2156 630 duerimt,
2195 576 2247 621 et
2288 581 2446 620 omne
2486 577 2695 636 tempus
2728 567 2853 619 vitae
2895 565 3163 620 immunes
3209 580 3236 618 a
3285 566 3468 619 militia

1893 659 2287 712 transmittunt.
2324 657 2474 724 Quod
2512 659 2554 711 si
2595 659 2758 711 etiam
2794 657 2991 711 saltent
3028 657 3077 708 in
3117 658 3249 710 urbe
3286 655 3468 710 adole-

1889 748 2140 811 scentuli,
2171 749 2467 818 puellwque
2502 749 2696 802 choros
2731 748 2930 802 ducant
2966 749 3016 800 in
3052 748 3231 801 medio
3265 746 3468 816 platea-

1890 855 2040 901 rum.
2077 841 2364 896 ostendere
2407 852 2457 895 et
2502 841 2626 894 binc
2667 838 2901 893 dilucide
2940 839 3151 902 licebit,
3193 839 3332 892 nulla
3376 854 3469 891 eos

1887 946 2021 983 cura
2063 932 2308 998 graviore
2349 932 2470 1000 angi
2514 950 2527 984 :
2573 948 2675 984 non
2721 932 2865 984 enim
2912 947 3237 999 quemquam
3281 931 3470 984 ludere

1886 1033 2221 1091 paterentur,
2259 1025 2300 1077 si
2346 1024 2581 1077 tristitim
2621 1034 2830 1093 tempus
2864 1033 3031 1077 esset.

210 1111 390 1175 τείαις,
425 1112 539 1182 ἔχοι
567 1112 632 1166 ἂν
658 1115 750 1166 καὶ
780 1115 937 1168 τοῦτο
960 1117 1104 1186 σαφῆ
1130 1116 1225 1188 τὴν
1249 1116 1520 1182 ἀπόδειξιν
1585 1118 1680 1170 τοῦ
1731 1117 2003 1188 μηδεμίαν
2063 1116 2240 1170 αὐτῶν
2311 1117 2564 1188 φροντίδα
2605 1118 2948 1190 κατηρῆσθαι
3000 1115 3232 1185 πικράν·
3270 1117 3330 1168 οὐ
3362 1117 3468 1187 γὰρ

214 1203 265 1255 ἂν
301 1203 598 1272 ἠνέσχοντο
629 1204 932 1270 παιζόντων
964 1208 1142 1272 τινῶν,
1203 1213 1250 1261 εί
1300 1211 1601 1279 κατηφείας
1646 1207 1713 1280 ἦν
1746 1212 1773 1262 6
1811 1210 2027 1280 καιρός.

267 1293 468 1360 Γέγονε
495 1294 559 1364 δὴ
583 1297 672 1348 καὶ
695 1299 828 1366 ἡμῖν
863 1299 1046 1362 αὐτοῖς
1084 1301 1276 1370 εἰρήνη
1309 1302 1564 1371 Χριστὸς,
1590 1303 1647 1365 ὃς
1688 1304 1780 1355 καὶ

211 1385 376 1437 πάντα
422 1387 722 1457 συντρίψας
784 1389 1037 1458 πόλεμον,
1103 1391 1304 1461 μεστὴν
1343 1395 1586 1464 ἀπέφηνε
1609 1394 1780 1461 ἁγίων

210 1473 292 1542 τὴν
322 1474 672 1545 Ἐκκλησίαν.
706 1479 814 1530 Καὶ
841 1479 1024 1531 πολλοὶ
1060 1480 1160 1550 μὲν
1180 1472 1278 1544 τὰς
1307 1482 1504 1552 φρένας
1535 1486 1589 1536 ὲν
1617 1485 1774 1554 αὐτῇ,

213 1568 385 1639 μυρίοι
406 1587 468 1621 τε
503 1571 617 1623 ὅσοι
657 1572 754 1624 καὶ
784 1571 1080 1643 ἐξαίρετοι,
1111 1567 1191 1636 οἷς
1225 1575 1318 1626 καὶ
1341 1576 1368 1626 ὁ
1394 1576 1556 1644 σοφὸς
1599 1577 1778 1629 Ἰωάν-

212 1677 294 1729 νης
316 1661 652 1725 ἐπιστέλλει,
678 1663 870 1730 λέγων’
915 1683 931 1714 ι
969 1663 1170 1735 Γράφω
1203 1666 1351 1734 ὑμῖν,
1391 1668 1632 1737 Πατέρες
1653 1706 1667 1732 ,
1697 1668 1778 1719 ὅτι

1959 1303 2159 1357 Factus
2186 1311 2268 1356 est
2297 1301 2460 1372 igitur
2485 1312 2535 1356 ct
2568 1305 2724 1358 nobis
2757 1304 2886 1373 ipsis
2912 1318 3018 1373 pax
3045 1302 3292 1358 Chrislus
3310 1301 3350 1366 ‘,
3378 1304 3465 1369 qui

1885 1404 1937 1446 et
1970 1408 2128 1448 omne
2158 1393 2352 1448 bellum
2380 1395 2694 1458 contrivit',
2727 1404 2779 1447 et
2813 1393 3106 1448 Eeclesiam
3132 1393 3334 1447 sanctis
3364 1394 3464 1446 im-

1886 1485 2070 1552 plevit.
2101 1474 2173 1539 Et.
2199 1484 2482 1553 prudentia
2519 1485 2732 1552 quidem
2771 1494 3106 1554 praestantes,
3135 1496 3186 1538 et
3220 1484 3374 1540 electi
3415 1485 3464 1537 in

1884 1594 1948 1631 ea
2003 1576 2424 1632 innumerabiles
2479 1577 2848 1639 inveniuntur,
2902 1577 3096 1644 quibus
3147 1585 3200 1629 et
3251 1576 3466 1644 sapiens

1885 1671 2120 1724 Joannes
2159 1669 2348 1724 scribit
2389 1669 2442 1722 in
2495 1670 2637 1722 hunc
2681 1671 2894 1721 modum
2940 1686 2951 1721 :
2999 1687 3014 1717 ι
3061 1667 3252 1722 Scribe
3291 1668 3462 1728 vobis,

213 1750 476 1818 ἐγνώκατε
523 1755 613 1806 τὸν
651 1757 743 1807 ἀπ’
769 1755 962 1825 ἀρχῆς.
996 1775 1013 1807 ι
1051 1757 1243 1820 Παῖδες
1275 1757 1331 1810 δὲ
1367 1757 1555 1827 ὥσπερ
1592 1758 1774 1829 ἄνηϐοι

1889 1771 2089 1828 patres,
2113 1760 2366 1828 quoniam
2391 1759 2718 1828 cognovistis
2742 1773 2862 1812 eum
2887 1759 2974 1827 qui
3003 1759 3070 1811 ab
3095 1758 3246 1827 initio
3269 1769 3348 1811 est
3365 1759 3405 1809 ⁸.
3441 1777 3456 1806 ι

213 1844 291 1896 καὶ
317 1843 480 1912 χόρια
508 1845 682 1915 μικρὰ
713 1845 820 1899 τῶν
857 1847 981 1916 ἄρτι
1040 1849 1539 1919 πεπιστευκότωνὴ
1569 1867 1778 1920 νηπιω-

212 1933 333 2003 τὰτη
369 1933 604 2002 πληθὺς,
644 1937 924 2004 μονονουχὶ
955 1939 1065 1999 τοῖς
1113 1940 1504 2007 πνευματικοῖς
1558 1940 1780 2008 σκιρτήο

215 2041 334 2095 μασι
364 2025 466 2094 τὴν
507 2026 669 2093 ἁγίαν
702 2026 869 2089 ὅντως
902 2029 1384 2082 κατακαλλύνουσα
1420 2030 1593 2090 πόλιν,
1628 2047 1782 2082 τουτ-

212 2116 332 2178 έστι,
362 2116 463 2188 τὴν
521 2118 866 2187 Ἐκκλησίαν.
919 2115 1012 2181 Οἷς
1048 2122 1140 2173 καὶ
1173 2120 1232 2174 τὺ
1270 2121 1449 2180 λέγειν
1490 2123 1780 2192 ἅρμόσειεν

212 2209 283 2264 ἄν·
322 2227 340 2260 ι
381 2209 551 2262 Δεῦτε
582 2209 1035 2280 ἁγαλλιασώμεθα
1063 2211 1142 2282 τῷ
1178 2212 1388 2284 Κυρίῳ,
1423 2213 1778 2284 ἀλαλάξωμεν

209 2300 276 2369 τῷ
315 2301 441 2371 Θεῷ
496 2301 573 2370 τῷ
623 2303 836 2373 Σωτῆρι
872 2304 1048 2373 ἡμῶν.
1083 2324 1101 2356 ι
1147 2307 1206 2359 El
1232 2307 1289 2360 δὲ
1320 2306 1382 2378 δὴ
1412 2307 1653 2375 λέγοιντο
1686 2309 1779 2361 καὶ

211 2393 573 2463 ἐπερείδεσθαι
620 2394 799 2465 ῥάϐδῳ
854 2396 1014 2465 τυχὸν
1075 2400 1124 2451 οἱ
1179 2399 1509 2472 πρεσϐῦται,
1567 2401 1779 2471 νοήσεις

211 2485 278 2535 ὅτι
309 2485 547 2554 μικροὺς
588 2484 684 2538 καὶ
733 2487 1000 2556 μεγάλους
1036 2489 1388 2560 ὑποστηρίζει
1428 2492 1694 2560 Χριστος,
1745 2494 1776 2562 ἡ

213 2575 394 2642 ῥέιεδος
433 2578 466 2646 ἡ
502 2576 560 2641 ἐξ
605 2576 802 2630 Ἰεσσαὶ
829 2579 923 2631 καὶ
964 2579 1063 2649 τῆς
1083 2580 1362 2652 δυνάμεως
1389 2583 1775 2655 ὠνομασμένη,

208 2667 264 2735 ἦν
283 2669 343 2720 ἐκ
372 2667 480 2737 τῆς
505 2667 620 2721 ἄνω
649 2667 786 2722 Σιὼν
839 2669 1127 2740 πέπομφεν
1157 2673 1286 2743 ἡμῖν
1320 2676 1347 2726 6
1373 2674 1504 2738 Θεὸς
1549 2677 1641 2730 καὶ
1669 2677 1778 2729 Πα-

207 2755 312 2826 τὴρ,
367 2757 456 2820 ὡς
505 2759 796 2827 χαίροντας
830 2760 976 2830 ἡμᾶς
1031 2762 1122 2814 ἐπὶ
1172 2763 1347 2834 τούτῳ
1385 2764 1593 2834 λέγειν·
1654 2785 1670 2818 ι
1715 2767 1778 2818 Ἡ

206 2847 379 2916 ῥάϐδος
422 2865 521 2901 σου
571 2849 663 2902 καὶ
705 2852 737 2920 ἡ
775 2849 1049 2923 βακτηρία
1101 2871 1194 2906 σου
1224 2849 1386 2910 αὗταί
1439 2873 1504 2927 με
1537 2859 1779 2926 παρεκά-

207 2957 370 2994 ιεσαν.
413 2961 432 2994 1

269 3034 406 3089 Τάδε
441 3035 612 3106 λέγει
643 3037 856 3105 Κύριος
889 3038 1328 3110 παντοκράτωρ·
1377 3044 1442 3096 El
1481 3043 1778 3109 ἀδυνατή-

203 3137 285 3177 σει
308 3125 576 3180 erilium
603 3127 720 3180 τῶν
749 3129 1129 3182 uana/lotam»
1157 3130 1262 3183 τοῦ
1288 3132 1440 3185 λαοῦ
1471 3134 1683 3186 τούτου
1711 3135 1780 3186 ἐν

200 3216 314 3283 ταῖς
331 3218 592 3288 ἡμέραις
612 3220 890 3286 ἐκείναις,
910 3221 996 3290 μὴ
1022 3221 1119 3274 καὶ
1148 3223 1404 3277 ἐνώπιόν
1419 3241 1537 3292 μου
1564 3225 1776 3280 ἀδυνα·

202 3311 390 3377 Licet;
420 3311 597 3380 λέγει
635 3312 850 3379 Κύριος
870 3312 1311 3381 παντοκράτωρ.

257 3399 385 3454 MA’.
427 3400 518 3455 Τὰ
553 3399 761 3469 μεγάλα
797 3400 888 3453 καὶ
949 3401 1231 3472 ὑπερφερῆ
1281 3402 1389 3457 τῶν
1440 3405 1777 3474 πραγμάτων

197 3491 392 3562 δέχεταί
438 3509 569 3554 πως
593 3493 678 3561 ἐφ’
705 3490 920 3555 ἑαυτοῖς
961 3494 1021 3546 τὸ
1064 3495 1415 3548 ἀπιστεῖσθαι
1455 3496 1648 3564 φιλεῖν,
1682 3499 1777 3550 καὶ

193 3583 278 3635 οὐκ
308 3584 675 3654 ἀθαύμαστον
704 3583 818 3653 ἔχει
845 3585 945 3654 τὴν
971 3585 1050 3649 εἰς
1082 3587 1254 3657 πέρας
1289 3587 1634 3659 διεκδρομήν.
1669 3591 1777 3643 Καὶ

192 3673 308 3738 γοῦν
339 3676 373 3745 ἡ
407 3677 610 3745 Σάρρα
638 3675 861 3747 διαγελᾷ
914 3677 1011 3740 μὲν
1046 3677 1102 3742 ἐξ
1154 3679 1411 3741 ἀπιστίας
1462 3682 1561 3749 τὴν
1591 3681 1683 3732 ἐπί
1713 3699 1775 3748 γε

190 3766 256 3834 τῷ
285 3769 468 3822 ἰσαάκ
510 3769 833 3838 ὑπόσχεσιν,
863 3771 942 3830 είς
972 3770 1146 3840 γῆρας
1195 3770 1396 3840 ὁρῶσα,
1426 3773 1517 3824 καὶ
1543 3776 1652 3834 τοῖς
1677 3774 1776 3840 τῇς

190 3858 614 3930 ἁνθρωπότητος
648 3862 834 3928 νόμοις
878 3860 1156 3914 ἀντιθεῖσα
1188 3863 1248 3914 τὸ
1290 3863 1588 3932 ἀμήχανον.
1629 3864 1775 3934 Πλὴν

187 3951 426 4005 ἐκτέτοκε
486 3953 632 4022 παρ’
682 3952 894 4016 ἐλπίδα,
951 3952 1181 4023 βάσιμον
1217 3955 1353 4022 αὐτῇ
1388 3955 1448 4006 τὸ
1479 3955 1666 4025 χρῆμα
1695 3972 1775 4008 τι·

187 4044 354 4109 θέντος
375 4047 546 4100 Θεοῦ.
580 4042 696 4099 Ἷίν
747 4040 839 4098 οὖν
892 4046 997 4116 ἄρα
1042 4048 1135 4100 καὶ
1166 4047 1370 4117 σφόδρα
1424 4049 1570 4112 εἰκὸς
1603 4065 1774 4103 κατα-

186 4135 437 4191 δονεῖσθαι
470 4141 605 4202 ταῖς
655 4137 926 4208 διψυχίαις
974 4139 1100 4201 τοὺς
1129 4141 1194 4192 ὲκ
1249 4141 1347 4208 τῆς
1399 4141 1773 4210 αἰχμαλωσίας

187 4228 657 4301 λελυτρωμένους,
678 4232 770 4284 καὶ
801 4231 860 4284 οὐ
887 4231 1094 4301 σφόδρα
1125 4232 1460 4303 θαρρεἰν,ὼς
1483 4235 1560 4296 εἰς
1588 4234 1774 4286 τοσαύ-

184 4333 270 4387 την
313 4320 503 4382 αὐτοῖς
571 4320 878 4389 εὐημερίαν
922 4320 1184 4388 βαδιεῖται
1216 4320 1286 4372 τὰ
1319 4319 1640 4390 πράγματα,
1697 4322 1772 4386 ὼς

1890 1849 2040 1904 Velut
2064 1850 2372 1918 impuberes
2392 1859 2569 1902 autem
2598 1848 2747 1917 pueri
2782 1856 2834 1902 et
2873 1847 3060 1917 puellae
3087 1846 3318 1916 parvula:
3339 1857 3464 1900 sunt

1885 1955 2072 1994 recens
2091 1940 2264 2000 ﬁdem
2299 1940 2702 2009 complexurum
2744 1939 3101 1993 infantissima
3143 1938 3459 2002 multitudo,

1884 2030 2275 2099 propemodum
2307 2030 2684 2098 spiritualibus
2711 2029 3088 2084 saltationibus
3116 2037 3356 2082 sanctam
3387 2030 3462 2082 ci-

1884 2123 2126 2186 vitalem,
2155 2131 2278 2191 puta
2305 2122 2620 2188 Ecclesiam,
2652 2137 2836 2178 revera
2863 2124 3306 2178 condecorantes.
3331 2121 3462 2188 Qni-

1881 2214 1978 2267 bus
2017 2213 2258 2283 apposite
2296 2215 2444 2270 dicas
2479 2229 2494 2269 :
2536 2233 2555 2266 ι
2594 2213 2804 2280 Venite,
2837 2215 3168 2269 exsultemus
3201 2213 3457 2279 Domino,

1877 2303 2166 2371 jubilemus
2196 2307 2300 2360 Deo
2326 2305 2550 2361 salutari
2578 2307 2827 2364 nostro’.
2861 2325 2878 2356 ι
2909 2306 2972 2360 Ει
2999 2307 3245 2376 quamvis
3273 2308 3428 2361 dican
3448 2335 3461 2347 ι

1885 2404 1970 2448 tur
1998 2409 2155 2450 senes
2191 2395 2329 2451 forte
2363 2396 2557 2452 baculo
2591 2412 2648 2452 se
2681 2405 3018 2462 sustentare,
3059 2398 3296 2467 intellige
3331 2413 3458 2467 par-

1881 2501 1976 2542 vos
2001 2496 2054 2541 et
2079 2502 2306 2556 magnos
2335 2504 2364 2542 a
2416 2489 2632 2544 Christo
2672 2496 3033 2543 sustentatum
3069 2489 3158 2552 iri,
3190 2489 3278 2557 qui
3308 2489 3457 2559 virga

1879 2578 2032 2634 .lesse
2067 2579 2110 2611 ιο
2143 2589 2199 2634 et
2233 2581 2448 2636 virtutis
2496 2581 2536 2612 “
2573 2589 2658 2635 est
2693 2582 3000 2635 nominatus
3022 2623 3036 2647 ,
3073 2595 3230 2650 quam
3264 2595 3330 2634 ex
3366 2597 3460 2636 su-

1881 2684 2044 2738 perna
2091 2671 2219 2725 Sion
2263 2670 2420 2726 nobis
2456 2671 2634 2728 emisit
2672 2670 2813 2725 Deus
2855 2682 2906 2725 et
2936 2671 3113 2735 Pater,
3155 2679 3215 2726 ut
3257 2672 3459 2727 idcirco

1879 2761 2174 2828 gaudentes
2209 2761 2452 2817 dicamus
2489 2779 2502 2816 :
2547 2779 2567 2813 ι
2609 2760 2769 2831 Virga
2817 2772 2902 2816 tua
2975 2772 3029 2816 et
3073 2761 3292 2817 baculus
3339 2773 3458 2817 tuus

1883 2853 1992 2919 ipsa
2027 2867 2110 2907 me
2140 2854 2411 2907 consolata
2445 2864 2569 2908 sunt
2592 2856 2656 2908 ".
2699 2875 2716 2905 ι

1953 3031 2111 3101 ’717
2151 3029 2310 3084 Vens.
2350 3031 2401 3088 6.
2444 3030 2570 3084 "me
2604 3032 2730 3083 dicit
2792 3030 3050 3084 Dominus
3084 3032 3402 3099 omnipotens
3439 3049 3456 3086 :

1884 3121 1939 3176 St
1983 3123 2298 3188 impossibile
2337 3125 2434 3174 erit
2481 3137 2657 3173 coram
2703 3120 2938 3188 reliquiis
2979 3120 3160 3189 populi
3201 3121 3360 3190 hujus
3405 3123 3460 3175 iu

1882 3215 2064 3269 diebus
2096 3214 2234 3279 illis,
2270 3214 2520 3284 numquid
2557 3224 2604 3267 et
2639 3229 2814 3266 coram
2857 3229 2937 3267 me
2974 3212 3292 3282 impossibile
3327 3215 3459 3268 erit?

1882 3307 2008 3361 dicit
2044 3306 2303 3361 Dominus
2337 3306 2680 3373 omnipotens.

1948 3397 2081 3452 XLI.
2119 3397 2227 3453 Res
2255 3413 2458 3468 magna“,
2489 3406 2541 3452 et
2567 3397 2870 3451 eminentes
2919 3409 3086 3467 prope
3114 3395 3460 3451 incredibiles

1879 3492 2044 3546 videri
2082 3492 2286 3558 solent,
2319 3506 2418 3545 nec
2451 3491 2568 3545 sine
2601 3491 2961 3545 admiratione
2999 3491 3064 3543 ad
3105 3489 3263 3544 tinem
3300 3505 3456 3544 suum

1879 3585 2192 3640 decurrunt.
2227 3582 2408 3649 Quare
2446 3582 2578 3636 Sara
2618 3592 2674 3637 ut
2711 3581 2983 3637 incredula
3019 3581 3158 3635 ridet
3193 3579 3458 3650 promissa

1878 3674 1944 3728 de
1973 3673 2324 3742 concipiendo
2353 3671 2524 3741 Isaac,
2559 3681 2892 3728 senectutem
2925 3673 3245 3740 respiciens,
3279 3681 3329 3724 et
3363 3674 3459 3724 bu-

1880 3781 2050 3818 manae
2085 3776 2290 3819 natura:
2322 3765 2528 3835 legibus
2564 3764 3054 3833 impossibilitatem
3091 3777 3366 3830 opponens
3389 3763 3428 3794 ¹³
3451 3803 3464 3818 .

1879 3855 2261 3910 Verumtamen
2295 3857 2501 3923 peperit
2533 3865 2727 3923 praeter
2753 3866 2924 3921 spem,
2952 3867 3074 3906 eum
3110 3852 3156 3906 ei
3194 3853 3332 3907 Dens
3363 3868 3458 3907 ne-

1876 3953 2076 4022 gotium
2138 3953 2447 4020 expeditum
2506 3959 2559 4003 et
2622 3949 2777 4017 quasi
2825 3947 3058 4001 meabile
3111 3947 3452 4001 reddidisset.

1879 4048 2005 4101 Erat
2048 4045 2211 4116 igitur
2249 4047 2595 4100 vehementer
2631 4041 2983 4102 conveniens,
3029 4039 3342 4108 captivitate
3388 4038 3455 4091 li-

1879 4144 2095 4195 beratos
2121 4137 2344 4208 ancipiti
2373 4135 2698 4206 cogitatione
2724 4132 2968 4193 distrahi,
3001 4144 3099 4184 nec
3125 4130 3196 4183 ita
3229 4128 3454 4183 multum

1876 4232 2176 4297 conlidere,
2227 4245 2314 4285 res
2349 4230 2587 4299 ipsorum
2624 4225 2757 4281 adeo
2789 4224 2972 4279 felices
3004 4239 3067 4277 ac
3101 4221 3285 4276 beatas
3318 4221 3454 4287 fore,

1878 4336 1935 4378 ut
1963 4324 2260 4394 repleretur
2283 4320 2578 4375 Jerusalem
2606 4320 2827 4375 senibus
2845 4360 2858 4384 ,
2885 4328 2940 4373 et
2972 4317 3120 4372 chori
3166 4329 3454 4385 puerorum

181 4411 472 4480 ἀνάμεστον
502 4412 612 4482 μὲν
645 4411 896 4478 γενέσθαι
935 4411 1033 4482 τὴν
1088 4411 1439 4482 Ἰερουσαλὴμ
1466 4413 1572 4464 τῶν
1613 4430 1774 4483 γεγη·

1885 4415 2284 4486 pttellarumquc
2314 4412 2631 4467 saltationes
2662 4411 2714 4466 in
2747 4424 2810 4464 ea
2840 4415 3215 4470 cernerentur,
3247 4415 3302 4460 et
3333 4405 3454 4460 diu-

181 4505 434 4570 ρικότων,
470 4505 578 4558 καὶ
611 4503 832 4556 πάντων
877 4502 1108 4574 ὁρᾶσθαι
1153 4506 1346 4574 χοροὺς
1387 4505 1443 4555 ὲν
1487 4505 1624 4573 αὐτῇ
1675 4506 1768 4558 καὶ

180 4599 437 4665 κορασίων
485 4598 818 4667 ὀρχήματα,
888 4595 980 4648 καὶ
1032 4596 1101 4648 τὰ
1156 4599 1220 4648 ὲκ
1279 4596 1497 4665 βαθείας
1547 4598 1770 4667 εἰρήνης

180 4687 426 4758 ὑπᾶρξειν
456 4688 680 4758 ἀγαθά.
737 4687 1090 4744 Κατεθεῶντο
1132 4687 1239 4758 γὰρ
1285 4689 1439 4758 τείχη
1472 4690 1773 4759 κατερριμ·

181 4778 318 4844 μένα,
350 4780 544 4843 οἰκίας
574 4779 1073 4850 ἐμπεπρησμένας,
1121 4779 1340 4842 ἁπάσας
1373 4779 1428 4831 δὲ
1457 4778 1552 4842 τὰς
1589 4781 1644 4831 ὲν
1670 4779 1768 4832 κύ-

179 4876 274 4948 κλῳ
302 4880 493 4943 πόλεις
526 4878 752 4949 θηρίων
804 4877 1010 4948 ἀγρίων
1043 4877 1455 4947 ὲνδιαιτήματα,
1481 4877 1569 4932 διά
1602 4895 1682 4932 τοι
1712 4878 1772 4931 τὸ

180 4970 503 5024 κεκενῶσθαι
532 4955 832 5030 παντὲλῶς
859 4966 966 5021 τῶν
1005 4969 1408 5022 κατοικούντων
1439 4969 1628 5036 αὑτὰς,
1673 4970 1769 5023 καὶ

180 5059 359 5131 ἀγροὺς
397 5063 507 5133 μὲν
540 5061 688 5122 τοὺς
731 5059 898 5116 παλαι
951 5060 1278 5131 παμφόρους
1320 5079 1378 5113 τε
1403 5062 1496 5115 καὶ
1520 5061 1766 5124 εὐανθεῖς

180 5154 408 5208 ἀκανθῶν
440 5155 737 5223 ὑπάρχειν
767 5153 1018 5220 μεστοὺς,
1040 5153 1192 5205 οὐδὲν
1227 5152 1448 5223 ἔχοντας
1469 5153 1578 5207 τῶν
1630 5153 1764 5225 ὡρί-

183 5261 301 5310 μων,
336 5244 608 5306 διολωλὺς
656 5242 714 5294 δὲ
743 5243 822 5304 είς
850 5242 994 5296 ἆπαν
1025 5243 1134 5296 τῶν
1181 5244 1456 5314 ἀγροίκων
1482 5245 1544 5297 τὸ
1584 5245 1759 5312 γένος.

177 5329 270 5387 Ἦν
298 5332 387 5389 οὖν
422 5333 724 5395 ἐντεῦθεν,
749 5332 825 5396 ὡς
870 5332 1028 5403 ἔφην,
1085 5335 1332 5387 ἀπιστεῖν
1373 5335 1536 5398 είκὸς,
1589 5335 1664 5388 ὡς
1687 5338 1764 5397 είς

182 5425 330 5495 πέρας
356 5427 548 5490 αὐτοῖς
572 5423 878 5494 ἐκϐήσεται
916 5426 986 5477 τὰ
1031 5427 1435 5496 ἐπηγγελμένα.
1467 5427 1651 5498 Ταύτῃ
1685 5444 1764 5479 τοι

180 5515 290 5579 θεὸς
315 5519 574 5589 δίψυχεῖν
615 5517 730 5569 οὐκ
753 5516 836 5586 ὲᾷ·
867 5515 1088 5586 Θαρσεῖν
1108 5518 1162 5571 δὲ
1186 5517 1395 5570 κελεύει
1418 5559 1432 5582 ,
1466 5519 1558 5570 καὶ
1592 5520 1762 5588 ἐμπε-

828 5699 844 5726 τ
883 5697 1039 5758 Osce,
1097 5714 1153 5760 lt,
1201 5698 1285 5754 18.

890 5769 932 5797 *³
964 5769 1097 5823 (icn.
1129 5786 1280 5834 xml,
1319 5771 1401 5822 10.

183 5698 253 5820 2-ε
285 5699 608 5829 ξΡΙίῩξιὶι.”ὲ
622 5694 809 5829 λη’-ι.

1364 5700 1383 5726 ⁸
1436 5698 1448 5750 1
1492 5701 1643 5758 .l.»an.
1682 5717 1739 5766 ll,
1771 5699 1852 5754 l3.

1883 4519 2050 4561 turnte
2079 4506 2228 4575 pacis
2257 4504 2536 4558 eonnnoda
2570 4503 2914 4556 exsisterent.
2941 4497 3457 4566 Conteinplalmntnr

1882 4599 2024 4652 enim
2058 4611 2240 4651 muros
2272 4596 2505 4661 excisos,
2540 4593 2730 4647 domus
2758 4597 3153 4650 concrematas,
3186 4597 3240 4639 et
3268 4601 3456 4640 oinncs

1883 4693 2042 4747 nrbes
2069 4691 2418 4746 circumcirca
2451 4687 2686 4742 ferarum
2719 4683 3034 4738 immanium
3064 4679 3282 4740 cubilia,
3310 4679 3452 4746 quod

1881 4783 2072 4837 incolis
2110 4782 2332 4835 omnino
2372 4780 2600 4832 viduatae
2640 4785 2854 4838 essent,
2893 4787 2948 4828 et
2986 4787 3144 4842 agros
3185 4772 3449 4838 quondam

1879 4875 2236 4930 iertilissimos
2285 4883 2340 4926 et
2388 4869 2801 4925 ﬂorentissimos
2855 4867 3127 4934 spinarum
3187 4861 3449 4921 refertos,

1877 4964 2006 5019 niltil
2044 4963 2304 5018 habentes
2341 4969 2608 5014 maturum
2632 5001 2644 5021 ,
2680 4967 2736 5011 et
2773 4955 3064 5028 agrestium
3100 4967 3191 5007 seu
3224 4950 3452 5006 ruatico-

1876 5073 1990 5112 rum
2021 5071 2187 5126 genus
2217 5055 2450 5110 deletmn
2483 5051 2715 5120 penitus.
2748 5048 2884 5102 [line
2914 5047 3098 5116 igitur,
3133 5053 3189 5097 ut
3220 5042 3351 5106 dixi,
3383 5042 3451 5096 de

1874 5149 2154 5218 promissis
2183 5148 2248 5201 ad
2280 5162 2391 5203 rem
2425 5147 2594 5216 ipsam
2631 5141 2973 5196 conferendis
3005 5137 3276 5207 ambigere
3305 5133 3448 5186 haud

1872 5242 2343 5295 absurdum-erat.
2381 5237 2532 5304 Quod
2578 5234 2717 5287 Dens
2791 5247 2894 5284 non
2941 5230 3099 5291 sinit,
3145 5227 3238 5280 sed
3282 5224 3450 5279 conli-

1873 5334 2109 5388 dendum
2137 5334 2403 5397 hortatur,
2431 5341 2484 5385 et
2509 5331 2790 5385 conﬁrmat
2816 5339 2909 5379 eos
2935 5323 3078 5377 hunc
3103 5321 3158 5373 in
3187 5317 3402 5372 modum
3431 5333 3446 5370 :

1877 5445 1895 5478 ι
1935 5427 1987 5480 Si
2021 5425 2346 5495 impossibile
2374 5426 2478 5477 erit
2507 5437 2686 5476 coram
2721 5417 2958 5487 reliquiis
2990 5413 3166 5484 populi
3197 5412 3352 5479 hujus
3385 5410 3438 5462 in

1872 5520 2060 5571 diebus
2086 5518 2210 5581 illis,
2236 5515 2491 5586 numquid
2515 5523 2566 5569 et
2589 5525 2772 5566 coram
2797 5525 2879 5562 me
2905 5505 3235 5577 impossibile
3255 5501 3394 5588 erit?
3423 5519 3439 5551 ι

3087 5685 3121 5714 “
3154 5680 3292 5733 i’sal.
3335 5689 3439 5742 CH,

1938 5701 1954 5729 -"
2001 5698 2140 5751 l‘snl.
2185 5714 2323 5759 γαῖν,
2359 5697 2408 5760 1,
2438 5695 2491 5748 9..
2604 5693 2645 5724 ¹⁰
2678 5693 2782 5746 lsa.
2825 5703 2902 5756 XI,
2943 5689 2990 5739 l.
