  <div class='ocr_page' id='page_1' title='image "/cluster/home/n/w/nwhite01/storage/ocr_20150623/72/pst.000005712731/075.png"; bbox 0 0 3936 6318; ppageno 0'>
   <div class='ocr_carea' id='block_1_1' title="bbox 428 313 533 379">
    <p class='ocr_par' dir='ltr' id='par_1_1' title="bbox 428 313 533 379">
     <span class='ocr_line' id='line_1_1' title="bbox 428 313 533 379; baseline 0 -11"><span class='ocrx_word' id='word_1_1' title='bbox 428 313 533 379; x_wconf 64' lang='grc' dir='ltr'><strong>ΗΘ</strong></span> 
     </span>
    </p>
   </div>
   <div class='ocr_carea' id='block_1_2' title="bbox 1432 324 2673 412">
    <p class='ocr_par' dir='ltr' id='par_1_2' title="bbox 1432 324 2673 412">
     <span class='ocr_line' id='line_1_2' title="bbox 1432 324 2673 412; baseline 0.005 -32"><span class='ocrx_word' id='word_1_2' title='bbox 1432 324 1488 380; x_wconf 88' lang='lat' dir='ltr'><strong>S.</strong></span> <span class='ocrx_word' id='word_1_3' title='bbox 1529 327 1798 412; x_wconf 64' lang='lat' dir='ltr'><strong>CYRILLI</strong></span> <span class='ocrx_word' id='word_1_4' title='bbox 1837 327 2310 386; x_wconf 69' lang='lat' dir='ltr'><strong>ALEXANDRINI</strong></span> <span class='ocrx_word' id='word_1_5' title='bbox 2352 333 2673 390; x_wconf 79' lang='lat' dir='ltr'><strong>ARCIIIEP.</strong></span> 
     </span>
    </p>
   </div>
   <div class='ocr_carea' id='block_1_3' title="bbox 3596 325 3692 381">
    <p class='ocr_par' dir='ltr' id='par_1_3' title="bbox 3596 325 3692 381">
     <span class='ocr_line' id='line_1_3' title="bbox 3596 325 3692 381; baseline 0.021 -2"><span class='ocrx_word' id='word_1_6' title='bbox 3596 325 3692 381; x_wconf 66' lang='lat' dir='ltr'><strong>HO</strong></span> 
     </span>
    </p>
   </div>
   <div class='ocr_carea' id='block_1_4' title="bbox 427 432 2003 523">
    <p class='ocr_par' dir='ltr' id='par_1_4' title="bbox 427 436 1996 519">
     <span class='ocr_line' id='line_1_4' title="bbox 427 436 1996 519; baseline 0.01 -31"><span class='ocrx_word' id='word_1_7' title='bbox 427 436 785 505; x_wconf 72' lang='lat' dir='ltr'><strong>iumentorum</strong></span> <span class='ocrx_word' id='word_1_8' title='bbox 823 454 926 494; x_wconf 90' lang='lat' dir='ltr'><strong>non</strong></span> <span class='ocrx_word' id='word_1_9' title='bbox 961 449 1093 494; x_wconf 81' lang='lat' dir='ltr'><strong>erat.</strong></span> <span class='ocrx_word' id='word_1_10' title='bbox 1137 459 1153 491; x_wconf 82' lang='grc' dir='ltr'>ι</span> <span class='ocrx_word' id='word_1_11' title='bbox 1198 441 1261 495; x_wconf 86' lang='grc' dir='ltr'>Ει</span> <span class='ocrx_word' id='word_1_12' title='bbox 1293 486 1307 508; x_wconf 88' lang='grc'><strong>,</strong></span> <span class='ocrx_word' id='word_1_13' title='bbox 1343 461 1360 495; x_wconf 78' lang='grc' dir='ltr'>ι</span> <span class='ocrx_word' id='word_1_14' title='bbox 1393 443 1722 515; x_wconf 83' lang='lat' dir='ltr'><strong>lngredienti</strong></span> <span class='ocrx_word' id='word_1_15' title='bbox 1755 457 1809 502; x_wconf 92' lang='lat' dir='ltr'><strong>et</strong></span> <span class='ocrx_word' id='word_1_16' title='bbox 1838 463 1996 519; x_wconf 82' lang='lat' dir='ltr'><strong>egre-</strong></span> 
     </span>
    </p>
   </div>
   <div class='ocr_carea' id='block_1_5' title="bbox 2109 432 3688 523">
    <p class='ocr_par' dir='ltr' id='par_1_5' title="bbox 2114 432 3688 523">
     <span class='ocr_line' id='line_1_5' title="bbox 2114 432 3688 523; baseline -0.008 -18"><span class='ocrx_word' id='word_1_17' title='bbox 2114 432 2298 520; x_wconf 74' lang='grc' dir='ltr'>φησὶν,</span> <span class='ocrx_word' id='word_1_18' title='bbox 2330 453 2358 504; x_wconf 88' lang='lat'><strong>6</strong></span> <span class='ocrx_word' id='word_1_19' title='bbox 2387 452 2579 523; x_wconf 85' lang='grc' dir='ltr'>μισθὸς</span> <span class='ocrx_word' id='word_1_20' title='bbox 2634 450 2743 502; x_wconf 87' lang='grc' dir='ltr'><strong>τῶν</strong></span> <span class='ocrx_word' id='word_1_21' title='bbox 2794 448 3096 518; x_wconf 78' lang='grc' dir='ltr'>ἀνθρώπων</span> <span class='ocrx_word' id='word_1_22' title='bbox 3145 443 3244 496; x_wconf 79' lang='grc' dir='ltr'><strong>οὐκ</strong></span> <span class='ocrx_word' id='word_1_23' title='bbox 3271 439 3340 514; x_wconf 77' lang='grc' dir='ltr'>ἦν</span> <span class='ocrx_word' id='word_1_24' title='bbox 3381 443 3458 504; x_wconf 77' lang='grc' dir='ltr'><strong>εἰς</strong></span> <span class='ocrx_word' id='word_1_25' title='bbox 3486 441 3688 511; x_wconf 70' lang='grc' dir='ltr'>θνησιν,</span> 
     </span>
    </p>
   </div>
   <div class='ocr_carea' id='block_1_6' title="bbox 431 529 2006 603">
    <p class='ocr_par' dir='ltr' id='par_1_6' title="bbox 431 529 2006 603">
     <span class='ocr_line' id='line_1_6' title="bbox 431 529 2006 603; baseline 0.007 -21"><span class='ocrx_word' id='word_1_26' title='bbox 431 529 596 582; x_wconf 87' lang='lat' dir='ltr'><strong>dienti</strong></span> <span class='ocrx_word' id='word_1_27' title='bbox 693 546 799 585; x_wconf 92' lang='lat' dir='ltr'><strong>non</strong></span> <span class='ocrx_word' id='word_1_28' title='bbox 878 540 994 586; x_wconf 87' lang='lat' dir='ltr'><strong>erat</strong></span> <span class='ocrx_word' id='word_1_29' title='bbox 1041 547 1162 603; x_wconf 78' lang='lat' dir='ltr'><strong>pax.</strong></span> <span class='ocrx_word' id='word_1_30' title='bbox 1207 553 1224 585; x_wconf 78' lang='grc' dir='ltr'>ι</span> <span class='ocrx_word' id='word_1_31' title='bbox 1261 535 1352 589; x_wconf 85' lang='lat' dir='ltr'><strong>Est</strong></span> <span class='ocrx_word' id='word_1_32' title='bbox 1411 547 1588 591; x_wconf 90' lang='lat' dir='ltr'><strong>autem</strong></span> <span class='ocrx_word' id='word_1_33' title='bbox 1653 540 1807 594; x_wconf 85' lang='lat' dir='ltr'><strong>valde</strong></span> <span class='ocrx_word' id='word_1_34' title='bbox 1879 557 2006 595; x_wconf 83' lang='lat' dir='ltr'><strong>con-</strong></span> 
     </span>
    </p>
   </div>
   <div class='ocr_carea' id='block_1_7' title="bbox 425 623 1999 692">
    <p class='ocr_par' dir='ltr' id='par_1_7' title="bbox 425 623 1999 692">
     <span class='ocr_line' id='line_1_7' title="bbox 425 623 1999 692; baseline 0.009 -19"><span class='ocrx_word' id='word_1_35' title='bbox 425 631 684 676; x_wconf 81' lang='lat' dir='ltr'><strong>sentanea</strong></span> <span class='ocrx_word' id='word_1_36' title='bbox 793 623 1004 688; x_wconf 90' lang='lat' dir='ltr'><strong>oratio,</strong></span> <span class='ocrx_word' id='word_1_37' title='bbox 1071 624 1222 692; x_wconf 82' lang='lat' dir='ltr'><strong>cujus</strong></span> <span class='ocrx_word' id='word_1_38' title='bbox 1300 628 1584 683; x_wconf 85' lang='lat' dir='ltr'><strong>veritatem</strong></span> <span class='ocrx_word' id='word_1_39' title='bbox 1670 632 1999 687; x_wconf 77' lang='lat' dir='ltr'><strong>narrationis</strong></span> 
     </span>
    </p>
   </div>
   <div class='ocr_carea' id='block_1_8' title="bbox 424 714 1996 791">
    <p class='ocr_par' dir='ltr' id='par_1_8' title="bbox 424 714 1996 791">
     <span class='ocr_line' id='line_1_8' title="bbox 424 714 1996 791; baseline 0.01 -31"><span class='ocrx_word' id='word_1_40' title='bbox 424 714 720 768; x_wconf 70' lang='lat' dir='ltr'><strong>auctoritas</strong></span> <span class='ocrx_word' id='word_1_41' title='bbox 754 714 1060 774; x_wconf 92' lang='lat' dir='ltr'><strong>confirmat.</strong></span> <span class='ocrx_word' id='word_1_42' title='bbox 1081 715 1210 771; x_wconf 91' lang='lat' dir='ltr'><strong>Tale</strong></span> <span class='ocrx_word' id='word_1_43' title='bbox 1231 718 1374 771; x_wconf 90' lang='lat' dir='ltr'><strong>cnim</strong></span> <span class='ocrx_word' id='word_1_44' title='bbox 1395 721 1648 787; x_wconf 83' lang='lat' dir='ltr'><strong>quiddam</strong></span> <span class='ocrx_word' id='word_1_45' title='bbox 1682 723 1996 791; x_wconf 82' lang='lat' dir='ltr'><strong>significare</strong></span> 
     </span>
    </p>
   </div>
   <div class='ocr_carea' id='block_1_9' title="bbox 421 803 2000 879">
    <p class='ocr_par' dir='ltr' id='par_1_9' title="bbox 421 803 2000 879">
     <span class='ocr_line' id='line_1_9' title="bbox 421 803 2000 879; baseline 0.008 -26"><span class='ocrx_word' id='word_1_46' title='bbox 421 805 554 858; x_wconf 76' lang='lat' dir='ltr'><strong>vult.</strong></span> <span class='ocrx_word' id='word_1_47' title='bbox 619 803 897 862; x_wconf 82' lang='lat' dir='ltr'><strong>Venerunt</strong></span> <span class='ocrx_word' id='word_1_48' title='bbox 955 807 1228 879; x_wconf 76' lang='lat' dir='ltr'><strong>Babylone</strong></span> <span class='ocrx_word' id='word_1_49' title='bbox 1278 811 1329 864; x_wconf 92' lang='lat' dir='ltr'><strong>in</strong></span> <span class='ocrx_word' id='word_1_50' title='bbox 1389 821 1630 867; x_wconf 90' lang='lat' dir='ltr'><strong>sanctam</strong></span> <span class='ocrx_word' id='word_1_51' title='bbox 1722 814 2000 868; x_wconf 87' lang='lat' dir='ltr'><strong>civitatem</strong></span> 
     </span>
    </p>
   </div>
   <div class='ocr_carea' id='block_1_10' title="bbox 418 895 2007 972">
    <p class='ocr_par' dir='ltr' id='par_1_10' title="bbox 418 895 2007 972">
     <span class='ocr_line' id='line_1_10' title="bbox 418 895 2007 972; baseline 0.006 -25"><span class='ocrx_word' id='word_1_52' title='bbox 418 895 688 961; x_wconf 68' lang='lat' dir='ltr'><strong>lsraelitre,</strong></span> <span class='ocrx_word' id='word_1_53' title='bbox 707 899 799 952; x_wconf 91' lang='lat' dir='ltr'><strong>sed</strong></span> <span class='ocrx_word' id='word_1_54' title='bbox 829 897 879 950; x_wconf 93' lang='lat' dir='ltr'><strong>in</strong></span> <span class='ocrx_word' id='word_1_55' title='bbox 900 897 1017 952; x_wconf 87' lang='lat' dir='ltr'><strong>loco</strong></span> <span class='ocrx_word' id='word_1_56' title='bbox 1044 915 1147 952; x_wconf 90' lang='lat' dir='ltr'><strong>non</strong></span> <span class='ocrx_word' id='word_1_57' title='bbox 1169 911 1282 954; x_wconf 87' lang='lat' dir='ltr'><strong>erat</strong></span> <span class='ocrx_word' id='word_1_58' title='bbox 1307 902 1384 954; x_wconf 90' lang='lat' dir='ltr'><strong>eis</strong></span> <span class='ocrx_word' id='word_1_59' title='bbox 1411 903 1789 969; x_wconf 84' lang='lat' dir='ltr'><strong>sanctificatio,</strong></span> <span class='ocrx_word' id='word_1_60' title='bbox 1810 905 2007 972; x_wconf 88' lang='lat' dir='ltr'><strong>templo</strong></span> 
     </span>
    </p>
   </div>
   <div class='ocr_carea' id='block_1_11' title="bbox 417 988 2004 1058">
    <p class='ocr_par' dir='ltr' id='par_1_11' title="bbox 417 988 2004 1058">
     <span class='ocr_line' id='line_1_11' title="bbox 417 988 2004 1058; baseline 0.008 -20"><span class='ocrx_word' id='word_1_61' title='bbox 417 988 624 1051; x_wconf 78' lang='lat' dir='ltr'><strong>pridem</strong></span> <span class='ocrx_word' id='word_1_62' title='bbox 651 989 832 1044; x_wconf 85' lang='lat' dir='ltr'><strong>diruto</strong></span> <span class='ocrx_word' id='word_1_63' title='bbox 862 1010 872 1044; x_wconf 93' lang='lat'>:</span> <span class='ocrx_word' id='word_1_64' title='bbox 907 1005 1009 1044; x_wconf 90' lang='lat' dir='ltr'><strong>non</strong></span> <span class='ocrx_word' id='word_1_65' title='bbox 1046 1002 1160 1044; x_wconf 91' lang='lat' dir='ltr'><strong>erat</strong></span> <span class='ocrx_word' id='word_1_66' title='bbox 1185 994 1508 1048; x_wconf 85' lang='lat' dir='ltr'><strong>sacritieium</strong></span> <span class='ocrx_word' id='word_1_67' title='bbox 1537 1009 1590 1048; x_wconf 88' lang='lat' dir='ltr'><strong>et</strong></span> <span class='ocrx_word' id='word_1_68' title='bbox 1612 995 1814 1058; x_wconf 87' lang='lat' dir='ltr'><strong>Iihatio,</strong></span> <span class='ocrx_word' id='word_1_69' title='bbox 1849 997 2004 1050; x_wconf 82' lang='lat' dir='ltr'><strong>altari</strong></span> 
     </span>
    </p>
   </div>
   <div class='ocr_carea' id='block_1_12' title="bbox 415 1076 2008 1140">
    <p class='ocr_par' dir='ltr' id='par_1_12' title="bbox 415 1076 2008 1140">
     <span class='ocr_line' id='line_1_12' title="bbox 415 1076 2008 1140; baseline 0.006 -10"><span class='ocrx_word' id='word_1_70' title='bbox 415 1091 625 1131; x_wconf 55' lang='lat' dir='ltr'><strong>iverso.</strong></span> <span class='ocrx_word' id='word_1_71' title='bbox 657 1076 858 1132; x_wconf 86' lang='lat' dir='ltr'><strong>Deinde</strong></span> <span class='ocrx_word' id='word_1_72' title='bbox 907 1078 1152 1133; x_wconf 82' lang='lat' dir='ltr'><strong>hortatus</strong></span> <span class='ocrx_word' id='word_1_73' title='bbox 1184 1092 1264 1135; x_wconf 88' lang='lat' dir='ltr'><strong>est</strong></span> <span class='ocrx_word' id='word_1_74' title='bbox 1296 1097 1388 1136; x_wconf 90' lang='lat' dir='ltr'><strong>eos</strong></span> <span class='ocrx_word' id='word_1_75' title='bbox 1445 1085 1818 1139; x_wconf 83' lang='lat' dir='ltr'><strong>universorum</strong></span> <span class='ocrx_word' id='word_1_76' title='bbox 1868 1085 2008 1140; x_wconf 88' lang='lat' dir='ltr'><strong>Deus</strong></span> 
     </span>
    </p>
   </div>
   <div class='ocr_carea' id='block_1_13' title="bbox 415 1168 2008 1242">
    <p class='ocr_par' dir='ltr' id='par_1_13' title="bbox 415 1168 2008 1242">
     <span class='ocr_line' id='line_1_13' title="bbox 415 1168 2008 1242; baseline 0.008 -27"><span class='ocrx_word' id='word_1_77' title='bbox 415 1177 472 1218; x_wconf 92' lang='lat' dir='ltr'><strong>ut</strong></span> <span class='ocrx_word' id='word_1_78' title='bbox 507 1176 630 1224; x_wconf 90' lang='lat' dir='ltr'><strong>ante</strong></span> <span class='ocrx_word' id='word_1_79' title='bbox 658 1168 835 1222; x_wconf 85' lang='lat' dir='ltr'><strong>omnia</strong></span> <span class='ocrx_word' id='word_1_80' title='bbox 869 1170 995 1238; x_wconf 89' lang='lat' dir='ltr'><strong>ipsis</strong></span> <span class='ocrx_word' id='word_1_81' title='bbox 1021 1181 1126 1228; x_wconf 85' lang='lat' dir='ltr'><strong>tam</strong></span> <span class='ocrx_word' id='word_1_82' title='bbox 1154 1174 1579 1227; x_wconf 71' lang='lat' dir='ltr'><strong>necessariorum</strong></span> <span class='ocrx_word' id='word_1_83' title='bbox 1610 1191 1795 1228; x_wconf 88' lang='lat' dir='ltr'><strong>curam</strong></span> <span class='ocrx_word' id='word_1_84' title='bbox 1820 1177 2008 1242; x_wconf 84' lang='lat' dir='ltr'><strong>praeci-</strong></span> 
     </span>
    </p>
   </div>
   <div class='ocr_carea' id='block_1_14' title="bbox 416 1265 2003 1332">
    <p class='ocr_par' dir='ltr' id='par_1_14' title="bbox 416 1265 2003 1332">
     <span class='ocr_line' id='line_1_14' title="bbox 416 1265 2003 1332; baseline 0.006 -24"><span class='ocrx_word' id='word_1_85' title='bbox 416 1273 574 1322; x_wconf 90' lang='lat' dir='ltr'><strong>puam</strong></span> <span class='ocrx_word' id='word_1_86' title='bbox 609 1270 878 1329; x_wconf 77' lang='lat' dir='ltr'><strong>gererent,</strong></span> <span class='ocrx_word' id='word_1_87' title='bbox 899 1265 1263 1332; x_wconf 89' lang='lat' dir='ltr'><strong>templumque</strong></span> <span class='ocrx_word' id='word_1_88' title='bbox 1281 1267 1344 1317; x_wconf 87' lang='lat' dir='ltr'><strong>de</strong></span> <span class='ocrx_word' id='word_1_89' title='bbox 1364 1265 1574 1330; x_wconf 73' lang='lat' dir='ltr'><strong>integro</strong></span> <span class='ocrx_word' id='word_1_90' title='bbox 1603 1277 2003 1328; x_wconf 83' lang='lat' dir='ltr'><strong>construerent,</strong></span> 
     </span>
    </p>
   </div>
   <div class='ocr_carea' id='block_1_15' title="bbox 415 1349 1994 1425">
    <p class='ocr_par' dir='ltr' id='par_1_15' title="bbox 415 1349 1994 1425">
     <span class='ocr_line' id='line_1_15' title="bbox 415 1349 1994 1425; baseline 0.007 -25"><span class='ocrx_word' id='word_1_91' title='bbox 415 1349 764 1419; x_wconf 85' lang='lat' dir='ltr'><strong>divinumque</strong></span> <span class='ocrx_word' id='word_1_92' title='bbox 827 1353 877 1406; x_wconf 92' lang='lat' dir='ltr'><strong>in</strong></span> <span class='ocrx_word' id='word_1_93' title='bbox 948 1368 1013 1407; x_wconf 92' lang='lat' dir='ltr'><strong>eo</strong></span> <span class='ocrx_word' id='word_1_94' title='bbox 1087 1355 1256 1407; x_wconf 78' lang='lat' dir='ltr'><strong>altare</strong></span> <span class='ocrx_word' id='word_1_95' title='bbox 1315 1370 1501 1409; x_wconf 84' lang='lat' dir='ltr'><strong>rursus</strong></span> <span class='ocrx_word' id='word_1_96' title='bbox 1579 1357 1874 1425; x_wconf 73' lang='lat' dir='ltr'><strong>erigerent,</strong></span> <span class='ocrx_word' id='word_1_97' title='bbox 1935 1368 1994 1411; x_wconf 90' lang='lat' dir='ltr'><strong>ut</strong></span> 
     </span>
    </p>
   </div>
   <div class='ocr_carea' id='block_1_16' title="bbox 414 1441 2003 1517">
    <p class='ocr_par' dir='ltr' id='par_1_16' title="bbox 414 1441 2003 1517">
     <span class='ocr_line' id='line_1_16' title="bbox 414 1441 2003 1517; baseline 0.007 -25"><span class='ocrx_word' id='word_1_98' title='bbox 414 1441 616 1510; x_wconf 77' lang='lat' dir='ltr'><strong>legibus</strong></span> <span class='ocrx_word' id='word_1_99' title='bbox 631 1443 872 1498; x_wconf 88' lang='lat' dir='ltr'><strong>instituta</strong></span> <span class='ocrx_word' id='word_1_100' title='bbox 889 1447 1264 1503; x_wconf 87' lang='lat' dir='ltr'><strong>decentissime</strong></span> <span class='ocrx_word' id='word_1_101' title='bbox 1280 1462 1554 1517; x_wconf 85' lang='lat' dir='ltr'><strong>peragere,</strong></span> <span class='ocrx_word' id='word_1_102' title='bbox 1569 1460 1620 1502; x_wconf 92' lang='lat' dir='ltr'><strong>et</strong></span> <span class='ocrx_word' id='word_1_103' title='bbox 1635 1451 2003 1504; x_wconf 85' lang='lat' dir='ltr'><strong>universorum</strong></span> 
     </span>
    </p>
   </div>
   <div class='ocr_carea' id='block_1_17' title="bbox 418 1537 2006 1610">
    <p class='ocr_par' dir='ltr' id='par_1_17' title="bbox 418 1537 2006 1610">
     <span class='ocr_line' id='line_1_17' title="bbox 418 1537 2006 1610; baseline 0.01 -28"><span class='ocrx_word' id='word_1_104' title='bbox 418 1537 586 1592; x_wconf 64' lang='lat' dir='ltr'><strong>Deut“</strong></span> <span class='ocrx_word' id='word_1_105' title='bbox 645 1537 937 1592; x_wconf 87' lang='lat' dir='ltr'><strong>conciliare</strong></span> <span class='ocrx_word' id='word_1_106' title='bbox 967 1549 1208 1610; x_wconf 85' lang='lat' dir='ltr'><strong>possent.</strong></span> <span class='ocrx_word' id='word_1_107' title='bbox 1260 1541 1359 1595; x_wconf 88' lang='lat' dir='ltr'><strong>Ast</strong></span> <span class='ocrx_word' id='word_1_108' title='bbox 1385 1541 1459 1594; x_wconf 90' lang='lat' dir='ltr'><strong>illi</strong></span> <span class='ocrx_word' id='word_1_109' title='bbox 1502 1543 1669 1598; x_wconf 88' lang='lat' dir='ltr'><strong>variis</strong></span> <span class='ocrx_word' id='word_1_110' title='bbox 1713 1544 1777 1598; x_wconf 90' lang='lat' dir='ltr'><strong>de</strong></span> <span class='ocrx_word' id='word_1_111' title='bbox 1826 1545 2006 1598; x_wconf 81' lang='lat' dir='ltr'><strong>causis</strong></span> 
     </span>
    </p>
   </div>
   <div class='ocr_carea' id='block_1_18' title="bbox 414 1622 2006 1700">
    <p class='ocr_par' dir='ltr' id='par_1_18' title="bbox 414 1622 2006 1700">
     <span class='ocr_line' id='line_1_18' title="bbox 414 1622 2006 1700; baseline 0.011 -27"><span class='ocrx_word' id='word_1_112' title='bbox 414 1622 738 1680; x_wconf 66' lang='lat' dir='ltr'><strong>differebant</strong></span> <span class='ocrx_word' id='word_1_113' title='bbox 765 1666 780 1692; x_wconf 90' lang='lat'><strong>,</strong></span> <span class='ocrx_word' id='word_1_114' title='bbox 807 1645 947 1683; x_wconf 87' lang='lat' dir='ltr'><strong>nunc</strong></span> <span class='ocrx_word' id='word_1_115' title='bbox 989 1632 1230 1699; x_wconf 72' lang='lat' dir='ltr'><strong>pecunia:</strong></span> <span class='ocrx_word' id='word_1_116' title='bbox 1264 1633 1527 1700; x_wconf 78' lang='lat' dir='ltr'><strong>fingentes</strong></span> <span class='ocrx_word' id='word_1_117' title='bbox 1555 1633 1814 1700; x_wconf 89' lang='lat' dir='ltr'><strong>inopiam,</strong></span> <span class='ocrx_word' id='word_1_118' title='bbox 1863 1651 2006 1690; x_wconf 88' lang='lat' dir='ltr'><strong>nunc</strong></span> 
     </span>
    </p>
   </div>
   <div class='ocr_carea' id='block_1_19' title="bbox 411 1715 2002 1792">
    <p class='ocr_par' dir='ltr' id='par_1_19' title="bbox 411 1715 2002 1792">
     <span class='ocr_line' id='line_1_19' title="bbox 411 1715 2002 1792; baseline 0.006 -22"><span class='ocrx_word' id='word_1_119' title='bbox 411 1715 679 1770; x_wconf 65' lang='lat' dir='ltr'><strong>aedificare</strong></span> <span class='ocrx_word' id='word_1_120' title='bbox 735 1721 1135 1787; x_wconf 83' lang='lat' dir='ltr'><strong>prohibentium</strong></span> <span class='ocrx_word' id='word_1_121' title='bbox 1181 1723 1593 1791; x_wconf 79' lang='lat' dir='ltr'><strong>perversitatem</strong></span> <span class='ocrx_word' id='word_1_122' title='bbox 1625 1733 2002 1792; x_wconf 65' lang='lat' dir='ltr'><strong>praetexentes.</strong></span> 
     </span>
    </p>
   </div>
   <div class='ocr_carea' id='block_1_20' title="bbox 2115 533 3689 613">
    <p class='ocr_par' dir='ltr' id='par_1_20' title="bbox 2115 533 3689 613">
     <span class='ocr_line' id='line_1_20' title="bbox 2115 533 3689 613; baseline -0.007 -17"><span class='ocrx_word' id='word_1_123' title='bbox 2115 545 2208 596; x_wconf 77' lang='grc' dir='ltr'>καὶ</span> <span class='ocrx_word' id='word_1_124' title='bbox 2250 546 2277 595; x_wconf 99' lang='lat'><strong>6</strong></span> <span class='ocrx_word' id='word_1_125' title='bbox 2311 544 2498 613; x_wconf 81' lang='grc' dir='ltr'>μισθὸς</span> <span class='ocrx_word' id='word_1_126' title='bbox 2522 543 2631 594; x_wconf 85' lang='grc' dir='ltr'><strong>τῶν</strong></span> <span class='ocrx_word' id='word_1_127' title='bbox 2664 540 2878 612; x_wconf 80' lang='grc' dir='ltr'>κτηνῶν</span> <span class='ocrx_word' id='word_1_128' title='bbox 2907 540 3006 609; x_wconf 84' lang='grc' dir='ltr'><strong>οὐχ</strong></span> <span class='ocrx_word' id='word_1_129' title='bbox 3039 537 3272 608; x_wconf 78' lang='grc' dir='ltr'>ὑπῆρχε.</span> <span class='ocrx_word' id='word_1_130' title='bbox 3309 554 3327 586; x_wconf 73' lang='grc' dir='ltr'>ι</span> <span class='ocrx_word' id='word_1_131' title='bbox 3359 535 3469 588; x_wconf 78' lang='grc' dir='ltr'><strong>Καὶ</strong></span> <span class='ocrx_word' id='word_1_132' title='bbox 3510 533 3689 600; x_wconf 87' lang='grc' dir='ltr'>πάλιν,</span> 
     </span>
    </p>
   </div>
   <div class='ocr_carea' id='block_1_21' title="bbox 2117 620 3691 702">
    <p class='ocr_par' dir='ltr' id='par_1_21' title="bbox 2117 620 3691 702">
     <span class='ocr_line' id='line_1_21' title="bbox 2117 620 3691 702; baseline -0.003 -20"><span class='ocrx_word' id='word_1_133' title='bbox 2117 651 2135 682; x_wconf 84' lang='grc' dir='ltr'>ι</span> <span class='ocrx_word' id='word_1_134' title='bbox 2163 632 2250 702; x_wconf 83' lang='grc' dir='ltr'>Τῷ</span> <span class='ocrx_word' id='word_1_135' title='bbox 2289 632 2708 702; x_wconf 79' lang='grc' dir='ltr'><strong>ἐκπορευομένῳ</strong></span> <span class='ocrx_word' id='word_1_136' title='bbox 2740 631 2834 682; x_wconf 69' lang='grc' dir='ltr'><strong>καὶ</strong></span> <span class='ocrx_word' id='word_1_137' title='bbox 2878 628 2956 697; x_wconf 84' lang='grc' dir='ltr'>τῷ</span> <span class='ocrx_word' id='word_1_138' title='bbox 3003 625 3441 698; x_wconf 81' lang='grc' dir='ltr'>εἰσπορευομένῳ</span> <span class='ocrx_word' id='word_1_139' title='bbox 3490 625 3590 678; x_wconf 78' lang='grc' dir='ltr'><strong>οὐκ</strong></span> <span class='ocrx_word' id='word_1_140' title='bbox 3625 620 3691 696; x_wconf 78' lang='grc' dir='ltr'>ἦν</span> 
     </span>
    </p>
   </div>
   <div class='ocr_carea' id='block_1_22' title="bbox 2111 714 3690 795">
    <p class='ocr_par' dir='ltr' id='par_1_22' title="bbox 2111 714 3690 795">
     <span class='ocr_line' id='line_1_22' title="bbox 2111 714 3690 795; baseline -0.006 -19"><span class='ocrx_word' id='word_1_141' title='bbox 2111 726 2322 795; x_wconf 82' lang='grc' dir='ltr'>εἰρήνη.</span> <span class='ocrx_word' id='word_1_142' title='bbox 2364 744 2383 775; x_wconf 76' lang='grc' dir='ltr'>ι</span> <span class='ocrx_word' id='word_1_143' title='bbox 2424 725 2575 794; x_wconf 83' lang='grc' dir='ltr'>Ἔχει</span> <span class='ocrx_word' id='word_1_144' title='bbox 2599 723 2653 776; x_wconf 79' lang='grc' dir='ltr'><strong>δὲ</strong></span> <span class='ocrx_word' id='word_1_145' title='bbox 2705 722 2798 774; x_wconf 68' lang='grc' dir='ltr'><strong>καὶ</strong></span> <span class='ocrx_word' id='word_1_146' title='bbox 2828 721 3032 791; x_wconf 74' lang='grc' dir='ltr'>σφόδρα</span> <span class='ocrx_word' id='word_1_147' title='bbox 3063 719 3124 770; x_wconf 80' lang='grc' dir='ltr'><strong>τὸ</strong></span> <span class='ocrx_word' id='word_1_148' title='bbox 3151 717 3296 780; x_wconf 83' lang='grc' dir='ltr'>εἰκὸς</span> <span class='ocrx_word' id='word_1_149' title='bbox 3321 719 3348 769; x_wconf 90' lang='lat'><strong>6</strong></span> <span class='ocrx_word' id='word_1_150' title='bbox 3383 715 3561 784; x_wconf 81' lang='grc' dir='ltr'>λόγος,</span> <span class='ocrx_word' id='word_1_151' title='bbox 3596 714 3690 768; x_wconf 68' lang='grc' dir='ltr'><strong>καὶ</strong></span> 
     </span>
    </p>
   </div>
   <div class='ocr_carea' id='block_1_23' title="bbox 2111 808 3688 887">
    <p class='ocr_par' dir='ltr' id='par_1_23' title="bbox 2111 808 3688 887">
     <span class='ocr_line' id='line_1_23' title="bbox 2111 808 3688 887; baseline -0.007 -18"><span class='ocrx_word' id='word_1_152' title='bbox 2111 816 2170 869; x_wconf 83' lang='grc' dir='ltr'><strong>τὸ</strong></span> <span class='ocrx_word' id='word_1_153' title='bbox 2202 816 2399 887; x_wconf 81' lang='grc' dir='ltr'>ἀληθὲς</span> <span class='ocrx_word' id='word_1_154' title='bbox 2427 819 2484 869; x_wconf 89' lang='grc' dir='ltr'><strong>ἐν</strong></span> <span class='ocrx_word' id='word_1_155' title='bbox 2538 814 2747 876; x_wconf 82' lang='grc' dir='ltr'><strong>τούτοις</strong></span> <span class='ocrx_word' id='word_1_156' title='bbox 2780 813 3074 884; x_wconf 81' lang='grc' dir='ltr'><strong>παρίστησι</strong></span> <span class='ocrx_word' id='word_1_157' title='bbox 3113 809 3223 862; x_wconf 88' lang='grc' dir='ltr'><strong>τῶν</strong></span> <span class='ocrx_word' id='word_1_158' title='bbox 3271 808 3626 877; x_wconf 83' lang='grc' dir='ltr'>διηγημάτων</span> <span class='ocrx_word' id='word_1_159' title='bbox 3656 808 3688 876; x_wconf 80' lang='grc' dir='ltr'>ἡ</span> 
     </span>
    </p>
   </div>
   <div class='ocr_carea' id='block_1_24' title="bbox 2109 892 3690 977">
    <p class='ocr_par' dir='ltr' id='par_1_24' title="bbox 2109 892 3690 977">
     <span class='ocr_line' id='line_1_24' title="bbox 2109 892 3690 977; baseline -0.006 -19"><span class='ocrx_word' id='word_1_160' title='bbox 2109 907 2356 977; x_wconf 77' lang='grc' dir='ltr'>δύναμις.</span> <span class='ocrx_word' id='word_1_161' title='bbox 2397 904 2654 960; x_wconf 81' lang='grc' dir='ltr'>Βούλεται</span> <span class='ocrx_word' id='word_1_162' title='bbox 2689 905 2795 975; x_wconf 84' lang='grc' dir='ltr'><strong>γάρ</strong></span> <span class='ocrx_word' id='word_1_163' title='bbox 2823 921 2874 956; x_wconf 89' lang='grc' dir='ltr'><strong>τι</strong></span> <span class='ocrx_word' id='word_1_164' title='bbox 2897 902 3134 955; x_wconf 76' lang='grc' dir='ltr'>τοιοῦτον</span> <span class='ocrx_word' id='word_1_165' title='bbox 3172 898 3489 970; x_wconf 79' lang='grc' dir='ltr'>ὑποδηλοῦν.</span> <span class='ocrx_word' id='word_1_166' title='bbox 3515 892 3690 950; x_wconf 82' lang='grc' dir='ltr'>Ἧκον</span> 
     </span>
    </p>
   </div>
   <div class='ocr_carea' id='block_1_25' title="bbox 2114 988 3689 1069">
    <p class='ocr_par' dir='ltr' id='par_1_25' title="bbox 2114 988 3689 1069">
     <span class='ocr_line' id='line_1_25' title="bbox 2114 988 3689 1069; baseline -0.004 -19"><span class='ocrx_word' id='word_1_167' title='bbox 2114 1001 2210 1068; x_wconf 81' lang='grc' dir='ltr'><strong>μὲν</strong></span> <span class='ocrx_word' id='word_1_168' title='bbox 2254 999 2363 1069; x_wconf 80' lang='grc' dir='ltr'><strong>γὰρ</strong></span> <span class='ocrx_word' id='word_1_169' title='bbox 2415 1000 2478 1050; x_wconf 85' lang='grc' dir='ltr'><strong>ἐκ</strong></span> <span class='ocrx_word' id='word_1_170' title='bbox 2525 996 2844 1058; x_wconf 81' lang='grc' dir='ltr'>Βαϐυλῶνος</span> <span class='ocrx_word' id='word_1_171' title='bbox 2877 997 2956 1056; x_wconf 84' lang='grc' dir='ltr'>εἰς</span> <span class='ocrx_word' id='word_1_172' title='bbox 2992 993 3090 1063; x_wconf 79' lang='grc' dir='ltr'><strong>τὴν</strong></span> <span class='ocrx_word' id='word_1_173' title='bbox 3147 992 3306 1060; x_wconf 82' lang='grc' dir='ltr'>ἁγίαν</span> <span class='ocrx_word' id='word_1_174' title='bbox 3365 991 3518 1044; x_wconf 86' lang='grc' dir='ltr'>πόλιν</span> <span class='ocrx_word' id='word_1_175' title='bbox 3551 993 3599 1042; x_wconf 83' lang='grc' dir='ltr'>οἱ</span> <span class='ocrx_word' id='word_1_176' title='bbox 3630 988 3689 1054; x_wconf 80' lang='grc' dir='ltr'><strong>ἐξ</strong></span> 
     </span>
    </p>
   </div>
   <div class='ocr_carea' id='block_1_26' title="bbox 2124 1079 3688 1158">
    <p class='ocr_par' dir='ltr' id='par_1_26' title="bbox 2124 1079 3688 1158">
     <span class='ocr_line' id='line_1_26' title="bbox 2124 1079 3688 1158; baseline -0.007 -18"><span class='ocrx_word' id='word_1_177' title='bbox 2124 1087 2359 1158; x_wconf 81' lang='grc' dir='ltr'>Ἱσραήλ’</span> <span class='ocrx_word' id='word_1_178' title='bbox 2389 1086 2502 1140; x_wconf 84' lang='grc' dir='ltr'>ἀλλ’</span> <span class='ocrx_word' id='word_1_179' title='bbox 2535 1086 2635 1138; x_wconf 85' lang='grc' dir='ltr'><strong>οὐκ</strong></span> <span class='ocrx_word' id='word_1_180' title='bbox 2665 1080 2731 1155; x_wconf 78' lang='grc' dir='ltr'>ἦν</span> <span class='ocrx_word' id='word_1_181' title='bbox 2765 1084 2947 1145; x_wconf 82' lang='grc' dir='ltr'>αὐτοῖς</span> <span class='ocrx_word' id='word_1_182' title='bbox 2995 1082 3240 1150; x_wconf 85' lang='grc' dir='ltr'>ἀγίασμα</span> <span class='ocrx_word' id='word_1_183' title='bbox 3271 1079 3348 1149; x_wconf 83' lang='grc' dir='ltr'>τῷ</span> <span class='ocrx_word' id='word_1_184' title='bbox 3371 1081 3542 1148; x_wconf 81' lang='grc' dir='ltr'>τόπῳ,</span> <span class='ocrx_word' id='word_1_185' title='bbox 3587 1093 3688 1130; x_wconf 87' lang='grc' dir='ltr'>κα-</span> 
     </span>
    </p>
   </div>
   <div class='ocr_carea' id='block_1_27' title="bbox 2109 1167 3689 1248">
    <p class='ocr_par' dir='ltr' id='par_1_27' title="bbox 2109 1167 3689 1248">
     <span class='ocr_line' id='line_1_27' title="bbox 2109 1167 3689 1248; baseline -0.007 -17"><span class='ocrx_word' id='word_1_186' title='bbox 2109 1178 2537 1248; x_wconf 76' lang='grc' dir='ltr'>τασεσεισμένον</span> <span class='ocrx_word' id='word_1_187' title='bbox 2583 1175 2677 1228; x_wconf 75' lang='grc' dir='ltr'>τοῦ</span> <span class='ocrx_word' id='word_1_188' title='bbox 2726 1175 2892 1228; x_wconf 85' lang='grc' dir='ltr'>πάλαι</span> <span class='ocrx_word' id='word_1_189' title='bbox 2923 1173 3052 1227; x_wconf 83' lang='grc' dir='ltr'>ναοῦ</span> <span class='ocrx_word' id='word_1_190' title='bbox 3079 1189 3092 1204; x_wconf 87' lang='grc'><strong>·</strong></span> <span class='ocrx_word' id='word_1_191' title='bbox 3125 1173 3225 1225; x_wconf 71' lang='grc' dir='ltr'><strong>οὐκ</strong></span> <span class='ocrx_word' id='word_1_192' title='bbox 3265 1167 3333 1242; x_wconf 82' lang='grc' dir='ltr'>ἦν</span> <span class='ocrx_word' id='word_1_193' title='bbox 3381 1170 3540 1223; x_wconf 87' lang='grc' dir='ltr'>θυσία</span> <span class='ocrx_word' id='word_1_194' title='bbox 3595 1168 3689 1221; x_wconf 70' lang='grc' dir='ltr'><strong>καὶ</strong></span> 
     </span>
    </p>
   </div>
   <div class='ocr_carea' id='block_1_28' title="bbox 2113 1259 3688 1338">
    <p class='ocr_par' dir='ltr' id='par_1_28' title="bbox 2113 1259 3688 1338">
     <span class='ocr_line' id='line_1_28' title="bbox 2113 1259 3688 1338; baseline -0.006 -19"><span class='ocrx_word' id='word_1_195' title='bbox 2113 1269 2332 1338; x_wconf 84' lang='grc' dir='ltr'>σπονδὴ,</span> <span class='ocrx_word' id='word_1_196' title='bbox 2367 1269 2440 1338; x_wconf 83' lang='grc' dir='ltr'><strong>μὴ</strong></span> <span class='ocrx_word' id='word_1_197' title='bbox 2482 1266 2716 1330; x_wconf 79' lang='grc' dir='ltr'>ἑστῶτος</span> <span class='ocrx_word' id='word_1_198' title='bbox 2744 1264 3152 1336; x_wconf 77' lang='grc' dir='ltr'>θυσιαστηρίου.</span> <span class='ocrx_word' id='word_1_199' title='bbox 3180 1259 3312 1315; x_wconf 80' lang='grc' dir='ltr'>Εἶτα</span> <span class='ocrx_word' id='word_1_200' title='bbox 3345 1260 3688 1331; x_wconf 74' lang='grc' dir='ltr'>προῦτρεπεν</span> 
     </span>
    </p>
   </div>
   <div class='ocr_carea' id='block_1_29' title="bbox 2108 1353 3687 1421">
    <p class='ocr_par' dir='ltr' id='par_1_29' title="bbox 2108 1353 3687 1421">
     <span class='ocr_line' id='line_1_29' title="bbox 2108 1353 3687 1421; baseline -0.006 -8"><span class='ocrx_word' id='word_1_201' title='bbox 2108 1363 2135 1413; x_wconf 90' lang='grc' dir='ltr'>ὀ</span> <span class='ocrx_word' id='word_1_202' title='bbox 2198 1360 2305 1413; x_wconf 82' lang='grc' dir='ltr'><strong>τῶν</strong></span> <span class='ocrx_word' id='word_1_203' title='bbox 2359 1361 2496 1413; x_wconf 83' lang='grc' dir='ltr'>ὅλων</span> <span class='ocrx_word' id='word_1_204' title='bbox 2558 1359 2713 1421; x_wconf 81' lang='grc' dir='ltr'>Θεὸς,</span> <span class='ocrx_word' id='word_1_205' title='bbox 2747 1359 2852 1410; x_wconf 86' lang='grc' dir='ltr'><strong>τῶν</strong></span> <span class='ocrx_word' id='word_1_206' title='bbox 2896 1357 3071 1418; x_wconf 73' lang='grc' dir='ltr'>οὕτως</span> <span class='ocrx_word' id='word_1_207' title='bbox 3121 1357 3303 1418; x_wconf 82' lang='grc' dir='ltr'>αὐτοῖς</span> <span class='ocrx_word' id='word_1_208' title='bbox 3371 1353 3687 1420; x_wconf 72' lang='grc' dir='ltr'>ἀναγκαίων</span> 
     </span>
    </p>
   </div>
   <div class='ocr_carea' id='block_1_30' title="bbox 2109 1441 3687 1518">
    <p class='ocr_par' dir='ltr' id='par_1_30' title="bbox 2109 1441 3687 1518">
     <span class='ocr_line' id='line_1_30' title="bbox 2109 1441 3687 1518; baseline -0.003 -20"><span class='ocrx_word' id='word_1_209' title='bbox 2109 1449 2576 1518; x_wconf 77' lang='grc' dir='ltr'>προὺργιαιτάτην</span> <span class='ocrx_word' id='word_1_210' title='bbox 2637 1447 2823 1498; x_wconf 79' lang='grc' dir='ltr'>θέσθαι</span> <span class='ocrx_word' id='word_1_211' title='bbox 2858 1445 3135 1516; x_wconf 73' lang='grc' dir='ltr'>φροντίδα,</span> <span class='ocrx_word' id='word_1_212' title='bbox 3169 1443 3261 1496; x_wconf 71' lang='grc' dir='ltr'><strong>καὶ</strong></span> <span class='ocrx_word' id='word_1_213' title='bbox 3292 1441 3687 1512; x_wconf 85' lang='grc' dir='ltr'>ἀναδείμασθαι</span> 
     </span>
    </p>
   </div>
   <div class='ocr_carea' id='block_1_31' title="bbox 2111 1532 3687 1610">
    <p class='ocr_par' dir='ltr' id='par_1_31' title="bbox 2111 1532 3687 1610">
     <span class='ocr_line' id='line_1_31' title="bbox 2111 1532 3687 1610; baseline -0.007 -18"><span class='ocrx_word' id='word_1_214' title='bbox 2111 1541 2211 1610; x_wconf 84' lang='grc' dir='ltr'><strong>μὲν</strong></span> <span class='ocrx_word' id='word_1_215' title='bbox 2238 1540 2328 1592; x_wconf 74' lang='grc' dir='ltr'><strong>τὸν</strong></span> <span class='ocrx_word' id='word_1_216' title='bbox 2363 1539 2509 1603; x_wconf 63' lang='grc' dir='ltr'>ναὸν,</span> <span class='ocrx_word' id='word_1_217' title='bbox 2554 1537 2859 1608; x_wconf 83' lang='grc' dir='ltr'>ἀνορθῶσαι</span> <span class='ocrx_word' id='word_1_218' title='bbox 2908 1535 2963 1588; x_wconf 84' lang='grc' dir='ltr'>δὲ</span> <span class='ocrx_word' id='word_1_219' title='bbox 3003 1534 3096 1588; x_wconf 68' lang='grc' dir='ltr'><strong>καὶ</strong></span> <span class='ocrx_word' id='word_1_220' title='bbox 3137 1534 3196 1587; x_wconf 83' lang='grc' dir='ltr'><strong>τὸ</strong></span> <span class='ocrx_word' id='word_1_221' title='bbox 3258 1533 3398 1585; x_wconf 88' lang='grc' dir='ltr'>θεῖον</span> <span class='ocrx_word' id='word_1_222' title='bbox 3431 1534 3488 1585; x_wconf 91' lang='grc' dir='ltr'><strong>ἐν</strong></span> <span class='ocrx_word' id='word_1_223' title='bbox 3537 1532 3687 1600; x_wconf 73' lang='grc' dir='ltr'>αὐτῷ</span> 
     </span>
    </p>
   </div>
   <div class='ocr_carea' id='block_1_32' title="bbox 2110 1620 3686 1701">
    <p class='ocr_par' dir='ltr' id='par_1_32' title="bbox 2110 1620 3686 1701">
     <span class='ocr_line' id='line_1_32' title="bbox 2110 1620 3686 1701; baseline -0.004 -17"><span class='ocrx_word' id='word_1_224' title='bbox 2110 1630 2514 1701; x_wconf 81' lang='grc' dir='ltr'>θυσιαστήριον,</span> <span class='ocrx_word' id='word_1_225' title='bbox 2545 1630 2619 1692; x_wconf 79' lang='grc' dir='ltr'><strong>ὡς</strong></span> <span class='ocrx_word' id='word_1_226' title='bbox 2643 1629 2708 1682; x_wconf 84' lang='grc' dir='ltr'>ἂν</span> <span class='ocrx_word' id='word_1_227' title='bbox 2733 1629 2908 1697; x_wconf 76' lang='grc' dir='ltr'>ἔχοιεν</span> <span class='ocrx_word' id='word_1_228' title='bbox 2939 1625 3325 1696; x_wconf 86' lang='grc' dir='ltr'>ἀποπεραίνειν</span> <span class='ocrx_word' id='word_1_229' title='bbox 3355 1620 3412 1677; x_wconf 78' lang='grc' dir='ltr'><strong>εὖ</strong></span> <span class='ocrx_word' id='word_1_230' title='bbox 3448 1625 3590 1693; x_wconf 86' lang='grc' dir='ltr'>μάλα</span> <span class='ocrx_word' id='word_1_231' title='bbox 3618 1625 3686 1677; x_wconf 87' lang='grc' dir='ltr'><strong>τά</strong></span> 
     </span>
    </p>
   </div>
   <div class='ocr_carea' id='block_1_33' title="bbox 2111 1715 3687 1793">
    <p class='ocr_par' dir='ltr' id='par_1_33' title="bbox 2111 1715 3687 1793">
     <span class='ocr_line' id='line_1_33' title="bbox 2111 1715 3687 1793; baseline -0.006 -19"><span class='ocrx_word' id='word_1_232' title='bbox 2111 1723 2490 1793; x_wconf 85' lang='grc' dir='ltr'>νενομισμένα,</span> <span class='ocrx_word' id='word_1_233' title='bbox 2547 1723 2638 1774; x_wconf 80' lang='grc' dir='ltr'><strong>καὶ</strong></span> <span class='ocrx_word' id='word_1_234' title='bbox 2675 1717 3191 1790; x_wconf 82' lang='grc' dir='ltr'>καταμειλίσσεσθαι</span> <span class='ocrx_word' id='word_1_235' title='bbox 3252 1717 3344 1768; x_wconf 76' lang='grc' dir='ltr'><strong>τὸν</strong></span> <span class='ocrx_word' id='word_1_236' title='bbox 3395 1715 3504 1767; x_wconf 83' lang='grc' dir='ltr'><strong>τῶν</strong></span> <span class='ocrx_word' id='word_1_237' title='bbox 3549 1715 3687 1767; x_wconf 74' lang='grc' dir='ltr'>ὅλων</span> 
     </span>
    </p>
   </div>
   <div class='ocr_carea' id='block_1_34' title="bbox 415 1802 2003 1877">
    <p class='ocr_par' dir='ltr' id='par_1_34' title="bbox 415 1805 2000 1877">
     <span class='ocr_line' id='line_1_34' title="bbox 415 1805 2000 1877; baseline 0.006 -17"><span class='ocrx_word' id='word_1_238' title='bbox 415 1805 626 1860; x_wconf 77' lang='lat' dir='ltr'><strong>Etcum</strong></span> <span class='ocrx_word' id='word_1_239' title='bbox 665 1808 882 1877; x_wconf 85' lang='lat' dir='ltr'><strong>insuper</strong></span> <span class='ocrx_word' id='word_1_240' title='bbox 915 1811 1078 1866; x_wconf 66' lang='lat' dir='ltr'><strong>Deum</strong></span> <span class='ocrx_word' id='word_1_241' title='bbox 1132 1812 1483 1876; x_wconf 69' lang='lat' dir='ltr'><strong>offenderent,</strong></span> <span class='ocrx_word' id='word_1_242' title='bbox 1537 1815 1742 1869; x_wconf 78' lang='lat' dir='ltr'><strong>crebris</strong></span> <span class='ocrx_word' id='word_1_243' title='bbox 1787 1827 1842 1870; x_wconf 93' lang='lat' dir='ltr'><strong>et</strong></span> <span class='ocrx_word' id='word_1_244' title='bbox 1901 1818 2000 1870; x_wconf 89' lang='lat' dir='ltr'><strong>alia</strong></span> 
     </span>
    </p>
   </div>
   <div class='ocr_carea' id='block_1_35' title="bbox 2109 1802 3686 1877">
    <p class='ocr_par' dir='ltr' id='par_1_35' title="bbox 2109 1805 3686 1877">
     <span class='ocr_line' id='line_1_35' title="bbox 2109 1805 3686 1877; baseline -0.006 -12"><span class='ocrx_word' id='word_1_245' title='bbox 2109 1813 2259 1866; x_wconf 72' lang='grc' dir='ltr'>Θεὸν.</span> <span class='ocrx_word' id='word_1_246' title='bbox 2283 1813 2345 1866; x_wconf 85' lang='grc' dir='ltr'><strong>Οἱ</strong></span> <span class='ocrx_word' id='word_1_247' title='bbox 2367 1811 2424 1863; x_wconf 85' lang='grc' dir='ltr'><strong>δὲ</strong></span> <span class='ocrx_word' id='word_1_248' title='bbox 2450 1810 2707 1873; x_wconf 79' lang='grc' dir='ltr'>ποικίλως</span> <span class='ocrx_word' id='word_1_249' title='bbox 2731 1805 3208 1877; x_wconf 78' lang='grc' dir='ltr'>διανεϐἀλ[λ]οντυ,</span> <span class='ocrx_word' id='word_1_250' title='bbox 3245 1806 3375 1858; x_wconf 82' lang='grc' dir='ltr'>ποτὲ</span> <span class='ocrx_word' id='word_1_251' title='bbox 3409 1805 3504 1875; x_wconf 82' lang='grc' dir='ltr'><strong>μὲν</strong></span> <span class='ocrx_word' id='word_1_252' title='bbox 3544 1822 3686 1874; x_wconf 69' lang='grc' dir='ltr'>χρηο</span> 
     </span>
    </p>
   </div>
   <div class='ocr_carea' id='block_1_36' title="bbox 412 1895 2001 1978">
    <p class='ocr_par' dir='ltr' id='par_1_36' title="bbox 412 1895 2001 1978">
     <span class='ocr_line' id='line_1_36' title="bbox 412 1895 2001 1978; baseline 0.006 -32"><span class='ocrx_word' id='word_1_253' title='bbox 412 1903 533 1967; x_wconf 86' lang='lat' dir='ltr'><strong>post</strong></span> <span class='ocrx_word' id='word_1_254' title='bbox 571 1895 728 1950; x_wconf 84' lang='lat' dir='ltr'><strong>aliam</strong></span> <span class='ocrx_word' id='word_1_255' title='bbox 750 1899 918 1967; x_wconf 73' lang='lat' dir='ltr'><strong>plagis</strong></span> <span class='ocrx_word' id='word_1_256' title='bbox 946 1901 1300 1968; x_wconf 73' lang='lat' dir='ltr'><strong>feriebantur,</strong></span> <span class='ocrx_word' id='word_1_257' title='bbox 1321 1900 1728 1971; x_wconf 85' lang='lat' dir='ltr'><strong>sterilitatibus,</strong></span> <span class='ocrx_word' id='word_1_258' title='bbox 1757 1906 2001 1978; x_wconf 87' lang='lat' dir='ltr'><strong>inquam,</strong></span> 
     </span>
    </p>
   </div>
   <div class='ocr_carea' id='block_1_37' title="bbox 412 1984 2002 2068">
    <p class='ocr_par' dir='ltr' id='par_1_37' title="bbox 412 1984 2002 2068">
     <span class='ocr_line' id='line_1_37' title="bbox 412 1984 2002 2068; baseline 0.009 -34"><span class='ocrx_word' id='word_1_259' title='bbox 412 1984 537 2039; x_wconf 66' lang='lat' dir='ltr'><strong>(celi</strong></span> <span class='ocrx_word' id='word_1_260' title='bbox 631 1991 1096 2058; x_wconf 83' lang='lat' dir='ltr'><strong>corruptiouibus,</strong></span> <span class='ocrx_word' id='word_1_261' title='bbox 1186 2006 1240 2048; x_wconf 86' lang='lat' dir='ltr'><strong>et</strong></span> <span class='ocrx_word' id='word_1_262' title='bbox 1316 1998 1613 2054; x_wconf 85' lang='lat' dir='ltr'><strong>vicinorum</strong></span> <span class='ocrx_word' id='word_1_263' title='bbox 1683 1999 2002 2068; x_wconf 87' lang='lat' dir='ltr'><strong>populorum</strong></span> 
     </span>
    </p>
   </div>
   <div class='ocr_carea' id='block_1_38' title="bbox 416 2075 2005 2144">
    <p class='ocr_par' dir='ltr' id='par_1_38' title="bbox 416 2075 2005 2144">
     <span class='ocr_line' id='line_1_38' title="bbox 416 2075 2005 2144; baseline 0.009 -18"><span class='ocrx_word' id='word_1_264' title='bbox 416 2075 870 2142; x_wconf 86' lang='lat' dir='ltr'><strong>impressiouihus</strong></span> <span class='ocrx_word' id='word_1_265' title='bbox 947 2089 1000 2134; x_wconf 90' lang='lat' dir='ltr'><strong>et</strong></span> <span class='ocrx_word' id='word_1_266' title='bbox 1079 2083 1500 2142; x_wconf 82' lang='lat' dir='ltr'><strong>incursionibus.</strong></span> <span class='ocrx_word' id='word_1_267' title='bbox 1563 2088 1820 2144; x_wconf 85' lang='lat' dir='ltr'><strong>Criminis</strong></span> <span class='ocrx_word' id='word_1_268' title='bbox 1909 2103 2005 2140; x_wconf 91' lang='lat' dir='ltr'><strong>au-</strong></span> 
     </span>
    </p>
   </div>
   <div class='ocr_carea' id='block_1_39' title="bbox 414 2165 2006 2249">
    <p class='ocr_par' dir='ltr' id='par_1_39' title="bbox 414 2165 2006 2249">
     <span class='ocr_line' id='line_1_39' title="bbox 414 2165 2006 2249; baseline 0.011 -34"><span class='ocrx_word' id='word_1_269' title='bbox 414 2173 519 2218; x_wconf 89' lang='lat' dir='ltr'><strong>tem</strong></span> <span class='ocrx_word' id='word_1_270' title='bbox 552 2165 670 2222; x_wconf 82' lang='lat' dir='ltr'><strong>loco</strong></span> <span class='ocrx_word' id='word_1_271' title='bbox 693 2169 1064 2226; x_wconf 81' lang='lat' dir='ltr'><strong>universorum</strong></span> <span class='ocrx_word' id='word_1_272' title='bbox 1107 2173 1246 2230; x_wconf 89' lang='lat' dir='ltr'><strong>Deus</strong></span> <span class='ocrx_word' id='word_1_273' title='bbox 1274 2176 1381 2230; x_wconf 89' lang='lat' dir='ltr'><strong>illis</strong></span> <span class='ocrx_word' id='word_1_274' title='bbox 1428 2177 1676 2233; x_wconf 89' lang='lat' dir='ltr'><strong>inertiam</strong></span> <span class='ocrx_word' id='word_1_275' title='bbox 1701 2179 1908 2249; x_wconf 85' lang='lat' dir='ltr'><strong>objicit,</strong></span> <span class='ocrx_word' id='word_1_276' title='bbox 1933 2181 2006 2232; x_wconf 79' lang='lat' dir='ltr'><strong>ita</strong></span> 
     </span>
    </p>
   </div>
   <div class='ocr_carea' id='block_1_40' title="bbox 413 2259 2006 2340">
    <p class='ocr_par' dir='ltr' id='par_1_40' title="bbox 413 2259 2006 2340">
     <span class='ocr_line' id='line_1_40' title="bbox 413 2259 2006 2340; baseline 0.013 -34"><span class='ocrx_word' id='word_1_277' title='bbox 413 2269 508 2322; x_wconf 89' lang='lat' dir='ltr'><strong>per</strong></span> <span class='ocrx_word' id='word_1_278' title='bbox 556 2259 873 2328; x_wconf 82' lang='lat' dir='ltr'><strong>prophetam</strong></span> <span class='ocrx_word' id='word_1_279' title='bbox 933 2263 1188 2333; x_wconf 68' lang='lat' dir='ltr'><strong>Aggzeum</strong></span> <span class='ocrx_word' id='word_1_280' title='bbox 1250 2265 1514 2334; x_wconf 87' lang='lat' dir='ltr'><strong>loquens:</strong></span> <span class='ocrx_word' id='word_1_281' title='bbox 1563 2287 1581 2321; x_wconf 85' lang='grc' dir='ltr'>ι</span> <span class='ocrx_word' id='word_1_282' title='bbox 1620 2270 1859 2340; x_wconf 90' lang='lat' dir='ltr'><strong>Populus</strong></span> <span class='ocrx_word' id='word_1_283' title='bbox 1918 2273 2006 2326; x_wconf 89' lang='lat' dir='ltr'><strong>hic</strong></span> 
     </span>
    </p>
   </div>
   <div class='ocr_carea' id='block_1_41' title="bbox 412 2344 2002 2425">
    <p class='ocr_par' dir='ltr' id='par_1_41' title="bbox 412 2344 2002 2425">
     <span class='ocr_line' id='line_1_41' title="bbox 412 2344 2002 2425; baseline 0.014 -31"><span class='ocrx_word' id='word_1_284' title='bbox 412 2344 590 2425; x_wconf 75' lang='lat' dir='ltr'><strong>dicit:</strong></span> <span class='ocrx_word' id='word_1_285' title='bbox 622 2345 736 2402; x_wconf 86' lang='lat' dir='ltr'><strong>Non</strong></span> <span class='ocrx_word' id='word_1_286' title='bbox 773 2351 923 2404; x_wconf 86' lang='lat' dir='ltr'><strong>venit</strong></span> <span class='ocrx_word' id='word_1_287' title='bbox 954 2360 1166 2422; x_wconf 88' lang='lat' dir='ltr'><strong>tempus</strong></span> <span class='ocrx_word' id='word_1_288' title='bbox 1191 2354 1492 2410; x_wconf 69' lang='lat' dir='ltr'><strong>azdilicandi</strong></span> <span class='ocrx_word' id='word_1_289' title='bbox 1523 2359 1740 2414; x_wconf 89' lang='lat' dir='ltr'><strong>domum</strong></span> <span class='ocrx_word' id='word_1_290' title='bbox 1772 2361 2002 2416; x_wconf 90' lang='lat' dir='ltr'><strong>Domini.</strong></span> 
     </span>
    </p>
   </div>
   <div class='ocr_carea' id='block_1_42' title="bbox 413 2431 2006 2505">
    <p class='ocr_par' dir='ltr' id='par_1_42' title="bbox 413 2431 2006 2505">
     <span class='ocr_line' id='line_1_42' title="bbox 413 2431 2006 2505; baseline 0.013 -21"><span class='ocrx_word' id='word_1_291' title='bbox 413 2431 469 2485; x_wconf 86' lang='lat' dir='ltr'><strong>Si</strong></span> <span class='ocrx_word' id='word_1_292' title='bbox 526 2444 732 2504; x_wconf 90' lang='lat' dir='ltr'><strong>tempus</strong></span> <span class='ocrx_word' id='word_1_293' title='bbox 787 2439 1002 2505; x_wconf 89' lang='lat' dir='ltr'><strong>quidem</strong></span> <span class='ocrx_word' id='word_1_294' title='bbox 1057 2441 1208 2497; x_wconf 86' lang='lat' dir='ltr'><strong>vobis</strong></span> <span class='ocrx_word' id='word_1_295' title='bbox 1252 2453 1334 2498; x_wconf 87' lang='lat' dir='ltr'><strong>est</strong></span> <span class='ocrx_word' id='word_1_296' title='bbox 1377 2446 1626 2503; x_wconf 89' lang='lat' dir='ltr'><strong>habitare</strong></span> <span class='ocrx_word' id='word_1_297' title='bbox 1651 2448 1703 2501; x_wconf 93' lang='lat' dir='ltr'><strong>in</strong></span> <span class='ocrx_word' id='word_1_298' title='bbox 1757 2449 2006 2504; x_wconf 89' lang='lat' dir='ltr'><strong>domibus</strong></span> 
     </span>
    </p>
   </div>
   <div class='ocr_carea' id='block_1_43' title="bbox 412 2525 2004 2592">
    <p class='ocr_par' dir='ltr' id='par_1_43' title="bbox 412 2525 2004 2592">
     <span class='ocr_line' id='line_1_43' title="bbox 412 2525 2004 2592; baseline 0.012 -19"><span class='ocrx_word' id='word_1_299' title='bbox 412 2525 684 2592; x_wconf 80' lang='lat' dir='ltr'><strong>concavis,</strong></span> <span class='ocrx_word' id='word_1_300' title='bbox 719 2526 914 2582; x_wconf 85' lang='lat' dir='ltr'><strong>domus</strong></span> <span class='ocrx_word' id='word_1_301' title='bbox 944 2539 1126 2584; x_wconf 90' lang='lat' dir='ltr'><strong>autem</strong></span> <span class='ocrx_word' id='word_1_302' title='bbox 1157 2531 1371 2586; x_wconf 87' lang='lat' dir='ltr'><strong>Domini</strong></span> <span class='ocrx_word' id='word_1_303' title='bbox 1421 2534 1522 2588; x_wconf 87' lang='lat' dir='ltr'><strong>ista</strong></span> <span class='ocrx_word' id='word_1_304' title='bbox 1576 2549 1684 2589; x_wconf 94' lang='lat' dir='ltr'><strong>non</strong></span> <span class='ocrx_word' id='word_1_305' title='bbox 1739 2537 2004 2592; x_wconf 80' lang='lat' dir='ltr'><strong>:edificata</strong></span> 
     </span>
    </p>
   </div>
   <div class='ocr_carea' id='block_1_44' title="bbox 410 2614 2006 2696">
    <p class='ocr_par' dir='ltr' id='par_1_44' title="bbox 410 2614 2006 2696">
     <span class='ocr_line' id='line_1_44' title="bbox 410 2614 2006 2696; baseline 0.01 -31"><span class='ocrx_word' id='word_1_306' title='bbox 410 2623 493 2668; x_wconf 89' lang='lat' dir='ltr'><strong>est</strong></span> <span class='ocrx_word' id='word_1_307' title='bbox 520 2614 618 2668; x_wconf 68' lang='lat' dir='ltr'><strong>“.i</strong></span> <span class='ocrx_word' id='word_1_308' title='bbox 646 2614 778 2671; x_wconf 89' lang='lat' dir='ltr'><strong>Cum</strong></span> <span class='ocrx_word' id='word_1_309' title='bbox 812 2620 976 2684; x_wconf 91' lang='lat' dir='ltr'><strong>enim,</strong></span> <span class='ocrx_word' id='word_1_310' title='bbox 1006 2630 1064 2675; x_wconf 87' lang='lat' dir='ltr'><strong>ut</strong></span> <span class='ocrx_word' id='word_1_311' title='bbox 1091 2622 1223 2690; x_wconf 65' lang='lat' dir='ltr'><strong>dixi,</strong></span> <span class='ocrx_word' id='word_1_312' title='bbox 1247 2627 1297 2678; x_wconf 83' lang='lat' dir='ltr'><strong>in</strong></span> <span class='ocrx_word' id='word_1_313' title='bbox 1329 2624 1631 2679; x_wconf 85' lang='lat' dir='ltr'><strong>socordiam</strong></span> <span class='ocrx_word' id='word_1_314' title='bbox 1654 2635 1707 2680; x_wconf 90' lang='lat' dir='ltr'><strong>et</strong></span> <span class='ocrx_word' id='word_1_315' title='bbox 1731 2627 2006 2696; x_wconf 79' lang='lat' dir='ltr'><strong>negligen-</strong></span> 
     </span>
    </p>
   </div>
   <div class='ocr_carea' id='block_1_45' title="bbox 416 2704 2007 2786">
    <p class='ocr_par' dir='ltr' id='par_1_45' title="bbox 416 2704 2007 2786">
     <span class='ocr_line' id='line_1_45' title="bbox 416 2704 2007 2786; baseline 0.014 -34"><span class='ocrx_word' id='word_1_316' title='bbox 416 2704 546 2759; x_wconf 85' lang='lat' dir='ltr'><strong>tiam</strong></span> <span class='ocrx_word' id='word_1_317' title='bbox 592 2709 826 2764; x_wconf 80' lang='lat' dir='ltr'><strong>maxime</strong></span> <span class='ocrx_word' id='word_1_318' title='bbox 865 2712 1281 2768; x_wconf 90' lang='lat' dir='ltr'><strong>conducibilinm</strong></span> <span class='ocrx_word' id='word_1_319' title='bbox 1327 2717 1775 2786; x_wconf 62' lang='lat' dir='ltr'><strong>praecipitassent,</strong></span> <span class='ocrx_word' id='word_1_320' title='bbox 1801 2719 2007 2774; x_wconf 80' lang='lat' dir='ltr'><strong>crebris</strong></span> 
     </span>
    </p>
   </div>
   <div class='ocr_carea' id='block_1_46' title="bbox 411 2796 2006 2877">
    <p class='ocr_par' dir='ltr' id='par_1_46' title="bbox 411 2796 2006 2877">
     <span class='ocr_line' id='line_1_46' title="bbox 411 2796 2006 2877; baseline 0.009 -30"><span class='ocrx_word' id='word_1_321' title='bbox 411 2796 744 2862; x_wconf 72' lang='lat' dir='ltr'><strong>egestatibus</strong></span> <span class='ocrx_word' id='word_1_322' title='bbox 768 2800 989 2856; x_wconf 90' lang='lat' dir='ltr'><strong>etbellis</strong></span> <span class='ocrx_word' id='word_1_323' title='bbox 1026 2816 1055 2855; x_wconf 87' lang='lat' dir='ltr'><strong>a</strong></span> <span class='ocrx_word' id='word_1_324' title='bbox 1087 2803 1278 2859; x_wconf 86' lang='lat' dir='ltr'><strong>vicinis</strong></span> <span class='ocrx_word' id='word_1_325' title='bbox 1303 2805 1686 2860; x_wconf 88' lang='lat' dir='ltr'><strong>multabantur.</strong></span> <span class='ocrx_word' id='word_1_326' title='bbox 1716 2807 2006 2877; x_wconf 87' lang='lat' dir='ltr'><strong>Postquam</strong></span> 
     </span>
    </p>
   </div>
   <div class='ocr_carea' id='block_1_47' title="bbox 412 2890 2004 2967">
    <p class='ocr_par' dir='ltr' id='par_1_47' title="bbox 412 2890 2004 2967">
     <span class='ocr_line' id='line_1_47' title="bbox 412 2890 2004 2967; baseline 0.011 -31"><span class='ocrx_word' id='word_1_327' title='bbox 412 2894 588 2947; x_wconf 73' lang='lat' dir='ltr'><strong>autem</strong></span> <span class='ocrx_word' id='word_1_328' title='bbox 622 2890 875 2958; x_wconf 89' lang='lat' dir='ltr'><strong>templum</strong></span> <span class='ocrx_word' id='word_1_329' title='bbox 929 2893 1344 2961; x_wconf 79' lang='lat' dir='ltr'><strong>reaedilica&#39;rnnt,</strong></span> <span class='ocrx_word' id='word_1_330' title='bbox 1408 2897 1667 2967; x_wconf 90' lang='lat' dir='ltr'><strong>supplicia</strong></span> <span class='ocrx_word' id='word_1_331' title='bbox 1714 2898 2004 2964; x_wconf 88' lang='lat' dir='ltr'><strong>desierunt,</strong></span> 
     </span>
    </p>
   </div>
   <div class='ocr_carea' id='block_1_48' title="bbox 412 2983 2007 3058">
    <p class='ocr_par' dir='ltr' id='par_1_48' title="bbox 412 2983 2007 3058">
     <span class='ocr_line' id='line_1_48' title="bbox 412 2983 2007 3058; baseline 0.003 -19"><span class='ocrx_word' id='word_1_332' title='bbox 412 2990 466 3039; x_wconf 68' lang='lat' dir='ltr'><strong>et</strong></span> <span class='ocrx_word' id='word_1_333' title='bbox 519 2983 877 3052; x_wconf 87' lang='lat' dir='ltr'><strong>snppetcbant</strong></span> <span class='ocrx_word' id='word_1_334' title='bbox 931 2984 1032 3039; x_wconf 89' lang='lat' dir='ltr'><strong>illis</strong></span> <span class='ocrx_word' id='word_1_335' title='bbox 1093 2987 1294 3052; x_wconf 90' lang='lat' dir='ltr'><strong>omnia,</strong></span> <span class='ocrx_word' id='word_1_336' title='bbox 1352 2987 1744 3058; x_wconf 84' lang='lat' dir='ltr'><strong>utebanturque</strong></span> <span class='ocrx_word' id='word_1_337' title='bbox 1849 2993 2007 3045; x_wconf 86' lang='lat' dir='ltr'><strong>rebus</strong></span> 
     </span>
    </p>
   </div>
   <div class='ocr_carea' id='block_1_49' title="bbox 416 3075 2008 3148">
    <p class='ocr_par' dir='ltr' id='par_1_49' title="bbox 416 3075 2008 3148">
     <span class='ocr_line' id='line_1_49' title="bbox 416 3075 2008 3148; baseline 0.005 -19"><span class='ocrx_word' id='word_1_338' title='bbox 416 3075 838 3142; x_wconf 80' lang='lat' dir='ltr'><strong>secundissimis.</strong></span> <span class='ocrx_word' id='word_1_339' title='bbox 895 3075 1102 3133; x_wconf 84' lang='lat' dir='ltr'><strong>Idcirco</strong></span> <span class='ocrx_word' id='word_1_340' title='bbox 1129 3080 1203 3134; x_wconf 87' lang='lat' dir='ltr'><strong>ait</strong></span> <span class='ocrx_word' id='word_1_341' title='bbox 1237 3097 1248 3134; x_wconf 96' lang='lat'>:</span> <span class='ocrx_word' id='word_1_342' title='bbox 1285 3099 1303 3133; x_wconf 88' lang='grc'><em>‹</em></span> <span class='ocrx_word' id='word_1_343' title='bbox 1338 3081 1477 3136; x_wconf 84' lang='lat' dir='ltr'><strong>Ante</strong></span> <span class='ocrx_word' id='word_1_344' title='bbox 1505 3081 1619 3136; x_wconf 86' lang='lat' dir='ltr'><strong>dies</strong></span> <span class='ocrx_word' id='word_1_345' title='bbox 1669 3082 1821 3148; x_wconf 86' lang='lat' dir='ltr'><strong>istos,</strong></span> <span class='ocrx_word' id='word_1_346' title='bbox 1858 3101 1876 3134; x_wconf 74' lang='grc' dir='ltr'>ι</span> <span class='ocrx_word' id='word_1_347' title='bbox 1907 3085 2008 3137; x_wconf 91' lang='lat' dir='ltr'><strong>hoc</strong></span> 
     </span>
    </p>
   </div>
   <div class='ocr_carea' id='block_1_50' title="bbox 2110 1895 3686 1971">
    <p class='ocr_par' dir='ltr' id='par_1_50' title="bbox 2110 1895 3686 1971">
     <span class='ocr_line' id='line_1_50' title="bbox 2110 1895 3686 1971; baseline -0.006 -16"><span class='ocrx_word' id='word_1_348' title='bbox 2110 1903 2296 1971; x_wconf 83' lang='grc' dir='ltr'>μάτων</span> <span class='ocrx_word' id='word_1_349' title='bbox 2332 1900 2688 1970; x_wconf 74' lang='grc' dir='ltr'>πλαττόμενοι</span> <span class='ocrx_word' id='word_1_350' title='bbox 2718 1899 2932 1960; x_wconf 84' lang='grc' dir='ltr'>σπάνιν,</span> <span class='ocrx_word' id='word_1_351' title='bbox 2972 1897 3101 1951; x_wconf 82' lang='grc' dir='ltr'>ποτὲ</span> <span class='ocrx_word' id='word_1_352' title='bbox 3139 1897 3194 1949; x_wconf 80' lang='grc' dir='ltr'><strong>δὲ</strong></span> <span class='ocrx_word' id='word_1_353' title='bbox 3226 1896 3333 1949; x_wconf 86' lang='grc' dir='ltr'><strong>τῶν</strong></span> <span class='ocrx_word' id='word_1_354' title='bbox 3367 1895 3686 1948; x_wconf 78' lang='grc' dir='ltr'>κωλυόντων</span> 
     </span>
    </p>
   </div>
   <div class='ocr_carea' id='block_1_51' title="bbox 2105 1981 3685 2061">
    <p class='ocr_par' dir='ltr' id='par_1_51' title="bbox 2105 1981 3685 2061">
     <span class='ocr_line' id='line_1_51' title="bbox 2105 1981 3685 2061; baseline -0.005 -18"><span class='ocrx_word' id='word_1_355' title='bbox 2105 1991 2407 2061; x_wconf 79' lang='grc' dir='ltr'>οἰκοδομεῖν</span> <span class='ocrx_word' id='word_1_356' title='bbox 2450 1990 2778 2060; x_wconf 84' lang='grc' dir='ltr'>δυστροπίας</span> <span class='ocrx_word' id='word_1_357' title='bbox 2827 1985 3312 2058; x_wconf 58' lang='grc' dir='ltr'>προᾳασιζόμενοι.</span> <span class='ocrx_word' id='word_1_358' title='bbox 3354 1981 3486 2038; x_wconf 78' lang='grc' dir='ltr'>Εῖτα</span> <span class='ocrx_word' id='word_1_359' title='bbox 3514 2002 3685 2054; x_wconf 77' lang='grc' dir='ltr'>προσο</span> 
     </span>
    </p>
   </div>
   <div class='ocr_carea' id='block_1_52' title="bbox 2106 2077 3686 2155">
    <p class='ocr_par' dir='ltr' id='par_1_52' title="bbox 2106 2077 3686 2155">
     <span class='ocr_line' id='line_1_52' title="bbox 2106 2077 3686 2155; baseline -0.006 -19"><span class='ocrx_word' id='word_1_360' title='bbox 2106 2083 2394 2155; x_wconf 82' lang='grc' dir='ltr'>κρούοντες</span> <span class='ocrx_word' id='word_1_361' title='bbox 2425 2084 2559 2154; x_wconf 81' lang='grc' dir='ltr'>πρὸς</span> <span class='ocrx_word' id='word_1_362' title='bbox 2602 2083 2758 2134; x_wconf 79' lang='grc' dir='ltr'>τοῦτο</span> <span class='ocrx_word' id='word_1_363' title='bbox 2795 2081 2932 2150; x_wconf 83' lang='grc' dir='ltr'>Θεῷ,</span> <span class='ocrx_word' id='word_1_364' title='bbox 2991 2082 3210 2151; x_wconf 82' lang='grc' dir='ltr'>συχναῖς</span> <span class='ocrx_word' id='word_1_365' title='bbox 3263 2079 3355 2131; x_wconf 74' lang='grc' dir='ltr'>καὶ</span> <span class='ocrx_word' id='word_1_366' title='bbox 3417 2077 3686 2130; x_wconf 87' lang='grc' dir='ltr'>ἀλλεπαλ-</span> 
     </span>
    </p>
   </div>
   <div class='ocr_carea' id='block_1_53' title="bbox 2106 2169 3685 2246">
    <p class='ocr_par' dir='ltr' id='par_1_53' title="bbox 2106 2169 3685 2246">
     <span class='ocr_line' id='line_1_53' title="bbox 2106 2169 3685 2246; baseline -0.005 -19"><span class='ocrx_word' id='word_1_367' title='bbox 2106 2175 2285 2246; x_wconf 81' lang='grc' dir='ltr'>λήλοις</span> <span class='ocrx_word' id='word_1_368' title='bbox 2316 2173 2564 2228; x_wconf 76' lang='grc' dir='ltr'>ἐπαίοντο</span> <span class='ocrx_word' id='word_1_369' title='bbox 2615 2174 2868 2242; x_wconf 82' lang='grc' dir='ltr'>πληγαῖς,</span> <span class='ocrx_word' id='word_1_370' title='bbox 2917 2171 3216 2242; x_wconf 84' lang='grc' dir='ltr'>ἀκαρπίαις</span> <span class='ocrx_word' id='word_1_371' title='bbox 3274 2171 3336 2240; x_wconf 84' lang='grc' dir='ltr'><strong>δὴ</strong></span> <span class='ocrx_word' id='word_1_372' title='bbox 3376 2169 3539 2237; x_wconf 86' lang='grc' dir='ltr'>λέγω,</span> <span class='ocrx_word' id='word_1_373' title='bbox 3588 2170 3685 2220; x_wconf 69' lang='grc' dir='ltr'><strong>καὶ</strong></span> 
     </span>
    </p>
   </div>
   <div class='ocr_carea' id='block_1_54' title="bbox 2107 2258 3682 2334">
    <p class='ocr_par' dir='ltr' id='par_1_54' title="bbox 2107 2258 3682 2334">
     <span class='ocr_line' id='line_1_54' title="bbox 2107 2258 3682 2334; baseline -0.006 -16"><span class='ocrx_word' id='word_1_374' title='bbox 2107 2263 2548 2334; x_wconf 65' lang='grc' dir='ltr'>ἀνεμοφθορίαις,</span> <span class='ocrx_word' id='word_1_375' title='bbox 2590 2263 2683 2316; x_wconf 75' lang='grc' dir='ltr'><strong>καὶ</strong></span> <span class='ocrx_word' id='word_1_376' title='bbox 2727 2262 2834 2314; x_wconf 86' lang='grc' dir='ltr'><strong>τῶν</strong></span> <span class='ocrx_word' id='word_1_377' title='bbox 2874 2262 3091 2333; x_wconf 79' lang='grc' dir='ltr'>ὁμόρων</span> <span class='ocrx_word' id='word_1_378' title='bbox 3120 2259 3286 2312; x_wconf 87' lang='grc' dir='ltr'>ἐθνῶν</span> <span class='ocrx_word' id='word_1_379' title='bbox 3319 2259 3525 2328; x_wconf 80' lang='grc' dir='ltr'>ἐφόδοις</span> <span class='ocrx_word' id='word_1_380' title='bbox 3587 2258 3682 2310; x_wconf 77' lang='grc' dir='ltr'><strong>καὶ</strong></span> 
     </span>
    </p>
   </div>
   <div class='ocr_carea' id='block_1_55' title="bbox 2108 2343 3682 2425">
    <p class='ocr_par' dir='ltr' id='par_1_55' title="bbox 2108 2343 3682 2425">
     <span class='ocr_line' id='line_1_55' title="bbox 2108 2343 3682 2425; baseline -0.006 -19"><span class='ocrx_word' id='word_1_381' title='bbox 2108 2355 2495 2425; x_wconf 86' lang='grc' dir='ltr'>καταδρομαῖς.</span> <span class='ocrx_word' id='word_1_382' title='bbox 2551 2352 2860 2421; x_wconf 81' lang='grc' dir='ltr'>Ἐπίκλημα</span> <span class='ocrx_word' id='word_1_383' title='bbox 2897 2351 2951 2403; x_wconf 79' lang='grc' dir='ltr'>δὲ</span> <span class='ocrx_word' id='word_1_384' title='bbox 2997 2350 3176 2412; x_wconf 72' lang='grc' dir='ltr'>αὐτοῖς</span> <span class='ocrx_word' id='word_1_385' title='bbox 3241 2348 3476 2400; x_wconf 82' lang='grc' dir='ltr'>ἐποιεῖτο</span> <span class='ocrx_word' id='word_1_386' title='bbox 3508 2347 3534 2397; x_wconf 87' lang='lat'><strong>6</strong></span> <span class='ocrx_word' id='word_1_387' title='bbox 3573 2343 3682 2397; x_wconf 84' lang='grc' dir='ltr'><strong>τῶν</strong></span> 
     </span>
    </p>
   </div>
   <div class='ocr_carea' id='block_1_56' title="bbox 2105 2431 3671 2512">
    <p class='ocr_par' dir='ltr' id='par_1_56' title="bbox 2105 2431 3671 2512">
     <span class='ocr_line' id='line_1_56' title="bbox 2105 2431 3671 2512; baseline -0.009 -15"><span class='ocrx_word' id='word_1_388' title='bbox 2105 2445 2240 2498; x_wconf 82' lang='grc' dir='ltr'>ὅλων</span> <span class='ocrx_word' id='word_1_389' title='bbox 2269 2443 2401 2506; x_wconf 87' lang='grc' dir='ltr'>Θεὸς</span> <span class='ocrx_word' id='word_1_390' title='bbox 2429 2442 2490 2495; x_wconf 78' lang='grc' dir='ltr'>τὸ</span> <span class='ocrx_word' id='word_1_391' title='bbox 2513 2441 2772 2512; x_wconf 82' lang='grc' dir='ltr'>ῥᾴθυμον,</span> <span class='ocrx_word' id='word_1_392' title='bbox 2822 2438 2963 2491; x_wconf 75' lang='grc' dir='ltr'>οὕτω</span> <span class='ocrx_word' id='word_1_393' title='bbox 2995 2438 3168 2506; x_wconf 78' lang='grc' dir='ltr'>λέγων</span> <span class='ocrx_word' id='word_1_394' title='bbox 3217 2435 3304 2488; x_wconf 76' lang='grc' dir='ltr'><strong>διὰ</strong></span> <span class='ocrx_word' id='word_1_395' title='bbox 3333 2433 3515 2503; x_wconf 74' lang='grc' dir='ltr'>φωνῆς</span> <span class='ocrx_word' id='word_1_396' title='bbox 3556 2431 3671 2497; x_wconf 84' lang='grc' dir='ltr'><strong>Ἀγ-</strong></span> 
     </span>
    </p>
   </div>
   <div class='ocr_carea' id='block_1_57' title="bbox 2107 2520 3681 2603">
    <p class='ocr_par' dir='ltr' id='par_1_57' title="bbox 2107 2520 3681 2603">
     <span class='ocr_line' id='line_1_57' title="bbox 2107 2520 3681 2603; baseline -0.01 -15"><span class='ocrx_word' id='word_1_397' title='bbox 2107 2536 2258 2603; x_wconf 86' lang='grc' dir='ltr'>γαίου</span> <span class='ocrx_word' id='word_1_398' title='bbox 2284 2534 2374 2587; x_wconf 78' lang='grc' dir='ltr'>τοῦ</span> <span class='ocrx_word' id='word_1_399' title='bbox 2399 2535 2696 2603; x_wconf 76' lang='grc' dir='ltr'>προφήτουο</span> <span class='ocrx_word' id='word_1_400' title='bbox 2740 2551 2758 2582; x_wconf 79' lang='grc' dir='ltr'>ι</span> <span class='ocrx_word' id='word_1_401' title='bbox 2799 2532 2855 2583; x_wconf 87' lang='lat' dir='ltr'><strong>&#39;U</strong></span> <span class='ocrx_word' id='word_1_402' title='bbox 2895 2529 3022 2592; x_wconf 82' lang='grc' dir='ltr'>λαὸς</span> <span class='ocrx_word' id='word_1_403' title='bbox 3073 2520 3227 2592; x_wconf 76' lang='grc' dir='ltr'>οὗτος</span> <span class='ocrx_word' id='word_1_404' title='bbox 3267 2526 3535 2594; x_wconf 83' lang='grc' dir='ltr'>λέγουσιν·</span> <span class='ocrx_word' id='word_1_405' title='bbox 3568 2523 3681 2591; x_wconf 82' lang='grc' dir='ltr'><strong>Οὐχ</strong></span> 
     </span>
    </p>
   </div>
   <div class='ocr_carea' id='block_1_58' title="bbox 2106 2613 3676 2697">
    <p class='ocr_par' dir='ltr' id='par_1_58' title="bbox 2106 2613 3676 2697">
     <span class='ocr_line' id='line_1_58' title="bbox 2106 2613 3676 2697; baseline -0.007 -16"><span class='ocrx_word' id='word_1_406' title='bbox 2106 2629 2231 2697; x_wconf 75' lang='grc' dir='ltr'>ἥκει</span> <span class='ocrx_word' id='word_1_407' title='bbox 2272 2629 2299 2680; x_wconf 89' lang='grc' dir='ltr'>ὁ</span> <span class='ocrx_word' id='word_1_408' title='bbox 2337 2626 2525 2697; x_wconf 77' lang='grc' dir='ltr'>καιρὸς</span> <span class='ocrx_word' id='word_1_409' title='bbox 2577 2624 2670 2677; x_wconf 77' lang='grc' dir='ltr'>τοῦ</span> <span class='ocrx_word' id='word_1_410' title='bbox 2717 2622 3069 2693; x_wconf 82' lang='grc' dir='ltr'>οἰκοδομῆσαι</span> <span class='ocrx_word' id='word_1_411' title='bbox 3107 2620 3199 2674; x_wconf 73' lang='grc' dir='ltr'><strong>τὸν</strong></span> <span class='ocrx_word' id='word_1_412' title='bbox 3252 2613 3398 2671; x_wconf 76' lang='grc' dir='ltr'>οἷκον</span> <span class='ocrx_word' id='word_1_413' title='bbox 3446 2615 3676 2684; x_wconf 68' lang='grc' dir='ltr'>Κυρίουρ</span> 
     </span>
    </p>
   </div>
   <div class='ocr_carea' id='block_1_59' title="bbox 2107 2702 3681 2788">
    <p class='ocr_par' dir='ltr' id='par_1_59' title="bbox 2107 2702 3681 2788">
     <span class='ocr_line' id='line_1_59' title="bbox 2107 2702 3681 2788; baseline -0.011 -16"><span class='ocrx_word' id='word_1_414' title='bbox 2107 2721 2168 2772; x_wconf 81' lang='grc' dir='ltr'><strong>Εἰ</strong></span> <span class='ocrx_word' id='word_1_415' title='bbox 2196 2718 2384 2788; x_wconf 82' lang='grc' dir='ltr'>καιρὸς</span> <span class='ocrx_word' id='word_1_416' title='bbox 2416 2717 2512 2787; x_wconf 78' lang='grc' dir='ltr'><strong>μὲν</strong></span> <span class='ocrx_word' id='word_1_417' title='bbox 2541 2717 2668 2785; x_wconf 86' lang='grc' dir='ltr'>ὑμῖν</span> <span class='ocrx_word' id='word_1_418' title='bbox 2705 2716 2820 2767; x_wconf 87' lang='grc' dir='ltr'>ἐστι</span> <span class='ocrx_word' id='word_1_419' title='bbox 2853 2714 2947 2767; x_wconf 82' lang='grc' dir='ltr'>τοῦ</span> <span class='ocrx_word' id='word_1_420' title='bbox 3003 2714 3169 2765; x_wconf 81' lang='grc' dir='ltr'>οἰκεῖν</span> <span class='ocrx_word' id='word_1_421' title='bbox 3200 2711 3258 2763; x_wconf 84' lang='grc' dir='ltr'><strong>ἐν</strong></span> <span class='ocrx_word' id='word_1_422' title='bbox 3310 2708 3482 2768; x_wconf 77' lang='grc' dir='ltr'>οἴκοις</span> <span class='ocrx_word' id='word_1_423' title='bbox 3508 2702 3681 2757; x_wconf 64' lang='grc' dir='ltr'>κοιλοφ</span> 
     </span>
    </p>
   </div>
   <div class='ocr_carea' id='block_1_60' title="bbox 2110 2799 3676 2876">
    <p class='ocr_par' dir='ltr' id='par_1_60' title="bbox 2110 2799 3676 2876">
     <span class='ocr_line' id='line_1_60' title="bbox 2110 2799 3676 2876; baseline -0.011 -13"><span class='ocrx_word' id='word_1_424' title='bbox 2110 2810 2402 2876; x_wconf 81' lang='grc' dir='ltr'>στάθμοις,</span> <span class='ocrx_word' id='word_1_425' title='bbox 2463 2810 2490 2862; x_wconf 91' lang='lat'><strong>6</strong></span> <span class='ocrx_word' id='word_1_426' title='bbox 2531 2807 2586 2860; x_wconf 82' lang='grc' dir='ltr'>δὲ</span> <span class='ocrx_word' id='word_1_427' title='bbox 2643 2802 2789 2869; x_wconf 81' lang='grc' dir='ltr'>οἶκος</span> <span class='ocrx_word' id='word_1_428' title='bbox 2853 2805 3042 2874; x_wconf 86' lang='grc' dir='ltr'>Κυρίῳ</span> <span class='ocrx_word' id='word_1_429' title='bbox 3095 2803 3194 2856; x_wconf 82' lang='grc' dir='ltr'><strong>οὐκ</strong></span> <span class='ocrx_word' id='word_1_430' title='bbox 3252 2799 3613 2870; x_wconf 82' lang='grc' dir='ltr'>ᾠκοδόμηται.</span> <span class='ocrx_word' id='word_1_431' title='bbox 3656 2813 3676 2843; x_wconf 74' lang='grc' dir='ltr'>ι</span> 
     </span>
    </p>
   </div>
   <div class='ocr_carea' id='block_1_61' title="bbox 2121 2889 3682 2969">
    <p class='ocr_par' dir='ltr' id='par_1_61' title="bbox 2121 2889 3682 2969">
     <span class='ocr_line' id='line_1_61' title="bbox 2121 2889 3682 2969; baseline -0.012 -14"><span class='ocrx_word' id='word_1_432' title='bbox 2121 2901 2600 2963; x_wconf 80' lang='grc' dir='ltr'>Ἀναπεπτωκότες</span> <span class='ocrx_word' id='word_1_433' title='bbox 2630 2901 2760 2969; x_wconf 86' lang='grc' dir='ltr'>γὰρ,</span> <span class='ocrx_word' id='word_1_434' title='bbox 2797 2899 2871 2961; x_wconf 83' lang='grc' dir='ltr'>ὡς</span> <span class='ocrx_word' id='word_1_435' title='bbox 2923 2899 3079 2968; x_wconf 74' lang='grc' dir='ltr'>ἔφην,</span> <span class='ocrx_word' id='word_1_436' title='bbox 3113 2897 3189 2958; x_wconf 84' lang='grc' dir='ltr'>εἰς</span> <span class='ocrx_word' id='word_1_437' title='bbox 3226 2891 3519 2966; x_wconf 65' lang='grc' dir='ltr'>ῥᾳθυμίας,</span> <span class='ocrx_word' id='word_1_438' title='bbox 3559 2889 3682 2948; x_wconf 80' lang='grc' dir='ltr'>ταῖς</span> 
     </span>
    </p>
   </div>
   <div class='ocr_carea' id='block_1_62' title="bbox 2109 2979 3683 3061">
    <p class='ocr_par' dir='ltr' id='par_1_62' title="bbox 2109 2979 3683 3061">
     <span class='ocr_line' id='line_1_62' title="bbox 2109 2979 3683 3061; baseline -0.011 -14"><span class='ocrx_word' id='word_1_439' title='bbox 2109 2994 2212 3047; x_wconf 86' lang='grc' dir='ltr'><strong>τῶν</strong></span> <span class='ocrx_word' id='word_1_440' title='bbox 2256 2992 2560 3061; x_wconf 80' lang='grc' dir='ltr'>ἀναγκαίων</span> <span class='ocrx_word' id='word_1_441' title='bbox 2596 2989 2821 3052; x_wconf 82' lang='grc' dir='ltr'>ἐνδείαις</span> <span class='ocrx_word' id='word_1_442' title='bbox 2885 2985 3242 3041; x_wconf 82' lang='grc' dir='ltr'>κατεπαίοντο</span> <span class='ocrx_word' id='word_1_443' title='bbox 3291 2979 3530 3050; x_wconf 85' lang='grc' dir='ltr'>συνεχῶς</span> <span class='ocrx_word' id='word_1_444' title='bbox 3587 2980 3683 3031; x_wconf 71' lang='grc' dir='ltr'>καὶ</span> 
     </span>
    </p>
   </div>
   <div class='ocr_carea' id='block_1_63' title="bbox 2110 3065 3686 3152">
    <p class='ocr_par' dir='ltr' id='par_1_63' title="bbox 2110 3065 3686 3152">
     <span class='ocr_line' id='line_1_63' title="bbox 2110 3065 3686 3152; baseline -0.013 -16"><span class='ocrx_word' id='word_1_445' title='bbox 2110 3081 2365 3152; x_wconf 80' lang='grc' dir='ltr'>πολέμοις</span> <span class='ocrx_word' id='word_1_446' title='bbox 2387 3084 2497 3143; x_wconf 87' lang='grc' dir='ltr'>τοῖς</span> <span class='ocrx_word' id='word_1_447' title='bbox 2518 3080 2772 3146; x_wconf 85' lang='grc' dir='ltr'>γείτοσιν.</span> <span class='ocrx_word' id='word_1_448' title='bbox 2818 3076 3033 3145; x_wconf 82' lang='grc' dir='ltr'>Ἐπειδὴ</span> <span class='ocrx_word' id='word_1_449' title='bbox 3062 3075 3116 3126; x_wconf 84' lang='grc' dir='ltr'>δὲ</span> <span class='ocrx_word' id='word_1_450' title='bbox 3158 3069 3560 3140; x_wconf 86' lang='grc' dir='ltr'>ἀνεγηγέρκασι</span> <span class='ocrx_word' id='word_1_451' title='bbox 3590 3065 3686 3117; x_wconf 71' lang='grc' dir='ltr'>τὸν</span> 
     </span>
    </p>
   </div>
   <div class='ocr_carea' id='block_1_64' title="bbox 413 3156 2003 3241">
    <p class='ocr_par' dir='ltr' id='par_1_64' title="bbox 413 3167 2003 3241">
     <span class='ocr_line' id='line_1_64' title="bbox 413 3167 2003 3241; baseline 0.003 -20"><span class='ocrx_word' id='word_1_452' title='bbox 413 3176 516 3233; x_wconf 83' lang='lat' dir='ltr'><strong>est,</strong></span> <span class='ocrx_word' id='word_1_453' title='bbox 532 3167 841 3237; x_wconf 83' lang='lat' dir='ltr'><strong>priusquam</strong></span> <span class='ocrx_word' id='word_1_454' title='bbox 865 3168 1162 3238; x_wconf 82' lang='lat' dir='ltr'><strong>erigeretur</strong></span> <span class='ocrx_word' id='word_1_455' title='bbox 1179 3170 1452 3241; x_wconf 91' lang='lat' dir='ltr'><strong>templum,</strong></span> <span class='ocrx_word' id='word_1_456' title='bbox 1473 3189 1492 3224; x_wconf 78' lang='grc' dir='ltr'>ι</span> <span class='ocrx_word' id='word_1_457' title='bbox 1512 3172 2003 3227; x_wconf 83' lang='lat' dir='ltr'><strong>merceshominum</strong></span> 
     </span>
    </p>
   </div>
   <div class='ocr_carea' id='block_1_65' title="bbox 2109 3156 3683 3241">
    <p class='ocr_par' dir='ltr' id='par_1_65' title="bbox 2110 3156 3683 3238">
     <span class='ocr_line' id='line_1_65' title="bbox 2110 3156 3683 3238; baseline -0.013 -11"><span class='ocrx_word' id='word_1_458' title='bbox 2110 3175 2256 3238; x_wconf 87' lang='grc' dir='ltr'>ναὸν,</span> <span class='ocrx_word' id='word_1_459' title='bbox 2291 3174 2569 3226; x_wconf 80' lang='grc' dir='ltr'>πέπαυται</span> <span class='ocrx_word' id='word_1_460' title='bbox 2598 3171 2664 3223; x_wconf 83' lang='grc' dir='ltr'>τὰ</span> <span class='ocrx_word' id='word_1_461' title='bbox 2688 3169 2746 3233; x_wconf 80' lang='grc' dir='ltr'><strong>ἐξ</strong></span> <span class='ocrx_word' id='word_1_462' title='bbox 2771 3168 2960 3238; x_wconf 74' lang='grc' dir='ltr'>ὀργῆς,</span> <span class='ocrx_word' id='word_1_463' title='bbox 3013 3167 3189 3219; x_wconf 82' lang='grc' dir='ltr'>πάντα</span> <span class='ocrx_word' id='word_1_464' title='bbox 3222 3163 3278 3215; x_wconf 82' lang='grc' dir='ltr'>δὲ</span> <span class='ocrx_word' id='word_1_465' title='bbox 3327 3157 3394 3231; x_wconf 75' lang='grc' dir='ltr'>ἦν</span> <span class='ocrx_word' id='word_1_466' title='bbox 3425 3158 3542 3220; x_wconf 74' lang='grc' dir='ltr'>ἃλις</span> <span class='ocrx_word' id='word_1_467' title='bbox 3579 3156 3683 3209; x_wconf 82' lang='grc' dir='ltr'>αὑ-</span> 
     </span>
    </p>
   </div>
   <div class='ocr_carea' id='block_1_66' title="bbox 417 3258 1998 3330">
    <p class='ocr_par' dir='ltr' id='par_1_66' title="bbox 417 3258 1998 3330">
     <span class='ocr_line' id='line_1_66' title="bbox 417 3258 1998 3330; baseline 0.003 -20"><span class='ocrx_word' id='word_1_468' title='bbox 417 3275 520 3311; x_wconf 89' lang='grc' dir='ltr'>ιιοιι</span> <span class='ocrx_word' id='word_1_469' title='bbox 543 3265 661 3312; x_wconf 90' lang='lat' dir='ltr'><strong>erat</strong></span> <span class='ocrx_word' id='word_1_470' title='bbox 678 3259 742 3312; x_wconf 85' lang='lat' dir='ltr'><strong>ad</strong></span> <span class='ocrx_word' id='word_1_471' title='bbox 769 3258 997 3325; x_wconf 88' lang='lat' dir='ltr'><strong>lucrum,</strong></span> <span class='ocrx_word' id='word_1_472' title='bbox 1017 3271 1068 3315; x_wconf 92' lang='lat' dir='ltr'><strong>et</strong></span> <span class='ocrx_word' id='word_1_473' title='bbox 1092 3276 1297 3316; x_wconf 85' lang='lat' dir='ltr'><strong>merces</strong></span> <span class='ocrx_word' id='word_1_474' title='bbox 1313 3261 1676 3330; x_wconf 90' lang='lat' dir='ltr'><strong>jumentorum</strong></span> <span class='ocrx_word' id='word_1_475' title='bbox 1700 3279 1802 3316; x_wconf 95' lang='lat' dir='ltr'><strong>non</strong></span> <span class='ocrx_word' id='word_1_476' title='bbox 1829 3274 1964 3318; x_wconf 91' lang='lat' dir='ltr'><strong>erat.</strong></span> <span class='ocrx_word' id='word_1_477' title='bbox 1981 3283 1998 3315; x_wconf 79' lang='grc' dir='ltr'>ι</span> 
     </span>
    </p>
   </div>
   <div class='ocr_carea' id='block_1_67' title="bbox 417 3348 2008 3423">
    <p class='ocr_par' dir='ltr' id='par_1_67' title="bbox 417 3348 2008 3423">
     <span class='ocr_line' id='line_1_67' title="bbox 417 3348 2008 3423; baseline 0.004 -22"><span class='ocrx_word' id='word_1_478' title='bbox 417 3348 685 3419; x_wconf 63' lang='lat' dir='ltr'><strong>Agricolae</strong></span> <span class='ocrx_word' id='word_1_479' title='bbox 734 3350 876 3405; x_wconf 90' lang='lat' dir='ltr'><strong>enim</strong></span> <span class='ocrx_word' id='word_1_480' title='bbox 908 3351 1024 3406; x_wconf 92' lang='lat' dir='ltr'><strong>sine</strong></span> <span class='ocrx_word' id='word_1_481' title='bbox 1056 3353 1323 3417; x_wconf 85' lang='lat' dir='ltr'><strong>mercede,</strong></span> <span class='ocrx_word' id='word_1_482' title='bbox 1353 3363 1404 3407; x_wconf 91' lang='lat' dir='ltr'><strong>et</strong></span> <span class='ocrx_word' id='word_1_483' title='bbox 1434 3353 1593 3408; x_wconf 90' lang='lat' dir='ltr'><strong>nullis</strong></span> <span class='ocrx_word' id='word_1_484' title='bbox 1619 3354 1774 3423; x_wconf 89' lang='lat' dir='ltr'><strong>plane</strong></span> <span class='ocrx_word' id='word_1_485' title='bbox 1820 3355 2008 3409; x_wconf 83' lang='lat' dir='ltr'><strong>fructi-</strong></span> 
     </span>
    </p>
   </div>
   <div class='ocr_carea' id='block_1_68' title="bbox 419 3435 2006 3515">
    <p class='ocr_par' dir='ltr' id='par_1_68' title="bbox 419 3435 2006 3515">
     <span class='ocr_line' id='line_1_68' title="bbox 419 3435 2006 3515; baseline 0.011 -28"><span class='ocrx_word' id='word_1_486' title='bbox 419 3440 520 3489; x_wconf 85' lang='lat' dir='ltr'><strong>bus</strong></span> <span class='ocrx_word' id='word_1_487' title='bbox 571 3435 832 3502; x_wconf 87' lang='lat' dir='ltr'><strong>collectis,</strong></span> <span class='ocrx_word' id='word_1_488' title='bbox 890 3454 1009 3493; x_wconf 90' lang='lat' dir='ltr'><strong>cum</strong></span> <span class='ocrx_word' id='word_1_489' title='bbox 1053 3440 1222 3495; x_wconf 89' lang='lat' dir='ltr'><strong>bobus</strong></span> <span class='ocrx_word' id='word_1_490' title='bbox 1267 3459 1370 3496; x_wconf 85' lang='lat' dir='ltr'><strong>una</strong></span> <span class='ocrx_word' id='word_1_491' title='bbox 1434 3443 1718 3500; x_wconf 88' lang='lat' dir='ltr'><strong>delassatis</strong></span> <span class='ocrx_word' id='word_1_492' title='bbox 1769 3445 1835 3498; x_wconf 89' lang='lat' dir='ltr'><strong>ab</strong></span> <span class='ocrx_word' id='word_1_493' title='bbox 1877 3461 2006 3515; x_wconf 86' lang='lat' dir='ltr'><strong>agro</strong></span> 
     </span>
    </p>
   </div>
   <div class='ocr_carea' id='block_1_69' title="bbox 419 3524 2006 3606">
    <p class='ocr_par' dir='ltr' id='par_1_69' title="bbox 419 3524 2006 3606">
     <span class='ocr_line' id='line_1_69' title="bbox 419 3524 2006 3606; baseline 0.01 -31"><span class='ocrx_word' id='word_1_494' title='bbox 419 3524 786 3582; x_wconf 77' lang='lat' dir='ltr'><strong>discedebant.</strong></span> <span class='ocrx_word' id='word_1_495' title='bbox 841 3547 862 3578; x_wconf 75' lang='grc' dir='ltr'>ι</span> <span class='ocrx_word' id='word_1_496' title='bbox 899 3529 1004 3583; x_wconf 86' lang='lat' dir='ltr'><strong>Sed</strong></span> <span class='ocrx_word' id='word_1_497' title='bbox 1046 3545 1216 3599; x_wconf 90' lang='lat' dir='ltr'><strong>neque</strong></span> <span class='ocrx_word' id='word_1_498' title='bbox 1246 3532 1678 3602; x_wconf 62' lang='lat' dir='ltr'><strong>ingredientibus</strong></span> <span class='ocrx_word' id='word_1_499' title='bbox 1711 3544 1803 3590; x_wconf 86' lang='lat' dir='ltr'><strong>aut</strong></span> <span class='ocrx_word' id='word_1_500' title='bbox 1851 3553 2006 3606; x_wconf 79' lang='lat' dir='ltr'><strong>egre-</strong></span> 
     </span>
    </p>
   </div>
   <div class='ocr_carea' id='block_1_70' title="bbox 421 3616 2000 3695">
    <p class='ocr_par' dir='ltr' id='par_1_70' title="bbox 421 3616 2000 3695">
     <span class='ocr_line' id='line_1_70' title="bbox 421 3616 2000 3695; baseline 0.011 -29"><span class='ocrx_word' id='word_1_501' title='bbox 421 3616 692 3673; x_wconf 76' lang='lat' dir='ltr'><strong>dientibus</strong></span> <span class='ocrx_word' id='word_1_502' title='bbox 721 3633 821 3688; x_wconf 79' lang='lat' dir='ltr'><strong>pax</strong></span> <span class='ocrx_word' id='word_1_503' title='bbox 847 3629 983 3674; x_wconf 89' lang='lat' dir='ltr'><strong>erat.</strong></span> <span class='ocrx_word' id='word_1_504' title='bbox 1020 3638 1038 3671; x_wconf 76' lang='grc' dir='ltr'>ι</span> <span class='ocrx_word' id='word_1_505' title='bbox 1070 3621 1435 3692; x_wconf 79' lang='lat' dir='ltr'><strong>Ingredienles</strong></span> <span class='ocrx_word' id='word_1_506' title='bbox 1476 3635 1531 3680; x_wconf 91' lang='lat' dir='ltr'><strong>et</strong></span> <span class='ocrx_word' id='word_1_507' title='bbox 1575 3627 1912 3695; x_wconf 83' lang='lat' dir='ltr'><strong>egredientes</strong></span> <span class='ocrx_word' id='word_1_508' title='bbox 1933 3630 2000 3683; x_wconf 91' lang='lat' dir='ltr'><strong>de</strong></span> 
     </span>
    </p>
   </div>
   <div class='ocr_carea' id='block_1_71' title="bbox 423 3707 1998 3783">
    <p class='ocr_par' dir='ltr' id='par_1_71' title="bbox 423 3707 1998 3783">
     <span class='ocr_line' id='line_1_71' title="bbox 423 3707 1998 3783; baseline 0.01 -25"><span class='ocrx_word' id='word_1_509' title='bbox 423 3707 553 3764; x_wconf 78' lang='lat' dir='ltr'><strong>urbe</strong></span> <span class='ocrx_word' id='word_1_510' title='bbox 596 3709 648 3764; x_wconf 87' lang='lat' dir='ltr'><strong>in</strong></span> <span class='ocrx_word' id='word_1_511' title='bbox 693 3712 880 3767; x_wconf 85' lang='lat' dir='ltr'><strong>urbem</strong></span> <span class='ocrx_word' id='word_1_512' title='bbox 916 3713 1224 3782; x_wconf 86' lang='lat' dir='ltr'><strong>aliquando,</strong></span> <span class='ocrx_word' id='word_1_513' title='bbox 1257 3726 1351 3770; x_wconf 87' lang='lat' dir='ltr'><strong>aut</strong></span> <span class='ocrx_word' id='word_1_514' title='bbox 1385 3727 1700 3772; x_wconf 66' lang='lat' dir='ltr'><strong>mercaturae</strong></span> <span class='ocrx_word' id='word_1_515' title='bbox 1724 3719 1998 3783; x_wconf 59' lang='lat' dir='ltr'><strong>faciendae,</strong></span> 
     </span>
    </p>
   </div>
   <div class='ocr_carea' id='block_1_72' title="bbox 335 3801 1986 3876">
    <p class='ocr_par' dir='ltr' id='par_1_72' title="bbox 335 3801 1986 3876">
     <span class='ocr_line' id='line_1_72' title="bbox 335 3801 1986 3876; baseline 0.012 -28"><span class='ocrx_word' id='word_1_516' title='bbox 335 3857 344 3865; x_wconf 42' lang='grc'><strong>,</strong></span> <span class='ocrx_word' id='word_1_517' title='bbox 421 3808 511 3854; x_wconf 81' lang='lat' dir='ltr'><strong>aut</strong></span> <span class='ocrx_word' id='word_1_518' title='bbox 575 3801 711 3856; x_wconf 88' lang='lat' dir='ltr'><strong>alius</strong></span> <span class='ocrx_word' id='word_1_519' title='bbox 765 3803 962 3874; x_wconf 83' lang='lat' dir='ltr'><strong>negotii</strong></span> <span class='ocrx_word' id='word_1_520' title='bbox 1033 3821 1194 3862; x_wconf 88' lang='lat' dir='ltr'><strong>causa</strong></span> <span class='ocrx_word' id='word_1_521' title='bbox 1255 3809 1659 3876; x_wconf 85' lang='lat' dir='ltr'><strong>proficiscentes</strong></span> <span class='ocrx_word' id='word_1_522' title='bbox 1717 3813 1986 3867; x_wconf 85' lang='lat' dir='ltr'><strong>nominat.</strong></span> 
     </span>
    </p>
   </div>
   <div class='ocr_carea' id='block_1_73' title="bbox 420 3887 2003 3973">
    <p class='ocr_par' dir='ltr' id='par_1_73' title="bbox 420 3887 2003 3973">
     <span class='ocr_line' id='line_1_73' title="bbox 420 3887 2003 3973; baseline 0.009 -31"><span class='ocrx_word' id='word_1_523' title='bbox 420 3887 602 3960; x_wconf 71' lang='lat' dir='ltr'><strong>itaque</strong></span> <span class='ocrx_word' id='word_1_524' title='bbox 636 3909 732 3949; x_wconf 90' lang='lat' dir='ltr'><strong>nec</strong></span> <span class='ocrx_word' id='word_1_525' title='bbox 755 3895 860 3950; x_wconf 91' lang='lat' dir='ltr'><strong>illis</strong></span> <span class='ocrx_word' id='word_1_526' title='bbox 890 3913 1012 3965; x_wconf 81' lang='lat' dir='ltr'><strong>pax,</strong></span> <span class='ocrx_word' id='word_1_527' title='bbox 1043 3899 1236 3968; x_wconf 89' lang='lat' dir='ltr'><strong>inquit,</strong></span> <span class='ocrx_word' id='word_1_528' title='bbox 1270 3916 1297 3952; x_wconf 91' lang='lat' dir='ltr'><strong>a</strong></span> <span class='ocrx_word' id='word_1_529' title='bbox 1346 3901 1585 3955; x_wconf 84' lang='lat' dir='ltr'><strong>finitimis</strong></span> <span class='ocrx_word' id='word_1_530' title='bbox 1643 3905 1853 3972; x_wconf 86' lang='lat' dir='ltr'><strong>populis</strong></span> <span class='ocrx_word' id='word_1_531' title='bbox 1913 3906 2003 3973; x_wconf 88' lang='lat' dir='ltr'><strong>qui</strong></span> 
     </span>
    </p>
   </div>
   <div class='ocr_carea' id='block_1_74' title="bbox 423 3983 2003 4061">
    <p class='ocr_par' dir='ltr' id='par_1_74' title="bbox 423 3983 2003 4061">
     <span class='ocr_line' id='line_1_74' title="bbox 423 3983 2003 4061; baseline 0.012 -32"><span class='ocrx_word' id='word_1_532' title='bbox 423 3983 704 4050; x_wconf 73' lang='lat' dir='ltr'><strong>vexabant,</strong></span> <span class='ocrx_word' id='word_1_533' title='bbox 727 3987 1176 4053; x_wconf 81' lang='lat' dir='ltr'><strong>utdixi,lsracl,et</strong></span> <span class='ocrx_word' id='word_1_534' title='bbox 1199 3991 1893 4061; x_wconf 82' lang='lat' dir='ltr'><strong>quilihctconsanguinemn</strong></span> <span class='ocrx_word' id='word_1_535' title='bbox 1913 4009 2003 4048; x_wconf 87' lang='lat' dir='ltr'><strong>seu</strong></span> 
     </span>
    </p>
   </div>
   <div class='ocr_carea' id='block_1_75' title="bbox 421 4073 2004 4150">
    <p class='ocr_par' dir='ltr' id='par_1_75' title="bbox 421 4073 2004 4150">
     <span class='ocr_line' id='line_1_75' title="bbox 421 4073 2004 4150; baseline 0.006 -22"><span class='ocrx_word' id='word_1_536' title='bbox 421 4073 640 4128; x_wconf 63' lang='lat' dir='ltr'><strong>fratrem</strong></span> <span class='ocrx_word' id='word_1_537' title='bbox 669 4091 760 4131; x_wconf 90' lang='lat' dir='ltr'><strong>seu</strong></span> <span class='ocrx_word' id='word_1_538' title='bbox 791 4079 1022 4134; x_wconf 87' lang='lat' dir='ltr'><strong>vicinum</strong></span> <span class='ocrx_word' id='word_1_539' title='bbox 1049 4089 1103 4134; x_wconf 91' lang='lat' dir='ltr'><strong>ut</strong></span> <span class='ocrx_word' id='word_1_540' title='bbox 1129 4081 1335 4135; x_wconf 86' lang='lat' dir='ltr'><strong>hostem</strong></span> <span class='ocrx_word' id='word_1_541' title='bbox 1357 4084 1637 4150; x_wconf 87' lang='lat' dir='ltr'><strong>capitalem</strong></span> <span class='ocrx_word' id='word_1_542' title='bbox 1674 4085 2004 4148; x_wconf 80' lang='lat' dir='ltr'><strong>intuebatur,</strong></span> 
     </span>
    </p>
   </div>
   <div class='ocr_carea' id='block_1_76' title="bbox 2105 3249 3678 3332">
    <p class='ocr_par' dir='ltr' id='par_1_76' title="bbox 2105 3249 3678 3332">
     <span class='ocr_line' id='line_1_76' title="bbox 2105 3249 3678 3332; baseline -0.011 -14"><span class='ocrx_word' id='word_1_543' title='bbox 2105 3268 2234 3328; x_wconf 84' lang='grc' dir='ltr'>τοῖς,</span> <span class='ocrx_word' id='word_1_544' title='bbox 2288 3266 2382 3316; x_wconf 73' lang='grc' dir='ltr'><strong>καὶ</strong></span> <span class='ocrx_word' id='word_1_545' title='bbox 2429 3262 2563 3316; x_wconf 82' lang='grc' dir='ltr'>πολὺ</span> <span class='ocrx_word' id='word_1_546' title='bbox 2605 3265 2704 3332; x_wconf 83' lang='grc' dir='ltr'><strong>τῆς</strong></span> <span class='ocrx_word' id='word_1_547' title='bbox 2750 3260 3046 3330; x_wconf 78' lang='grc' dir='ltr'>εὐημερίας</span> <span class='ocrx_word' id='word_1_548' title='bbox 3115 3255 3407 3326; x_wconf 77' lang='grc' dir='ltr'>παρέκειτο</span> <span class='ocrx_word' id='word_1_549' title='bbox 3455 3249 3678 3302; x_wconf 68' lang='grc' dir='ltr'>πλάτος.</span> 
     </span>
    </p>
   </div>
   <div class='ocr_carea' id='block_1_77' title="bbox 2107 3345 3684 3426">
    <p class='ocr_par' dir='ltr' id='par_1_77' title="bbox 2107 3345 3684 3426">
     <span class='ocr_line' id='line_1_77' title="bbox 2107 3345 3684 3426; baseline -0.013 -17"><span class='ocrx_word' id='word_1_550' title='bbox 2107 3356 2287 3426; x_wconf 80' lang='grc' dir='ltr'>Ταύτῃ</span> <span class='ocrx_word' id='word_1_551' title='bbox 2328 3373 2408 3407; x_wconf 85' lang='grc' dir='ltr'><strong>τοι</strong></span> <span class='ocrx_word' id='word_1_552' title='bbox 2438 3355 2588 3424; x_wconf 83' lang='grc' dir='ltr'>φησί·</span> <span class='ocrx_word' id='word_1_553' title='bbox 2625 3373 2642 3406; x_wconf 77' lang='grc' dir='ltr'>ι</span> <span class='ocrx_word' id='word_1_554' title='bbox 2677 3353 2788 3423; x_wconf 79' lang='grc' dir='ltr'><strong>Πρὸ</strong></span> <span class='ocrx_word' id='word_1_555' title='bbox 2821 3352 2926 3404; x_wconf 82' lang='grc' dir='ltr'><strong>τῶν</strong></span> <span class='ocrx_word' id='word_1_556' title='bbox 2958 3349 3182 3422; x_wconf 82' lang='grc' dir='ltr'>ἡμερῶν</span> <span class='ocrx_word' id='word_1_557' title='bbox 3223 3345 3448 3407; x_wconf 77' lang='grc' dir='ltr'>τούτων,</span> <span class='ocrx_word' id='word_1_558' title='bbox 3476 3361 3492 3392; x_wconf 76' lang='grc' dir='ltr'>ι</span> <span class='ocrx_word' id='word_1_559' title='bbox 3524 3357 3684 3392; x_wconf 85' lang='grc' dir='ltr'>τουτ-</span> 
     </span>
    </p>
   </div>
   <div class='ocr_carea' id='block_1_78' title="bbox 2107 3429 3681 3517">
    <p class='ocr_par' dir='ltr' id='par_1_78' title="bbox 2107 3429 3681 3517">
     <span class='ocr_line' id='line_1_78' title="bbox 2107 3429 3681 3517; baseline -0.013 -18"><span class='ocrx_word' id='word_1_560' title='bbox 2107 3447 2388 3517; x_wconf 85' lang='grc' dir='ltr'>έστι,πρ“ιν</span> <span class='ocrx_word' id='word_1_561' title='bbox 2416 3446 2713 3514; x_wconf 83' lang='grc' dir='ltr'>ἀναστῆναι</span> <span class='ocrx_word' id='word_1_562' title='bbox 2745 3445 2832 3496; x_wconf 78' lang='grc' dir='ltr'><strong>τὸν</strong></span> <span class='ocrx_word' id='word_1_563' title='bbox 2865 3442 3010 3506; x_wconf 64' lang='grc' dir='ltr'>ναδν,</span> <span class='ocrx_word' id='word_1_564' title='bbox 3037 3462 3054 3493; x_wconf 78' lang='grc' dir='ltr'>ι</span> <span class='ocrx_word' id='word_1_565' title='bbox 3074 3443 3101 3494; x_wconf 88' lang='grc' dir='ltr'>ὁ</span> <span class='ocrx_word' id='word_1_566' title='bbox 3119 3438 3306 3510; x_wconf 76' lang='grc' dir='ltr'>μισθὸς</span> <span class='ocrx_word' id='word_1_567' title='bbox 3335 3434 3442 3487; x_wconf 83' lang='grc' dir='ltr'><strong>τῶν</strong></span> <span class='ocrx_word' id='word_1_568' title='bbox 3468 3429 3681 3500; x_wconf 84' lang='grc' dir='ltr'>ἀνθρώ-</span> 
     </span>
    </p>
   </div>
   <div class='ocr_carea' id='block_1_79' title="bbox 2108 3520 3681 3607">
    <p class='ocr_par' dir='ltr' id='par_1_79' title="bbox 2108 3520 3681 3607">
     <span class='ocr_line' id='line_1_79' title="bbox 2108 3520 3681 3607; baseline -0.014 -16"><span class='ocrx_word' id='word_1_569' title='bbox 2108 3555 2224 3591; x_wconf 88' lang='grc' dir='ltr'><strong>πων</strong></span> <span class='ocrx_word' id='word_1_570' title='bbox 2250 3538 2348 3590; x_wconf 79' lang='grc' dir='ltr'><strong>οὐκ</strong></span> <span class='ocrx_word' id='word_1_571' title='bbox 2382 3533 2448 3607; x_wconf 82' lang='grc' dir='ltr'>ἦν</span> <span class='ocrx_word' id='word_1_572' title='bbox 2481 3536 2787 3604; x_wconf 78' lang='grc' dir='ltr'>είς-ὄνησιν,</span> <span class='ocrx_word' id='word_1_573' title='bbox 2821 3534 2914 3587; x_wconf 73' lang='grc' dir='ltr'><strong>καὶ</strong></span> <span class='ocrx_word' id='word_1_574' title='bbox 2943 3536 2970 3586; x_wconf 83' lang='grc' dir='ltr'>ὁ</span> <span class='ocrx_word' id='word_1_575' title='bbox 3003 3530 3186 3601; x_wconf 77' lang='grc' dir='ltr'>μισθὸς</span> <span class='ocrx_word' id='word_1_576' title='bbox 3213 3528 3319 3580; x_wconf 85' lang='grc' dir='ltr'><strong>τῶν</strong></span> <span class='ocrx_word' id='word_1_577' title='bbox 3346 3522 3557 3595; x_wconf 84' lang='grc' dir='ltr'>κτηνῶν</span> <span class='ocrx_word' id='word_1_578' title='bbox 3581 3520 3681 3587; x_wconf 78' lang='grc' dir='ltr'>οὐχ</span> 
     </span>
    </p>
   </div>
   <div class='ocr_carea' id='block_1_80' title="bbox 2107 3611 3679 3718">
    <p class='ocr_par' dir='ltr' id='par_1_80' title="bbox 2107 3611 3679 3716">
     <span class='ocr_line' id='line_1_80' title="bbox 2107 3611 3679 3716; baseline -0.014 -33"><span class='ocrx_word' id='word_1_579' title='bbox 2107 3629 2374 3701; x_wconf 78' lang='grc' dir='ltr'>ὑπῆρχεν.</span> <span class='ocrx_word' id='word_1_580' title='bbox 2401 3649 2418 3681; x_wconf 73' lang='grc' dir='ltr'>ι</span> <span class='ocrx_word' id='word_1_581' title='bbox 2467 3627 2722 3716; x_wconf 50' lang='grc' dir='ltr'>’Ἂμέσθοι</span> <span class='ocrx_word' id='word_1_582' title='bbox 2755 3626 2862 3696; x_wconf 87' lang='grc' dir='ltr'><strong>γὰρ</strong></span> <span class='ocrx_word' id='word_1_583' title='bbox 2895 3626 2942 3677; x_wconf 87' lang='grc' dir='ltr'>οἱ</span> <span class='ocrx_word' id='word_1_584' title='bbox 2969 3623 3218 3691; x_wconf 75' lang='grc' dir='ltr'>γηπόνοι,</span> <span class='ocrx_word' id='word_1_585' title='bbox 3251 3619 3343 3671; x_wconf 67' lang='grc' dir='ltr'><strong>καὶ</strong></span> <span class='ocrx_word' id='word_1_586' title='bbox 3368 3613 3517 3668; x_wconf 76' lang='grc' dir='ltr'>οὐδὲν</span> <span class='ocrx_word' id='word_1_587' title='bbox 3541 3611 3679 3670; x_wconf 69' lang='grc' dir='ltr'>ὅλως</span> 
     </span>
    </p>
   </div>
   <div class='ocr_carea' id='block_1_81' title="bbox 2107 3706 3678 3795">
    <p class='ocr_par' dir='ltr' id='par_1_81' title="bbox 2107 3706 3678 3795">
     <span class='ocr_line' id='line_1_81' title="bbox 2107 3706 3678 3795; baseline -0.014 -21"><span class='ocrx_word' id='word_1_588' title='bbox 2107 3706 2602 3795; x_wconf 72' lang='grc' dir='ltr'>συναγηγερκότεξ,</span> <span class='ocrx_word' id='word_1_589' title='bbox 2651 3719 2785 3788; x_wconf 78' lang='grc' dir='ltr'>ὁμοῦ</span> <span class='ocrx_word' id='word_1_590' title='bbox 2840 3720 2954 3779; x_wconf 84' lang='grc' dir='ltr'>τοῖς</span> <span class='ocrx_word' id='word_1_591' title='bbox 3016 3709 3427 3782; x_wconf 83' lang='grc' dir='ltr'>συγκεκμηκόσι</span> <span class='ocrx_word' id='word_1_592' title='bbox 3497 3706 3678 3772; x_wconf 70' lang='grc' dir='ltr'>βουσὶν</span> 
     </span>
    </p>
   </div>
   <div class='ocr_carea' id='block_1_82' title="bbox 2105 3800 3680 3888">
    <p class='ocr_par' dir='ltr' id='par_1_82' title="bbox 2105 3800 3680 3888">
     <span class='ocr_line' id='line_1_82' title="bbox 2105 3800 3680 3888; baseline -0.018 -17"><span class='ocrx_word' id='word_1_593' title='bbox 2105 3817 2505 3888; x_wconf 80' lang='grc' dir='ltr'>ἀπηλλάττοντο</span> <span class='ocrx_word' id='word_1_594' title='bbox 2537 3813 2644 3866; x_wconf 83' lang='grc' dir='ltr'><strong>τῶν</strong></span> <span class='ocrx_word' id='word_1_595' title='bbox 2672 3809 2878 3881; x_wconf 85' lang='grc' dir='ltr'>ἀγρῶν.</span> <span class='ocrx_word' id='word_1_596' title='bbox 2905 3828 2920 3859; x_wconf 85' lang='grc' dir='ltr'>ι</span> <span class='ocrx_word' id='word_1_597' title='bbox 2947 3806 3084 3859; x_wconf 80' lang='grc' dir='ltr'>Ἀλλ’</span> <span class='ocrx_word' id='word_1_598' title='bbox 3111 3804 3232 3857; x_wconf 79' lang='grc' dir='ltr'><strong>οὐδέ</strong></span> <span class='ocrx_word' id='word_1_599' title='bbox 3256 3803 3365 3863; x_wconf 85' lang='grc' dir='ltr'>τοῖς</span> <span class='ocrx_word' id='word_1_600' title='bbox 3387 3800 3680 3864; x_wconf 84' lang='grc' dir='ltr'>ἐκπορευο-</span> 
     </span>
    </p>
   </div>
   <div class='ocr_carea' id='block_1_83' title="bbox 2108 3888 3682 3990">
    <p class='ocr_par' dir='ltr' id='par_1_83' title="bbox 2108 3888 3682 3990">
     <span class='ocr_line' id='line_1_83' title="bbox 2108 3888 3682 3990; baseline -0.017 -30"><span class='ocrx_word' id='word_1_601' title='bbox 2108 3907 2347 3977; x_wconf 75' lang='grc' dir='ltr'>μένοιςῆ</span> <span class='ocrx_word' id='word_1_602' title='bbox 2391 3909 2502 3968; x_wconf 87' lang='grc' dir='ltr'>τοῖς</span> <span class='ocrx_word' id='word_1_603' title='bbox 2543 3899 3018 3972; x_wconf 78' lang='grc' dir='ltr'>εἰσπορευομένοις</span> <span class='ocrx_word' id='word_1_604' title='bbox 3072 3893 3139 3966; x_wconf 82' lang='grc' dir='ltr'>ἦν</span> <span class='ocrx_word' id='word_1_605' title='bbox 3169 3893 3381 3964; x_wconf 81' lang='grc' dir='ltr'>εἰρήνη.</span> <span class='ocrx_word' id='word_1_606' title='bbox 3429 3908 3446 3940; x_wconf 73' lang='grc' dir='ltr'>ι</span> <span class='ocrx_word' id='word_1_607' title='bbox 3483 3888 3682 3990; x_wconf 24' lang='grc' dir='ltr'>Ειὶςπο-</span> 
     </span>
    </p>
   </div>
   <div class='ocr_carea' id='block_1_84' title="bbox 2107 3979 3680 4068">
    <p class='ocr_par' dir='ltr' id='par_1_84' title="bbox 2107 3979 3680 4068">
     <span class='ocr_line' id='line_1_84' title="bbox 2107 3979 3680 4068; baseline -0.007 -19"><span class='ocrx_word' id='word_1_608' title='bbox 2107 4000 2431 4068; x_wconf 84' lang='grc' dir='ltr'>ρευομένους</span> <span class='ocrx_word' id='word_1_609' title='bbox 2462 3999 2519 4050; x_wconf 82' lang='grc' dir='ltr'><strong>δὲ</strong></span> <span class='ocrx_word' id='word_1_610' title='bbox 2557 3997 2650 4050; x_wconf 74' lang='grc' dir='ltr'><strong>καὶ</strong></span> <span class='ocrx_word' id='word_1_611' title='bbox 2707 3989 3172 4063; x_wconf 62' lang='grc' dir='ltr'>ἐκπορευομέκτυς</span> <span class='ocrx_word' id='word_1_612' title='bbox 3205 3987 3331 4046; x_wconf 69' lang='grc' dir='ltr'>τοὺς</span> <span class='ocrx_word' id='word_1_613' title='bbox 3373 3984 3436 4033; x_wconf 73' lang='grc' dir='ltr'><strong>ἐκ</strong></span> <span class='ocrx_word' id='word_1_614' title='bbox 3468 3979 3680 4038; x_wconf 70' lang='grc' dir='ltr'>πόλεως</span> 
     </span>
    </p>
   </div>
   <div class='ocr_carea' id='block_1_85' title="bbox 2106 4067 3681 4152">
    <p class='ocr_par' dir='ltr' id='par_1_85' title="bbox 2106 4067 3681 4152">
     <span class='ocr_line' id='line_1_85' title="bbox 2106 4067 3681 4152; baseline -0.015 -12"><span class='ocrx_word' id='word_1_615' title='bbox 2106 4067 2185 4151; x_wconf 81' lang='grc' dir='ltr'>εἰς</span> <span class='ocrx_word' id='word_1_616' title='bbox 2238 4089 2389 4139; x_wconf 83' lang='grc' dir='ltr'>πόλιν</span> <span class='ocrx_word' id='word_1_617' title='bbox 2447 4088 2622 4148; x_wconf 69' lang='grc' dir='ltr'>ἰόντας</span> <span class='ocrx_word' id='word_1_618' title='bbox 2670 4085 2778 4137; x_wconf 72' lang='grc' dir='ltr'>ἔσθ’</span> <span class='ocrx_word' id='word_1_619' title='bbox 2809 4086 2895 4135; x_wconf 83' lang='grc' dir='ltr'>ὅτε</span> <span class='ocrx_word' id='word_1_620' title='bbox 2954 4081 3138 4152; x_wconf 64' lang='grc' dir='ltr'>φησιν,</span> <span class='ocrx_word' id='word_1_621' title='bbox 3198 4076 3231 4147; x_wconf 76' lang='grc' dir='ltr'>ἢ</span> <span class='ocrx_word' id='word_1_622' title='bbox 3275 4076 3332 4128; x_wconf 65' lang='grc' dir='ltr'>τὸ</span> <span class='ocrx_word' id='word_1_623' title='bbox 3379 4067 3681 4142; x_wconf 68' lang='grc' dir='ltr'>ἐμπορικὸν</span> 
     </span>
    </p>
   </div>
   <div class='ocr_carea' id='block_1_86' title="bbox 421 4164 3682 4263">
    <p class='ocr_par' dir='ltr' id='par_1_86' title="bbox 421 4166 3682 4263">
     <span class='ocr_line' id='line_1_86' title="bbox 421 4166 3682 4263; baseline -0.003 -47"><span class='ocrx_word' id='word_1_624' title='bbox 421 4166 640 4234; x_wconf 77' lang='grc' dir='ltr'>ἔχοντας</span> <span class='ocrx_word' id='word_1_625' title='bbox 661 4169 1317 4242; x_wconf 65' lang='grc' dir='ltr'>ἐπιτήδευμα,ἦγιλυνκαὶ</span> <span class='ocrx_word' id='word_1_626' title='bbox 1337 4175 1725 4243; x_wconf 76' lang='grc' dir='ltr'>ἐτέρωνῖένεκα</span> <span class='ocrx_word' id='word_1_627' title='bbox 1762 4178 2126 4246; x_wconf 79' lang='grc' dir='ltr'>πραγμάτων.</span> <span class='ocrx_word' id='word_1_628' title='bbox 2167 4180 2375 4234; x_wconf 74' lang='grc' dir='ltr'>Οὐκοῦν</span> <span class='ocrx_word' id='word_1_629' title='bbox 2444 4177 2564 4230; x_wconf 73' lang='grc' dir='ltr'>οὐδὲ</span> <span class='ocrx_word' id='word_1_630' title='bbox 2637 4177 2865 4237; x_wconf 80' lang='grc' dir='ltr'>ἐκείνοις</span> <span class='ocrx_word' id='word_1_631' title='bbox 2909 4175 3135 4244; x_wconf 69' lang='grc' dir='ltr'>εἰρήνη,</span> <span class='ocrx_word' id='word_1_632' title='bbox 3205 4168 3357 4238; x_wconf 79' lang='grc' dir='ltr'>φησὶ,</span> <span class='ocrx_word' id='word_1_633' title='bbox 3428 4181 3534 4216; x_wconf 82' lang='grc' dir='ltr'><strong>των</strong></span> <span class='ocrx_word' id='word_1_634' title='bbox 3580 4179 3682 4263; x_wconf 44' lang='grc' dir='ltr'><strong>«ἰμ-</strong></span> 
     </span>
    </p>
   </div>
   <div class='ocr_carea' id='block_1_87' title="bbox 419 4259 3677 4343">
    <p class='ocr_par' dir='ltr' id='par_1_87' title="bbox 419 4259 3677 4343">
     <span class='ocr_line' id='line_1_87' title="bbox 419 4259 3677 4343; baseline 0.005 -34"><span class='ocrx_word' id='word_1_635' title='bbox 419 4259 559 4328; x_wconf 84' lang='grc' dir='ltr'>ὀρων</span> <span class='ocrx_word' id='word_1_636' title='bbox 613 4259 780 4314; x_wconf 88' lang='grc' dir='ltr'>ἐθνῶν</span> <span class='ocrx_word' id='word_1_637' title='bbox 818 4263 1284 4335; x_wconf 75' lang='grc' dir='ltr'>ἐκλελυπηκὸτων,</span> <span class='ocrx_word' id='word_1_638' title='bbox 1328 4265 1402 4328; x_wconf 80' lang='grc' dir='ltr'>ὡς</span> <span class='ocrx_word' id='word_1_639' title='bbox 1451 4265 1617 4335; x_wconf 77' lang='grc' dir='ltr'>ἔφην,</span> <span class='ocrx_word' id='word_1_640' title='bbox 1668 4267 1747 4319; x_wconf 75' lang='grc' dir='ltr'>ἔτι</span> <span class='ocrx_word' id='word_1_641' title='bbox 1795 4267 1885 4322; x_wconf 82' lang='grc' dir='ltr'><strong>τὸν</strong></span> <span class='ocrx_word' id='word_1_642' title='bbox 1927 4269 2162 4343; x_wconf 77' lang='grc' dir='ltr'>Ἰσραὴλ,</span> <span class='ocrx_word' id='word_1_643' title='bbox 2231 4277 2324 4326; x_wconf 75' lang='grc' dir='ltr'><strong>καὶ</strong></span> <span class='ocrx_word' id='word_1_644' title='bbox 2357 4272 2587 4324; x_wconf 77' lang='grc' dir='ltr'>ἑκαστον</span> <span class='ocrx_word' id='word_1_645' title='bbox 2617 4268 2906 4339; x_wconf 82' lang='grc' dir='ltr'>βλέποντος</span> <span class='ocrx_word' id='word_1_646' title='bbox 2970 4267 3044 4328; x_wconf 83' lang='grc' dir='ltr'>ὡς</span> <span class='ocrx_word' id='word_1_647' title='bbox 3092 4264 3187 4317; x_wconf 71' lang='grc' dir='ltr'><strong>ἕνα</strong></span> <span class='ocrx_word' id='word_1_648' title='bbox 3222 4260 3327 4315; x_wconf 76' lang='grc' dir='ltr'>τῶν</span> <span class='ocrx_word' id='word_1_649' title='bbox 3383 4259 3466 4310; x_wconf 76' lang='grc' dir='ltr'><strong>δτι</strong></span> <span class='ocrx_word' id='word_1_650' title='bbox 3517 4270 3677 4324; x_wconf 64' lang='grc' dir='ltr'><strong>μαλι-</strong></span> 
     </span>
    </p>
   </div>
   <div class='ocr_carea' id='block_1_88' title="bbox 422 4353 2460 4434">
    <p class='ocr_par' dir='ltr' id='par_1_88' title="bbox 422 4353 2460 4434">
     <span class='ocr_line' id='line_1_88' title="bbox 422 4353 2460 4434; baseline 0.006 -30"><span class='ocrx_word' id='word_1_651' title='bbox 422 4370 522 4406; x_wconf 83' lang='grc' dir='ltr'><strong>στα</strong></span> <span class='ocrx_word' id='word_1_652' title='bbox 574 4353 783 4425; x_wconf 88' lang='grc' dir='ltr'>ἐχθρῶν</span> <span class='ocrx_word' id='word_1_653' title='bbox 821 4356 910 4408; x_wconf 76' lang='grc' dir='ltr'>τὸν</span> <span class='ocrx_word' id='word_1_654' title='bbox 938 4357 1106 4426; x_wconf 76' lang='grc' dir='ltr'>ἐγγὺς</span> <span class='ocrx_word' id='word_1_655' title='bbox 1144 4357 1201 4424; x_wconf 84' lang='grc' dir='ltr'><strong>ἐξ</strong></span> <span class='ocrx_word' id='word_1_656' title='bbox 1230 4358 1481 4427; x_wconf 80' lang='grc' dir='ltr'>αἵματος,</span> <span class='ocrx_word' id='word_1_657' title='bbox 1523 4359 1554 4429; x_wconf 80' lang='grc' dir='ltr'>ἢ</span> <span class='ocrx_word' id='word_1_658' title='bbox 1587 4359 1681 4411; x_wconf 71' lang='grc' dir='ltr'>καὶ</span> <span class='ocrx_word' id='word_1_659' title='bbox 1728 4359 1987 4428; x_wconf 82' lang='grc' dir='ltr'>ἀδελφὸν,</span> <span class='ocrx_word' id='word_1_660' title='bbox 2027 4364 2059 4434; x_wconf 80' lang='grc' dir='ltr'>ἢ</span> <span class='ocrx_word' id='word_1_661' title='bbox 2094 4368 2186 4418; x_wconf 75' lang='grc' dir='ltr'>καὶ</span> <span class='ocrx_word' id='word_1_662' title='bbox 2224 4364 2460 4433; x_wconf 85' lang='grc' dir='ltr'>γείτονα.</span> 
     </span>
    </p>
   </div>
   <div class='ocr_carea' id='block_1_89' title="bbox 492 4448 2068 4522">
    <p class='ocr_par' dir='ltr' id='par_1_89' title="bbox 492 4448 2068 4522">
     <span class='ocr_line' id='line_1_89' title="bbox 492 4448 2068 4522; baseline 0.003 -21"><span class='ocrx_word' id='word_1_663' title='bbox 492 4448 782 4504; x_wconf 86' lang='lat' dir='ltr'><strong>Sciendum</strong></span> <span class='ocrx_word' id='word_1_664' title='bbox 822 4465 966 4515; x_wconf 88' lang='lat' dir='ltr'><strong>vero,</strong></span> <span class='ocrx_word' id='word_1_665' title='bbox 1001 4450 1310 4520; x_wconf 87' lang='lat' dir='ltr'><strong>priusquam</strong></span> <span class='ocrx_word' id='word_1_666' title='bbox 1344 4451 1575 4506; x_wconf 88' lang='lat' dir='ltr'><strong>hominis</strong></span> <span class='ocrx_word' id='word_1_667' title='bbox 1625 4460 1870 4505; x_wconf 88' lang='lat' dir='ltr'><strong>naturam</strong></span> <span class='ocrx_word' id='word_1_668' title='bbox 1902 4454 1992 4506; x_wconf 89' lang='lat' dir='ltr'><strong>Dei</strong></span> <span class='ocrx_word' id='word_1_669' title='bbox 2031 4470 2068 4522; x_wconf 79' lang='grc' dir='ltr'>υ</span> 
     </span>
    </p>
   </div>
   <div class='ocr_carea' id='block_1_90' title="bbox 419 4541 2002 4610">
    <p class='ocr_par' dir='ltr' id='par_1_90' title="bbox 419 4541 2002 4610">
     <span class='ocr_line' id='line_1_90' title="bbox 419 4541 2002 4610; baseline 0.002 -16"><span class='ocrx_word' id='word_1_670' title='bbox 419 4541 591 4594; x_wconf 84' lang='lat' dir='ltr'><strong>Filius</strong></span> <span class='ocrx_word' id='word_1_671' title='bbox 618 4544 934 4610; x_wconf 85' lang='lat' dir='ltr'><strong>susciperet,</strong></span> <span class='ocrx_word' id='word_1_672' title='bbox 974 4554 1024 4597; x_wconf 89' lang='lat' dir='ltr'><strong>et</strong></span> <span class='ocrx_word' id='word_1_673' title='bbox 1056 4544 1296 4597; x_wconf 85' lang='lat' dir='ltr'><strong>Ecclesia</strong></span> <span class='ocrx_word' id='word_1_674' title='bbox 1331 4543 1768 4608; x_wconf 78' lang='lat' dir='ltr'><strong>constitueretur,</strong></span> <span class='ocrx_word' id='word_1_675' title='bbox 1803 4544 2002 4598; x_wconf 87' lang='lat' dir='ltr'><strong>nullam</strong></span> 
     </span>
    </p>
   </div>
   <div class='ocr_carea' id='block_1_91' title="bbox 423 4631 1998 4704">
    <p class='ocr_par' dir='ltr' id='par_1_91' title="bbox 423 4631 1998 4704">
     <span class='ocr_line' id='line_1_91' title="bbox 423 4631 1998 4704; baseline 0.006 -23"><span class='ocrx_word' id='word_1_676' title='bbox 423 4631 588 4686; x_wconf 82' lang='lat' dir='ltr'><strong>fuisse</strong></span> <span class='ocrx_word' id='word_1_677' title='bbox 611 4636 911 4688; x_wconf 84' lang='lat' dir='ltr'><strong>mercedem</strong></span> <span class='ocrx_word' id='word_1_678' title='bbox 956 4635 1281 4698; x_wconf 84' lang='lat' dir='ltr'><strong>hominibus,</strong></span> <span class='ocrx_word' id='word_1_679' title='bbox 1340 4649 1509 4702; x_wconf 89' lang='lat' dir='ltr'><strong>neque</strong></span> <span class='ocrx_word' id='word_1_680' title='bbox 1534 4636 1689 4702; x_wconf 81' lang='grc'><strong>721</strong></span> <span class='ocrx_word' id='word_1_681' title='bbox 1719 4635 1998 4704; x_wconf 89' lang='lat' dir='ltr'><strong>jnmentis.</strong></span> 
     </span>
    </p>
   </div>
   <div class='ocr_carea' id='block_1_92' title="bbox 419 4721 1996 4798">
    <p class='ocr_par' dir='ltr' id='par_1_92' title="bbox 419 4721 1996 4798">
     <span class='ocr_line' id='line_1_92' title="bbox 419 4721 1996 4798; baseline 0.006 -24"><span class='ocrx_word' id='word_1_682' title='bbox 419 4721 553 4775; x_wconf 83' lang='lat' dir='ltr'><strong>Nam</strong></span> <span class='ocrx_word' id='word_1_683' title='bbox 577 4723 626 4776; x_wconf 92' lang='lat' dir='ltr'><strong>in</strong></span> <span class='ocrx_word' id='word_1_684' title='bbox 649 4723 749 4780; x_wconf 88' lang='lat' dir='ltr'><strong>hac</strong></span> <span class='ocrx_word' id='word_1_685' title='bbox 770 4724 872 4780; x_wconf 78' lang='lat' dir='ltr'><strong>vita</strong></span> <span class='ocrx_word' id='word_1_686' title='bbox 899 4726 1102 4778; x_wconf 88' lang='lat' dir='ltr'><strong>ratione</strong></span> <span class='ocrx_word' id='word_1_687' title='bbox 1125 4725 1464 4788; x_wconf 81' lang='lat' dir='ltr'><strong>excellentes,</strong></span> <span class='ocrx_word' id='word_1_688' title='bbox 1495 4737 1545 4778; x_wconf 91' lang='lat' dir='ltr'><strong>et</strong></span> <span class='ocrx_word' id='word_1_689' title='bbox 1571 4729 1866 4794; x_wconf 53' lang='lat' dir='ltr'><strong>prudentia).</strong></span> <span class='ocrx_word' id='word_1_690' title='bbox 1884 4731 1996 4798; x_wconf 87' lang='lat' dir='ltr'><strong>cpi-</strong></span> 
     </span>
    </p>
   </div>
   <div class='ocr_carea' id='block_1_93' title="bbox 421 4813 2004 4886">
    <p class='ocr_par' dir='ltr' id='par_1_93' title="bbox 421 4813 2004 4886">
     <span class='ocr_line' id='line_1_93' title="bbox 421 4813 2004 4886; baseline 0.006 -23"><span class='ocrx_word' id='word_1_691' title='bbox 421 4815 580 4870; x_wconf 87' lang='lat' dir='ltr'><strong>nione</strong></span> <span class='ocrx_word' id='word_1_692' title='bbox 596 4813 912 4886; x_wconf 82' lang='lat' dir='ltr'><strong>insignes,et</strong></span> <span class='ocrx_word' id='word_1_693' title='bbox 929 4815 1019 4885; x_wconf 87' lang='lat' dir='ltr'><strong>qui</strong></span> <span class='ocrx_word' id='word_1_694' title='bbox 1041 4816 1286 4874; x_wconf 87' lang='lat' dir='ltr'><strong>homines</strong></span> <span class='ocrx_word' id='word_1_695' title='bbox 1307 4817 1574 4869; x_wconf 88' lang='lat' dir='ltr'><strong>numerari</strong></span> <span class='ocrx_word' id='word_1_696' title='bbox 1593 4820 2004 4886; x_wconf 79' lang='lat' dir='ltr'><strong>possent,inlru-</strong></span> 
     </span>
    </p>
   </div>
   <div class='ocr_carea' id='block_1_94' title="bbox 418 4909 2000 4981">
    <p class='ocr_par' dir='ltr' id='par_1_94' title="bbox 418 4909 2000 4981">
     <span class='ocr_line' id='line_1_94' title="bbox 418 4909 2000 4981; baseline 0.007 -24"><span class='ocrx_word' id='word_1_697' title='bbox 418 4919 662 4964; x_wconf 83' lang='lat' dir='ltr'><strong>etttosatn</strong></span> <span class='ocrx_word' id='word_1_698' title='bbox 696 4920 748 4969; x_wconf 88' lang='lat' dir='ltr'><strong>et</strong></span> <span class='ocrx_word' id='word_1_699' title='bbox 775 4909 1013 4963; x_wconf 90' lang='lat' dir='ltr'><strong>inutilem</strong></span> <span class='ocrx_word' id='word_1_700' title='bbox 1029 4925 1248 4979; x_wconf 90' lang='lat' dir='ltr'><strong>operam</strong></span> <span class='ocrx_word' id='word_1_701' title='bbox 1273 4909 1325 4962; x_wconf 92' lang='lat' dir='ltr'><strong>in</strong></span> <span class='ocrx_word' id='word_1_702' title='bbox 1347 4909 1621 4979; x_wconf 88' lang='lat' dir='ltr'><strong>discipulis</strong></span> <span class='ocrx_word' id='word_1_703' title='bbox 1649 4914 2000 4981; x_wconf 87' lang='lat' dir='ltr'><strong>ponebant,et</strong></span> 
     </span>
    </p>
   </div>
   <div class='ocr_carea' id='block_1_95' title="bbox 423 4999 1995 5071">
    <p class='ocr_par' dir='ltr' id='par_1_95' title="bbox 423 4999 1995 5071">
     <span class='ocr_line' id='line_1_95' title="bbox 423 4999 1995 5071; baseline 0.003 -22"><span class='ocrx_word' id='word_1_704' title='bbox 423 5013 595 5068; x_wconf 77' lang='lat' dir='ltr'><strong>neque</strong></span> <span class='ocrx_word' id='word_1_705' title='bbox 643 4999 917 5070; x_wconf 83' lang='lat' dir='ltr'><strong>singulare</strong></span> <span class='ocrx_word' id='word_1_706' title='bbox 992 5001 1260 5069; x_wconf 91' lang='lat' dir='ltr'><strong>quippiam</strong></span> <span class='ocrx_word' id='word_1_707' title='bbox 1313 4999 1507 5054; x_wconf 88' lang='lat' dir='ltr'><strong>litteris</strong></span> <span class='ocrx_word' id='word_1_708' title='bbox 1565 5002 1995 5071; x_wconf 79' lang='lat' dir='ltr'><strong>consignabant,</strong></span> 
     </span>
    </p>
   </div>
   <div class='ocr_carea' id='block_1_96' title="bbox 425 5075 1994 5162">
    <p class='ocr_par' dir='ltr' id='par_1_96' title="bbox 425 5075 1994 5162">
     <span class='ocr_line' id='line_1_96' title="bbox 425 5075 1994 5162; baseline 0.004 -21"><span class='ocrx_word' id='word_1_709' title='bbox 425 5105 602 5160; x_wconf 74' lang='lat' dir='ltr'><strong>neque</strong></span> <span class='ocrx_word' id='word_1_710' title='bbox 630 5075 750 5144; x_wconf 76' lang='lat' dir='ltr'><strong>aliis</strong></span> <span class='ocrx_word' id='word_1_711' title='bbox 775 5099 866 5144; x_wconf 86' lang='lat' dir='ltr'><strong>aut</strong></span> <span class='ocrx_word' id='word_1_712' title='bbox 892 5091 1258 5159; x_wconf 80' lang='lat' dir='ltr'><strong>intelligendo,</strong></span> <span class='ocrx_word' id='word_1_713' title='bbox 1293 5103 1382 5145; x_wconf 86' lang='lat' dir='ltr'><strong>aut</strong></span> <span class='ocrx_word' id='word_1_714' title='bbox 1439 5092 1705 5162; x_wconf 66' lang='lat' dir='ltr'><strong>loquentia</strong></span> <span class='ocrx_word' id='word_1_715' title='bbox 1738 5095 1994 5162; x_wconf 85' lang='lat' dir='ltr'><strong>prodesse</strong></span> 
     </span>
    </p>
   </div>
   <div class='ocr_carea' id='block_1_97' title="bbox 425 5182 2002 5254">
    <p class='ocr_par' dir='ltr' id='par_1_97' title="bbox 425 5182 2002 5254">
     <span class='ocr_line' id='line_1_97' title="bbox 425 5182 2002 5254; baseline 0.006 -23"><span class='ocrx_word' id='word_1_716' title='bbox 425 5191 688 5250; x_wconf 80' lang='lat' dir='ltr'><strong>poterant.</strong></span> <span class='ocrx_word' id='word_1_717' title='bbox 749 5182 1008 5237; x_wconf 88' lang='lat' dir='ltr'><strong>Similiter</strong></span> <span class='ocrx_word' id='word_1_718' title='bbox 1057 5184 1147 5252; x_wconf 89' lang='lat' dir='ltr'><strong>qui</strong></span> <span class='ocrx_word' id='word_1_719' title='bbox 1195 5185 1393 5253; x_wconf 80' lang='lat' dir='ltr'><strong>vulgari</strong></span> <span class='ocrx_word' id='word_1_720' title='bbox 1440 5195 1493 5239; x_wconf 93' lang='lat' dir='ltr'><strong>ct</strong></span> <span class='ocrx_word' id='word_1_721' title='bbox 1527 5189 1790 5254; x_wconf 89' lang='lat' dir='ltr'><strong>pecudum</strong></span> <span class='ocrx_word' id='word_1_722' title='bbox 1854 5201 2002 5240; x_wconf 88' lang='lat' dir='ltr'><strong>more</strong></span> 
     </span>
    </p>
   </div>
   <div class='ocr_carea' id='block_1_98' title="bbox 421 5272 1998 5344">
    <p class='ocr_par' dir='ltr' id='par_1_98' title="bbox 421 5272 1998 5344">
     <span class='ocr_line' id='line_1_98' title="bbox 421 5272 1998 5344; baseline 0.005 -23"><span class='ocrx_word' id='word_1_723' title='bbox 421 5273 588 5326; x_wconf 79' lang='lat' dir='ltr'><strong>vitam</strong></span> <span class='ocrx_word' id='word_1_724' title='bbox 641 5272 926 5336; x_wconf 82' lang='lat' dir='ltr'><strong>ducebant,</strong></span> <span class='ocrx_word' id='word_1_725' title='bbox 1003 5274 1207 5341; x_wconf 83' lang='lat' dir='ltr'><strong>absque</strong></span> <span class='ocrx_word' id='word_1_726' title='bbox 1266 5277 1507 5332; x_wconf 86' lang='lat' dir='ltr'><strong>mercede</strong></span> <span class='ocrx_word' id='word_1_727' title='bbox 1580 5277 1998 5344; x_wconf 84' lang='lat' dir='ltr'><strong>permanebant:</strong></span> 
     </span>
    </p>
   </div>
   <div class='ocr_carea' id='block_1_99' title="bbox 425 5361 2001 5437">
    <p class='ocr_par' dir='ltr' id='par_1_99' title="bbox 425 5361 2001 5437">
     <span class='ocr_line' id='line_1_99' title="bbox 425 5361 2001 5437; baseline 0.004 -23"><span class='ocrx_word' id='word_1_728' title='bbox 425 5363 718 5431; x_wconf 72' lang='lat' dir='ltr'><strong>nequibant</strong></span> <span class='ocrx_word' id='word_1_729' title='bbox 737 5361 876 5414; x_wconf 88' lang='lat' dir='ltr'><strong>enim</strong></span> <span class='ocrx_word' id='word_1_730' title='bbox 905 5363 1194 5433; x_wconf 90' lang='lat' dir='ltr'><strong>quidquam</strong></span> <span class='ocrx_word' id='word_1_731' title='bbox 1225 5365 1331 5420; x_wconf 82' lang='lat' dir='ltr'><strong>Deo</strong></span> <span class='ocrx_word' id='word_1_732' title='bbox 1357 5369 1638 5437; x_wconf 82' lang='lat' dir='ltr'><strong>probatum</strong></span> <span class='ocrx_word' id='word_1_733' title='bbox 1695 5383 1870 5437; x_wconf 84' lang='lat' dir='ltr'><strong>agere.</strong></span> <span class='ocrx_word' id='word_1_734' title='bbox 1897 5367 2001 5421; x_wconf 86' lang='lat' dir='ltr'><strong>Sed</strong></span> 
     </span>
    </p>
   </div>
   <div class='ocr_carea' id='block_1_100' title="bbox 427 5454 2000 5531">
    <p class='ocr_par' dir='ltr' id='par_1_100' title="bbox 427 5454 2000 5531">
     <span class='ocr_line' id='line_1_100' title="bbox 427 5454 2000 5531; baseline 0.006 -29"><span class='ocrx_word' id='word_1_735' title='bbox 427 5469 599 5520; x_wconf 67' lang='lat' dir='ltr'><strong>tneque</strong></span> <span class='ocrx_word' id='word_1_736' title='bbox 622 5461 734 5506; x_wconf 89' lang='lat' dir='ltr'><strong>erat</strong></span> <span class='ocrx_word' id='word_1_737' title='bbox 764 5454 986 5508; x_wconf 86' lang='lat' dir='ltr'><strong>omnino</strong></span> <span class='ocrx_word' id='word_1_738' title='bbox 1014 5472 1112 5525; x_wconf 79' lang='lat' dir='ltr'><strong>pax</strong></span> <span class='ocrx_word' id='word_1_739' title='bbox 1157 5459 1214 5520; x_wconf 80' lang='lat' dir='ltr'><strong>in</strong></span> <span class='ocrx_word' id='word_1_740' title='bbox 1272 5470 1431 5524; x_wconf 85' lang='lat' dir='ltr'><strong>terra,</strong></span> <span class='ocrx_word' id='word_1_741' title='bbox 1495 5477 1652 5531; x_wconf 74' lang='lat' dir='ltr'><strong>grege</strong></span> <span class='ocrx_word' id='word_1_742' title='bbox 1702 5463 2000 5516; x_wconf 78' lang='lat' dir='ltr'><strong>dzcmouum</strong></span> 
     </span>
    </p>
   </div>
   <div class='ocr_carea' id='block_1_101' title="bbox 425 5544 2002 5621">
    <p class='ocr_par' dir='ltr' id='par_1_101' title="bbox 425 5544 2002 5621">
     <span class='ocr_line' id='line_1_101' title="bbox 425 5544 2002 5621; baseline 0.006 -27"><span class='ocrx_word' id='word_1_743' title='bbox 425 5544 599 5604; x_wconf 63' lang='lat' dir='ltr'><strong>omnia</strong></span> <span class='ocrx_word' id='word_1_744' title='bbox 632 5544 983 5611; x_wconf 79' lang='lat' dir='ltr'><strong>permiscente</strong></span> <span class='ocrx_word' id='word_1_745' title='bbox 1029 5560 1074 5602; x_wconf 85' lang='lat' dir='ltr'><strong>cl</strong></span> <span class='ocrx_word' id='word_1_746' title='bbox 1110 5553 1361 5605; x_wconf 69' lang='lat' dir='ltr'><strong>muluium</strong></span> <span class='ocrx_word' id='word_1_747' title='bbox 1397 5554 1620 5605; x_wconf 83' lang='lat' dir='ltr'><strong>tumultu</strong></span> <span class='ocrx_word' id='word_1_748' title='bbox 1653 5553 1924 5621; x_wconf 63' lang='lat' dir='ltr'><strong>implente,</strong></span> <span class='ocrx_word' id='word_1_749' title='bbox 1949 5563 2002 5603; x_wconf 91' lang='lat' dir='ltr'><strong>ut</strong></span> 
     </span>
    </p>
   </div>
   <div class='ocr_carea' id='block_1_102' title="bbox 501 5715 956 5801">
    <p class='ocr_par' dir='ltr' id='par_1_102' title="bbox 501 5715 956 5801">
     <span class='ocr_line' id='line_1_102' title="bbox 501 5715 956 5801; baseline 0.015 -31"><span class='ocrx_word' id='word_1_750' title='bbox 501 5715 538 5758; x_wconf 54' lang='grc' dir='ltr'>πί</span> <span class='ocrx_word' id='word_1_751' title='bbox 572 5721 701 5801; x_wconf 60' lang='lat' dir='ltr'><strong>Agg.</strong></span> <span class='ocrx_word' id='word_1_752' title='bbox 741 5740 780 5793; x_wconf 71' lang='lat' dir='ltr'><strong>t,</strong></span> <span class='ocrx_word' id='word_1_753' title='bbox 805 5723 860 5795; x_wconf 77' lang='lat'><strong>3,</strong></span> <span class='ocrx_word' id='word_1_754' title='bbox 901 5725 956 5792; x_wconf 59' lang='lat' dir='ltr'><strong>.i.</strong></span> 
     </span>
    </p>
   </div>
   <div class='ocr_carea' id='block_1_103' title="bbox 2186 4444 3679 4524">
    <p class='ocr_par' dir='ltr' id='par_1_103' title="bbox 2186 4444 3679 4524">
     <span class='ocr_line' id='line_1_103' title="bbox 2186 4444 3679 4524; baseline -0.011 -13"><span class='ocrx_word' id='word_1_755' title='bbox 2186 4457 2378 4511; x_wconf 79' lang='grc' dir='ltr'>’ἰστέον</span> <span class='ocrx_word' id='word_1_756' title='bbox 2411 4457 2490 4520; x_wconf 84' lang='grc' dir='ltr'><strong>δέ,</strong></span> <span class='ocrx_word' id='word_1_757' title='bbox 2525 4455 2608 4507; x_wconf 80' lang='grc' dir='ltr'>ὅτι</span> <span class='ocrx_word' id='word_1_758' title='bbox 2654 4453 2784 4524; x_wconf 72' lang='grc' dir='ltr'>πρὶν</span> <span class='ocrx_word' id='word_1_759' title='bbox 2834 4448 3250 4520; x_wconf 78' lang='grc' dir='ltr'>ἐνανθρωπῆσαι</span> <span class='ocrx_word' id='word_1_760' title='bbox 3294 4445 3386 4499; x_wconf 70' lang='grc' dir='ltr'><strong>τὸν</strong></span> <span class='ocrx_word' id='word_1_761' title='bbox 3432 4444 3679 4510; x_wconf 52' lang='lat' dir='ltr'><strong>M09075-</strong></span> 
     </span>
    </p>
   </div>
   <div class='ocr_carea' id='block_1_104' title="bbox 2106 4532 3684 4614">
    <p class='ocr_par' dir='ltr' id='par_1_104' title="bbox 2106 4532 3684 4614">
     <span class='ocr_line' id='line_1_104' title="bbox 2106 4532 3684 4614; baseline 0.002 -17"><span class='ocrx_word' id='word_1_762' title='bbox 2106 4549 2201 4614; x_wconf 77' lang='grc' dir='ltr'><strong>νῆ,</strong></span> <span class='ocrx_word' id='word_1_763' title='bbox 2253 4547 2347 4602; x_wconf 75' lang='grc' dir='ltr'>καὶ</span> <span class='ocrx_word' id='word_1_764' title='bbox 2409 4543 2792 4614; x_wconf 79' lang='grc' dir='ltr'>ἀναδειχθῆναι</span> <span class='ocrx_word' id='word_1_765' title='bbox 2849 4541 2947 4610; x_wconf 83' lang='grc' dir='ltr'><strong>τὴν</strong></span> <span class='ocrx_word' id='word_1_766' title='bbox 3002 4538 3351 4608; x_wconf 83' lang='grc' dir='ltr'>Ἐκκλησίαν,</span> <span class='ocrx_word' id='word_1_767' title='bbox 3404 4536 3579 4598; x_wconf 77' lang='grc' dir='ltr'>οὐδεὶς</span> <span class='ocrx_word' id='word_1_768' title='bbox 3613 4532 3684 4604; x_wconf 77' lang='grc' dir='ltr'><strong>ἦν</strong></span> 
     </span>
    </p>
   </div>
   <div class='ocr_carea' id='block_1_105' title="bbox 2105 4629 3685 4709">
    <p class='ocr_par' dir='ltr' id='par_1_105' title="bbox 2105 4629 3685 4709">
     <span class='ocr_line' id='line_1_105' title="bbox 2105 4629 3685 4709; baseline -0.009 -16"><span class='ocrx_word' id='word_1_769' title='bbox 2105 4644 2215 4702; x_wconf 85' lang='grc' dir='ltr'>τοῖς</span> <span class='ocrx_word' id='word_1_770' title='bbox 2247 4637 2552 4709; x_wconf 79' lang='grc' dir='ltr'>ἀνθρώποις</span> <span class='ocrx_word' id='word_1_771' title='bbox 2579 4635 2788 4706; x_wconf 72' lang='grc' dir='ltr'>μισθὸς,</span> <span class='ocrx_word' id='word_1_772' title='bbox 2820 4633 2945 4685; x_wconf 73' lang='grc' dir='ltr'>οὔτε</span> <span class='ocrx_word' id='word_1_773' title='bbox 2990 4631 3094 4701; x_wconf 75' lang='grc' dir='ltr'><strong>μὴν</strong></span> <span class='ocrx_word' id='word_1_774' title='bbox 3126 4633 3238 4692; x_wconf 84' lang='grc' dir='ltr'>τοῖς</span> <span class='ocrx_word' id='word_1_775' title='bbox 3293 4630 3568 4698; x_wconf 77' lang='grc' dir='ltr'>κτήνεσιν.</span> <span class='ocrx_word' id='word_1_776' title='bbox 3617 4629 3685 4679; x_wconf 77' lang='grc' dir='ltr'><strong>Οἵ</strong></span> 
     </span>
    </p>
   </div>
   <div class='ocr_carea' id='block_1_106' title="bbox 2104 4718 3682 4802">
    <p class='ocr_par' dir='ltr' id='par_1_106' title="bbox 2104 4718 3682 4802">
     <span class='ocr_line' id='line_1_106' title="bbox 2104 4718 3682 4802; baseline -0.01 -18"><span class='ocrx_word' id='word_1_777' title='bbox 2104 4749 2160 4784; x_wconf 89' lang='grc' dir='ltr'><strong>τε</strong></span> <span class='ocrx_word' id='word_1_778' title='bbox 2196 4731 2301 4802; x_wconf 79' lang='grc' dir='ltr'><strong>γὰρ</strong></span> <span class='ocrx_word' id='word_1_779' title='bbox 2338 4731 2394 4782; x_wconf 88' lang='grc' dir='ltr'><strong>ἐν</strong></span> <span class='ocrx_word' id='word_1_780' title='bbox 2429 4728 2566 4798; x_wconf 80' lang='grc' dir='ltr'>τῷδε</span> <span class='ocrx_word' id='word_1_781' title='bbox 2603 4727 2679 4796; x_wconf 84' lang='grc' dir='ltr'>τῷ</span> <span class='ocrx_word' id='word_1_782' title='bbox 2720 4727 2820 4796; x_wconf 82' lang='grc' dir='ltr'>βίῳ</span> <span class='ocrx_word' id='word_1_783' title='bbox 2862 4723 3234 4794; x_wconf 78' lang='grc' dir='ltr'>λογικώτεροι,</span> <span class='ocrx_word' id='word_1_784' title='bbox 3275 4722 3370 4774; x_wconf 66' lang='grc' dir='ltr'><strong>καὶ</strong></span> <span class='ocrx_word' id='word_1_785' title='bbox 3411 4718 3682 4782; x_wconf 85' lang='grc' dir='ltr'>συνέσεως</span> 
     </span>
    </p>
   </div>
   <div class='ocr_carea' id='block_1_107' title="bbox 2102 4809 3679 4893">
    <p class='ocr_par' dir='ltr' id='par_1_107' title="bbox 2102 4809 3679 4893">
     <span class='ocr_line' id='line_1_107' title="bbox 2102 4809 3679 4893; baseline -0.01 -16"><span class='ocrx_word' id='word_1_786' title='bbox 2102 4825 2315 4893; x_wconf 81' lang='grc' dir='ltr'>ἔχοντες</span> <span class='ocrx_word' id='word_1_787' title='bbox 2349 4821 2525 4885; x_wconf 79' lang='grc' dir='ltr'>δόξαν,</span> <span class='ocrx_word' id='word_1_788' title='bbox 2568 4819 2616 4872; x_wconf 86' lang='grc' dir='ltr'>οἳ</span> <span class='ocrx_word' id='word_1_789' title='bbox 2672 4819 2735 4887; x_wconf 79' lang='grc' dir='ltr'>δὴ</span> <span class='ocrx_word' id='word_1_790' title='bbox 2785 4818 2878 4870; x_wconf 72' lang='grc' dir='ltr'><strong>καὶ</strong></span> <span class='ocrx_word' id='word_1_791' title='bbox 2929 4809 3202 4886; x_wconf 82' lang='grc' dir='ltr'>ἄνθρωποι</span> <span class='ocrx_word' id='word_1_792' title='bbox 3237 4812 3540 4882; x_wconf 82' lang='grc' dir='ltr'>νομισθεῖεν</span> <span class='ocrx_word' id='word_1_793' title='bbox 3589 4809 3679 4875; x_wconf 84' lang='grc' dir='ltr'><strong>ἂν,</strong></span> 
     </span>
    </p>
   </div>
   <div class='ocr_carea' id='block_1_108' title="bbox 2099 4899 3680 4984">
    <p class='ocr_par' dir='ltr' id='par_1_108' title="bbox 2099 4899 3680 4984">
     <span class='ocr_line' id='line_1_108' title="bbox 2099 4899 3680 4984; baseline -0.009 -18"><span class='ocrx_word' id='word_1_794' title='bbox 2099 4913 2304 4984; x_wconf 84' lang='grc' dir='ltr'>ἀκερδῆ</span> <span class='ocrx_word' id='word_1_795' title='bbox 2341 4912 2433 4964; x_wconf 77' lang='grc' dir='ltr'><strong>καὶ</strong></span> <span class='ocrx_word' id='word_1_796' title='bbox 2455 4911 2726 4980; x_wconf 79' lang='grc' dir='ltr'>ἄχρηστον</span> <span class='ocrx_word' id='word_1_797' title='bbox 2755 4909 2854 4977; x_wconf 79' lang='grc' dir='ltr'><strong>τὴν</strong></span> <span class='ocrx_word' id='word_1_798' title='bbox 2895 4911 2950 4958; x_wconf 87' lang='grc' dir='ltr'><strong>ἐν</strong></span> <span class='ocrx_word' id='word_1_799' title='bbox 2989 4908 3100 4967; x_wconf 86' lang='grc' dir='ltr'>τοῖς</span> <span class='ocrx_word' id='word_1_800' title='bbox 3133 4905 3313 4971; x_wconf 78' lang='grc' dir='ltr'>λόγοις</span> <span class='ocrx_word' id='word_1_801' title='bbox 3338 4899 3480 4972; x_wconf 74' lang='grc' dir='ltr'>εἶχον</span> <span class='ocrx_word' id='word_1_802' title='bbox 3509 4917 3680 4952; x_wconf 84' lang='grc' dir='ltr'>σπου-</span> 
     </span>
    </p>
   </div>
   <div class='ocr_carea' id='block_1_109' title="bbox 2097 4990 3678 5073">
    <p class='ocr_par' dir='ltr' id='par_1_109' title="bbox 2097 4990 3678 5073">
     <span class='ocr_line' id='line_1_109' title="bbox 2097 4990 3678 5073; baseline -0.008 -17"><span class='ocrx_word' id='word_1_803' title='bbox 2097 5005 2212 5073; x_wconf 66' lang='grc' dir='ltr'>δὴν,</span> <span class='ocrx_word' id='word_1_804' title='bbox 2267 5002 2388 5055; x_wconf 65' lang='grc' dir='ltr'>οὔτε</span> <span class='ocrx_word' id='word_1_805' title='bbox 2437 4997 2840 5069; x_wconf 64' lang='grc' dir='ltr'>συγγράφοντές</span> <span class='ocrx_word' id='word_1_806' title='bbox 2878 5015 2928 5048; x_wconf 92' lang='grc' dir='ltr'><strong>τι</strong></span> <span class='ocrx_word' id='word_1_807' title='bbox 2991 4995 3095 5048; x_wconf 73' lang='grc' dir='ltr'><strong>τῶν</strong></span> <span class='ocrx_word' id='word_1_808' title='bbox 3155 4993 3485 5060; x_wconf 75' lang='grc' dir='ltr'>ἀναγκαίων.</span> <span class='ocrx_word' id='word_1_809' title='bbox 3551 4990 3678 5044; x_wconf 67' lang='grc' dir='ltr'>οὔτε</span> 
     </span>
    </p>
   </div>
   <div class='ocr_carea' id='block_1_110' title="bbox 2101 5085 3680 5165">
    <p class='ocr_par' dir='ltr' id='par_1_110' title="bbox 2101 5085 3680 5165">
     <span class='ocr_line' id='line_1_110' title="bbox 2101 5085 3680 5165; baseline -0.008 -18"><span class='ocrx_word' id='word_1_810' title='bbox 2101 5095 2206 5165; x_wconf 72' lang='grc' dir='ltr'>μὴν</span> <span class='ocrx_word' id='word_1_811' title='bbox 2243 5097 2383 5146; x_wconf 82' lang='grc' dir='ltr'>νοεῖν</span> <span class='ocrx_word' id='word_1_812' title='bbox 2435 5093 2466 5161; x_wconf 80' lang='grc' dir='ltr'>ἢ</span> <span class='ocrx_word' id='word_1_813' title='bbox 2511 5092 2689 5145; x_wconf 84' lang='grc' dir='ltr'>λαλεῖν</span> <span class='ocrx_word' id='word_1_814' title='bbox 2747 5089 2958 5159; x_wconf 81' lang='grc' dir='ltr'>ἑτέροις</span> <span class='ocrx_word' id='word_1_815' title='bbox 3007 5088 3314 5155; x_wconf 69' lang='grc' dir='ltr'>δυνάμενοι.</span> <span class='ocrx_word' id='word_1_816' title='bbox 3363 5085 3590 5154; x_wconf 82' lang='grc' dir='ltr'>Ὁμοίως</span> <span class='ocrx_word' id='word_1_817' title='bbox 3621 5085 3680 5137; x_wconf 78' lang='grc' dir='ltr'>δὲ</span> 
     </span>
    </p>
   </div>
   <div class='ocr_carea' id='block_1_111' title="bbox 2103 5176 3681 5249">
    <p class='ocr_par' dir='ltr' id='par_1_111' title="bbox 2103 5176 3681 5249">
     <span class='ocr_line' id='line_1_111' title="bbox 2103 5176 3681 5249; baseline -0.008 -10"><span class='ocrx_word' id='word_1_818' title='bbox 2103 5189 2196 5239; x_wconf 78' lang='grc' dir='ltr'><strong>καὶ</strong></span> <span class='ocrx_word' id='word_1_819' title='bbox 2257 5187 2304 5237; x_wconf 77' lang='grc' dir='ltr'>οἱ</span> <span class='ocrx_word' id='word_1_820' title='bbox 2349 5183 2439 5236; x_wconf 82' lang='grc' dir='ltr'>τὸν</span> <span class='ocrx_word' id='word_1_821' title='bbox 2499 5182 2751 5249; x_wconf 84' lang='grc' dir='ltr'>ἀγελαῖον</span> <span class='ocrx_word' id='word_1_822' title='bbox 2779 5180 2873 5232; x_wconf 74' lang='grc' dir='ltr'>καὶ</span> <span class='ocrx_word' id='word_1_823' title='bbox 2921 5177 3164 5248; x_wconf 82' lang='grc' dir='ltr'>κτηνώδη</span> <span class='ocrx_word' id='word_1_824' title='bbox 3223 5177 3501 5248; x_wconf 74' lang='grc' dir='ltr'>τρίϐοντες</span> <span class='ocrx_word' id='word_1_825' title='bbox 3564 5176 3681 5246; x_wconf 85' lang='grc' dir='ltr'>βίον</span> 
     </span>
    </p>
   </div>
   <div class='ocr_carea' id='block_1_112' title="bbox 2102 5265 3680 5344">
    <p class='ocr_par' dir='ltr' id='par_1_112' title="bbox 2102 5265 3680 5344">
     <span class='ocr_line' id='line_1_112' title="bbox 2102 5265 3680 5344; baseline -0.006 -16"><span class='ocrx_word' id='word_1_826' title='bbox 2102 5274 2323 5344; x_wconf 77' lang='grc' dir='ltr'>ἄμισθοι</span> <span class='ocrx_word' id='word_1_827' title='bbox 2380 5272 2664 5325; x_wconf 87' lang='grc' dir='ltr'>διετέλουν·</span> <span class='ocrx_word' id='word_1_828' title='bbox 2703 5271 2762 5322; x_wconf 75' lang='grc' dir='ltr'><strong>οὐ</strong></span> <span class='ocrx_word' id='word_1_829' title='bbox 2808 5270 2916 5337; x_wconf 75' lang='grc' dir='ltr'><strong>γὰρ</strong></span> <span class='ocrx_word' id='word_1_830' title='bbox 2966 5265 3033 5339; x_wconf 78' lang='grc' dir='ltr'>ἦν</span> <span class='ocrx_word' id='word_1_831' title='bbox 3077 5267 3410 5337; x_wconf 86' lang='grc' dir='ltr'>ἐργάσασθαί</span> <span class='ocrx_word' id='word_1_832' title='bbox 3470 5285 3522 5319; x_wconf 83' lang='grc' dir='ltr'><strong>τι.</strong></span> <span class='ocrx_word' id='word_1_833' title='bbox 3567 5268 3680 5318; x_wconf 84' lang='grc' dir='ltr'><strong>τῶν</strong></span> 
     </span>
    </p>
   </div>
   <div class='ocr_carea' id='block_1_113' title="bbox 2100 5357 3680 5434">
    <p class='ocr_par' dir='ltr' id='par_1_113' title="bbox 2100 5357 3680 5434">
     <span class='ocr_line' id='line_1_113' title="bbox 2100 5357 3680 5434; baseline -0.004 -16"><span class='ocrx_word' id='word_1_834' title='bbox 2100 5365 2508 5434; x_wconf 69' lang='grc' dir='ltr'>ἐπαινουμένων</span> <span class='ocrx_word' id='word_1_835' title='bbox 2533 5361 2681 5434; x_wconf 84' lang='grc' dir='ltr'><strong>παρά</strong></span> <span class='ocrx_word' id='word_1_836' title='bbox 2709 5361 2845 5430; x_wconf 81' lang='grc' dir='ltr'>Θεῷ.</span> <span class='ocrx_word' id='word_1_837' title='bbox 2895 5361 3032 5433; x_wconf 81' lang='grc' dir='ltr'>Ἀλλ’</span> <span class='ocrx_word' id='word_1_838' title='bbox 3063 5361 3184 5413; x_wconf 75' lang='grc' dir='ltr'>οὐδέ</span> <span class='ocrx_word' id='word_1_839' title='bbox 3206 5357 3273 5430; x_wconf 75' lang='grc' dir='ltr'>ἦν</span> <span class='ocrx_word' id='word_1_840' title='bbox 3295 5359 3430 5422; x_wconf 81' lang='grc' dir='ltr'>ὅλως</span> <span class='ocrx_word' id='word_1_841' title='bbox 3457 5361 3548 5411; x_wconf 62' lang='lat' dir='ltr'><strong>snt</strong></span> <span class='ocrx_word' id='word_1_842' title='bbox 3575 5361 3680 5425; x_wconf 74' lang='grc' dir='ltr'>γῆς</span> 
     </span>
    </p>
   </div>
   <div class='ocr_carea' id='block_1_114' title="bbox 2103 5450 3682 5528">
    <p class='ocr_par' dir='ltr' id='par_1_114' title="bbox 2103 5450 3682 5528">
     <span class='ocr_line' id='line_1_114' title="bbox 2103 5450 3682 5528; baseline -0.011 -14"><span class='ocrx_word' id='word_1_843' title='bbox 2103 5461 2315 5528; x_wconf 59' lang='grc' dir='ltr'>εἷρῄνη,</span> <span class='ocrx_word' id='word_1_844' title='bbox 2352 5457 2449 5526; x_wconf 71' lang='grc' dir='ltr'>τῆς</span> <span class='ocrx_word' id='word_1_845' title='bbox 2489 5455 2592 5507; x_wconf 80' lang='grc' dir='ltr'><strong>τῶν</strong></span> <span class='ocrx_word' id='word_1_846' title='bbox 2638 5453 2927 5524; x_wconf 83' lang='grc' dir='ltr'>δαιμονίων</span> <span class='ocrx_word' id='word_1_847' title='bbox 2980 5454 3179 5523; x_wconf 75' lang='grc' dir='ltr'>ἀγέλης</span> <span class='ocrx_word' id='word_1_848' title='bbox 3214 5450 3562 5520; x_wconf 79' lang='grc' dir='ltr'>διακυκὼσης</span> <span class='ocrx_word' id='word_1_849' title='bbox 3608 5453 3682 5502; x_wconf 65' lang='grc' dir='ltr'><strong>τὰ</strong></span> 
     </span>
    </p>
   </div>
   <div class='ocr_carea' id='block_1_115' title="bbox 2104 5542 3676 5616">
    <p class='ocr_par' dir='ltr' id='par_1_115' title="bbox 2104 5542 3676 5616">
     <span class='ocr_line' id='line_1_115' title="bbox 2104 5542 3676 5616; baseline -0.004 -17"><span class='ocrx_word' id='word_1_850' title='bbox 2104 5551 2302 5606; x_wconf 58' lang='lat' dir='ltr'><strong>mit/ta,</strong></span> <span class='ocrx_word' id='word_1_851' title='bbox 2332 5548 2422 5599; x_wconf 75' lang='grc' dir='ltr'><strong>καὶ</strong></span> <span class='ocrx_word' id='word_1_852' title='bbox 2472 5546 2696 5616; x_wconf 70' lang='grc' dir='ltr'>θορύϐου</span> <span class='ocrx_word' id='word_1_853' title='bbox 2729 5545 2928 5613; x_wconf 69' lang='grc' dir='ltr'>μεστὴν</span> <span class='ocrx_word' id='word_1_854' title='bbox 2961 5544 3362 5614; x_wconf 61' lang='grc' dir='ltr'>ἀποφαινοῷσης</span> <span class='ocrx_word' id='word_1_855' title='bbox 3407 5542 3502 5612; x_wconf 72' lang='grc' dir='ltr'><strong>τὴν</strong></span> <span class='ocrx_word' id='word_1_856' title='bbox 3533 5543 3638 5612; x_wconf 72' lang='grc' dir='ltr'>γῆν</span> <span class='ocrx_word' id='word_1_857' title='bbox 3665 5584 3676 5601; x_wconf 84' lang='grc'><strong>,</strong></span> 
     </span>
    </p>
   </div>
  </div>
