3936 6318
418 266 514 322 l2?

483 379 761 448 Perpende
783 393 944 449 porro
996 379 1265 447 quomodo
1292 379 1422 433 nihil
1463 383 1696 450 typieum
1740 389 1833 432 aut
1875 395 1990 431 um-
2030 385 2068 439 Α

415 472 609 527 ltratile
637 470 1045 539 facerejubeat.
1083 469 1196 524 Non
1245 465 1388 526 enim
1433 472 1665 542 imperat
1714 470 2000 524 inmolare

413 566 600 631 boves,
628 579 725 618 nec
772 563 1056 617 incendere
1128 561 1307 628 thura,
1364 565 1457 617 sed
1513 562 1675 616 veluti
1741 561 1997 632 gracilem

415 655 702 722 quamdam
749 663 802 708 et
827 655 1159 719 tornatilem,
1183 664 1235 708 et
1268 663 1472 707 tantum
1505 670 1608 707 non
1633 652 1997 723 evangelicum

414 749 580 800 vitam
613 762 706 800 eos
738 762 993 801 exercere
1024 747 1278 816 postulat.
1318 747 1580 813 Quoniam
1613 747 1756 800 enim
1815 748 1864 798 in
1915 745 1999 799 his

414 853 581 906 pauca
631 837 784 891 nobis
817 839 880 891 de
934 838 1232 893 Salvatm'is
1275 838 1505 892 adventu
1553 839 1784 892 indicata
1850 846 1996 900 sunt,

433 931 614 984 dcirco
643 939 694 985 et
717 931 1023 984 mandatum
1061 930 1241 984 induci
1327 945 1548 984 necesse
1599 929 1719 992 fuit,
1746 928 1887 996 qnol
1920 926 2000 980 tli-

412 1023 533 1076 vina
560 1009 681 1093 ejus
706 1024 852 1090 jnssa
875 1024 1208 1092 loqueretur.
1245 1025 1302 1077 Si
1347 1025 1487 1077 cnim
1510 1024 1664 1076 decet
1693 1038 1791 1075 nos
1819 1022 1996 1073 divina

411 1117 572 1169 verba
593 1129 879 1184 sequentes
905 1116 1047 1187 loqui
1084 1119 1388 1179 veritatem,
1433 1116 1595 1185 725
1644 1130 1762 1184 quae
1791 1113 1997 1168 Christi

414 1217 530 1259 sunt
555 1209 775 1262 omnino
793 1207 1153 1264 diSsercmus:
1180 1208 1428 1261 Christus
1446 1209 1589 1260 enim
1619 1215 1704 1259 est
1721 1204 1997 1260 veritas“.

409 1297 536 1355 l'lco
554 1301 1053 1367 etsapientissimus
1095 1300 1284 1353 Petrus
1326 1299 1700 1367 paratissimos
1742 1313 1840 1352 nos
1876 1311 2001 1354 asse

415 1391 662 1458 prrecepit
685 1392 748 1443 ad
766 1393 1196 1460 respondendum
1224 1411 1241 1442 ι
1268 1392 1440 1446 cuivis
1471 1392 1730 1443 rationem
1765 1404 1861 1442 nos
1904 1404 1997 1457 po-

413 1479 580 1532 scenti
605 1480 670 1533 de
682 1495 740 1534 ea
761 1497 875 1550 qtne
896 1482 944 1533 in
963 1483 1114 1535 nobis
1133 1494 1216 1535 est
1234 1481 1394 1551 spe”.
1413 1481 1592 1546 »ριιοιι
1608 1482 1649 1533 si
1668 1496 1783 1550 qum
1797 1480 2000 1534 Christi

413 1579 538 1623 sunt
558 1570 700 1640 loqui
721 1574 1275 1636 assueverint,eteum
1294 1573 1343 1626 in
1370 1571 1552 1642 lingua
1573 1571 2001 1638 scn‘ipcrhabue-

415 1663 541 1724 rint,
574 1674 627 1718 et
657 1665 837 1718 animo
887 1674 940 1717 et
966 1667 1128 1718 corde
1150 1665 1392 1719 meditati
1437 1664 1656 1730 fuerint,
1681 1662 1809 1730 justi
1843 1665 1999 1730 plane

410 1761 588 1816 ('I'lllll,
616 1755 1033 1820 etexccllentes,
1070 1756 1390 1826 pacificiqne
1441 1761 1493 1808 rt
1534 1757 1713 1818 mites,
1767 1752 1991 1807 etinsu-

413 1862 506 1911 per
540 1846 830 1915 patientes.
860 1857 912 1903 et
950 1848 1194 1917 peierare
1225 1849 1558 1910 nescientes,
1619 1848 1746 1914 quin
1780 1847 1992 1914 penitus

412 1953 511 1991 nec
539 1938 807 2004 jurantcs.
844 1939 1204 1994 Meminerant
1236 1941 1378 1993 enim
1418 1940 1545 1993 illud
1571 1939 1752 1991 dicere
1789 1956 1799 1987 :
1835 1955 1852 1986 ι
1909 1937 1998 1991 Sit

412 2038 590 2084 autem
622 2046 801 2086 sermo
837 2041 1052 2087 vester:
1092 2032 1203 2096 Est,
1235 2044 1339 2095 cst,
1371 2042 1446 2097 et,
1486 2031 1619 2092 Non,
1658 2046 1763 2085 non
1798 2029 1861 2084 ⁸⁸.
1897 2049 1914 2080 ι

1442 266 1498 319 S.
1542 263 1813 319 CYiillLl
1854 263 2322 321 ALEXANDRlNl
2361 269 2680 323 ARClllEP.

3592 257 3697 311 l28

2177 383 2367 454 ’Δθρει
2397 383 2452 436 δὲ
2471 385 2618 446 ὅπως
2651 380 2804 436 οὐδὲν
2835 377 3112 433 ἐπιτάττει
3135 378 3266 449 δρᾷν
3296 376 3402 429 τῶν
3426 374 3486 428 ὲν
3509 377 3697 436 σκιαῖς

2107 475 2136 544 ἢ
2174 475 2382 537 τύποις.
2413 477 2485 528 Οὐ
2515 477 2620 546 γάρ
2646 492 2727 527 τοι
2758 475 2954 544 χρῆναι
2987 472 3288 542 βουθυτεῖν,
3323 467 3446 522 οὐδὲ
3481 466 3589 538 μὴν
3617 466 3699 518 λι-

2108 567 2251 636 ϐάνῳ
2289 568 2454 637 τιμᾷν
2503 566 2829 627 ἐντέλλεται,
2884 565 2997 617 ἀλλ’
3034 560 3142 616 οἷον
3179 561 3367 630 ἰσχνὴν
3401 575 3521 610 τινα
3546 598 3559 620 ,
3598 555 3691 608 xa‘

2106 659 2555 729 τετορνευμένην,
2609 657 2766 728 μόνον
2795 657 2851 710 δὲ
2879 657 3001 726 οὐχὶ
3046 653 3139 707 xui.
3188 650 3551 719 εὖαγγελικὴν
3596 650 3690 699 ἐπε

2107 752 2346 821 ασκῆσαι
2388 750 2637 821 βούλεται
2662 752 2830 820 ζωήν.
2873 746 3092 816 Ἐπειδὴ
3126 747 3233 814 γὰρ
3267 746 3293 795 ὁ
3327 743 3533 814 βραχὺς
3561 742 3694 809 ἡμῖν

2108 845 2163 896 ἐν
2201 843 2413 907 τούτοις
2463 843 2722 914 περὶτῆς
2771 842 2862 896 τοῦ
2901 841 3154 908 Σωτῆρος
3203 836 3360 906 ἡμῶν
3396 832 3695 903 ἐπιδημίας

2109 933 2401 1004 πεποίηται
2435 933 2612 1002 λόγος,
2661 932 2832 1004 ταύτῃ
2877 949 2960 984 τοι
3013 931 3104 982 καὶ
3139 926 3452 996 ἀναγκαίως
3498 923 3695 992 ἐντολὴ

2111 1026 2487 1092 συνεισάγεται
2533 1025 2604 1078 τὰ
2634 1025 2699 1078 δι’
2733 1022 2898 1078 αὑτοῦ
2932 1021 3168 1075 λαλοῦσα
3219 1019 3588 1087 θεσπίσματα.
3631 1017 3697 1068 El.

2108 1116 2215 1185 γὰρ
2241 1116 2304 1187 δὴ
2339 1119 2608 1188 προσήκει
2664 1117 2775 1180 τοῖς
2804 1115 2968 1179 θείοις
2997 1116 3142 1185 ἡμᾶς
3174 1111 3474 1182 ἑπομένους
3511 1108 3696 1175 λόγοις

2108 1207 2285 1262 λαλεῖν
2303 1209 2398 1279 τὴν
2425 1209 2705 1280 ἀλήθειαν,
2724 1208 2792 1260 τὰ
2810 1207 3050 1280 Χριστοῦ
3072 1207 3288 1267 πάντως
3313 1199 3696 1270 διαλεξόμεθα·

2109 1301 2343 1370 Χριστος
2369 1301 2478 1372 γάρ
2505 1303 2652 1354 ἐστιν
2677 1303 2708 1371 ἡ
2745 1299 2996 1371 ἀλήθεια.
3027 1297 3128 1350 Διὰ
3153 1296 3313 1349 τοῦτο
3344 1294 3437 1347 καὶ
3464 1296 3492 1346 ὁ
3526 1289 3700 1359 σοφώο

2108 1409 2268 1454 τατος
2299 1393 2503 1462 Πέτρος
2544 1392 2930 1461 ὲτοιμοτάτους
2975 1391 3122 1460 ἡμᾶς
3157 1385 3412 1454 γενέσθαι
3457 1381 3699 1454 προστέ-

2109 1498 2239 1550 ταχε
2280 1481 2416 1551 πρὸς
2465 1481 2760 1547 ἀπολογίαν
2809 1501 2828 1532 ι
2872 1481 3036 1548 παντὶ
3090 1479 3170 1549 τῷ
3227 1475 3504 1550 ἐρωτῶντι
3546 1475 3698 1544 ἡμᾶς

2108 1573 2263 1639 λόγον
2302 1573 2428 1643 περὶ
2457 1573 2557 1642 τῆς
2585 1571 2752 1643 οὔσης
2785 1573 2843 1626 ὲν
2867 1574 2997 1644 ἡμῖν
3025 1571 3261 1633 ἐλπίδος.
3302 1589 3320 1618 ι
3359 1570 3422 1621 El.
3449 1567 3506 1619 δὲ
3537 1565 3602 1636 δὴ
3627 1564 3695 1618 τὸ

2110 1661 2348 1731 Χριστοῦ
2383 1663 2566 1715 λαλεῖν
2597 1661 2934 1733 εἰθισμένοι,
2991 1661 3084 1714 καὶ
3125 1659 3286 1712 αὐτὸν
3337 1658 3552 1727 ἔχοντες
3603 1655 3699 1707 ἐπὶ

2095 1753 2348 1826 γλώσσης
2382 1756 2488 1821 ἀεὶ,
2520 1756 2614 1808 καὶ
2643 1755 2758 1821 νοῦ,
2789 1755 2886 1808 καὶ
2916 1753 3168 1824 καρδίας,
3206 1751 3438 1822 μελέτην
3465 1765 3699 1817 πεποιη-

2107 1846 2278 1916 μένοι,
2310 1847 2511 1900 δίκαιοί
2544 1865 2647 1900 που
2677 1847 2896 1909 πάντως
2931 1844 3041 1899 εἶεν
3072 1846 3158 1911 ἂν,
3196 1845 3290 1897 καὶ
3315 1846 3382 1914 τῇ
3415 1841 3558 1896 κατὰ
3589 1841 3700 1892 πᾶν

2103 1940 2285 1993 ὁτιοῦν
2345 1939 2599 2011 ὀρθότητι
2651 1939 3090 2009 διαπρέποντες,
3155 1934 3420 2006 εἰρηνικοί
3478 1949 3538 1984 τε
3601 1932 3693 1986 καὶ

2105 2031 2290 2098 πρᾶοι,
2335 2027 2428 2081 καὶ
2460 2029 2596 2099 πρός
2623 2045 2684 2097 γε
2711 2027 2884 2097 τούτῳ
2915 2028 3008 2079 καὶ
3038 2026 3372 2092 ὰνεξίκακοι,
3402 2025 3495 2077 καὶ
3523 2023 3692 2092 simul?

410 2124 593 2193 ορκεῖν
621 2123 721 2176 οὐκ
748 2123 971 2188 εἰδότες,
1020 2123 1218 2194 μᾶλλον
1267 2124 1323 2176 δὲ
1369 2123 1485 2177 οὐδὲ
1521 2122 1784 2192 ὀμνύντες
1830 2122 1988 2187 ὅλως.
2025 2122 2435 2193 Διαμέμνηνται
2501 2122 2606 2190 γὰρ
2667 2121 2918 2189 λέγοντος
2945 2121 3111 2175 αὐτοῦ
3133 2135 3144 2151 ο
3185 2119 3398 2173 (Ἔστω
3435 2118 3492 2171 δὲ
3529 2115 3687 2188 ὑμῶν

339 2256 342 2258 η
410 2215 438 2266 ὁ
467 2212 624 2281 λόγος
651 2213 712 2267 τὸ
739 2215 869 2278 Ναὶ,
902 2216 1011 2280 ναὶ,
1047 2217 1141 2270 καὶ
1171 2215 1232 2268 τὸ
1267 2213 1363 2280 Oi},
1398 2214 1480 2268 ού.
1516 2234 1534 2265 ι

487 2304 649 2360 Vens.
682 2304 770 2369 18,
804 2306 890 2360 19.
931 2305 993 2358 Ει
1021 2307 1193 2374 factus
1221 2317 1290 2359 est
1315 2323 1483 2358 sermo
1504 2305 1712 2358 Domini
1761 2306 2002 2373 omnipo-

410 2399 564 2452 tentis
608 2397 676 2449 ad
702 2414 801 2460 me,
831 2397 1009 2452 dicens
1040 2413 1058 2451 :
1096 2396 1224 2450 Haec
1259 2398 1386 2450 dicit
1460 2397 1714 2450 Dominus
1760 2397 2003 2466 omnipo-

411 2501 528 2543 tens,
553 2505 572 2543 :
615 2487 887 2555 Jejuninm
915 2500 1180 2558 quartum,
1203 2497 1252 2542 et
1279 2489 1545 2557 jejunium
1566 2489 1825 2559 quintum,
1855 2490 2000 2557 etje-

407 2578 616 2647 iunium
646 2583 947 2650 septimum,
985 2592 1030 2633 et
1057 2581 1324 2651 jejunium
1355 2579 1616 2634 decimum
1644 2590 1794 2633 erunt
1820 2580 2002 2634 domui

410 2671 550 2726 ludo
575 2674 627 2726 in
649 2674 924 2742 gaudium,
953 2684 999 2725 et
1023 2673 1076 2724 in
1119 2672 1382 2735 lwtitiam,
1405 2681 1455 2724 et
1489 2673 1541 2726 in
1572 2673 1878 2740 festivitates
1909 2674 2000 2728 bo-

413 2781 526 2822 nas.
572 2774 618 2816 et
661 2763 993 2829 lwtabimini,
1053 2772 1100 2815 et
1145 2763 1430 2831 ceritatem
1502 2772 1550 2816 et
1627 2779 1808 2832 pacem
1875 2765 2001 2816 diti-

411 2850 519 2919 gite

484 2934 665 2989 XLIX.
703 2935 1076 2992 Necessarium
1117 2939 1256 2994 duco
1281 2938 1520 2995 discendi
1549 2941 1758 3010 cupidis
1787 2958 1998 2998 rursum

411 3026 559 3093 prius
625 3028 1489 3100 exponerecausasjejuniorum,
1547 3034 1612 3086 de
1669 3035 1867 3102 quibus
1899 3035 1998 3087 hoc

2178 2305 2288 2358 Καὶ
2318 2304 2556 2372 ἐγένετο
2582 2304 2767 2372 ,λόγος
2791 2303 3013 2370 Κυρίου
3039 2300 3523 2370 παντοκράτορος
3546 2301 3696 2368 πρὸς
3766 2284 3773 2289 ’

2098 2396 2198 2464 μὲ,
2260 2394 2484 2463 λέγων·
2545 2393 2689 2447 Τάδε
2753 2393 2917 2462 ,λέγει
2967 2393 3185 2460 Κύριος
3237 2391 3692 2460 παντοκράτωρ.

2103 2488 2368 2556 Νηστεία
2397 2486 2434 2554 ἠ
2472 2486 2677 2554 τετρὰς
2699 2529 2712 2553 ,
2761 2486 2860 2538 καὶ
2896 2484 3150 2552 νηστεία
3186 2484 3224 2551 ὴ
3281 2483 3552 2553 πέμπτη,
3593 2483 3691 2536 καί

2102 2582 2356 2650 νηστεία
2380 2581 2416 2649 ἡ
2451 2581 2670 2650 ἑϐδόμη
2688 2622 2702 2644 ,
2729 2580 2832 2634 καὶ
2858 2579 3110 2648 νηστεία
3143 2580 3182 2647 ἠ
3205 2577 3424 2646 δεκάτη
3451 2578 3694 2631 ἔσονται

2102 2672 2185 2740 τῷ
2225 2675 2371 2738 οἴκῳ
2415 2673 2605 2728 Ἰούδα
2639 2676 2724 2739 εἰς
2754 2674 2966 2743 χαρὰν,
2997 2673 3098 2727 καὶ
3143 2671 3552 2740 εὐφροσύνην,
3593 2672 3694 2724 καὶ

2101 2771 2189 2834 εὶς
2213 2769 2418 2836 ἑορτὰς
2455 2767 2700 2838 ἀγαθὰς,
2747 2768 2843 2820 καὶ
2890 2765 3409 2834 εὐφρανθήσεσθε,
3448 2764 3547 2818 καὶ
3581 2763 3697 2832 τὴν

2102 2859 2394 2926 ἀλήθειαν
2423 2860 2521 2913 καὶ
2552 2860 2670 2927 τὴν
2692 2857 2944 2926 εἰρήνην
2965 2856 3340 2927 ἀγαπήσατε.
3654 2889 3676 2902 -

2171 2952 2305 3006 MG’.
2354 2953 2675 3020 Ἀναγκαῖον
2722 2946 2876 3020 οἶμαι
2941 2951 3054 3012 τοῖς
3099 2947 3426 3018 φιλομαθέσι
3474 2965 3693 3018 προαιρ-

2100 3040 2209 3109 ηγή
2221 3039 2417 3093 σασθαι
2441 3040 2604 3095 πάλιν
2621 3037 2730 3093 τῶν
2752 3037 2951 3096 ,ἐνθάδε
2969 3036 3280 3106 λεγομένων
3305 3035 3570 3103 νηστειῶν
3593 3036 3698 3099 τὰς

415 3119 532 3171 loco
562 3118 838 3184 dicitur,et
865 3121 1005 3188 quod
1033 3122 1100 3176 sit
1137 3111 1698 3192 quartum,quodnam
1725 3127 1994 3195 quintum,

2107 3133 2304 3198 αἰτίας,
2341 3131 2435 3185 καὶ
2472 3130 2604 3185 ποία
2630 3133 2662 3200 ὴ
2695 3130 2891 3201 τετρὰς
2919 3169 2932 3192 ,
2969 3129 3054 3191 τίς
3081 3127 3138 3179 δὲ
3167 3128 3200 3198 ἡ
3231 3126 3480 3198 πέμπτη,
3510 3127 3607 3181 καὶ
3637 3128 3696 3180 αι

413 3218 467 3260 et
542 3209 766 3278 reliqua,
808 3211 1092 3279 septimum
1143 3213 1375 3281 scilicet,
1441 3224 1496 3270 et
1561 3215 1849 3271 decimum.
1916 3217 2006 3273 Sic

413 3299 554 3351 enim
574 3310 873 3369 Opportune
887 3310 1072 3371 etapte
1087 3319 1204 3373 quae
1223 3305 1292 3360 sit
1308 3308 1626 3362 mandatoru
1645 3325 1692 3360 ιιι
1714 3309 1795 3361 vis
1815 3307 2006 3363 deinde

412 3390 766 3456 enncleando,
795 3392 1163 3463 adjuugcmus.
1189 3393 1353 3465 igitur
1385 3407 1539 3467 capta
1560 3407 1745 3454 sancta
1767 3401 2003 3467 civitate,

413 3489 466 3534 et
494 3493 686 3537 exusto
712 3486 932 3556 templo,
964 3498 1017 3541 et
1037 3487 1230 3542 lsraele
1259 3489 1415 3543 simul
1439 3507 1560 3545 cum
1587 3493 1729 3546 vasis
1757 3493 1926 3546 sacris
1952 3493 2002 3545 in

415 3574 782 3643 captivitatem
803 3579 1034 3633 abducto
1058 3577 1124 3643 ‘9,
1151 3579 1239 3648 qui
1269 3580 1399 3635 salvi
1428 3584 1704 3649 restabant
1729 3584 1779 3637 in
1799 3582 1999 3646 Juduea,

415 3666 529 3720 dies
559 3667 752 3734 quibus
776 3669 891 3724 bmc
928 3670 1034 3739 pati
1061 3670 1375 3740 contigisset
1405 3674 1618 3730 odiosos
1671 3685 1727 3730 et
1759 3690 2008 3730 exsecra-

413 3757 550 3812 biles
590 3758 886 3827 habebant,
928 3761 1196 3830 factisque
1229 3764 1458 3819 coetibus
1492 3767 1740 3837 planctus
1799 3768 2004 3822 lamen-

414 3849 749 3918 talioncsque
773 3853 1156 3921 suscipiebant,
1185 3856 1306 3911 cibo
1337 3873 1393 3912 se
1427 3869 1484 3911 nt
1523 3861 1573 3911 iu
1616 3859 1842 3929 jejuniis
1871 3860 2000 3914 abs—

416 3941 670 3996 tinentes.
729 3944 858 4010 Quae
916 3956 1095 4002 autem
1147 3965 1470 4020 unoquoque
1527 3952 1790 4006 dicruma
1848 3952 2002 4005 nobis

414 4035 571 4090 modo
598 4036 858 4091 dictorum
891 4042 1197 4107 evenerint,
1225 4058 1323 4114 age
1355 4058 1708 4113 exponamus.
1738 4043 1829 4097 Ait
1871 4058 2000 4111 ergo

412 4126 600 4184 beatus
626 4127 888 4188 Jeremias
921 4152 933 4186 :
967 4153 983 4184 ι
1029 4136 1091 4188 Ει
1117 4135 1314 4190 factum
1335 4147 1419 4190 est
1455 4137 1508 4190 in
1529 4152 1671 4191 anno
1689 4151 1832 4190 nono
1850 4135 1998 4204 regni

410 4219 550 4288 ejus,
603 4221 841 4276 Scdecize
909 4225 1114 4294 utique,
1175 4227 1227 4280 in
1292 4241 1477 4282 mense
1512 4227 1746 4291 decimo,
1789 4225 1997 4279 decima

413 4311 614 4366 mensis
639 4315 783 4368 venit
823 4315 1318 4374 Nabuchodonosor
1345 4333 1434 4373 rex
1460 4317 1771 4388 Babylonis,
1797 4325 1850 4369 et
1881 4331 1999 4368 om-

413 4405 498 4460 nis
516 4408 789 4462 exercitus
809 4409 924 4477 ejus
955 4420 1140 4465 contra
1168 4409 1490 4474 Jerusalem,
1557 4418 1613 4464 et
1671 4406 1996 4463 circumval-

2110 3221 2318 3274 τούτων
2348 3221 2548 3291 ἐφεξῆς
2583 3220 2784 3291 ἑϐδόμη
2823 3236 2884 3273 τε
2925 3221 3020 3273 καὶ
3059 3219 3284 3289 δεκάτη.
3327 3219 3697 3290 Προσεποίσο-

2113 3329 2210 3381 μεν
2244 3311 2352 3382 γὰρ
2378 3311 2552 3376 οὕτως
2595 3312 2687 3365 ἐπὶ
2716 3311 2912 3378 καιροῦ
2949 3311 3046 3364 καὶ
3075 3313 3133 3365 ὲν
3163 3311 3352 3381 κόσμῳ
3379 3310 3564 3364 λοιπὸν
3587 3310 3697 3364 τῶν

2110 3407 2603 3472 προστεταγμένων
2635 3403 2733 3472 τὴν
2767 3401 3016 3472 δύναμιν.
3054 3400 3263 3454 Οὐκοῦν
3303 3401 3442 3471 μετὰ
3469 3402 3530 3454 τὸ
3552 3403 3705 3454 ἁλῶ-

2108 3513 2194 3548 ναι
2226 3494 2323 3565 τὴν
2353 3495 2514 3563 ἁγίαν
2542 3495 2717 3559 πόλιν,
2761 3497 2857 3550 καὶ
2886 3495 3381 3565 κατεμπρησθῆναι
3420 3495 3509 3548 τὸν
3539 3496 3691 3562 ναὸν,

2107 3586 2548 3657 ἁποκομισθῆναι
2574 3587 2630 3639 δὲ
2664 3587 2799 3657 ὁμοῦ
2854 3590 2967 3650 τοῖς
3021 3589 3187 3656 ἱεροῖς
3231 3586 3486 3639 σκεύεσιν
3519 3587 3693 3655 αἰχμ-

2107 3677 2311 3732 άλωτον
2342 3678 2434 3735 τὸν
2473 3676 2689 3748 Ἰσραὴλ
2711 3717 2724 3740 ,
2752 3677 2802 3729 οἱ
2848 3675 3186 3746 σεσωσμένοι
3221 3692 3280 3726 τε
3321 3673 3416 3726 καὶ
3448 3673 3691 3742 περιλει-

2109 3771 2332 3839 φθέντες
2372 3770 2514 3825 κατὰ
2549 3772 2648 3840 τὴν
2693 3769 2973 3832 Ἰουδαίαν,
3010 3768 3109 3831 τὰς
3134 3768 3369 3838 ἡμέρας,
3411 3768 3469 3818 ὲν
3497 3763 3584 3829 αἷς
3613 3766 3690 3822 τὰ

2105 3864 2281 3918 τοιάδε
2327 3863 2521 3916 παθεῖν
2557 3862 2906 3932 συμϐέϐηκεν
2959 3859 3281 3928 ἀποφράδας
3314 3858 3547 3928 ἡγοῦντο
3593 3857 3689 3910 καὶ

2107 3957 2404 4024 στυγητὰς,
2441 3957 2534 4009 καὶ
2582 3955 2644 4024 δὴ
2689 3953 2832 4007 κατὰ
2866 3952 3077 4023 πληθὺν
3112 3951 3446 4016 συνθέοντες,
3473 3950 3690 4020 κομμὸν

2105 4046 2385 4099 ἐποιοῦντο
2415 4045 2510 4098 καὶ
2545 4045 2744 4118 θρῆνον
2771 4085 2785 4108 ,
2833 4046 3148 4110 ἀσιτοῦντες
3193 4047 3266 4110 ὡς
3302 4050 3357 4100 ἐν
3386 4047 3682 4115 νηστείαις.

2105 4138 2238 4191 Τίνα
2260 4136 2316 4189 δὲ
2342 4136 2404 4204 δὴ
2432 4135 2500 4188 τὰ
2535 4135 2921 4206 συμϐεϐηκότα
2982 4137 3075 4190 καὶ
3119 4140 3176 4189 ἐν
3207 4137 3409 4207 ἑκάστῃ
3441 4137 3548 4188 τῶν
3582 4136 3684 4204 ἀρ·-

2103 4230 2231 4290 τίως
2267 4228 2397 4297 ἡμῖν
2428 4225 2732 4297 εἰρημένων
2777 4229 3032 4298 ἡμερῶν,
3065 4229 3200 4301 φέρε
3226 4230 3497 4298 λέγωμεν.
3533 4227 3678 4298 Ἔφη

2100 4319 2328 4373 τοίνυνὸ
2365 4319 2633 4390 μακάριος
2678 4320 2975 4392 Ἱερεμίας·
3036 4340 3054 4371 ι
3093 4323 3200 4374 Καὶ
3250 4321 3464 4386 ἐγένετο
3506 4323 3563 4373 ἐν
3603 4321 3681 4389 τῷ

2103 4411 2211 4464 ἔτει
2251 4408 2331 4480 τῷ
2378 4410 2583 4480 ὲννάτῳ
2627 4410 2728 4478 τῆς
2768 4411 3042 4480 βασιλείας
3075 4411 3239 4465 αὑτοῦ
3262 4450 3276 4473 ,
3311 4412 3470 4482 δῆλον
3503 4411 3559 4463 δὲ
3597 4411 3679 4466 ὅτι

411 4495 591 4554 larunt
620 4513 762 4563 eam,
796 4509 848 4554 et
883 4501 1508 4556 mditicaveruntcircum
1540 4515 1661 4556 eam
1717 4498 1984 4566 lapidibus

2107 4503 2366 4567 Ξεδεκίου,
2398 4505 2455 4558 ἐν
2490 4503 2568 4572 τῷ
2603 4503 2731 4572 μηνὶ
2764 4503 2841 4573 τῷ
2872 4504 3084 4573 δεκάτῳ
3111 4545 3124 4567 ,
3162 4505 3362 4573 δεκάτη
3388 4503 3482 4556 τοῦ
3511 4502 3681 4572 μηνὸς

412 4591 653 4656 quadris,
677 4601 733 4647 et
755 4593 899 4647 venit
923 4593 1114 4648 civitas
1142 4595 1193 4652 in
1221 4593 1496 4662 angustias
1526 4605 1696 4660 usque
1727 4592 1794 4644 ad
1829 4591 1994 4646 unde-

410 4683 612 4737 cimum
640 4699 838 4738 annum
863 4687 1004 4755 regis
1029 4688 1291 4752 Sedeeiar,
1320 4686 1371 4740 in
1427 4700 1613 4741 mense
1643 4695 1858 4754 quarto,
1895 4701 1992 4737 no-

413 4789 482 4828 na
527 4775 617 4830 die
645 4777 866 4832 mensis.
894 4778 958 4832 Et
994 4778 1219 4831 invaluit
1250 4777 1418 4832 fartres
1450 4777 1501 4829 in
1543 4777 1783 4842 civitate,
1811 4786 1865 4830 et
1887 4793 1989 4830 non

410 4876 568 4923 erant
605 4884 772 4938 patres
820 4870 1014 4939 popqu
1047 4878 1238 4933 terra};
1271 4879 1324 4923 et
1377 4868 1590 4938 dirupta
1661 4877 1750 4923 est
1776 4869 1989 4933 civitas,

411 4966 468 5010 ct
490 4971 678 5013 omnes
696 4961 796 5014 viri
829 4960 1118 5013 bellatores
1144 4959 1347 5027 egressi
1380 4969 1508 5014 sunt
1537 4969 1692 5015 nocte
1722 4959 1805 5013 via
1834 4959 1985 5014 urbis

413 5049 552 5105 inter
577 5052 956 5121 muros_726
983 5059 1037 5104 et
1075 5051 1426 5116 antemurale,
1463 5052 1604 5120 quod
1639 5060 1756 5106 erat
1801 5066 1987 5106 versus

413 5141 627 5200 hortum
676 5146 818 5214 regis
850 5145 917 5197 ⁵ο.
959 5163 976 5194 ι
1027 5142 1218 5198 Postea
1251 5145 1396 5199 caede
1433 5144 1723 5200 liberorum
1750 5143 1987 5198 δείιθυὶιυ

411 5245 465 5292 et
488 5236 861 5292 exoculatione
885 5236 1004 5304 ejus
1036 5236 1304 5301 intersita,
1337 5238 1410 5291 ita
1445 5237 1620 5306 pergit
1656 5252 1668 5288 :
1711 5254 1728 5286 ι
1765 5235 1818 5288 1ιι
1841 5252 1992 5288 men-

412 5340 471 5378 se
509 5325 722 5394 quinto,
755 5325 962 5378 decima
987 5326 1186 5379 mensis
1230 5327 1374 5382 venit
1430 5325 1786 5380 Nahuzardan
1842 5326 1990 5387 prin—

410 5431 536 5483 ceps
560 5430 879 5482 coquornm,
906 5419 995 5485 qui
1023 5419 1202 5472 stabat
1231 5428 1355 5474 ante
1388 5418 1578 5473 facient
1637 5419 1775 5486 regis
1819 5416 1990 5486 Baby-

411 5509 570 5570 lonis,
608 5507 658 5560 in
691 5505 1081 5575 Jerusalem,et
1108 5513 1387 5567 succendit
1428 5513 1643 5566 domum
1677 5510 1908 5574 Domini,
1933 5519 1989 5563 et

533 5676 753 5741 "Joan.
795 5706 900 5754 τιν,
940 5694 990 5746 0.
1105 5692 1146 5723 ⁸⁷
1187 5691 1224 5744 ll
1266 5691 1408 5745 Petr.
1440 5707 1527 5755 ιιι,
1573 5689 1650 5742 lli.

1736 5689 1779 5717 ”
1810 5687 1973 5739 λῖςιιιιι
2030 5703 2080 5752 Υ,
2110 5687 2198 5740 57.

2097 4585 2228 4660 ἦλθε
2255 4579 2737 4659 Ναϐουχοδονότωρ
2763 4589 3015 4658 βασιλεὺς
3051 4593 3390 4656 Βαϐυλῶνος,
3414 4594 3504 4645 καὶ
3529 4593 3679 4644 πᾶσα

2098 4684 2128 4754 ἡ
2176 4682 2402 4752 δύναμις
2435 4681 2600 4735 αὑτοῦ
2653 4683 2746 4735 ἐπὶ
2785 4684 3138 4755 Ἰερουσαλὴμ
3163 4729 3176 4750 ,
3213 4685 3306 4738 καὶ
3341 4687 3676 4754 περιεχαράοι

2097 4791 2280 4827 κωσαν
2316 4774 2522 4844 αὐτὴν,
2579 4774 2672 4826 καὶ
2720 4775 3206 4846 περιῳκοδόμησαν
3264 4776 3433 4847 αὐτὴν
3484 4793 3676 4847 τετρα-

2096 4867 2276 4928 πὸδοις
2305 4864 2474 4927 λίθοις
2499 4865 2706 4935 κύκλῳ,
2737 4867 2828 4919 καὶ
2860 4863 3023 4937 ἦλθεν
3054 4871 3085 4938 ἡ
3122 4869 3270 4932 πόλις
3305 4873 3383 4932 εἰς
3422 4871 3672 4940 συνοχὴν,

2096 4955 2202 5018 ἓως
2229 4955 2515 5008 ἑνδεκάτου
2547 4953 2700 5017 ἔτους
2732 4954 2808 5025 τῷ
2840 4955 3048 5027 βασιλεί
3079 4957 3321 5029 Σεδεκίᾳ,
3347 4961 3405 5012 ὲν
3441 4961 3569 5029 μηνὶ
3598 4961 3675 5030 τῷ

2096 5048 2357 5118 τετάρτῳ,
2394 5045 2588 5118 ὲννὰτῃ
2630 5045 2722 5099 τοῦ
2761 5046 2946 5116 μηνός.
2981 5050 3094 5101 Καὶ
3121 5049 3429 5121 ἐστερεώοη
3461 5051 3490 5101 ὁ
3517 5050 3675 5119 λιμὸς

2094 5138 2150 5190 ὲν
2194 5140 2259 5206 τῇ
2303 5136 2486 5200 πόλει,
2536 5137 2630 5189 καὶ
2667 5137 2768 5190 οὐκ
2794 5133 2933 5207 ἦσαν
2966 5138 3123 5208 ἄρτοι
3148 5141 3225 5210 τῷ
3263 5141 3378 5212 λαῷ
3406 5142 3506 5212 τῆς
3544 5144 3672 5213 γῆς,

2092 5231 2186 5288 καὶ
2210 5229 2490 5300 διεκόπηή
2522 5229 2705 5293 πόλις,
2750 5231 2841 5282 καὶ
2879 5231 3078 5295 πάντες
3111 5233 3161 5285 οἱ
3205 5233 3397 5305 ἄνδρες
3435 5235 3484 5286 οἱ
3515 5238 3672 5287 πολε-

2094 5321 2283 5390 μισταὶ
2328 5319 2552 5388 ἐξῆλθον
2593 5319 2784 5382 νυκτὸς
2825 5321 2964 5374 κατὰ
3002 5323 3102 5393 τὴν
3145 5325 3263 5378 ὁδὸν
3314 5327 3414 5396 τῆς
3462 5325 3669 5392 πόλεως

2090 5411 2362 5480 ἀναμέσον
2391 5410 2485 5462 τοῦ
2524 5411 2736 5480 τείχους
2777 5413 2870 5465 καὶ
2901 5413 2994 5466 τοῦ
3023 5415 3484 5486 προτειχίσματος
3504 5456 3518 5480 ,
3545 5417 3574 5470 ὃ
3601 5413 3668 5488 ἦν

2091 5503 2230 5556 κατὰ
2255 5504 2346 5555 τὸν
2377 5504 2551 5572 κῆπον
2582 5502 2674 5555 τοῦ
2715 5504 2994 5572 βασιλέως.
3034 5525 3050 5556 ι
3084 5504 3214 5561 Εἶτα
3237 5509 3299 5578 δὴ
3330 5509 3494 5579 μέσον
3523 5528 3663 5580 παρ-

2281 5686 2320 5717 '”
2359 5685 2420 5738 Π
2459 5688 2584 5755 ίίειίς.
2633 5703 2754 5751 xxv,
2783 5690 2833 5741 9.
2914 5687 3183 5741 “Jovem.
3219 5701 3312 5748 LII,
3350 5682 3459 5741 5-7.
