3936 6318
280 295 373 355 tif)

1134 288 1688 350 COMMENTARIUS
1729 290 1794 346 IN
1839 289 2242 346 ZACllARlAM
2281 276 2726 347 PROPilETAM.

3444 296 3543 355 150

271 410 439 474 εθθεὶς
480 410 593 464 τῶν
632 410 884 465 Σεδεκίαν
922 409 1129 463 παίδων
1178 409 1278 481 τὴν
1319 410 1559 480 σφαγὴν,
1610 407 1775 462 αὐτοῦ
1806 407 1859 462 δὲ

1967 408 2184 464 domum
2234 410 2399 480 regis,
2432 419 2487 463 et
2517 424 2703 465 omnes
2754 409 2940 465 domos
2994 409 3174 476 urbis,
3224 418 3278 468 et
3327 427 3540 468 omnem

269 503 359 573 τὴν
408 501 729 570 τύφλωσιν,
764 499 867 570 ἔφη
904 499 1085 555 πάλιν·
1126 521 1143 552 ι
1186 501 1274 555 Ἐν
1311 494 1441 572 μηνὶ
1480 501 1557 571 τῷ
1591 484 1847 571 πέμπτῴ,

266 592 463 663 δεκάτῃ
485 590 583 644 τοῦ
611 590 779 663 μηνὸς
793 585 923 661 ἦλθε
944 590 1335 661 Ναϐουζάρδαν
1381 592 1409 644 ό
1432 594 1560 662 ἀρχι
1570 591 1852 660 μάγειρος,

267 683 291 736 6
317 682 570 751 ἑστηκὼς
599 681 742 735 κατὰ
776 679 1067 752 πρόσωπον
1102 679 1196 733 τοῦ
1239 679 1506 750 βασιλέως
1536 679 1852 742 Βαῦυλῶνος

265 775 342 837 είς
378 773 765 845 Ἰερουσαλὴμ,
805 772 897 826 καὶ
926 774 1199 842 ἐνέπρησε
1226 773 1316 827 τὸν
1342 769 1488 826 οἷκον
1515 771 1853 842 Κυρίου,καὶ

271 865 351 918 τὸν
376 860 527 918 οἷκον
558 864 826 935 βασιλέως
848 906 864 931 ,
921 864 1016 917 καὶ
1050 866 1229 928 πάσας
1257 864 1357 927 τὰς
1389 863 1566 927 οἰκίας
1611 863 1710 933 τῆς
1757 862 1853 915 πό-

265 960 420 1023 λεως,
455 960 554 1012 καὶ
590 960 772 1011 πᾶσαν
800 956 977 1010 οἰκίαν
1009 955 1258 1026 μεγάλην
1289 956 1596 1025 ἐνέπρησεν
1617 956 1672 1007 ὲν
1695 953 1849 1025 πυρὶ,

265 1051 356 1104 καὶ
382 1052 495 1103 πᾶν
522 1052 704 1120 τεῖχος
739 1047 1099 1120 Ἰερουσαλὴμ
1129 1046 1317 1115 κύκλῳ
1346 1045 1595 1100 καθεῖλεν
1628 1046 1661 1116 ὴ
1691 1044 1853 1098 δύνα-

267 1161 359 1213 μις
418 1142 532 1197 τῶν
585 1141 866 1196 Χαλδαίων
918 1143 951 1212 ἡ
1010 1138 1148 1210 μετά
1216 1139 1310 1192 τοῦ
1370 1138 1790 1210 ἀρχιμαγείρου.
1827 1156 1845 1189 ι

276 1235 525 1299 Ἀκούεις
556 1236 704 1299 ὅπως
739 1235 797 1287 ὲν
826 1233 905 1304 τῷ
948 1232 1159 1302 δεκάτῳ
1205 1231 1314 1284 ἔτει
1354 1231 1787 1301 πεπολιόρκηκεν
1824 1231 1852 1282 6

262 1327 757 1397 Ναϐουχοδονόσωρ
790 1325 888 1395 τὴν
932 1324 1309 1396 Ἰερουσαλὴμ,
1343 1318 1465 1378 εἶτα
1495 1322 1573 1393 τῷ
1603 1322 1848 1393 τετάρτῳ

264 1399 395 1488 μηνὶ
422 1416 516 1470 τοῦ
547 1416 775 1470 δεκάτου
816 1416 968 1478 ἔτους
989 1414 1346 1482 διακεκόψθαι
1379 1414 1514 1485 φησὶ
1548 1412 1645 1483 τὴν
1670 1412 1842 1466 πόλιν·

259 1512 316 1562 ὲν
379 1509 439 1562 δὲ
488 1507 567 1580 τῷ
620 1507 859 1579 πέμπτῳ
906 1506 1037 1579 μηνὶ
1104 1505 1199 1560 καὶ
1247 1506 1408 1559 αὐτδν
1455 1502 1846 1574 ἐμπεπρῆσθαι

257 1601 346 1653 τὸν
397 1600 529 1653 ναὸν
580 1599 674 1653 καὶ
727 1599 944 1653 ἃπασαν
988 1598 1044 1651 δὲ
1094 1596 1192 1668 τὴν
1231 1596 1389 1650 πόλιν
1455 1592 1845 1665 διισχυρίζεται

262 1691 410 1763 παρά
464 1691 561 1744 τοῦ
607 1689 1032 1762 ἀρχιμαγείρου.
1082 1688 1435 1760 Ἀποφράδας
1480 1688 1544 1756 δὴ
1596 1682 1689 1740 οὖν
1746 1687 1845 1757 τὴν

1957 501 2178 556 domum
2206 516 2455 571 magnam
2483 501 2934 572 conibussitigni,
2983 513 3277 581 etiomnem
3329 520 3541 560 murutn

1956 588 2256 646 Jerusalem
2289 590 2343 646 in
2371 591 2599 646 circuitu
2629 594 2823 647 evertit
2846 593 3120 648 exercitus
3143 595 3540 661 Chaldaeorum,

1956 684 2048 754 qui
2073 693 2326 739 eratcum
2352 685 2595 755 principe
2620 700 2916 756 coquorum
2940 686 3006 742 ⁸¹.
3056 707 3075 740 ι
3116 689 3285 744 Audis
3322 704 3429 760 quo
3453 705 3544 758 pa-

1955 785 2043 830 cto
2075 793 2093 826 ι
2128 790 2312 830 mense
2340 776 2547 830 decimo
2577 778 2702 829 anni
2732 777 2856 831 noni
2892 796 2911 829 ›
2966 793 3108 833 anno
3168 779 3377 835 decimo
3432 777 3542 833 Na-

1955 865 2375 922 buchodonosor
2445 865 2874 938 Hierosolymam
2948 868 3257 937 obsederit;
3344 858 3543 925 deinde

1956 967 2154 1027 quarto
2186 973 2374 1013 mense
2405 958 2533 1013 anni
2566 957 2836 1015 undecimi
2868 958 3140 1030 diruptam
3177 976 3298 1016 esse
3347 961 3541 1017 civitas

1958 1059 2083 1103 tem.
2111 1049 2168 1104 in
2201 1064 2385 1105 mense
2411 1058 2589 1104 autem
2631 1050 2822 1120 quinto
2848 1051 3011 1105 etiam
3063 1053 3239 1121 ipsum
3278 1053 3539 1123 templum

1954 1149 2008 1195 et
2039 1149 2203 1194 tOtam
2234 1140 2469 1194 urbema
2510 1142 2755 1210 principe
2786 1156 3086 1210 coquorum
3145 1140 3537 1198 inﬂammatam

1956 1240 2163 1284 narrat.
2198 1231 2359 1285 Atros
2390 1230 2576 1299 igitur,
2609 1246 2703 1286 seu
2731 1230 2967 1286 nefastos
2986 1240 3265 1301 quartum,
3300 1241 3354 1287 et
3381 1232 3542 1301 quin-

1958 1329 2091 1385 tum,
2125 1330 2180 1376 et
2214 1321 2480 1375 decimum
2514 1324 2629 1378 dies
2665 1333 2885 1393 propter
2940 1337 3132 1378 causas
3159 1338 3187 1377 a
3235 1338 3321 1379 me
3366 1324 3540 1378 dictas

1956 1413 2334 1466 numerabant.
2373 1416 2503 1478 Qum
2528 1424 2705 1469 autem
2742 1415 2970 1485 septima
3028 1415 3210 1481 fuerit,
3275 1425 3540 1486 prseterea

1955 1501 2237 1555 dicendum
2271 1512 2372 1557 est.
2408 1502 2697 1572 Postquam
2727 1505 2869 1559 enim
2934 1506 3186 1576 princeps
3240 1521 3538 1577 coquornm

1950 1587 2248 1646 Jerusalem
2271 1595 2485 1658 evertit,
2527 1594 2810 1649 Godoliam
2839 1595 3139 1664 principem
3187 1594 3408 1661 Judaeis,
3442 1597 3537 1667 qui

1953 1681 2339 1754 Hierosolymis
2364 1695 2761 1750 remanserant,
2798 1688 3004 1741 creavit
3036 1703 3048 1739 :
3101 1703 3209 1758 quo
3260 1688 3402 1743 facto
3436 1688 3538 1743 Ba-

260 1784 551 1853 τετάρτην,
580 1784 678 1836 καὶ
701 1781 800 1852 τὴν
830 1782 1110 1852 πέμπτην,
1132 1780 1226 1833 καὶ
1251 1781 1349 1848 τὴν
1369 1779 1602 1848 δεκάτην
1627 1777 1843 1848 ἡμέραν

1950 1770 2196 1839 byloncm
2227 1774 2497 1841 repetivit.
2524 1773 2677 1839 Quod
2699 1776 2787 1830 ubi
2816 1788 3184 1846 cognoverunt
3213 1781 3535 1848 superstites

263 1874 576 1938 ἐποιοῦντο,
603 1872 670 1927 δι’
702 1873 769 1936 ἃς
802 1868 956 1926 εἷπον
995 1872 1197 1934 αἰτίας.
1228 1871 1323 1936 Τίς
1350 1870 1404 1923 δὲ
1433 1871 1524 1923 καί⁵
1550 1872 1581 1940 ἡ
1619 1869 1843 1939 ἑϐδόμη,

258 1966 419 2019 πάλιν
468 1967 648 2018 εἰπεῖν
683 1965 1004 2030 ἀναγκαῖον.
1047 1960 1268 2031 Ἐπειδὴ
1317 1959 1422 2031 γὰρ
1454 1954 1564 2012 εἷλε
1597 1958 1695 2030 τὴν
1754 1959 1846 2011 Ὶε-

258 2057 540 2129 ρουσαλὴμ
576 2058 602 2111 6
630 2055 1050 2127 ἀρχιμάγειρος,
1100 2054 1520 2125 κεχειροτόνηκε
1564 2050 1654 2105 τὸν
1691 2051 1847 2103 Γοδο-

256 2152 373 2205 λίαν
418 2153 502 2213 εἰς
549 2147 870 2219 καθηγητὴν
898 2148 1012 2211 τοῖς
1041 2145 1393 2207 καταλοίποις
1422 2144 1530 2195 τῶν
1575 2140 1845 2199 Ἰουδαίων

256 2246 310 2295 ὲν
342 2244 458 2305 τοῖς
498 2238 923 2309 Ἰεροσολύμοις·
958 2233 1078 2289 εἶτα
1109 2235 1271 2289 τοῦτο
1303 2231 1579 2305 δεδρακὼς
1604 2232 1844 2304 ἀπῆλθεν

257 2335 330 2397 εἰς
372 2330 696 2385 Βαϐυλῶνα.
753 2328 974 2400 Ἐπειδὴ
1020 2327 1075 2381 δὲ
1130 2326 1290 2380 τοῦτο
1340 2318 1503 2378 οὕτω
1531 2325 1845 2396 πεπρᾶχθαι

261 2421 648 2493 μεμαθήκασιν
690 2423 739 2474 οἱ
792 2419 1192 2490 περισωθέντες
1242 2415 1300 2481 ἐξ
1366 2415 1666 2481 Ἰουδαίων,
1717 2433 1845 2467 συν-

258 2513 485 2585 έδραμον
522 2515 582 2566 ὲν
618 2515 733 2575 τοῖς
774 2508 1195 2582 Ἰεροσολύμοις,
1227 2507 1322 2562 καὶ
1370 2503 1511 2578 ἦσαν
1558 2509 1615 2559 ἐν
1658 2506 1841 2558 ἐλπίσι

256 2604 345 2660 τοῦ
390 2607 671 2659 κατοικεῖν
725 2605 816 2657 ἐπὶ
851 2602 951 2675 τὴν
996 2601 1122 2672 γῆν.
1166 2600 1308 2654 Ἀλλ’
1358 2602 1415 2653 ἐν
1463 2597 1541 2669 τῷ
1587 2598 1716 2668 μην)⁸
1764 2597 1842 2667 τῷ

255 2699 484 2770 ἑϐδόμῳ,
539 2697 689 2751 καθὰ
729 2697 1065 2767 γέγραπται,
1113 2693 1204 2747 τὸν
1257 2692 1507 2744 Γοδολίαν
1554 2688 1764 2742 ἀνεῖλεν
1815 2693 1844 2743 ό

266 2792 526 2863 Ἰσμαήλ·
584 2791 682 2845 καὶ
725 2789 997 2861 διεσπάρη
1033 2788 1142 2850 πᾶς
1176 2786 1205 2838 6
1235 2785 1362 2847 λαὸς
1414 2783 1569 2844 τότε,
1606 2782 1701 2836 καὶ
1739 2783 1844 2834 ἀπ-

256 2884 485 2955 έδραμον
528 2884 611 2946 είς
654 2882 755 2952 τὴν
805 2879 1142 2950 Αἰγυπτίων,
1191 2878 1288 2931 καὶ
1338 2875 1656 2930 διολώλασιν
1704 2876 1838 2927 ἐκεῖ.

258 2974 541 3045 Στυγητὴν
576 2967 671 3026 οῦν
706 2968 992 3024 ἐποιοῦντο
1044 2969 1139 3022 καὶ
1186 2968 1286 3038 τὴν
1329 2965 1565 3036 ἑϐδόμην
1605 2963 1840 3034 ἡμέραν,

1945 1859 2136 1926 Judaei,
2204 1862 2634 1934 Hierosolymam
2684 1882 2806 1922 cum
2843 1883 2938 1938 spe
2999 1869 3197 1924 ibidem
3255 1871 3539 1927 habitandi

1947 1953 2340 2010 conﬂuxerunt.
2381 1958 2487 2011 Sed
2533 1973 2718 2013 mense
2741 1961 2974 2028 septimo
3015 1960 3298 2018 Godoliam
3327 1964 3530 2019 occidit

1944 2043 2175 2109 lsmael;
2209 2055 2263 2101 et
2299 2047 2692 2117 dissipatusest
2736 2052 2913 2107 omnis
2969 2055 3199 2125 populus
3231 2064 3376 2121 tunc,
3402 2073 3533 2112 cou-

1946 2137 2190 2208 fugitque
2215 2138 2266 2192 in
2307 2136 2623 2209 Egyptum,
2663 2143 2750 2197 ubi
2782 2146 3033 2211 periit”.
3076 2146 3227 2203 llanc
3292 2150 3360 2204 ob
3414 2164 3534 2203 cau-

1945 2244 2059 2283 sam
2078 2238 2130 2283 et
2161 2232 2449 2299 septimum
2481 2234 2622 2288 diem
2660 2243 2715 2288 et
2746 2236 2922 2305 ipsum
2942 2254 3186 2295 mensem
3230 2242 3530 2298 abominati

1944 2331 2090 2376 sunt.
2120 2324 2295 2391 Atque
2332 2323 2445 2378 haec
2492 2333 2577 2379 est
2619 2323 2949 2395 jejuniorum
3005 2332 3241 2389 occasio.
3298 2333 3362 2387 Et
3399 2349 3535 2403 quos

1946 2413 2087 2466 niam
2116 2408 2457 2483 Consequens
2487 2423 2627 2482 erat,
2654 2421 2993 2475 cessantibus
3032 2423 3227 2494 plagis,
3267 2437 3322 2480 et
3349 2425 3528 2481 Israea

1942 2505 1991 2560 le
2026 2503 2457 2576 Hierosolymam
2488 2522 2728 2572 reverso,
2767 2517 2821 2563 et
2867 2512 3111 2567 tristibus
3144 2514 3311 2570 iinitis
3388 2516 3527 2572 ultra

1944 2613 2048 2651 non
2080 2598 2330 2668 jejunare
2382 2609 2436 2651 ct
2463 2599 2753 2670 plangere,
2782 2602 2983 2658 luctum
3017 2616 3226 2661 mutare
3266 2607 3448 2662 lmtitia
3478 2619 3533 2664 et

1941 2693 2173 2761 gaudere
2199 2691 2377 2760 potius
2396 2691 2549 2761 jubet
2577 2693 2645 2747 de
2676 2695 2835 2751 bonis
2887 2712 2912 2750 ιι
2968 2698 3078 2753 Deo
3105 2701 3365 2769 acceptis,
3415 2704 3531 2757 sive

1940 2782 2274 2849 meminisse,
2305 2783 2374 2837 ob
2407 2795 2527 2852 quae
2562 2783 2686 2837 olim
2714 2786 2884 2854 puniti
2914 2786 3134 2854 ruerint,
3168 2790 3292 2846 etim
3324 2792 3532 2848 liberri-

1943 2887 2029 2927 me
2043 2872 2340 2927 sceleribus
2369 2888 2431 2928 3e
2456 2876 2938 2946 commacularent,
2968 2889 3023 2934 et
3053 2882 3119 2935 ad
3137 2884 3352 2953 quidvis
3375 2884 3528 2937 ncia-

1943 2962 2083 3016 rium
2124 2961 2270 3017 nullo
2296 2962 2503 3031 pudore
2529 2976 2769 3020 ruerent.

252 3064 341 3117 καὶ
370 3063 538 3117 αὐτὸν
586 3062 642 3115 δὲ
686 3061 778 3113 τὸν
817 3059 984 3130 μῆνα,
1016 3059 1220 3124 ταύτης
1250 3056 1437 3109 ἕνεκεν
1478 3053 1829 3135 τῆς-αἰτίας.
1871 3052 2004 3104 Ἥδε
2036 3051 2135 3122 μὲν
2201 3047 2294 3106 οῦν
2361 3053 2472 3107 τῶν
2509 3056 2778 3125 νηστειῶν
2809 3058 2843 3128 ἡ
2876 3060 3172 3129 πρόφασις.
3215 3061 3433 3135 Ἐπειδὴ
3470 3062 3529 3116 δὲ

256 3154 540 3209 ἀκόλουθον
574 3150 664 3220 ἦν,
708 3152 1078 3222 πεπαυμένων
1113 3150 1220 3204 τῶν
1261 3149 1318 3216 ἐξ
1390 3151 1562 3220 ὀργῆς
1631 3147 1727 3200 καὶ
1791 3143 2249 3215 ἀνακομισθέντος
2320 3145 2416 3198 τοῦ
2455 3147 2672 3219 Ἰσραὴλ
2718 3152 2799 3213 είς
2834 3150 3220 3225 Ἰεροσόλυμα,
3273 3157 3368 3209 καὶ
3419 3132 3530 3209 τῶν

259 3245 595 3320 σκυθρωπῶν
631 3243 1121 3315 παρεληλακότων,
1181 3242 1254 3312 μὴ
1302 3241 1585 3313 νηστεύειν
1657 3238 1736 3291 ἔτι
1775 3239 1872 3292 καὶ
1932 3236 2249 3303 κόπτεσθαι,
2307 3240 2784 3309 μεταπλάττεσθαι
2836 3244 3049 3300 κελεύει
3089 3248 3151 3301 τὸ
3199 3248 3396 3305 πένθος
3444 3250 3527 3310 είς

257 3338 539 3411 εὐθυμίαν,
567 3336 794 3410 ἥδεσθαί
818 3352 877 3388 τε
911 3335 1112 3407 μᾶλλον
1138 3335 1221 3402 ἐφ’
1249 3328 1328 3397 οἷς
1367 3332 1552 3401 ἔχουσι
1585 3331 1841 3395 λαϐόντες
1879 3328 2031 3403 παρά
2065 3328 2225 3392 Θεοῦ,
2294 3330 2461 3401 ῆγουν
2502 3332 2593 3386 διὰ
2636 3336 2858 3407 μνήμης
2896 3337 3039 3408 ἔχειν
3075 3339 3144 3392 τά
3176 3341 3261 3408 ἐφ’
3296 3333 3378 3403 οἷς
3436 3356 3525 3391 τε·

255 3431 591 3502 τιμώρηνται
640 3430 782 3484 κατὰ
837 3428 1084 3500 καιροὺς,
1135 3424 1582 3497 πλημμελοῦντες
1658 3422 2007 3492 ἀφυλάκτως,
2058 3421 2156 3475 καὶ
2211 3421 2350 3493 πρὸς
2409 3424 2518 3476 πᾶν
2587 3426 2766 3480 ὁτιοῦν
2839 3428 2948 3482 τῶν
2994 3430 3243 3485 ἐκτόπων
3280 3431 3524 3503 ¹όιναίδην

255 3520 617 3587 ὼλισθηκότες
2854 3510 2859 3513 ’

318 3615 558 3686 Δέδρακε
586 3613 746 3667 τοῦτο
781 3612 875 3666 καὶ
907 3590 987 3676 εἰς
1027 3612 1175 3682 ἡμᾶς
1203 3612 1230 3664 6
1264 3608 1521 3681 Χριστός.
1559 3605 1831 3678 Ἐστρεψε

2008 3597 2161 3654 Fecit
2202 3599 2315 3655 'hoc
2347 3602 2511 3655 etiam
2551 3602 2705 3657 nobis
2751 3602 3024 3661 Christus.
3063 3607 3341 3667 Convertit
3371 3616 3515 3670 enim

256 3703 357 3775 γάρ
407 3723 426 3756 ι
461 3704 599 3775 ἡμῖν
638 3702 733 3755 τὸν
771 3700 1003 3755 κοπετὸν
1052 3701 1133 3764 εἰς
1178 3698 1380 3771 χαρὰν,
1434 3695 1688 3770 διέρρηξε
1745 3693 1836 3748 τὸν

258 3794 452 3847 σάκκον
485 3794 580 3847 καί
613 3791 949 3865 περιέζωσεν
979 3790 1341 3862 εὐφροσύνην,
1387 3808 1405 3842 ι
1440 3788 1581 3842 κατὰ
1608 3789 1707 3860 τὴν
1741 3786 1836 3840 τοῦ

255 3886 558 3948 Ψάλλοντος
609 3886 813 3955 φωνήν.
861 3881 1270 3953 Ἐπαιτιὼμεθα
1316 3880 1372 3934 δὲ
1427 3878 1713 3951 οὐδαμῶς,
1753 3879 1835 3932 ὅτι

257 3978 381 4031 Θεὸν
418 3978 522 4030 οὐκ
545 3975 748 4039 εἰδότες
776 3974 940 4041 ποτὲ,
969 3975 1064 4028 καὶ⁹
1098 3971 1532 4045 προσκυνοῦντες
1559 3974 1626 4043 τῇ
1659 3971 1834 4025 κτίσει

257 4069 400 4141 παρά
424 4069 519 4122 τὸν
551 4067 838 4134 κτίσαντα,
868 4064 1238 4136 πεπτώκαμεν
1269 4063 1374 4117 ὑπὸ
1408 4063 1574 4126 πόδας
1600 4061 1832 4135 ἐχθρῶν,

259 4163 344 4218 καὶ
374 4163 453 4225 είς
489 4160 617 4216 νοῦν
647 4159 910 4230 ἀδόκιμον
941 4155 1216 4229 παρεδόθη
1228 4172 1325 4226 μεν
1350 4172 1363 4186 ⁸
1401 4154 1834 4227 εὐχαριστοῦμεν

255 4252 307 4308 δὲ
355 4252 559 4324 μᾶλλον
600 4251 685 4320 ἐφ’
711 4246 792 4315 οἷς
823 4249 1126 4321 ἡλεήμεθα,
1165 4247 1261 4301 καὶ
1304 4247 1646 4317 σεσώσμεθα,
1683 4264 1700 4297 ι
1740 4247 1834 4298 καὶ

257 4348 316 4400 ὲκ
358 4346 546 4418 χειρὸς
588 4343 801 4416 ἐχθρῶν
850 4340 1260 4414 λελυτρώμεθα,
1307 4359 1325 4392 ι
1382 4340 1477 4392 καὶ
1526 4338 1624 4409 τὴν
1672 4338 1832 4406 ἁγίαν

255 4436 505 4508 οἰκοῦμεν
532 4436 709 4499 πόλιν,
738 4433 987 4488 τουτέστι
1016 4432 1115 4504 τὴν
1173 4430 1521 4501 Ἐκκλησίαν,
1553 4428 1833 4499 ὴξιώμεθά

254 4543 308 4580 τε
354 4526 540 4581 λοιπὸν
592 4527 779 4595 εὐχαῖς
837 4523 930 4576 καὶ
990 4521 1205 4582 θυσίαις
1264 4523 1383 4584 ταῖς
1433 4523 1832 4590 πνευματικαῖς

257 4618 673 4690 κατα-γεραίρειν
712 4615 896 4679 αὑτὸν,
925 4612 1227 4684 ἀγαπῶμεν
1257 4612 1313 4665 δὲ
1346 4612 1441 4664 καὶ
1472 4611 1546 4675 ὡς
1584 4612 1828 4683 εἰρήνην,

256 4713 343 4764 καὶ
372 4709 659 4782 ἀλήθειαν,
691 4710 785 4761 καὶ
811 4706 1077 4779 θυμηδίας
1122 4705 1222 4775 τῆς
1268 4704 1529 4758 ἀνωτάτω
1562 4704 1832 4775 πρόφασιν

257 4803 310 4855 τὺ
353 4803 551 4874 χρῆμα
594 4797 1051 4867 καταλογίζεσθαι
1087 4800 1239 4867 παρὰ
1290 4796 1388 4867 τῆς
1420 4794 1570 4858 θείας
1599 4794 1833 4864 δεδιδάγ-

261 4894 392 4965 μεθα
420 4892 666 4967 Γραφῆς.
706 4910 725 4943 ι
760 4889 929 4952 Αὐτὸς
954 4889 1063 4960 γάρ
1092 4890 1236 4941 εστιν
1281 4887 1314 4956 ή
1364 4887 1552 4959 εἰρήνη
1581 4884 1739 4956 ἡμῶν
1758 4901 1773 4917 ο
1805 4904 1824 4936 ι

1946 3711 1966 3744 ‹
1999 3692 2271 3760 planctum
2296 3702 2545 3748 nostrum
2579 3694 2630 3747 in
2686 3698 2964 3764 gaudium,
2999 3702 3261 3755 conscidit
3302 3719 3517 3760 saccum

1947 3794 2213 3849 nostrum,
2247 3790 2304 3835 et
2353 3783 2713 3838 circumdedit
2781 3800 2879 3840 nos
2935 3785 3140 3856 laetitia,
3172 3809 3191 3842 ι
3232 3791 3521 3851 utPsaltes

1937 3873 2087 3928 canit
2114 3872 2182 3927 ⁸³.
2218 3870 2329 3927 Nec
2359 3873 2744 3943 conquerimur
2767 3874 2873 3929 ulla
2905 3890 2968 3932 ex
3004 3886 3181 3948 parte,
3221 3884 3363 3952 quod
3391 3900 3518 3940 cum

1937 3963 2225 4033 aliquando
2260 3963 2426 4017 Deum
2475 3964 2824 4033 ignorantes,
2873 3976 2928 4021 et
2989 3980 3293 4025 creaturam
3339 3973 3520 4043 potius

1936 4070 2095 4124 quam
2127 4055 2438 4110 Creatorem
2462 4055 2755 4110 adorantes
2803 4056 2904 4111 sub
2954 4060 3118 4127 pedes
3150 4060 3381 4118 hostium
3428 4082 3519 4120 no-

1936 4157 2170 4201 strorum
2193 4145 2420 4211 redacti,
2462 4154 2517 4200 et
2551 4145 2602 4199 in
2627 4160 2844 4200 sensum
2870 4149 3156 4215 reprobum
3193 4154 3372 4208 traditi
3426 4170 3517 4209 su-

1936 4236 2114 4293 mus“
2141 4254 2155 4291 :
2186 4237 2313 4307 quin
2333 4237 2535 4305 gratias
2564 4238 2797 4306 agimus,
2816 4237 2979 4308 727
3003 4240 3146 4309 quod
3205 4243 3514 4301 Misericor-

1934 4329 2077 4385 diam
2134 4338 2187 4383 et
2234 4328 2459 4384 salutem
2497 4330 2795 4393 consecuti,
2834 4347 2853 4381 ι
2892 4331 3040 4384 etde
3080 4347 3236 4387 manu
3274 4334 3521 4392 inimico-

1934 4440 2051 4478 rum
2082 4423 2293 4479 liberati
2324 4422 2372 4454 ⁵⁵
2401 4441 2420 4472 ›
2452 4431 2691 4476 sanctam
2721 4422 3013 4486 civitatem,
3051 4423 3151 4477 hoc
3199 4435 3283 4480 est
3329 4427 3516 4483 Eccle—

1935 4516 2071 4570 siam
2105 4514 2414 4577 incolimus,
2451 4523 2504 4567 et
2533 4513 2676 4585 digni
2712 4529 2899 4569 sumus
2917 4514 3083 4568 habiti
3128 4517 3216 4584 qui
3262 4517 3514 4589 deinceps

1936 4607 2071 4659 votis
2099 4615 2152 4659 et
2190 4604 2472 4660 sacrificiis
2496 4605 2865 4674 spiritualibus
2917 4606 3091 4673 ipsum
3160 4620 3510 4675 veneremur;

1933 4707 1986 4751 et
2015 4697 2234 4750 charum
2265 4694 2547 4760 habemus,
2580 4707 2633 4750 et
2664 4708 2784 4750 eam
2818 4710 2931 4749 rem
2968 4710 3180 4764 pacem,
3222 4709 3274 4750 et
3310 4700 3513 4753 verita-

1936 4800 2067 4855 tem,
2094 4799 2147 4845 et
2171 4805 2395 4844 summa:
2417 4791 2773 4861 jucunditatis
2798 4791 3133 4846 occasionem
3192 4796 3440 4861 reputare
3481 4808 3512 4846 a

1914 4868 2115 4937 ‘divina
2153 4880 2432 4950 Scriptura
2460 4880 2606 4935 docti
2641 4896 2845 4936 sumus.
2880 4900 2897 4932 ι
2938 4880 3059 4950 Ipse
3104 4881 3245 4936 enim
3299 4888 3380 4934 est
3408 4897 3510 4952 pax

259 4956 431 5052 αὐτὸς,
460 4956 730 5056 ῶςνέιρην,
763 4985 797 5055 ἡ
828 4956 1085 5055 ἀλήθειαο
1128 4981 1195 5034 δι’
1236 4956 1601 5049 αύτόννὲσμεν
1638 4980 1694 5031 ὲν
1741 4977 1829 5031 ὲλ-

1944 4985 2118 5029 nostra
2157 4973 2201 5005 ⁸⁸
2237 4990 2250 5027 :
2303 4993 2322 5025 ›
2376 4974 2514 5044 ipse,
2547 4983 2603 5029 nt
2634 4974 2767 5038 dixi,
2800 4974 3000 5029 veritas
3022 4974 3069 5005 ⁸⁷
3101 4991 3115 5027 :
3164 4982 3383 5042 praptcr
3430 4974 3509 5043 ip-

259 5081 398 5134 πίσιν
436 5078 702 5147 ἀγαθαῖς,
755 5076 851 5129 καὶ
905 5077 962 5129 ὲν
1009 5073 1089 5145 τῷ
1144 5069 1639 5142 κατευφραίνεσθαι
1692 5069 1826 5136 δεῖν,

259 5171 554 5241 κατηφείας
580 5169 802 5239 ἁπάσης
836 5165 1179 5238 ἐξῃρημένης

326 5261 468 5316 Τάδε
492 5259 658 5330 λέγει
685 5256 904 5326 Κύριος
947 5253 1367 5323 παντοκράτωρ
1388 5271 1401 5283 ·
1435 5253 1557 5306 Ἔτι
1608 5250 1830 5319 ἥξουσι

257 5353 382 5407 λαοὶ
431 5351 676 5413 πολλοὶ,
708 5349 809 5403 καὶ
844 5344 1264 5411 κατοικοῦντες
1317 5345 1526 5409 πόλεις
1572 5341 1828 5407 πολλὰς,

258 5441 346 5494 καί
400 5441 882 5498 συνελεύσονται
931 5434 1352 5501 κατοικοῦντες
1399 5434 1579 5487 πέντε
1619 5433 1827 5498 πόλεις

1928 5080 2048 5121 sum
2083 5064 2220 5120 bene
2250 5079 2551 5134 speramus,
2577 5074 2632 5120 ct
2651 5065 2799 5121 omni
2832 5064 3200 5121 mmstitudine
3230 5063 3509 5136 proﬂigata

1932 5156 2348 5226 triumphamus.

2001 5246 2168 5305 Vens.
2191 5247 2384 5303 90-22.
2417 5247 2547 5303 Haec
2570 5249 2700 5303 dicit
2730 5248 2983 5302 Dominus
3005 5249 3366 5318 omnipotens:
3400 5248 3512 5302 Ad-

1927 5340 2028 5394 huc
2051 5341 2249 5394 venient
2286 5341 2464 5409 populi
2485 5341 2659 5406 multi,
2697 5349 2744 5393 et
2773 5340 3066 5394 habitantes
3115 5341 3350 5395 civitates
3374 5341 3512 5395 mul-

1887 5426 1891 5430 ”
1935 5444 2036 5499 tas,
2066 5443 2113 5486 et
2154 5433 2613 5502 congregabantur
2667 5430 2960 5486 habitantes
3009 5432 3234 5503 quinque
3278 5434 3510 5486 civitates

320 5644 361 5674 "
387 5643 585 5698 Jerem.
622 5637 930 5707 “1,1246.
1007 5634 1053 5668 ⁵¹
1096 5633 1299 5707 Jerem.
1362 5650 1449 5707 ιιι11
1477 5634 1630 5697 8-17ς
1664 5632 1832 5707 Lt,_i,

1944 5645 2032 5707 εις·
2067 5645 2081 5693 ἶ
2113 5627 2177 5680 Ν
2212 5626 2346 5707 R93;
2372 5644 2496 5695 XXV.
2532 5627 2605 5683 25
2641 5643 2795 5699 scqq.
2873 5628 2919 5660 ³³
2947 5627 3093 5686 Psal.
3122 5643 3276 5690 xxix,
3299 5626 3386 5681 12.
3456 5616 3503 5648 ⁸⁸

261 5713 406 5768 item.
451 5731 488 5782 ι,
523 5714 598 5767 25
624 5699 783 5780 seqq.
859 5707 905 5740 ⁵⁸
928 5706 1061 5764 Luc.
1101 5722 1137 5773 ι,
1164 5705 1253 5761 74.
1333 5705 1379 5736 ⁴⁶
1411 5704 1608 5775 Eplies.
1643 5721 1699 5769 ιι,
1743 5704 1830 5761 14.

1944 5699 2134 5754 'Joan.
2170 5715 2280 5764 xiv,
2314 5700 2370 5757 6.
