3936 6318
210 311 309 368 £33

1066 302 1622 362 COMMENTARIUS
1661 303 1727 358 IN
1767 300 2173 358 ZACHARIAM
2215 299 2668 360 ΡΠΟΡΠΕΤΑΜ.

3374 303 3476 356 13⁸

198 422 425 485 λουθεῖν,
459 418 887 491 ἐπιδραξάμενοι
929 415 1023 469 τοῦ
1055 416 1386 486 κρασπέδου,
1421 410 1530 468 οἷον
1566 416 1793 468 ἐπικουοο

1901 422 1978 468 tra
2005 427 2247 467 errorem
2284 413 2692 482 periculumque
2727 411 3066 483 gradiuntur.
3117 410 3318 468 Eodem
3368 430 3483 472 mo-

205 512 458 586 ρούμενοι
482 513 606 575 ταῖς
633 512 816 578 ἁφαῖς,
847 509 941 563 καὶ
968 507 1076 561 τῶν
1105 508 1429 578 ἐσθημάτων
1462 501 1792 578 ἀπαρτώμε-

199 615 277 656 νοι
333 602 554 672 ἀπλανῆ
613 618 672 654 τε
722 600 814 652 καὶ
859 597 1077 669 ἀσφαλῆ
1121 599 1526 670 ποιοῦνταιτὴν
1559 597 1787 667 βάδισιν.

201 693 351 748 Κατά
382 694 475 746 τὸν
507 695 642 758 ἴσον,
672 687 848 762 οἶμαι,
882 691 1084 761 τρόπον
1116 691 1210 743 καὶ
1237 692 1376 761 οἱτῇ
1413 691 1586 743 κτίσει
1633 688 1789 740 λελα-

197 785 490 857 τρευκότες
522 787 674 854 παρά
717 783 806 836 τὸν
830 780 940 835 τῶν
987 782 1126 835 ὅλων
1153 782 1515 853 Δημιουργὸν,
1551 779 1789 850 πατέρας

201 877 454 946 γνησίους
493 875 924 946 ἐπιγραφόμενοι
963 875 1089 937 τοὺς
1123 875 1230 926 τῶν
1254 872 1624 940 εὐαγγελικῶν
1668 872 1790 938 δογ·

199 970 386 1039 μάτων
423 966 745 1037 εἰσηγητὰς,
785 965 878 1018 καὶ
923 965 1318 1034 συναπτόμενοι
1353 965 1418 1016 δι’
1459 961 1784 1032 ὀμοψυχίας,

195 1059 422 1112 ἓπονταί
455 1075 516 1110 τε
544 1059 748 1120 αὐτοῖς,
786 1055 1144 1127 νηπιάζοντες
1185 1054 1263 1107 ἔτι
1296 1056 1394 1117 τὰς
1425 1053 1666 1123 γνώμας,
1698 1053 1789 1106 καὶ

197 1154 274 1213 εἰς
320 1152 425 1220 τὴν
474 1148 666 1219 ὁμοίαν
717 1150 888 1201 ίενται
919 1147 1126 1219 τρίεον,
1157 1146 1390 1216 ζηλωταί
1427 1163 1526 1199 που
1576 1144 1789 1206 πάντως

195 1238 647 1308 ἀναδεικνύμενοι
696 1239 794 1307 τῆς
848 1234 1028 1292 αὐτῶν
1077 1237 1370 1300 πολιτείας,
1402 1235 1494 1288 καί
1545 1238 1664 1299 ταῖς
1704 1234 1790 1287 ἀεὶ

195 1333 330 1401 πρὸς
364 1332 428 1384 τὸ
457 1333 679 1402 ἄμεινον
712 1330 1018 1382 ἐπιδόσεσιν
1067 1348 1085 1380 ι
1115 1331 1194 1391 είς
1223 1328 1390 1397 ἄνδρα
1421 1326 1626 1380 τέλειον
1659 1327 1790 1378 ἀνα‹

193 1420 496 1483 ϐαίνοντες,
534 1421 628 1474 καὶ
675 1421 753 1483 εἰς
796 1419 992 1490 μέτρον
1022 1419 1237 1488 ἡλικίας
1282 1417 1376 1471 τοῦ
1423 1416 1788 1488 πληρώματος

192 1514 283 1566 τοῦ
325 1512 593 1584 Χριστοῦ.
628 1532 646 1562 ι
679 1510 940 1565 Ἕπονται
987 1512 1044 1565 δέ
1091 1510 1180 1564 διὰ
1213 1511 1370 1564 ποίαν
1421 1509 1631 1570 αἰτίανς
1681 1507 1787 1560 Πε-

195 1604 649 1675 πληροφόρηνται
696 1604 826 1674 γὰρ,
870 1605 952 1657 ὅτι
1005 1607 1032 1658 ό
1069 1604 1198 1666 Θεὸς
1257 1604 1373 1672 μετ’
1411 1601 1591 1654 αὐτῶν
1648 1603 1786 1662 ἐστι,

193 1697 513 1760 τουτέστιν,
564 1698 593 1748 6
651 1695 1040 1765 Ἐμμανουήλ·
1089 1693 1454 1764 ἑρμηνεύεται
1487 1692 1631 1762 γὰρ,
1673 1711 1689 1743 ι
1730 1692 1788 1743 Ὀ

1893 505 1983 570 do,
2019 509 2232 574 Opinor,
2264 515 2318 560 et
2347 507 2436 574 qui
2477 508 2638 560 rebus
2671 507 2903 560 conditis
2944 507 3252 562 servierunt
3303 508 3482 578 potius

1893 613 2053 665 quam
2091 598 2466 652 universorum
2499 597 2800 664 Contlitori,
2846 611 2943 666 pro
2995 602 3266 666 germanis
3324 601 3495 668 patri-‘

1893 686 1992 741 bus
2022 698 2340 755 cooptautes
2384 689 2819 758 evangelicorum
2859 692 3164 757 dugmatum
3223 690 3483 759 explana-

1895 788 2058 842 tores,
2089 791 2137 833 et
2193 795 2286 848 per
2311 781 2655 834 concordiam
2697 779 2802 833 illis
2871 781 3130 850 colligati,
3178 792 3483 850 sequuntur

1892 885 2006 931 eos,
2036 867 2271 923 infantes
2297 870 2724 940 adbucjudiciis,
2755 886 2808 928 et
2835 872 2995 925 simili
3059 873 3142 926 via
3197 872 3479 934 incedunt,

1892 976 2076 1014 eorum
2108 963 2227 1015 vitae
2254 961 2554 1016 imitatores
2609 961 2930 1028 manifesti,
2982 972 3035 1015 et
3096 962 3368 1031 perpetuis
3411 961 3481 1016 ad

1892 1050 2114 1105 tneliora
2166 1054 2516 1107 incrementis
2557 1071 2576 1104 ι
2638 1055 2689 1106 in
2742 1054 2919 1106 virum
2969 1056 3286 1122 perfectum,
3335 1063 3388 1107 et
3425 1053 3479 1108 in

1892 1158 2199 1196 mensuram
2227 1145 2402 1198 artatis
2427 1143 2778 1213 plenitudinis
2800 1145 2996 1198 Christi
3019 1145 3062 1176 “
3098 1164 3117 1196 ι
3155 1145 3477 1199 evadentes.

1891 1237 2250 1300 Quamobrem
2288 1248 2466 1290 autem
2499 1237 2843 1306 sequuntur?
2883 1237 3042 1292 Certo
3067 1238 3212 1292 enim
3249 1239 3482 1291 credunt

1892 1327 2083 1391 Deum,
2113 1330 2212 1381 hoc
2247 1340 2327 1381 est
2349 1328 2752 1384 Emmanuelem
2778 1347 2898 1384 cum
2930 1330 3034 1384 illis
3051 1345 3171 1385 esse
3203 1347 3215 1381 :
3243 1330 3482 1384 redditur

1891 1422 2033 1473 enim
2091 1437 2109 1469 ι
2141 1419 2428 1473 Nobiscum
2467 1421 2625 1474 Dens.
2671 1441 2689 1472 ι
2721 1420 3070 1476 Vocationem
3132 1436 3296 1490 porro
3324 1421 3471 1474 illam

1893 1525 1998 1564 non
2029 1520 2234 1562 tantum
2266 1511 2494 1564 ﬁliorum
2519 1511 2702 1575 Israel,
2732 1513 2825 1565 sed
2857 1514 3097 1566 onmium
3148 1527 3245 1580 per
3288 1513 3477 1566 orbem

1892 1600 2130 1669 gentium
2169 1602 2307 1663 fore,
2343 1604 2498 1657 docet
2534 1619 2652 1656 cum
2691 1606 2786 1670 ait,
2810 1619 2875 1658 ex
2915 1603 3170 1657 onmibus
3232 1602 3344 1656 fore
3375 1602 3480 1656 lino

1894 1693 2014 1760 guis
2043 1693 2132 1760 qui
2170 1694 2589 1761 appreltendent
2617 1695 2904 1747 ﬁmbriam.
2936 1695 3160 1760 Quando
3182 1705 3360 1747 autem
3389 1709 3481 1748 νο·-

193 1789 322 1851 856;
372 1789 496 1859 μεθ’
526 1787 702 1858 ἡμῶν.
743 1809 760 1840 ι
789 1790 910 1840 Ὅτι
955 1787 1010 1840 δὲ
1057 1787 1116 1839 ού
1180 1787 1356 1857 μόνων
1396 1785 1544 1837 ἔσται
1577 1784 1684 1836 τῶν
1734 1783 1792 1848 ἐξ

1901 1794 2026 1834 rane
2075 1792 2200 1836 sunt
2223 1795 2411 1847 gentes
2445 1785 2510 1837 ad
2535 1787 2862 1853 agnitionem
2885 1787 3150 1848 veritatis,
3181 1796 3231 1839 et
3263 1786 3481 1853 quando

194 1882 423 1949 αἵματος
455 1881 676 1950 Ἰσραὴλ
723 1881 756 1949 ἡ
806 1879 866 1932 τὸ
901 1879 1156 1950 τηνικάδε
1198 1878 1408 1946 κλῆσις,
1441 1877 1694 1929 ἁπάντων
1735 1875 1790 1927 δὲ

197 1973 399 2042 μᾶλλον
445 1972 558 2024 τῶν
612 1971 715 2024 ἀνά
747 1973 925 2024 πᾶσαν
961 1971 1059 2041 τὴν
1091 1971 1418 2038 οἰκουμένην
1453 1967 1642 2031 ἐθνῶν,
1676 1965 1793 2018 δια-

199 2063 523 2133 μεμήνυκεν
567 2060 756 2123 εἰπὼν,
791 2060 865 2122 ὡς
894 2062 958 2113 ἐκ
994 2060 1182 2112 πασῶν
1225 2058 1436 2110 ἔσονται
1471 2056 1579 2108 τῶν
1615 2055 1792 2123 γλωσ-

196 2150 302 2203 σῶν
339 2150 392 2202 οἱ
426 2149 880 2220 ἐπιδραττόμενοι
915 2148 1006 2202 τοῦ
1045 2149 1376 2219 κρασπέδου.
1417 2146 1554 2198 Πότε
1593 2145 1648 2197 δὲ
1699 2144 1792 2196 κέ-

196 2241 424 2311 κληνται
458 2243 526 2293 τὰ
557 2241 681 2311 ἔθνη
717 2243 852 2311 προς
893 2240 1188 2308 ἐπίγνωσιν
1221 2238 1499 2310 ἀληθείας,
1527 2237 1619 2290 καὶ
1659 2236 1788 2288 πότε

199 2331 562 2403 βεδούληνται
589 2331 890 2402 ἐκζητῆσαι
931 2331 990 2383 τὸ
1031 2331 1319 2402 πρόσωπον
1353 2329 1580 2398 Κυρίου,
1615 2328 1788 2394 ἐξιλά-

202 2424 396 2478 σασθαί
429 2442 491 2477 τε
523 2424 707 2490 αὑτὸν,
739 2425 832 2477 καὶ
871 2428 981 2488 τοῖς
1018 2425 1192 2492 ἁγίοις
1223 2422 1543 2484 ἀποστόλοις
1568 2421 1664 2492 τὴν
1695 2421 1790 2473 αύ-

201 2519 294 2589 τὴν
338 2519 535 2588 ὥσπερ
583 2519 910 2589 διαστείχειν
955 2517 1092 2583 ὁδὸν,
1121 2519 1169 2570 εί
1205 2517 1277 2588 μὴ
1307 2519 1392 2570 ὅτε
1421 2517 1612 2584 γέγονε
1661 2514 1793 2568 καθ’

1893 1873 2484 1943 volueruntexquirere
2516 1876 2707 1928 [aciem
2743 1877 2972 1942 Domini,
3025 1885 3079 1930 et
3139 1891 3261 1929 eum
3300 1876 3481 1945 propi-

1893 1965 2257 2028 tiare,etcuut
2289 1966 2490 2019 sanctis
2523 1967 2779 2035 apostolis
2802 1967 2957 2036 quasi
3019 1966 3210 2020 eadem
3241 1964 3324 2019 via
3395 1966 3481 2019 itt-

1890 2056 2248 2126 gredi,729
2287 2057 2390 2111 nisi
2446 2061 2662 2128 quando
2719 2072 2964 2113 nostram
3020 2070 3268 2112 naturam
3309 2057 3484 2113 induit

1893 2144 2253 2214 Uttigetttttts?
2279 2148 2370 2214 qui
2401 2159 2486 2204 est
2522 2168 2540 2200 ι
2574 2152 2912 2219 exspectatio
2966 2151 3205 2220 gentium
3223 2149 3302 2214 ⁶⁷;
3339 2167 3358 2198 ι
3391 2149 3480 2202 cui

1894 2251 2080 2293 cantat
2108 2241 2267 2292 etiam
2293 2242 2507 2296 divinus
2540 2242 2706 2296 David
2740 2261 2752 2297 :
2806 2263 2824 2294 ι
2860 2240 3061 2297 Onmes
3096 2251 3282 2312 gentes
3317 2257 3482 2310 quas-

1895 2345 2108 2400 Cunque
2134 2332 2330 2398 fecisti,
2358 2338 2579 2388 venient
2633 2346 2682 2390 et
2713 2337 3015 2390 adorabunt
3041 2351 3224 2390 coram
3271 2344 3341 2399 te,
3380 2334 3480 2388 Do-

1899 2424 2043 2476 mine
2067 2425 2132 2476 ⁸⁸.
2169 2443 2189 2476 ›
2217 2426 2320 2480 Per
2353 2427 2525 2496 ipsum
2556 2429 2699 2483 enim
2734 2439 2786 2482 et
2821 2428 2938 2498 ipsa
2967 2427 3205 2498 gentium
3234 2425 3481 2480 multitu-

1899 2515 1966 2568 do
1990 2518 2193 2569 salvata
2235 2527 2338 2573 est.

203 2613 347 2680 ἡμᾶς
383 2612 414 2663 6
468 2611 812 2681 Μονογενής;
844 2611 901 2673 ὃς
950 2611 1066 2661 ἐστι
1124 2627 1142 2660 ι
1170 2607 1466 2680 προσδοκία
1525 2607 1726 2660 ἐθνῶν·
1769 2625 1788 2658 ›
1832 2609 1967 2678 πρὸς
2006 2608 2063 2660 ὃν
2132 2608 2225 2660 καὶ⁵
2259 2610 2286 2660 6
2343 2607 2628 2673 θεσπέσιος
2673 2611 2976 2682 ἀναμέλπει
3009 2611 3202 2665 Δαὸίδ·
3245 2629 3262 2661 ι
3295 2610 3482 2663 Πάντα

204 2706 272 2759 τά
313 2707 444 2776 ἔθνη
487 2707 589 2758 ὅσα
635 2705 896 2774 ἐποίησας
943 2703 1134 2774 ἥξουσι
1181 2705 1273 2756 κα¹ι
1323 2701 1794 2773 προσκυνήσουσιν
1867 2701 2096 2756 ἐνώπιόν
2148 2719 2262 2769 σου,
2291 2703 2484 2775 Κύριε.
2515 2723 2533 2757 ι
2596 2705 2876 2760 Σέσωσται
2923 2707 3032 2778 γάρ
3075 2706 3141 2761 δι’
3178 2705 3343 2760 αὐτοῦ
3388 2705 3482 2758 καὶ

207 2798 340 2870 αὐτὴ
365 2799 479 2852 τῶν
505 2797 673 2852 ἐθνῶν
703 2799 735 2867 ἡ
762 2796 991 2870 πληθύς.

822 2933 1074 2987 ΚΕΦΑΛ.
1105 2931 1182 2985 8’.

276 3055 496 3126 Λῆμμα
521 3058 710 3128 λόγου
743 3059 963 3127 Κυρίου
989 3059 1058 3112 ἐν
1084 3056 1160 3128 γῇ
1199 3057 1426 3128 Ἄδρίιχ,
1462 3059 1561 3112 καί
1603 3061 1794 3129 Δαμα-

208 3151 362 3206 σκοῦ
396 3150 747 3216 ἀνάπαυσις
785 3152 992 3213 αὑτοῦ,
1029 3151 1177 3205 διότι
1222 3153 1438 3218 Κύριος
1474 3152 1660 3221 ἐφορᾷ
1689 3153 1796 3207 ἀν-

210 3241 506 3310 θρώπους,
566 3241 664 3293 καὶ
715 3240 916 3308 πάσας
966 3241 1166 3310 φυλὰς
1219 3242 1326 3296 τοῦ
1367 3244 1633 3312 Ἰσραήλ.
1687 3244 1797 3299 Καὶ

222 3335 397 3402 Ἐμὰο
421 3333 494 3385 ἐν
522 3331 648 3398 τοῖς
683 3333 866 3400 ὁρίοις
889 3335 1098 3402 αὐτῆς.

278 3427 406 3480 ΝΒ’.
452 3428 568 3479 Οὐκ
597 3427 802 3496 ἀτραχυ
840 3429 938 3496 μὲν
975 3429 1034 3480 τὸ
1062 3427 1442 3499 προκείμενον,
1479 3429 1799 3499 δυσέφικτος

212 3519 267 3574 δὲ
292 3517 493 3588 κομιδῇ
525 3519 620 3570 καὶ
649 3518 784 3588 αὑτὴ
814 3519 922 3572 τῶν
952 3519 1151 3584 λέξεων
1181 3521 1214 3590 ἡ
1249 3520 1512 3592 συνθήκη.
1550 3523 1694 3591 Πλὴν
1724 3522 1800 3581 ὡς

215 3610 290 3664 ενι
315 3610 598 3674 λελέξεται
616 3611 796 3681 πρὸςή
809 3612 947 3680 μῶν.
982 3613 1062 3666 Τά
1093 3629 1155 3682 γε
1188 3613 1294 3683 μὴν
1328 3615 1414 3682 ἐφ’
1438 3609 1520 3677 οἷς
1549 3613 1800 3684 εἰρῆσθαι

215 3700 384 3754 ταῦτα
415 3699 738 3770 νομιοῦμεν,
757 3701 980 3764 εἰκότως
1006 3701 1401 3773 προαγορεύειν
1421 3703 1653 3774 ἀνάγκη·
1679 3720 1800 3773 νοη-

219 3789 330 3863 θείη
356 3792 468 3862 γάρ
493 3792 560 3844 ἂν
590 3786 691 3844 ἄλδὲ
730 3809 787 3844 τε
818 3792 912 3844 καὶ
942 3791 1091 3862 μόλις
1121 3792 1219 3862 τῆς
1250 3793 1580 3862 προφητείας
1603 3794 1630 3844 6
1655 3790 1798 3852 νοῦς.

219 3882 343 3936 Ὅτε
374 3883 556 3936 τοίνυν
595 3883 700 3935 τῶν
740 3883 838 3952 τῆς
878 3882 1254 3953 αἰχμαλωσίας
1286 3881 1500 3952 δεσμῶν
1529 3882 1715 3953 ἀνείθη
1743 3898 1801 3933 τε

223 3977 310 4029 καὶ
362 3975 715 4046 ἀπήλλακται
765 3975 905 4028 κατά
953 3977 1178 4045 καιροὺς
1230 3978 1256 4029 6
1284 3974 1520 4046 Ἰσραὴλ,
1563 3969 1697 4046 ἧκόν
1741 3991 1800 4026 τε

221 4066 402 4121 λοιπὸν
428 4070 511 4129 εἰς
543 4066 642 4137 τὴν
671 4065 952 4132 Ἰουδαίαν,
977 4067 1069 4120 καὶ
1100 4065 1457 4136 ἀνατειχίζειν
1482 4065 1802 4136 ἐπεχείρουν

223 4161 316 4227 τὴν
351 4157 741 4229 Ἰερουσαλὴμ,
786 4158 907 4210 τότε
959 4157 1060 4228 δὴ,
1110 4159 1230 4210 τότε
1275 4158 1343 4210 τά
1397 4158 1649 4228 περίοικα
1695 4158 1802 4210 τῶν

225 4249 409 4314 ἐθνῶν,
438 4250 494 4302 οἵ
517 4267 576 4301 τε
611 4247 709 4318 τὴν
739 4249 1054 4318 Σαμάρειαν
1082 4247 1377 4314 οἰκοῦντες,
1397 4247 1490 4301 καὶ
1521 4249 1567 4300 οξ
1589 4247 1686 4310 τάς
1705 4249 1805 4318 τῆς

226 4341 613 4412 Παλαιστίνης,
634 4342 729 4393 καὶ
765 4339 868 4411 μὴν
903 4341 994 4394 καὶ
1019 4341 1269 4411 Φοινίκης
1287 4340 1575 4409 νεμόμενοι
1594 4338 1797 4402 πόλεις,
1829 4318 1874 4373 Ῑ)

225 4436 616 4490 κατεδάκνοντο
645 4432 841 4502 φθόνῳ,
870 4431 1004 4502 όμοῦ
1047 4432 1102 4485 δὲ
1146 4432 1237 4484 καὶ
1265 4430 1554 4491 ἐδεδίεσαν,
1585 4431 1657 4501 μὴ
1700 4430 1808 4500 ἄρα

223 4525 284 4598 δὴ
309 4527 476 4581 πάλιν
503 4526 907 4593 ἀνενεγκόντων
952 4524 1132 4585 αὐτοῖς
1157 4521 1263 4575 τῶν
1287 4521 1714 4590 πραγμάτωνείς
1744 4521 1806 4573 τὸ

225 4619 312 4672 ἀπ’
345 4618 547 4688 ἀρῄς,
581 4617 672 4670 καὶ
701 4619 780 4678 εἰς
812 4614 1020 4687 πληθὺν
1069 4613 1376 4684 ἀμέτρητον
1426 4611 1803 4680 ἐκτεινομὲνου

224 4710 314 4764 τοῦ
341 4712 560 4778 γένους,
603 4705 721 4763 εἶτα
749 4708 902 4760 πόλιν
931 4707 1145 4776 ἔχοντες
1189 4705 1285 4776 τὴν
1318 4705 1460 4757 οὕτω
1496 4703 1801 4756 δυσάλωτον

226 4805 314 4856 καὶ
348 4801 786 4870 εύπυργοτάτην,
816 4796 1339 4868 καταστρατεύοιντο
1387 4795 1548 4849 πάλιν
1599 4789 1800 4860 αὐτῶν,

226 4895 315 4947 καὶ
343 4893 559 4963 ἄμαχόν
595 4909 738 4958 τινα,
762 4891 903 4944 καθά
935 4889 1029 4944 καὶ
1058 4889 1245 4952 πάλαι,
1273 4887 1804 4958 κατεξαναστήσειαν

225 4984 400 5038 αὐτῶν
421 4983 523 5056 τὴν
538 4985 719 5054 χεῖρα,
739 4981 912 5053 ταύτῃ
928 4998 1010 5034 τοι
1033 4977 1289 5049 τειχίζειν
1311 4978 1591 5040 ἐθέλοντας
1613 4979 1807 5032 διακωο

227 5077 368 5128 λύειν
412 5075 630 5146 ἥθελον,
675 5075 905 5144 πικροὺς
949 5072 1240 5141 ἀρτύοντες
1283 5070 1494 5132 λόγους,
1549 5069 1641 5122 καὶ
1698 5068 1804 5139 μὴν

227 5167 318 5218 καὶ
353 5166 578 5236 ἐφόδους
617 5165 916 5238 λῃστρικάς
945 5163 1188 5226 ἱστάντες
1221 5154 1605 5224 αὑτοῖςΪΗκον
1633 5159 1689 5212 δὲ
1724 5163 1806 5225 είς

224 5255 379 5308 τοῦτο
426 5255 727 5325 βασκανίας
758 5252 849 5306 καί
903 5251 1126 5322 φθόνου,
1173 5251 1312 5304 ὥστε
1356 5251 1449 5304 καὶ
1495 5250 1804 5320 γεγράφασι

227 5343 303 5424 τῷ
331 5347 555 5417 Περσῶν
586 5343 922 5415 βασιλεύοντι
951 5344 1012 5395 τὸ
1037 5342 1290 5412 τηνικάδε
1314 5342 1381 5394 τὰ
1411 5344 1468 5394 ἐν
1492 5341 1569 5412 τῷ
1601 5342 1806 5413 Ἔσδρᾳ

224 5438 464 5508 κείμενα.
512 5439 668 5507 Ἔχει
715 5437 772 5488 δέ
805 5433 1006 5498 οὕτως·
1043 5453 1059 5484 ι
1095 5434 1311 5486 Βασιλεῖ
1339 5433 1667 5506 Ἀρταξέρξῃ
1707 5450 1804 5485 κυ-

227 5527 344 5599 Ρίψ.
372 5533 420 5582 οἱ
450 5526 642 5590 παῖδές
674 5543 768 5579 σου
793 5541 807 5556 ο
848 5525 1117 5596 Ῥᾴθυμος
1147 5525 1174 5576 ό
1196 5524 1262 5577 τὰ
1293 5525 1637 5596 πραττόμενα
1667 5523 1802 5595 γρά-

295 5704 336 5736 ⁶⁴
373 5705 567 5774 lipbes.
603 5719 676 5767 ιι,
708 5703 791 5758 l3.
906 5703 946 5735 "
973 5701 1107 5757 Gen.
1150 5715 1297 5766 xt.tv,
1355 5703 1438 5756 lO.

2543 2927 2698 2986 CAP.
2720 2929 2808 2984 IX.

1971 3067 2135 3125 Vens.
2194 3067 2328 3133 1,2.
2393 3065 2691 3130 Assumptio
2751 3064 2888 3118 verbi
2945 3061 3162 3121 Domini
3242 3070 3296 3122 in
3342 3081 3484 3124 terra

1898 3161 2130 3224 Adrach,
2160 3170 2205 3212 et
2248 3158 2496 3211 Damasci
2526 3159 2726 3226 requies
2767 3157 2898 3226 ejus,
2935 3161 3055 3220 quia
3119 3158 3373 3214 Dominus
3401 3179 3484 3214 re-

1899 3255 2050 3322 spicit
2087 3254 2342 3316 homines,
2383 3262 2427 3304 et
2457 3265 2632 3306 omnes
2660 3250 2827 3304 tribus
2857 3249 3044 3306 Israel.
3074 3248 3138 3304 Et
3175 3247 3369 3308 Emam
3427 3255 3482 3307 in

1899 3344 2092 3412 ﬁnibus
2117 3343 2255 3410 ejus.

1970 3432 2077 3488 Lll.
2110 3433 2283 3488 Locus
2341 3431 2672 3495 salebrosus,
2710 3441 2766 3486 et
2804 3432 3095 3486 verborum
3159 3433 3258 3488 ista
3315 3436 3485 3490 serios

1901 3524 2131 3580 diﬁicilis
2176 3530 2242 3577 ad
2307 3523 2734 3592 intelligendum.
2792 3521 3198 3590 Verumtamen,
3223 3538 3482 3592 quantum

1902 3617 1955 3670 in
1985 3617 2136 3671 nobis
2163 3625 2408 3678 esl,eam
2453 3614 2828 3669 enodabimus.
2885 3612 3056 3668 Porro
3103 3615 3482 3682 exlilicandttttt

1901 3710 2050 3777 prius
2082 3709 2148 3762 de
2176 3709 2370 3776 quibus
2401 3707 2497 3760 ista
2529 3707 2670 3758 dicta
2724 3705 2914 3758 merito
2968 3708 3364 3760 existimemus.
3395 3705 3485 3761 Sic

1901 3800 2071 3860 enim,
2104 3808 2159 3850 et
2191 3799 2274 3850 vix
2312 3807 2494 3850 tamen
2530 3795 2773 3848 vaticinii
2814 3811 3007 3849 sensus
3040 3797 3280 3864 liquebit.
3303 3799 3485 3862 Quatt-

1903 3891 1970 3944 do
2007 3889 2516 3956 igiturcaptivitatis
2544 3887 2768 3939 vinculis
2798 3887 3027 3940 emissus
3096 3887 3351 3944 liberatus
3402 3900 3484 3943 est

1903 3982 2032 4036 olim
2063 3980 2246 4047 Israel,
2275 3989 2330 4034 et
2355 3980 2423 4032 ita
2459 3980 2510 4033 in
2537 3978 2776 4034 Judteam
2812 3979 3043 4043 revenit,
3077 3989 3131 4033 et
3182 3978 3483 4034 Jerusalem

1906 4075 2212 4128 instaurare
2244 4071 2476 4142 occepit,
2503 4082 2647 4136 tunc,
2676 4082 2802 4126 tunc
2830 4071 3020 4124 vicina:
3053 4080 3260 4140 gentes,
3297 4069 3488 4124 Sarna-

1905 4166 2044 4227 ritze,
2079 4175 2132 4218 et
2150 4162 2448 4227 Palaestini,
2479 4175 2532 4217 et
2554 4162 2856 4228 Phoenices,
2888 4161 3085 4214 invidia
3113 4162 3386 4224 ardentes,
3416 4161 3485 4214 ti-

1907 4266 2221 4324 mentesque
2241 4253 2402 4310 simul
2430 4269 2526 4320 ne,
2557 4254 2718 4308 rebus
2749 4254 2962 4308 illorum
2995 4255 3060 4306 ad
3085 4254 3366 4323 pristinam
3409 4253 3486 4308 in-

1903 4347 2275 4402 columitatem
2308 4348 2597 4409 revocatis,
2635 4356 2688 4400 et
2715 4361 2911 4416 genere
2952 4345 3005 4398 itt
3033 4346 3359 4400 immensum
3387 4361 3486 4401 au-

1905 4450 2014 4503 cto,
2040 4455 2162 4494 cum
2195 4439 2386 4493 urbem
2411 4439 2676 4492 baberent
2746 4447 3056 4506 espttgttatu
3107 4435 3374 4492 diliicilem
3421 4451 3487 4491 ac

1904 4533 2350 4593 munitissimam,
2379 4531 2572 4584 deinde
2617 4521 2762 4598 ipsos
2821 4527 2962 4582 bello
3029 4527 3378 4592 lacesserent,
3428 4536 3485 4582 et

1909 4621 2192 4684 invictum,
2229 4627 2286 4673 ut
2305 4619 2456 4680 olim,
2489 4627 2675 4671 contra
2701 4633 2758 4672 se
2789 4617 3089 4671 exercitum
3126 4616 3481 4682 adducerent,

1903 4713 1988 4766 bis
2011 4713 2078 4766 de
2099 4712 2279 4766 causis
2305 4725 2491 4764 muros
2509 4709 2780 4764 aedificare
2797 4723 3081 4777 aggressos
3105 4707 3363 4776 impedire
3385 4722 3482 4762 co-

1907 4802 2020 4856 nati
2057 4811 2205 4867 sunt,
2237 4803 2404 4856 verba
2437 4801 2772 4855 amarulenta
2799 4801 3090 4867 jactantes,
3113 4809 3166 4853 et
3189 4798 3482 4868 populatio-

1902 4889 2061 4947 nilius
2087 4893 2140 4947 in
2167 4908 2261 4947 eos
2284 4901 2616 4962 grassantes.
2650 4892 2727 4946 Eo
2780 4901 2958 4946 autem
2993 4889 3402 4946 obtrectationis
3427 4898 3480 4943 et

1903 4984 2116 5038 invidia:
2136 4984 2551 5054 prodierunt,ut
2579 4983 2687 5053 regi
2715 4981 3008 5038 Persarum
3049 4995 3147 5050 per
3179 4979 3231 5034 id
3267 4988 3479 5049 tempus

1903 5073 2224 5137 scriberent,
2285 5087 2405 5142 qua:
2469 5071 2537 5128 ab
2606 5072 2775 5126 Esdra
2833 5072 3130 5125 recitantur
3190 5066 3274 5121 his
3298 5068 3478 5121 verbis

1904 5167 2288 5234 propemodum
2327 5180 2342 5217 :
2375 5184 2392 5218 ι
2430 5163 2562 5234 Regi
2592 5163 2876 5218 Artaxerxi
2905 5161 3142 5227 domino,
3177 5158 3318 5213 servi
3339 5157 3474 5226 ejus,

1903 5243 2214 5324 Ratltymus
2272 5263 2516 5308 actorum
2574 5254 2772 5316 scriba,
2804 5263 2856 5306 et
2887 5251 3152 5304 Semelitts
3182 5251 3378 5314 scriba,
3425 5260 3479 5304 et

1901 5343 2091 5412 reliqui
2126 5344 2192 5397 de
2226 5343 2474 5408 consilio,
2507 5351 2561 5397 et
2583 5342 2794 5411 judices
2821 5343 2871 5394 in
2900 5340 3192 5412 leesyria
3235 5350 3288 5394 et
3317 5338 3478 5395 Phoe-

1900 5435 2041 5488 nice.
2073 5435 2237 5490 Nosse
2265 5444 2314 5490 te
2341 5435 2612 5498 convenit,
2638 5432 2977 5499 rex,.lud:eos
3003 5431 3332 5505 Babylonem
3365 5440 3478 5484 tra-

1902 5526 2329 5584 ductosvcnisse
2381 5527 2432 5582 in
2465 5526 2794 5598 provinciam
2852 5536 3117 5586 nostram,
3179 5533 3232 5579 et
3291 5525 3476 5577 urbem

1557 5704 1602 5734 “
1629 5701 1768 5756 Psal.
1806 5718 2003 5768 Lxxxr,
2033 5702 2085 5757 8.
