3936 6318
475 320 576 382 Ιῖὸ

1494 316 1551 375 s.
1595 274 1869 375 evan.”
1909 300 2381 372 ALEXANDRINI
2419 317 2734 377 ARClIlEP.

3636 316 3732 372 1'56

471 445 609 497 hanc
632 436 892 508 perﬁdam
915 446 968 492 et
991 434 1288 505 improbam
1313 434 1380 488 de
1416 434 1627 503 integro
1656 434 1920 499 condere,
1987 442 2041 487 et

2147 446 2280 498 φων,
2315 432 2410 484 καὶ
2456 432 2712 502 Σεμέλιος
2764 432 2792 483 ὁ
2848 428 3228 499 γραμματεὺς,
3259 427 3351 479 καὶ
3383 427 3432 479 οἱ
3461 425 3729 484 ἐπίλοιποι

470 533 586 588 fora
619 533 734 603 ejus
772 543 984 601 parare,
1023 538 1078 583 et
1131 528 1329 582 moenia
1386 541 1448 580 ac
1477 525 1737 594 templum
1782 526 2042 580 excitare.

471 622 800 677 Persuasum
827 619 1031 683 sittibi,
1058 619 1101 673 si
1144 619 1215 672 ita
1249 626 1494 688 pergant,
1537 631 1638 671 nee
1665 619 1861 671 tributa
1914 630 2048 683 pen-

469 713 744 775 sitaturos,
780 725 881 765 nec
905 709 1203 779 parituros,
1234 708 1326 762 sed
1363 708 1417 761 in
1451 723 1606 777 reges
1644 708 2043 770 calcitraturos,

468 813 524 858 et
558 802 622 856 ad
663 802 1030 872 imperandum
1062 815 1219 869 quam
1255 799 1320 853 ad
1344 797 1701 853 obedieudum
1755 797 2048 866 promptio-

469 907 557 947 res
585 892 1001 962 iuturos.73o
1038 891 1173 944 Dum
1229 905 1356 959 ergo
1404 889 1480 944 illi
1537 889 1590 943 in
1643 888 2047 944 constructione

469 985 651 1054 templi
676 983 926 1037 laborant
967 992 1021 1036 et
1045 982 1342 1045 enituntur,
1369 980 1570 1051 placuit
1596 981 1752 1035 nobis
1804 968 2047 1033 scribere

470 1078 535 1130 all
567 1086 636 1138 te,
668 1091 786 1141 rex,
812 1084 866 1129 et
893 1090 1004 1127 rem
1042 1073 1172 1127 tanti
1200 1075 1458 1127 momenti
1486 1070 1591 1127 non
1626 1071 1896 1141 negligere
1919 1072 1985 1124 δ’.
2022 1090 2041 1123 ι

471 1167 652 1233 Itaque
667 1181 788 1219 cum
822 1176 1034 1232 captum
1084 1174 1136 1218 et
1163 1172 1488 1218 serv1entem
1530 1160 1781 1218 lsraelem
1801 1178 1904 1215 non
1938 1177 2048 1215 me-

469 1251 727 1306 diocriter
760 1252 1095 1315 derisissent,
1131 1251 1462 1320 liberataque
1490 1253 1703 1305 tandem
1727 1260 1783 1306 et
1818 1251 2047 1306 vinculis
2085 1290 2088 1293 λ

470 1342 717 1397 absoluto
748 1348 959 1395 rursum
987 1342 1341 1398 nihilominus
1373 1342 1773 1408 insultarent,et
1799 1344 2047 1397 innume-

470 1433 546 1488 ris
567 1450 688 1488 ettm
715 1435 977 1488 molestiis
1006 1434 1342 1500 divexaren't,
1374 1436 1558 1490 multis
1588 1436 2044 1491 modisinsidian-

470 1534 574 1591 tes,
606 1535 659 1580 et
686 1542 864 1595 neque
886 1527 1128 1580 divinum
1183 1527 1438 1597 templum
1496 1528 1822 1594 instaurare,
1872 1544 2047 1598 neque

467 1614 739 1669 mamibus
772 1616 957 1669 urbem
988 1618 1205 1686 cingere
1220 1617 1482 1682 sinentes,
1513 1632 1731 1671 necesse
1746 1612 1852 1670 'fuit
1878 1612 2043 1671 Deum

450 1705 598 1779 ipsis
620 1705 801 1771 irasci,
832 1715 883 1760 et
906 1721 999 1761 eos
1026 1707 1079 1760 in
1108 1722 1300 1761 manus
1329 1706 1543 1762 lsraelis
1575 1708 1808 1762 tradere.
1849 1707 2045 1763 Finitis

464 1797 607 1851 enim
638 1798 912 1866 operibus,
943 1806 998 1852 et
1031 1782 1231 1869 templo
1264 1798 1504 1864 condito,
1553 1801 1804 1855 omnibus
1853 1816 2040 1855 eorum

465 1886 690 1940 urbibus
720 1886 1030 1954 devastatis,
1061 1889 1301 1956 captivos
1331 1904 1516 1944 earum
1546 1889 1749 1946 incolas
1779 1889 2043 1957 iecerunt,

465 1988 629 2042 atque
653 1993 784 2048 opes
808 1978 1101 2035 immensas
1117 1981 1470 2052 collegerunt.
1506 1983 1597 2037 Ait
1632 1983 1834 2052 igitur:
1875 2001 1893 2034 ι
1941 1982 2046 2036 As-

465 2071 698 2137 sumptio
722 2073 943 2124 verbum
964 2070 1178 2126 Domini
1224 2074 1436 2127 interra
1469 2071 1706 2137 Adrach,
1755 2086 1808 2128 et
1852 2070 2046 2128 Dama-

465 2164 565 2228 sci,
605 2180 623 2212 ›
648 2163 748 2217 hoc
770 2175 872 2227 est,
892 2164 980 2233 qui
1007 2164 1057 2218 in
1076 2164 1324 2220 manibus
1358 2165 1514 2220 nobis
1532 2173 1613 2220 est
1640 2181 1818 2222 sermo
1844 2181 1873 2219 a
1907 2163 2041 2231 Deo,

467 2262 652 2308 contra
681 2264 878 2308 terram
929 2252 1167 2320 Adrach,
1227 2265 1282 2310 et
1326 2253 1576 2311 Damasci
1633 2257 1745 2325 lict,
1805 2258 1935 2328 quin
1990 2266 2045 2313 et

465 2344 682 2411 Emath,
715 2362 837 2415 quae
879 2355 963 2399 est
988 2346 1038 2400 iu
1080 2345 1277 2401 ﬁnibus
1321 2346 1458 2417 ejus,
1485 2348 1730 2402 Damasci
1774 2350 2040 2404 videlicet.

464 2434 633 2490 Terra
672 2447 850 2492 autem
879 2438 1093 2492 Adrach
1124 2439 1270 2509 regio
1294 2439 1480 2507 utique
1521 2449 1604 2494 est
1646 2440 1908 2507 Orientis,
1954 2443 2041 2497 cui

465 2527 695 2583 linitima
740 2537 824 2583 est
851 2527 1042 2583 Emth
1073 2548 1091 2580 ι
1122 2544 1241 2598 quae
1262 2540 1345 2584 est
1369 2530 1684 2599 Epiphania,
1703 2533 1862 2602 paulo
1878 2548 2040 2603 supra

463 2619 826 2687 Antiochiam,
870 2626 923 2674 el
949 2619 1240 2676 Damascus
1265 2660 1280 2686 ,
1330 2637 1449 2691 qum
1486 2631 1570 2678 est
1611 2622 1929 2680 Phoenicum
1988 2634 2042 2682 et

444 2709 761 2766 Palaestinae
792 2712 1124 2780 metropolis.
1148 2712 1521 2780 Suhjicientur
1550 2725 1730 2770 autem
1759 2725 1814 2771 et
1846 2725 2044 2773 metro-

462 2799 631 2869 poles,
666 2808 721 2852 et
754 2815 872 2868 qua:
898 2799 1029 2868 ipsis
1051 2798 1305 2863 subiecta:
1343 2813 1468 2855 sunt
1492 2802 1673 2858 urbes.
1721 2804 1900 2872 Quare
1943 2806 2043 2877 igi-

462 2897 552 2942 tur
575 2892 873 2960 assumptio
910 2901 1098 2945 contra
1133 2891 1285 2946 illas?
1333 2891 1468 2959 Quia
1501 2904 1552 2948 et
1581 2894 1635 2948 in
1662 2895 1793 2964 ipsis
1832 2898 1932 2952 fuit
1956 2914 2042 2954 re-

460 2983 614 3052 quies
640 2983 777 3051 ejus,
808 2982 908 3037 hoc
941 2994 1067 3055 est,
1095 2985 1335 3039 omnium
1386 2987 1717 3045 dominantis
1771 2989 1884 3045 Dei.
1930 2991 2040 3047 Re-

2146 521 2247 592 τῆς
2295 521 2491 594 βουλῆς
2524 523 2722 589 αὐτῶν,
2754 525 2849 575 καὶ
2885 521 3069 593 κριταὶ
3097 520 3145 572 οἱ
3175 521 3230 571 έν
3262 522 3325 589 τῇ
3360 519 3534 591 Κοίλῃ
3566 520 3737 594 Συρίᾳ

2147 614 2240 666 καὶ
2265 615 2505 688 Φοινίκῃ.
2534 615 2831 667 Γινώσκειν
2863 632 2922 666 σε
2963 613 3061 679 δεῖ,
3106 610 3352 682 βασιλεῦ,
3386 612 3466 664 ὅτι
3492 612 3739 667 Ἰουδαῖοι

2147 706 2197 758 οἱ
2240 703 2319 768 εἰς
2370 705 2664 759 Βαϐυλῶνα
2713 704 3075 774 ἀναχθέντες,
3128 702 3452 774 ἐληλύθασιν
3506 705 3588 766 είς
3642 704 3734 774 τὴν

2148 797 2441 869 ἡμετέραν,
2492 797 2588 849 κοιλ⁸
2631 797 2728 867 τήν
2768 814 2825 848 τε
2866 795 3018 848 πόλιν
3048 793 3143 864 τὴν
3175 793 3477 846 ἀποστάτιν
3510 793 3605 846 καί¹
3640 813 3728 848 πο-

2146 889 2317 962 νηρὰν
2365 888 2728 957 οἰκοδομοῦσι,
2768 887 3009 965 καὶτὰς
3057 886 3261 956 ἀγορὰς
3312 885 3740 950 ἐπισκευάζουσι

2146 978 2372 1051 ταύτης,
2400 979 2495 1032 καὶ
2541 979 2611 1032 τὰ
2656 979 2830 1049 τείχη,
2869 975 2962 1030 καὶ
3011 977 3101 1029 τὸν
3157 975 3284 1029 ναὸν
3337 976 3736 1047 ἀνεγείρουσιν.

2151 1070 2290 1124 Ἰσθι
2323 1070 2509 1140 μέντοι
2551 1087 2635 1138 γε,
2663 1069 2869 1123 τούτων
2895 1067 3222 1138 γενομένων,
3254 1065 3378 1119 οὔτε
3414 1067 3611 1138 φόρους
3642 1069 3740 1121 αὐ·

2145 1163 2273 1226 τοὺς
2301 1163 2472 1216 τελεῖν
2517 1159 2939 1232 ὑπομενοῦντας,
2969 1158 3092 1211 οὔτε
3122 1158 3178 1211 δὲ
3213 1156 3510 1210 ὑπακούειν
3542 1158 3739 1231 ἐθελή-

2150 1271 2363 1318 σοντας-
2393 1252 2529 1305 ἀλλά
2564 1252 2661 1305 καὶ
2689 1250 2998 1322 βασιλεῦσιν
3046 1248 3482 1319 ἀντιστήσονται,
3512 1247 3605 1301 καὶ
3648 1245 3747 1315 ἄρ-

2147 1365 2262 1417 χειν
2295 1347 2514 1418 μᾶλλον,
2534 1345 2566 1415 ἢ
2589 1342 2882 1398 ὑπακούειν
2906 1339 3276 1410 ἐθελήσουσιν.
3297 1340 3553 1410 Ἐνεργου
3562 1340 3740 1409 μένων

2147 1436 2241 1494 οὖν
2286 1439 2393 1492 τῶν
2443 1436 2571 1508 περὶ
2604 1436 2695 1490 τὸν
2733 1436 2860 1489 ναὸν
2895 1435 2991 1488 καὶ
3041 1431 3518 1501 σπουδαζομένων,
3556 1431 3740 1496 καλῶς

2149 1531 2294 1602 ἔχειν
2330 1529 2505 1590 ἔδοξεν
2535 1530 2665 1599 ἡμῖν
2715 1526 2923 1598 γράψαι
2958 1542 3059 1587 σοι,
3099 1522 3339 1593 βασιλεῦ,
3365 1523 3460 1575 καὶ⁵
3486 1523 3560 1593 μὴ
3584 1532 3741 1592 πἐριι

2151 1625 2278 1678 ιδεῖν
2327 1622 2388 1675 τὸ
2435 1620 2691 1674 τοιοῦτον.
2726 1637 2744 1670 ι
2790 1617 3000 1671 Οὐκοῦν
3036 1614 3334 1686 ἐπειδήπερ
3370 1614 3634 1668 ἐαλωκότι
3662 1613 3741 1682 τῷ

2162 1713 2378 1786 Ἰσραὴλ
2406 1712 2501 1766 καὶ
2546 1709 2770 1763 παθόντι
2812 1708 2910 1780 τὴν
2957 1706 3334 1777 αἰχμαλωσίαν
3389 1704 3740 1768 ὲπετώθαζον

2150 1807 2209 1858 οὐ
2262 1803 2516 1875 μετρίως,
2544 1799 3010 1868 ἀνασεσωσμένων
3059 1795 3114 1849 δὲ
3171 1796 3345 1867 μόλις,
3378 1795 3469 1849 καὶ
3519 1796 3740 1865 δεσμῶν

2151 1897 2431 1967 ἀνεμένων
2482 1894 2643 1947 πάλιν
2686 1890 2836 1945 οὐδὲν
2882 1886 3044 1962 ἦττον
3096 1889 3467 1959 ἐπέθρωσκον,
3525 1887 3739 1958 μυρίοις

2150 2006 2209 2043 τε
2243 1989 2387 2050 ὅσοις
2418 1987 2581 2040 αὐτὸν
2611 1985 2821 2038 ἐνίεσαν
2871 1983 3076 2046 πόνοις,
3116 1981 3470 2052 πολυτρόπως
3515 1982 3739 2035 ἐπιϐουο

2149 2079 2417 2144 λεύοντες,
2451 2079 2541 2132 καὶ
2593 2076 2714 2129 οὔτε
2763 2076 2854 2129 τὸν
2908 2075 3049 2128 θεῖον
3085 2074 3320 2145 ἐγείρειν
3356 2073 3555 2135 ἐῶντες
3587 2072 3735 2137 ναὸν,

2150 2156 2271 2227 οῦτε
2310 2174 2412 2244 μὴν
2444 2172 2700 2243 τειχίζειν
2737 2170 2836 2242 τὴν
2882 2170 3057 2233 πόλιν,
3104 2166 3452 2241 παρωξύνετο
3481 2166 3615 2230 Θεὸς
3650 2160 3738 2219 ὲπδ

2150 2266 2333 2326 αὐτοῖς
2367 2263 2702 2331 ἀναγκαίως,
2734 2262 2826 2314 καὶ
2853 2261 3168 2334 παρέδωκεν
3203 2260 3398 2329 αὐτοὺς
3431 2262 3510 2322 είς
3546 2262 3739 2329 χεῖρας

2162 2353 2396 2426 Ἰσραήλ.
2433 2352 2804 2423 Πεπαυμένων
2842 2351 2950 2422 γὰρ
2996 2350 3106 2403 τῶν
3136 2349 3332 2421 ἔργων,
3363 2348 3736 2420 ἐγηγερμένον

2147 2466 2208 2501 τε
2237 2446 2330 2500 τοῦ
2356 2444 2507 2512 ναοῦ,
2532 2446 2710 2509 πάσας
2733 2444 2913 2498 αὐτῶν
2938 2443 3037 2506 τὰς
3068 2443 3252 2506 πόλεις
3286 2439 3737 2512 καταδηώσαντες

2148 2532 2292 2595 εἶλόν
2323 2556 2384 2593 τε
2430 2538 2534 2592 ὑπὸ
2582 2540 2740 2609 χεῖρα
2788 2538 2914 2600 τοὺς
2960 2537 3015 2588 ὲν
3049 2537 3261 2598 αὐταῖς,
3293 2535 3388 2588 καὶ
3434 2531 3735 2604 χρημάτων

2148 2635 2435 2705 γεγόνασιν
2488 2631 2876 2704 ἀναριθμήτων
2931 2628 3210 2682 δεσπόται.
3253 2647 3270 2680 ι
3301 2628 3510 2698 Λῆμμα
3556 2626 3737 2679 τοίνυν

2148 2727 2303 2795 λόγος
2335 2723 2560 2794 Κυρίου,
2594 2723 2779 2792 φησιν,
2813 2722 2870 2774 ἐν
2900 2722 2968 2791 γῇ
3015 2719 3211 2791 Ἀδράχ
3261 2719 3352 2771 καὶ
3378 2714 3731 2788 Δαμασκοῦ-ι

2147 2820 2444 2881 τουτέστιν,
2464 2818 2521 2869 '0
2546 2817 2602 2868 ὲν
2628 2815 2814 2886 χερσὶν
2843 2810 2973 2882 ἡμῖν
2994 2811 3151 2880 λόγος
3183 2814 3211 2865 6
3237 2811 3389 2883 παρὰ
3414 2810 3568 2874 Θεοῦ,
3592 2802 3741 2864 κατά

2146 2928 2204 2964 τε
2254 2909 2354 2980 τῆς
2391 2909 2494 2979 γῆς
2542 2904 2740 2975 Ἀδράχ
2788 2904 2884 2956 καὶ
2927 2903 3026 2973 τῆς
3077 2902 3369 2971 Δαμασκοῦ
3422 2903 3735 2973 γενήσεται,

2147 3002 2240 3056 καὶ
2277 2999 2459 3071 μέντοι
2510 2996 2604 3048 καὶ
2646 2993 2844 3065 Ἠμὰθ,
2878 2993 2998 3062 ἥτις
3027 2993 3172 3045 ἐστὶν
3205 2995 3263 3044 ὲν
3288 2995 3399 3054 τοῖς
3438 2992 3608 3062 ὁρίοις
3635 2992 3736 3045 a6-

460 3075 665 3144 quievit
695 3090 876 3145 porro,
905 3076 1026 3146 quia
1060 3077 1280 3146 punitas
1304 3077 1457 3132 vidit.
1502 3079 1617 3135 Non
1653 3083 1799 3136 enim
1825 3087 2027 3140 tacuis-

2147 3100 2252 3169 τῆς,
2278 3091 2435 3161 δῆλον
2465 3087 2521 3140 δὲ
2549 3087 2631 3139 ὅτι
2661 3085 2758 3154 τῆς
2791 3080 3106 3153 Δαμασκοῦ.
3140 3081 3214 3152 Γῆ
3245 3080 3540 3169 δὲἈδράχ,
3585 3079 3738 3152 χώρα

462 3170 654 3238 setqui
676 3170 919 3231 intuetur
948 3171 1150 3233 omnia,
1181 3171 1444 3241 veniaque
1498 3181 1553 3228 et
1597 3174 1904 3233 visitationc
1959 3180 2043 3235 di-

461 3271 658 3332 gnatur
680 3262 911 3316 electum
976 3278 1168 3331 genus,
1214 3263 1467 3318 lsraelem
1524 3266 1749 3323 scilicet.
1804 3269 2044 3327 lntuctur

449 3354 605 3408 enim
629 3354 877 3408 homines
904 3354 1277 3409 universorum
1312 3354 1473 3424 Deus,
1517 3367 1575 3412 et
1619 3359 2042 3433 uniuscujusque

460 3447 601 3502 viam
634 3448 967 3513 considerat,
1029 3457 1080 3502 et
1124 3446 1378 3516 injuriam
1430 3448 1692 3508 facientes
1738 3454 2038 3524 ulciscitur,

461 3555 653 3610 pinnas
686 3541 860 3596 iratus
915 3538 1128 3610 inﬂigit,
1192 3541 1445 3612 injuriam
1494 3554 1674 3601 autem
1711 3562 1896 3617 passos
1928 3549 2038 3602 sal-

459 3640 550 3685 vat
573 3628 639 3684 7".
671 3629 983 3686 Tenendum
1013 3641 1191 3685 autem
1227 3636 1513 3706 memoria,
1538 3652 1659 3690 eum
1682 3638 1841 3691 etiam
1871 3656 2034 3710 supra

461 3722 526 3776 de
541 3731 768 3791 quatuor
797 3720 1046 3775 curribus
1078 3720 1412 3790 loquentem,
1439 3731 1495 3777 et
1530 3724 1770 3791 equitum
1799 3722 2041 3793 speciem.

461 3813 856 3868 describentem
878 3812 1149 3867 addidisse
1178 3813 1368 3868 deinde
1395 3830 1406 3868 :
1430 3833 1447 3866 ι
1477 3815 1616 3870 Ecce
1635 3817 1724 3885 qui
1750 3819 2037 3887 egrediun—

465 3919 549 3961 tur
578 3923 739 3978 super
766 3916 963 3961 terram
988 3907 1256 3976 aquilonis
1285 3907 1625 3976 requiescere
1643 3907 1886 3965 fecerunt
1904 3913 2035 3964 iram

464 4015 633 4053 meam
669 4000 886 4053 interra
932 3999 1218 4069 aquilonis.
1264 4020 1281 4051 ι
1311 4000 1623 4071 Requiescit
1673 4013 1852 4058 autem
1901 4021 2035 4074 quo-

462 4089 749 4145 dammodo
779 4089 996 4144 inimica
1023 4077 1180 4146 malis
1211 4091 1289 4145 ira
1317 4091 1552 4157 Domini,
1597 4110 1740 4159 cum,
1776 4097 1863 4165 qui
1917 4113 2037 4150 eum

460 4178 693 4248 plurima
743 4191 796 4234 et
827 4180 1080 4236 ell'rcnate
1100 4184 1373 4252 peccando
1427 4180 1796 4247 offenderunt,
1847 4202 2039 4255 pinnas

471 4270 696 4329 lui-rint.

2144 3167 2246 3251 που
2283 3190 2502 3248 πάντως
2537 3181 2654 3235 ἐστὶ
2689 3182 2834 3233 κατά
2861 3178 2957 3249 τὴν
2995 3176 3135 3246 ἑῴαν
3168 3175 3422 3246 κειμένη,
3448 3167 3516 3246 ἦς
3536 3173 3737 3243 γείτων

2139 3288 2175 3357 ἧ
2220 3301 2280 3337 τε
2324 3274 2668 3349 Ἤμὰθ,ἧτις
2708 3271 2856 3323 ἐστὶν
2903 3266 3228 3336 Ἐπιφάνεια
3272 3266 3372 3335 τῆς
3414 3263 3737 3333 Ἀντιοχέων

2140 3356 2467 3448 προσωτέρα
2509 3366 2703 3438 βραχὺ,
2734 3363 2830 3417 καὶ
2858 3363 2892 3431 ἡ
2916 3358 3227 3431 Δαμασκὸς,
3255 3357 3290 3428 ἦ
3322 3359 3437 3410 ἐστι
3464 3356 3728 3448 Φοινίκων

2137 3444 2198 3521 τε
2247 3465 2343 3519 καὶ
2389 3456 2751 3527 Παλαιστίνης
2822 3450 3174 3525 μητρόπολις.
3212 3447 3621 3501 Ὑποκείσονται
3674 3444 3735 3498 δὲ

2143 3556 2382 3629 δηλονότι
2431 3554 2528 3606 σὺν
2565 3552 2687 3612 ταῖς
2738 3544 3105 3618 μητροπόλεσι
3157 3541 3252 3595 καὶ
3284 3540 3485 3629 πόλεις
3523 3538 3586 3629 αἱ
3628 3536 3737 3629 ὑπ’

2144 3626 2353 3710 αύταίς.
2385 3639 2538 3696 Διατί
2573 3639 2754 3693 τοίνυν
2783 3636 2900 3690 κατ’
2936 3633 3114 3689 αὐτῶν
3142 3632 3204 3685 τὸ
3241 3626 3470 3702 λῆμμα;
3507 3627 3629 3681 Ὅτι
3665 3626 3732 3696 δὴ

2144 3744 2201 3794 ἐν
2248 3738 2438 3800 αύταῖς
2483 3732 2707 3803 γέγονεν
2748 3729 3054 3788 ἀνάπαυσις
3107 3721 3295 3790 αὐτοῦ,
3339 3719 3605 3782 τουτέστι,
3636 3716 3732 3769 τοῦ

2144 3832 2361 3885 πάντων
2413 3821 2742 3897 κρατοῦντος
2790 3814 3375 3871 Θεοῦ.⁹Αναπέπαυται
3421 3810 3497 3873 δὲ,
3525 3809 3606 3861 ὅτι
3638 3821 3734 3860 τεὁ

2139 3923 2327 3978 θέαται
2361 3911 2834 3986 τετιμωρημένας.
2856 3910 2929 3963 Οὐ
2954 3908 3061 3978 γάρ
3090 3905 3154 3959 ἂν
3192 3903 3482 3972 σεσίγηκεν
3503 3902 3531 3953 6
3553 3898 3732 3952 πάντα

2140 4011 2371 4082 ἐφορῶν,
2408 4004 2626 4078 φειδοῦς
2670 4020 2732 4055 τε
2777 4002 2871 4055 καὶ
2919 3997 3260 4068 ἐπισκέψεως
3300 3993 3466 4059 ἀξιῶν
3495 3989 3556 4045 τὸ
3593 3990 3733 4044 ἁπόά

2138 4104 2328 4159 λεκτον
2361 4100 2537 4168 γένος,
2574 4094 2845 4157 τουτέστι,
2881 4093 2972 4145 τὸν
3023 4088 3262 4161 Ἰσραήλ.
3282 4085 3484 4157 Ἐφορᾷ
3506 4083 3613 4154 γὰρ
3635 4083 3734 4137 ὀινό

2140 4192 2390 4262 θρώπους
2427 4190 2455 4242 ὁ
2487 4186 2593 4240 τῶν
2618 4186 2754 4240 ὅλων
2802 4182 2955 4247 Θεὸς,
2989 4181 3083 4235 καὶ
3129 4186 3227 4250 τὴν
3272 4176 3503 4230 ἑκάστου
3544 4171 3734 4245 τρίϐον

2143 4284 2600 4348 κατασκέπτεται,
2637 4281 2733 4335 καὶ
2769 4281 2881 4342 τοῖς
2924 4279 3022 4349 μὲν
3060 4274 3335 4330 ἀδικοῦσιν
3370 4270 3619 4339 ἐπιφέρει
3660 4268 3735 4322 τὰ

463 4360 524 4426 ἐξ
549 4362 740 4432 ὀργῆς,
777 4363 1033 4435 ἐκρύεται
1059 4363 1114 4418 δὲ
1136 4364 1263 4429 τοὺς
1293 4362 1703 4436 ἀδικουμένους.
1736 4366 2064 4439 Μεμνῆσθαι
2104 4373 2159 4429 δὲ
2192 4377 2511 4444 ἀναγκαῖον,
2544 4374 2627 4426 ὅτι
2695 4371 2789 4424 καὶ
2833 4371 2889 4421 ὲν
2936 4371 3046 4430 τοῖς
3083 4363 3415 4437 προλαϐοῦσι
3459 4360 3551 4414 τὸν
3599 4359 3732 4428 περὶ

463 4455 570 4506 τῶν
619 4452 902 4526 τεσσάρων
956 4454 1221 4525 ἁρμάτων
1266 4454 1588 4524 εἰσκομίσας
1627 4454 1787 4524 λόγον
1823 4460 2044 4525 καὶτὰς
2080 4464 2187 4518 τῶν
2223 4466 2434 4518 ἱππέων
2473 4465 2635 4528 ἰδέας,
2681 4459 3041 4533 προστέθεικε
3112 4457 3308 4509 πάλιν·
3348 4472 3366 4505 ι
3393 4453 3522 4506 Ἰδοὺ
3555 4456 3603 4505 οί
3636 4454 3733 4505 ἐκ·

463 4546 821 4618 πορευόμενοι
866 4546 957 4598 ὲπὶ
1006 4546 1109 4616 γῆν
1164 4545 1356 4617 βορρᾶ,
1393 4546 1710 4599 ἀνέπαυσαν
1748 4545 1839 4600 τὸν
1879 4548 2048 4621 θυμόν
2125 4571 2229 4626 μου
2259 4557 2316 4608 ἐν
2344 4557 2414 4625 γῇ
2456 4553 2647 4625 βορρᾷ.
2681 4570 2700 4603 ι
2737 4548 3103 4604 ’Λναπαύεται
3133 4544 3189 4599 δὲ
3224 4543 3414 4615 ὥσπερ
3444 4545 3471 4596 ὁ
3502 4545 3730 4613 μισοπό‹

461 4658 625 4713 νηρος
675 4641 768 4694 τοῦ
815 4640 1087 4694 Δεσπότου
1145 4641 1335 4712 θυμὸς,
1373 4639 1731 4695 ἐκτετικότων
1760 4642 1855 4706 τὰς
1888 4642 2040 4710 δίκας
2077 4648 2187 4704 τῶν
2256 4647 2403 4719 αὐτῷ
2452 4643 2971 4717 προσκεκρουκότων
3026 4641 3114 4694 διὰ
3156 4638 3416 4708 πλείστην
3466 4636 3598 4706 ὅσην
3635 4637 3730 4689 καὶ

462 4735 714 4806 ἀχάλινον
743 4735 1039 4806 ἁμαρτίαν.

533 4824 695 4879 Vens.
730 4826 785 4889 5,
804 4826 855 4878 4.
883 4822 1047 4894 Tyrus
1073 4832 1119 4875 et
1140 4823 1331 4884 Sidon,
1353 4824 1599 4891 quoniam
1622 4825 1881 4895 sapientes
1915 4825 2034 4895 fue-

2215 4824 2400 4894 Τύρος
2451 4825 2549 4879 καὶ
2600 4821 2813 4886 Σιδὼν,
2862 4819 3011 4873 διότι
3061 4817 3411 4888 ἐφρόνησαν
3467 4816 3727 4886 σφόδρα,

465 4927 585 4970 runt
606 4918 783 4981 nimis,
816 4925 865 4970 et
901 4914 1180 4981 (edi/ienuit
1212 4906 1379 4983 Tyrus
1400 4916 1713 4971 munitiones
1747 4919 1871 4984 sibi,
1934 4908 2039 4972 iheo

463 5010 757 5061 δοκι-ἱκανὴ
786 5017 1057 5071 argentum
1094 5006 1249 5072 quasi
1276 5004 1559 5070 pulverem,
1606 5018 1654 5061 et
1706 5009 2037 5078 congregari!

464 5116 652 5154 aurum
678 5109 734 5153 ut
767 5099 933 5150 lutum
969 5097 1190 5148 viarum.
1218 5093 1498 5164 Propterea
1541 5099 1819 5160 possidebit
1854 5099 2040 5154 Domi-

466 5208 564 5246 nus
586 5209 722 5256 eam,
749 5201 793 5243 et
819 5188 1065 5255 percutiet
1092 5186 1143 5239 in
1204 5187 1339 5240 mari
1400 5188 1762 5255 fortitudinem
1811 5194 1947 5263 ejus,
1987 5204 2038 5250 et

465 5283 581 5352 ipsa
612 5285 666 5334 in
697 5284 811 5351 igne
845 5289 1198 5331 consumelur.

454 5438 461 5441 Ὗ
531 5373 688 5443 731
720 5367 849 5424 Llll.
914 5367 1266 5424 Consentium
1334 5386 1453 5425 cum
1500 5374 1681 5429 verbis
1725 5386 1916 5432 eventa
1950 5394 2042 5433 ur.

468 5462 855 5527 bium,contra
883 5477 1017 5530 quas
1078 5465 1501 5533 assumptionem
1570 5466 1776 5521 Domini
1843 5469 2039 5524 factam

466 5551 975 5623 aﬂirmavitJncipit
1003 5564 1177 5608 autem
1219 5569 1247 5608 a
1279 5554 1420 5625 Tyro
1453 5540 1506 5608 et
1552 5554 1770 5622 Sidone,
1793 5574 1911 5629 qum.
1928 5575 2037 5629 pne

477 5720 543 5777 “l
575 5723 733 5786 Esdr.

2144 4921 2239 4973 xui
2270 4918 2621 4988 ᾠκοδόμησε
2656 4916 2836 4983 Τύρος
2862 4911 3212 4981 ὀχιιοὼματα
3241 4907 3447 4977 ἑαυτῇ,
3470 4908 3731 4975 ἐθησαύ-

2126 5025 2316 5079 ηρισεν
2342 5010 2626 5078 ἀργύριον
2672 4999 2749 5072 ὡς
2797 5006 2968 5074 χοῦν,
2999 5004 3096 5058 καὶ
3128 5003 3438 5072 συνήγαγε
3467 5003 3731 5070 χρυσίον

2144 5102 2223 5167 ὡς
2254 5100 2453 5169 πηλὸν
2490 5098 2663 5153 ὁδῶν.
2699 5098 2799 5151 Διά
2826 5096 2998 5151 τοῦτο
3031 5082 3474 5163 κληρονομήσει
3511 5094 3731 5161 Κύριος

2138 5193 2352 5261 αὐτὴν.
2372 5192 2473 5246 καὶ
2496 5190 2738 5254 κατάξει
2773 5192 2858 5256 εἰς
2887 5190 3210 5244 θάλασσαν
3235 5188 3494 5258 δύναμιν
3511 5180 3726 5254 αὐτῆς,

2126 5285 2237 5339 ,καὶ
2273 5283 2425 5351 αὐτὴ
2461 5284 2530 5336 ἐν
2564 5283 2703 5349 πυρὶ
2743 5280 3329 5350 καταναλωθήσεται.

2212 5378 2337 5431 NI".
2394 5375 2700 5447 Ἐπιτρέχει
2749 5372 2826 5443 τῷ
2875 5372 3018 5443 λόγῳ
3051 5366 3440 5443 συμϐεϐηκότα
3469 5375 3592 5436 ταῖς
3625 5372 3726 5425 πό-

2139 5468 2287 5531 λεσι,
2335 5466 2458 5519 καθ’
2496 5460 2568 5519 ὧν
2614 5466 2943 5534 γεγενῆσθαι
3004 5464 3373 5535 διισχυρισατο
3417 5462 3477 5517 τὸ
3527 5462 3728 5535 λῆμμα

2143 5559 2368 5627 Κυρίου.
2407 5560 2664 5629 νΑρχεται
2715 5556 2771 5610 δὲ
2817 5555 2924 5610 ἀπό
2952 5572 3008 5609 τε
3041 5556 3138 5626 τῆς
3168 5555 3344 5626 Τύρου
3378 5554 3471 5608 καὶ
3508 5552 3611 5625 τῆς
3642 5554 3730 5607 Σι-

864 5749 936 5801 tv,
984 5732 1036 5798 9,
1081 5730 1166 5786 16.
1242 5730 1481 5787 ⁷⁰.Ρτον.
1524 5747 1577 5799 v,
1608 5733 1669 5786 2|
1699 5749 1713 5800 ;
1741 5714 1851 5789 Job.
1878 5749 2030 5798 xxxx,
2059 5737 2093 5790 4
2128 5750 2245 5806 Sqq.
