3936 6318
212 290 313 350 ἱὸἾ

1047 297 1594 359 COMMENTARIUS
1634 298 1698 361 ΙΝ
1734 297 2143 361 ZACHARIAM
2181 298 2628 359 PROPHETAM.

3359 304 3463 359 158

194 408 389 472 ῦῶνος,
416 408 475 461 αἶ
507 409 571 481 δή
614 410 849 480 μάλιστα
894 411 1001 467 τῶν
1037 415 1211 469 ἄλλων
1242 418 1606 492 διαφερόντως
1643 421 1786 473 τετί-

1890 418 2103 474 caeteris
2126 428 2279 471 erant
2304 414 2770 477 honoratissimae,
2802 418 3125 481 praestantes
3156 412 3383 480 viribus,
3406 426 3464 470 et

203 517 395 571 μηντο,
425 501 756 571 προέχουσαι
803 504 901 573 μὲν
922 504 1110 575 ,ἰσχύῖ,
1141 510 1235 562 καί⁵
1266 510 1502 583 πλούτῳ,
1539 512 1632 565 καὶ
1661 515 1782 577 ταῖς

201 591 444 661 ἀνδρίαις
474 592 586 645 τῶν
616 598 1033 666 κατῳκηκότων,
1068 598 1287 670 ἔχουσαι
1332 602 1391 656 δὲ
1442 602 1633 675 ὥσπερ
1679 604 1783 656 ὑπὸ

200 684 359 752 χεῖρα
411 683 513 747 τὰς
565 685 748 752 ἄλλας,
793 689 886 742 καὶ
941 690 1051 743 τῶν
1098 693 1314 765 ὁμόρων
1367 696 1778 767 ὑπερκείμεναι.

198 776 412 828 Οὐκοῦν
462 778 757 850 ἐπειδήπερ
781 822 797 845 ,
845 782 1044 853 φησὶν,
1092 786 1300 857 ὑψηλὴν
1351 787 1630 841 ἀνασπῶσι
1686 789 1783 857 τὴν

196 868 371 938 ὀφρὺν
410 869 577 922 Σιδών
602 888 661 923 τε
690 874 785 926 καὶ
812 874 1010 944 Τύρος,
1045 878 1246 933 οἴονται
1276 880 1332 933 δὲ
1366 874 1505 934 εἶναι
1533 880 1695 933 δεινοί
1724 896 1783 933 τε

197 959 295 1012 καὶ
325 959 649 1031 ἄθραυστοι,
677 964 769 1016 καὶ
801 962 1176 1039 τεθαρσήκασι
1202 971 1299 1041 μὲν
1327 972 1411 1023 ὲπ*
1437 971 1780 1043 ὀχυρώμασι,

198 1050 447 1103 τουτέστι
481 1052 674 1121 τειχῶν
705 1054 1040 1125 περιῦολακ,
1064 1058 1227 1127 ήγουν
1258 1060 1347 1112 καὶ
1377 1061 1579 1131 ἑτέροις
1606 1062 1783 1131 πράγ-

202 1158 358 1210 μασι,
415 1143 485 1196 δι*
507 1137 584 1197 ὧν
616 1144 682 1197 ἂν
708 1141 767 1198 εὖ
802 1145 915 1216 ἔχοι
943 1149 1036 1201 καὶ
1066 1149 1290 1213 σώζοιτο
1322 1152 1493 1218 πόλις,
1514 1155 1785 1224 πεφρονή-

198 1249 327 1285 κασι
354 1235 411 1287 δὲ
451 1237 544 1288 καὶ
574 1238 667 1289 ἐπὶ
694 1237 909 1309 πλούτῳ
942 1241 1103 1310 μέγα,
1134 1242 1307 1313 ταύτῃ
1333 1261 1416 1295 τοι
1450 1244 1784 1314 μαθήσονται

194 1325 283 1379 διὰ
322 1328 522 1398 πείρας
567 1330 752 1400 αὐτῆς,
783 1331 863 1383 ὅτι
898 1332 1101 1403 Κύριος
1149 1335 1545 1407 κληρονομήσει
1591 1337 1780 1409 αὐτήν.

194 1418 637 1489 Πεπορθηκότων
682 1422 795 1492 γὰρ
843 1424 1015 1493 αὐτὴν
1062 1425 1171 1479 τῶν
1226 1424 1285 1491 ἐξ
1331 1427 1567 1497 Ἰσραὴλ,
1618 1429 1785 1497 ἧγονν

188 1511 613 1565 Ὀὐεσπασιανοῦ
652 1516 745 1568 καὶ
776 1518 958 1581 Τίτου,
993 1518 1572 1590 κληρονομηθήσεσθαί
1619 1538 1783 1589 φησιν

191 1602 369 1671 αὐτὴν
418 1604 572 1674 παρὰ
601 1605 759 1660 Θεοῦ.
794 1610 903 1661 Καὶ
932 1608 1041 1679 γὰρ
1079 1606 1146 1681 ἦν
1180 1610 1341 1673 αὐτὸς
1374 1613 1403 1664 ὀ
1434 1612 1780 1683 παραδιδοὺς,

190 1692 288 1746 καὶ
314 1694 424 1746 ὑπὸ
460 1698 618 1766 χεῖρα
656 1698 826 1762 τιθεὶς
858 1700 965 1753 τῶν
995 1703 1280 1772 ᾑρηκὸτων
1315 1705 1502 1773 αὐτήν.
1524 1705 1786 1774 Ῥωμαῖοι

1886 509 2107 573 divitiis,
2140 518 2193 563 et
2222 507 2516 563 incolarum
2548 504 2885 570 fortitudine,
2942 514 2997 560 et
3033 504 3171 560 alias
3210 506 3366 575 quasi
3411 505 3468 563 iu

1885 608 2152 669 potestate
2179 599 2464 663 habentes,
2493 607 2547 651 et
2589 595 2891 651 conﬁnibus
2931 596 3259 665 superiores.
3322 596 3467 663 Quo—

1885 691 2031 744 niam
2062 692 2242 761 igitur,
2280 690 2472 759 inquit,
2526 688 2870 757 supercilium
2930 688 3123 743 tollunt
3182 688 3357 759 Tyrus
3416 701 3471 743 ct

1886 782 2077 849 Sidon,
2110 782 2549 852 arbitranturque
2592 794 2651 835 se
2698 789 2945 849 potentes
2980 790 3037 835 et
3089 780 3495 843 ineoncussas,‘

1884 884 1940 929 et
1963 889 2112 944 spem
2150 884 2413 943 reponunt
2441 875 2491 929 in
2519 874 2930 937 munitionibus,
2963 875 3064 928 hoc
3091 884 3176 928 est
3218 876 3269 928 in
3299 877 3467 930 muris

1887 966 2079 1035 quibus
2106 967 2437 1032 ambiuntur,
2462 966 2575 1020 sive
2614 967 2667 1019 iu
2710 966 2873 1021 rebus
2905 965 3024 1019 aliis
3056 968 3253 1035 quibus
3277 968 3467 1021 floreat

1886 1065 1943 1111 et
1973 1057 2120 1111 salva
2153 1057 2223 1111 sit
2250 1057 2466 1120 civitas,
2488 1056 2555 1111 de
2589 1057 2897 1111 divitiarum
2945 1058 3106 1111 etiam
3152 1061 3304 1126 copia
3365 1059 3466 1114 sibi

1889 1149 2174 1217 plaudunt,
2202 1148 2404 1203 idcirco
2440 1149 2553 1217 ipsa
2578 1148 2908 1218 experientia
2946 1147 3322 1218 discentquod
3361 1149 3471 1205 Do-

1858 1288 1859 1291 η
1888 1240 2064 1294 ntinus
2092 1241 2542 1309 possidebiteam.
2577 1240 2946 1311 Expugnatam
2997 1242 3139 1295 enim
3200 1241 3267 1296 ab
3291 1241 3468 1297 Israe-

1888 1331 2021 1398 litis,
2052 1342 2145 1388 aut
2177 1333 2515 1403 Vespasiano
2569 1344 2625 1388 et
2654 1333 2797 1397 Tito,
2828 1348 3135 1403 possessum
3169 1334 3234 1389 iri
3289 1349 3319 1389 a
3365 1334 3471 1390 Do.

1888 1427 2033 1479 mino
2048 1418 2250 1495 inquit.
2274 1425 2391 1495 Ipse
2429 1428 2573 1481 enim
2604 1436 2723 1481 erat
2752 1427 2843 1496 qui
2870 1428 3095 1483 tradidit
3120 1437 3176 1481 et
3197 1427 3249 1481 in
3278 1441 3471 1481 manus

1887 1517 2273 1584 occupantium
2298 1516 2467 1571 dedit.
2502 1517 2730 1572 Romani
2769 1532 3005 1586 namque
3065 1526 3236 1573 totum
3279 1520 3468 1574 orbem

1889 1609 1940 1661 in
1969 1609 2225 1662 ditionem
2255 1623 2405 1663 suam
2451 1610 2782 1680 redigentes,
2841 1610 2982 1665 ultro
3034 1624 3095 1666 se
3146 1610 3470 1665 dedentibus

1887 1700 2181 1755 clementes
2234 1710 2292 1755 et
2320 1700 2600 1773 benignos,
2630 1701 3005 1756 resistentibus
3064 1716 3239 1767 acres,
3296 1712 3351 1756 et
3388 1703 3472 1757 in-

192 1784 299 1853 γὰρ
321 1788 442 1849 τοῖς
470 1787 618 1850 ἰδίοις
639 1790 1001 1861 ὑποφέροντες
1038 1794 1336 1873 σκήπτροις
1364 1794 1460 1865 τὴν
1487 1795 1781 1865 σύμπασαν

1886 1793 2056 1846 vietos
2084 1808 2205 1847 sese
2239 1794 2567 1863 praebebant.
2598 1792 2771 1863 ipsam
2807 1793 2971 1861 igitur
3010 1792 3469 1862 conﬂagraturam

188 1875 311 1944 γῆν,
347 1880 466 1939 τοῖς
510 1879 609 1947 μὲν
658 1881 900 1935 εἴκουσιν
947 1884 1150 1954 ἀμαχεὶ
1198 1886 1362 1955 πρᾰοί
1411 1903 1471 1937 τε
1514 1882 1653 1955 ἦσαν
1693 1887 1785 1939 καὶ

186 1970 525 2037 προσηνεῖς·
580 1974 692 2035 τοῖς
747 1988 811 2039 γε
860 1974 967 2043 μὴν
1016 1975 1335 2044 ἁντεξάγειν
1381 1976 1654 2030 ἐθέλουσιν
1691 1979 1787 2029 ἐπ-

186 2058 419 2125 εφύοντο
449 2063 544 2114 καὶ
585 2064 737 2115 αὐτοὶ
764 2065 978 2136 δριμεῖς
1010 2085 1069 2120 τε
1097 2068 1191 2119 καὶ
1220 2068 1443 2139 ἄμαχοι.
1485 2070 1786 2140 Καταπρη-

189 2149 499 2220 σθήσεσθαι
553 2152 618 2223 δὴ
650 2149 743 2207 οὖν
796 2172 960 2226 φησιν
1010 2158 1184 2227 αὐτὴν
1215 2160 1682 2229 κατεσπασμὲνων
1729 2163 1786 2213 ἐν

186 2238 438 2313 θαλάσσῃ
493 2243 601 2296 τῶν
656 2247 1047 2318 ὀχυρωμάτων,
1089 2250 1184 2303 καὶ
1232 2250 1637 2321 διηρπασμένου
1686 2253 1781 2305 τού

189 2330 450 2398 πλούτου,
491 2337 539 2388 εἰ
570 2339 663 2390 καὶ
683 2334 751 2409 ἧν
770 2340 846 2403 ὡς
875 2341 1003 2410 χοῦς
1032 2343 1093 2394 τὸ
1115 2343 1357 2413 χρυσίον,
1386 2346 1480 2397 καὶ
1509 2345 1584 2408 ὼς
1614 2345 1782 2415 πηλὸς

187 2424 325 2477 ὁδῶν
362 2426 426 2478 τὺ
460 2428 726 2499 ἀργύριον
755 2432 1226 2504 αὺτῆς.Ἕμποροι
1258 2434 1365 2505 γὰρ
1395 2437 1649 2503 γεγόνασι
1670 2437 1780 2489 δει-

191 2516 291 2578 νοὶ,
322 2518 421 2569 καί⁵
453 2519 923 2593 φιλοκερδέστατοι
954 2524 1093 2587 λίαν,
1130 2526 1179 2576 οί
1224 2528 1323 2595 τῆς
1349 2527 1525 2596 Τύρου
1572 2527 1783 2596 οἰκήτο-

192 2623 307 2676 ρες,
332 2610 431 2661 καὶ
448 2612 583 2680 περί
600 2629 664 2679 γε
694 2613 885 2666 τούτου
917 2615 1121 2679 πλατὺς
1146 2617 1240 2670 καὶ
1264 2618 1473 2687 μακρὸς
1492 2619 1784 2688 πεποίηται

192 2697 352 2765 λόγος
386 2700 446 2750 ὲν
471 2705 588 2765 τοῖς
621 2705 882 2777 Ἰεζεχιὴλ
899 2706 992 2759 τοῦ
1016 2711 1298 2779 προφήτου
1326 2710 1785 2781 συγγράμμασιν.

189 2790 361 2842 Οὐδὲν
396 2788 498 2846 οὖν
526 2794 634 2864 ἄρα
663 2798 791 2860 τοὺς
824 2798 943 2869 Θεῷ
968 2800 1406 2872 προσκρούοντας
1433 2801 1617 2872 ὀνήσει
1660 2803 1788 2856 ποτὲ

191 2882 317 2941 τοὺς
367 2883 813 2952 ὲπιτωθάζοντας
865 2890 1059 2959 ἁγίοις,
1100 2895 1147 2946 εἰ
1193 2894 1256 2963 δή
1292 2894 1396 2947 πού
1447 2913 1500 2948 τι
1545 2895 1786 2965 συμϐαίη

1885 1882 2034 1947 dicit,
2074 1885 2335 1939 detractis
2358 1885 2410 1938 in
2447 1899 2599 1939 mare
2636 1885 3044 1950 munitionibus,
3092 1894 3148 1939 et
3188 1885 3468 1942 distractis

1885 1968 2088 2027 divitiis
2111 1973 2245 2042 ejus,
2272 1974 2521 2041 quamvis
2542 1988 2733 2027 aurum
2754 1972 2870 2041 ejus
2896 1974 2967 2028 sit
2995 1982 3052 2028 ut
3084 1975 3282 2044 pulvis,
3312 1985 3367 2029 et
3410 1986 3471 2030 ut

1886 2063 2052 2117 lutum
2108 2065 2404 2133 platearum
2478 2073 2761 2135 argentum
2815 2066 2953 2135 ejus.
2982 2065 3149 2121 Erant
3190 2067 3458 2136 siquidem

1886 2164 2216 2209 mercatores
2241 2156 2420 2224 periti,
2448 2164 2503 2209 et
2533 2154 2669 2210 lucri
2726 2156 3154 2223 appetentissitni
3211 2155 3338 2227 Tyri
3389 2158 3468 2211 iu-

1891 2250 2042 2316 eolae,
2072 2251 2136 2305 de
2167 2266 2279 2321 quo
2303 2252 2519 2322 copiose
2550 2252 2838 2307 admodum
2876 2252 3129 2307 Ezechiel
3183 2256 3467 2324 propheta.

1888 2342 2032 2398 Nihil
2067 2344 2233 2413 igitur
2266 2360 2501 2413 unquam
2522 2345 2805 2414 proficient
2833 2347 2997 2400 Deum
3054 2346 3389 2404 oti‘endentes
3415 2359 3471 2403 et

1889 2444 2105 2488 sanctos
2132 2433 2504 2499 criminantes,
2535 2443 2590 2488 et
2614 2434 2784 2489 eﬂ‘use
2810 2434 3115 2502 irridentes,
3134 2436 3177 2490 si
3203 2437 3332 2506 quid
3360 2437 3468 2492 Deo

1889 2537 2109 2577 suorum
2133 2522 2291 2577 ﬁdem
2322 2523 2571 2591 probanti
2613 2523 2733 2579 illos
2765 2525 2968 2591 perpeti
3029 2527 3335 2596 contigerit.
3380 2526 3469 2582 ln—

1886 2614 2016 2669 utile
2035 2613 2177 2669 enim
2202 2614 2394 2668 evadet
2414 2627 2573 2675 onme
2592 2628 2778 2667 eorum
2797 2614 3212 2680 munimentum,
3238 2618 3337 2672 hoc
3360 2629 3464 2686 est,

1885 2720 2046 2762 omne
2092 2720 2199 2775 quo
2259 2703 2664 2760 circumdantur
2704 2718 2769 2758 ac
2814 2706 3117 2773 sepiuntur,
3175 2717 3231 2760 et
3281 2711 3469 2776 praesi~

1887 2796 2299 2867 diumquodvis,
2352 2806 2406 2851 et
2456 2796 2654 2851 divitia:
2698 2795 2834 2849 nihil
2880 2799 3150 2852 commodi
3203 2798 3465 2865 alie-rent,

1888 2893 2015 2959 quin
2053 2891 2229 2960 potius
2250 2888 2655 2958 populatoribus
2678 2888 2879 2943 addent
2908 2889 3141 2945 animos.

195 2974 388 3026 παθεῖν
423 2976 645 3041 αὐτοὺς,
676 2980 849 3034 πλατὺ
878 2982 934 3035 δὲ
963 2983 1236 3051 γελῶντας
1264 2986 1311 3038 εί
1338 2986 1621 3057 δοκιμάζοι
1651 2985 1781 3048 Θεὸς
1819 2983 1925 3037 τῶν
1991 2981 2137 3035 ἰδίων
2162 2981 2266 3051 τὴν
2334 2980 2537 3034 πίστιν.
2558 2980 2841 3050 ’Λπονήσει
2870 2980 2979 3050 γὰρ
3006 2982 3185 3035 αὐτῶν
3210 2984 3317 3037 πᾶν
3339 2985 3469 3054 ὀχύ-

195 3080 377 3134 ρωμα,
410 3070 681 3135 τουτέστι,
721 3074 871 3126 πᾶσα
923 3077 1208 3148 περιϐολὴ,
1253 3079 1344 3133 καὶ
1379 3081 1486 3143 πᾶς
1512 3078 1809 3149 ἀσφαλείας
1888 3076 2121 3149 τρόπος’
2162 3075 2313 3129 οὐδὲν
2348 3074 2403 3126 δὲ
2435 3073 2569 3137 ὅλως
2618 3074 2645 3125 ὀ
2692 3071 2921 3137 πλοῦτος
2974 3076 3178 3146 ὀνήσει,
3209 3076 3363 3129 ἔσται
3408 3079 3469 3133 ἐξ

201 3160 399 3227 μᾶλλον
447 3157 604 3225 οὗτος
646 3168 759 3230 τοῖς
788 3168 1006 3235 εἰωθόσι
1037 3173 1341 3243 καταὸῃοῢν
1378 3174 1480 3243 τῆς
1513 3178 1591 3238 εἰς
1625 3175 1782 3227 τοῦτο
1821 3171 2130 3243 προθυμίας
2161 3170 2336 3233 ὀλκός.

269 3253 401 3306 ἰδοι
435 3254 483 3307 δ’
509 3256 574 3309 ἄν
606 3275 688 3321 τις
719 3261 813 3313 καὶ
843 3261 934 3316 νῦν
960 3266 1083 3327 τοὺς
1122 3265 1387 3337 Ἑλλήνιον
1416 3269 1609 3331 παῖδας
1643 3268 1784 3338 μέγα

1950 3267 2125 3335 Atque
2152 3266 2286 3319 adeo
2326 3280 2467 3319 nunc
2490 3281 2701 3335 quoque
2726 3266 2907 3320 videas
2941 3264 3157 3321 Graecos
3218 3269 3286 3321 ob
3313 3283 3467 3321 mun-

202 3344 298 3412 μὲν
325 3346 663 3417 φρονοῦντας
708 3352 800 3404 ἐπὶ
850 3354 1013 3425 σοφίᾳ
1060 3361 1322 3429 κοσμικῇ,
1351 3360 1443 3411 καὶ
1472 3359 1658 3431 ὥσπερ
1691 3360 1784 3413 ἐπὶ

200 3437 541 3509 ὀχυρώμασι,
569 3444 689 3504 ταῖς
716 3445 779 3497 ἐκ
814 3445 1165 3503 πολυπλόκων
1216 3450 1587 3521 συλλογισμῶν
1636 3453 1779 3506 ἀπά-

198 3544 335 3592 ταις,
376 3532 541 3599 μόνον
575 3532 633 3585 δὲ
684 3536 804 3605 οὐχὶ
836 3536 933 3607 τὴν
983 3540 1120 3592 ἰδίαν
1146 3541 1433 3611 πλάνησιν,
1468 3546 1533 3613 τῇ
1570 3544 1669 3613 τῆς
1694 3546 1783 3597 εύ-

200 3616 466 3684 γλωττέας
491 3620 718 3693 δυνάμει
747 3624 1186 3696 διατειχίζοντας,
1222 3632 1315 3684 κα)⁸
1352 3632 1784 3687 καταπλουτοῦν-

201 3724 295 3773 τας
341 3710 484 3774 λίαν,
512 3714 572 3765 τὸ
611 3716 687 3777 ὡς
719 3716 777 3767 ὲν
823 3716 964 3781 λέξει
1009 3718 1259 3792 λαμπρὸν
1287 3723 1362 3787 ὡς
1396 3725 1657 3795 ἄργυρον,
1690 3726 1783 3779 καὶ

197 3800 272 3863 ὡς
304 3804 362 3855 ἑν
391 3805 542 3867 τάξει
588 3807 789 3875 χρυσοῦ
826 3809 886 3862 τὸ
918 3811 976 3863 ὲν
1005 3813 1238 3881 νοήμασι
1278 3815 1476 3885 τίμιον.
1512 3817 1659 3886 Πλὴν
1688 3818 1783 3872 καὶ

195 3895 370 3959 οὕτως
400 3898 623 3967 ἔχοντας
652 3902 1127 3975 κεκληρονόμηκεν
1144 3908 1172 3959 ὀ
1190 3908 1442 3978 Χριστός.
1467 3909 1782 3981 Καθῄρηται

199 3990 301 4055 μὲν
332 3989 442 4060 γὰρ
470 3991 539 4043 τὰ
575 3992 928 4063 ὀχυρώματα,
965 3999 1229 4065 τουτέστι,
1261 4000 1582 4057 πεπτώκασι
1624 4004 1691 4057 τὰ
1724 4004 1783 4070 ἐξ

195 4082 417 4152 ἀπάτης
446 4085 746 4154 εύρὲματα,
776 4086 1103 4157 διήρπασται
1127 4092 1185 4145 δὲ
1215 4094 1310 4146 καὶ
1330 4093 1386 4147 τὸ
1420 4096 1661 4166 χρυσίον,
1690 4097 1784 4150 καὶ

195 4174 258 4227 τὸ
286 4175 566 4247 ἀργύριον.
584 4180 645 4232 Οἱ
674 4180 783 4250 γάρ
804 4197 883 4234 τοι
911 4183 1050 4236 κατὰ
1075 4186 1295 4256 καιροὺς
1322 4187 1431 4240 τῶν
1447 4188 1781 4259 Ἐκκλησιῶν

196 4268 634 4338 προεστηκότες,
688 4271 880 4343 ἄνδρες
930 4273 1229 4345 ἐλλόγιμοι,
1291 4279 1384 4332 καὶ
1450 4281 1622 4349 σοφοὶ,
1679 4282 1782 4352 τῆς

196 4359 422 4412 ἐκείνων
456 4361 792 4429 εὐγλωττίας
823 4364 922 4436 τὴν
948 4366 1176 4438 δύναμιν
1220 4371 1301 4432 εἰς
1343 4372 1569 4436 ἑαυτοὺς
1597 4374 1779 4444 ἁρπά-

196 4466 413 4513 σαντες,
445 4451 589 4521 ἱερὸν
620 4454 877 4525 ἀνάθημα
909 4458 1229 4529 πεποίηνται
1263 4461 1341 4531 τῷ
1372 4461 1492 4532 Θεῷ
1522 4464 1635 4526 τοῖς
1678 4464 1781 4533 τῆς

194 4539 431 4604 πίστεως
454 4543 920 4614 ὲπαγωνιζόμενοι
940 4547 1140 4616 λόγοις,
1160 4550 1373 4621 καὶτῆς
1400 4551 1531 4622 παρ’
1552 4552 1779 4617 ἐκείνοις

1890 3360 2081 3414 danam
2113 3358 2428 3427 sapientiam
2462 3356 2665 3424 eﬂ‘erri,
2695 3369 2749 3413 et
2776 3359 2920 3412 velut
2963 3359 3013 3410 in
3053 3361 3467 3428 propugnaculis

1889 3451 1942 3505 in
1975 3450 2286 3505 multifariis
2310 3450 2744 3521 syllogismorum
2770 3450 3016 3514 fallaciis,
3072 3459 3126 3505 et
3179 3466 3467 3520 propemo-

1888 3544 2014 3597 dum
2045 3557 2287 3598 errorem
2319 3557 2474 3597 suum
2510 3544 2779 3597 facundiae
2810 3545 2859 3596 vi
2897 3554 3148 3613 tauquam
3183 3559 3339 3598 muro
3378 3559 3467 3599 se.

1886 3635 2116 3704 pientes,
2145 3634 2428 3690 acmirum
2481 3634 2535 3688 in
2584 3635 2799 3689 modum
2874 3634 3173 3704 locupletes
3228 3636 3465 3691 dictiOne

1886 3726 2165 3794 Splendida
2190 3736 2248 3779 ut
2273 3734 2517 3793 argento,
2548 3733 2602 3779 et
2634 3725 2811 3780 sensis
2850 3724 3016 3778 animi
3076 3724 3354 3792 praeclaris
3407 3738 3466 3779 ut

1887 3833 2039 3872 auro.
2081 3816 2648 3871 Verumtamenetiam
2698 3817 2778 3869 sic
2830 3824 3172 3883 comparatos
3225 3817 3466 3884 possedit

1884 3907 2154 3964 Christus.
2184 3907 2480 3962 Destruetae
2505 3916 2633 3959 sunt
2670 3906 2815 3961 enim
2850 3905 3199 3969 munitiones,
3230 3906 3332 3961 hoc
3381 3918 3466 3962 est

1884 4000 2194 4056 ceciderunt
2228 3999 2444 4052 inventa
2478 3997 2729 4061 fallaciae,
2760 3996 3028 4063 direptum
3058 4005 3145 4050 est
3184 4012 3376 4051 aurum
3409 4008 3465 4054 et

1882 4101 2188 4160 argentum.
2215 4090 2317 4157 Qui
2348 4090 2491 4145 enim
2524 4089 2636 4143 suis
2666 4088 2868 4159 quique
2894 4087 3228 4156 temporibus
3296 4088 3465 4161 732

1884 4188 2141 4244 Eeclesiis
2171 4186 2526 4257 praefuerunt,
2557 4183 2655 4238 viri
2710 4182 3027 4252 eloquentes
3062 4190 3117 4238 et
3169 4185 3462 4254 sapientes,

1882 4294 2070 4335 eorum
2097 4278 2417 4347 eloquentiae
2451 4275 2761 4330 facultatem
2801 4275 2867 4328 ad
2908 4288 2967 4329 se
3002 4274 3322 4340 derivatam,
3380 4288 3466 4330 sa-

1882 4387 2034 4428 crum
2080 4372 2192 4427 Deo
2221 4350 2507 4425 anathema
2530 4368 2794 4430 fecerunt,
2819 4380 2919 4435 pro
2936 4364 3060 4421 ﬁdei
3077 4366 3325 4422 doctrina
3371 4366 3466 4424 de-

1882 4474 2170 4530 certantes,
2212 4472 2265 4517 et
2299 4465 2652 4530 imposturam
2684 4460 2922 4529 ipsorum
2985 4459 3261 4513 uberrime
3302 4459 3467 4513 veris-

1882 4559 2123 4628 simeque
2151 4555 2469 4610 refutantes.
2504 4551 2619 4607 Hoc
2653 4555 2816 4607 etiam
2850 4549 3097 4605 fecerunt
3123 4548 3459 4604 lsraelitae".

193 4631 415 4699 ἀπάτης
446 4632 708 4706 πλείστην
733 4654 793 4689 τε
825 4638 975 4711 ὅσην,
1010 4640 1102 4693 καὶ
1132 4641 1306 4711 ἀληθῆ
1346 4642 1655 4713 ποιούμενοι
1681 4644 1781 4714 τὴν

1884 4644 2107 4699 Mutttati
2134 4644 2277 4698 enim
2303 4643 2370 4695 ab
2392 4640 2659 4712 Algyptiis
2687 4654 2813 4696 vasa
2844 4652 3009 4694 aurea
3032 4647 3087 4693 et
3112 4647 3390 4709 argentea,
3410 4650 3467 4693 et

193 4725 566 4795 κατάρρησιν.
602 4728 925 4800 Πεπρὰχασι
963 4731 1204 4786 τοιοῦτον
1233 4735 1324 4787 καὶ
1359 4735 1409 4786 οἱ
1444 4734 1503 4799 ἐξ
1541 4735 1777 4806 Ἰσραήλ.

192 4816 546 4885 Χρησὰμενοι
579 4819 689 4889 γὰρ
716 4822 867 4893 παρὰ
910 4824 1019 4878 τῶν
1056 4826 1373 4893 Αἰγυπτίων
1405 4826 1570 4898 σκεύη
1603 4831 1783 4897 χρυσᾶ

194 4908 295 4959 καὶ
311 4908 551 4979 ἀργυρᾶ,
570 4911 663 4962 καὶ
681 4912 1074 4979 σκυλεύσαντες
1099 4917 1226 4980 τοὺς
1257 4917 1779 4990 πλεονεκτήσαντας,

192 4999 549 5067 προσήγαγον
575 5001 749 5054 ταῦτα
781 5004 924 5057 κατά
954 5004 1051 5075 τὴν
1066 5005 1272 5077 ἔρημον
1289 5007 1367 5079 τῷ
1389 5009 1642 5079 παναγίῳ
1662 5009 1782 5081 Θεῷ

190 5093 751 5165 κατασκευαζομένης
802 5097 902 5166 τῆς
954 5098 1113 5166 ἁγίας
1169 5101 1393 5172 σκηνῆς,
1424 5102 1521 5155 καὶ
1560 5101 1667 5155 τῶν
1718 5104 1776 5155 ὲν

189 5179 378 5242 αὐτοῖς
410 5181 623 5235 σκευῶν
656 5183 835 5254 ίερῶν.
878 5187 1088 5241 Οὐκοῦν
1108 5191 1156 5241 οί
1179 5189 1264 5243 διὰ
1288 5190 1479 5259 σοφίας
1505 5192 1778 5263 κοσμικῆς

186 5270 292 5321 καὶ
314 5269 470 5339 λόγου
499 5275 856 5347 φαιδρότητος
876 5279 1284 5349 οἰκοδομοῦντες
1313 5283 1412 5355 τὴν
1427 5283 1776 5354 Ἐκκλησίαν,

185 5364 551 5433 διαρπάζουσί
590 5385 653 5421 τε
698 5371 822 5432 τοὺς
851 5370 1119 5442 Ἑλλήνων
1152 5374 1372 5439 παῖδας,
1404 5375 1498 5429 καὶ
1527 5375 1690 5429 οἱονεὶ
1718 5376 1781 5428 τὸ

186 5458 417 5525 χρυσίον
448 5460 648 5521 αὐτῶν,
672 5463 765 5515 καὶ
790 5463 849 5515 τὸ
874 5465 1136 5535 ἀργύριον
1166 5468 1229 5519 ὲκ
1264 5467 1463 5538 πολλῆς
1492 5468 1633 5537 ἄγαν
1660 5468 1799 5536 ἐπιδ

184 5550 399 5614 εικείας
450 5554 1017 5623 καταπλουτήσαντες,
1051 5559 1250 5629 κλῆρον
1290 5560 1451 5615 αὐτὸν
1498 5559 1776 5614 ποιοῦνται

264 5724 313 5755 ’³
351 5727 521 5783 Ετοι-ἰ.
558 5745 643 5795 ιιι,
685 5729 777 5796 21,
822 5730 913 5785 22.

469 5820 753 5881 ΡΑτιιοι..
792 5820 907 5881 Gn.
956 5822 1199 5884 LXXII.

1880 4736 2120 4808 spoliatis
2145 4734 2342 4802 iniquis
2371 4733 2620 4794 dominis,
2651 4746 2714 4787 ea
2754 4732 2811 4786 in
2858 4730 3150 4787 solitudine
3204 4728 3316 4786 Deo
3344 4745 3466 4785 sau-

1880 4828 2123 4883 etissimo
2149 4824 2486 4888 obtulerunt,
2523 4822 2789 4878 fabricato
2816 4822 2942 4878 inde
3005 4823 3378 4887 tabernaculo,
3410 4835 3466 4879 et

1878 4921 2023 4975 vasis
2045 4918 2213 4973 sacris
2229 4916 2296 4971 ad
2324 4928 2480 4969 usum
2518 4916 2655 4983 ejus.
2682 4913 2827 4985 Ergo
2848 4915 2939 4984 qui
2996 4928 3096 4983 per
3140 4913 3463 4983 sapientiam

1880 5010 2233 5074 mundanam,
2259 5014 2313 5063 et
2336 5005 2605 5061 sermonis
2630 5003 2980 5074 splendorem
3016 5004 3310 5059 Ecclesium
3333 5003 3465 5060 acdi-

1891 5103 2117 5159 lieantes
2146 5100 2370 5156 Graecos
2394 5097 2675 5168 diripiunt,
2699 5097 2931 5165 etquasi
2987 5111 3121 5152 auro
3164 5110 3351 5151 eorum
3407 5105 3466 5153 et

1890 5206 2114 5267 argento
2137 5193 2442 5263 aequissime
2467 5192 2760 5257 ditescant,
2793 5188 2997 5243 faciunt
3020 5202 3082 5242 ea
3158 5188 3463 5257 possessio-

1878 5304 2002 5344 nem
2038 5286 2359 5349 Domino,ad
2379 5284 2606 5354 gloriam
2629 5281 2748 5349 ejus
2770 5281 3071 5351 spectantia
3098 5280 3221 5336 aliis
3238 5283 3463 5353 loquen-

1881 5392 1980 5446 tes,
2004 5390 2057 5435 et
2114 5380 2325 5433 illorum
2357 5379 2570 5447 quidem
2611 5376 2964 5431 munitionem
3013 5385 3342 5442 evertentes,
3406 5388 3461 5433 et

1877 5485 1997 5539 quae
2027 5468 2596 5536 intelligitursanctam
2625 5465 2921 5531 civitatem,
2941 5481 3135 5538 nempe
3159 5468 3459 5525 Ecetesiam

1878 5561 2226 5617 aedificantes.
