3936 6318
537 310 642 369 159

1572 300 1627 353 S.
1670 298 1943 353 CYIilLLl
1981 296 2450 373 ALLXANDRIM
2488 296 2807 349 ARCHIEP.

3696 300 3791 347 HU

538 421 697 487 Θεοῦ,
732 421 796 475 τὰ
844 417 922 481 εἰς
951 416 1107 481 δόξαν
1146 415 1311 469 αὑτοῦ
1346 412 1633 475 λαλοῦντες
1667 412 1894 482 ἑτέροις,
1929 412 2023 466 καὶ
2052 411 2117 464 τὰ
2158 413 2257 483 μὲν
2312 412 2534 466 ἐκείνων
2556 411 2887 482 ὀχυρώματα
2940 405 3427 479 καταστρέφοντες,
3453 402 3789 477 οἰκοδομοῦν-

536 535 627 579 τες
660 515 717 568 δὲ
748 511 953 582 νοητῶς
996 510 1092 579 τὴν
1140 508 1303 575 ἁγίαν
1352 507 1529 573 πόλιν,
1573 505 1822 560 τουτέστι
1858 507 1958 576 τὴν
1998 505 2347 577 Ἐκκλησίαν.

609 607 770 659 Vens.
808 604 859 668 5,
891 602 942 654 6.
984 599 1185 654 Videbit
1242 598 1490 662 Ascalon,
1525 607 1571 651 et
1600 598 1837 651 timebit:
1864 607 1912 651 et
1949 597 2115 661 Casa.
2148 606 2193 663 Α

532 708 576 749 et
606 694 798 748 dolebit
835 692 1026 757 nimis;
1049 701 1097 745 et
1122 691 1383 756 Arcaron,
1412 692 1535 759 quia
1558 691 1777 759 confusa
1825 699 1901 744 est
1930 707 1961 744 a
2024 705 2111 758 spe

530 804 647 839 sua.
676 785 741 837 Et
764 784 950 853 peribit
974 799 1065 837 rea:
1097 784 1160 836 de
1186 780 1353 849 Gaza,
1372 792 1418 835 et
1444 782 1669 835 Ascalon
1701 797 1803 835 non
1848 780 2111 835 habitabi—

530 886 634 925 ηπ.
668 870 732 924 Et
759 870 1067 940 alienigena:
1095 871 1405 925 habitabunt
1427 871 1480 925 in
1518 871 1710 939 Azoto,
1747 880 1795 926 et
1842 871 2111 926 destruant

529 966 827 1033 superbiam
860 962 1300 1033 alienigenarum.

601 1144 734 1199 LIV.
770 1143 938 1209 Bello,
968 1150 1023 1197 et
1052 1142 1259 1212 prteliis
1277 1142 1551 1211 regionem
1616 1141 2024 1207 invadentibus,
2053 1140 2114 1194 ﬁ-

534 1238 809 1293 dentiores
832 1245 887 1290 et
911 1236 1051 1290 bona
1079 1248 1175 1303 spe
1204 1234 1506 1289 erectiores
1537 1242 1668 1288 sunt
1700 1232 1992 1303 aliquando
2018 1248 2110 1287 ur-

534 1332 628 1385 bes
657 1329 793 1398 ejus.
824 1328 1067 1383 Credunt
1090 1328 1235 1382 enim
1266 1327 1333 1381 de
1363 1325 1614 1382 hostibus
1646 1337 1738 1381 aut
1768 1326 2117 1381 multitudine

534 1423 907 1487 incolentium,
936 1430 1032 1474 aut
1064 1420 1328 1475 lirmitate
1350 1420 1637 1485 moenium,
1680 1427 1735 1473 et
1756 1418 1986 1475 scientia
2016 1419 2117 1471 mi-

531 1514 676 1570 litari
699 1514 983 1569 victoriam
1021 1511 1308 1567 relaturos.
1345 1510 1498 1577 Quod
1521 1511 1567 1565 si
1598 1510 1864 1579 quaepiam
1898 1510 1963 1563 de
1986 1508 2118 1577 ipsis

532 1607 801 1676 capiatur,
827 1620 949 1674 qua:
982 1603 1360 1672 potentissima
1387 1603 1493 1658 dici
1524 1612 1761 1672 poterat,
1810 1612 1935 1657 tunc
1964 1616 2117 1667 sane,

530 1709 659 1752 tunc
683 1696 932 1765 quaelibet
966 1695 1151 1750 timori
1170 1695 1499 1760 succumbit,
1525 1704 1579 1750 et
1605 1710 1755 1764 spem
1796 1694 2001 1762 abiicit,
2036 1693 2117 1747 ef-

530 1786 789 1857 fugiendi,
815 1786 1115 1856 inquam,et
1136 1796 1192 1841 ut
1216 1795 1489 1857 prostrata
1506 1787 1617 1856 jam
1645 1786 1989 1842 lamentatur.
2011 1786 2117 1841 Ca-

530 1890 622 1947 pta
655 1879 817 1947 igitur
843 1878 978 1933 adeo
1011 1879 1327 1950 conspicua,
1353 1887 1405 1934 et
1424 1878 1783 1944 validissima,
1809 1886 1865 1933 et
1919 1877 2121 1932 divitiis

2298 599 2546 667 Ὀψεται
2585 594 2909 657 Ἀσκάλων,
2943 594 3040 649 καί
3078 591 3484 661 φοϐηθήσεται
3504 605 3519 620 ο
3552 589 3649 643 καί
3678 588 3789 645 Γά-

2216 689 2301 755 ζα,
2346 688 2448 741 καὶ
2494 685 2934 754 όδυνηθήσεται
2981 682 3248 751 σφόδρασ
3306 680 3406 734 καί
3471 678 3790 745 Ἀκκαρὼν,

2214 780 2304 832 ὅτι
2338 780 2615 847 ᾐσχύνθη
2658 777 2775 832 ἀπὸ
2823 775 2933 844 τῆς
2974 773 3222 838 ἐλπίδος
3267 769 3477 836 αὐτῆς.
3510 769 3618 824 Kal
3651 770 3790 824 ἀπο-

2214 870 2406 927 λεῖται
2446 868 2745 935 ,βασιλεὺς
2790 868 2857 922 ἐκ
2890 864 3102 933 Γάζης,
3131 862 3230 917 καὶ
3276 862 3588 916 Ἀσκάλων
3620 862 3690 915 οὐ
3710 862 3790 930 μὴ

2214 961 2561 1030 κατοικηθῇ.
2626 962 2735 1014 Kal
2800 958 3273 1025 κατοικήσουσιν
3326 954 3680 1025 ἀλλογενεῷ
3732 953 3793 1007 ἐν

2229 1053 2468 1121 Ἀζώτῳ,
2504 1054 2602 1109 καί
2636 1051 2869 1108 καθελῶ
2898 1052 3071 1120 ὕϐριν
3097 1049 3489 1117 ἀλλοφύλων.

2287 1147 2411 1201 ΝΔ⁹.
2453 1149 2582 1199 Ὅτε
2625 1145 2864 1215 πολέμου
2914 1143 3008 1197 καὶ
3070 1142 3250 1213 μάχης
3303 1140 3508 1212 ἐμϐολὴ
3572 1138 3792 1197 κατανέ-

2221 1256 2381 1310 μεται
2405 1238 2611 1309 χώραν,
2640 1237 3067 1309 εὐθαρσέστεραί
3097 1236 3212 1300 πώς
3242 1236 3366 1298 εἰσι,
3392 1234 3485 1286 καὶ
3509 1233 3566 1285 ἐν
3591 1230 3791 1285 ἐλπίσιν

2219 1330 2329 1383 ἔσθ’
2362 1330 2450 1384 ὅτε
2480 1331 2762 1402 χρησταῖς,
2791 1331 2845 1382 αἰ
2867 1330 2985 1383 κατ’
3010 1327 3176 1398 αὐτὴν
3210 1325 3409 1388 πόλεις.
3429 1323 3647 1376 υῖονται
3668 1321 3789 1393 γάρ,

2217 1421 2298 1474 ὅτι
2328 1420 2671 1493 περιέσονται
2705 1419 2813 1473 τῶν
2841 1419 3049 1489 ἐχθρῶν
3098 1419 3133 1489 ἢ
3177 1417 3256 1487 τῷ
3304 1416 3495 1486 πλήθει
3525 1415 3631 1467 τῶν
3665 1416 3793 1468 ἐνοι-

2218 1511 2457 1565 κούντων
2507 1512 2721 1575 αὑταῖς,
2755 1512 2787 1581 ἢ
2844 1512 3039 1580 τειχῶν
3083 1509 3393 1580 ὀχυρότητι,
3422 1507 3515 1560 καὶ
3547 1508 3667 1568 ταῖς
3694 1504 3792 1557 τῶν

2218 1603 2489 1658 τακτικῶν
2538 1604 2886 1673 ἐπιστήμαις.
2921 1604 2983 1654 Εἰ
3035 1602 3092 1655 δὲ
3137 1601 3200 1671 δὴ
3250 1601 3458 1669 γένοιτο
3506 1598 3613 1651 τῶν
3651 1595 3792 1667 παρά

2222 1713 2405 1765 σφισιν
2454 1695 2657 1749 ἁλῶναι
2706 1695 2856 1765 μίαν,
2896 1696 3040 1765 ἥπερ
3074 1693 3139 1748 ἂν
3169 1694 3380 1761 λέγοιτο
3424 1691 3789 1759 δυνατωτάτη,

2220 1786 2339 1839 τότε
2366 1786 2449 1857 δὴ,
2480 1788 2600 1841 τότε
2630 1788 2778 1840 πᾶσα
2805 1787 2900 1856 μὲν
2930 1786 3146 1851 ὀκλάζει
3172 1785 3306 1856 πρὸς
3328 1784 3464 1848 δέος,
3488 1781 3792 1836 ἀποσείεται

2221 1879 2406 1950 δὲτὴν
2438 1879 2646 1946 ἐλπίδα,
2686 1880 2784 1949 τὴν
2832 1878 2925 1932 τοῦ
2977 1880 3166 1948 φυγεῖν
3215 1875 3473 1930 δύνασθαι
3512 1876 3675 1946 φημὶ,
3709 1874 3793 1927 καὶ

532 1970 733 2024 referta
762 1989 775 2024 :
810 1988 828 2020 ι
864 1969 1333 2039 Timebit,inquit,
1355 1970 1610 2035 Ascalon,
1635 1979 1691 2025 et
1713 1970 1859 2025 Gaza
1894 1969 2114 2036 dolebit,

2224 1975 2293 2035 ὡς
2322 1971 2560 2026 πεσοῦσα
2595 1972 2799 2044 Θρηνεῖ.
2816 1972 3077 2042 Ἀλούσης
3101 1971 3164 2042 δὴ
3191 1966 3284 2024 οὖν
3308 1971 3406 2042 τῆς
3431 1968 3571 2021 οὕτω
3604 1968 3791 2034 διαφα-

534 2074 698 2132 atque
728 2063 893 2118 etiam
918 2063 1185 2119 Accaron.
1220 2084 1240 2116 ι
1298 2064 1475 2119 Urbes
1504 2071 1631 2118 sunt
1682 2061 2112 2117 Palaestinorum.

432 2201 439 2207 .
536 2155 746 2208 Dolebit
769 2162 969 2218 autem,
1001 2171 1020 2204 ι
1053 2155 1177 2223 quia
1206 2155 1431 2211 confusa
1472 2165 1559 2210 est
1588 2168 1616 2208 a
1652 2169 1749 2224 spe
1784 2168 1904 2209 sua.
1945 2172 1965 2205 ι
2012 2152 2119 2207 Pu-

536 2249 721 2301 tabant
746 2248 889 2302 enim
925 2247 1211 2317 Tyriorum
1244 2250 1389 2304 vires
1425 2248 1527 2303 sibi
1575 2262 1790 2318 quoque
1854 2247 1921 2302 ad
1964 2248 2119 2300 auxi-

535 2336 660 2388 lium
683 2336 815 2390 satis
831 2335 969 2389 l'ore.
1005 2336 1111 2391 Sed
1143 2346 1426 2406 postquam
1461 2352 1677 2393 eversas
1723 2337 1995 2401 viderunt,
2052 2338 2119 2393 de

532 2442 626 2495 spe
654 2428 990 2482 deciderunt.
1018 2427 1083 2481 Et
1106 2428 1267 2484 Gazae
1290 2430 1510 2499 quidem
1546 2430 1798 2500 princeps
1829 2441 2120 2485 evanescet

535 2519 730 2587 inquit,
756 2528 939 2587 utpote
964 2520 1311 2588 disperditus.
1363 2520 1695 2577 llabitabunt
1741 2531 1922 2577 autem
1982 2522 2115 2577 alie-

533 2612 740 2680 nigenae
780 2612 831 2665 in
868 2611 1057 2675 Azoto,
1110 2610 1251 2669 bello
1296 2616 1658 2683 consumptis,
1710 2622 1768 2669 ut
1826 2624 2115 2671 consenta-

533 2718 693 2757 neum
727 2714 809 2758 est
846 2705 1129 2777 indigenis.
1159 2707 1321 2762 Addit
1357 2707 1464 2771 his,
1496 2726 1515 2759 ι
1554 2706 1837 2762 Destruam
1863 2708 2118 2777 alienigeo

538 2810 657 2861 nas,
696 2815 714 2847 ι
748 2796 862 2849 sive
892 2796 1222 2862 Palaestinos,
1260 2813 1417 2866 quos,
1446 2808 1501 2851 ιιι
1525 2800 1824 2864 consuevit,
1869 2798 2119 2870 alienige-

536 2903 631 2941 nas
658 2887 905 2957 appellat.
941 2887 1181 2953 Possint,
1248 2888 1293 2941 si
1347 2888 1430 2942 cui
1480 2887 1736 2957 placebit,
1780 2897 1836 2943 et
1860 2890 1928 2944 ad
1980 2888 2116 2945 alias

534 2989 722 3047 gentes
752 2995 870 3048 qua:
900 2990 1162 3035 vexarunt
1195 2978 1469 3046 lsraelem,
1511 2980 1628 3035 haec
1652 2979 1814 3035 verba
1853 2980 2115 3036 transfer-

534 3070 605 3135 ri,
628 3070 787 3141 733
817 3072 1154 3137 soniines,et
1202 3069 1507 3127 Iudaeorum
1556 3071 1776 3127 vicinas.
1845 3071 2112 3127 Czeterum

535 3163 648 3217 haec
680 3162 882 3217 anobis
915 3162 1110 3216 iterum
1156 3172 1214 3217 ut
1245 3161 1437 3218 littera:
1505 3163 1911 3218 accommodata
1971 3163 2111 3219 dicta

472 3261 477 3265 ’
532 3263 711 3311 sunto.

2223 2064 2374 2128 νοῦς,
2413 2065 2935 2135 κα“ιὰλκιμωτάτης,
2976 2064 3070 2117 καὶ
3098 2062 3314 2133 πλούτῳ
3354 2058 3634 2139 κομώσης,
3660 2078 3677 2108 ι
3706 2058 3795 2108 Φο-

2220 2154 2517 2225 ϐηοήσεται
2558 2155 2675 2224 μὲν,
2708 2157 2892 2226 φησὶν,
2934 2158 2967 2226 ὴ
3015 2153 3314 2217 Ἀσκάλων,
3346 2151 3439 2204 καὶ
3462 2147 3793 2218 ὼδυνηθήσεο

2217 2267 2307 2302 ται
2333 2249 2499 2314 Γάζα,
2531 2249 2626 2302 καὶ
2659 2250 2767 2319 μὴν
2802 2250 2895 2303 καὶ
2935 2246 3238 2318 Ἀκκαρών.
3274 2262 3292 2297 ι
3329 2245 3521 2306 Πόλεις
3553 2242 3609 2295 δὲ
3640 2237 3794 2294 αὗται

2218 2340 2324 2393 τῶν
2375 2326 3209 2411 Παλαιστινῶν.Ὀδυνηοήσεται
3256 2337 3334 2401 δὲ,
3389 2355 3406 2387 ι
3436 2335 3517 2387 ὅτι
3556 2330 3793 2404 ᾑσχρνοη

2218 2433 2325 2486 ἀπὸ
2377 2436 2473 2504 τῆς
2528 2432 2741 2497 ἐλπίδος
2786 2435 2974 2505 αὐτῆς.
3013 2451 3031 2484 ι
3064 2433 3256 2503 ᾬοντο
3296 2430 3394 2501 μὲν
3432 2427 3561 2499 γὰρ,
3596 2423 3795 2479 ὅτικαί

2218 2525 2408 2587 αὑταῖς
2459 2526 2669 2593 ἰσχύσει
2719 2523 2855 2595 πρὸς
2901 2522 3221 2595 ἐπικουρίαν
3280 2522 3315 2592 ἡ
3363 2518 3574 2591 Τυρίων
3625 2514 3792 2585 ἰσχύς-

2230 2617 2446 2686 Ἐπειδὴ
2486 2616 2543 2669 δὲ
2594 2618 2854 2687 κειμένην
2904 2616 3231 2681 τεθέανται,
3285 2613 3455 2684 ταύτῃ
3503 2627 3588 2664 τοι
3617 2607 3795 2665 λοιπὸν

2217 2709 2634 2781 ἀπωλισθηκασι
2672 2709 2774 2779 τῆς
2815 2708 3050 2772 ἐλπίδος.
3089 2710 3201 2762 Καὶ
3237 2709 3265 2760 ὁ
3306 2705 3402 2776 μὲν
3433 2704 3609 2774 Γάζης
3640 2702 3798 2773 ἡγούο

2222 2818 2379 2870 μενος
2422 2801 2725 2871 οἰχήσεται,
2759 2802 2945 2872 φησιν,
2979 2797 3274 2863 ἀπολωλὼς
3316 2796 3576 2867 δηλονότι.
3611 2796 3800 2848 Κατοι-

2220 2895 2448 2964 κήσουσι
2495 2894 2550 2946 δὲ
2597 2893 2903 2960 άλλογενεῖς
2952 2892 3008 2945 ἐν
3047 2892 3291 2961 Ἀζώτῳ,
3320 2888 3794 2960 δεδαπανημένων,

2216 2986 2357 3040 κατὰ
2382 2986 2444 3038 τὸ
2476 2986 2643 3049 εἰκὸς,
2678 2985 2755 3055 τῷ
2786 2984 3006 3055 πολέμῳ
3049 2984 3159 3036 τῶν
3190 2982 3511 3050 αὐθιγενῶν.
3530 2980 3797 3046 Ἐπιλέγει

2214 3077 2271 3130 δὲ
2321 3078 2552 3142 τούτοις,
2595 3078 2676 3129 ὅτι
2731 3094 2749 3127 ι
2777 3076 3007 3130 Καθελῶ
3056 3075 3183 3138 τοὺς
3233 3072 3583 3142 ἀλλοφύλους,
3619 3091 3638 3123 ι
3688 3073 3795 3142 ἦτοι

2212 3170 2340 3233 τοὺς
2388 3168 2799 3231 Παλαιστινοὺς,
2835 3167 2929 3230 οὒς
2963 3165 3219 3237 ὀνομάζει
3272 3164 3720 3235 συνήθως.“Ηκοι
3746 3161 3797 3216 δ’

2216 3261 2302 3327 ἂν,
2334 3261 2387 3313 εἴ
2426 3261 2490 3327 γέ
2529 3278 2606 3331 τῳ
2648 3261 2814 3327 δοκεῖ,
2846 3260 2939 3314 καὶ
2984 3258 3105 3312 καθ’
3138 3259 3342 3341 ἐτέρων
3386 3254 3556 3309 ἐθνῶν
3593 3257 3624 3309 ὁ
3648 3256 3797 3322 λόγος

532 3346 640 3399 τῶν
662 3346 998 3417 ἠδικηκότων
1026 3346 1114 3400 τὸν
1145 3348 1384 3418 Ἰσραὴλ,
1412 3348 1461 3400 οἳ
1496 3349 1589 3402 καὶ
1616 3344 1755 3421 ἦσαν
1783 3349 1992 3420 ὅμοροι,
2055 3352 2150 3404 καὶ
2186 3353 2286 3423 τῆς
2334 3353 2601 3407 Ἰουδαίων
2655 3353 2912 3422 γείτονες.
2969 3351 3133 3408 Ἀλλὰ
3181 3350 3338 3405 ταυτὶ
3388 3350 3487 3420 μὲν
3539 3352 3695 3420 ἡμῖν,
3725 3347 3795 3409 ὡς

533 3440 669 3510 πρός
699 3456 761 3508 γε
789 3441 880 3493 τὸν
908 3443 965 3495 ἐν
1004 3441 1297 3512 γράμμασι
1326 3443 1502 3511 λόγον,
1536 3444 1817 3515 εἰρήσεται
1856 3444 2038 3499 πάλιν.

606 3533 897 3588 Sciendum
933 3546 1135 3601 autem,
1162 3545 1220 3590 ut
1258 3536 1390 3600 dixi,
1421 3551 1806 3606 nonnunquam
1859 3537 2100 3592 Ecclesia

2278 3533 2490 3587 Εἰδέναι
2542 3533 2598 3587 δὲ
2642 3535 2962 3602 ἀναγκαῖον,
2994 3535 3075 3587 ὅτι
3121 3532 3481 3602 διωκομένης,
3516 3531 3590 3594 ὼς
3640 3532 3794 3603 ἔφην,

532 3627 964 3694 persecutionem
994 3627 1253 3697 patiente,
1295 3626 1475 3681 invadi
1506 3640 1623 3681 eam
1650 3624 2004 3693 borribiliter,
2060 3635 2108 3680 et

534 3718 749 3772 irrideri
785 3719 853 3773 ab
881 3718 1143 3782 hostibus,
1183 3717 1542 3773 clamantibus
1600 3718 1758 3783 forte,
1808 3717 1974 3788 Euge,
2016 3732 2112 3774 eu-

531 3824 617 3877 ge,
675 3820 734 3866 ut
788 3812 1049 3882 scriptum
1098 3819 1182 3865 est
1230 3811 1300 3863 ”.
1363 3809 1745 3865 Verumtamen
1791 3823 2114 3866 succurrens

533 3901 803 3967 Christus,
834 3916 1047 3957 omnem
1079 3916 1265 3957 eorum
1293 3901 1584 3971 potentiam
1617 3900 1940 3971 confringet,
1977 3910 2113 3957 tem-

534 3994 681 4064 plum
718 4010 874 4049 sunm
905 3996 1173 4060 excitans,
1224 4002 1279 4050 et
1336 3993 1747 4050 insidiatoribus
1789 3992 2113 4049 iratissimus

516 4088 1107 4158 suppliciaimponens,
1133 4095 1188 4141 et
1209 4100 1307 4141 ceu
1334 4085 1595 4155 quasdam
1627 4086 1808 4149 urbes,
1842 4083 2110 4139 hmresum

512 4194 860 4249 synagogas,
891 4175 1617 4247 etinsuperidololatrarum
1671 4188 1861 4244 greges
1921 4172 2113 4241 impios

536 4270 703 4323 humo
733 4268 991 4337 afﬂigens.

612 4358 773 4414 Vens.
832 4359 881 4411 7.
922 4357 987 4413 Et
1014 4358 1256 4429 auferant
1318 4357 1626 4428 sanguinem
1686 4369 1865 4409 eorum
1922 4354 1985 4409 de
2025 4371 2112 4410 ore

534 4453 770 4517 illorum,
801 4460 851 4504 et
893 4451 1312 4505 abominationes
1338 4464 1520 4503 eorum
1572 4448 1636 4501 de
1670 4445 1839 4500 medio
1876 4445 2111 4501 dentium

535 4560 736 4597 eorum.
809 4540 879 4596 Et.
936 4542 1291 4609 relinquentur
1350 4549 1396 4594 et
1449 4539 1540 4591 isti
1605 4535 1714 4591 Deo
1784 4546 2007 4600 nostra,
2061 4546 2111 4591 et

533 4645 687 4690 erunt
720 4645 774 4690 ut
833 4634 1069 4688 tribunus
1100 4634 1154 4689 in
1197 4630 1363 4697 Juda,
1390 4640 1436 4684 et
1468 4631 1704 4683 Accaron
1766 4628 1899 4682 sicut
1949 4628 2111 4684 Jebat-

535 4744 695 4781 unus.

606 4816 716 4871 LV.
746 4816 920 4871 Etiam
963 4815 1051 4869 isti
1084 4812 1339 4869 Israelem
1365 4812 1711 4877 devorarunt,
1736 4822 1792 4867 et
1832 4812 2006 4869 instar
2033 4811 2111 4869 l'e-

2216 3624 2326 3677 ἔσθ’
2361 3625 2448 3678 ὅτε
2499 3624 2598 3695 τῆς
2634 3624 2982 3695 Ἐκκλησίας,
3016 3622 3437 3693 συνεπιφύονταί
3482 3640 3541 3676 τε
3586 3622 3793 3686 δεινῶς,

2215 3717 2310 3775 καὶ
2361 3717 2731 3788 ἐπιμειδιῶσιν
2765 3718 2814 3771 οἱ
2844 3718 3064 3789 ἐχθροὶ,
3096 3718 3237 3786 τάχα
3284 3733 3388 3769 που
3437 3714 3688 3785 λέγοντες
3717 3716 3792 3781 τὸ,

2216 3805 2379 3879 Εὖγε,
2410 3808 2558 3879 εὖγε,
2600 3812 2741 3865 κατὰ
2783 3811 2844 3865 τὸ
2888 3810 3293 3881 γεγραμμένον.
3331 3808 3476 3879 Πλὴν
3526 3809 3793 3878 ὲπαμύνει

2215 3903 2471 3975 Χριστὸς,
2494 3904 2587 3957 καὶ
2614 3904 2831 3957 ἃπασαν
2865 3903 2963 3973 μὲν
2992 3902 3169 3957 αὐτῶν
3193 3900 3516 3972 συνθραύσει
3541 3899 3791 3970 δύναμιν,

2214 3993 2304 4047 τὸν
2353 3994 2482 4047 ἴδιον
2511 3994 2740 4065 ἐγείρων
2768 3993 2915 4056 ναὸν,
2943 3993 3216 4064 ἐπιφέρων
3250 3991 3306 4045 δὲ
3333 3994 3444 4056 τοῖς
3477 3990 3789 4045 ἐπιϐουλεύ-

2215 4100 2334 4136 ουσι
2367 4084 2433 4139 τὰ
2478 4084 2536 4149 ἐξ
2584 4085 2824 4154 ἀκράτου
2865 4084 3058 4155 θυμοῦ,
3088 4086 3180 4138 καὶ
3208 4084 3394 4155 ὥσπερ
3425 4083 3573 4146 τινὰς
3613 4084 3791 4145 πόλεις

2214 4173 2313 4237 τὰς
2355 4174 2462 4227 τῶν
2494 4176 2758 4244 αἱρέσεων
2794 4178 3101 4230 κατασείων
3141 4178 3481 4246 συναγωγὰς,
3508 4177 3607 4230 καὶ
3660 4176 3788 4247 πρὸς

2213 4264 2439 4328 ταύταις
2464 4266 2544 4317 ἔτι
2576 4266 2643 4320 τὰ
2672 4266 3070 4339 εἰδωλολατρῶν
3102 4268 3289 4323 ἀνόσια
3326 4268 3510 4339 στίφη.

2282 4360 2389 4415 Καὶ
2420 4358 2610 4429 ἐξαρῶ
2636 4360 2701 4413 τὸ
2742 4356 2885 4431 αἷμα
2919 4360 3119 4415 αὐτῶν
3148 4362 3217 4416 ἐκ
3256 4362 3550 4431 στόματος
3573 4361 3789 4423 αὐτῶν,

2214 4452 2311 4507 καί
2336 4452 2406 4507 τὰ
2433 4452 2821 4524 βδελύγματα
2851 4454 3050 4508 αὐτῶν
3076 4456 3143 4509 ἐκ
3165 4455 3360 4524 μέσου
3400 4455 3663 4509 ὀδόντων
3689 4458 3788 4509 αὐ-

2212 4544 2351 4599 τῶν.
2410 4544 2521 4598 Καὶ
2571 4546 3117 4614 ὑπολειφθήσονται
3168 4546 3268 4600 καὶ
3319 4542 3481 4601 οὗτοι
3533 4545 3613 4612 τῷ
3676 4545 3791 4610 Θεῷ

2213 4634 2402 4702 ἡμῶν,
2440 4634 2537 4687 καὶ
2589 4636 2830 4690 ἔσονται
2884 4638 2964 4704 ὡς
3012 4638 3327 4707 χιλίαρχος
3353 4639 3422 4692 ἐν
3456 4638 3662 4704 Ἰούδα,
3699 4638 3791 4692 καί

2226 4726 2516 4794 Ἀκκαρὼν
2537 4728 2616 4793 ὠς
2661 4726 3035 4793 Ἰεϐουσαῖος.

2282 4818 2409 4872 NE'.
2443 4818 2850 4889 Κατεδηδόκασι
2876 4820 2975 4890 μὲν
3002 4822 3093 4875 καὶ
3137 4816 3282 4876 οὗτοι
3311 4823 3400 4876 τὸν
3436 4822 3677 4893 Ἰσραὴλ,
3702 4820 3791 4874 καὶ

541 4924 717 4963 rarum
745 4924 838 4963 ora
873 4907 1028 4977 quasi
1063 4904 1324 4973 sanguine
1353 4902 1559 4972 polluta
1592 4903 1918 4959 habuerunt.
1974 4902 2107 4970 Quia

2224 4904 2301 4964 aid
2327 4926 2471 4974 τινες
2494 4887 2659 4982 θῆρες
2720 4887 3002 4983 μονονουχὶ
3058 4914 3153 4967 καὶ
3201 4915 3391 4985 αἵματι
3443 4887 3793 4985 πειρυρμένον

539 5015 669 5055 vero
716 4998 1031 5060 idololatrm,
1093 5006 1148 5049 et
1204 4994 1682 5064 superstitionibus
1744 4995 1908 5051 dediti
1934 5006 2110 5063 erant,

2219 4998 2365 5072 εἶχον
2390 5002 2450 5057 τὸ
2482 5002 2675 5073 στόμα.
2717 5004 2934 5075 Ἐπειδὴ
2962 5005 3018 5057 δὲ
3056 5001 3198 5078 ἦσαν
3232 5006 3648 5078 εἰδωλολάτραι,
3702 5005 3790 5057 καὶ

536 5092 924 5162 propemodum
961 5102 1176 5157 semper
1198 5088 1249 5141 in
1310 5087 1510 5156 lingua,
1568 5088 1685 5143 sive
1756 5090 1810 5144 in
1862 5088 2113 5145 dentibus

2224 5097 2337 5158 ταῖς
2370 5094 2479 5148 τῶν
2512 5095 2756 5165 ματαίων
2784 5096 3100 5168 Θεραπείαις
3134 5100 3537 5169 προσκείμενοι,
3567 5097 3653 5149 ἀεί
3678 5111 3790 5156 πως

538 5198 759 5239 suarum
794 5180 1259 5235 abominationum
1291 5179 1695 5248 implorationes
1724 5178 2114 5247 ferebant,ubi-

2224 5187 2305 5239 ἐπὶ
2340 5186 2617 5256 γλώττης,
2658 5187 2824 5257 ἤγουν
2873 5190 2961 5241 ἐπ’
3013 5190 3238 5243 ὀδόντων
3278 5185 3423 5259 εἶχον
3465 5188 3583 5241 ’τῶν
3650 5186 3789 5239 ἰδίων

537 5290 643 5345 que
673 5287 883 5328 sursum
912 5282 969 5327 et
1028 5271 1279 5327 deorsum
1322 5271 1464 5340 quod
1525 5272 1743 5338 dicitur,
1809 5271 2112 5327 manulacta

2224 5278 2598 5349 βδελυγμάτων
2629 5280 2726 5343 τὰς
2756 5281 2997 5351 κλήσεις,
3033 5282 3144 5335 ἄνω
3186 5299 3243 5335 τε
3298 5282 3391 5335 καὶ
3445 5282 3598 5334 κάτω
3638 5279 3791 5340 θεοὺς

537 5369 667 5419 deos
706 5364 1027 5431 vocitantes,
1057 5373 1114 5419 et
1141 5362 1411 5433 lapidibus
1441 5377 1603 5418 sensu
1640 5364 1959 5419 vacantibus
2026 5364 2112 5417 di-

2224 5368 2569 5439 ὀνομάζοντες
2590 5370 2658 5423 τὰ
2681 5370 3038 5441 χειρόκμητα,
3068 5372 3160 5424 καὶ
3192 5370 3360 5433 λίθοις
3394 5369 3624 5439 ἀψύχοις
3652 5364 3789 5419 κατὰ

537 5463 720 5509 rentes
748 5470 762 5507 :
790 5474 807 5507 ι
839 5454 979 5511 Deus
1020 5470 1170 5511 meus
1198 5471 1255 5511 es
1276 5454 1368 5520 tu,
1400 5464 1453 5511 et
1489 5468 1540 5509 tu
1599 5457 1829 5526 genuisti
1880 5471 1964 5509 me
1987 5455 2054 5507 ⁷³.
2093 5474 2110 5506 ι

2224 5458 2305 5509 τὸν
2332 5459 2617 5529 προφήτην
2645 5459 2891 5529 λέγοντες
2917 5476 2928 5490 ·
2991 5481 3008 5513 ι
3050 5461 3180 5524 Θεὸς
3241 5479 3340 5530 μου
3386 5456 3438 5513 εί
3481 5460 3566 5523 σὺ,
3600 5459 3695 5511 καὶ
3726 5456 3789 5508 σὺ

537 5550 800 5602 (Laterum
828 5563 948 5602 cum
979 5549 1049 5602 ita
1082 5549 1389 5603 immaniter
1445 5547 1702 5602 adversus
1745 5548 1993 5603 lsraelem
2059 5561 2114 5603 se

2224 5546 2511 5616 ἐγέννησάς
2545 5565 2676 5619 με.)
2734 5549 2869 5605 Ἀλλ’
2924 5550 3232 5605 ἐκτετίκασι
3293 5550 3393 5621 μὲν
3451 5549 3553 5620 τὴν
3608 5548 3789 5607 αὐτοῖς

605 5722 651 5756 τ’
677 5722 816 5779 Psal.
853 5741 1035 5792 usus,
1080 5726 1163 5779 16.
1245 5725 1289 5757 ⁷³
1327 5723 1527 5779 Jcrem.
1575 5739 1633 5789 ιι,
1671 5722 1761 5775 ‘27.
