  <div class='ocr_page' id='page_1' title='image "/cluster/home/n/w/nwhite01/storage/ocr_20150623/72/pst.000005712731/086.png"; bbox 0 0 3936 6318; ppageno 0'>
   <div class='ocr_carea' id='block_1_1' title="bbox 253 333 350 388">
    <p class='ocr_par' dir='ltr' id='par_1_1' title="bbox 253 333 350 388">
     <span class='ocr_line' id='line_1_1' title="bbox 253 333 350 388; baseline 0 0"><span class='ocrx_word' id='word_1_1' title='bbox 253 333 350 388; x_wconf 67' lang='grc' dir='ltr'><strong>ιιι</strong></span> 
     </span>
    </p>
   </div>
   <div class='ocr_carea' id='block_1_2' title="bbox 1040 288 2626 390">
    <p class='ocr_par' dir='ltr' id='par_1_2' title="bbox 1040 288 2626 390">
     <span class='ocr_line' id='line_1_2' title="bbox 1040 288 2626 390; baseline 0.001 -1"><span class='ocrx_word' id='word_1_2' title='bbox 1040 288 1590 390; x_wconf 57' lang='lat' dir='ltr'><strong>continuatus</strong></span> <span class='ocrx_word' id='word_1_3' title='bbox 1630 333 1696 389; x_wconf 86' lang='lat' dir='ltr'><strong>IN</strong></span> <span class='ocrx_word' id='word_1_4' title='bbox 1739 329 2142 390; x_wconf 75' lang='lat' dir='ltr'><strong>ZACHARIAM</strong></span> <span class='ocrx_word' id='word_1_5' title='bbox 2183 331 2626 390; x_wconf 70' lang='lat' dir='ltr'><strong>rnopns&#39;rm.</strong></span> 
     </span>
    </p>
   </div>
   <div class='ocr_carea' id='block_1_3' title="bbox 3422 341 3524 398">
    <p class='ocr_par' dir='ltr' id='par_1_3' title="bbox 3422 341 3524 398">
     <span class='ocr_line' id='line_1_3' title="bbox 3422 341 3524 398; baseline 0.02 -2"><span class='ocrx_word' id='word_1_6' title='bbox 3422 341 3524 398; x_wconf 61' lang='grc' dir='ltr'><strong>ΗΞ</strong></span> 
     </span>
    </p>
   </div>
   <div class='ocr_carea' id='block_1_4' title="bbox 250 449 1835 525">
    <p class='ocr_par' dir='ltr' id='par_1_4' title="bbox 250 449 1835 523">
     <span class='ocr_line' id='line_1_4' title="bbox 250 449 1835 523; baseline -0.002 -18"><span class='ocrx_word' id='word_1_7' title='bbox 250 450 640 523; x_wconf 67' lang='grc' dir='ltr'><strong>προσήκουσὼδ</strong></span> <span class='ocrx_word' id='word_1_8' title='bbox 665 467 723 504; x_wconf 87' lang='grc' dir='ltr'><strong>τε</strong></span> <span class='ocrx_word' id='word_1_9' title='bbox 755 449 846 504; x_wconf 68' lang='grc' dir='ltr'><strong>καὶ</strong></span> <span class='ocrx_word' id='word_1_10' title='bbox 875 450 1204 521; x_wconf 74' lang='grc' dir='ltr'><strong>ἀποχρῶσαν</strong></span> <span class='ocrx_word' id='word_1_11' title='bbox 1234 449 1409 522; x_wconf 81' lang='grc' dir='ltr'><strong>δίκην,</strong></span> <span class='ocrx_word' id='word_1_12' title='bbox 1453 451 1835 523; x_wconf 83' lang='grc' dir='ltr'><strong>πεπλημμελη·</strong></span> 
     </span>
    </p>
   </div>
   <div class='ocr_carea' id='block_1_5' title="bbox 1925 449 3524 525">
    <p class='ocr_par' dir='ltr' id='par_1_5' title="bbox 1944 451 3524 525">
     <span class='ocr_line' id='line_1_5' title="bbox 1944 451 3524 525; baseline 0.004 -22"><span class='ocrx_word' id='word_1_13' title='bbox 1944 451 2259 518; x_wconf 79' lang='lat' dir='ltr'><strong>gessissent,</strong></span> <span class='ocrx_word' id='word_1_14' title='bbox 2295 468 2430 522; x_wconf 87' lang='lat' dir='ltr'><strong>quas</strong></span> <span class='ocrx_word' id='word_1_15' title='bbox 2456 454 2773 519; x_wconf 87' lang='lat' dir='ltr'><strong>debuerunt,</strong></span> <span class='ocrx_word' id='word_1_16' title='bbox 2809 462 2860 510; x_wconf 89' lang='lat' dir='ltr'><strong>et</strong></span> <span class='ocrx_word' id='word_1_17' title='bbox 2911 463 3169 525; x_wconf 83' lang='lat' dir='ltr'><strong>quantum</strong></span> <span class='ocrx_word' id='word_1_18' title='bbox 3225 458 3359 512; x_wconf 84' lang='lat' dir='ltr'><strong>satis</strong></span> <span class='ocrx_word' id='word_1_19' title='bbox 3423 462 3524 513; x_wconf 73' lang='lat' dir='ltr'><strong>t&#39;uit</strong></span> 
     </span>
    </p>
   </div>
   <div class='ocr_carea' id='block_1_6' title="bbox 256 539 1836 612">
    <p class='ocr_par' dir='ltr' id='par_1_6' title="bbox 256 539 1836 612">
     <span class='ocr_line' id='line_1_6' title="bbox 256 539 1836 612; baseline 0 -16"><span class='ocrx_word' id='word_1_20' title='bbox 256 542 411 604; x_wconf 85' lang='grc' dir='ltr'><strong>κότες</strong></span> <span class='ocrx_word' id='word_1_21' title='bbox 434 541 648 612; x_wconf 78' lang='grc' dir='ltr'><strong>ἀγρίως</strong></span> <span class='ocrx_word' id='word_1_22' title='bbox 674 541 751 604; x_wconf 77' lang='grc' dir='ltr'><strong>είς</strong></span> <span class='ocrx_word' id='word_1_23' title='bbox 777 540 867 594; x_wconf 72' lang='grc' dir='ltr'><strong>τὸν</strong></span> <span class='ocrx_word' id='word_1_24' title='bbox 897 539 1129 611; x_wconf 70' lang='grc' dir='ltr'><strong>Ἰσραήλ.</strong></span> <span class='ocrx_word' id='word_1_25' title='bbox 1153 540 1302 612; x_wconf 75' lang='grc' dir='ltr'><strong>Πλὴν</strong></span> <span class='ocrx_word' id='word_1_26' title='bbox 1331 543 1431 595; x_wconf 80' lang='grc' dir='ltr'><strong>οὐκ</strong></span> <span class='ocrx_word' id='word_1_27' title='bbox 1459 544 1538 605; x_wconf 79' lang='grc' dir='ltr'><strong>είς</strong></span> <span class='ocrx_word' id='word_1_28' title='bbox 1560 543 1706 596; x_wconf 76' lang='grc' dir='ltr'><strong>ἅπαν</strong></span> <span class='ocrx_word' id='word_1_29' title='bbox 1729 542 1836 595; x_wconf 80' lang='grc' dir='ltr'><strong>διο⁴</strong></span> 
     </span>
    </p>
   </div>
   <div class='ocr_carea' id='block_1_7' title="bbox 249 628 1834 704">
    <p class='ocr_par' dir='ltr' id='par_1_7' title="bbox 249 628 1834 704">
     <span class='ocr_line' id='line_1_7' title="bbox 249 628 1834 704; baseline -0.001 -18"><span class='ocrx_word' id='word_1_30' title='bbox 249 632 472 696; x_wconf 86' lang='grc' dir='ltr'><strong>λώλασι,</strong></span> <span class='ocrx_word' id='word_1_31' title='bbox 506 631 906 703; x_wconf 83' lang='grc' dir='ltr'><strong>προαθροῦντος</strong></span> <span class='ocrx_word' id='word_1_32' title='bbox 961 628 1100 685; x_wconf 85' lang='grc' dir='ltr'><strong>Θεοῦ</strong></span> <span class='ocrx_word' id='word_1_33' title='bbox 1131 633 1231 702; x_wconf 80' lang='grc' dir='ltr'><strong>τὴν</strong></span> <span class='ocrx_word' id='word_1_34' title='bbox 1265 633 1532 704; x_wconf 78' lang='grc' dir='ltr'><strong>ὲσομένην</strong></span> <span class='ocrx_word' id='word_1_35' title='bbox 1563 633 1740 687; x_wconf 83' lang='grc' dir='ltr'><strong>αὐτῶν</strong></span> <span class='ocrx_word' id='word_1_36' title='bbox 1771 635 1834 687; x_wconf 72' lang='grc' dir='ltr'><strong>ἐκ</strong></span> 
     </span>
    </p>
   </div>
   <div class='ocr_carea' id='block_1_8' title="bbox 250 717 1833 794">
    <p class='ocr_par' dir='ltr' id='par_1_8' title="bbox 250 717 1833 794">
     <span class='ocr_line' id='line_1_8' title="bbox 250 717 1833 794; baseline 0.001 -17"><span class='ocrx_word' id='word_1_37' title='bbox 250 724 520 794; x_wconf 85' lang='grc' dir='ltr'><strong>στόματος</strong></span> <span class='ocrx_word' id='word_1_38' title='bbox 550 723 749 788; x_wconf 76' lang='grc' dir='ltr'><strong>αὐτῶν,</strong></span> <span class='ocrx_word' id='word_1_39' title='bbox 771 723 847 792; x_wconf 84' lang='lat' dir='ltr'><strong>(l)</strong></span> <span class='ocrx_word' id='word_1_40' title='bbox 873 723 1172 790; x_wconf 84' lang='grc' dir='ltr'><strong>τουτέστιν,</strong></span> <span class='ocrx_word' id='word_1_41' title='bbox 1195 724 1243 776; x_wconf 84' lang='grc' dir='ltr'><strong>εί</strong></span> <span class='ocrx_word' id='word_1_42' title='bbox 1268 722 1362 776; x_wconf 71' lang='grc' dir='ltr'><strong>καὶ</strong></span> <span class='ocrx_word' id='word_1_43' title='bbox 1384 717 1474 777; x_wconf 73' lang='grc' dir='ltr'><strong>οἷά</strong></span> <span class='ocrx_word' id='word_1_44' title='bbox 1497 739 1642 787; x_wconf 81' lang='grc' dir='ltr'><strong>τινες</strong></span> <span class='ocrx_word' id='word_1_45' title='bbox 1668 723 1833 794; x_wconf 83' lang='grc' dir='ltr'><strong>θῆρες</strong></span> 
     </span>
    </p>
   </div>
   <div class='ocr_carea' id='block_1_9' title="bbox 252 814 1834 886">
    <p class='ocr_par' dir='ltr' id='par_1_9' title="bbox 252 814 1834 886">
     <span class='ocr_line' id='line_1_9' title="bbox 252 814 1834 886; baseline -0.001 -16"><span class='ocrx_word' id='word_1_46' title='bbox 252 816 538 885; x_wconf 79' lang='grc' dir='ltr'><strong>μονονουχὶ</strong></span> <span class='ocrx_word' id='word_1_47' title='bbox 569 814 990 885; x_wconf 71' lang='grc' dir='ltr'><strong>κατερρόφησαν</strong></span> <span class='ocrx_word' id='word_1_48' title='bbox 1013 814 1105 867; x_wconf 79' lang='grc' dir='ltr'><strong>τὸν</strong></span> <span class='ocrx_word' id='word_1_49' title='bbox 1156 815 1393 886; x_wconf 80' lang='grc' dir='ltr'><strong>Ἰσραὴλ,</strong></span> <span class='ocrx_word' id='word_1_50' title='bbox 1427 815 1543 869; x_wconf 83' lang='grc' dir='ltr'><strong>ἀλλ’</strong></span> <span class='ocrx_word' id='word_1_51' title='bbox 1571 814 1690 886; x_wconf 67' lang='grc' dir='ltr'><strong>ἥξει</strong></span> <span class='ocrx_word' id='word_1_52' title='bbox 1712 831 1834 869; x_wconf 86' lang='grc' dir='ltr'><strong>και-</strong></span> 
     </span>
    </p>
   </div>
   <div class='ocr_carea' id='block_1_10' title="bbox 251 907 1830 981">
    <p class='ocr_par' dir='ltr' id='par_1_10' title="bbox 251 907 1830 981">
     <span class='ocr_line' id='line_1_10' title="bbox 251 907 1830 981; baseline 0.001 -19"><span class='ocrx_word' id='word_1_53' title='bbox 251 909 357 980; x_wconf 74' lang='grc' dir='ltr'><strong>ρὸς,</strong></span> <span class='ocrx_word' id='word_1_54' title='bbox 394 908 519 962; x_wconf 81' lang='grc' dir='ltr'><strong>καθ’</strong></span> <span class='ocrx_word' id='word_1_55' title='bbox 542 908 601 961; x_wconf 81' lang='grc' dir='ltr'><strong>ὃν</strong></span> <span class='ocrx_word' id='word_1_56' title='bbox 658 907 869 961; x_wconf 78' lang='grc' dir='ltr'><strong>ἔσονται</strong></span> <span class='ocrx_word' id='word_1_57' title='bbox 919 907 1171 980; x_wconf 66' lang='grc' dir='ltr'><strong>καθαροὶ,</strong></span> <span class='ocrx_word' id='word_1_58' title='bbox 1211 911 1306 962; x_wconf 64' lang='grc' dir='ltr'><strong>καὶ</strong></span> <span class='ocrx_word' id='word_1_59' title='bbox 1334 912 1434 981; x_wconf 81' lang='grc' dir='ltr'><strong>τῆς</strong></span> <span class='ocrx_word' id='word_1_60' title='bbox 1484 911 1579 964; x_wconf 78' lang='grc' dir='ltr'><strong>ἐπὶ</strong></span> <span class='ocrx_word' id='word_1_61' title='bbox 1618 909 1830 974; x_wconf 82' lang='grc' dir='ltr'><strong>τούτοις</strong></span> 
     </span>
    </p>
   </div>
   <div class='ocr_carea' id='block_1_11' title="bbox 243 1000 1829 1072">
    <p class='ocr_par' dir='ltr' id='par_1_11' title="bbox 243 1000 1829 1072">
     <span class='ocr_line' id='line_1_11' title="bbox 243 1000 1829 1072; baseline 0.002 -19"><span class='ocrx_word' id='word_1_62' title='bbox 243 1001 426 1064; x_wconf 76' lang='grc' dir='ltr'><strong>αἰτίας</strong></span> <span class='ocrx_word' id='word_1_63' title='bbox 455 1000 887 1070; x_wconf 77' lang='grc' dir='ltr'><strong>ἀπηλλαγμένοι.</strong></span> <span class='ocrx_word' id='word_1_64' title='bbox 919 1001 1384 1072; x_wconf 84' lang='grc' dir='ltr'><strong>Δικαιωθήσονται</strong></span> <span class='ocrx_word' id='word_1_65' title='bbox 1414 1000 1524 1072; x_wconf 83' lang='grc' dir='ltr'><strong>γὰρ</strong></span> <span class='ocrx_word' id='word_1_66' title='bbox 1557 1003 1616 1056; x_wconf 78' lang='grc' dir='ltr'><strong>ὲν</strong></span> <span class='ocrx_word' id='word_1_67' title='bbox 1648 1001 1829 1056; x_wconf 85' lang='grc' dir='ltr'><strong>πίστει</strong></span> 
     </span>
    </p>
   </div>
   <div class='ocr_carea' id='block_1_12' title="bbox 247 1091 1829 1164">
    <p class='ocr_par' dir='ltr' id='par_1_12' title="bbox 247 1091 1829 1164">
     <span class='ocr_line' id='line_1_12' title="bbox 247 1091 1829 1164; baseline 0.003 -19"><span class='ocrx_word' id='word_1_68' title='bbox 247 1093 337 1145; x_wconf 78' lang='grc' dir='ltr'><strong>καὶ</strong></span> <span class='ocrx_word' id='word_1_69' title='bbox 373 1092 552 1152; x_wconf 73' lang='grc' dir='ltr'><strong>αὐτοὶ,</strong></span> <span class='ocrx_word' id='word_1_70' title='bbox 585 1091 793 1144; x_wconf 77' lang='grc' dir='ltr'><strong>καὶτὸν</strong></span> <span class='ocrx_word' id='word_1_71' title='bbox 819 1092 883 1144; x_wconf 81' lang='grc' dir='ltr'><strong>ὲκ</strong></span> <span class='ocrx_word' id='word_1_72' title='bbox 918 1092 1019 1160; x_wconf 81' lang='grc' dir='ltr'><strong>τῆς</strong></span> <span class='ocrx_word' id='word_1_73' title='bbox 1047 1093 1282 1162; x_wconf 78' lang='grc' dir='ltr'><strong>ἀρχαίας</strong></span> <span class='ocrx_word' id='word_1_74' title='bbox 1329 1093 1666 1164; x_wconf 82' lang='grc' dir='ltr'><strong>φαυλότητος</strong></span> <span class='ocrx_word' id='word_1_75' title='bbox 1689 1095 1829 1148; x_wconf 82' lang='grc' dir='ltr'><strong>ἀπο-</strong></span> 
     </span>
    </p>
   </div>
   <div class='ocr_carea' id='block_1_13' title="bbox 245 1179 1830 1253">
    <p class='ocr_par' dir='ltr' id='par_1_13' title="bbox 245 1179 1830 1253">
     <span class='ocr_line' id='line_1_13' title="bbox 245 1179 1830 1253; baseline 0.003 -21"><span class='ocrx_word' id='word_1_76' title='bbox 245 1179 530 1234; x_wconf 89' lang='grc' dir='ltr'><strong>λούσονται</strong></span> <span class='ocrx_word' id='word_1_77' title='bbox 583 1179 880 1250; x_wconf 88' lang='grc' dir='ltr'><strong>μολυσμόν.</strong></span> <span class='ocrx_word' id='word_1_78' title='bbox 949 1180 1161 1251; x_wconf 85' lang='grc' dir='ltr'><strong>Ἐξαρῶ</strong></span> <span class='ocrx_word' id='word_1_79' title='bbox 1205 1181 1265 1235; x_wconf 80' lang='grc' dir='ltr'>δὲ</span> <span class='ocrx_word' id='word_1_80' title='bbox 1323 1183 1415 1235; x_wconf 73' lang='grc' dir='ltr'><strong>καὶ</strong></span> <span class='ocrx_word' id='word_1_81' title='bbox 1469 1181 1539 1236; x_wconf 80' lang='grc' dir='ltr'><strong>τὰ</strong></span> <span class='ocrx_word' id='word_1_82' title='bbox 1591 1183 1830 1253; x_wconf 84' lang='grc' dir='ltr'><strong>ὀνόματα</strong></span> 
     </span>
    </p>
   </div>
   <div class='ocr_carea' id='block_1_14' title="bbox 250 1269 1828 1341">
    <p class='ocr_par' dir='ltr' id='par_1_14' title="bbox 250 1269 1828 1341">
     <span class='ocr_line' id='line_1_14' title="bbox 250 1269 1828 1341; baseline 0.002 -17"><span class='ocrx_word' id='word_1_83' title='bbox 250 1290 268 1323; x_wconf 78' lang='grc' dir='ltr'><strong>ι</strong></span> <span class='ocrx_word' id='word_1_84' title='bbox 304 1271 415 1324; x_wconf 89' lang='grc' dir='ltr'><strong>τῶν</strong></span> <span class='ocrx_word' id='word_1_85' title='bbox 453 1270 836 1340; x_wconf 78' lang='grc' dir='ltr'><strong>βδελυγμάτων</strong></span> <span class='ocrx_word' id='word_1_86' title='bbox 893 1269 1075 1323; x_wconf 85' lang='grc' dir='ltr'><strong>αὐτῶν</strong></span> <span class='ocrx_word' id='word_1_87' title='bbox 1119 1272 1185 1324; x_wconf 82' lang='grc' dir='ltr'><strong>ὲκ</strong></span> <span class='ocrx_word' id='word_1_88' title='bbox 1238 1271 1404 1341; x_wconf 88' lang='grc' dir='ltr'><strong>μέσου</strong></span> <span class='ocrx_word' id='word_1_89' title='bbox 1461 1272 1688 1327; x_wconf 83' lang='grc' dir='ltr'><strong>ὀδόντων</strong></span> <span class='ocrx_word' id='word_1_90' title='bbox 1729 1274 1828 1326; x_wconf 86' lang='grc' dir='ltr'><strong>αὑ-</strong></span> 
     </span>
    </p>
   </div>
   <div class='ocr_carea' id='block_1_15' title="bbox 241 1361 1828 1436">
    <p class='ocr_par' dir='ltr' id='par_1_15' title="bbox 241 1361 1828 1436">
     <span class='ocr_line' id='line_1_15' title="bbox 241 1361 1828 1436; baseline 0.002 -21"><span class='ocrx_word' id='word_1_91' title='bbox 241 1361 371 1416; x_wconf 71' lang='grc' dir='ltr'><strong>τῶνο</strong></span> <span class='ocrx_word' id='word_1_92' title='bbox 413 1380 433 1413; x_wconf 74' lang='grc' dir='ltr'><strong>ι</strong></span> <span class='ocrx_word' id='word_1_93' title='bbox 466 1362 928 1433; x_wconf 86' lang='grc' dir='ltr'><strong>διαμεμνήσονται</strong></span> <span class='ocrx_word' id='word_1_94' title='bbox 951 1362 1058 1432; x_wconf 85' lang='grc' dir='ltr'><strong>γὰρ</strong></span> <span class='ocrx_word' id='word_1_95' title='bbox 1102 1361 1285 1415; x_wconf 75' lang='grc' dir='ltr'><strong>οὐκέτι</strong></span> <span class='ocrx_word' id='word_1_96' title='bbox 1317 1363 1426 1418; x_wconf 88' lang='grc' dir='ltr'><strong>τῶν</strong></span> <span class='ocrx_word' id='word_1_97' title='bbox 1457 1364 1828 1436; x_wconf 77' lang='grc' dir='ltr'><strong>ψευδωνύμων</strong></span> 
     </span>
    </p>
   </div>
   <div class='ocr_carea' id='block_1_16' title="bbox 242 1454 1828 1528">
    <p class='ocr_par' dir='ltr' id='par_1_16' title="bbox 242 1454 1828 1528">
     <span class='ocr_line' id='line_1_16' title="bbox 242 1454 1828 1528; baseline 0.003 -22"><span class='ocrx_word' id='word_1_98' title='bbox 242 1454 402 1519; x_wconf 80' lang='grc' dir='ltr'><strong>θεῶν,</strong></span> <span class='ocrx_word' id='word_1_99' title='bbox 427 1455 553 1508; x_wconf 65' lang='grc' dir='ltr'><strong>οὔτε</strong></span> <span class='ocrx_word' id='word_1_100' title='bbox 596 1454 700 1526; x_wconf 78' lang='grc' dir='ltr'><strong>μὴν</strong></span> <span class='ocrx_word' id='word_1_101' title='bbox 725 1454 1080 1523; x_wconf 81' lang='grc' dir='ltr'><strong>ὀνομάσουσιν</strong></span> <span class='ocrx_word' id='word_1_102' title='bbox 1123 1455 1338 1518; x_wconf 75' lang='grc' dir='ltr'><strong>αύτούς.</strong></span> <span class='ocrx_word' id='word_1_103' title='bbox 1395 1475 1413 1508; x_wconf 80' lang='lat' dir='ltr'><strong>t</strong></span> <span class='ocrx_word' id='word_1_104' title='bbox 1467 1457 1828 1528; x_wconf 69' lang='grc' dir='ltr'><strong>Ὑπολειφθή-</strong></span> 
     </span>
    </p>
   </div>
   <div class='ocr_carea' id='block_1_17' title="bbox 243 1544 1827 1620">
    <p class='ocr_par' dir='ltr' id='par_1_17' title="bbox 243 1544 1827 1620">
     <span class='ocr_line' id='line_1_17' title="bbox 243 1544 1827 1620; baseline 0.003 -23"><span class='ocrx_word' id='word_1_105' title='bbox 243 1563 426 1599; x_wconf 87' lang='grc' dir='ltr'><strong>σονται</strong></span> <span class='ocrx_word' id='word_1_106' title='bbox 456 1547 512 1600; x_wconf 82' lang='grc' dir='ltr'><strong>δὲ</strong></span> <span class='ocrx_word' id='word_1_107' title='bbox 545 1547 636 1600; x_wconf 74' lang='grc' dir='ltr'><strong>καὶ</strong></span> <span class='ocrx_word' id='word_1_108' title='bbox 658 1545 814 1598; x_wconf 73' lang='grc' dir='ltr'><strong>αὐτοὶ</strong></span> <span class='ocrx_word' id='word_1_109' title='bbox 838 1544 914 1614; x_wconf 84' lang='grc' dir='ltr'><strong>τῷ</strong></span> <span class='ocrx_word' id='word_1_110' title='bbox 942 1544 1060 1616; x_wconf 85' lang='grc' dir='ltr'><strong>Θεῷ</strong></span> <span class='ocrx_word' id='word_1_111' title='bbox 1092 1547 1270 1616; x_wconf 77' lang='grc' dir='ltr'><strong>ἡμῶν,</strong></span> <span class='ocrx_word' id='word_1_112' title='bbox 1306 1566 1323 1598; x_wconf 72' lang='grc' dir='ltr'><strong>ν</strong></span> <span class='ocrx_word' id='word_1_113' title='bbox 1353 1547 1604 1620; x_wconf 69' lang='grc' dir='ltr'><strong>καθάπερ</strong></span> <span class='ocrx_word' id='word_1_114' title='bbox 1636 1548 1827 1618; x_wconf 89' lang='grc' dir='ltr'><strong>ἀμέλει</strong></span> 
     </span>
    </p>
   </div>
   <div class='ocr_carea' id='block_1_18' title="bbox 241 1639 1825 1710">
    <p class='ocr_par' dir='ltr' id='par_1_18' title="bbox 241 1639 1825 1710">
     <span class='ocr_line' id='line_1_18' title="bbox 241 1639 1825 1710; baseline 0.001 -18"><span class='ocrx_word' id='word_1_115' title='bbox 241 1641 333 1693; x_wconf 72' lang='grc' dir='ltr'><strong>καὶ</strong></span> <span class='ocrx_word' id='word_1_116' title='bbox 364 1641 527 1704; x_wconf 70' lang='grc' dir='ltr'><strong>αὐτὸς</strong></span> <span class='ocrx_word' id='word_1_117' title='bbox 560 1641 588 1693; x_wconf 97' lang='lat'><strong>6</strong></span> <span class='ocrx_word' id='word_1_118' title='bbox 631 1639 868 1710; x_wconf 75' lang='grc' dir='ltr'><strong>Ἰσραήλ·</strong></span> <span class='ocrx_word' id='word_1_119' title='bbox 925 1641 1194 1692; x_wconf 79' lang='grc' dir='ltr'><strong>σέσωσται</strong></span> <span class='ocrx_word' id='word_1_120' title='bbox 1239 1641 1338 1710; x_wconf 82' lang='grc' dir='ltr'><strong>μὲν</strong></span> <span class='ocrx_word' id='word_1_121' title='bbox 1388 1641 1499 1710; x_wconf 81' lang='grc' dir='ltr'><strong>γὰρ</strong></span> <span class='ocrx_word' id='word_1_122' title='bbox 1531 1641 1623 1694; x_wconf 73' lang='grc' dir='ltr'><strong>καὶ</strong></span> <span class='ocrx_word' id='word_1_123' title='bbox 1663 1641 1825 1694; x_wconf 77' lang='grc' dir='ltr'><strong>αὑτοῦ</strong></span> 
     </span>
    </p>
   </div>
   <div class='ocr_carea' id='block_1_19' title="bbox 239 1731 1824 1803">
    <p class='ocr_par' dir='ltr' id='par_1_19' title="bbox 239 1731 1824 1803">
     <span class='ocr_line' id='line_1_19' title="bbox 239 1731 1824 1803; baseline 0.001 -19"><span class='ocrx_word' id='word_1_124' title='bbox 239 1732 300 1784; x_wconf 70' lang='grc' dir='ltr'><strong>τὸ</strong></span> <span class='ocrx_word' id='word_1_125' title='bbox 327 1733 702 1803; x_wconf 79' lang='grc' dir='ltr'><strong>κατάλειμμα,</strong></span> <span class='ocrx_word' id='word_1_126' title='bbox 729 1733 904 1786; x_wconf 87' lang='grc' dir='ltr'><strong>καίτοι</strong></span> <span class='ocrx_word' id='word_1_127' title='bbox 941 1731 1397 1802; x_wconf 80' lang='grc' dir='ltr'><strong>δεδυσσεὸηκότος</strong></span> <span class='ocrx_word' id='word_1_128' title='bbox 1436 1735 1516 1797; x_wconf 79' lang='grc' dir='ltr'><strong>είς</strong></span> <span class='ocrx_word' id='word_1_129' title='bbox 1547 1734 1709 1787; x_wconf 77' lang='grc' dir='ltr'><strong>αὐτὸν</strong></span> <span class='ocrx_word' id='word_1_130' title='bbox 1733 1732 1824 1787; x_wconf 80' lang='grc' dir='ltr'><strong>τὸν</strong></span> 
     </span>
    </p>
   </div>
   <div class='ocr_carea' id='block_1_20' title="bbox 253 1822 1820 1898">
    <p class='ocr_par' dir='ltr' id='par_1_20' title="bbox 253 1822 1820 1898">
     <span class='ocr_line' id='line_1_20' title="bbox 253 1822 1820 1898; baseline 0.003 -23"><span class='ocrx_word' id='word_1_131' title='bbox 253 1822 626 1894; x_wconf 78' lang='grc' dir='ltr'><strong>Ἐμμανουήλ.</strong></span> <span class='ocrx_word' id='word_1_132' title='bbox 677 1823 895 1893; x_wconf 83' lang='grc' dir='ltr'><strong>Ἐπειδὴ</strong></span> <span class='ocrx_word' id='word_1_133' title='bbox 947 1823 1004 1876; x_wconf 80' lang='grc' dir='ltr'><strong>δὲ</strong></span> <span class='ocrx_word' id='word_1_134' title='bbox 1059 1823 1372 1893; x_wconf 83' lang='grc' dir='ltr'><strong>κεκλημένη</strong></span> <span class='ocrx_word' id='word_1_135' title='bbox 1422 1824 1532 1877; x_wconf 90' lang='grc' dir='ltr'><strong>τῶν</strong></span> <span class='ocrx_word' id='word_1_136' title='bbox 1585 1825 1820 1898; x_wconf 79' lang='grc' dir='ltr'><strong>ἔθνῶνή</strong></span> 
     </span>
    </p>
   </div>
   <div class='ocr_carea' id='block_1_21' title="bbox 243 1914 1820 1988">
    <p class='ocr_par' dir='ltr' id='par_1_21' title="bbox 243 1914 1820 1988">
     <span class='ocr_line' id='line_1_21' title="bbox 243 1914 1820 1988; baseline 0.001 -21"><span class='ocrx_word' id='word_1_137' title='bbox 243 1915 452 1984; x_wconf 78' lang='grc' dir='ltr'><strong>πληθὺς</strong></span> <span class='ocrx_word' id='word_1_138' title='bbox 476 1919 592 1984; x_wconf 74' lang='grc' dir='ltr'><strong>τοῖς</strong></span> <span class='ocrx_word' id='word_1_139' title='bbox 622 1914 681 1979; x_wconf 81' lang='grc' dir='ltr'>ὲξ</span> <span class='ocrx_word' id='word_1_140' title='bbox 704 1915 934 1985; x_wconf 75' lang='grc' dir='ltr'><strong>αἵματος</strong></span> <span class='ocrx_word' id='word_1_141' title='bbox 974 1914 1189 1984; x_wconf 79' lang='grc' dir='ltr'><strong>Ἰσραὴλ</strong></span> <span class='ocrx_word' id='word_1_142' title='bbox 1215 1915 1537 1967; x_wconf 82' lang='grc' dir='ltr'><strong>πιστεύσασι</strong></span> <span class='ocrx_word' id='word_1_143' title='bbox 1573 1917 1820 1988; x_wconf 78' lang='grc' dir='ltr'><strong>συνήφθη</strong></span> 
     </span>
    </p>
   </div>
   <div class='ocr_carea' id='block_1_22' title="bbox 239 2005 1825 2076">
    <p class='ocr_par' dir='ltr' id='par_1_22' title="bbox 239 2005 1825 2076">
     <span class='ocr_line' id='line_1_22' title="bbox 239 2005 1825 2076; baseline 0.001 -16"><span class='ocrx_word' id='word_1_144' title='bbox 239 2006 650 2076; x_wconf 81' lang='grc' dir='ltr'><strong>πνευματικῶς,</strong></span> <span class='ocrx_word' id='word_1_145' title='bbox 683 2006 919 2076; x_wconf 77' lang='grc' dir='ltr'><strong>Χριστοῦ</strong></span> <span class='ocrx_word' id='word_1_146' title='bbox 946 2005 1260 2068; x_wconf 82' lang='grc' dir='ltr'><strong>ουνδοῦντος</strong></span> <span class='ocrx_word' id='word_1_147' title='bbox 1298 2008 1377 2069; x_wconf 80' lang='grc' dir='ltr'><strong>εἰς</strong></span> <span class='ocrx_word' id='word_1_148' title='bbox 1414 2006 1627 2071; x_wconf 85' lang='grc' dir='ltr'><strong>ἓνωσιν,</strong></span> <span class='ocrx_word' id='word_1_149' title='bbox 1670 2028 1688 2060; x_wconf 87' lang='grc'><strong>‹</strong></span> <span class='ocrx_word' id='word_1_150' title='bbox 1717 2009 1825 2062; x_wconf 81' lang='grc' dir='ltr'><strong>Αύ-</strong></span> 
     </span>
    </p>
   </div>
   <div class='ocr_carea' id='block_1_23' title="bbox 235 2095 1823 2170">
    <p class='ocr_par' dir='ltr' id='par_1_23' title="bbox 235 2095 1823 2170">
     <span class='ocr_line' id='line_1_23' title="bbox 235 2095 1823 2170; baseline 0.001 -19"><span class='ocrx_word' id='word_1_151' title='bbox 235 2100 329 2162; x_wconf 85' lang='grc' dir='ltr'><strong>τδς</strong></span> <span class='ocrx_word' id='word_1_152' title='bbox 356 2099 469 2168; x_wconf 82' lang='grc' dir='ltr'><strong>γάρ</strong></span> <span class='ocrx_word' id='word_1_153' title='bbox 515 2098 665 2152; x_wconf 75' lang='grc' dir='ltr'><strong>ἐστιν</strong></span> <span class='ocrx_word' id='word_1_154' title='bbox 695 2099 728 2168; x_wconf 81' lang='grc' dir='ltr'>ὴ</span> <span class='ocrx_word' id='word_1_155' title='bbox 768 2097 958 2170; x_wconf 74' lang='grc' dir='ltr'><strong>εἰρήνη</strong></span> <span class='ocrx_word' id='word_1_156' title='bbox 990 2095 1183 2167; x_wconf 76' lang='grc' dir='ltr'><strong>ἡμῶν,</strong></span> <span class='ocrx_word' id='word_1_157' title='bbox 1216 2099 1244 2150; x_wconf 87' lang='grc' dir='ltr'>ὁ</span> <span class='ocrx_word' id='word_1_158' title='bbox 1275 2098 1508 2168; x_wconf 81' lang='grc' dir='ltr'><strong>ποιήσας</strong></span> <span class='ocrx_word' id='word_1_159' title='bbox 1541 2098 1610 2151; x_wconf 83' lang='grc' dir='ltr'><strong>τὰ</strong></span> <span class='ocrx_word' id='word_1_160' title='bbox 1645 2098 1823 2169; x_wconf 85' lang='grc' dir='ltr'><strong>ἀμφό-</strong></span> 
     </span>
    </p>
   </div>
   <div class='ocr_carea' id='block_1_24' title="bbox 236 2188 1818 2262">
    <p class='ocr_par' dir='ltr' id='par_1_24' title="bbox 236 2188 1818 2262">
     <span class='ocr_line' id='line_1_24' title="bbox 236 2188 1818 2262; baseline 0 -18"><span class='ocrx_word' id='word_1_161' title='bbox 236 2208 371 2262; x_wconf 85' lang='grc' dir='ltr'><strong>τερα</strong></span> <span class='ocrx_word' id='word_1_162' title='bbox 423 2191 507 2255; x_wconf 89' lang='grc' dir='ltr'><strong>ἒν,</strong></span> <span class='ocrx_word' id='word_1_163' title='bbox 548 2191 643 2244; x_wconf 75' lang='grc' dir='ltr'><strong>καὶ</strong></span> <span class='ocrx_word' id='word_1_164' title='bbox 691 2191 752 2244; x_wconf 82' lang='grc' dir='ltr'><strong>τὸ</strong></span> <span class='ocrx_word' id='word_1_165' title='bbox 805 2189 1118 2261; x_wconf 86' lang='grc' dir='ltr'><strong>μεσότοιχον</strong></span> <span class='ocrx_word' id='word_1_166' title='bbox 1164 2188 1259 2242; x_wconf 90' lang='grc' dir='ltr'><strong>τοῦ</strong></span> <span class='ocrx_word' id='word_1_167' title='bbox 1320 2191 1573 2262; x_wconf 80' lang='grc' dir='ltr'><strong>φραγμοῦ</strong></span> <span class='ocrx_word' id='word_1_168' title='bbox 1629 2191 1818 2256; x_wconf 83' lang='grc' dir='ltr'><strong>λύσας,</strong></span> 
     </span>
    </p>
   </div>
   <div class='ocr_carea' id='block_1_25' title="bbox 235 2279 1818 2353">
    <p class='ocr_par' dir='ltr' id='par_1_25' title="bbox 235 2279 1818 2353">
     <span class='ocr_line' id='line_1_25' title="bbox 235 2279 1818 2353; baseline 0.001 -18"><span class='ocrx_word' id='word_1_169' title='bbox 235 2283 430 2346; x_wconf 83' lang='grc' dir='ltr'><strong>κτίσας</strong></span> <span class='ocrx_word' id='word_1_170' title='bbox 463 2299 524 2334; x_wconf 85' lang='grc' dir='ltr'><strong>τε</strong></span> <span class='ocrx_word' id='word_1_171' title='bbox 545 2283 673 2345; x_wconf 73' lang='grc' dir='ltr'><strong>τοὺς</strong></span> <span class='ocrx_word' id='word_1_172' title='bbox 708 2281 800 2335; x_wconf 85' lang='grc' dir='ltr'><strong>δύο</strong></span> <span class='ocrx_word' id='word_1_173' title='bbox 833 2279 995 2344; x_wconf 76' lang='grc' dir='ltr'><strong>λαοὺς</strong></span> <span class='ocrx_word' id='word_1_174' title='bbox 1041 2281 1122 2344; x_wconf 81' lang='grc' dir='ltr'><strong>είς</strong></span> <span class='ocrx_word' id='word_1_175' title='bbox 1146 2281 1244 2333; x_wconf 73' lang='grc' dir='ltr'><strong>ἕνα</strong></span> <span class='ocrx_word' id='word_1_176' title='bbox 1284 2281 1469 2336; x_wconf 82' lang='grc' dir='ltr'><strong>καινὸν</strong></span> <span class='ocrx_word' id='word_1_177' title='bbox 1499 2281 1818 2353; x_wconf 78' lang='grc' dir='ltr'><strong>ἄνθρωπον,</strong></span> 
     </span>
    </p>
   </div>
   <div class='ocr_carea' id='block_1_26' title="bbox 241 2373 1822 2446">
    <p class='ocr_par' dir='ltr' id='par_1_26' title="bbox 241 2373 1822 2446">
     <span class='ocr_line' id='line_1_26' title="bbox 241 2373 1822 2446; baseline 0 -18"><span class='ocrx_word' id='word_1_178' title='bbox 241 2374 410 2428; x_wconf 81' lang='grc' dir='ltr'><strong>ποιῶν</strong></span> <span class='ocrx_word' id='word_1_179' title='bbox 446 2376 690 2446; x_wconf 73' lang='grc' dir='ltr'><strong>εἰρήνην,</strong></span> <span class='ocrx_word' id='word_1_180' title='bbox 719 2375 814 2427; x_wconf 74' lang='grc' dir='ltr'><strong>καὶ</strong></span> <span class='ocrx_word' id='word_1_181' title='bbox 860 2373 1362 2426; x_wconf 85' lang='grc' dir='ltr'><strong>ἀποκαταλλάσσων</strong></span> <span class='ocrx_word' id='word_1_182' title='bbox 1415 2374 1544 2438; x_wconf 72' lang='grc' dir='ltr'><strong>τοὺς</strong></span> <span class='ocrx_word' id='word_1_183' title='bbox 1583 2375 1822 2446; x_wconf 78' lang='grc' dir='ltr'><strong>ἀμφοτέ-</strong></span> 
     </span>
    </p>
   </div>
   <div class='ocr_carea' id='block_1_27' title="bbox 239 2465 1818 2540">
    <p class='ocr_par' dir='ltr' id='par_1_27' title="bbox 239 2465 1818 2540">
     <span class='ocr_line' id='line_1_27' title="bbox 239 2465 1818 2540; baseline -0.001 -17"><span class='ocrx_word' id='word_1_184' title='bbox 239 2486 364 2540; x_wconf 82' lang='grc' dir='ltr'><strong>ρους</strong></span> <span class='ocrx_word' id='word_1_185' title='bbox 404 2472 462 2521; x_wconf 83' lang='grc' dir='ltr'><strong>έν</strong></span> <span class='ocrx_word' id='word_1_186' title='bbox 489 2469 568 2520; x_wconf 78' lang='grc' dir='ltr'><strong>ἑνὶ</strong></span> <span class='ocrx_word' id='word_1_187' title='bbox 602 2466 881 2536; x_wconf 88' lang='grc' dir='ltr'><strong>Πνεύματι</strong></span> <span class='ocrx_word' id='word_1_188' title='bbox 913 2465 1049 2536; x_wconf 85' lang='grc' dir='ltr'><strong>πρὸς</strong></span> <span class='ocrx_word' id='word_1_189' title='bbox 1070 2465 1161 2518; x_wconf 75' lang='grc' dir='ltr'><strong>τὸν</strong></span> <span class='ocrx_word' id='word_1_190' title='bbox 1204 2466 1446 2537; x_wconf 82' lang='grc' dir='ltr'><strong>Πατέρα,</strong></span> <span class='ocrx_word' id='word_1_191' title='bbox 1484 2485 1502 2518; x_wconf 70' lang='grc' dir='ltr'><strong>ι</strong></span> <span class='ocrx_word' id='word_1_192' title='bbox 1539 2466 1709 2538; x_wconf 84' lang='grc' dir='ltr'><strong>ταύτῃ</strong></span> <span class='ocrx_word' id='word_1_193' title='bbox 1736 2484 1818 2521; x_wconf 90' lang='grc' dir='ltr'><strong>τοι</strong></span> 
     </span>
    </p>
   </div>
   <div class='ocr_carea' id='block_1_28' title="bbox 237 2554 1820 2629">
    <p class='ocr_par' dir='ltr' id='par_1_28' title="bbox 237 2554 1820 2629">
     <span class='ocr_line' id='line_1_28' title="bbox 237 2554 1820 2629; baseline 0.001 -18"><span class='ocrx_word' id='word_1_194' title='bbox 237 2560 401 2629; x_wconf 67' lang='grc' dir='ltr'><strong>φησιν</strong></span> <span class='ocrx_word' id='word_1_195' title='bbox 424 2561 511 2612; x_wconf 84' lang='grc' dir='ltr'><strong>ὅτι</strong></span> <span class='ocrx_word' id='word_1_196' title='bbox 536 2557 748 2610; x_wconf 75' lang='grc' dir='ltr'><strong>ἔσονται</strong></span> <span class='ocrx_word' id='word_1_197' title='bbox 777 2556 853 2620; x_wconf 88' lang='grc' dir='ltr'><strong>ὼς</strong></span> <span class='ocrx_word' id='word_1_198' title='bbox 897 2555 1174 2627; x_wconf 76' lang='grc' dir='ltr'><strong>χιλίαρχος</strong></span> <span class='ocrx_word' id='word_1_199' title='bbox 1198 2557 1257 2609; x_wconf 85' lang='grc' dir='ltr'><strong>ὲν</strong></span> <span class='ocrx_word' id='word_1_200' title='bbox 1298 2554 1485 2622; x_wconf 82' lang='grc' dir='ltr'><strong>Ἰούδα,</strong></span> <span class='ocrx_word' id='word_1_201' title='bbox 1545 2558 1820 2612; x_wconf 85' lang='grc' dir='ltr'><strong>τουτέστιν</strong></span> 
     </span>
    </p>
   </div>
   <div class='ocr_carea' id='block_1_29' title="bbox 235 2644 1818 2716">
    <p class='ocr_par' dir='ltr' id='par_1_29' title="bbox 235 2644 1818 2716">
     <span class='ocr_line' id='line_1_29' title="bbox 235 2644 1818 2716; baseline 0.001 -17"><span class='ocrx_word' id='word_1_202' title='bbox 235 2647 316 2708; x_wconf 77' lang='grc' dir='ltr'><strong>εἰς</strong></span> <span class='ocrx_word' id='word_1_203' title='bbox 346 2644 510 2698; x_wconf 85' lang='grc' dir='ltr'><strong>τοῦτο</strong></span> <span class='ocrx_word' id='word_1_204' title='bbox 532 2646 897 2716; x_wconf 74' lang='grc' dir='ltr'><strong>προὸήσονται</strong></span> <span class='ocrx_word' id='word_1_205' title='bbox 930 2644 1301 2714; x_wconf 84' lang='grc' dir='ltr'><strong>γνησιότητος,</strong></span> <span class='ocrx_word' id='word_1_206' title='bbox 1327 2645 1426 2714; x_wconf 82' lang='grc' dir='ltr'><strong>τῆς</strong></span> <span class='ocrx_word' id='word_1_207' title='bbox 1451 2645 1526 2709; x_wconf 87' lang='grc' dir='ltr'><strong>ὡς</strong></span> <span class='ocrx_word' id='word_1_208' title='bbox 1552 2647 1610 2700; x_wconf 83' lang='grc' dir='ltr'><strong>ὲν</strong></span> <span class='ocrx_word' id='word_1_209' title='bbox 1639 2647 1818 2700; x_wconf 78' lang='grc' dir='ltr'><strong>πίστει</strong></span> 
     </span>
    </p>
   </div>
   <div class='ocr_carea' id='block_1_30' title="bbox 231 2731 1820 2808">
    <p class='ocr_par' dir='ltr' id='par_1_30' title="bbox 231 2731 1820 2808">
     <span class='ocr_line' id='line_1_30' title="bbox 231 2731 1820 2808; baseline 0.001 -19"><span class='ocrx_word' id='word_1_210' title='bbox 231 2754 295 2790; x_wconf 85' lang='grc' dir='ltr'><strong>τε</strong></span> <span class='ocrx_word' id='word_1_211' title='bbox 325 2737 420 2790; x_wconf 76' lang='grc' dir='ltr'><strong>καὶ</strong></span> <span class='ocrx_word' id='word_1_212' title='bbox 437 2735 732 2806; x_wconf 76' lang='grc' dir='ltr'><strong>ἐπιεικείᾳ,</strong></span> <span class='ocrx_word' id='word_1_213' title='bbox 759 2736 921 2806; x_wconf 77' lang='grc' dir='ltr'><strong>φημὶ,</strong></span> <span class='ocrx_word' id='word_1_214' title='bbox 945 2734 1086 2788; x_wconf 87' lang='grc' dir='ltr'><strong>ῶστε</strong></span> <span class='ocrx_word' id='word_1_215' title='bbox 1120 2733 1214 2789; x_wconf 83' lang='grc' dir='ltr'><strong>καὶ</strong></span> <span class='ocrx_word' id='word_1_216' title='bbox 1240 2735 1297 2802; x_wconf 79' lang='grc' dir='ltr'><strong>ἐξ</strong></span> <span class='ocrx_word' id='word_1_217' title='bbox 1331 2737 1507 2790; x_wconf 83' lang='grc' dir='ltr'><strong>αὐτῶν</strong></span> <span class='ocrx_word' id='word_1_218' title='bbox 1543 2731 1820 2808; x_wconf 66' lang='grc' dir='ltr'><strong>ἀρχηγοὺς</strong></span> 
     </span>
    </p>
   </div>
   <div class='ocr_carea' id='block_1_31' title="bbox 231 2828 1818 2901">
    <p class='ocr_par' dir='ltr' id='par_1_31' title="bbox 231 2828 1818 2901">
     <span class='ocr_line' id='line_1_31' title="bbox 231 2828 1818 2901; baseline 0.002 -19"><span class='ocrx_word' id='word_1_219' title='bbox 231 2828 488 2898; x_wconf 84' lang='grc' dir='ltr'><strong>γενέσθαι</strong></span> <span class='ocrx_word' id='word_1_220' title='bbox 513 2828 608 2881; x_wconf 90' lang='grc' dir='ltr'><strong>τοῦ</strong></span> <span class='ocrx_word' id='word_1_221' title='bbox 646 2828 1041 2881; x_wconf 85' lang='grc' dir='ltr'><strong>ἰούδα.”Εσται</strong></span> <span class='ocrx_word' id='word_1_222' title='bbox 1066 2828 1122 2882; x_wconf 83' lang='grc' dir='ltr'><strong>δὲ</strong></span> <span class='ocrx_word' id='word_1_223' title='bbox 1147 2830 1239 2882; x_wconf 70' lang='grc' dir='ltr'><strong>καὶ</strong></span> <span class='ocrx_word' id='word_1_224' title='bbox 1262 2831 1290 2882; x_wconf 86' lang='lat'><strong>6</strong></span> <span class='ocrx_word' id='word_1_225' title='bbox 1331 2830 1636 2901; x_wconf 85' lang='grc' dir='ltr'><strong>Ἀκκαρὼν,</strong></span> <span class='ocrx_word' id='word_1_226' title='bbox 1661 2849 1818 2885; x_wconf 84' lang='grc' dir='ltr'><strong>τουτ-</strong></span> 
     </span>
    </p>
   </div>
   <div class='ocr_carea' id='block_1_32' title="bbox 230 2917 1818 2989">
    <p class='ocr_par' dir='ltr' id='par_1_32' title="bbox 230 2917 1818 2989">
     <span class='ocr_line' id='line_1_32' title="bbox 230 2917 1818 2989; baseline 0.001 -17"><span class='ocrx_word' id='word_1_227' title='bbox 230 2919 401 2983; x_wconf 82' lang='grc' dir='ltr'><strong>ἐστιν,</strong></span> <span class='ocrx_word' id='word_1_228' title='bbox 433 2920 466 2972; x_wconf 89' lang='lat'><strong>6</strong></span> <span class='ocrx_word' id='word_1_229' title='bbox 504 2917 820 2985; x_wconf 78' lang='grc' dir='ltr'><strong>ἀλλογενὴς,</strong></span> <span class='ocrx_word' id='word_1_230' title='bbox 852 2919 879 2970; x_wconf 92' lang='grc' dir='ltr'>ὁ</span> <span class='ocrx_word' id='word_1_231' title='bbox 923 2919 988 2971; x_wconf 84' lang='grc' dir='ltr'><strong>ὲκ</strong></span> <span class='ocrx_word' id='word_1_232' title='bbox 1031 2918 1130 2986; x_wconf 82' lang='grc' dir='ltr'><strong>γῆς</strong></span> <span class='ocrx_word' id='word_1_233' title='bbox 1169 2917 1510 2989; x_wconf 69' lang='grc' dir='ltr'><strong>Φυλιστιεὶμ,</strong></span> <span class='ocrx_word' id='word_1_234' title='bbox 1545 2918 1622 2978; x_wconf 82' lang='grc' dir='ltr'><strong>ὡς</strong></span> <span class='ocrx_word' id='word_1_235' title='bbox 1649 2921 1678 2972; x_wconf 89' lang='lat'><strong>6</strong></span> <span class='ocrx_word' id='word_1_236' title='bbox 1718 2921 1818 2973; x_wconf 85' lang='grc' dir='ltr'><strong>Ἰε-</strong></span> 
     </span>
    </p>
   </div>
   <div class='ocr_carea' id='block_1_33' title="bbox 229 3009 1818 3083">
    <p class='ocr_par' dir='ltr' id='par_1_33' title="bbox 229 3009 1818 3083">
     <span class='ocr_line' id='line_1_33' title="bbox 229 3009 1818 3083; baseline 0.002 -22"><span class='ocrx_word' id='word_1_237' title='bbox 229 3010 508 3074; x_wconf 71' lang='grc' dir='ltr'><strong>ϐουσαῖος,</strong></span> <span class='ocrx_word' id='word_1_238' title='bbox 536 3009 810 3063; x_wconf 87' lang='grc' dir='ltr'><strong>τουτέστιν</strong></span> <span class='ocrx_word' id='word_1_239' title='bbox 853 3009 928 3068; x_wconf 83' lang='grc' dir='ltr'><strong>ὡς</strong></span> <span class='ocrx_word' id='word_1_240' title='bbox 975 3009 1136 3072; x_wconf 78' lang='grc' dir='ltr'><strong>αὐτὸς</strong></span> <span class='ocrx_word' id='word_1_241' title='bbox 1159 3010 1187 3061; x_wconf 89' lang='grc' dir='ltr'><strong>ό</strong></span> <span class='ocrx_word' id='word_1_242' title='bbox 1228 3009 1481 3073; x_wconf 84' lang='grc' dir='ltr'><strong>κάτοικος</strong></span> <span class='ocrx_word' id='word_1_243' title='bbox 1513 3010 1621 3064; x_wconf 90' lang='grc' dir='ltr'><strong>τῶν</strong></span> <span class='ocrx_word' id='word_1_244' title='bbox 1657 3011 1818 3083; x_wconf 89' lang='grc' dir='ltr'><strong>Ἰερο-</strong></span> 
     </span>
    </p>
   </div>
   <div class='ocr_carea' id='block_1_34' title="bbox 1938 543 3523 610">
    <p class='ocr_par' dir='ltr' id='par_1_34' title="bbox 1938 543 3523 610">
     <span class='ocr_line' id='line_1_34' title="bbox 1938 543 3523 610; baseline 0.004 -15"><span class='ocrx_word' id='word_1_245' title='bbox 1938 554 2222 610; x_wconf 72' lang='grc' dir='ltr'><strong>ρωηπυιιι</strong></span> <span class='ocrx_word' id='word_1_246' title='bbox 2257 543 2432 597; x_wconf 91' lang='lat' dir='ltr'><strong>eidem</strong></span> <span class='ocrx_word' id='word_1_247' title='bbox 2490 545 2777 598; x_wconf 88' lang='lat' dir='ltr'><strong>dederunt.</strong></span> <span class='ocrx_word' id='word_1_248' title='bbox 2839 543 3224 600; x_wconf 80' lang='lat' dir='ltr'><strong>Verumtamen</strong></span> <span class='ocrx_word' id='word_1_249' title='bbox 3295 561 3403 601; x_wconf 92' lang='lat' dir='ltr'><strong>non</strong></span> <span class='ocrx_word' id='word_1_250' title='bbox 3454 549 3523 601; x_wconf 85' lang='lat' dir='ltr'><strong>ad</strong></span> 
     </span>
    </p>
   </div>
   <div class='ocr_carea' id='block_1_35' title="bbox 1935 633 3520 707">
    <p class='ocr_par' dir='ltr' id='par_1_35' title="bbox 1935 633 3520 707">
     <span class='ocr_line' id='line_1_35' title="bbox 1935 633 3520 707; baseline 0.004 -21"><span class='ocrx_word' id='word_1_251' title='bbox 1935 647 2100 687; x_wconf 90' lang='lat' dir='ltr'><strong>unum</strong></span> <span class='ocrx_word' id='word_1_252' title='bbox 2137 633 2440 702; x_wconf 90' lang='lat' dir='ltr'><strong>perierunt,</strong></span> <span class='ocrx_word' id='word_1_253' title='bbox 2473 637 2831 691; x_wconf 73' lang='lat' dir='ltr'><strong>cessationem</strong></span> <span class='ocrx_word' id='word_1_254' title='bbox 2861 635 3087 691; x_wconf 56' lang='lat' dir='ltr'><strong>lanienae</strong></span> <span class='ocrx_word' id='word_1_255' title='bbox 3121 637 3189 692; x_wconf 87' lang='lat' dir='ltr'><strong>ab</strong></span> <span class='ocrx_word' id='word_1_256' title='bbox 3216 651 3312 692; x_wconf 89' lang='lat' dir='ltr'><strong>ore</strong></span> <span class='ocrx_word' id='word_1_257' title='bbox 3379 641 3520 707; x_wconf 82' lang='lat' dir='ltr'><strong>Ipso-</strong></span> 
     </span>
    </p>
   </div>
   <div class='ocr_carea' id='block_1_36' title="bbox 1937 723 3538 795">
    <p class='ocr_par' dir='ltr' id='par_1_36' title="bbox 1937 723 3538 795">
     <span class='ocr_line' id='line_1_36' title="bbox 1937 723 3538 795; baseline 0.003 -18"><span class='ocrx_word' id='word_1_258' title='bbox 1937 737 2055 778; x_wconf 87' lang='lat' dir='ltr'><strong>rum</strong></span> <span class='ocrx_word' id='word_1_259' title='bbox 2083 723 2190 782; x_wconf 85' lang='lat' dir='ltr'><strong>Deo</strong></span> <span class='ocrx_word' id='word_1_260' title='bbox 2213 727 2538 795; x_wconf 72' lang='lat' dir='ltr'><strong>praevidente</strong></span> <span class='ocrx_word' id='word_1_261' title='bbox 2562 746 2574 782; x_wconf 94' lang='lat'>:</span> <span class='ocrx_word' id='word_1_262' title='bbox 2602 726 2704 782; x_wconf 90' lang='lat' dir='ltr'><strong>hoc</strong></span> <span class='ocrx_word' id='word_1_263' title='bbox 2731 736 2834 794; x_wconf 88' lang='lat' dir='ltr'><strong>est,</strong></span> <span class='ocrx_word' id='word_1_264' title='bbox 2861 727 3073 784; x_wconf 92' lang='lat' dir='ltr'><strong>tametsi</strong></span> <span class='ocrx_word' id='word_1_265' title='bbox 3094 738 3150 782; x_wconf 89' lang='lat' dir='ltr'><strong>ut</strong></span> <span class='ocrx_word' id='word_1_266' title='bbox 3171 727 3356 783; x_wconf 62' lang='lat' dir='ltr'><strong>belluas</strong></span> <span class='ocrx_word' id='word_1_267' title='bbox 3383 728 3538 782; x_wconf 62' lang='grc' dir='ltr'><strong>κτα-⁸</strong></span> 
     </span>
    </p>
   </div>
   <div class='ocr_carea' id='block_1_37' title="bbox 1934 795 3536 888">
    <p class='ocr_par' dir='ltr' id='par_1_37' title="bbox 1934 795 3536 888">
     <span class='ocr_line' id='line_1_37' title="bbox 1934 795 3536 888; baseline 0.001 -18"><span class='ocrx_word' id='word_1_268' title='bbox 1934 816 2070 871; x_wconf 87' lang='lat' dir='ltr'><strong>elem</strong></span> <span class='ocrx_word' id='word_1_269' title='bbox 2105 818 2485 887; x_wconf 83' lang='lat' dir='ltr'><strong>propemodum</strong></span> <span class='ocrx_word' id='word_1_270' title='bbox 2514 818 2936 888; x_wconf 74' lang='lat' dir='ltr'><strong>deglutiverunt,</strong></span> <span class='ocrx_word' id='word_1_271' title='bbox 2966 820 3144 874; x_wconf 83' lang='lat' dir='ltr'><strong>veniet</strong></span> <span class='ocrx_word' id='word_1_272' title='bbox 3177 829 3352 874; x_wconf 89' lang='lat' dir='ltr'><strong>tamen</strong></span> <span class='ocrx_word' id='word_1_273' title='bbox 3379 795 3536 873; x_wconf 56' lang='lat' dir='ltr'><strong>temJ</strong></span> 
     </span>
    </p>
   </div>
   <div class='ocr_carea' id='block_1_38' title="bbox 1934 909 3512 981">
    <p class='ocr_par' dir='ltr' id='par_1_38' title="bbox 1934 909 3512 981">
     <span class='ocr_line' id='line_1_38' title="bbox 1934 909 3512 981; baseline 0.001 -20"><span class='ocrx_word' id='word_1_274' title='bbox 1934 921 2054 975; x_wconf 87' lang='lat' dir='ltr'><strong>pus,</strong></span> <span class='ocrx_word' id='word_1_275' title='bbox 2081 924 2188 978; x_wconf 91' lang='lat' dir='ltr'><strong>quo</strong></span> <span class='ocrx_word' id='word_1_276' title='bbox 2223 911 2340 980; x_wconf 93' lang='lat' dir='ltr'><strong>puri</strong></span> <span class='ocrx_word' id='word_1_277' title='bbox 2369 919 2422 963; x_wconf 87' lang='lat' dir='ltr'><strong>et</strong></span> <span class='ocrx_word' id='word_1_278' title='bbox 2450 910 2502 964; x_wconf 91' lang='lat' dir='ltr'><strong>in</strong></span> <span class='ocrx_word' id='word_1_279' title='bbox 2525 909 2610 964; x_wconf 89' lang='lat' dir='ltr'><strong>his</strong></span> <span class='ocrx_word' id='word_1_280' title='bbox 2643 910 2713 965; x_wconf 89' lang='lat' dir='ltr'><strong>ab</strong></span> <span class='ocrx_word' id='word_1_281' title='bbox 2735 910 2881 964; x_wconf 92' lang='lat' dir='ltr'><strong>omni</strong></span> <span class='ocrx_word' id='word_1_282' title='bbox 2923 911 3079 981; x_wconf 87' lang='lat' dir='ltr'><strong>culpa</strong></span> <span class='ocrx_word' id='word_1_283' title='bbox 3146 911 3300 966; x_wconf 86' lang='lat' dir='ltr'><strong>liberi</strong></span> <span class='ocrx_word' id='word_1_284' title='bbox 3331 920 3512 965; x_wconf 90' lang='lat' dir='ltr'><strong>erunt.</strong></span> 
     </span>
    </p>
   </div>
   <div class='ocr_carea' id='block_1_39' title="bbox 1930 999 3517 1072">
    <p class='ocr_par' dir='ltr' id='par_1_39' title="bbox 1930 999 3517 1072">
     <span class='ocr_line' id='line_1_39' title="bbox 1930 999 3517 1072; baseline 0.001 -18"><span class='ocrx_word' id='word_1_285' title='bbox 1930 999 2385 1058; x_wconf 79' lang='lat' dir='ltr'><strong>Justitlcahuntur</strong></span> <span class='ocrx_word' id='word_1_286' title='bbox 2416 1001 2559 1058; x_wconf 90' lang='lat' dir='ltr'><strong>enim</strong></span> <span class='ocrx_word' id='word_1_287' title='bbox 2586 1002 2639 1056; x_wconf 93' lang='lat' dir='ltr'><strong>in</strong></span> <span class='ocrx_word' id='word_1_288' title='bbox 2683 1000 2786 1056; x_wconf 83' lang='lat' dir='ltr'><strong>lide</strong></span> <span class='ocrx_word' id='word_1_289' title='bbox 2815 1001 2916 1070; x_wconf 85' lang='lat' dir='ltr'><strong>ipsi</strong></span> <span class='ocrx_word' id='word_1_290' title='bbox 2956 1017 3190 1071; x_wconf 86' lang='lat' dir='ltr'><strong>quoque,</strong></span> <span class='ocrx_word' id='word_1_291' title='bbox 3225 1011 3280 1058; x_wconf 92' lang='lat' dir='ltr'><strong>et</strong></span> <span class='ocrx_word' id='word_1_292' title='bbox 3312 1002 3517 1072; x_wconf 83' lang='lat' dir='ltr'><strong>iniqui-</strong></span> 
     </span>
    </p>
   </div>
   <div class='ocr_carea' id='block_1_40' title="bbox 1935 1091 3514 1160">
    <p class='ocr_par' dir='ltr' id='par_1_40' title="bbox 1935 1091 3514 1160">
     <span class='ocr_line' id='line_1_40' title="bbox 1935 1091 3514 1160; baseline 0 -14"><span class='ocrx_word' id='word_1_293' title='bbox 1935 1099 2104 1146; x_wconf 88' lang='lat' dir='ltr'><strong>talum</strong></span> <span class='ocrx_word' id='word_1_294' title='bbox 2158 1091 2460 1160; x_wconf 87' lang='lat' dir='ltr'><strong>priscarum</strong></span> <span class='ocrx_word' id='word_1_295' title='bbox 2489 1102 2663 1148; x_wconf 81' lang='lat' dir='ltr'><strong>sortes</strong></span> <span class='ocrx_word' id='word_1_296' title='bbox 2692 1093 2893 1148; x_wconf 89' lang='lat' dir='ltr'><strong>eluent.</strong></span> <span class='ocrx_word' id='word_1_297' title='bbox 2953 1092 3176 1148; x_wconf 74' lang='lat' dir='ltr'><strong>Auferet</strong></span> <span class='ocrx_word' id='word_1_298' title='bbox 3225 1102 3402 1148; x_wconf 87' lang='lat' dir='ltr'><strong>autem</strong></span> <span class='ocrx_word' id='word_1_299' title='bbox 3459 1098 3514 1147; x_wconf 85' lang='lat' dir='ltr'><strong>et</strong></span> 
     </span>
    </p>
   </div>
   <div class='ocr_carea' id='block_1_41' title="bbox 1933 1184 3512 1255">
    <p class='ocr_par' dir='ltr' id='par_1_41' title="bbox 1933 1184 3512 1255">
     <span class='ocr_line' id='line_1_41' title="bbox 1933 1184 3512 1255; baseline 0.001 -16"><span class='ocrx_word' id='word_1_300' title='bbox 1933 1185 2150 1240; x_wconf 89' lang='lat' dir='ltr'><strong>nomina</strong></span> <span class='ocrx_word' id='word_1_301' title='bbox 2185 1201 2204 1236; x_wconf 77' lang='grc' dir='ltr'><strong>ι</strong></span> <span class='ocrx_word' id='word_1_302' title='bbox 2287 1184 2746 1240; x_wconf 87' lang='lat' dir='ltr'><strong>abominationum</strong></span> <span class='ocrx_word' id='word_1_303' title='bbox 2793 1186 3052 1255; x_wconf 89' lang='lat' dir='ltr'><strong>ipsorum,</strong></span> <span class='ocrx_word' id='word_1_304' title='bbox 3112 1195 3169 1242; x_wconf 92' lang='lat' dir='ltr'><strong>et</strong></span> <span class='ocrx_word' id='word_1_305' title='bbox 3205 1186 3275 1242; x_wconf 91' lang='lat' dir='ltr'><strong>de</strong></span> <span class='ocrx_word' id='word_1_306' title='bbox 3335 1186 3512 1241; x_wconf 88' lang='lat' dir='ltr'><strong>medio</strong></span> 
     </span>
    </p>
   </div>
   <div class='ocr_carea' id='block_1_42' title="bbox 1931 1273 3508 1346">
    <p class='ocr_par' dir='ltr' id='par_1_42' title="bbox 1931 1273 3508 1346">
     <span class='ocr_line' id='line_1_42' title="bbox 1931 1273 3508 1346; baseline -0.001 -16"><span class='ocrx_word' id='word_1_307' title='bbox 1931 1275 2169 1330; x_wconf 88' lang='lat' dir='ltr'><strong>dentium</strong></span> <span class='ocrx_word' id='word_1_308' title='bbox 2228 1273 2464 1344; x_wconf 84' lang='lat' dir='ltr'><strong>ipsorum</strong></span> <span class='ocrx_word' id='word_1_309' title='bbox 2499 1294 2512 1330; x_wconf 89' lang='lat'><strong>:</strong></span> <span class='ocrx_word' id='word_1_310' title='bbox 2551 1293 2571 1328; x_wconf 74' lang='grc' dir='ltr'><strong>ι</strong></span> <span class='ocrx_word' id='word_1_311' title='bbox 2615 1290 2715 1331; x_wconf 86' lang='lat' dir='ltr'><strong>nec</strong></span> <span class='ocrx_word' id='word_1_312' title='bbox 2759 1277 2904 1330; x_wconf 88' lang='lat' dir='ltr'><strong>enim</strong></span> <span class='ocrx_word' id='word_1_313' title='bbox 2953 1275 3182 1346; x_wconf 82' lang='lat' dir='ltr'><strong>amplius</strong></span> <span class='ocrx_word' id='word_1_314' title='bbox 3251 1275 3508 1331; x_wconf 76' lang='lat' dir='ltr'><strong>falsorum</strong></span> 
     </span>
    </p>
   </div>
   <div class='ocr_carea' id='block_1_43' title="bbox 1931 1365 3506 1432">
    <p class='ocr_par' dir='ltr' id='par_1_43' title="bbox 1931 1365 3506 1432">
     <span class='ocr_line' id='line_1_43' title="bbox 1931 1365 3506 1432; baseline 0.002 -12"><span class='ocrx_word' id='word_1_315' title='bbox 1931 1369 2150 1420; x_wconf 92' lang='lat' dir='ltr'><strong>deorum</strong></span> <span class='ocrx_word' id='word_1_316' title='bbox 2181 1365 2509 1420; x_wconf 87' lang='lat' dir='ltr'><strong>mentionem</strong></span> <span class='ocrx_word' id='word_1_317' title='bbox 2541 1366 2790 1432; x_wconf 83' lang='lat' dir='ltr'><strong>inferent,</strong></span> <span class='ocrx_word' id='word_1_318' title='bbox 2824 1382 2925 1422; x_wconf 88' lang='lat' dir='ltr'><strong>nec</strong></span> <span class='ocrx_word' id='word_1_319' title='bbox 2987 1366 3342 1423; x_wconf 86' lang='lat' dir='ltr'><strong>nominabunt</strong></span> <span class='ocrx_word' id='word_1_320' title='bbox 3391 1385 3506 1424; x_wconf 87' lang='lat' dir='ltr'><strong>eos.</strong></span> 
     </span>
    </p>
   </div>
   <div class='ocr_carea' id='block_1_44' title="bbox 1935 1457 3510 1528">
    <p class='ocr_par' dir='ltr' id='par_1_44' title="bbox 1935 1457 3510 1528">
     <span class='ocr_line' id='line_1_44' title="bbox 1935 1457 3510 1528; baseline 0.005 -20"><span class='ocrx_word' id='word_1_321' title='bbox 1935 1474 1954 1508; x_wconf 77' lang='grc' dir='ltr'><strong>ι</strong></span> <span class='ocrx_word' id='word_1_322' title='bbox 2005 1457 2398 1526; x_wconf 71' lang='lat' dir='ltr'><strong>lteliuqucntur</strong></span> <span class='ocrx_word' id='word_1_323' title='bbox 2429 1472 2592 1528; x_wconf 91' lang='lat' dir='ltr'><strong>porro</strong></span> <span class='ocrx_word' id='word_1_324' title='bbox 2636 1470 2691 1512; x_wconf 90' lang='lat' dir='ltr'><strong>et</strong></span> <span class='ocrx_word' id='word_1_325' title='bbox 2741 1459 2831 1514; x_wconf 86' lang='lat' dir='ltr'><strong>isti</strong></span> <span class='ocrx_word' id='word_1_326' title='bbox 2873 1459 2982 1514; x_wconf 89' lang='lat' dir='ltr'><strong>Deo</strong></span> <span class='ocrx_word' id='word_1_327' title='bbox 3035 1471 3242 1526; x_wconf 88' lang='lat' dir='ltr'><strong>nostro,</strong></span> <span class='ocrx_word' id='word_1_328' title='bbox 3288 1479 3306 1512; x_wconf 77' lang='grc' dir='ltr'><strong>ι</strong></span> <span class='ocrx_word' id='word_1_329' title='bbox 3369 1462 3510 1518; x_wconf 80' lang='lat' dir='ltr'><strong>sicut</strong></span> 
     </span>
    </p>
   </div>
   <div class='ocr_carea' id='block_1_45' title="bbox 1931 1548 3508 1620">
    <p class='ocr_par' dir='ltr' id='par_1_45' title="bbox 1931 1548 3508 1620">
     <span class='ocr_line' id='line_1_45' title="bbox 1931 1548 3508 1620; baseline 0 -18"><span class='ocrx_word' id='word_1_330' title='bbox 1931 1549 2186 1603; x_wconf 88' lang='lat' dir='ltr'><strong>nimirum</strong></span> <span class='ocrx_word' id='word_1_331' title='bbox 2225 1556 2276 1604; x_wconf 90' lang='lat' dir='ltr'><strong>ct</strong></span> <span class='ocrx_word' id='word_1_332' title='bbox 2306 1548 2418 1618; x_wconf 90' lang='lat' dir='ltr'><strong>ipse</strong></span> <span class='ocrx_word' id='word_1_333' title='bbox 2447 1549 2607 1604; x_wconf 81' lang='lat' dir='ltr'><strong>Israel</strong></span> <span class='ocrx_word' id='word_1_334' title='bbox 2641 1566 2654 1602; x_wconf 83' lang='grc' dir='ltr'><strong>ι</strong></span> <span class='ocrx_word' id='word_1_335' title='bbox 2690 1564 2814 1604; x_wconf 91' lang='lat' dir='ltr'><strong>nam</strong></span> <span class='ocrx_word' id='word_1_336' title='bbox 2849 1560 2902 1606; x_wconf 92' lang='lat' dir='ltr'><strong>et</strong></span> <span class='ocrx_word' id='word_1_337' title='bbox 2931 1549 3046 1618; x_wconf 84' lang='lat' dir='ltr'><strong>ejus</strong></span> <span class='ocrx_word' id='word_1_338' title='bbox 3103 1550 3346 1620; x_wconf 64' lang='lat' dir='ltr'><strong>reliquiae</strong></span> <span class='ocrx_word' id='word_1_339' title='bbox 3401 1551 3508 1606; x_wconf 82' lang='lat' dir='ltr'><strong>sal-</strong></span> 
     </span>
    </p>
   </div>
   <div class='ocr_carea' id='block_1_46' title="bbox 1928 1641 3504 1712">
    <p class='ocr_par' dir='ltr' id='par_1_46' title="bbox 1928 1641 3504 1712">
     <span class='ocr_line' id='line_1_46' title="bbox 1928 1641 3504 1712; baseline 0.002 -20"><span class='ocrx_word' id='word_1_340' title='bbox 1928 1649 2068 1694; x_wconf 72' lang='grc' dir='ltr'><strong>νιιιιο</strong></span> <span class='ocrx_word' id='word_1_341' title='bbox 2107 1649 2252 1705; x_wconf 89' lang='lat' dir='ltr'><strong>sunt,</strong></span> <span class='ocrx_word' id='word_1_342' title='bbox 2301 1643 2648 1709; x_wconf 81' lang='lat' dir='ltr'><strong>quantumvis</strong></span> <span class='ocrx_word' id='word_1_343' title='bbox 2693 1657 2819 1712; x_wconf 75' lang='lat' dir='ltr'><strong>erga</strong></span> <span class='ocrx_word' id='word_1_344' title='bbox 2876 1643 3048 1712; x_wconf 89' lang='lat' dir='ltr'><strong>ipsum</strong></span> <span class='ocrx_word' id='word_1_345' title='bbox 3097 1641 3504 1697; x_wconf 80' lang='lat' dir='ltr'><strong>Emmantreletn</strong></span> 
     </span>
    </p>
   </div>
   <div class='ocr_carea' id='block_1_47' title="bbox 1931 1730 3508 1800">
    <p class='ocr_par' dir='ltr' id='par_1_47' title="bbox 1931 1730 3508 1800">
     <span class='ocr_line' id='line_1_47' title="bbox 1931 1730 3508 1800; baseline 0.002 -16"><span class='ocrx_word' id='word_1_346' title='bbox 1931 1730 2179 1785; x_wconf 86' lang='lat' dir='ltr'><strong>scelerati</strong></span> <span class='ocrx_word' id='word_1_347' title='bbox 2232 1731 2553 1786; x_wconf 79' lang='lat' dir='ltr'><strong>exstiterint.</strong></span> <span class='ocrx_word' id='word_1_348' title='bbox 2575 1731 2688 1799; x_wconf 85' lang='lat' dir='ltr'><strong>Qua</strong></span> <span class='ocrx_word' id='word_1_349' title='bbox 2726 1747 2854 1786; x_wconf 89' lang='lat' dir='ltr'><strong>vero</strong></span> <span class='ocrx_word' id='word_1_350' title='bbox 2908 1741 3098 1787; x_wconf 88' lang='lat' dir='ltr'><strong>vocata</strong></span> <span class='ocrx_word' id='word_1_351' title='bbox 3161 1745 3226 1787; x_wconf 83' lang='lat' dir='ltr'><strong>ex</strong></span> <span class='ocrx_word' id='word_1_352' title='bbox 3259 1733 3508 1800; x_wconf 78' lang='lat' dir='ltr'><strong>gentibus</strong></span> 
     </span>
    </p>
   </div>
   <div class='ocr_carea' id='block_1_48' title="bbox 1857 1788 3502 1893">
    <p class='ocr_par' dir='ltr' id='par_1_48' title="bbox 1857 1788 3502 1893">
     <span class='ocr_line' id='line_1_48' title="bbox 1857 1788 3502 1893; baseline 0.002 -18"><span class='ocrx_word' id='word_1_353' title='bbox 1857 1788 1901 1846; x_wconf 66' lang='grc' dir='ltr'><strong>Β</strong></span> <span class='ocrx_word' id='word_1_354' title='bbox 1927 1822 2212 1876; x_wconf 85' lang='lat' dir='ltr'><strong>multitudo</strong></span> <span class='ocrx_word' id='word_1_355' title='bbox 2240 1822 2306 1876; x_wconf 82' lang='lat' dir='ltr'><strong>(le</strong></span> <span class='ocrx_word' id='word_1_356' title='bbox 2338 1824 2600 1893; x_wconf 86' lang='lat' dir='ltr'><strong>sanguine</strong></span> <span class='ocrx_word' id='word_1_357' title='bbox 2638 1822 2802 1878; x_wconf 86' lang='lat' dir='ltr'><strong>Israel</strong></span> <span class='ocrx_word' id='word_1_358' title='bbox 2855 1824 3153 1893; x_wconf 84' lang='lat' dir='ltr'><strong>prognatis,</strong></span> <span class='ocrx_word' id='word_1_359' title='bbox 3198 1831 3251 1879; x_wconf 89' lang='lat' dir='ltr'><strong>ct</strong></span> <span class='ocrx_word' id='word_1_360' title='bbox 3283 1826 3502 1880; x_wconf 85' lang='lat' dir='ltr'><strong>creden-</strong></span> 
     </span>
    </p>
   </div>
   <div class='ocr_carea' id='block_1_49' title="bbox 1926 1913 3502 1983">
    <p class='ocr_par' dir='ltr' id='par_1_49' title="bbox 1926 1913 3502 1983">
     <span class='ocr_line' id='line_1_49' title="bbox 1926 1913 3502 1983; baseline 0.003 -16"><span class='ocrx_word' id='word_1_361' title='bbox 1926 1913 2070 1968; x_wconf 89' lang='lat' dir='ltr'><strong>tibus</strong></span> <span class='ocrx_word' id='word_1_362' title='bbox 2091 1914 2442 1983; x_wconf 86' lang='lat' dir='ltr'><strong>spiritualiter</strong></span> <span class='ocrx_word' id='word_1_363' title='bbox 2481 1914 2731 1983; x_wconf 88' lang='lat' dir='ltr'><strong>copulata</strong></span> <span class='ocrx_word' id='word_1_364' title='bbox 2768 1925 2871 1981; x_wconf 88' lang='lat' dir='ltr'><strong>est,</strong></span> <span class='ocrx_word' id='word_1_365' title='bbox 2903 1914 3122 1971; x_wconf 85' lang='lat' dir='ltr'><strong>Christo</strong></span> <span class='ocrx_word' id='word_1_366' title='bbox 3147 1930 3240 1971; x_wconf 90' lang='lat' dir='ltr'><strong>eos</strong></span> <span class='ocrx_word' id='word_1_367' title='bbox 3289 1916 3342 1970; x_wconf 89' lang='lat' dir='ltr'><strong>in</strong></span> <span class='ocrx_word' id='word_1_368' title='bbox 3382 1919 3502 1971; x_wconf 90' lang='lat' dir='ltr'><strong>uni-</strong></span> 
     </span>
    </p>
   </div>
   <div class='ocr_carea' id='block_1_50' title="bbox 1926 2003 3500 2078">
    <p class='ocr_par' dir='ltr' id='par_1_50' title="bbox 1926 2003 3500 2078">
     <span class='ocr_line' id='line_1_50' title="bbox 1926 2003 3500 2078; baseline 0.003 -21"><span class='ocrx_word' id='word_1_369' title='bbox 1926 2011 2090 2058; x_wconf 85' lang='lat' dir='ltr'><strong>tatem</strong></span> <span class='ocrx_word' id='word_1_370' title='bbox 2119 2005 2427 2074; x_wconf 85' lang='lat' dir='ltr'><strong>c0pulante,</strong></span> <span class='ocrx_word' id='word_1_371' title='bbox 2462 2022 2482 2057; x_wconf 76' lang='grc' dir='ltr'><strong>ι</strong></span> <span class='ocrx_word' id='word_1_372' title='bbox 2525 2003 2644 2075; x_wconf 81' lang='lat' dir='ltr'><strong>ipse</strong></span> <span class='ocrx_word' id='word_1_373' title='bbox 2693 2007 2839 2060; x_wconf 91' lang='lat' dir='ltr'><strong>enim</strong></span> <span class='ocrx_word' id='word_1_374' title='bbox 2886 2013 2969 2061; x_wconf 88' lang='lat' dir='ltr'><strong>est</strong></span> <span class='ocrx_word' id='word_1_375' title='bbox 3019 2021 3121 2076; x_wconf 81' lang='lat' dir='ltr'><strong>pax</strong></span> <span class='ocrx_word' id='word_1_376' title='bbox 3175 2017 3376 2075; x_wconf 88' lang='lat' dir='ltr'><strong>nostra,</strong></span> <span class='ocrx_word' id='word_1_377' title='bbox 3410 2011 3500 2078; x_wconf 88' lang='lat' dir='ltr'><strong>qui</strong></span> 
     </span>
    </p>
   </div>
   <div class='ocr_carea' id='block_1_51' title="bbox 1923 2093 3503 2167">
    <p class='ocr_par' dir='ltr' id='par_1_51' title="bbox 1923 2093 3503 2167">
     <span class='ocr_line' id='line_1_51' title="bbox 1923 2093 3503 2167; baseline 0.004 -19"><span class='ocrx_word' id='word_1_378' title='bbox 1923 2093 2051 2149; x_wconf 78' lang='lat' dir='ltr'><strong>fecit</strong></span> <span class='ocrx_word' id='word_1_379' title='bbox 2082 2105 2309 2163; x_wconf 83' lang='lat' dir='ltr'><strong>utraque</strong></span> <span class='ocrx_word' id='word_1_380' title='bbox 2364 2111 2550 2162; x_wconf 89' lang='lat' dir='ltr'><strong>unum,</strong></span> <span class='ocrx_word' id='word_1_381' title='bbox 2589 2105 2642 2151; x_wconf 89' lang='lat' dir='ltr'><strong>et</strong></span> <span class='ocrx_word' id='word_1_382' title='bbox 2671 2099 2760 2158; x_wconf 86' lang='lat' dir='ltr'><strong>qui</strong></span> <span class='ocrx_word' id='word_1_383' title='bbox 2813 2099 3049 2152; x_wconf 90' lang='lat' dir='ltr'><strong>medium</strong></span> <span class='ocrx_word' id='word_1_384' title='bbox 3081 2098 3340 2167; x_wconf 84' lang='lat' dir='ltr'><strong>parietem</strong></span> <span class='ocrx_word' id='word_1_385' title='bbox 3395 2101 3503 2154; x_wconf 84' lang='lat' dir='ltr'><strong>dis-</strong></span> 
     </span>
    </p>
   </div>
   <div class='ocr_carea' id='block_1_52' title="bbox 1923 2187 3500 2259">
    <p class='ocr_par' dir='ltr' id='par_1_52' title="bbox 1923 2187 3500 2259">
     <span class='ocr_line' id='line_1_52' title="bbox 1923 2187 3500 2259; baseline 0.003 -19"><span class='ocrx_word' id='word_1_386' title='bbox 1923 2187 2104 2254; x_wconf 81' lang='lat' dir='ltr'><strong>solvit,</strong></span> <span class='ocrx_word' id='word_1_387' title='bbox 2141 2187 2361 2259; x_wconf 89' lang='lat' dir='ltr'><strong>et_duos</strong></span> <span class='ocrx_word' id='word_1_388' title='bbox 2404 2189 2629 2259; x_wconf 83' lang='lat' dir='ltr'><strong>p0pulos</strong></span> <span class='ocrx_word' id='word_1_389' title='bbox 2667 2189 2720 2243; x_wconf 90' lang='lat' dir='ltr'><strong>in</strong></span> <span class='ocrx_word' id='word_1_390' title='bbox 2757 2204 2923 2242; x_wconf 91' lang='lat' dir='ltr'><strong>unum</strong></span> <span class='ocrx_word' id='word_1_391' title='bbox 2986 2204 3184 2243; x_wconf 90' lang='lat' dir='ltr'><strong>novum</strong></span> <span class='ocrx_word' id='word_1_392' title='bbox 3229 2190 3500 2244; x_wconf 85' lang='lat' dir='ltr'><strong>hominem</strong></span> 
     </span>
    </p>
   </div>
   <div class='ocr_carea' id='block_1_53' title="bbox 1923 2277 3502 2350">
    <p class='ocr_par' dir='ltr' id='par_1_53' title="bbox 1923 2277 3502 2350">
     <span class='ocr_line' id='line_1_53' title="bbox 1923 2277 3502 2350; baseline 0.003 -18"><span class='ocrx_word' id='word_1_393' title='bbox 1923 2277 2194 2345; x_wconf 84' lang='lat' dir='ltr'><strong>condidit,</strong></span> <span class='ocrx_word' id='word_1_394' title='bbox 2252 2277 2455 2334; x_wconf 80' lang='lat' dir='ltr'><strong>faciens</strong></span> <span class='ocrx_word' id='word_1_395' title='bbox 2517 2293 2745 2350; x_wconf 88' lang='lat' dir='ltr'><strong>pacem,</strong></span> <span class='ocrx_word' id='word_1_396' title='bbox 2809 2289 2864 2334; x_wconf 85' lang='lat' dir='ltr'><strong>et</strong></span> <span class='ocrx_word' id='word_1_397' title='bbox 2913 2281 3266 2336; x_wconf 78' lang='lat' dir='ltr'><strong>reconcilians</strong></span> <span class='ocrx_word' id='word_1_398' title='bbox 3313 2282 3502 2337; x_wconf 86' lang='lat' dir='ltr'><strong>ambos</strong></span> 
     </span>
    </p>
   </div>
   <div class='ocr_carea' id='block_1_54' title="bbox 1923 2368 3498 2442">
    <p class='ocr_par' dir='ltr' id='par_1_54' title="bbox 1923 2368 3498 2442">
     <span class='ocr_line' id='line_1_54' title="bbox 1923 2368 3498 2442; baseline 0.003 -19"><span class='ocrx_word' id='word_1_399' title='bbox 1923 2368 2085 2441; x_wconf 63' lang='lat'><strong>735</strong></span> <span class='ocrx_word' id='word_1_400' title='bbox 2108 2370 2160 2424; x_wconf 90' lang='lat' dir='ltr'><strong>ln</strong></span> <span class='ocrx_word' id='word_1_401' title='bbox 2194 2385 2300 2424; x_wconf 87' lang='lat' dir='ltr'><strong>uno</strong></span> <span class='ocrx_word' id='word_1_402' title='bbox 2329 2368 2530 2440; x_wconf 87' lang='lat' dir='ltr'><strong>Spiritu</strong></span> <span class='ocrx_word' id='word_1_403' title='bbox 2564 2371 2628 2424; x_wconf 87' lang='lat' dir='ltr'><strong>ad</strong></span> <span class='ocrx_word' id='word_1_404' title='bbox 2655 2369 2876 2426; x_wconf 87' lang='lat' dir='ltr'><strong>Patrem</strong></span> <span class='ocrx_word' id='word_1_405' title='bbox 2911 2371 3010 2436; x_wconf 65' lang='lat' dir='ltr'><strong>&quot;,i</strong></span> <span class='ocrx_word' id='word_1_406' title='bbox 3048 2372 3249 2428; x_wconf 88' lang='lat' dir='ltr'><strong>idcirco</strong></span> <span class='ocrx_word' id='word_1_407' title='bbox 3305 2375 3498 2442; x_wconf 86' lang='lat' dir='ltr'><strong>inquit,</strong></span> 
     </span>
    </p>
   </div>
   <div class='ocr_carea' id='block_1_55' title="bbox 1921 2459 3500 2526">
    <p class='ocr_par' dir='ltr' id='par_1_55' title="bbox 1921 2459 3500 2526">
     <span class='ocr_line' id='line_1_55' title="bbox 1921 2459 3500 2526; baseline 0.001 -14"><span class='ocrx_word' id='word_1_408' title='bbox 1921 2459 2130 2516; x_wconf 80' lang='lat' dir='ltr'><strong>futuros</strong></span> <span class='ocrx_word' id='word_1_409' title='bbox 2162 2470 2218 2515; x_wconf 93' lang='lat' dir='ltr'><strong>ut</strong></span> <span class='ocrx_word' id='word_1_410' title='bbox 2249 2462 2524 2517; x_wconf 86' lang='lat' dir='ltr'><strong>tribunum</strong></span> <span class='ocrx_word' id='word_1_411' title='bbox 2555 2462 2608 2516; x_wconf 91' lang='lat' dir='ltr'><strong>in</strong></span> <span class='ocrx_word' id='word_1_412' title='bbox 2657 2460 2818 2526; x_wconf 74' lang='lat' dir='ltr'><strong>Iuda,</strong></span> <span class='ocrx_word' id='word_1_413' title='bbox 2881 2463 2984 2517; x_wconf 88' lang='lat' dir='ltr'><strong>hoc</strong></span> <span class='ocrx_word' id='word_1_414' title='bbox 3026 2472 3108 2518; x_wconf 91' lang='lat' dir='ltr'><strong>est</strong></span> <span class='ocrx_word' id='word_1_415' title='bbox 3169 2463 3236 2516; x_wconf 88' lang='lat' dir='ltr'><strong>ad</strong></span> <span class='ocrx_word' id='word_1_416' title='bbox 3297 2472 3500 2516; x_wconf 87' lang='lat' dir='ltr'><strong>tantam</strong></span> 
     </span>
    </p>
   </div>
   <div class='ocr_carea' id='block_1_56' title="bbox 1920 2550 3498 2622">
    <p class='ocr_par' dir='ltr' id='par_1_56' title="bbox 1920 2550 3498 2622">
     <span class='ocr_line' id='line_1_56' title="bbox 1920 2550 3498 2622; baseline 0.002 -17"><span class='ocrx_word' id='word_1_417' title='bbox 1920 2550 2433 2621; x_wconf 82' lang='lat' dir='ltr'><strong>lldeibonitatisque</strong></span> <span class='ocrx_word' id='word_1_418' title='bbox 2485 2552 2856 2607; x_wconf 85' lang='lat' dir='ltr'><strong>sinceritatem</strong></span> <span class='ocrx_word' id='word_1_419' title='bbox 2913 2567 3288 2622; x_wconf 85' lang='lat' dir='ltr'><strong>processuros,</strong></span> <span class='ocrx_word' id='word_1_420' title='bbox 3325 2564 3384 2608; x_wconf 89' lang='lat' dir='ltr'><strong>ut</strong></span> <span class='ocrx_word' id='word_1_421' title='bbox 3431 2569 3498 2608; x_wconf 75' lang='lat' dir='ltr'><strong>ex</strong></span> 
     </span>
    </p>
   </div>
   <div class='ocr_carea' id='block_1_57' title="bbox 1922 2640 3503 2711">
    <p class='ocr_par' dir='ltr' id='par_1_57' title="bbox 1922 2640 3503 2711">
     <span class='ocr_line' id='line_1_57' title="bbox 1922 2640 3503 2711; baseline 0.002 -17"><span class='ocrx_word' id='word_1_422' title='bbox 1922 2640 2053 2710; x_wconf 90' lang='lat' dir='ltr'><strong>ipsis</strong></span> <span class='ocrx_word' id='word_1_423' title='bbox 2079 2641 2240 2696; x_wconf 85' lang='lat' dir='ltr'><strong>etiam</strong></span> <span class='ocrx_word' id='word_1_424' title='bbox 2296 2642 2568 2711; x_wconf 84' lang='lat' dir='ltr'><strong>principes</strong></span> <span class='ocrx_word' id='word_1_425' title='bbox 2623 2641 2762 2697; x_wconf 81' lang='lat' dir='ltr'><strong>Juda</strong></span> <span class='ocrx_word' id='word_1_426' title='bbox 2810 2642 3066 2697; x_wconf 84' lang='lat' dir='ltr'><strong>evadant.</strong></span> <span class='ocrx_word' id='word_1_427' title='bbox 3111 2641 3228 2696; x_wconf 83' lang='lat' dir='ltr'><strong>Erit</strong></span> <span class='ocrx_word' id='word_1_428' title='bbox 3263 2644 3390 2697; x_wconf 91' lang='lat' dir='ltr'><strong>item</strong></span> <span class='ocrx_word' id='word_1_429' title='bbox 3446 2653 3503 2698; x_wconf 81' lang='lat' dir='ltr'><strong>et</strong></span> 
     </span>
    </p>
   </div>
   <div class='ocr_carea' id='block_1_58' title="bbox 1918 2733 3501 2805">
    <p class='ocr_par' dir='ltr' id='par_1_58' title="bbox 1918 2733 3501 2805">
     <span class='ocr_line' id='line_1_58' title="bbox 1918 2733 3501 2805; baseline 0.001 -17"><span class='ocrx_word' id='word_1_430' title='bbox 1918 2734 2186 2800; x_wconf 88' lang='lat' dir='ltr'><strong>Accaron,</strong></span> <span class='ocrx_word' id='word_1_431' title='bbox 2219 2734 2323 2789; x_wconf 87' lang='lat' dir='ltr'><strong>hoc</strong></span> <span class='ocrx_word' id='word_1_432' title='bbox 2349 2744 2432 2790; x_wconf 87' lang='lat' dir='ltr'><strong>est</strong></span> <span class='ocrx_word' id='word_1_433' title='bbox 2476 2735 2797 2805; x_wconf 77' lang='lat' dir='ltr'><strong>alienigena,</strong></span> <span class='ocrx_word' id='word_1_434' title='bbox 2821 2742 2876 2790; x_wconf 89' lang='lat' dir='ltr'><strong>et</strong></span> <span class='ocrx_word' id='word_1_435' title='bbox 2903 2733 3209 2790; x_wconf 67' lang='lat' dir='ltr'><strong>Philistaaus</strong></span> <span class='ocrx_word' id='word_1_436' title='bbox 3248 2743 3306 2789; x_wconf 92' lang='lat' dir='ltr'><strong>ut</strong></span> <span class='ocrx_word' id='word_1_437' title='bbox 3336 2735 3501 2792; x_wconf 77' lang='lat' dir='ltr'><strong>Jebu-</strong></span> 
     </span>
    </p>
   </div>
   <div class='ocr_carea' id='block_1_59' title="bbox 1920 2823 3503 2897">
    <p class='ocr_par' dir='ltr' id='par_1_59' title="bbox 1920 2823 3503 2897">
     <span class='ocr_line' id='line_1_59' title="bbox 1920 2823 3503 2897; baseline 0.003 -19"><span class='ocrx_word' id='word_1_438' title='bbox 1920 2839 2084 2889; x_wconf 65' lang='lat' dir='ltr'><strong>smus,</strong></span> <span class='ocrx_word' id='word_1_439' title='bbox 2112 2823 2214 2879; x_wconf 87' lang='lat' dir='ltr'><strong>hoc</strong></span> <span class='ocrx_word' id='word_1_440' title='bbox 2260 2832 2344 2880; x_wconf 86' lang='lat' dir='ltr'><strong>est</strong></span> <span class='ocrx_word' id='word_1_441' title='bbox 2373 2831 2433 2878; x_wconf 90' lang='lat' dir='ltr'><strong>ut</strong></span> <span class='ocrx_word' id='word_1_442' title='bbox 2463 2825 2578 2895; x_wconf 89' lang='lat' dir='ltr'><strong>ipse</strong></span> <span class='ocrx_word' id='word_1_443' title='bbox 2623 2825 2801 2881; x_wconf 83' lang='lat' dir='ltr'><strong>incola</strong></span> <span class='ocrx_word' id='word_1_444' title='bbox 2853 2824 3353 2896; x_wconf 77' lang='lat' dir='ltr'><strong>Hierosolymorum</strong></span> <span class='ocrx_word' id='word_1_445' title='bbox 3412 2841 3503 2897; x_wconf 85' lang='lat' dir='ltr'><strong>po-</strong></span> 
     </span>
    </p>
   </div>
   <div class='ocr_carea' id='block_1_60' title="bbox 1920 2912 3496 2988">
    <p class='ocr_par' dir='ltr' id='par_1_60' title="bbox 1920 2912 3496 2988">
     <span class='ocr_line' id='line_1_60' title="bbox 1920 2912 3496 2988; baseline 0.004 -20"><span class='ocrx_word' id='word_1_446' title='bbox 1920 2915 2098 2984; x_wconf 85' lang='lat' dir='ltr'><strong>pulus.</strong></span> <span class='ocrx_word' id='word_1_447' title='bbox 2131 2912 2271 2970; x_wconf 89' lang='lat' dir='ltr'><strong>Olim</strong></span> <span class='ocrx_word' id='word_1_448' title='bbox 2305 2916 2571 2986; x_wconf 91' lang='lat' dir='ltr'><strong>siquidem</strong></span> <span class='ocrx_word' id='word_1_449' title='bbox 2609 2915 2915 2973; x_wconf 79' lang='lat' dir='ltr'><strong>Jerusalem</strong></span> <span class='ocrx_word' id='word_1_450' title='bbox 2961 2916 3129 2973; x_wconf 80' lang='lat' dir='ltr'><strong>Jebus</strong></span> <span class='ocrx_word' id='word_1_451' title='bbox 3177 2919 3496 2988; x_wconf 86' lang='lat' dir='ltr'><strong>dicebatur;</strong></span> 
     </span>
    </p>
   </div>
   <div class='ocr_carea' id='block_1_61' title="bbox 1920 3003 3500 3079">
    <p class='ocr_par' dir='ltr' id='par_1_61' title="bbox 1920 3003 3500 3079">
     <span class='ocr_line' id='line_1_61' title="bbox 1920 3003 3500 3079; baseline 0.004 -21"><span class='ocrx_word' id='word_1_452' title='bbox 1920 3019 2088 3074; x_wconf 85' lang='lat' dir='ltr'><strong>quare</strong></span> <span class='ocrx_word' id='word_1_453' title='bbox 2117 3003 2350 3061; x_wconf 84' lang='lat' dir='ltr'><strong>Jebusaei</strong></span> <span class='ocrx_word' id='word_1_454' title='bbox 2397 3006 2615 3061; x_wconf 90' lang='lat' dir='ltr'><strong>nomine</strong></span> <span class='ocrx_word' id='word_1_455' title='bbox 2639 3007 2742 3062; x_wconf 86' lang='lat' dir='ltr'><strong>hoc</strong></span> <span class='ocrx_word' id='word_1_456' title='bbox 2772 3006 2893 3062; x_wconf 90' lang='lat' dir='ltr'><strong>loco</strong></span> <span class='ocrx_word' id='word_1_457' title='bbox 2941 3006 3359 3079; x_wconf 79' lang='lat' dir='ltr'><strong>Hierosolymita</strong></span> <span class='ocrx_word' id='word_1_458' title='bbox 3416 3009 3500 3064; x_wconf 84' lang='lat' dir='ltr'><strong>in—</strong></span> 
     </span>
    </p>
   </div>
   <div class='ocr_carea' id='block_1_62' title="bbox 232 3095 1835 3185">
    <p class='ocr_par' dir='ltr' id='par_1_62' title="bbox 232 3100 1817 3173">
     <span class='ocr_line' id='line_1_62' title="bbox 232 3100 1817 3173; baseline 0.001 -19"><span class='ocrx_word' id='word_1_459' title='bbox 232 3102 486 3171; x_wconf 82' lang='grc' dir='ltr'><strong>σο).ύμων</strong></span> <span class='ocrx_word' id='word_1_460' title='bbox 511 3101 658 3164; x_wconf 87' lang='grc' dir='ltr'><strong>λαός.</strong></span> <span class='ocrx_word' id='word_1_461' title='bbox 719 3101 994 3154; x_wconf 79' lang='grc' dir='ltr'><strong>Ἐκαλεῖτο</strong></span> <span class='ocrx_word' id='word_1_462' title='bbox 1030 3101 1138 3171; x_wconf 81' lang='grc' dir='ltr'><strong>γὰρ</strong></span> <span class='ocrx_word' id='word_1_463' title='bbox 1164 3103 1196 3171; x_wconf 84' lang='grc' dir='ltr'>ἡ</span> <span class='ocrx_word' id='word_1_464' title='bbox 1229 3101 1585 3173; x_wconf 81' lang='grc' dir='ltr'><strong>Ἰερουσαλὴμ</strong></span> <span class='ocrx_word' id='word_1_465' title='bbox 1616 3100 1817 3166; x_wconf 81' lang='grc' dir='ltr'><strong>Ἰεόοῦς</strong></span> 
     </span>
    </p>
   </div>
   <div class='ocr_carea' id='block_1_63' title="bbox 1925 3095 3501 3185">
    <p class='ocr_par' dir='ltr' id='par_1_63' title="bbox 1925 3095 3501 3168">
     <span class='ocr_line' id='line_1_63' title="bbox 1925 3095 3501 3168; baseline 0.005 -18"><span class='ocrx_word' id='word_1_466' title='bbox 1925 3096 2201 3168; x_wconf 69' lang='grc' dir='ltr'><strong>ιοΙΙίεἱιυιι.</strong></span> <span class='ocrx_word' id='word_1_467' title='bbox 2243 3095 2393 3154; x_wconf 88' lang='lat' dir='ltr'><strong>Multi</strong></span> <span class='ocrx_word' id='word_1_468' title='bbox 2428 3107 2607 3154; x_wconf 82' lang='lat' dir='ltr'><strong>autem</strong></span> <span class='ocrx_word' id='word_1_469' title='bbox 2658 3100 2879 3164; x_wconf 87' lang='lat' dir='ltr'><strong>tribuni,</strong></span> <span class='ocrx_word' id='word_1_470' title='bbox 2927 3099 3028 3155; x_wconf 88' lang='lat' dir='ltr'><strong>hoc</strong></span> <span class='ocrx_word' id='word_1_471' title='bbox 3085 3109 3169 3156; x_wconf 83' lang='lat' dir='ltr'><strong>est</strong></span> <span class='ocrx_word' id='word_1_472' title='bbox 3222 3102 3388 3157; x_wconf 83' lang='lat' dir='ltr'><strong>duces</strong></span> <span class='ocrx_word' id='word_1_473' title='bbox 3445 3113 3501 3158; x_wconf 88' lang='lat' dir='ltr'><strong>et</strong></span> 
     </span>
    </p>
   </div>
   <div class='ocr_carea' id='block_1_64' title="bbox 227 3190 1813 3265">
    <p class='ocr_par' dir='ltr' id='par_1_64' title="bbox 227 3190 1813 3265">
     <span class='ocr_line' id='line_1_64' title="bbox 227 3190 1813 3265; baseline 0.001 -21"><span class='ocrx_word' id='word_1_474' title='bbox 227 3194 292 3244; x_wconf 76' lang='grc' dir='ltr'><strong>ὲν</strong></span> <span class='ocrx_word' id='word_1_475' title='bbox 357 3195 592 3263; x_wconf 84' lang='grc' dir='ltr'><strong>ἀρχαῖς·</strong></span> <span class='ocrx_word' id='word_1_476' title='bbox 659 3190 853 3244; x_wconf 82' lang='grc' dir='ltr'><strong>οὐκοῦν</strong></span> <span class='ocrx_word' id='word_1_477' title='bbox 909 3193 1229 3256; x_wconf 77' lang='grc' dir='ltr'><strong>Ἰεϐουσαῖος</strong></span> <span class='ocrx_word' id='word_1_478' title='bbox 1290 3193 1319 3244; x_wconf 84' lang='lat'><strong>6</strong></span> <span class='ocrx_word' id='word_1_479' title='bbox 1381 3193 1813 3265; x_wconf 73' lang='grc' dir='ltr'><strong>Ἱεροσολυμίτης</strong></span> 
     </span>
    </p>
   </div>
   <div class='ocr_carea' id='block_1_65' title="bbox 230 3265 1814 3356">
    <p class='ocr_par' dir='ltr' id='par_1_65' title="bbox 230 3265 1814 3356">
     <span class='ocr_line' id='line_1_65' title="bbox 230 3265 1814 3356; baseline 0.002 -19"><span class='ocrx_word' id='word_1_480' title='bbox 230 3284 426 3337; x_wconf 75' lang='grc' dir='ltr'><strong>ἐνθάδε</strong></span> <span class='ocrx_word' id='word_1_481' title='bbox 512 3265 736 3337; x_wconf 78' lang='grc' dir='ltr'><strong>νοεῖται.</strong></span> <span class='ocrx_word' id='word_1_482' title='bbox 804 3283 996 3336; x_wconf 74' lang='grc' dir='ltr'><strong>Πολλοὶ</strong></span> <span class='ocrx_word' id='word_1_483' title='bbox 1053 3284 1110 3337; x_wconf 85' lang='grc' dir='ltr'><strong>δὲ</strong></span> <span class='ocrx_word' id='word_1_484' title='bbox 1168 3283 1474 3356; x_wconf 83' lang='grc' dir='ltr'><strong>χιλίαρχοι,</strong></span> <span class='ocrx_word' id='word_1_485' title='bbox 1538 3287 1814 3340; x_wconf 83' lang='grc' dir='ltr'><strong>τουτέστιν</strong></span> 
     </span>
    </p>
   </div>
   <div class='ocr_carea' id='block_1_66' title="bbox 227 3376 1819 3446">
    <p class='ocr_par' dir='ltr' id='par_1_66' title="bbox 227 3376 1819 3446">
     <span class='ocr_line' id='line_1_66' title="bbox 227 3376 1819 3446; baseline 0.002 -18"><span class='ocrx_word' id='word_1_486' title='bbox 227 3377 523 3446; x_wconf 77' lang='grc' dir='ltr'><strong>ἡγεμόνες,</strong></span> <span class='ocrx_word' id='word_1_487' title='bbox 563 3377 658 3430; x_wconf 76' lang='grc' dir='ltr'><strong>καὶ</strong></span> <span class='ocrx_word' id='word_1_488' title='bbox 698 3376 1098 3445; x_wconf 85' lang='grc' dir='ltr'><strong>προεστηκότες</strong></span> <span class='ocrx_word' id='word_1_489' title='bbox 1132 3376 1274 3429; x_wconf 80' lang='grc' dir='ltr'><strong>λαῶν</strong></span> <span class='ocrx_word' id='word_1_490' title='bbox 1304 3377 1398 3429; x_wconf 72' lang='grc' dir='ltr'><strong>καὶ</strong></span> <span class='ocrx_word' id='word_1_491' title='bbox 1443 3377 1500 3440; x_wconf 81' lang='grc' dir='ltr'>ἐξ</span> <span class='ocrx_word' id='word_1_492' title='bbox 1529 3377 1697 3431; x_wconf 80' lang='grc' dir='ltr'><strong>ἐθνῶν</strong></span> <span class='ocrx_word' id='word_1_493' title='bbox 1727 3395 1819 3446; x_wconf 83' lang='grc' dir='ltr'><strong>γε·</strong></span> 
     </span>
    </p>
   </div>
   <div class='ocr_carea' id='block_1_67' title="bbox 227 3467 1814 3539">
    <p class='ocr_par' dir='ltr' id='par_1_67' title="bbox 227 3467 1814 3539">
     <span class='ocr_line' id='line_1_67' title="bbox 227 3467 1814 3539; baseline 0.001 -19"><span class='ocrx_word' id='word_1_494' title='bbox 227 3468 444 3536; x_wconf 83' lang='grc' dir='ltr'><strong>γόνασι,</strong></span> <span class='ocrx_word' id='word_1_495' title='bbox 471 3469 567 3520; x_wconf 72' lang='grc' dir='ltr'><strong>καὶ</strong></span> <span class='ocrx_word' id='word_1_496' title='bbox 615 3467 852 3520; x_wconf 84' lang='grc' dir='ltr'><strong>σύνεισιν</strong></span> <span class='ocrx_word' id='word_1_497' title='bbox 879 3467 985 3520; x_wconf 79' lang='grc' dir='ltr'><strong>ἀνὰ</strong></span> <span class='ocrx_word' id='word_1_498' title='bbox 1019 3469 1196 3520; x_wconf 77' lang='grc' dir='ltr'><strong>πᾶσαν</strong></span> <span class='ocrx_word' id='word_1_499' title='bbox 1238 3467 1333 3539; x_wconf 77' lang='grc' dir='ltr'><strong>τὴν</strong></span> <span class='ocrx_word' id='word_1_500' title='bbox 1354 3467 1698 3538; x_wconf 82' lang='grc' dir='ltr'><strong>οἰκουμένην.</strong></span> <span class='ocrx_word' id='word_1_501' title='bbox 1740 3469 1814 3522; x_wconf 86' lang='grc' dir='ltr'><strong>Τὸ</strong></span> 
     </span>
    </p>
   </div>
   <div class='ocr_carea' id='block_1_68' title="bbox 226 3558 1808 3630">
    <p class='ocr_par' dir='ltr' id='par_1_68' title="bbox 226 3558 1808 3630">
     <span class='ocr_line' id='line_1_68' title="bbox 226 3558 1808 3630; baseline 0.002 -17"><span class='ocrx_word' id='word_1_502' title='bbox 226 3561 288 3613; x_wconf 69' lang='grc' dir='ltr'><strong>δὲ</strong></span> <span class='ocrx_word' id='word_1_503' title='bbox 316 3563 373 3613; x_wconf 80' lang='grc' dir='ltr'><strong>ἐν</strong></span> <span class='ocrx_word' id='word_1_504' title='bbox 421 3559 591 3612; x_wconf 82' lang='grc' dir='ltr'><strong>Ἰούδα</strong></span> <span class='ocrx_word' id='word_1_505' title='bbox 613 3561 825 3630; x_wconf 80' lang='grc' dir='ltr'><strong>νοήσεις</strong></span> <span class='ocrx_word' id='word_1_506' title='bbox 861 3558 953 3612; x_wconf 71' lang='grc' dir='ltr'><strong>ἐπὶ</strong></span> <span class='ocrx_word' id='word_1_507' title='bbox 980 3560 1105 3621; x_wconf 74' lang='grc' dir='ltr'><strong>τοὺς</strong></span> <span class='ocrx_word' id='word_1_508' title='bbox 1133 3561 1300 3612; x_wconf 83' lang='grc' dir='ltr'><strong>αἰνεῖν</strong></span> <span class='ocrx_word' id='word_1_509' title='bbox 1334 3562 1614 3626; x_wconf 78' lang='grc' dir='ltr'><strong>εἰωθότας,</strong></span> <span class='ocrx_word' id='word_1_510' title='bbox 1656 3580 1808 3616; x_wconf 85' lang='grc' dir='ltr'><strong>τουτ-</strong></span> 
     </span>
    </p>
   </div>
   <div class='ocr_carea' id='block_1_69' title="bbox 228 3651 1813 3724">
    <p class='ocr_par' dir='ltr' id='par_1_69' title="bbox 228 3651 1813 3724">
     <span class='ocr_line' id='line_1_69' title="bbox 228 3651 1813 3724; baseline 0.002 -20"><span class='ocrx_word' id='word_1_511' title='bbox 228 3653 382 3704; x_wconf 84' lang='grc' dir='ltr'><strong>έστιν</strong></span> <span class='ocrx_word' id='word_1_512' title='bbox 426 3655 576 3722; x_wconf 73' lang='grc' dir='ltr'><strong>ἡμᾶς</strong></span> <span class='ocrx_word' id='word_1_513' title='bbox 614 3653 738 3714; x_wconf 75' lang='grc' dir='ltr'><strong>τοὺς</strong></span> <span class='ocrx_word' id='word_1_514' title='bbox 767 3652 824 3702; x_wconf 84' lang='grc' dir='ltr'><strong>ὲν</strong></span> <span class='ocrx_word' id='word_1_515' title='bbox 855 3651 1033 3704; x_wconf 83' lang='grc' dir='ltr'><strong>πίστει</strong></span> <span class='ocrx_word' id='word_1_516' title='bbox 1079 3651 1469 3723; x_wconf 83' lang='grc' dir='ltr'><strong>κεκλημένους,</strong></span> <span class='ocrx_word' id='word_1_517' title='bbox 1516 3655 1564 3706; x_wconf 81' lang='grc' dir='ltr'><strong>οἳ</strong></span> <span class='ocrx_word' id='word_1_518' title='bbox 1613 3671 1813 3724; x_wconf 76' lang='grc' dir='ltr'><strong>στεφα-</strong></span> 
     </span>
    </p>
   </div>
   <div class='ocr_carea' id='block_1_70' title="bbox 227 3743 1816 3816">
    <p class='ocr_par' dir='ltr' id='par_1_70' title="bbox 227 3743 1816 3816">
     <span class='ocr_line' id='line_1_70' title="bbox 227 3743 1816 3816; baseline 0.001 -20"><span class='ocrx_word' id='word_1_519' title='bbox 227 3743 355 3796; x_wconf 67' lang='grc' dir='ltr'><strong>γοῦν</strong></span> <span class='ocrx_word' id='word_1_520' title='bbox 407 3744 690 3814; x_wconf 73' lang='grc' dir='ltr'><strong>εἰθίσμεθα</strong></span> <span class='ocrx_word' id='word_1_521' title='bbox 749 3747 867 3807; x_wconf 86' lang='grc' dir='ltr'><strong>ταῖς</strong></span> <span class='ocrx_word' id='word_1_522' title='bbox 913 3745 1312 3816; x_wconf 79' lang='grc' dir='ltr'><strong>ἀκαταλήκτοις</strong></span> <span class='ocrx_word' id='word_1_523' title='bbox 1369 3744 1696 3813; x_wconf 72' lang='grc' dir='ltr'><strong>δοξοὶογίαις</strong></span> <span class='ocrx_word' id='word_1_524' title='bbox 1725 3747 1816 3798; x_wconf 79' lang='grc' dir='ltr'><strong>τὸν</strong></span> 
     </span>
    </p>
   </div>
   <div class='ocr_carea' id='block_1_71' title="bbox 229 3835 824 3905">
    <p class='ocr_par' dir='ltr' id='par_1_71' title="bbox 229 3835 824 3905">
     <span class='ocr_line' id='line_1_71' title="bbox 229 3835 824 3905; baseline -0.002 -17"><span class='ocrx_word' id='word_1_525' title='bbox 229 3835 542 3905; x_wconf 83' lang='grc' dir='ltr'><strong>κεκληκότα</strong></span> <span class='ocrx_word' id='word_1_526' title='bbox 568 3835 824 3905; x_wconf 82' lang='grc' dir='ltr'><strong>Χριστόν.</strong></span> 
     </span>
    </p>
   </div>
   <div class='ocr_carea' id='block_1_72' title="bbox 304 3926 1814 3998">
    <p class='ocr_par' dir='ltr' id='par_1_72' title="bbox 304 3926 1814 3998">
     <span class='ocr_line' id='line_1_72' title="bbox 304 3926 1814 3998; baseline 0.003 -18"><span class='ocrx_word' id='word_1_527' title='bbox 304 3927 410 3980; x_wconf 79' lang='grc' dir='ltr'><strong>Καὶ</strong></span> <span class='ocrx_word' id='word_1_528' title='bbox 443 3928 866 3997; x_wconf 76' lang='grc' dir='ltr'><strong>ὑποστήσομαί</strong></span> <span class='ocrx_word' id='word_1_529' title='bbox 892 3928 970 3994; x_wconf 80' lang='grc' dir='ltr'><strong>τῷ</strong></span> <span class='ocrx_word' id='word_1_530' title='bbox 1003 3929 1146 3996; x_wconf 79' lang='grc' dir='ltr'><strong>οἴκῳ</strong></span> <span class='ocrx_word' id='word_1_531' title='bbox 1178 3947 1299 3998; x_wconf 76' lang='grc' dir='ltr'><strong>μου</strong></span> <span class='ocrx_word' id='word_1_532' title='bbox 1336 3926 1673 3998; x_wconf 78' lang='grc' dir='ltr'><strong>ἀνάστημα,</strong></span> <span class='ocrx_word' id='word_1_533' title='bbox 1707 3929 1814 3986; x_wconf 84' lang='grc' dir='ltr'><strong>τοῦ</strong></span> 
     </span>
    </p>
   </div>
   <div class='ocr_carea' id='block_1_73' title="bbox 224 4019 1812 4092">
    <p class='ocr_par' dir='ltr' id='par_1_73' title="bbox 224 4019 1812 4092">
     <span class='ocr_line' id='line_1_73' title="bbox 224 4019 1812 4092; baseline 0.003 -22"><span class='ocrx_word' id='word_1_534' title='bbox 224 4020 312 4089; x_wconf 78' lang='grc' dir='ltr'><strong>μὴ</strong></span> <span class='ocrx_word' id='word_1_535' title='bbox 341 4019 823 4086; x_wconf 76' lang='grc' dir='ltr'><strong>διαπορεύεσθαι,</strong></span> <span class='ocrx_word' id='word_1_536' title='bbox 847 4021 1000 4090; x_wconf 78' lang='grc' dir='ltr'><strong>μηδὲ</strong></span> <span class='ocrx_word' id='word_1_537' title='bbox 1025 4020 1469 4086; x_wconf 73' lang='grc' dir='ltr'><strong>ἀνακάμπτειν,</strong></span> <span class='ocrx_word' id='word_1_538' title='bbox 1506 4021 1604 4074; x_wconf 79' lang='grc' dir='ltr'><strong>καὶ</strong></span> <span class='ocrx_word' id='word_1_539' title='bbox 1630 4024 1702 4075; x_wconf 85' lang='grc' dir='ltr'><strong>οὐ</strong></span> <span class='ocrx_word' id='word_1_540' title='bbox 1727 4023 1812 4092; x_wconf 79' lang='grc' dir='ltr'><strong>μὴ</strong></span> 
     </span>
    </p>
   </div>
   <div class='ocr_carea' id='block_1_74' title="bbox 227 4109 1814 4178">
    <p class='ocr_par' dir='ltr' id='par_1_74' title="bbox 227 4109 1814 4178">
     <span class='ocr_line' id='line_1_74' title="bbox 227 4109 1814 4178; baseline 0.003 -14"><span class='ocrx_word' id='word_1_541' title='bbox 227 4109 452 4178; x_wconf 70' lang='grc' dir='ltr'><strong>ἐπέλθῃ</strong></span> <span class='ocrx_word' id='word_1_542' title='bbox 476 4111 567 4163; x_wconf 77' lang='grc' dir='ltr'><strong>ἐπ’</strong></span> <span class='ocrx_word' id='word_1_543' title='bbox 590 4111 811 4177; x_wconf 79' lang='grc' dir='ltr'><strong>αὐτοὺς</strong></span> <span class='ocrx_word' id='word_1_544' title='bbox 863 4111 1061 4165; x_wconf 83' lang='grc' dir='ltr'><strong>οὐκέτι</strong></span> <span class='ocrx_word' id='word_1_545' title='bbox 1109 4111 1471 4176; x_wconf 79' lang='grc' dir='ltr'><strong>ἐξελαύνων,</strong></span> <span class='ocrx_word' id='word_1_546' title='bbox 1501 4111 1650 4166; x_wconf 81' lang='grc' dir='ltr'><strong>διότι</strong></span> <span class='ocrx_word' id='word_1_547' title='bbox 1699 4115 1814 4168; x_wconf 82' lang='grc' dir='ltr'><strong>νῦν</strong></span> 
     </span>
    </p>
   </div>
   <div class='ocr_carea' id='block_1_75' title="bbox 227 4200 1270 4270">
    <p class='ocr_par' dir='ltr' id='par_1_75' title="bbox 227 4200 1270 4270">
     <span class='ocr_line' id='line_1_75' title="bbox 227 4200 1270 4270; baseline 0.003 -18"><span class='ocrx_word' id='word_1_548' title='bbox 227 4200 526 4267; x_wconf 79' lang='grc' dir='ltr'><strong>ἑωράκασι</strong></span> <span class='ocrx_word' id='word_1_549' title='bbox 546 4200 615 4253; x_wconf 86' lang='grc' dir='ltr'><strong>ἑν</strong></span> <span class='ocrx_word' id='word_1_550' title='bbox 637 4200 760 4266; x_wconf 79' lang='grc' dir='ltr'><strong>τοῖς</strong></span> <span class='ocrx_word' id='word_1_551' title='bbox 788 4201 1114 4270; x_wconf 66' lang='grc' dir='ltr'><strong>ὀφθαλμοῖς</strong></span> <span class='ocrx_word' id='word_1_552' title='bbox 1130 4219 1270 4270; x_wconf 87' lang='grc' dir='ltr'><strong>μου.</strong></span> 
     </span>
    </p>
   </div>
   <div class='ocr_carea' id='block_1_76' title="bbox 303 4291 1813 4368">
    <p class='ocr_par' dir='ltr' id='par_1_76' title="bbox 303 4291 1813 4368">
     <span class='ocr_line' id='line_1_76' title="bbox 303 4291 1813 4368; baseline 0.004 -25"><span class='ocrx_word' id='word_1_553' title='bbox 303 4292 443 4358; x_wconf 63' lang='lat' dir='ltr'><strong>NG’.</strong></span> <span class='ocrx_word' id='word_1_554' title='bbox 499 4292 631 4345; x_wconf 76' lang='grc' dir='ltr'><strong>Ἰδοὺ</strong></span> <span class='ocrx_word' id='word_1_555' title='bbox 687 4291 753 4362; x_wconf 82' lang='grc' dir='ltr'><strong>δὴ</strong></span> <span class='ocrx_word' id='word_1_556' title='bbox 801 4291 988 4360; x_wconf 72' lang='grc' dir='ltr'><strong>σαφῶς</strong></span> <span class='ocrx_word' id='word_1_557' title='bbox 1039 4294 1330 4364; x_wconf 80' lang='grc' dir='ltr'><strong>ἀνάστημά</strong></span> <span class='ocrx_word' id='word_1_558' title='bbox 1375 4313 1432 4348; x_wconf 91' lang='grc' dir='ltr'><strong>τε</strong></span> <span class='ocrx_word' id='word_1_559' title='bbox 1491 4296 1586 4351; x_wconf 77' lang='grc' dir='ltr'><strong>καὶ</strong></span> <span class='ocrx_word' id='word_1_560' title='bbox 1637 4298 1813 4368; x_wconf 89' lang='grc' dir='ltr'><strong>τεῖχος</strong></span> 
     </span>
    </p>
   </div>
   <div class='ocr_carea' id='block_1_77' title="bbox 226 4379 1813 4460">
    <p class='ocr_par' dir='ltr' id='par_1_77' title="bbox 226 4379 1813 4460">
     <span class='ocr_line' id='line_1_77' title="bbox 226 4379 1813 4460; baseline 0.004 -25"><span class='ocrx_word' id='word_1_561' title='bbox 226 4383 488 4451; x_wconf 72' lang='grc' dir='ltr'><strong>ὀνομάζει</strong></span> <span class='ocrx_word' id='word_1_562' title='bbox 515 4384 771 4454; x_wconf 75' lang='grc' dir='ltr'><strong>Χριστὸν,</strong></span> <span class='ocrx_word' id='word_1_563' title='bbox 807 4384 872 4436; x_wconf 80' lang='grc' dir='ltr'><strong>δι’</strong></span> <span class='ocrx_word' id='word_1_564' title='bbox 901 4379 962 4439; x_wconf 85' lang='grc' dir='ltr'><strong>οῦ</strong></span> <span class='ocrx_word' id='word_1_565' title='bbox 1010 4386 1106 4439; x_wconf 69' lang='grc' dir='ltr'><strong>καὶ</strong></span> <span class='ocrx_word' id='word_1_566' title='bbox 1150 4387 1654 4460; x_wconf 81' lang='grc' dir='ltr'><strong>ἐμπεπυργώμεθα,</strong></span> <span class='ocrx_word' id='word_1_567' title='bbox 1692 4391 1813 4443; x_wconf 84' lang='grc' dir='ltr'><strong>κατ’</strong></span> 
     </span>
    </p>
   </div>
   <div class='ocr_carea' id='block_1_78' title="bbox 1920 3191 3496 3263">
    <p class='ocr_par' dir='ltr' id='par_1_78' title="bbox 1920 3191 3496 3263">
     <span class='ocr_line' id='line_1_78' title="bbox 1920 3191 3496 3263; baseline 0.004 -20"><span class='ocrx_word' id='word_1_568' title='bbox 1920 3191 2292 3246; x_wconf 87' lang='lat' dir='ltr'><strong>moderatores</strong></span> <span class='ocrx_word' id='word_1_569' title='bbox 2332 3191 2652 3261; x_wconf 90' lang='lat' dir='ltr'><strong>populorum</strong></span> <span class='ocrx_word' id='word_1_570' title='bbox 2684 3192 2846 3246; x_wconf 85' lang='lat' dir='ltr'><strong>etiam</strong></span> <span class='ocrx_word' id='word_1_571' title='bbox 2873 3206 2938 3247; x_wconf 79' lang='lat' dir='ltr'><strong>ex</strong></span> <span class='ocrx_word' id='word_1_572' title='bbox 2985 3193 3231 3263; x_wconf 75' lang='lat' dir='ltr'><strong>gentibus</strong></span> <span class='ocrx_word' id='word_1_573' title='bbox 3257 3193 3496 3261; x_wconf 83' lang='lat' dir='ltr'><strong>luerunt,</strong></span> 
     </span>
    </p>
   </div>
   <div class='ocr_carea' id='block_1_79' title="bbox 1917 3279 3498 3348">
    <p class='ocr_par' dir='ltr' id='par_1_79' title="bbox 1917 3279 3498 3348">
     <span class='ocr_line' id='line_1_79' title="bbox 1917 3279 3498 3348; baseline 0.006 -15"><span class='ocrx_word' id='word_1_574' title='bbox 1917 3288 1972 3333; x_wconf 89' lang='lat' dir='ltr'><strong>et</strong></span> <span class='ocrx_word' id='word_1_575' title='bbox 2014 3287 2145 3334; x_wconf 91' lang='lat' dir='ltr'><strong>sunt</strong></span> <span class='ocrx_word' id='word_1_576' title='bbox 2175 3279 2334 3334; x_wconf 91' lang='lat' dir='ltr'><strong>simul</strong></span> <span class='ocrx_word' id='word_1_577' title='bbox 2377 3295 2473 3348; x_wconf 86' lang='lat' dir='ltr'><strong>per</strong></span> <span class='ocrx_word' id='word_1_578' title='bbox 2527 3282 2838 3336; x_wconf 86' lang='lat' dir='ltr'><strong>universum</strong></span> <span class='ocrx_word' id='word_1_579' title='bbox 2877 3281 3084 3338; x_wconf 88' lang='lat' dir='ltr'><strong>orbem.</strong></span> <span class='ocrx_word' id='word_1_580' title='bbox 3137 3283 3235 3338; x_wconf 85' lang='lat' dir='ltr'><strong>Ast</strong></span> <span class='ocrx_word' id='word_1_581' title='bbox 3279 3287 3498 3342; x_wconf 89' lang='lat' dir='ltr'><strong>nomine</strong></span> 
     </span>
    </p>
   </div>
   <div class='ocr_carea' id='block_1_80' title="bbox 1916 3365 3498 3446">
    <p class='ocr_par' dir='ltr' id='par_1_80' title="bbox 1916 3365 3498 3446">
     <span class='ocr_line' id='line_1_80' title="bbox 1916 3365 3498 3446; baseline 0.006 -25"><span class='ocrx_word' id='word_1_582' title='bbox 1916 3365 2050 3422; x_wconf 84' lang='lat' dir='ltr'><strong>Juda</strong></span> <span class='ocrx_word' id='word_1_583' title='bbox 2085 3384 2178 3424; x_wconf 88' lang='lat' dir='ltr'><strong>cos</strong></span> <span class='ocrx_word' id='word_1_584' title='bbox 2208 3369 2300 3438; x_wconf 88' lang='lat' dir='ltr'><strong>qui</strong></span> <span class='ocrx_word' id='word_1_585' title='bbox 2333 3369 2553 3424; x_wconf 90' lang='lat' dir='ltr'><strong>laudare</strong></span> <span class='ocrx_word' id='word_1_586' title='bbox 2587 3381 2982 3427; x_wconf 86' lang='lat' dir='ltr'><strong>consueverunt</strong></span> <span class='ocrx_word' id='word_1_587' title='bbox 3011 3374 3264 3442; x_wconf 86' lang='lat' dir='ltr'><strong>accipies,</strong></span> <span class='ocrx_word' id='word_1_588' title='bbox 3289 3390 3498 3446; x_wconf 81' lang='lat' dir='ltr'><strong>nempe</strong></span> 
     </span>
    </p>
   </div>
   <div class='ocr_carea' id='block_1_81' title="bbox 1918 3460 3498 3540">
    <p class='ocr_par' dir='ltr' id='par_1_81' title="bbox 1918 3460 3498 3540">
     <span class='ocr_line' id='line_1_81' title="bbox 1918 3460 3498 3540; baseline 0.006 -27"><span class='ocrx_word' id='word_1_589' title='bbox 1918 3473 2018 3514; x_wconf 91' lang='lat' dir='ltr'><strong>nos</strong></span> <span class='ocrx_word' id='word_1_590' title='bbox 2085 3460 2140 3514; x_wconf 91' lang='lat' dir='ltr'><strong>in</strong></span> <span class='ocrx_word' id='word_1_591' title='bbox 2224 3461 2331 3516; x_wconf 74' lang='lat' dir='ltr'><strong>(ide</strong></span> <span class='ocrx_word' id='word_1_592' title='bbox 2391 3470 2657 3528; x_wconf 86' lang='lat' dir='ltr'><strong>vocatos,</strong></span> <span class='ocrx_word' id='word_1_593' title='bbox 2723 3464 2816 3534; x_wconf 90' lang='lat' dir='ltr'><strong>qui</strong></span> <span class='ocrx_word' id='word_1_594' title='bbox 2890 3466 3220 3533; x_wconf 89' lang='lat' dir='ltr'><strong>perennibus</strong></span> <span class='ocrx_word' id='word_1_595' title='bbox 3283 3467 3498 3540; x_wconf 82' lang='lat' dir='ltr'><strong>hymnis</strong></span> 
     </span>
    </p>
   </div>
   <div class='ocr_carea' id='block_1_82' title="bbox 1916 3553 3490 3624">
    <p class='ocr_par' dir='ltr' id='par_1_82' title="bbox 1916 3553 3490 3624">
     <span class='ocr_line' id='line_1_82' title="bbox 1916 3553 3490 3624; baseline 0.006 -16"><span class='ocrx_word' id='word_1_596' title='bbox 1916 3553 2191 3608; x_wconf 88' lang='lat' dir='ltr'><strong>Christum</strong></span> <span class='ocrx_word' id='word_1_597' title='bbox 2247 3567 2278 3607; x_wconf 86' lang='lat' dir='ltr'><strong>a</strong></span> <span class='ocrx_word' id='word_1_598' title='bbox 2335 3567 2443 3624; x_wconf 90' lang='lat' dir='ltr'><strong>quo</strong></span> <span class='ocrx_word' id='word_1_599' title='bbox 2490 3554 2670 3610; x_wconf 85' lang='lat' dir='ltr'><strong>vocati</strong></span> <span class='ocrx_word' id='word_1_600' title='bbox 2730 3568 2954 3623; x_wconf 86' lang='lat' dir='ltr'><strong>sumus,</strong></span> <span class='ocrx_word' id='word_1_601' title='bbox 3019 3557 3293 3614; x_wconf 90' lang='lat' dir='ltr'><strong>celebrare</strong></span> <span class='ocrx_word' id='word_1_602' title='bbox 3351 3562 3490 3616; x_wconf 84' lang='lat' dir='ltr'><strong>sole-</strong></span> 
     </span>
    </p>
   </div>
   <div class='ocr_carea' id='block_1_83' title="bbox 1890 3642 2060 3701">
    <p class='ocr_par' dir='ltr' id='par_1_83' title="bbox 1890 3642 2060 3701">
     <span class='ocr_line' id='line_1_83' title="bbox 1890 3642 2060 3701; baseline 0.012 -4"><span class='ocrx_word' id='word_1_603' title='bbox 1890 3642 1900 3651; x_wconf 85' lang='grc'><strong>”</strong></span> <span class='ocrx_word' id='word_1_604' title='bbox 1919 3660 2060 3701; x_wconf 90' lang='lat' dir='ltr'><strong>mus.</strong></span> 
     </span>
    </p>
   </div>
   <div class='ocr_carea' id='block_1_84' title="bbox 1989 3914 3491 3988">
    <p class='ocr_par' dir='ltr' id='par_1_84' title="bbox 1989 3914 3491 3988">
     <span class='ocr_line' id='line_1_84' title="bbox 1989 3914 3491 3988; baseline 0.006 -18"><span class='ocrx_word' id='word_1_605' title='bbox 1989 3915 2153 3970; x_wconf 66' lang='lat' dir='ltr'><strong>Vens.</strong></span> <span class='ocrx_word' id='word_1_606' title='bbox 2201 3915 2254 3970; x_wconf 91' lang='lat'><strong>8.</strong></span> <span class='ocrx_word' id='word_1_607' title='bbox 2289 3914 2359 3968; x_wconf 85' lang='lat' dir='ltr'><strong>Et</strong></span> <span class='ocrx_word' id='word_1_608' title='bbox 2391 3915 2703 3970; x_wconf 75' lang='lat' dir='ltr'><strong>substituant</strong></span> <span class='ocrx_word' id='word_1_609' title='bbox 2743 3918 2922 3972; x_wconf 85' lang='lat' dir='ltr'><strong>domui</strong></span> <span class='ocrx_word' id='word_1_610' title='bbox 2987 3934 3117 3976; x_wconf 68' lang='lat' dir='ltr'><strong>mete</strong></span> <span class='ocrx_word' id='word_1_611' title='bbox 3158 3924 3491 3988; x_wconf 68' lang='lat' dir='ltr'><strong>creationem,</strong></span> 
     </span>
    </p>
   </div>
   <div class='ocr_carea' id='block_1_85' title="bbox 1920 4016 3493 4083">
    <p class='ocr_par' dir='ltr' id='par_1_85' title="bbox 1920 4016 3493 4083">
     <span class='ocr_line' id='line_1_85' title="bbox 1920 4016 3493 4083; baseline 0.006 -22"><span class='ocrx_word' id='word_1_612' title='bbox 1920 4025 1980 4063; x_wconf 78' lang='lat' dir='ltr'><strong>ne</strong></span> <span class='ocrx_word' id='word_1_613' title='bbox 2015 4016 2361 4076; x_wconf 78' lang='lat' dir='ltr'><strong>pertranseat,</strong></span> <span class='ocrx_word' id='word_1_614' title='bbox 2411 4024 2503 4062; x_wconf 80' lang='lat' dir='ltr'><strong>nec</strong></span> <span class='ocrx_word' id='word_1_615' title='bbox 2555 4017 2843 4063; x_wconf 79' lang='lat' dir='ltr'><strong>revertatur</strong></span> <span class='ocrx_word' id='word_1_616' title='bbox 2868 4050 2882 4075; x_wconf 93' lang='lat'><strong>,</strong></span> <span class='ocrx_word' id='word_1_617' title='bbox 2925 4019 2974 4067; x_wconf 80' lang='lat' dir='ltr'><strong>et</strong></span> <span class='ocrx_word' id='word_1_618' title='bbox 3001 4029 3104 4066; x_wconf 80' lang='lat' dir='ltr'><strong>non</strong></span> <span class='ocrx_word' id='word_1_619' title='bbox 3166 4018 3493 4083; x_wconf 72' lang='lat' dir='ltr'><strong>superveniat</strong></span> 
     </span>
    </p>
   </div>
   <div class='ocr_carea' id='block_1_86' title="bbox 1896 4100 3495 4171">
    <p class='ocr_par' dir='ltr' id='par_1_86' title="bbox 1896 4100 3495 4171">
     <span class='ocr_line' id='line_1_86' title="bbox 1896 4100 3495 4171; baseline 0.008 -21"><span class='ocrx_word' id='word_1_620' title='bbox 1896 4116 2073 4169; x_wconf 63' lang='grc' dir='ltr'><strong>,βαρεῖ</strong></span> <span class='ocrx_word' id='word_1_621' title='bbox 2121 4117 2206 4155; x_wconf 79' lang='lat' dir='ltr'><strong>eos</strong></span> <span class='ocrx_word' id='word_1_622' title='bbox 2257 4100 2395 4154; x_wconf 83' lang='lat' dir='ltr'><strong>ultra</strong></span> <span class='ocrx_word' id='word_1_623' title='bbox 2424 4101 2662 4170; x_wconf 77' lang='lat' dir='ltr'><strong>abigens,</strong></span> <span class='ocrx_word' id='word_1_624' title='bbox 2727 4102 2853 4171; x_wconf 73' lang='lat' dir='ltr'><strong>quia</strong></span> <span class='ocrx_word' id='word_1_625' title='bbox 2908 4105 3148 4158; x_wconf 74' lang='lat' dir='ltr'><strong>viderunt</strong></span> <span class='ocrx_word' id='word_1_626' title='bbox 3208 4107 3264 4160; x_wconf 75' lang='lat' dir='ltr'><strong>in</strong></span> <span class='ocrx_word' id='word_1_627' title='bbox 3330 4110 3495 4163; x_wconf 74' lang='lat' dir='ltr'><strong>oculis</strong></span> 
     </span>
    </p>
   </div>
   <div class='ocr_carea' id='block_1_87' title="bbox 1917 4211 2066 4250">
    <p class='ocr_par' dir='ltr' id='par_1_87' title="bbox 1917 4211 2066 4250">
     <span class='ocr_line' id='line_1_87' title="bbox 1917 4211 2066 4250; baseline -0.007 -2"><span class='ocrx_word' id='word_1_628' title='bbox 1917 4211 2066 4250; x_wconf 66' lang='grc' dir='ltr'><strong>πίοις.</strong></span> 
     </span>
    </p>
   </div>
   <div class='ocr_carea' id='block_1_88' title="bbox 1989 4272 3490 4359">
    <p class='ocr_par' dir='ltr' id='par_1_88' title="bbox 1989 4272 3490 4359">
     <span class='ocr_line' id='line_1_88' title="bbox 1989 4272 3490 4359; baseline 0.005 -17"><span class='ocrx_word' id='word_1_629' title='bbox 1989 4287 2121 4342; x_wconf 78' lang='lat' dir='ltr'><strong>LVI.</strong></span> <span class='ocrx_word' id='word_1_630' title='bbox 2153 4287 2232 4343; x_wconf 85' lang='lat' dir='ltr'><strong>En</strong></span> <span class='ocrx_word' id='word_1_631' title='bbox 2257 4287 2533 4344; x_wconf 87' lang='lat' dir='ltr'><strong>Christum</strong></span> <span class='ocrx_word' id='word_1_632' title='bbox 2573 4272 2860 4359; x_wconf 78' lang='lat' dir='ltr'><strong>perspicue</strong></span> <span class='ocrx_word' id='word_1_633' title='bbox 2914 4291 3246 4348; x_wconf 88' lang='lat' dir='ltr'><strong>erectionem</strong></span> <span class='ocrx_word' id='word_1_634' title='bbox 3295 4302 3351 4350; x_wconf 87' lang='lat' dir='ltr'><strong>et</strong></span> <span class='ocrx_word' id='word_1_635' title='bbox 3375 4309 3490 4350; x_wconf 86' lang='lat' dir='ltr'><strong>mu-</strong></span> 
     </span>
    </p>
   </div>
   <div class='ocr_carea' id='block_1_89' title="bbox 1918 4382 3492 4455">
    <p class='ocr_par' dir='ltr' id='par_1_89' title="bbox 1918 4382 3492 4455">
     <span class='ocr_line' id='line_1_89' title="bbox 1918 4382 3492 4455; baseline 0.003 -17"><span class='ocrx_word' id='word_1_636' title='bbox 1918 4397 2038 4438; x_wconf 89' lang='lat' dir='ltr'><strong>rum</strong></span> <span class='ocrx_word' id='word_1_637' title='bbox 2075 4385 2334 4449; x_wconf 86' lang='lat' dir='ltr'><strong>nominat,</strong></span> <span class='ocrx_word' id='word_1_638' title='bbox 2368 4398 2464 4452; x_wconf 90' lang='lat' dir='ltr'><strong>per</strong></span> <span class='ocrx_word' id='word_1_639' title='bbox 2525 4397 2686 4454; x_wconf 86' lang='lat' dir='ltr'><strong>quem</strong></span> <span class='ocrx_word' id='word_1_640' title='bbox 2723 4392 2776 4438; x_wconf 91' lang='lat' dir='ltr'><strong>et</strong></span> <span class='ocrx_word' id='word_1_641' title='bbox 2803 4383 2856 4437; x_wconf 89' lang='lat' dir='ltr'><strong>in</strong></span> <span class='ocrx_word' id='word_1_642' title='bbox 2923 4382 3090 4438; x_wconf 87' lang='lat' dir='ltr'><strong>altum</strong></span> <span class='ocrx_word' id='word_1_643' title='bbox 3129 4387 3492 4455; x_wconf 74' lang='lat' dir='ltr'><strong>exsurgimus,</strong></span> 
     </span>
    </p>
   </div>
   <div class='ocr_carea' id='block_1_90' title="bbox 227 4468 1835 4554">
    <p class='ocr_par' dir='ltr' id='par_1_90' title="bbox 227 4475 1814 4554">
     <span class='ocr_line' id='line_1_90' title="bbox 227 4475 1814 4554; baseline 0.004 -26"><span class='ocrx_word' id='word_1_644' title='bbox 227 4475 482 4529; x_wconf 70' lang='grc' dir='ltr'><strong>εὐδοκίαν</strong></span> <span class='ocrx_word' id='word_1_645' title='bbox 509 4475 562 4528; x_wconf 80' lang='grc' dir='ltr'>δὲ</span> <span class='ocrx_word' id='word_1_646' title='bbox 607 4475 867 4544; x_wconf 82' lang='grc' dir='ltr'><strong>δηλονότι,</strong></span> <span class='ocrx_word' id='word_1_647' title='bbox 892 4477 986 4530; x_wconf 73' lang='grc' dir='ltr'><strong>καὶ</strong></span> <span class='ocrx_word' id='word_1_648' title='bbox 1025 4476 1241 4548; x_wconf 79' lang='grc' dir='ltr'><strong>θέλησιν</strong></span> <span class='ocrx_word' id='word_1_649' title='bbox 1269 4478 1361 4532; x_wconf 89' lang='grc' dir='ltr'><strong>τοῦ</strong></span> <span class='ocrx_word' id='word_1_650' title='bbox 1397 4479 1530 4554; x_wconf 82' lang='grc' dir='ltr'><strong>Θεοῦ</strong></span> <span class='ocrx_word' id='word_1_651' title='bbox 1563 4482 1654 4534; x_wconf 74' lang='grc' dir='ltr'><strong>καὶ</strong></span> <span class='ocrx_word' id='word_1_652' title='bbox 1702 4481 1814 4534; x_wconf 87' lang='grc' dir='ltr'><strong>Πα-</strong></span> 
     </span>
    </p>
   </div>
   <div class='ocr_carea' id='block_1_91' title="bbox 1925 4468 3496 4554">
    <p class='ocr_par' dir='ltr' id='par_1_91' title="bbox 1925 4475 3496 4544">
     <span class='ocr_line' id='line_1_91' title="bbox 1925 4475 3496 4544; baseline 0.003 -14"><span class='ocrx_word' id='word_1_653' title='bbox 1925 4477 2066 4544; x_wconf 80' lang='lat' dir='ltr'><strong>iuxta</strong></span> <span class='ocrx_word' id='word_1_654' title='bbox 2101 4475 2494 4544; x_wconf 86' lang='lat' dir='ltr'><strong>beneplacltum</strong></span> <span class='ocrx_word' id='word_1_655' title='bbox 2517 4485 2571 4530; x_wconf 90' lang='lat' dir='ltr'><strong>et</strong></span> <span class='ocrx_word' id='word_1_656' title='bbox 2603 4476 2931 4530; x_wconf 77' lang='lat' dir='ltr'><strong>voluntatem</strong></span> <span class='ocrx_word' id='word_1_657' title='bbox 2960 4475 3054 4531; x_wconf 86' lang='lat' dir='ltr'><strong>Dei</strong></span> <span class='ocrx_word' id='word_1_658' title='bbox 3087 4483 3142 4530; x_wconf 88' lang='lat' dir='ltr'><strong>et</strong></span> <span class='ocrx_word' id='word_1_659' title='bbox 3160 4475 3362 4532; x_wconf 86' lang='lat' dir='ltr'><strong>Patris.</strong></span> <span class='ocrx_word' id='word_1_660' title='bbox 3389 4479 3496 4535; x_wconf 80' lang='lat' dir='ltr'><strong>Do-</strong></span> 
     </span>
    </p>
   </div>
   <div class='ocr_carea' id='block_1_92' title="bbox 225 4562 1816 4643">
    <p class='ocr_par' dir='ltr' id='par_1_92' title="bbox 225 4562 1816 4643">
     <span class='ocr_line' id='line_1_92' title="bbox 225 4562 1816 4643; baseline 0.005 -26"><span class='ocrx_word' id='word_1_661' title='bbox 225 4567 378 4635; x_wconf 77' lang='grc' dir='ltr'><strong>τρός.</strong></span> <span class='ocrx_word' id='word_1_662' title='bbox 402 4562 563 4629; x_wconf 82' lang='grc' dir='ltr'><strong>Οἶκος</strong></span> <span class='ocrx_word' id='word_1_663' title='bbox 591 4565 698 4636; x_wconf 74' lang='grc' dir='ltr'><strong>γὰρ</strong></span> <span class='ocrx_word' id='word_1_664' title='bbox 716 4566 923 4636; x_wconf 80' lang='grc' dir='ltr'><strong>νοητὸς,</strong></span> <span class='ocrx_word' id='word_1_665' title='bbox 959 4567 1052 4620; x_wconf 73' lang='grc' dir='ltr'><strong>καὶ</strong></span> <span class='ocrx_word' id='word_1_666' title='bbox 1082 4568 1334 4640; x_wconf 78' lang='grc' dir='ltr'><strong>οἰκοδομὴ</strong></span> <span class='ocrx_word' id='word_1_667' title='bbox 1361 4569 1513 4635; x_wconf 82' lang='grc' dir='ltr'><strong>Θεοῦ,</strong></span> <span class='ocrx_word' id='word_1_668' title='bbox 1539 4571 1679 4624; x_wconf 77' lang='grc' dir='ltr'><strong>κατὰ</strong></span> <span class='ocrx_word' id='word_1_669' title='bbox 1718 4572 1816 4643; x_wconf 78' lang='grc' dir='ltr'><strong>τὴν</strong></span> 
     </span>
    </p>
   </div>
   <div class='ocr_carea' id='block_1_93' title="bbox 226 4656 1815 4733">
    <p class='ocr_par' dir='ltr' id='par_1_93' title="bbox 226 4656 1815 4733">
     <span class='ocr_line' id='line_1_93' title="bbox 226 4656 1815 4733; baseline 0.006 -25"><span class='ocrx_word' id='word_1_670' title='bbox 226 4656 325 4710; x_wconf 83' lang='grc' dir='ltr'><strong>τοῦ</strong></span> <span class='ocrx_word' id='word_1_671' title='bbox 369 4657 585 4709; x_wconf 79' lang='grc' dir='ltr'><strong>Παύλου</strong></span> <span class='ocrx_word' id='word_1_672' title='bbox 642 4659 856 4728; x_wconf 76' lang='grc' dir='ltr'><strong>φωνὴν,</strong></span> <span class='ocrx_word' id='word_1_673' title='bbox 909 4659 1068 4729; x_wconf 77' lang='grc' dir='ltr'><strong>ἡμεῖς</strong></span> <span class='ocrx_word' id='word_1_674' title='bbox 1110 4677 1210 4711; x_wconf 83' lang='grc' dir='ltr'><strong>που</strong></span> <span class='ocrx_word' id='word_1_675' title='bbox 1263 4660 1482 4725; x_wconf 82' lang='grc' dir='ltr'><strong>πάντως</strong></span> <span class='ocrx_word' id='word_1_676' title='bbox 1529 4664 1728 4733; x_wconf 80' lang='grc' dir='ltr'><strong>ἐσμὲν,</strong></span> <span class='ocrx_word' id='word_1_677' title='bbox 1768 4665 1815 4716; x_wconf 76' lang='grc' dir='ltr'><strong>οἱ</strong></span> 
     </span>
    </p>
   </div>
   <div class='ocr_carea' id='block_1_94' title="bbox 228 4749 1817 4826">
    <p class='ocr_par' dir='ltr' id='par_1_94' title="bbox 228 4749 1817 4826">
     <span class='ocr_line' id='line_1_94' title="bbox 228 4749 1817 4826; baseline 0.006 -27"><span class='ocrx_word' id='word_1_678' title='bbox 228 4749 681 4811; x_wconf 80' lang='grc' dir='ltr'><strong>πεπιστευκότες,</strong></span> <span class='ocrx_word' id='word_1_679' title='bbox 712 4749 868 4820; x_wconf 81' lang='grc' dir='ltr'><strong>εἴπερ</strong></span> <span class='ocrx_word' id='word_1_680' title='bbox 894 4751 1040 4802; x_wconf 80' lang='grc' dir='ltr'><strong>ἐστὶν</strong></span> <span class='ocrx_word' id='word_1_681' title='bbox 1077 4750 1297 4820; x_wconf 79' lang='grc' dir='ltr'><strong>ἀληθὲς,</strong></span> <span class='ocrx_word' id='word_1_682' title='bbox 1343 4752 1418 4815; x_wconf 85' lang='grc' dir='ltr'><strong>ὡς</strong></span> <span class='ocrx_word' id='word_1_683' title='bbox 1453 4755 1510 4806; x_wconf 83' lang='grc' dir='ltr'><strong>ὲν</strong></span> <span class='ocrx_word' id='word_1_684' title='bbox 1538 4757 1657 4818; x_wconf 89' lang='grc' dir='ltr'><strong>ταῖς</strong></span> <span class='ocrx_word' id='word_1_685' title='bbox 1679 4772 1817 4826; x_wconf 82' lang='grc' dir='ltr'><strong>καρ-</strong></span> 
     </span>
    </p>
   </div>
   <div class='ocr_carea' id='block_1_95' title="bbox 227 4839 1817 4915">
    <p class='ocr_par' dir='ltr' id='par_1_95' title="bbox 227 4839 1817 4915">
     <span class='ocr_line' id='line_1_95' title="bbox 227 4839 1817 4915; baseline 0.007 -23"><span class='ocrx_word' id='word_1_686' title='bbox 227 4841 370 4904; x_wconf 80' lang='grc' dir='ltr'><strong>δίαις</strong></span> <span class='ocrx_word' id='word_1_687' title='bbox 419 4839 573 4911; x_wconf 78' lang='grc' dir='ltr'><strong>ἡμῶν</strong></span> <span class='ocrx_word' id='word_1_688' title='bbox 630 4840 718 4894; x_wconf 83' lang='grc' dir='ltr'><strong>διὰ</strong></span> <span class='ocrx_word' id='word_1_689' title='bbox 767 4841 862 4895; x_wconf 87' lang='grc' dir='ltr'><strong>τοῦ</strong></span> <span class='ocrx_word' id='word_1_690' title='bbox 894 4841 1203 4913; x_wconf 89' lang='grc' dir='ltr'><strong>πνεύματος</strong></span> <span class='ocrx_word' id='word_1_691' title='bbox 1245 4849 1522 4913; x_wconf 84' lang='grc' dir='ltr'><strong>κατοικεῖ,</strong></span> <span class='ocrx_word' id='word_1_692' title='bbox 1563 4850 1657 4902; x_wconf 75' lang='grc' dir='ltr'><strong>καὶ</strong></span> <span class='ocrx_word' id='word_1_693' title='bbox 1705 4853 1817 4915; x_wconf 86' lang='grc' dir='ltr'><strong>τοῖς</strong></span> 
     </span>
    </p>
   </div>
   <div class='ocr_carea' id='block_1_96' title="bbox 229 4931 1812 5010">
    <p class='ocr_par' dir='ltr' id='par_1_96' title="bbox 229 4931 1812 5010">
     <span class='ocr_line' id='line_1_96' title="bbox 229 4931 1812 5010; baseline 0.008 -27"><span class='ocrx_word' id='word_1_694' title='bbox 229 4931 518 4998; x_wconf 83' lang='grc' dir='ltr'><strong>ἀγαπῶσιν</strong></span> <span class='ocrx_word' id='word_1_695' title='bbox 577 4932 738 4984; x_wconf 76' lang='grc' dir='ltr'><strong>αὐτὸν</strong></span> <span class='ocrx_word' id='word_1_696' title='bbox 798 4933 1150 4998; x_wconf 68' lang='grc' dir='ltr'><strong>ἔναυλίζεται.</strong></span> <span class='ocrx_word' id='word_1_697' title='bbox 1191 4936 1334 5008; x_wconf 75' lang='grc' dir='ltr'><strong>Ἔφη</strong></span> <span class='ocrx_word' id='word_1_698' title='bbox 1379 4938 1486 5010; x_wconf 79' lang='grc' dir='ltr'><strong>γὰρ</strong></span> <span class='ocrx_word' id='word_1_699' title='bbox 1536 4940 1698 5004; x_wconf 82' lang='grc' dir='ltr'><strong>αὐτὸς</strong></span> <span class='ocrx_word' id='word_1_700' title='bbox 1725 4942 1812 4996; x_wconf 83' lang='grc' dir='ltr'><strong>διὰ</strong></span> 
     </span>
    </p>
   </div>
   <div class='ocr_carea' id='block_1_97' title="bbox 232 5025 1812 5100">
    <p class='ocr_par' dir='ltr' id='par_1_97' title="bbox 232 5025 1812 5100">
     <span class='ocr_line' id='line_1_97' title="bbox 232 5025 1812 5100; baseline 0.027 -43"><span class='ocrx_word' id='word_1_701' title='bbox 232 5025 514 5094; x_wconf 70' lang='grc' dir='ltr'><strong>προφήτου</strong></span> <span class='ocrx_word' id='word_1_702' title='bbox 547 5025 750 5094; x_wconf 74' lang='grc' dir='ltr'><strong>φωνῆς·</strong></span> <span class='ocrx_word' id='word_1_703' title='bbox 788 5043 806 5076; x_wconf 78' lang='grc' dir='ltr'><strong>ι</strong></span> <span class='ocrx_word' id='word_1_704' title='bbox 837 5026 958 5080; x_wconf 88' lang='grc' dir='ltr'><strong>Ὅτι</strong></span> <span class='ocrx_word' id='word_1_705' title='bbox 985 5029 1295 5100; x_wconf 84' lang='grc' dir='ltr'><strong>κατοικήσω</strong></span> <span class='ocrx_word' id='word_1_706' title='bbox 1344 5031 1402 5084; x_wconf 81' lang='grc' dir='ltr'><strong>ὲν</strong></span> <span class='ocrx_word' id='word_1_707' title='bbox 1429 5033 1611 5096; x_wconf 73' lang='grc' dir='ltr'><strong>αὐτοῖς</strong></span> <span class='ocrx_word' id='word_1_708' title='bbox 1634 5072 1648 5098; x_wconf 82' lang='grc'><em>,</em></span> <span class='ocrx_word' id='word_1_709' title='bbox 1716 5035 1812 5088; x_wconf 69' lang='grc' dir='ltr'><strong>καὶ</strong></span> 
     </span>
    </p>
   </div>
   <div class='ocr_carea' id='block_1_98' title="bbox 229 5117 1812 5188">
    <p class='ocr_par' dir='ltr' id='par_1_98' title="bbox 229 5117 1812 5188">
     <span class='ocr_line' id='line_1_98' title="bbox 229 5117 1812 5188; baseline 0.006 -19"><span class='ocrx_word' id='word_1_710' title='bbox 229 5117 691 5188; x_wconf 78' lang='grc' dir='ltr'><strong>ἑμπεριπατήσω,</strong></span> <span class='ocrx_word' id='word_1_711' title='bbox 722 5119 818 5170; x_wconf 79' lang='grc' dir='ltr'><strong>καὶ</strong></span> <span class='ocrx_word' id='word_1_712' title='bbox 863 5117 1054 5188; x_wconf 80' lang='grc' dir='ltr'><strong>ἔσομαι</strong></span> <span class='ocrx_word' id='word_1_713' title='bbox 1092 5121 1269 5175; x_wconf 83' lang='grc' dir='ltr'><strong>αὐτῶν</strong></span> <span class='ocrx_word' id='word_1_714' title='bbox 1319 5123 1471 5188; x_wconf 79' lang='grc' dir='ltr'><strong>Θεὸς,</strong></span> <span class='ocrx_word' id='word_1_715' title='bbox 1521 5125 1615 5177; x_wconf 73' lang='grc' dir='ltr'><strong>καὶ</strong></span> <span class='ocrx_word' id='word_1_716' title='bbox 1660 5126 1812 5179; x_wconf 72' lang='grc' dir='ltr'><strong>αὐτοὶ</strong></span> 
     </span>
    </p>
   </div>
   <div class='ocr_carea' id='block_1_99' title="bbox 228 5208 1812 5288">
    <p class='ocr_par' dir='ltr' id='par_1_99' title="bbox 228 5208 1812 5288">
     <span class='ocr_line' id='line_1_99' title="bbox 228 5208 1812 5288; baseline 0.008 -28"><span class='ocrx_word' id='word_1_717' title='bbox 228 5208 444 5262; x_wconf 76' lang='grc' dir='ltr'><strong>ἔσονταί</strong></span> <span class='ocrx_word' id='word_1_718' title='bbox 478 5225 568 5279; x_wconf 86' lang='grc' dir='ltr'><strong>μοι</strong></span> <span class='ocrx_word' id='word_1_719' title='bbox 600 5209 780 5271; x_wconf 75' lang='grc' dir='ltr'><strong>λαός.»</strong></span> <span class='ocrx_word' id='word_1_720' title='bbox 815 5209 1042 5280; x_wconf 78' lang='grc' dir='ltr'><strong>Ἀνάστη</strong></span> <span class='ocrx_word' id='word_1_721' title='bbox 1053 5229 1129 5280; x_wconf 87' lang='grc' dir='ltr'><strong>μα</strong></span> <span class='ocrx_word' id='word_1_722' title='bbox 1159 5212 1222 5282; x_wconf 83' lang='grc' dir='ltr'><strong>δὴ</strong></span> <span class='ocrx_word' id='word_1_723' title='bbox 1245 5208 1340 5266; x_wconf 86' lang='grc' dir='ltr'><strong>οῦν</strong></span> <span class='ocrx_word' id='word_1_724' title='bbox 1363 5213 1424 5266; x_wconf 84' lang='grc' dir='ltr'><strong>τὸ</strong></span> <span class='ocrx_word' id='word_1_725' title='bbox 1446 5217 1812 5288; x_wconf 83' lang='grc' dir='ltr'><strong>ἐγηγερμένον</strong></span> 
     </span>
    </p>
   </div>
   <div class='ocr_carea' id='block_1_100' title="bbox 225 5298 1812 5378">
    <p class='ocr_par' dir='ltr' id='par_1_100' title="bbox 225 5298 1812 5378">
     <span class='ocr_line' id='line_1_100' title="bbox 225 5298 1812 5378; baseline 0.008 -28"><span class='ocrx_word' id='word_1_726' title='bbox 225 5299 318 5351; x_wconf 74' lang='grc' dir='ltr'><strong>διὰ</strong></span> <span class='ocrx_word' id='word_1_727' title='bbox 348 5298 542 5370; x_wconf 80' lang='grc' dir='ltr'><strong>βουλῆς</strong></span> <span class='ocrx_word' id='word_1_728' title='bbox 573 5300 666 5352; x_wconf 88' lang='grc' dir='ltr'><strong>τοῦ</strong></span> <span class='ocrx_word' id='word_1_729' title='bbox 726 5299 938 5372; x_wconf 73' lang='grc' dir='ltr'><strong>Πατρὸς</strong></span> <span class='ocrx_word' id='word_1_730' title='bbox 967 5304 1032 5371; x_wconf 81' lang='grc' dir='ltr'><strong>τῇ</strong></span> <span class='ocrx_word' id='word_1_731' title='bbox 1079 5303 1376 5376; x_wconf 77' lang='grc' dir='ltr'><strong>Ἐκκλησία</strong></span> <span class='ocrx_word' id='word_1_732' title='bbox 1421 5307 1692 5378; x_wconf 84' lang='grc' dir='ltr'><strong>Χριστὸς,</strong></span> <span class='ocrx_word' id='word_1_733' title='bbox 1726 5309 1812 5362; x_wconf 83' lang='grc' dir='ltr'><strong>ἵνα</strong></span> 
     </span>
    </p>
   </div>
   <div class='ocr_carea' id='block_1_101' title="bbox 228 5391 1814 5471">
    <p class='ocr_par' dir='ltr' id='par_1_101' title="bbox 228 5391 1814 5471">
     <span class='ocr_line' id='line_1_101' title="bbox 228 5391 1814 5471; baseline 0.008 -29"><span class='ocrx_word' id='word_1_734' title='bbox 228 5391 453 5465; x_wconf 78' lang='grc' dir='ltr'><strong>μηκέτι,</strong></span> <span class='ocrx_word' id='word_1_735' title='bbox 472 5391 612 5445; x_wconf 74' lang='grc' dir='ltr'><strong>καθὰ</strong></span> <span class='ocrx_word' id='word_1_736' title='bbox 635 5391 729 5444; x_wconf 64' lang='grc' dir='ltr'><strong>καὶ</strong></span> <span class='ocrx_word' id='word_1_737' title='bbox 745 5391 927 5459; x_wconf 78' lang='grc' dir='ltr'><strong>πάλιν,</strong></span> <span class='ocrx_word' id='word_1_738' title='bbox 945 5392 1258 5447; x_wconf 87' lang='grc' dir='ltr'><strong>διοδεύσωσί</strong></span> <span class='ocrx_word' id='word_1_739' title='bbox 1276 5412 1438 5464; x_wconf 87' lang='grc' dir='ltr'><strong>τινες,</strong></span> <span class='ocrx_word' id='word_1_740' title='bbox 1453 5400 1548 5452; x_wconf 78' lang='grc' dir='ltr'><strong>καὶ</strong></span> <span class='ocrx_word' id='word_1_741' title='bbox 1570 5401 1814 5471; x_wconf 82' lang='grc' dir='ltr'><strong>ἀνακάμ-</strong></span> 
     </span>
    </p>
   </div>
   <div class='ocr_carea' id='block_1_102' title="bbox 335 5560 1835 5667">
    <p class='ocr_par' dir='ltr' id='par_1_102' title="bbox 335 5560 1835 5667">
     <span class='ocr_line' id='line_1_102' title="bbox 335 5560 1835 5667; baseline 0.003 -22"><span class='ocrx_word' id='word_1_742' title='bbox 335 5591 381 5622; x_wconf 70' lang='grc' dir='ltr'><strong>’δ</strong></span> <span class='ocrx_word' id='word_1_743' title='bbox 412 5589 616 5662; x_wconf 81' lang='lat' dir='ltr'><strong>Ephes.</strong></span> <span class='ocrx_word' id='word_1_744' title='bbox 648 5608 711 5658; x_wconf 86' lang='lat' dir='ltr'><strong>ll,</strong></span> <span class='ocrx_word' id='word_1_745' title='bbox 745 5591 811 5646; x_wconf 64' lang='grc'><strong>14</strong></span> <span class='ocrx_word' id='word_1_746' title='bbox 843 5590 930 5646; x_wconf 86' lang='grc'><strong>16.</strong></span> <span class='ocrx_word' id='word_1_747' title='bbox 1006 5560 1056 5624; x_wconf 52' lang='grc' dir='ltr'><strong>τί</strong></span> <span class='ocrx_word' id='word_1_748' title='bbox 1089 5591 1108 5645; x_wconf 91' lang='lat' dir='ltr'><strong>l</strong></span> <span class='ocrx_word' id='word_1_749' title='bbox 1149 5593 1272 5649; x_wconf 84' lang='lat' dir='ltr'><strong>Cor.</strong></span> <span class='ocrx_word' id='word_1_750' title='bbox 1317 5610 1399 5659; x_wconf 79' lang='grc' dir='ltr'><strong>ιιι,</strong></span> <span class='ocrx_word' id='word_1_751' title='bbox 1431 5595 1484 5650; x_wconf 88' lang='grc'><strong>9.</strong></span> <span class='ocrx_word' id='word_1_752' title='bbox 1563 5597 1608 5628; x_wconf 83' lang='grc'><strong>⁷⁶</strong></span> <span class='ocrx_word' id='word_1_753' title='bbox 1635 5595 1835 5667; x_wconf 86' lang='lat' dir='ltr'><strong>Ephcs.</strong></span> 
     </span>
    </p>
   </div>
   <div class='ocr_carea' id='block_1_103' title="bbox 1925 5560 2677 5667">
    <p class='ocr_par' dir='ltr' id='par_1_103' title="bbox 1925 5593 2677 5662">
     <span class='ocr_line' id='line_1_103' title="bbox 1925 5593 2677 5662; baseline -0.008 -11"><span class='ocrx_word' id='word_1_754' title='bbox 1925 5611 1958 5662; x_wconf 79' lang='grc' dir='ltr'><strong>ι,</strong></span> <span class='ocrx_word' id='word_1_755' title='bbox 2007 5596 2096 5650; x_wconf 83' lang='grc'><strong>17.</strong></span> <span class='ocrx_word' id='word_1_756' title='bbox 2171 5595 2214 5627; x_wconf 83' lang='grc'><strong>⁷⁷</strong></span> <span class='ocrx_word' id='word_1_757' title='bbox 2248 5593 2406 5649; x_wconf 86' lang='lat' dir='ltr'><strong>Joan.</strong></span> <span class='ocrx_word' id='word_1_758' title='bbox 2445 5610 2556 5660; x_wconf 80' lang='lat' dir='ltr'><strong>xw,</strong></span> <span class='ocrx_word' id='word_1_759' title='bbox 2586 5594 2677 5649; x_wconf 73' lang='lat'><strong>25.</strong></span> 
     </span>
    </p>
   </div>
   <div class='ocr_carea' id='block_1_104' title="bbox 1918 4563 3496 4635">
    <p class='ocr_par' dir='ltr' id='par_1_104' title="bbox 1918 4563 3496 4635">
     <span class='ocr_line' id='line_1_104' title="bbox 1918 4563 3496 4635; baseline 0.001 -16"><span class='ocrx_word' id='word_1_760' title='bbox 1918 4582 2036 4620; x_wconf 79' lang='lat' dir='ltr'><strong>ntus</strong></span> <span class='ocrx_word' id='word_1_761' title='bbox 2065 4568 2208 4620; x_wconf 89' lang='lat' dir='ltr'><strong>enim</strong></span> <span class='ocrx_word' id='word_1_762' title='bbox 2245 4565 2346 4620; x_wconf 84' lang='lat' dir='ltr'><strong>sub</strong></span> <span class='ocrx_word' id='word_1_763' title='bbox 2397 4565 2806 4635; x_wconf 80' lang='lat' dir='ltr'><strong>intelligentiam</strong></span> <span class='ocrx_word' id='word_1_764' title='bbox 2837 4563 3059 4629; x_wconf 85' lang='lat' dir='ltr'><strong>cadens,</strong></span> <span class='ocrx_word' id='word_1_765' title='bbox 3091 4573 3146 4620; x_wconf 81' lang='lat' dir='ltr'><strong>et</strong></span> <span class='ocrx_word' id='word_1_766' title='bbox 3207 4566 3496 4622; x_wconf 60' lang='lat' dir='ltr'><strong>aediﬁcatio</strong></span> 
     </span>
    </p>
   </div>
   <div class='ocr_carea' id='block_1_105' title="bbox 1920 4653 3497 4725">
    <p class='ocr_par' dir='ltr' id='par_1_105' title="bbox 1920 4653 3497 4725">
     <span class='ocr_line' id='line_1_105' title="bbox 1920 4653 3497 4725; baseline 0.001 -16"><span class='ocrx_word' id='word_1_767' title='bbox 1920 4653 2035 4718; x_wconf 85' lang='lat' dir='ltr'><strong>Dei,</strong></span> <span class='ocrx_word' id='word_1_768' title='bbox 2062 4657 2358 4710; x_wconf 85' lang='lat' dir='ltr'><strong>secundum</strong></span> <span class='ocrx_word' id='word_1_769' title='bbox 2411 4653 2562 4709; x_wconf 84' lang='lat' dir='ltr'><strong>Pauli</strong></span> <span class='ocrx_word' id='word_1_770' title='bbox 2622 4669 2808 4710; x_wconf 87' lang='lat' dir='ltr'><strong>vocem</strong></span> <span class='ocrx_word' id='word_1_771' title='bbox 2839 4653 2908 4719; x_wconf 83' lang='lat'><strong>&quot;,</strong></span> <span class='ocrx_word' id='word_1_772' title='bbox 2963 4668 3062 4710; x_wconf 88' lang='lat' dir='ltr'><strong>nos</strong></span> <span class='ocrx_word' id='word_1_773' title='bbox 3095 4665 3286 4710; x_wconf 80' lang='lat' dir='ltr'><strong>smnus</strong></span> <span class='ocrx_word' id='word_1_774' title='bbox 3339 4656 3497 4725; x_wconf 87' lang='lat' dir='ltr'><strong>plane</strong></span> 
     </span>
    </p>
   </div>
   <div class='ocr_carea' id='block_1_106' title="bbox 1915 4747 3496 4818">
    <p class='ocr_par' dir='ltr' id='par_1_106' title="bbox 1915 4747 3496 4818">
     <span class='ocr_line' id='line_1_106' title="bbox 1915 4747 3496 4818; baseline 0.001 -16"><span class='ocrx_word' id='word_1_775' title='bbox 1915 4749 2005 4818; x_wconf 90' lang='lat' dir='ltr'><strong>qui</strong></span> <span class='ocrx_word' id='word_1_776' title='bbox 2029 4749 2358 4804; x_wconf 87' lang='lat' dir='ltr'><strong>credidimus</strong></span> <span class='ocrx_word' id='word_1_777' title='bbox 2392 4763 2404 4798; x_wconf 93' lang='lat'>:</span> <span class='ocrx_word' id='word_1_778' title='bbox 2437 4747 2702 4817; x_wconf 87' lang='lat' dir='ltr'><strong>siquidem</strong></span> <span class='ocrx_word' id='word_1_779' title='bbox 2734 4761 2920 4803; x_wconf 87' lang='lat' dir='ltr'><strong>verum</strong></span> <span class='ocrx_word' id='word_1_780' title='bbox 2946 4758 3047 4812; x_wconf 87' lang='lat' dir='ltr'><strong>est,</strong></span> <span class='ocrx_word' id='word_1_781' title='bbox 3073 4762 3197 4803; x_wconf 89' lang='lat' dir='ltr'><strong>eum</strong></span> <span class='ocrx_word' id='word_1_782' title='bbox 3257 4749 3310 4815; x_wconf 80' lang='lat' dir='ltr'><strong>in</strong></span> <span class='ocrx_word' id='word_1_783' title='bbox 3368 4763 3496 4805; x_wconf 81' lang='lat' dir='ltr'><strong>cor-</strong></span> 
     </span>
    </p>
   </div>
   <div class='ocr_carea' id='block_1_107' title="bbox 1916 4838 3498 4909">
    <p class='ocr_par' dir='ltr' id='par_1_107' title="bbox 1916 4838 3498 4909">
     <span class='ocr_line' id='line_1_107' title="bbox 1916 4838 3498 4909; baseline -0.001 -14"><span class='ocrx_word' id='word_1_784' title='bbox 1916 4841 2076 4895; x_wconf 89' lang='lat' dir='ltr'><strong>dibus</strong></span> <span class='ocrx_word' id='word_1_785' title='bbox 2118 4839 2320 4894; x_wconf 88' lang='lat' dir='ltr'><strong>nostris</strong></span> <span class='ocrx_word' id='word_1_786' title='bbox 2358 4852 2455 4908; x_wconf 86' lang='lat' dir='ltr'><strong>per</strong></span> <span class='ocrx_word' id='word_1_787' title='bbox 2486 4839 2732 4909; x_wconf 89' lang='lat' dir='ltr'><strong>spiritum</strong></span> <span class='ocrx_word' id='word_1_788' title='bbox 2802 4838 3048 4894; x_wconf 89' lang='lat' dir='ltr'><strong>habitare</strong></span> <span class='ocrx_word' id='word_1_789' title='bbox 3077 4839 3148 4904; x_wconf 85' lang='lat'><strong>&quot;,</strong></span> <span class='ocrx_word' id='word_1_790' title='bbox 3179 4846 3235 4895; x_wconf 89' lang='lat' dir='ltr'><strong>et</strong></span> <span class='ocrx_word' id='word_1_791' title='bbox 3293 4838 3346 4893; x_wconf 92' lang='lat' dir='ltr'><strong>in</strong></span> <span class='ocrx_word' id='word_1_792' title='bbox 3408 4839 3498 4894; x_wconf 86' lang='lat' dir='ltr'><strong>bis</strong></span> 
     </span>
    </p>
   </div>
   <div class='ocr_carea' id='block_1_108' title="bbox 1921 4929 3497 5004">
    <p class='ocr_par' dir='ltr' id='par_1_108' title="bbox 1921 4929 3497 5004">
     <span class='ocr_line' id='line_1_108' title="bbox 1921 4929 3497 5004; baseline -0.002 -16"><span class='ocrx_word' id='word_1_793' title='bbox 1921 4933 2013 5004; x_wconf 93' lang='lat' dir='ltr'><strong>qui</strong></span> <span class='ocrx_word' id='word_1_794' title='bbox 2047 4932 2275 5002; x_wconf 77' lang='lat' dir='ltr'><strong>diligunt</strong></span> <span class='ocrx_word' id='word_1_795' title='bbox 2308 4931 2480 5000; x_wconf 86' lang='lat' dir='ltr'><strong>ipsum</strong></span> <span class='ocrx_word' id='word_1_796' title='bbox 2503 4929 2828 4986; x_wconf 88' lang='lat' dir='ltr'><strong>commorari</strong></span> <span class='ocrx_word' id='word_1_797' title='bbox 2860 4929 2924 4981; x_wconf 84' lang='grc'><strong>⁷⁷.</strong></span> <span class='ocrx_word' id='word_1_798' title='bbox 2963 4930 3055 4984; x_wconf 92' lang='lat' dir='ltr'><strong>Ait</strong></span> <span class='ocrx_word' id='word_1_799' title='bbox 3077 4929 3222 4984; x_wconf 91' lang='lat' dir='ltr'><strong>enim</strong></span> <span class='ocrx_word' id='word_1_800' title='bbox 3257 4929 3369 5000; x_wconf 91' lang='lat' dir='ltr'><strong>ipse</strong></span> <span class='ocrx_word' id='word_1_801' title='bbox 3400 4946 3497 5001; x_wconf 80' lang='lat' dir='ltr'><strong>per</strong></span> 
     </span>
    </p>
   </div>
   <div class='ocr_carea' id='block_1_109' title="bbox 1921 5021 3498 5099">
    <p class='ocr_par' dir='ltr' id='par_1_109' title="bbox 1921 5021 3498 5099">
     <span class='ocr_line' id='line_1_109' title="bbox 1921 5021 3498 5099; baseline -0.004 -17"><span class='ocrx_word' id='word_1_802' title='bbox 1921 5027 2239 5099; x_wconf 89' lang='lat' dir='ltr'><strong>prophetam</strong></span> <span class='ocrx_word' id='word_1_803' title='bbox 2271 5043 2284 5079; x_wconf 91' lang='lat'><strong>:</strong></span> <span class='ocrx_word' id='word_1_804' title='bbox 2317 5043 2336 5076; x_wconf 79' lang='grc' dir='ltr'><strong>ι</strong></span> <span class='ocrx_word' id='word_1_805' title='bbox 2366 5023 2631 5090; x_wconf 87' lang='lat' dir='ltr'><strong>Quoniam</strong></span> <span class='ocrx_word' id='word_1_806' title='bbox 2669 5022 2983 5079; x_wconf 87' lang='lat' dir='ltr'><strong>inhabitabo</strong></span> <span class='ocrx_word' id='word_1_807' title='bbox 3022 5023 3076 5077; x_wconf 90' lang='lat' dir='ltr'><strong>in</strong></span> <span class='ocrx_word' id='word_1_808' title='bbox 3116 5021 3244 5087; x_wconf 88' lang='lat' dir='ltr'><strong>illis,</strong></span> <span class='ocrx_word' id='word_1_809' title='bbox 3306 5031 3363 5077; x_wconf 90' lang='lat' dir='ltr'><strong>et</strong></span> <span class='ocrx_word' id='word_1_810' title='bbox 3415 5023 3498 5077; x_wconf 88' lang='lat' dir='ltr'><strong>in-</strong></span> 
     </span>
    </p>
   </div>
   <div class='ocr_carea' id='block_1_110' title="bbox 1915 5117 3493 5188">
    <p class='ocr_par' dir='ltr' id='par_1_110' title="bbox 1915 5117 3493 5188">
     <span class='ocr_line' id='line_1_110' title="bbox 1915 5117 3493 5188; baseline -0.002 -15"><span class='ocrx_word' id='word_1_811' title='bbox 1915 5118 2204 5174; x_wconf 88' lang='lat' dir='ltr'><strong>ambulabo</strong></span> <span class='ocrx_word' id='word_1_812' title='bbox 2233 5119 2374 5173; x_wconf 90' lang='lat' dir='ltr'><strong>inter</strong></span> <span class='ocrx_word' id='word_1_813' title='bbox 2407 5117 2547 5182; x_wconf 87' lang='lat' dir='ltr'><strong>illos,</strong></span> <span class='ocrx_word' id='word_1_814' title='bbox 2588 5128 2642 5172; x_wconf 88' lang='lat' dir='ltr'><strong>et</strong></span> <span class='ocrx_word' id='word_1_815' title='bbox 2667 5133 2764 5173; x_wconf 91' lang='lat' dir='ltr'><strong>ero</strong></span> <span class='ocrx_word' id='word_1_816' title='bbox 2811 5118 3023 5173; x_wconf 91' lang='lat' dir='ltr'><strong>illorum</strong></span> <span class='ocrx_word' id='word_1_817' title='bbox 3086 5117 3248 5184; x_wconf 90' lang='lat' dir='ltr'><strong>Deus,</strong></span> <span class='ocrx_word' id='word_1_818' title='bbox 3300 5125 3355 5173; x_wconf 91' lang='lat' dir='ltr'><strong>et</strong></span> <span class='ocrx_word' id='word_1_819' title='bbox 3395 5118 3493 5188; x_wconf 85' lang='lat' dir='ltr'><strong>ipsi</strong></span> 
     </span>
    </p>
   </div>
   <div class='ocr_carea' id='block_1_111' title="bbox 1914 5209 3496 5282">
    <p class='ocr_par' dir='ltr' id='par_1_111' title="bbox 1914 5209 3496 5282">
     <span class='ocr_line' id='line_1_111' title="bbox 1914 5209 3496 5282; baseline -0.003 -14"><span class='ocrx_word' id='word_1_820' title='bbox 1914 5221 2072 5268; x_wconf 87' lang='lat' dir='ltr'><strong>erunt</strong></span> <span class='ocrx_word' id='word_1_821' title='bbox 2128 5210 2262 5266; x_wconf 88' lang='lat' dir='ltr'><strong>mihi</strong></span> <span class='ocrx_word' id='word_1_822' title='bbox 2305 5211 2533 5282; x_wconf 90' lang='lat' dir='ltr'><strong>populus</strong></span> <span class='ocrx_word' id='word_1_823' title='bbox 2555 5211 2602 5242; x_wconf 83' lang='grc'><strong>⁷⁸</strong></span> <span class='ocrx_word' id='word_1_824' title='bbox 2643 5229 2662 5263; x_wconf 76' lang='grc' dir='ltr'><strong>ι</strong></span> <span class='ocrx_word' id='word_1_825' title='bbox 2719 5209 2938 5265; x_wconf 88' lang='lat' dir='ltr'><strong>Erectio</strong></span> <span class='ocrx_word' id='word_1_826' title='bbox 3001 5209 3166 5278; x_wconf 76' lang='lat' dir='ltr'><strong>igitur</strong></span> <span class='ocrx_word' id='word_1_827' title='bbox 3222 5210 3496 5265; x_wconf 79' lang='lat' dir='ltr'><strong>voluntate</strong></span> 
     </span>
    </p>
   </div>
   <div class='ocr_carea' id='block_1_112' title="bbox 1914 5299 3496 5370">
    <p class='ocr_par' dir='ltr' id='par_1_112' title="bbox 1914 5299 3496 5370">
     <span class='ocr_line' id='line_1_112' title="bbox 1914 5299 3496 5370; baseline -0.001 -13"><span class='ocrx_word' id='word_1_828' title='bbox 1914 5302 2090 5357; x_wconf 82' lang='lat' dir='ltr'><strong>Patris</strong></span> <span class='ocrx_word' id='word_1_829' title='bbox 2122 5301 2376 5357; x_wconf 77' lang='lat' dir='ltr'><strong>Ecclesiae</strong></span> <span class='ocrx_word' id='word_1_830' title='bbox 2401 5305 2631 5357; x_wconf 79' lang='lat' dir='ltr'><strong>excitata</strong></span> <span class='ocrx_word' id='word_1_831' title='bbox 2653 5299 2904 5356; x_wconf 90' lang='lat' dir='ltr'><strong>Christus</strong></span> <span class='ocrx_word' id='word_1_832' title='bbox 2928 5309 3032 5365; x_wconf 81' lang='lat' dir='ltr'><strong>est,</strong></span> <span class='ocrx_word' id='word_1_833' title='bbox 3071 5315 3138 5355; x_wconf 90' lang='lat' dir='ltr'><strong>ne</strong></span> <span class='ocrx_word' id='word_1_834' title='bbox 3171 5299 3334 5370; x_wconf 88' lang='lat' dir='ltr'><strong>ultra,</strong></span> <span class='ocrx_word' id='word_1_835' title='bbox 3358 5302 3496 5356; x_wconf 90' lang='lat' dir='ltr'><strong>sicut</strong></span> 
     </span>
    </p>
   </div>
   <div class='ocr_carea' id='block_1_113' title="bbox 1916 5391 3496 5462">
    <p class='ocr_par' dir='ltr' id='par_1_113' title="bbox 1916 5391 3496 5462">
     <span class='ocr_line' id='line_1_113' title="bbox 1916 5391 3496 5462; baseline 0 -16"><span class='ocrx_word' id='word_1_836' title='bbox 1916 5395 2210 5462; x_wconf 90' lang='lat' dir='ltr'><strong>quondam,</strong></span> <span class='ocrx_word' id='word_1_837' title='bbox 2243 5399 2618 5462; x_wconf 89' lang='lat' dir='ltr'><strong>pertranseant</strong></span> <span class='ocrx_word' id='word_1_838' title='bbox 2647 5392 2886 5462; x_wconf 86' lang='lat' dir='ltr'><strong>quidam,</strong></span> <span class='ocrx_word' id='word_1_839' title='bbox 2911 5398 2966 5446; x_wconf 88' lang='lat' dir='ltr'><strong>et</strong></span> <span class='ocrx_word' id='word_1_840' title='bbox 2999 5400 3358 5458; x_wconf 89' lang='lat' dir='ltr'><strong>revertantur,</strong></span> <span class='ocrx_word' id='word_1_841' title='bbox 3407 5391 3496 5447; x_wconf 82' lang='lat' dir='ltr'><strong>in-</strong></span> 
     </span>
    </p>
   </div>
   <div class='ocr_carea' id='block_1_114' title="bbox 2790 5587 3499 5659">
    <p class='ocr_par' dir='ltr' id='par_1_114' title="bbox 2790 5587 3499 5659">
     <span class='ocr_line' id='line_1_114' title="bbox 2790 5587 3499 5659; baseline -0.01 -9"><span class='ocrx_word' id='word_1_842' title='bbox 2790 5593 2836 5626; x_wconf 72' lang='lat'><strong>&quot;</strong></span> <span class='ocrx_word' id='word_1_843' title='bbox 2876 5593 3051 5650; x_wconf 88' lang='lat' dir='ltr'><strong>Levit.</strong></span> <span class='ocrx_word' id='word_1_844' title='bbox 3097 5609 3247 5659; x_wconf 73' lang='lat' dir='ltr'><strong>nm,</strong></span> <span class='ocrx_word' id='word_1_845' title='bbox 3281 5591 3369 5659; x_wconf 79' lang='lat' dir='ltr'><strong>ll,</strong></span> <span class='ocrx_word' id='word_1_846' title='bbox 3406 5587 3499 5644; x_wconf 75' lang='lat' dir='ltr'><strong>l3.</strong></span> 
     </span>
    </p>
   </div>
   <div class='ocr_carea' id='block_1_115' title="bbox 299 5771 2771 5844">
    <p class='ocr_par' dir='ltr' id='par_1_115' title="bbox 299 5771 2771 5844">
     <span class='ocr_line' id='line_1_115' title="bbox 299 5771 2771 5844; baseline 0.001 -19"><span class='ocrx_word' id='word_1_847' title='bbox 299 5771 374 5841; x_wconf 84' lang='grc' dir='ltr'><strong>(Ι)</strong></span> <span class='ocrx_word' id='word_1_848' title='bbox 409 5772 761 5828; x_wconf 70' lang='grc' dir='ltr'><strong>ῡρδίιιετιιιυι*</strong></span> <span class='ocrx_word' id='word_1_849' title='bbox 801 5771 1118 5830; x_wconf 85' lang='lat' dir='ltr'><strong>vocabulum</strong></span> <span class='ocrx_word' id='word_1_850' title='bbox 1155 5776 1441 5832; x_wconf 84' lang='lat' dir='ltr'><strong>accusandi</strong></span> <span class='ocrx_word' id='word_1_851' title='bbox 1475 5791 1625 5842; x_wconf 81' lang='lat' dir='ltr'><strong>casu,</strong></span> <span class='ocrx_word' id='word_1_852' title='bbox 1662 5775 1802 5843; x_wconf 86' lang='lat' dir='ltr'><strong>quod</strong></span> <span class='ocrx_word' id='word_1_853' title='bbox 1838 5774 2203 5843; x_wconf 69' lang='lat' dir='ltr'><strong>expressimus</strong></span> <span class='ocrx_word' id='word_1_854' title='bbox 2237 5773 2452 5830; x_wconf 77' lang='lat' dir='ltr'><strong>Latine.</strong></span> <span class='ocrx_word' id='word_1_855' title='bbox 2488 5773 2771 5844; x_wconf 77' lang='lat' dir='ltr'><strong>Interpm.</strong></span> 
     </span>
    </p>
   </div>
  </div>
