3936 6318
477 322 577 377 H3

1462 311 1521 364 ε.
1564 305 1837 362 CYRILLi
1873 302 2339 359 “smmum
2375 268 2691 360 Ancuter.

3616 293 3717 351 lu

479 450 556 490 tor
585 450 680 490 nos
706 447 917 492 sursum
948 438 999 485 et
1033 431 1278 484 deorsum
1309 417 1721 489 circumeuntes,
1781 432 1835 478 et
1898 422 2041 475 velut

2166 437 2371 485 ττωσιν,
2404 421 2461 471 ἐν
2488 421 2620 488 ἡμῖν
2663 416 2775 471 ἄνω
2809 433 2867 469 τε
2919 415 3012 469 καὶ
3061 415 3210 469 κάτω
3268 411 3593 486 περιιόντες,
3627 419 3719 471 καὶ

477 527 748 579 desertam
782 524 921 577 viam
951 519 1245 581 calcantes,
1279 526 1334 571 et
1362 516 1521 570 corda
1558 524 1741 569 nostra
1794 512 2045 566 omnibus

480 616 656 669 noxiis
687 613 990 682 implentes.
1012 610 1101 663 Ait
1132 608 1274 664 enim
1306 606 1503 661 alicubi
1539 607 1601 660 de
1628 604 1906 669 Israelitis,
1929 616 2046 670 qua

474 717 594 760 erat
619 716 769 759 vetus
803 703 957 756 vinea
984 698 1283 770 possessori
1318 714 1415 753 suo
1452 716 1464 750 :
1507 716 1526 749 ‹
1565 696 1817 751 Auferam
1869 708 2046 749 mace—

480 798 613 850 riam
638 797 775 864 ejus,
806 803 858 850 et
888 795 992 849 erit
1019 795 1070 846 in
1100 791 1485 860 direptionem;
1524 797 1577 842 et
1611 789 1882 842 destruam
1932 801 2049 839 mu-

478 903 597 939 rum
629 886 763 954 ejus,
794 896 847 940 et
874 885 978 938 erit
1025 884 1077 937 in
1144 882 1606 937 conculcationem
1630 880 1730 933 τ’.»
1766 878 1837 932 At
1896 875 2049 930 nobis

480 976 571 1044 qui
613 989 735 1028 eum
774 974 826 1026 in
859 986 1023 1026 carne
1058 969 1375 1040 apparuisse
1399 968 1771 1038 cognovimus,
1839 980 2045 1029 murus,

481 1076 536 1118 et
560 1079 715 1133 sepes
755 1066 865 1132 ipse
890 1059 1205 1115 Emmanuel
1240 1059 1505 1115 excitatus
1527 1067 1628 1122 est,
1663 1057 1859 1111 virtute
1914 1053 2050 1109 inef-

484 1157 631 1214 fabili
666 1154 1008 1211 circumdatis
1033 1168 1153 1215 nos,
1186 1160 1239 1206 et
1268 1153 1334 1207 ab
1362 1151 1558 1206 animis
1596 1150 1797 1203 nostris
1831 1147 2052 1217 abigens

484 1248 789 1302 immundos
849 1246 1157 1306 daemonas,
1220 1258 1319 1296 nec
1378 1242 1605 1311 pedibus
1685 1239 1893 1292 illorum
1955 1250 2051 1290 nos

484 1338 755 1392 substerni
785 1336 1071 1390 sustinens.
1098 1334 1277 1399 Quare
1329 1340 1382 1387 et
1441 1332 1701 1400 propheta
1754 1329 1819 1382 ad
1858 1326 2048 1382 illum:

491 1447 510 1481 ι
545 1427 613 1483 Ει
645 1427 926 1482 vocaberis
956 1425 1254 1479 mdiﬁcalor
1301 1423 1682 1486 maceriarum,
1732 1431 1786 1475 et
1834 1418 2054 1473 semitas

486 1536 603 1588 qua:
636 1519 686 1572 in
718 1517 893 1571 medio
920 1525 1043 1570 sunt
1090 1515 1366 1582 quiescere
1434 1512 1596 1567 facies
1619 1512 1715 1563 ⁸ο.»
1784 1509 2055 1575 Quemad-

487 1611 704 1665 modum
730 1608 874 1662 enim
915 1606 1004 1673 qui
1053 1605 1238 1659 vineas
1297 1602 1527 1657 incultas
1577 1602 1792 1669 sepibus
1847 1598 2057 1653 munire

487 1700 685 1762 solent,
736 1698 851 1750 vias
891 1711 986 1764 per
1031 1694 1266 1748 medium
1325 1691 1538 1758 tollunt,
1569 1691 1728 1761 735
1772 1705 1871 1745 nec
1912 1703 2058 1743 com-

2152 507 2239 564 οἷά
2267 527 2389 563 τινα
2449 508 2862 579 κεχερσωμένην
2896 506 3190 568 πατοῦντες
3228 505 3365 569 ὁδὸν,
3400 505 3495 559 καὶ
3520 504 3720 577 βλάϐης

2153 603 2370 672 ἀπάσης
2393 598 2841 669 ἀναπιμπλάντες
2863 597 3135 669 ἡμετέρας
3164 594 3409 665 καρδίας.
3448 597 3593 665 Ἔφη
3627 595 3721 665 μὲν

2153 694 2261 763 γάρ
2292 708 2396 744 που
2420 691 2549 762 περὶ
2568 689 2676 741 τῶν
2698 690 2757 751 ἐξ
2786 687 3020 758 Ἰσραὴλ,
3042 687 3099 750 ὃς
3122 681 3189 755 ἦν
3218 688 3441 755 ἀρχαῖος
3464 684 3637 754 ἀμπε)
3650 683 3722 738 ὼν

2154 784 2230 854 τῷ
2257 784 2587 853 κτησαμένῳ
2616 781 2713 852 (li,
2744 780 2824 832 ὅτι
2848 797 2866 829 ‹
2889 777 3095 846 Ἀφελῶ
3123 777 3213 830 τὸν
3242 776 3495 848 φραγμὸν
3535 774 3721 837 αὑτοῦ,

2155 880 2247 932 καὶ
2279 878 2431 931 ἔσται
2458 879 2536 939 είς
2564 873 2891 946 διαρπαγὴν,
2945 872 3036 925 καὶ
3076 870 3286 923 καθελῶ
3315 870 3405 924 τὸν
3430 872 3609 939 τοῖχον
3634 871 3723 922 αύ-

2155 968 2271 1034 τοῦ,
2313 968 2407 1020 καὶ
2463 966 2615 1018 ἔσται
2667 965 2746 1026 είς
2783 962 3176 1031 καταπάτημα.
3219 979 3237 1012 ι
3302 961 3463 1030 Ἡμῖν
3520 960 3577 1013 δὲ
3618 963 3724 1023 τοῖς

2157 1057 2492 1127 ἐπεγνωκόσι
2512 1056 2609 1125 τὴν
2644 1055 2964 1122 ἐπιφάνειαν
2991 1051 3177 1111 αὑτοῦ,
3200 1053 3375 1121 τοῖχος
3405 1052 3721 1121 ἐγήγερται,

2157 1149 2251 1203 καὶ
2280 1146 2530 1218 φραγμὺς
2563 1144 2723 1207 αὐτὸς
2746 1147 2773 1196 ό
2820 1141 3184 1213 Ἐμμανουήλ,
3212 1143 3473 1213 ἀρῤήκτῳ
3502 1142 3725 1211 δυνάμει

2159 1238 2516 1310 περιϐάλλων,
2550 1236 2645 1289 καὶ
2699 1228 2980 1289 ἀποσοϐῶν
3022 1233 3128 1286 τῶν
3163 1234 3449 1304 ἡμετέρων
3481 1233 3727 1286 διανοιῶν

2159 1332 2283 1392 τοὺς
2337 1328 2679 1399 ἀκαθάρτους
2721 1327 2997 1396 δαίμονας,
3055 1325 3149 1378 καὶ
3191 1326 3302 1386 τοῖς
3351 1324 3573 1376 ἐκείνων
3630 1324 3728 1375 οὐκ

2160 1421 2337 1488 ἀφιεὶς
2368 1417 2744 1488 ὑπεστρῶσθαι
2769 1416 2912 1469 ποσί,
2950 1415 3238 1487 Τοιγάρτοι
3271 1414 3364 1466 καὶ
3388 1416 3416 1465 ό
3440 1414 3727 1484 προφήτης

2162 1511 2298 1583 πρὸς
2359 1510 2558 1576 αὑτὸν,
2619 1528 2637 1559 ι
2678 1510 2788 1562 Καὶ
2840 1508 3117 1579 κληθήσῃ,
3188 1507 3389 1576 φησὶν,
3454 1504 3728 1575 οἰκοδόμος

2163 1602 2429 1675 φραγμῶν
2452 1602 2549 1662 κο.)ι
2574 1601 2672 1658 τὰς
2700 1600 2917 1671 τρίϐους
2945 1599 3040 1661 τὰς
3086 1597 3189 1651 ἀνὰ
3237 1598 3397 1668 μέσον
3424 1597 3671 1659 παύσεις.
3704 1614 3721 1647 ι

2167 1694 2377 1763 Ὠσπερ
2419 1692 2524 1762 γάρ
2580 1693 2630 1743 οἱ
2681 1690 3067 1761 περιφράττειν
3113 1688 3359 1751 εἰωθότες
3403 1686 3727 1756 ἀμπελῶνας

488 1790 782 1845 meantium
821 1786 1045 1856 pedibus
1080 1785 1198 1839 illas
1240 1786 1340 1837 teri
1370 1782 1684 1853 patiuntur:
1739 1782 1813 1834 ita
1861 1788 1916 1834 et
1947 1780 2056 1833 Do-

2166 1783 2623 1856 κεχερσωμένους,
2646 1781 2743 1843 τὰς
2771 1780 2857 1833 διά
2890 1780 3050 1849 μέσου
3079 1779 3310 1832 παύουσι
3338 1778 3579 1849 τρίϐους,
3631 1778 3729 1831 οὐκ

489 1883 667 1935 minus
708 1887 891 1932 noster
942 1874 1101 1930 Jesus
1160 1875 1405 1928 Christus
1454 1873 1689 1941 seipsum
1741 1872 1897 1925 nobis
1958 1885 2058 1926 ceu

489 1988 704 2027 murum
738 1970 1116 2025 solidissimum
1153 1965 1512 2027 circumdans,
1534 1973 1583 2018 et
1611 1963 1866 2033 angelicis
1892 1962 2060 2031 copiis

493 2080 591 2119 nos
614 2060 1044 2125 circumvallatis,
1076 2059 1255 2122 edicit,
1287 2066 1345 2111 ut
1385 2057 1582 2111 calcari
1615 2055 1728 2123 jam
1780 2069 1884 2109 non
1937 2068 2062 2123 pos-

493 2160 687 2211 simus.
720 2155 866 2208 Dixit
890 2154 1130 2221 insuper,
1168 2165 1273 2204 non
1314 2157 1766 2218 superventurum
1797 2146 1930 2214 ipsis
1982 2143 2062 2198 ul-

494 2258 575 2301 tra
613 2248 937 2317 abigentem.
971 2244 1109 2300 Olim
1147 2242 1289 2296 enim
1320 2240 1518 2310 captivi
1551 2239 1885 2303 tenebamur,
1913 2245 1966 2292 et
1995 2236 2061 2289 ad

493 2341 704 2411 quidvis
740 2337 1001 2392 nefarium
1036 2334 1286 2389 facillime
1312 2333 1660 2395 ducebantur,
1679 2338 1866 2384 euntes
1882 2343 2064 2398 prom-

491 2442 602 2500 pte,
645 2440 835 2499 agente
871 2428 1183 2495 ferenteque
1245 2439 1341 2479 nos
1401 2423 1603 2476 Satana
1630 2458 1646 2485 ,
1681 2428 1735 2473 et
1781 2433 1848 2473 ex
1886 2418 1966 2471 his
2007 2416 2061 2469 in

496 2522 581 2573 illa
615 2528 819 2572 tantum
860 2531 962 2570 non
1002 2514 1325 2582 impellente.
1354 2512 1551 2566 Verum
1601 2518 1654 2563 et
1687 2508 1831 2562 istud
1885 2514 2063 2561 sustu-

495 2615 555 2667 lit
598 2612 869 2668 Christus.
900 2607 1012 2661 Non
1043 2608 1187 2661 enim
1229 2605 1407 2659 veniet
1448 2612 1634 2658 contra
1666 2615 1764 2654 nos
1786 2597 2062 2668 depraeda-

495 2718 578 2760 tor
605 2724 619 2761 :
645 2719 748 2757 non
786 2703 972 2762 irruet,
995 2700 1133 2753 sicut
1165 2697 1336 2767 prius,
1364 2704 1423 2749 ut
1463 2694 1566 2763 ipsi
1598 2693 1745 2745 libet.
1772 2689 1889 2743 Fixi
1920 2689 2064 2742 enim

495 2810 681 2849 sumus
716 2796 767 2847 in
797 2792 1036 2857 Christo,
1067 2799 1347 2857 tutumque
1399 2796 1453 2841 et
1508 2785 1780 2838 ﬁrmatum
1807 2783 2067 2837 habemus

494 2903 609 2951 cor,
633 2901 741 2939 non
782 2884 1010 2951 amplius
1040 2882 1107 2935 ad
1137 2896 1200 2935 ea
1230 2894 1349 2949 quae
1384 2892 1491 2932 non
1524 2874 1920 2931 conveniebant
1968 2871 2071 2937 de:

489 2979 640 3046 jecti,
672 2992 776 3029 non
822 2974 1026 3030 cultum
1061 2971 1347 3026 multorum
1408 2970 1627 3024 deorum
1685 2964 2065 3035 ingredientes,

499 3085 604 3125 non
628 3069 695 3122 ad
730 3081 971 3121 errorem
1015 3064 1231 3120 abacti:
1270 3063 1361 3117 sed
1403 3062 1553 3130 quasi
1596 3061 1646 3113 in
1674 3058 1831 3112 fidem
1863 3057 2067 3110 etcha-
2094 3103 2138 3163 Ο

497 3161 715 3213 ritatent
756 3172 883 3225 erga
910 3154 1075 3209 Deum
1117 3152 1446 3223 ingressi,ut
1481 3150 1599 3204 ideo
1631 3144 1918 3201 laetabundi
1982 3146 2065 3199 di-

497 3264 685 3304 camus
717 3265 730 3300 :
773 3267 790 3300 ι
831 3248 898 3301 Ει
923 3246 1108 3301 statuit
1136 3258 1296 3313 supra
1327 3250 1531 3311 petram
1582 3239 1742 3303 pedes
1778 3251 1924 3291 meos
1955 3236 2023 3289 ⁸³.
2045 3253 2061 3286 ι

498 3342 632 3395 Cum
658 3354 819 3409 porro
867 3339 1015 3403 dicit,
1053 3355 1071 3388 ι
1110 3336 1244 3402 Quia
1304 3348 1448 3387 nunc
1500 3332 1604 3385 vidi
1647 3330 1815 3385 oculis
1859 3328 2011 3394 meis,
2044 3346 2062 3377 ι

499 3434 647 3488 clare
684 3434 918 3487 ostendit
955 3443 1163 3500 tempus
1206 3433 1466 3485 adventus
1500 3425 1797 3481 Salvatoris
1861 3432 2069 3490 tempus

501 3530 825 3584 visitationis
850 3541 987 3581 esse.
1020 3544 1038 3576 ι
1070 3521 1319 3578 Visitavit
1366 3521 1506 3574 enim
1537 3533 1633 3572 nos
1664 3516 1855 3572 Oriens
1884 3528 1951 3567 ex
1985 3511 2065 3564 al-

503 3635 556 3678 te
578 3622 623 3654 "
645 3639 659 3687 ;
683 3641 701 3675 ι
737 3631 809 3687 et,
845 3629 899 3673 ut
929 3616 1102 3685 inquit
1134 3615 1320 3675 David,
1365 3630 1383 3663 ι
1421 3611 1673 3665 Dominus
1696 3622 1725 3661 e
1749 3607 1885 3661 caelo
1909 3616 2069 3671 super

503 3726 697 3769 terram
727 3709 995 3781 prospexit
1020 3709 1124 3771 ⁸³,ι
1160 3718 1465 3774 quanquam
1499 3702 1624 3756 olim
1680 3708 1899 3769 propter
1946 3709 2070 3765 pec-

500 3815 678 3859 catum
714 3819 819 3869 quo
848 3800 1334 3868 obstringebamur,
1358 3810 1464 3848 non
1495 3791 1791 3851 curatione,
1832 3802 1939 3842 non
1970 3799 2065 3839 ve-

502 3897 609 3957 nia,
640 3908 743 3945 non
779 3880 1084 3951 dilectione,
1122 3902 1226 3941 non
1289 3885 1395 3939 alio
1438 3883 1687 3953 quopiam
1751 3877 1912 3933 simili
1968 3890 2068 3929 nos

502 3986 851 4052 dignaretur,
891 3982 983 4036 sed
1015 3987 1377 4033 aversaretur.
1417 3976 1593 4041 Quare
1631 3973 1790 4025 etiam
1848 3977 2071 4023 contur-

502 4076 614 4130 bati
649 4090 853 4140 smnus,
885 4074 1023 4143 quod
1046 4081 1101 4126 et
1134 4073 1321 4126 beatus
1354 4068 1519 4123 David
1553 4074 1823 4121 testatur:
1855 4079 1873 4111 ι
1907 4062 2073 4114 Aver-

503 4176 649 4220 tente
670 4175 722 4219 te
754 4164 941 4219 faciem
992 4173 1138 4217 tuam
1178 4161 1557 4223 turbabuntur,
1593 4166 1649 4209 et
1684 4155 1736 4208 in
1797 4152 2069 4219 pulverem

503 4273 660 4313 suum
698 4262 1032 4311 revertentur
1058 4254 1158 4309 ⁸⁸.»
1203 4252 1471 4319 Quoniam
1534 4256 1713 4301 autem
1749 4256 1913 4306 nunc,
1969 4241 2072 4293 hoc

503 4358 588 4404 est
633 4358 868 4417 tempore
928 4349 1186 4402 adventus
1233 4344 1465 4398 vidimus
1525 4337 1693 4393 oculis
1741 4335 1875 4404 ejus,
1928 4329 2073 4386 salu«

2163 1878 2359 1938 ἐῶντες
2395 1873 2497 1927 ὑπὸ
2526 1874 2637 1934 τοῖς
2674 1870 2783 1924 τῶν
2840 1870 2952 1923 ἄνω
2980 1888 3037 1923 τε
3085 1870 3178 1923 καὶ
3238 1869 3388 1947 κάτω
3431 1868 3729 1939 παριόντων

2164 1966 2449 2023 πατεῖσθαι
2508 1964 2685 2018 ποσίν·
2732 1961 2873 2016 οὕτω
2928 1962 3021 2016 καὶ
3058 1960 3307 2033 όΚύριος
3342 1960 3496 2032 ἡμῶν
3530 1960 3730 2030 Ἰησοῦς

2163 2056 2395 2128 Χριστὸς
2422 2054 2614 2109 ἐαυτὸν
2664 2057 2795 2125 ἡμῖν
2843 2056 3017 2123 τεῖχος
3042 2046 3236 2122 οἷάπερ
3264 2052 3535 2123 ἄρρηκτον
3579 2068 3733 2120 περι-

2164 2147 2297 2211 θεὶς,
2329 2147 2419 2199 καὶ
2442 2144 2758 2214 ἀγγελικαῖς
2789 2143 3047 2213 δυνάμεσι
3100 2144 3478 2215 περιφράττων
3505 2143 3608 2208 ἔξω
3638 2142 3732 2195 τοῦ

2166 2238 2453 2293 πατεῖσθαι
2510 2236 2762 2305 γενέσθαι
2815 2234 3245 2305 παρεσκεύασεν.
3301 2237 3445 2306 Ἔφη
3497 2234 3555 2287 δέ
3596 2234 3734 2306 πρὸς

2163 2330 2394 2391 τούτοις,
2421 2328 2501 2380 ὅτι
2531 2327 2710 2379 οὐκέτι
2731 2326 2790 2378 ού
2822 2327 2895 2395 μὴ
2922 2325 3049 2397 ἔλθῃ
3078 2326 3163 2378 ἐπ’
3187 2326 3381 2389 αὐτοὺς
3411 2324 3732 2389 ἐξελαύνων.

2166 2418 2340 2472 Πάλαι
2369 2418 2467 2489 μὲν
2486 2418 2593 2487 γάρ
2617 2414 2757 2490 ἦμεν
2782 2404 3248 2486 αἰχμάλωτοι,καὶ
3272 2418 3736 2488 εὐπαρακόμιστοι

2166 2508 2361 2577 κομιδῇ
2391 2506 2525 2577 πρὸς
2557 2508 2663 2559 πᾶν
2691 2506 2866 2559 ὁτιοῦν
2889 2506 2995 2557 τῶν
3016 2505 3256 2558 ἐκτόπων
3277 2505 3441 2567 ἰόντες
3475 2505 3733 2566 εὐκόλως,

2167 2599 2389 2667 ἄγοντός
2420 2616 2477 2651 τε
2512 2600 2658 2668 ἡμᾶς
2691 2599 2784 2650 καὶ
2833 2598 3088 2668 φέροντος
3117 2594 3209 2649 τοῦ
3241 2599 3455 2649 Σατανᾶ
3477 2636 3491 2660 ,
3545 2597 3640 2650 καὶ
3677 2598 3742 2648 ἐκ

2166 2690 2371 2743 τούτων
2400 2690 2477 2752 εἰς
2506 2691 2686 2741 ἐκεῖνα
2741 2689 3021 2759 μονονουχὶ
3083 2688 3175 2738 καὶ
3218 2686 3551 2748 ἐλαύνοντος.
3599 2684 3741 2738 Ἀλλ’

2169 2782 2373 2833 ἔπαυσε
2406 2778 2672 2833 καὶτοῦτο
2704 2777 2953 2848 Χριστός.
2985 2777 3058 2828 Οὐ
3081 2775 3191 2846 γὰρ
3220 2776 3339 2844 ἥξει
3371 2774 3493 2827 καθ’
3523 2774 3686 2845 ἡμῶν
3716 2775 3749 2825 ό

2168 2871 2463 2940 λεηλατῶν·
2492 2871 2589 2922 οὐκ
2640 2868 2847 2937 ἐμϐάλῃ
2903 2866 3042 2919 καθὰ
3087 2866 3179 2917 καὶ
3214 2865 3402 2935 πρώην
3456 2864 3535 2928 εἷς
3573 2881 3635 2933 γε
3668 2863 3749 2934 τῷ

2170 2960 2317 3030 αὑτῴ
2345 2960 2554 3013 δοκοῦν.
2607 2956 2946 3027 Πεπήγμεθα
2984 2954 3091 3025 γὰρ
3129 2957 3187 3007 ἐν
3242 2956 3485 3025 Χριστῷ,
3526 2955 3750 3025 ἀσφαλῆ

2169 3070 2227 3105 τε
2276 3053 2369 3105 καὶ
2427 3047 2711 3121 ἱδρυμένην
2754 3048 3063 3116 ἐσχήκαμεν
3107 3046 3204 3117 τὴν
3261 3045 3507 3116 καρδίαν,
3562 3047 3751 3098 οὐκέτι

2170 3142 2581 3210 κατασειόμενοι
2614 3138 2749 3208 πρὸς
2776 3138 2810 3190 ἃ
2837 3138 2910 3208 μὴ
2940 3137 3233 3206 προσῆκενο
3257 3138 3357 3188 οὐκ
3392 3136 3752 3205 ἐμϐαίνοντες

2170 3237 2248 3297 εἰς
2292 3231 2598 3295 πολυθεΐαν,
2655 3229 2754 3281 οὐκ
2808 3228 3213 3297 ἐξελαυνόμενοι
3273 3226 3408 3298 πρὸς
3454 3226 3751 3297 πλάνησιν·

2168 3326 2283 3378 ἀλλ’
2306 3318 2416 3376 οἷον
2447 3320 2814 3391 ἐμϐεϐηκότες
2844 3322 2901 3371 ἐν
2936 3319 3114 3371 πίστει
3137 3335 3194 3371 τε
3229 3319 3323 3370 καὶ
3358 3318 3547 3390 ἀγάπῃ
3572 3322 3639 3388 τῇ
3674 3321 3755 3383 είς

2126 3448 2138 3455 -
2167 3416 2319 3475 Θεὸν,
2360 3414 2433 3475 ὡς
2470 3413 2757 3483 χαίροντας
2789 3411 2880 3463 ἐπὶ
2904 3410 3076 3481 τούτῳ
3099 3409 3297 3477 λέγειν’
3334 3429 3352 3461 ι
3380 3411 3490 3462 Καὶ
3520 3410 3755 3479 ἔστησεν

2166 3504 2255 3557 διὰ
2287 3502 2489 3573 πέτραν
2520 3502 2646 3562 τοὺς
2675 3500 2839 3562 πόδας
2871 3516 2990 3568 μου.
3024 3518 3042 3549 ι
3075 3498 3263 3566 Λέγων
3318 3498 3393 3562 δὲ,
3427 3517 3445 3549 ι
3494 3499 3610 3550 Ὅτι
3655 3498 3753 3551 νῦν

2168 3592 2389 3662 ἑώρακα
2412 3592 2468 3642 ἐν
2509 3592 2621 3651 τοῖς
2676 3588 2968 3657 ὀφθαλμοῖς
3023 3605 3147 3657 μου,
3185 3606 3203 3637 ›
3266 3588 3567 3656 ἐπισκοπῆς
3616 3588 3756 3639 ὄντα

2168 3684 2360 3754 καιρὸν
2411 3681 2716 3744 κατέδειξεν
2772 3679 3015 3749 ἐναργῶς
3066 3679 3155 3731 τὸν
3212 3679 3309 3747 τῆς
3340 3670 3754 3750 τοῦίΣωτῆρος

2170 3775 2484 3846 ἐπιδημίας.
2548 3791 2565 3823 ι
2607 3771 2980 3840 Ἐπεσκέψατο
3030 3769 3139 3839 γὰρ
3193 3770 3343 3839 ἡμᾶς
3401 3768 3634 3839 ἀνατολὴ
3696 3769 3754 3835 ἐξ

2170 3868 2340 3937 ὕψους
2360 3907 2373 3930 ,
2418 3885 2435 3917 ι
2479 3864 2569 3917 καὶ
2594 3859 2627 3937 ᾖ
2654 3879 2817 3933 φησιν
2846 3862 2873 3913 ὁ
2905 3860 3089 3924 Δαϐὶδ,
3141 3878 3160 3910 ι
3202 3859 3406 3928 Κύριος
3436 3860 3492 3925 ἐξ
3514 3859 3750 3928 ούρανοῦ

2170 3961 2262 4011 ἐπὶ
2287 3958 2387 4027 τὴν
2421 3959 2523 4026 γῆν
2549 3951 2868 4021 ἐπέϐλεψεν,
2908 3970 2925 4002 ι
2994 3950 3170 4003 καίτοι
3211 3948 3377 4002 πάλαι
3425 3948 3512 4001 διά
3540 3948 3639 4018 τὴν
3695 3950 3751 4001 ἐν

2171 4052 2302 4121 ἡμῖν
2326 4048 2594 4118 ἁμαρτίαν
2623 4046 2682 4096 οὐ
2715 4042 3008 4114 θεραπείας
3038 4040 3201 4105 ἀξιῶν
3228 4041 3287 4093 ού
3317 4040 3529 4109 φειδοῦς
3555 4039 3589 4107 ἢ
3616 4040 3753 4107 ἀγάο

2173 4157 2303 4210 πης,
2338 4139 2436 4207 οὐχ
2494 4137 2680 4206 ἐτέρου
2736 4135 2878 4196 τινὸς
2935 4134 3041 4186 τῶν
3090 4130 3345 4185 τοιούτων
3399 4132 3583 4193 ὅλως·
3634 4129 3751 4181 ἀλλ’

2172 4229 2334 4283 οἱονεί
2357 4245 2473 4290 πως
2503 4224 2980 4297 ἀπεστραμμένος.
3018 4224 3202 4295 Ταύτῃ
3227 4241 3308 4276 τοι
3356 4224 3450 4277 καὶ
3481 4222 3756 4292 τεταράγ-

2175 4319 2335 4391 μεθα,
2372 4317 2466 4370 καὶ
2504 4318 2773 4386 μαρτυρεῖ
2792 4313 2962 4382 λέγων
2995 4316 3022 4365 ὁ
3049 4315 3317 4384 μακάριος
3342 4311 3520 4365 Δαϐίδ’
3551 4329 3569 4361 ι
3596 4313 3757 4365 Ἀπο-

508 4452 643 4507 tem,
674 4448 727 4494 et
754 4438 1206 4499 misericordiam,
1240 4444 1293 4489 et
1323 4432 1451 4502 quid
1497 4443 1602 4483 non
1663 4425 1876 4479 tandem
1924 4424 2059 4475 omni

2180 4406 2506 4480 στρέψαντός
2536 4422 2629 4457 σου
2678 4405 2739 4456 τὸ
2767 4403 3077 4473 πρόσωπον,
3128 4402 3603 4473 ταραχθήσονται,
3662 4404 3757 4456 καὶ

504 4543 751 4584 sermone
784 4531 956 4600 majus
990 4538 1046 4584 et
1083 4523 1403 4582 admirabile
1440 4516 1712 4575 consecuti
1745 4526 1930 4568 sumus
1959 4509 1980 4562 ‘I

2177 4506 2257 4566 εἰς
2287 4501 2376 4553 τὸν
2402 4497 2530 4570 χοῦν
2554 4496 2733 4550 αὐτῶν
2761 4495 3204 4567 ἐπιστρέφουσιν.
3235 4513 3253 4545 ι
3300 4494 3514 4563 Ἐπειδὴ
3541 4492 3599 4545 δέ
3638 4493 3755 4554 νῦν,

502 4626 746 4680 τουτέστι
776 4586 918 4679 κατὰ
949 4624 1038 4677 τὸν
1056 4623 1150 4693 τῆς
1180 4617 1473 4687 ἐπιδημίας
1502 4613 1690 4683 καιρὸν
1726 4607 2048 4678 ἑωράκαμεν
2076 4606 2134 4657 ἐν
2171 4595 2285 4662 τοῖς
2328 4594 2623 4664 ὀφθαλμοῖς
2671 4588 2856 4657 αὐτοῦ,
2896 4589 3218 4660 σεσώσμεθά
3248 4605 3306 4642 τε
3331 4588 3423 4641 καὶ
3445 4586 3751 4658 ὴλεήμεθα,

504 4722 598 4777 καὶ
625 4723 676 4776 τι
735 4721 843 4793 γὰρ
859 4720 980 4791 οὐχὶ
1035 4689 1142 4770 τῶν
1170 4714 1423 4768 ἐπέκεινα
1449 4710 1637 4776 λόγου,
1666 4705 1760 4760 καὶ
1790 4703 2135 4771 ἀξιαγάστων
2162 4693 2376 4765 ἀληθῶς
2399 4689 2841 4760 κεκερδήκαμεν;

755 4870 1161 4961 TOMUS
1234 4859 1820 4968 QUARTUS.

576 5044 739 5099 Vsus.
764 5042 819 5096 9.
861 5037 1046 5093 Gaude
1087 5035 1424 5095 vehementer,
1458 5029 1570 5098 ﬁlia
1606 5027 1758 5091 Sion,
1820 5023 2065 5094 pra’dica,

503 5140 617 5207 [ilia
645 5133 960 5189 Jerusalem.
988 5126 1121 5179 Ecce
1161 5142 1251 5180 rex
1304 5136 1423 5177 tuus
1458 5121 1588 5175 venit
1634 5120 1727 5173 tibi
1751 5118 1929 5187 justus
1954 5157 1970 5182 ,
2024 5124 2071 5167 et

504 5206 733 5288 salvam,
755 5226 863 5292 ipse
903 5226 1228 5279 mansuetus,
1261 5226 1308 5270 et
1355 5214 1636 5269 ascendens
1684 5224 1837 5278 super
1885 5206 2071 5275 subju-

505 5320 692 5388 galem,
721 5322 768 5367 et
792 5310 991 5381 pullum
1020 5323 1226 5360 novum.

575 5512 620 5543 τ’
650 5512 753 5566 lsa.
782 5524 833 5575 v,
863 5507 917 5562 5.

1026 5507 1070 5539 ⁸ο
1098 5505 1200 5562 lsa.
1240 5519 1388 5569 Lvttt,
1423 5503 1509 5556 12.
1584 5502 1626 5533 ⁸¹
1654 5500 1792 5554 Psal.
1828 5512 2016 5563 χχχιχ,
2049 5496 2102 5550 5.

2443 4836 2823 4923 ΤΟΜΟΣ
2896 4834 3487 4920 ΤΕΤΑΡΤΟΣ.

2248 5021 2426 5090 Χαῖρε
2475 5018 2727 5088 σφόδρα,
2763 5017 3012 5087 θύγατερ
3062 5016 3252 5082 Σιὼν,
3303 5016 3602 5085 κήρυσσε,
3654 5017 3760 5072 θύ-

2177 5132 2351 5185 γατερ
2397 5108 2808 5179 Ἰερουσαλήμ.
2873 5107 3015 5160 Ἰδοὺ
3078 5111 3111 5161 ό
3149 5109 3448 5172 ,βασιλεὺς
3484 5121 3607 5160 σου
3660 5109 3759 5175 ἕρ-

2178 5206 2345 5276 χετοί
2385 5221 2481 5256 σοι
2524 5202 2769 5264 δίκαιος,
2802 5199 2899 5252 καὶ
2941 5198 3161 5267 σώζων,
3192 5200 3371 5266 αὐτὸς
3409 5198 3621 5268 πρᾶος,
3662 5199 3762 5253 καί

2177 5294 2540 5361 ἐπιϐεϐηκὼς
2564 5290 2662 5343 ἐπὶ
2695 5288 3043 5361 ὑποζύγιον,
3080 5290 3176 5343 καὶ
3210 5290 3416 5343 πῶλον
3445 5291 3611 5345 νέον.

2179 5494 2222 5526 θ’
2250 5493 2374 5546 an.
2406 5507 2441 5554 ι,
2487 5490 2571 5544 78.
2648 5487 2694 5520 ”
2720 5486 2859 5541 Psal.
2888 5502 3020 5550 xui,
3062 5489 3115 5542 3.
3151 5488 3199 5520 “
3238 5486 3381 5544 Psal.
3404 5503 3523 5553 cm,
3550 5485 3646 5544 29.

572 5694 649 5765 (1)
687 5690 761 5748 ita
812 5690 1095 5762 legendum
1142 5687 1394 5759 coniicio,
1446 5700 1543 5757 pro
1590 5680 1943 5754 ἡγησαμένῳ,
1979 5678 2059 5733 nis

2175 5674 2274 5729 alis
2309 5667 2648 5740 interpretari
2682 5667 2900 5722 Domino
2928 5684 3041 5722 mo.
