  <div class='ocr_page' id='page_1' title='image "/cluster/home/n/w/nwhite01/storage/ocr_20150623/72/pst.000005712731/088.png"; bbox 0 0 3936 6318; ppageno 0'>
   <div class='ocr_carea' id='block_1_1' title="bbox 247 343 350 401">
    <p class='ocr_par' dir='ltr' id='par_1_1' title="bbox 247 343 350 401">
     <span class='ocr_line' id='line_1_1' title="bbox 247 343 350 401; baseline 0.01 -1"><span class='ocrx_word' id='word_1_1' title='bbox 247 343 350 401; x_wconf 65' lang='lat' dir='ltr'><strong>HS</strong></span> 
     </span>
    </p>
   </div>
   <div class='ocr_carea' id='block_1_2' title="bbox 1031 342 2605 405">
    <p class='ocr_par' dir='ltr' id='par_1_2' title="bbox 1031 342 2605 405">
     <span class='ocr_line' id='line_1_2' title="bbox 1031 342 2605 405; baseline 0.004 -7"><span class='ocrx_word' id='word_1_2' title='bbox 1031 342 1579 402; x_wconf 73' lang='lat' dir='ltr'><strong>COMMENTARIUS</strong></span> <span class='ocrx_word' id='word_1_3' title='bbox 1620 343 1686 399; x_wconf 80' lang='lat' dir='ltr'><strong>IN</strong></span> <span class='ocrx_word' id='word_1_4' title='bbox 1722 342 2120 400; x_wconf 72' lang='lat' dir='ltr'><strong>ZACHAIIIAM</strong></span> <span class='ocrx_word' id='word_1_5' title='bbox 2161 343 2605 405; x_wconf 74' lang='lat' dir='ltr'><strong>PROPIIETAM.</strong></span> 
     </span>
    </p>
   </div>
   <div class='ocr_carea' id='block_1_3' title="bbox 3396 352 3496 407">
    <p class='ocr_par' dir='ltr' id='par_1_3' title="bbox 3396 352 3496 407">
     <span class='ocr_line' id='line_1_3' title="bbox 3396 352 3496 407; baseline 0.03 -3"><span class='ocrx_word' id='word_1_6' title='bbox 3396 352 3496 407; x_wconf 75' lang='lat' dir='ltr'><strong>H6</strong></span> 
     </span>
    </p>
   </div>
   <div class='ocr_carea' id='block_1_4' title="bbox 310 426 1831 534">
    <p class='ocr_par' dir='ltr' id='par_1_4' title="bbox 310 426 1821 534">
     <span class='ocr_line' id='line_1_4' title="bbox 310 426 1821 534; baseline 0.001 -22"><span class='ocrx_word' id='word_1_7' title='bbox 310 459 434 512; x_wconf 82' lang='grc' dir='ltr'><strong>ΝΖ.</strong></span> <span class='ocrx_word' id='word_1_8' title='bbox 497 426 838 527; x_wconf 76' lang='grc' dir='ltr'>Ἀναφανδδν</span> <span class='ocrx_word' id='word_1_9' title='bbox 879 457 936 511; x_wconf 70' lang='grc' dir='ltr'>ὲν</span> <span class='ocrx_word' id='word_1_10' title='bbox 999 475 1206 524; x_wconf 87' lang='grc' dir='ltr'>τουτοις</span> <span class='ocrx_word' id='word_1_11' title='bbox 1249 460 1600 534; x_wconf 83' lang='grc' dir='ltr'>διακηρύττει</span> <span class='ocrx_word' id='word_1_12' title='bbox 1634 461 1821 514; x_wconf 77' lang='grc' dir='ltr'>λοιπὸν</span> 
     </span>
    </p>
   </div>
   <div class='ocr_carea' id='block_1_5' title="bbox 1920 426 3492 534">
    <p class='ocr_par' dir='ltr' id='par_1_5' title="bbox 1994 460 3492 532">
     <span class='ocr_line' id='line_1_5' title="bbox 1994 460 3492 532; baseline 0 -16"><span class='ocrx_word' id='word_1_13' title='bbox 1994 461 2155 520; x_wconf 72' lang='lat' dir='ltr'><strong>LVII.</strong></span> <span class='ocrx_word' id='word_1_14' title='bbox 2186 461 2466 519; x_wconf 77' lang='lat' dir='ltr'><strong>Manifeste</strong></span> <span class='ocrx_word' id='word_1_15' title='bbox 2497 462 2585 518; x_wconf 84' lang='lat' dir='ltr'><strong>his</strong></span> <span class='ocrx_word' id='word_1_16' title='bbox 2628 461 2805 518; x_wconf 80' lang='lat' dir='ltr'><strong>verbis</strong></span> <span class='ocrx_word' id='word_1_17' title='bbox 2834 460 3128 518; x_wconf 70' lang='lat' dir='ltr'><strong>Salvator-is</strong></span> <span class='ocrx_word' id='word_1_18' title='bbox 3151 461 3320 517; x_wconf 86' lang='lat' dir='ltr'><strong>nostri</strong></span> <span class='ocrx_word' id='word_1_19' title='bbox 3351 477 3492 532; x_wconf 66' lang='lat' dir='ltr'><strong>prac-</strong></span> 
     </span>
    </p>
   </div>
   <div class='ocr_carea' id='block_1_6' title="bbox 241 549 1813 621">
    <p class='ocr_par' dir='ltr' id='par_1_6' title="bbox 241 549 1813 621">
     <span class='ocr_line' id='line_1_6' title="bbox 241 549 1813 621; baseline -0.003 -15"><span class='ocrx_word' id='word_1_20' title='bbox 241 549 329 606; x_wconf 77' lang='grc' dir='ltr'>τοῦ</span> <span class='ocrx_word' id='word_1_21' title='bbox 367 549 624 620; x_wconf 80' lang='grc' dir='ltr'><strong>Σωτῆρος</strong></span> <span class='ocrx_word' id='word_1_22' title='bbox 673 549 828 620; x_wconf 77' lang='grc' dir='ltr'>ἡμῶν</span> <span class='ocrx_word' id='word_1_23' title='bbox 862 549 960 621; x_wconf 82' lang='grc' dir='ltr'><strong>τὴν</strong></span> <span class='ocrx_word' id='word_1_24' title='bbox 1010 550 1303 616; x_wconf 74' lang='grc' dir='ltr'><strong>ἀνάδειξιν,</strong></span> <span class='ocrx_word' id='word_1_25' title='bbox 1364 550 1438 614; x_wconf 84' lang='grc' dir='ltr'>ὡς</span> <span class='ocrx_word' id='word_1_26' title='bbox 1486 551 1638 603; x_wconf 74' lang='grc' dir='ltr'>οὐδὲν</span> <span class='ocrx_word' id='word_1_27' title='bbox 1677 551 1813 615; x_wconf 83' lang='grc' dir='ltr'>ὅλως</span> 
     </span>
    </p>
   </div>
   <div class='ocr_carea' id='block_1_7' title="bbox 239 639 1813 714">
    <p class='ocr_par' dir='ltr' id='par_1_7' title="bbox 239 639 1813 714">
     <span class='ocr_line' id='line_1_7' title="bbox 239 639 1813 714; baseline 0.002 -20"><span class='ocrx_word' id='word_1_28' title='bbox 239 639 470 712; x_wconf 74' lang='grc' dir='ltr'>ὁρᾶσθαι</span> <span class='ocrx_word' id='word_1_29' title='bbox 523 640 583 694; x_wconf 86' lang='grc' dir='ltr'><strong>τδ</strong></span> <span class='ocrx_word' id='word_1_30' title='bbox 637 640 814 711; x_wconf 77' lang='grc' dir='ltr'>ἀνιᾷν.</span> <span class='ocrx_word' id='word_1_31' title='bbox 868 642 1093 711; x_wconf 80' lang='grc' dir='ltr'><strong>Χαίρειν</strong></span> <span class='ocrx_word' id='word_1_32' title='bbox 1145 643 1245 713; x_wconf 77' lang='grc' dir='ltr'>μὲν</span> <span class='ocrx_word' id='word_1_33' title='bbox 1291 642 1398 714; x_wconf 82' lang='grc' dir='ltr'>γὰρ</span> <span class='ocrx_word' id='word_1_34' title='bbox 1445 642 1813 713; x_wconf 86' lang='grc' dir='ltr'>προστέταχεν</span> 
     </span>
    </p>
   </div>
   <div class='ocr_carea' id='block_1_8' title="bbox 239 733 1814 806">
    <p class='ocr_par' dir='ltr' id='par_1_8' title="bbox 239 733 1814 806">
     <span class='ocr_line' id='line_1_8' title="bbox 239 733 1814 806; baseline 0.001 -19"><span class='ocrx_word' id='word_1_35' title='bbox 239 733 555 802; x_wconf 78' lang='grc' dir='ltr'><strong>ἀναγκαίως</strong></span> <span class='ocrx_word' id='word_1_36' title='bbox 592 735 658 804; x_wconf 82' lang='grc' dir='ltr'>τῇ</span> <span class='ocrx_word' id='word_1_37' title='bbox 716 737 878 804; x_wconf 83' lang='grc' dir='ltr'>νοητῇ</span> <span class='ocrx_word' id='word_1_38' title='bbox 913 733 1071 800; x_wconf 85' lang='grc' dir='ltr'>Σιὼν,</span> <span class='ocrx_word' id='word_1_39' title='bbox 1109 736 1204 790; x_wconf 81' lang='grc' dir='ltr'>ᾶτε</span> <span class='ocrx_word' id='word_1_40' title='bbox 1225 737 1288 806; x_wconf 81' lang='grc' dir='ltr'>δὴ</span> <span class='ocrx_word' id='word_1_41' title='bbox 1319 738 1415 789; x_wconf 72' lang='grc' dir='ltr'>καὶ</span> <span class='ocrx_word' id='word_1_42' title='bbox 1457 737 1634 804; x_wconf 80' lang='grc' dir='ltr'><strong>πάσης</strong></span> <span class='ocrx_word' id='word_1_43' title='bbox 1657 733 1814 804; x_wconf 78' lang='grc' dir='ltr'>ἡμῶν</span> 
     </span>
    </p>
   </div>
   <div class='ocr_carea' id='block_1_9' title="bbox 240 823 1812 900">
    <p class='ocr_par' dir='ltr' id='par_1_9' title="bbox 240 823 1812 900">
     <span class='ocr_line' id='line_1_9' title="bbox 240 823 1812 900; baseline 0.002 -24"><span class='ocrx_word' id='word_1_44' title='bbox 240 823 539 900; x_wconf 64' lang='grc' dir='ltr'>κατηφείας</span> <span class='ocrx_word' id='word_1_45' title='bbox 567 823 910 896; x_wconf 77' lang='grc' dir='ltr'>ἐξῃρημένης</span> <span class='ocrx_word' id='word_1_46' title='bbox 934 843 948 889; x_wconf 89' lang='grc'>;</span> <span class='ocrx_word' id='word_1_47' title='bbox 976 826 1086 880; x_wconf 81' lang='grc' dir='ltr'><strong>Ποῦ</strong></span> <span class='ocrx_word' id='word_1_48' title='bbox 1117 826 1225 896; x_wconf 73' lang='grc' dir='ltr'>γὰρ</span> <span class='ocrx_word' id='word_1_49' title='bbox 1251 826 1328 880; x_wconf 73' lang='grc' dir='ltr'>ἔτι</span> <span class='ocrx_word' id='word_1_50' title='bbox 1355 827 1413 882; x_wconf 76' lang='grc' dir='ltr'>τὸ</span> <span class='ocrx_word' id='word_1_51' title='bbox 1437 826 1696 894; x_wconf 76' lang='grc' dir='ltr'>κατηφὲς,</span> <span class='ocrx_word' id='word_1_52' title='bbox 1719 828 1812 880; x_wconf 78' lang='grc' dir='ltr'><strong>καὶ</strong></span> 
     </span>
    </p>
   </div>
   <div class='ocr_carea' id='block_1_10' title="bbox 235 915 1812 988">
    <p class='ocr_par' dir='ltr' id='par_1_10' title="bbox 235 915 1812 988">
     <span class='ocr_line' id='line_1_10' title="bbox 235 915 1812 988; baseline 0.001 -20"><span class='ocrx_word' id='word_1_53' title='bbox 235 917 325 968; x_wconf 64' lang='lat' dir='ltr'><strong>ktl.</strong></span> <span class='ocrx_word' id='word_1_54' title='bbox 361 915 508 968; x_wconf 90' lang='grc' dir='ltr'>τίσιν</span> <span class='ocrx_word' id='word_1_55' title='bbox 559 915 623 969; x_wconf 83' lang='grc' dir='ltr'><strong>ἂν</strong></span> <span class='ocrx_word' id='word_1_56' title='bbox 685 915 894 984; x_wconf 85' lang='grc' dir='ltr'>γένοιτο</span> <span class='ocrx_word' id='word_1_57' title='bbox 942 917 1078 988; x_wconf 81' lang='grc' dir='ltr'>πρὸς</span> <span class='ocrx_word' id='word_1_58' title='bbox 1121 917 1276 986; x_wconf 82' lang='grc' dir='ltr'>ἡμῶν</span> <span class='ocrx_word' id='word_1_59' title='bbox 1323 918 1384 970; x_wconf 88' lang='grc' dir='ltr'><strong>τὸ</strong></span> <span class='ocrx_word' id='word_1_60' title='bbox 1447 916 1812 986; x_wconf 75' lang='grc' dir='ltr'><strong>κατοιμώζειν</strong></span> 
     </span>
    </p>
   </div>
   <div class='ocr_carea' id='block_1_11' title="bbox 231 1007 1809 1081">
    <p class='ocr_par' dir='ltr' id='par_1_11' title="bbox 231 1007 1809 1081">
     <span class='ocr_line' id='line_1_11' title="bbox 231 1007 1809 1081; baseline 0 -21"><span class='ocrx_word' id='word_1_61' title='bbox 231 1007 391 1068; x_wconf 73' lang='grc' dir='ltr'>ὅλως,</span> <span class='ocrx_word' id='word_1_62' title='bbox 422 1007 842 1077; x_wconf 83' lang='grc' dir='ltr'>ἀπεληλαμένης</span> <span class='ocrx_word' id='word_1_63' title='bbox 860 1007 958 1077; x_wconf 88' lang='grc' dir='ltr'><strong>τῆς</strong></span> <span class='ocrx_word' id='word_1_64' title='bbox 985 1008 1278 1081; x_wconf 80' lang='grc' dir='ltr'>ἁμαρτίας,</span> <span class='ocrx_word' id='word_1_65' title='bbox 1311 1007 1404 1061; x_wconf 71' lang='grc' dir='ltr'><strong>καὶ</strong></span> <span class='ocrx_word' id='word_1_66' title='bbox 1438 1007 1531 1061; x_wconf 80' lang='grc' dir='ltr'>τοῦ</span> <span class='ocrx_word' id='word_1_67' title='bbox 1579 1007 1809 1062; x_wconf 80' lang='grc' dir='ltr'>θανάτου</span> 
     </span>
    </p>
   </div>
   <div class='ocr_carea' id='block_1_12' title="bbox 233 1098 1812 1170">
    <p class='ocr_par' dir='ltr' id='par_1_12' title="bbox 233 1098 1812 1170">
     <span class='ocr_line' id='line_1_12' title="bbox 233 1098 1812 1170; baseline 0.001 -21"><span class='ocrx_word' id='word_1_68' title='bbox 233 1099 646 1166; x_wconf 79' lang='grc' dir='ltr'>πεπατημένου,</span> <span class='ocrx_word' id='word_1_69' title='bbox 676 1098 1021 1169; x_wconf 83' lang='grc' dir='ltr'>κεκλημένης</span> <span class='ocrx_word' id='word_1_70' title='bbox 1053 1117 1111 1151; x_wconf 91' lang='grc' dir='ltr'><strong>τε</strong></span> <span class='ocrx_word' id='word_1_71' title='bbox 1155 1099 1254 1168; x_wconf 79' lang='grc' dir='ltr'><strong>τῆς</strong></span> <span class='ocrx_word' id='word_1_72' title='bbox 1277 1098 1562 1170; x_wconf 86' lang='grc' dir='ltr'>ἀνθρώπου</span> <span class='ocrx_word' id='word_1_73' title='bbox 1597 1098 1812 1167; x_wconf 82' lang='grc' dir='ltr'>φύσεως</span> 
     </span>
    </p>
   </div>
   <div class='ocr_carea' id='block_1_13' title="bbox 231 1188 1813 1261">
    <p class='ocr_par' dir='ltr' id='par_1_13' title="bbox 231 1188 1813 1261">
     <span class='ocr_line' id='line_1_13' title="bbox 231 1188 1813 1261; baseline 0.001 -21"><span class='ocrx_word' id='word_1_74' title='bbox 231 1189 310 1250; x_wconf 73' lang='grc' dir='ltr'><strong>είς</strong></span> <span class='ocrx_word' id='word_1_75' title='bbox 331 1188 621 1260; x_wconf 80' lang='grc' dir='ltr'>ἐλεύθερον</span> <span class='ocrx_word' id='word_1_76' title='bbox 647 1189 884 1260; x_wconf 78' lang='grc' dir='ltr'>ἀξίωμα,</span> <span class='ocrx_word' id='word_1_77' title='bbox 901 1191 992 1244; x_wconf 74' lang='grc' dir='ltr'>καὶ</span> <span class='ocrx_word' id='word_1_78' title='bbox 1014 1193 1078 1261; x_wconf 77' lang='grc' dir='ltr'>τῇ</span> <span class='ocrx_word' id='word_1_79' title='bbox 1101 1191 1200 1260; x_wconf 88' lang='grc' dir='ltr'><strong>τῆς</strong></span> <span class='ocrx_word' id='word_1_80' title='bbox 1218 1190 1484 1254; x_wconf 76' lang='grc' dir='ltr'>υἱοθεσίας</span> <span class='ocrx_word' id='word_1_81' title='bbox 1511 1205 1813 1260; x_wconf 88' lang='grc' dir='ltr'>κατεστεμ-</span> 
     </span>
    </p>
   </div>
   <div class='ocr_carea' id='block_1_14' title="bbox 234 1280 1810 1353">
    <p class='ocr_par' dir='ltr' id='par_1_14' title="bbox 234 1280 1810 1353">
     <span class='ocr_line' id='line_1_14' title="bbox 234 1280 1810 1353; baseline 0.002 -20"><span class='ocrx_word' id='word_1_82' title='bbox 234 1281 402 1351; x_wconf 85' lang='grc' dir='ltr'>μένης</span> <span class='ocrx_word' id='word_1_83' title='bbox 427 1283 648 1352; x_wconf 75' lang='grc' dir='ltr'>χάριτι,</span> <span class='ocrx_word' id='word_1_84' title='bbox 683 1284 773 1336; x_wconf 69' lang='grc' dir='ltr'>καὶ</span> <span class='ocrx_word' id='word_1_85' title='bbox 812 1286 926 1346; x_wconf 79' lang='grc' dir='ltr'>τοῖς</span> <span class='ocrx_word' id='word_1_86' title='bbox 964 1282 1189 1345; x_wconf 78' lang='grc' dir='ltr'>ἀνωθεν,</span> <span class='ocrx_word' id='word_1_87' title='bbox 1213 1283 1307 1335; x_wconf 72' lang='grc' dir='ltr'><strong>καὶ</strong></span> <span class='ocrx_word' id='word_1_88' title='bbox 1337 1281 1396 1345; x_wconf 76' lang='grc' dir='ltr'><strong>ἐξ</strong></span> <span class='ocrx_word' id='word_1_89' title='bbox 1443 1280 1675 1353; x_wconf 81' lang='grc' dir='ltr'>ούρανοῦ</span> <span class='ocrx_word' id='word_1_90' title='bbox 1709 1298 1810 1352; x_wconf 87' lang='grc' dir='ltr'><strong>χα-</strong></span> 
     </span>
    </p>
   </div>
   <div class='ocr_carea' id='block_1_15' title="bbox 234 1371 1806 1442">
    <p class='ocr_par' dir='ltr' id='par_1_15' title="bbox 234 1371 1806 1442">
     <span class='ocr_line' id='line_1_15' title="bbox 234 1371 1806 1442; baseline 0.003 -22"><span class='ocrx_word' id='word_1_91' title='bbox 234 1371 463 1440; x_wconf 82' lang='grc' dir='ltr'>ρίσμασι</span> <span class='ocrx_word' id='word_1_92' title='bbox 493 1372 1004 1442; x_wconf 87' lang='grc' dir='ltr'>κατηγλαῖσμένης;</span> <span class='ocrx_word' id='word_1_93' title='bbox 1039 1371 1321 1441; x_wconf 83' lang='grc' dir='ltr'>Ἐπιτήρει</span> <span class='ocrx_word' id='word_1_94' title='bbox 1349 1371 1429 1434; x_wconf 82' lang='grc' dir='ltr'><strong>δὲ,</strong></span> <span class='ocrx_word' id='word_1_95' title='bbox 1457 1373 1540 1424; x_wconf 84' lang='grc' dir='ltr'><strong>ὅτι</strong></span> <span class='ocrx_word' id='word_1_96' title='bbox 1579 1371 1677 1441; x_wconf 78' lang='grc' dir='ltr'>τὴν</span> <span class='ocrx_word' id='word_1_97' title='bbox 1711 1371 1806 1424; x_wconf 80' lang='grc' dir='ltr'>τοῦ</span> 
     </span>
    </p>
   </div>
   <div class='ocr_carea' id='block_1_16' title="bbox 231 1461 1809 1532">
    <p class='ocr_par' dir='ltr' id='par_1_16' title="bbox 231 1461 1809 1532">
     <span class='ocr_line' id='line_1_16' title="bbox 231 1461 1809 1532; baseline 0.001 -20"><span class='ocrx_word' id='word_1_98' title='bbox 231 1462 487 1530; x_wconf 76' lang='grc' dir='ltr'>Σωτῆρος</span> <span class='ocrx_word' id='word_1_99' title='bbox 537 1461 698 1530; x_wconf 80' lang='grc' dir='ltr'>ἡμῶν</span> <span class='ocrx_word' id='word_1_100' title='bbox 757 1462 1057 1532; x_wconf 73' lang='grc' dir='ltr'>παρουσίαν</span> <span class='ocrx_word' id='word_1_101' title='bbox 1105 1461 1607 1532; x_wconf 75' lang='grc' dir='ltr'>εὐαγγελιζόμενος,</span> <span class='ocrx_word' id='word_1_102' title='bbox 1649 1461 1809 1524; x_wconf 80' lang='grc' dir='ltr'>εὐθὺς</span> 
     </span>
    </p>
   </div>
   <div class='ocr_carea' id='block_1_17' title="bbox 231 1551 1809 1625">
    <p class='ocr_par' dir='ltr' id='par_1_17' title="bbox 231 1551 1809 1625">
     <span class='ocr_line' id='line_1_17' title="bbox 231 1551 1809 1625; baseline 0.003 -23"><span class='ocrx_word' id='word_1_103' title='bbox 231 1552 506 1622; x_wconf 77' lang='grc' dir='ltr'><strong>θυγατέρα</strong></span> <span class='ocrx_word' id='word_1_104' title='bbox 531 1553 628 1622; x_wconf 77' lang='grc' dir='ltr'>τὴν</span> <span class='ocrx_word' id='word_1_105' title='bbox 658 1551 794 1604; x_wconf 81' lang='grc' dir='ltr'>Σιὼν</span> <span class='ocrx_word' id='word_1_106' title='bbox 825 1554 1106 1607; x_wconf 81' lang='grc' dir='ltr'>ἀποκαλεῖ.</span> <span class='ocrx_word' id='word_1_107' title='bbox 1161 1554 1372 1625; x_wconf 79' lang='grc' dir='ltr'>Σφόδρα</span> <span class='ocrx_word' id='word_1_108' title='bbox 1397 1555 1459 1624; x_wconf 81' lang='grc' dir='ltr'><strong>δὴ</strong></span> <span class='ocrx_word' id='word_1_109' title='bbox 1481 1553 1577 1610; x_wconf 78' lang='grc' dir='ltr'><strong>οὖν</strong></span> <span class='ocrx_word' id='word_1_110' title='bbox 1610 1555 1809 1625; x_wconf 86' lang='grc' dir='ltr'>χρῆναι</span> 
     </span>
    </p>
   </div>
   <div class='ocr_carea' id='block_1_18' title="bbox 231 1637 1808 1714">
    <p class='ocr_par' dir='ltr' id='par_1_18' title="bbox 231 1637 1808 1714">
     <span class='ocr_line' id='line_1_18' title="bbox 231 1637 1808 1714; baseline 0.003 -22"><span class='ocrx_word' id='word_1_111' title='bbox 231 1640 444 1711; x_wconf 76' lang='grc' dir='ltr'>χαίρειν</span> <span class='ocrx_word' id='word_1_112' title='bbox 473 1641 642 1712; x_wconf 81' lang='grc' dir='ltr'>αὐτὴν</span> <span class='ocrx_word' id='word_1_113' title='bbox 677 1637 735 1695; x_wconf 77' lang='grc' dir='ltr'>εὖ</span> <span class='ocrx_word' id='word_1_114' title='bbox 789 1643 932 1712; x_wconf 87' lang='grc' dir='ltr'>μάλα</span> <span class='ocrx_word' id='word_1_115' title='bbox 988 1643 1378 1712; x_wconf 87' lang='grc' dir='ltr'>προστέταχεν,</span> <span class='ocrx_word' id='word_1_116' title='bbox 1417 1643 1808 1714; x_wconf 79' lang='grc' dir='ltr'>ἀνακηρύττειν</span> 
     </span>
    </p>
   </div>
   <div class='ocr_carea' id='block_1_19' title="bbox 231 1734 1805 1804">
    <p class='ocr_par' dir='ltr' id='par_1_19' title="bbox 231 1734 1805 1804">
     <span class='ocr_line' id='line_1_19' title="bbox 231 1734 1805 1804; baseline 0.001 -20"><span class='ocrx_word' id='word_1_117' title='bbox 231 1749 287 1784; x_wconf 84' lang='grc' dir='ltr'><strong>τε</strong></span> <span class='ocrx_word' id='word_1_118' title='bbox 322 1735 612 1804; x_wconf 79' lang='grc' dir='ltr'>παρεγγυᾷ</span> <span class='ocrx_word' id='word_1_119' title='bbox 636 1735 699 1804; x_wconf 79' lang='grc' dir='ltr'>τῇ</span> <span class='ocrx_word' id='word_1_120' title='bbox 742 1734 1115 1804; x_wconf 82' lang='grc' dir='ltr'>Ἰερουσαλὴμ,</span> <span class='ocrx_word' id='word_1_121' title='bbox 1147 1734 1221 1795; x_wconf 82' lang='grc' dir='ltr'>ὡς</span> <span class='ocrx_word' id='word_1_122' title='bbox 1244 1734 1345 1804; x_wconf 74' lang='grc' dir='ltr'>ἤδη</span> <span class='ocrx_word' id='word_1_123' title='bbox 1379 1735 1668 1802; x_wconf 82' lang='grc' dir='ltr'>παρέσται,</span> <span class='ocrx_word' id='word_1_124' title='bbox 1712 1736 1805 1789; x_wconf 72' lang='grc' dir='ltr'><strong>καὶ</strong></span> 
     </span>
    </p>
   </div>
   <div class='ocr_carea' id='block_1_20' title="bbox 1916 552 3492 622">
    <p class='ocr_par' dir='ltr' id='par_1_20' title="bbox 1916 552 3492 622">
     <span class='ocr_line' id='line_1_20' title="bbox 1916 552 3492 622; baseline 0.001 -16"><span class='ocrx_word' id='word_1_125' title='bbox 1916 552 2142 607; x_wconf 76' lang='lat' dir='ltr'><strong>sentiam</strong></span> <span class='ocrx_word' id='word_1_126' title='bbox 2177 553 2435 622; x_wconf 81' lang='lat' dir='ltr'><strong>deinceps</strong></span> <span class='ocrx_word' id='word_1_127' title='bbox 2487 553 2808 622; x_wconf 77' lang='lat' dir='ltr'><strong>promulgat,</strong></span> <span class='ocrx_word' id='word_1_128' title='bbox 2865 562 2924 607; x_wconf 92' lang='lat' dir='ltr'><strong>ut</strong></span> <span class='ocrx_word' id='word_1_129' title='bbox 2969 552 3204 608; x_wconf 69' lang='lat' dir='ltr'><strong>tristitiae</strong></span> <span class='ocrx_word' id='word_1_130' title='bbox 3271 553 3492 609; x_wconf 83' lang='lat' dir='ltr'><strong>relictus</strong></span> 
     </span>
    </p>
   </div>
   <div class='ocr_carea' id='block_1_21' title="bbox 1918 639 3487 699">
    <p class='ocr_par' dir='ltr' id='par_1_21' title="bbox 1918 639 3487 699">
     <span class='ocr_line' id='line_1_21' title="bbox 1918 639 3487 699; baseline 0 -4"><span class='ocrx_word' id='word_1_131' title='bbox 1918 639 2066 696; x_wconf 85' lang='lat' dir='ltr'><strong>locus</strong></span> <span class='ocrx_word' id='word_1_132' title='bbox 2099 643 2317 698; x_wconf 87' lang='lat' dir='ltr'><strong>omnino</strong></span> <span class='ocrx_word' id='word_1_133' title='bbox 2348 643 2523 698; x_wconf 90' lang='lat' dir='ltr'><strong>nullus</strong></span> <span class='ocrx_word' id='word_1_134' title='bbox 2568 645 2834 699; x_wconf 88' lang='lat' dir='ltr'><strong>videatur.</strong></span> <span class='ocrx_word' id='word_1_135' title='bbox 2868 642 3030 698; x_wconf 85' lang='lat' dir='ltr'><strong>.Iubet</strong></span> <span class='ocrx_word' id='word_1_136' title='bbox 3074 644 3216 698; x_wconf 91' lang='lat' dir='ltr'><strong>enim</strong></span> <span class='ocrx_word' id='word_1_137' title='bbox 3270 642 3487 698; x_wconf 84' lang='lat' dir='ltr'><strong>Sioncm</strong></span> 
     </span>
    </p>
   </div>
   <div class='ocr_carea' id='block_1_22' title="bbox 1915 731 3490 804">
    <p class='ocr_par' dir='ltr' id='par_1_22' title="bbox 1915 731 3490 804">
     <span class='ocr_line' id='line_1_22' title="bbox 1915 731 3490 804; baseline 0.003 -22"><span class='ocrx_word' id='word_1_138' title='bbox 1915 743 2033 799; x_wconf 68' lang='lat' dir='ltr'><strong>qua:</strong></span> <span class='ocrx_word' id='word_1_139' title='bbox 2081 731 2394 803; x_wconf 76' lang='lat' dir='ltr'><strong>intelligitur</strong></span> <span class='ocrx_word' id='word_1_140' title='bbox 2429 734 2662 804; x_wconf 87' lang='lat' dir='ltr'><strong>gaudere</strong></span> <span class='ocrx_word' id='word_1_141' title='bbox 2695 734 2859 800; x_wconf 88' lang='lat' dir='ltr'><strong>serio,</strong></span> <span class='ocrx_word' id='word_1_142' title='bbox 2886 733 3047 787; x_wconf 88' lang='lat' dir='ltr'><strong>veluti</strong></span> <span class='ocrx_word' id='word_1_143' title='bbox 3097 733 3242 792; x_wconf 89' lang='lat' dir='ltr'><strong>omni</strong></span> <span class='ocrx_word' id='word_1_144' title='bbox 3291 747 3490 788; x_wconf 66' lang='lat' dir='ltr'><strong>nia-aro-</strong></span> 
     </span>
    </p>
   </div>
   <div class='ocr_carea' id='block_1_23' title="bbox 1917 823 3487 891">
    <p class='ocr_par' dir='ltr' id='par_1_23' title="bbox 1917 823 3487 891">
     <span class='ocr_line' id='line_1_23' title="bbox 1917 823 3487 891; baseline -0.002 -17"><span class='ocrx_word' id='word_1_145' title='bbox 1917 835 1976 875; x_wconf 85' lang='lat' dir='ltr'><strong>rc</strong></span> <span class='ocrx_word' id='word_1_146' title='bbox 2023 832 2209 876; x_wconf 91' lang='lat' dir='ltr'><strong>nostro</strong></span> <span class='ocrx_word' id='word_1_147' title='bbox 2241 823 2525 891; x_wconf 87' lang='lat' dir='ltr'><strong>dissipato.</strong></span> <span class='ocrx_word' id='word_1_148' title='bbox 2554 823 2662 877; x_wconf 88' lang='lat' dir='ltr'><strong>Cur</strong></span> <span class='ocrx_word' id='word_1_149' title='bbox 2710 823 2852 876; x_wconf 90' lang='lat' dir='ltr'><strong>enim</strong></span> <span class='ocrx_word' id='word_1_150' title='bbox 2883 823 3059 876; x_wconf 91' lang='lat' dir='ltr'><strong>adhuc</strong></span> <span class='ocrx_word' id='word_1_151' title='bbox 3121 834 3446 875; x_wconf 83' lang='lat' dir='ltr'><strong>ruoereamus</strong></span> <span class='ocrx_word' id='word_1_152' title='bbox 3472 859 3487 883; x_wconf 89' lang='lat'><strong>,</strong></span> 
     </span>
    </p>
   </div>
   <div class='ocr_carea' id='block_1_24' title="bbox 1914 913 3486 984">
    <p class='ocr_par' dir='ltr' id='par_1_24' title="bbox 1914 913 3486 984">
     <span class='ocr_line' id='line_1_24' title="bbox 1914 913 3486 984; baseline 0.001 -20"><span class='ocrx_word' id='word_1_153' title='bbox 1914 920 2006 965; x_wconf 90' lang='lat' dir='ltr'><strong>aut</strong></span> <span class='ocrx_word' id='word_1_154' title='bbox 2051 913 2177 981; x_wconf 90' lang='lat' dir='ltr'><strong>quid</strong></span> <span class='ocrx_word' id='word_1_155' title='bbox 2219 927 2399 968; x_wconf 90' lang='lat' dir='ltr'><strong>rerum</strong></span> <span class='ocrx_word' id='word_1_156' title='bbox 2459 924 2765 968; x_wconf 81' lang='lat' dir='ltr'><strong>nostrarum</strong></span> <span class='ocrx_word' id='word_1_157' title='bbox 2842 913 3055 969; x_wconf 81' lang='lat' dir='ltr'><strong>tandem</strong></span> <span class='ocrx_word' id='word_1_158' title='bbox 3107 913 3486 984; x_wconf 86' lang='lat' dir='ltr'><strong>deploremus,</strong></span> 
     </span>
    </p>
   </div>
   <div class='ocr_carea' id='block_1_25' title="bbox 1914 1005 3490 1072">
    <p class='ocr_par' dir='ltr' id='par_1_25' title="bbox 1914 1005 3490 1072">
     <span class='ocr_line' id='line_1_25' title="bbox 1914 1005 3490 1072; baseline 0.003 -17"><span class='ocrx_word' id='word_1_159' title='bbox 1914 1014 2134 1072; x_wconf 90' lang='lat' dir='ltr'><strong>peccato</strong></span> <span class='ocrx_word' id='word_1_160' title='bbox 2159 1005 2400 1072; x_wconf 91' lang='lat' dir='ltr'><strong>depulso,</strong></span> <span class='ocrx_word' id='word_1_161' title='bbox 2436 1005 2748 1060; x_wconf 84' lang='lat' dir='ltr'><strong>conculcata</strong></span> <span class='ocrx_word' id='word_1_162' title='bbox 2780 1013 2970 1070; x_wconf 87' lang='lat' dir='ltr'><strong>morte,</strong></span> <span class='ocrx_word' id='word_1_163' title='bbox 2995 1013 3050 1059; x_wconf 88' lang='lat' dir='ltr'><strong>et</strong></span> <span class='ocrx_word' id='word_1_164' title='bbox 3097 1006 3332 1060; x_wconf 90' lang='lat' dir='ltr'><strong>humana</strong></span> <span class='ocrx_word' id='word_1_165' title='bbox 3394 1021 3490 1060; x_wconf 86' lang='lat' dir='ltr'><strong>na—</strong></span> 
     </span>
    </p>
   </div>
   <div class='ocr_carea' id='block_1_26' title="bbox 1916 1093 3492 1169">
    <p class='ocr_par' dir='ltr' id='par_1_26' title="bbox 1916 1093 3492 1169">
     <span class='ocr_line' id='line_1_26' title="bbox 1916 1093 3492 1169; baseline 0.004 -24"><span class='ocrx_word' id='word_1_166' title='bbox 1916 1102 2033 1146; x_wconf 87' lang='lat' dir='ltr'><strong>tura</strong></span> <span class='ocrx_word' id='word_1_167' title='bbox 2072 1093 2137 1147; x_wconf 91' lang='lat' dir='ltr'><strong>ad</strong></span> <span class='ocrx_word' id='word_1_168' title='bbox 2164 1093 2466 1148; x_wconf 86' lang='lat' dir='ltr'><strong>libertatem</strong></span> <span class='ocrx_word' id='word_1_169' title='bbox 2494 1102 2548 1148; x_wconf 91' lang='lat' dir='ltr'><strong>et</strong></span> <span class='ocrx_word' id='word_1_170' title='bbox 2597 1093 2761 1165; x_wconf 77' lang='lat'><strong>736</strong></span> <span class='ocrx_word' id='word_1_171' title='bbox 2803 1095 3114 1164; x_wconf 85' lang='lat' dir='ltr'><strong>dignitatem</strong></span> <span class='ocrx_word' id='word_1_172' title='bbox 3171 1107 3382 1164; x_wconf 79' lang='lat' dir='ltr'><strong>vocata,</strong></span> <span class='ocrx_word' id='word_1_173' title='bbox 3416 1108 3492 1169; x_wconf 85' lang='lat' dir='ltr'><strong>_et</strong></span> 
     </span>
    </p>
   </div>
   <div class='ocr_carea' id='block_1_27' title="bbox 1913 1181 3493 1252">
    <p class='ocr_par' dir='ltr' id='par_1_27' title="bbox 1913 1181 3493 1252">
     <span class='ocr_line' id='line_1_27' title="bbox 1913 1181 3493 1252; baseline 0 -16"><span class='ocrx_word' id='word_1_174' title='bbox 1913 1181 2084 1251; x_wconf 85' lang='lat' dir='ltr'><strong>gratia</strong></span> <span class='ocrx_word' id='word_1_175' title='bbox 2111 1183 2418 1252; x_wconf 81' lang='lat' dir='ltr'><strong>adaptionis</strong></span> <span class='ocrx_word' id='word_1_176' title='bbox 2453 1184 2687 1238; x_wconf 80' lang='lat' dir='ltr'><strong>ﬁliorum</strong></span> <span class='ocrx_word' id='word_1_177' title='bbox 2717 1184 2761 1215; x_wconf 84' lang='lat'><strong>&quot;</strong></span> <span class='ocrx_word' id='word_1_178' title='bbox 2789 1183 3173 1248; x_wconf 86' lang='lat' dir='ltr'><strong>condecorata,</strong></span> <span class='ocrx_word' id='word_1_179' title='bbox 3215 1183 3493 1252; x_wconf 84' lang='lat' dir='ltr'><strong>supernis-</strong></span> 
     </span>
    </p>
   </div>
   <div class='ocr_carea' id='block_1_28' title="bbox 1913 1271 3488 1340">
    <p class='ocr_par' dir='ltr' id='par_1_28' title="bbox 1913 1271 3488 1340">
     <span class='ocr_line' id='line_1_28' title="bbox 1913 1271 3488 1340; baseline 0.001 -16"><span class='ocrx_word' id='word_1_180' title='bbox 1913 1285 2017 1340; x_wconf 91' lang='lat' dir='ltr'><strong>que</strong></span> <span class='ocrx_word' id='word_1_181' title='bbox 2060 1286 2125 1326; x_wconf 90' lang='lat' dir='ltr'><strong>ac</strong></span> <span class='ocrx_word' id='word_1_182' title='bbox 2147 1273 2462 1328; x_wconf 67' lang='lat' dir='ltr'><strong>caelestibus</strong></span> <span class='ocrx_word' id='word_1_183' title='bbox 2497 1273 2846 1328; x_wconf 88' lang='lat' dir='ltr'><strong>charismatis</strong></span> <span class='ocrx_word' id='word_1_184' title='bbox 2897 1271 3212 1328; x_wconf 82' lang='lat' dir='ltr'><strong>illustrata?</strong></span> <span class='ocrx_word' id='word_1_185' title='bbox 3250 1273 3488 1327; x_wconf 75' lang='lat' dir='ltr'><strong>Observa</strong></span> 
     </span>
    </p>
   </div>
   <div class='ocr_carea' id='block_1_29' title="bbox 1913 1363 3488 1434">
    <p class='ocr_par' dir='ltr' id='par_1_29' title="bbox 1913 1363 3488 1434">
     <span class='ocr_line' id='line_1_29' title="bbox 1913 1363 3488 1434; baseline 0 -17"><span class='ocrx_word' id='word_1_186' title='bbox 1913 1377 2095 1428; x_wconf 88' lang='lat' dir='ltr'><strong>porro,</strong></span> <span class='ocrx_word' id='word_1_187' title='bbox 2123 1379 2244 1419; x_wconf 91' lang='lat' dir='ltr'><strong>eum</strong></span> <span class='ocrx_word' id='word_1_188' title='bbox 2281 1363 2576 1419; x_wconf 84' lang='lat' dir='ltr'><strong>Salvatoris</strong></span> <span class='ocrx_word' id='word_1_189' title='bbox 2631 1366 2802 1420; x_wconf 88' lang='lat' dir='ltr'><strong>nostri</strong></span> <span class='ocrx_word' id='word_1_190' title='bbox 2867 1365 3155 1419; x_wconf 85' lang='lat' dir='ltr'><strong>adventum</strong></span> <span class='ocrx_word' id='word_1_191' title='bbox 3204 1365 3488 1434; x_wconf 86' lang='lat' dir='ltr'><strong>evangeli-</strong></span> 
     </span>
    </p>
   </div>
   <div class='ocr_carea' id='block_1_30' title="bbox 1914 1455 3490 1524">
    <p class='ocr_par' dir='ltr' id='par_1_30' title="bbox 1914 1455 3490 1524">
     <span class='ocr_line' id='line_1_30' title="bbox 1914 1455 3490 1524; baseline 0.003 -18"><span class='ocrx_word' id='word_1_192' title='bbox 1914 1465 2148 1522; x_wconf 85' lang='lat' dir='ltr'><strong>zantem,</strong></span> <span class='ocrx_word' id='word_1_193' title='bbox 2183 1457 2366 1510; x_wconf 84' lang='lat' dir='ltr'><strong>statim</strong></span> <span class='ocrx_word' id='word_1_194' title='bbox 2397 1455 2526 1511; x_wconf 91' lang='lat' dir='ltr'><strong>Sion</strong></span> <span class='ocrx_word' id='word_1_195' title='bbox 2555 1456 2716 1511; x_wconf 76' lang='lat' dir='ltr'><strong>tiliam</strong></span> <span class='ocrx_word' id='word_1_196' title='bbox 2753 1457 3054 1510; x_wconf 88' lang='lat' dir='ltr'><strong>nominare.</strong></span> <span class='ocrx_word' id='word_1_197' title='bbox 3099 1457 3278 1522; x_wconf 79' lang='lat' dir='ltr'><strong>Quare</strong></span> <span class='ocrx_word' id='word_1_198' title='bbox 3306 1456 3490 1524; x_wconf 85' lang='lat' dir='ltr'><strong>justis-</strong></span> 
     </span>
    </p>
   </div>
   <div class='ocr_carea' id='block_1_31' title="bbox 1913 1547 3488 1617">
    <p class='ocr_par' dir='ltr' id='par_1_31' title="bbox 1913 1547 3488 1617">
     <span class='ocr_line' id='line_1_31' title="bbox 1913 1547 3488 1617; baseline 0.001 -16"><span class='ocrx_word' id='word_1_199' title='bbox 1913 1547 2050 1601; x_wconf 89' lang='lat' dir='ltr'><strong>sime</strong></span> <span class='ocrx_word' id='word_1_200' title='bbox 2081 1547 2248 1615; x_wconf 87' lang='lat' dir='ltr'><strong>ipsam</strong></span> <span class='ocrx_word' id='word_1_201' title='bbox 2279 1547 2536 1614; x_wconf 84' lang='lat' dir='ltr'><strong>majorem</strong></span> <span class='ocrx_word' id='word_1_202' title='bbox 2570 1549 2622 1602; x_wconf 91' lang='lat' dir='ltr'><strong>in</strong></span> <span class='ocrx_word' id='word_1_203' title='bbox 2668 1548 2882 1613; x_wconf 87' lang='lat' dir='ltr'><strong>modum</strong></span> <span class='ocrx_word' id='word_1_204' title='bbox 2941 1548 3180 1616; x_wconf 81' lang='lat' dir='ltr'><strong>gaudere</strong></span> <span class='ocrx_word' id='word_1_205' title='bbox 3217 1548 3393 1617; x_wconf 88' lang='lat' dir='ltr'><strong>jubet,</strong></span> <span class='ocrx_word' id='word_1_206' title='bbox 3436 1559 3488 1603; x_wconf 89' lang='lat' dir='ltr'><strong>ct</strong></span> 
     </span>
    </p>
   </div>
   <div class='ocr_carea' id='block_1_32' title="bbox 1912 1638 3488 1708">
    <p class='ocr_par' dir='ltr' id='par_1_32' title="bbox 1912 1638 3488 1708">
     <span class='ocr_line' id='line_1_32' title="bbox 1912 1638 3488 1708; baseline 0.002 -16"><span class='ocrx_word' id='word_1_207' title='bbox 1912 1639 2232 1693; x_wconf 82' lang='lat' dir='ltr'><strong>annnntiare</strong></span> <span class='ocrx_word' id='word_1_208' title='bbox 2253 1638 2546 1695; x_wconf 84' lang='lat' dir='ltr'><strong>Jerusalem</strong></span> <span class='ocrx_word' id='word_1_209' title='bbox 2573 1640 2838 1706; x_wconf 90' lang='lat' dir='ltr'><strong>hortatur,</strong></span> <span class='ocrx_word' id='word_1_210' title='bbox 2863 1641 2972 1708; x_wconf 87' lang='lat' dir='ltr'><strong>jam</strong></span> <span class='ocrx_word' id='word_1_211' title='bbox 2997 1638 3326 1703; x_wconf 82' lang='lat' dir='ltr'><strong>adfuturum,</strong></span> <span class='ocrx_word' id='word_1_212' title='bbox 3349 1648 3403 1694; x_wconf 93' lang='lat' dir='ltr'><strong>ct</strong></span> <span class='ocrx_word' id='word_1_213' title='bbox 3433 1641 3488 1695; x_wconf 88' lang='lat' dir='ltr'><strong>in</strong></span> 
     </span>
    </p>
   </div>
   <div class='ocr_carea' id='block_1_33' title="bbox 1913 1731 3488 1802">
    <p class='ocr_par' dir='ltr' id='par_1_33' title="bbox 1913 1731 3488 1802">
     <span class='ocr_line' id='line_1_33' title="bbox 1913 1731 3488 1802; baseline 0.001 -19"><span class='ocrx_word' id='word_1_214' title='bbox 1913 1745 2080 1784; x_wconf 89' lang='lat' dir='ltr'><strong>carne</strong></span> <span class='ocrx_word' id='word_1_215' title='bbox 2114 1733 2484 1800; x_wconf 81' lang='lat' dir='ltr'><strong>appariturum</strong></span> <span class='ocrx_word' id='word_1_216' title='bbox 2520 1746 2700 1802; x_wconf 80' lang='lat' dir='ltr'><strong>regem</strong></span> <span class='ocrx_word' id='word_1_217' title='bbox 2733 1747 2910 1795; x_wconf 92' lang='lat' dir='ltr'><strong>suum,</strong></span> <span class='ocrx_word' id='word_1_218' title='bbox 2955 1731 3161 1799; x_wconf 86' lang='lat' dir='ltr'><strong>justum</strong></span> <span class='ocrx_word' id='word_1_219' title='bbox 3198 1740 3252 1787; x_wconf 88' lang='lat' dir='ltr'><strong>et</strong></span> <span class='ocrx_word' id='word_1_220' title='bbox 3299 1731 3488 1786; x_wconf 86' lang='lat' dir='ltr'><strong>Salva-</strong></span> 
     </span>
    </p>
   </div>
   <div class='ocr_carea' id='block_1_34' title="bbox 230 1803 1831 1896">
    <p class='ocr_par' dir='ltr' id='par_1_34' title="bbox 230 1825 1811 1896">
     <span class='ocr_line' id='line_1_34' title="bbox 230 1825 1811 1896; baseline 0.001 -18"><span class='ocrx_word' id='word_1_221' title='bbox 230 1825 680 1894; x_wconf 76' lang='grc' dir='ltr'>ὰναδειχθήσεται</span> <span class='ocrx_word' id='word_1_222' title='bbox 732 1825 871 1894; x_wconf 73' lang='grc' dir='ltr'>μετὰ</span> <span class='ocrx_word' id='word_1_223' title='bbox 911 1825 1110 1895; x_wconf 79' lang='grc' dir='ltr'>σαρκὸς</span> <span class='ocrx_word' id='word_1_224' title='bbox 1158 1827 1185 1877; x_wconf 98' lang='lat'><strong>6</strong></span> <span class='ocrx_word' id='word_1_225' title='bbox 1232 1825 1484 1894; x_wconf 77' lang='grc' dir='ltr'>βασιλεὺς</span> <span class='ocrx_word' id='word_1_226' title='bbox 1512 1825 1704 1896; x_wconf 75' lang='grc' dir='ltr'>αὐτῆς,</span> <span class='ocrx_word' id='word_1_227' title='bbox 1736 1826 1811 1879; x_wconf 90' lang='grc' dir='ltr'>δί-</span> 
     </span>
    </p>
   </div>
   <div class='ocr_carea' id='block_1_35' title="bbox 1920 1803 3488 1896">
    <p class='ocr_par' dir='ltr' id='par_1_35' title="bbox 1920 1823 3488 1886">
     <span class='ocr_line' id='line_1_35' title="bbox 1920 1823 3488 1886; baseline -0.001 -8"><span class='ocrx_word' id='word_1_228' title='bbox 1920 1833 2108 1878; x_wconf 88' lang='lat' dir='ltr'><strong>lorem.</strong></span> <span class='ocrx_word' id='word_1_229' title='bbox 2145 1823 2466 1879; x_wconf 83' lang='lat' dir='ltr'><strong>Justiiicavit</strong></span> <span class='ocrx_word' id='word_1_230' title='bbox 2493 1827 2634 1880; x_wconf 90' lang='lat' dir='ltr'><strong>enim</strong></span> <span class='ocrx_word' id='word_1_231' title='bbox 2665 1840 2761 1881; x_wconf 91' lang='lat' dir='ltr'><strong>nos</strong></span> <span class='ocrx_word' id='word_1_232' title='bbox 2791 1827 2843 1880; x_wconf 92' lang='lat' dir='ltr'><strong>in</strong></span> <span class='ocrx_word' id='word_1_233' title='bbox 2906 1825 3008 1880; x_wconf 80' lang='lat' dir='ltr'><strong>[ide</strong></span> <span class='ocrx_word' id='word_1_234' title='bbox 3052 1825 3296 1879; x_wconf 86' lang='lat' dir='ltr'><strong>Christus</strong></span> <span class='ocrx_word' id='word_1_235' title='bbox 3319 1825 3386 1886; x_wconf 80' lang='grc'><strong>⁸⁸,</strong></span> <span class='ocrx_word' id='word_1_236' title='bbox 3434 1836 3488 1878; x_wconf 91' lang='lat' dir='ltr'><strong>et</strong></span> 
     </span>
    </p>
   </div>
   <div class='ocr_carea' id='block_1_36' title="bbox 233 1914 1809 1987">
    <p class='ocr_par' dir='ltr' id='par_1_36' title="bbox 233 1914 1809 1987">
     <span class='ocr_line' id='line_1_36' title="bbox 233 1914 1809 1987; baseline 0.004 -21"><span class='ocrx_word' id='word_1_237' title='bbox 233 1932 406 1976; x_wconf 81' lang='grc' dir='ltr'>καιος,</span> <span class='ocrx_word' id='word_1_238' title='bbox 444 1917 540 1967; x_wconf 78' lang='grc' dir='ltr'>καὶ</span> <span class='ocrx_word' id='word_1_239' title='bbox 593 1914 797 1970; x_wconf 73' lang='grc' dir='ltr'>σώζων.</span> <span class='ocrx_word' id='word_1_240' title='bbox 837 1915 1167 1968; x_wconf 87' lang='grc' dir='ltr'>Δεδικαίωκε</span> <span class='ocrx_word' id='word_1_241' title='bbox 1217 1917 1326 1987; x_wconf 79' lang='grc' dir='ltr'>γὰρ</span> <span class='ocrx_word' id='word_1_242' title='bbox 1354 1919 1503 1987; x_wconf 78' lang='grc' dir='ltr'>ἡμᾶς</span> <span class='ocrx_word' id='word_1_243' title='bbox 1542 1920 1598 1971; x_wconf 84' lang='grc' dir='ltr'>ἐν</span> <span class='ocrx_word' id='word_1_244' title='bbox 1627 1919 1809 1972; x_wconf 86' lang='grc' dir='ltr'>πίστει</span> 
     </span>
    </p>
   </div>
   <div class='ocr_carea' id='block_1_37' title="bbox 231 2003 1810 2082">
    <p class='ocr_par' dir='ltr' id='par_1_37' title="bbox 231 2003 1810 2082">
     <span class='ocr_line' id='line_1_37' title="bbox 231 2003 1810 2082; baseline 0.003 -23"><span class='ocrx_word' id='word_1_245' title='bbox 231 2007 486 2076; x_wconf 66' lang='grc' dir='ltr'>Χριστὸς,</span> <span class='ocrx_word' id='word_1_246' title='bbox 522 2007 614 2057; x_wconf 77' lang='grc' dir='ltr'>καὶ</span> <span class='ocrx_word' id='word_1_247' title='bbox 642 2003 740 2075; x_wconf 83' lang='grc' dir='ltr'>τὴν</span> <span class='ocrx_word' id='word_1_248' title='bbox 789 2006 886 2076; x_wconf 85' lang='grc' dir='ltr'><strong>τῆς</strong></span> <span class='ocrx_word' id='word_1_249' title='bbox 942 2007 1215 2077; x_wconf 77' lang='grc' dir='ltr'>σωτηρίας</span> <span class='ocrx_word' id='word_1_250' title='bbox 1245 2009 1567 2078; x_wconf 86' lang='grc' dir='ltr'>κατευρύνει</span> <span class='ocrx_word' id='word_1_251' title='bbox 1626 2011 1810 2082; x_wconf 89' lang='grc' dir='ltr'>τρίϐον</span> 
     </span>
    </p>
   </div>
   <div class='ocr_carea' id='block_1_38' title="bbox 231 2093 1812 2169">
    <p class='ocr_par' dir='ltr' id='par_1_38' title="bbox 231 2093 1812 2169">
     <span class='ocr_line' id='line_1_38' title="bbox 231 2093 1812 2169; baseline 0.003 -22"><span class='ocrx_word' id='word_1_252' title='bbox 231 2097 339 2157; x_wconf 84' lang='grc' dir='ltr'>τοῖς</span> <span class='ocrx_word' id='word_1_253' title='bbox 405 2093 720 2165; x_wconf 77' lang='grc' dir='ltr'>προσιοῦσιν</span> <span class='ocrx_word' id='word_1_254' title='bbox 775 2094 941 2164; x_wconf 73' lang='grc' dir='ltr'>αὐτῷ.</span> <span class='ocrx_word' id='word_1_255' title='bbox 1003 2097 1160 2149; x_wconf 83' lang='grc' dir='ltr'>Ἔστι</span> <span class='ocrx_word' id='word_1_256' title='bbox 1196 2097 1252 2149; x_wconf 74' lang='grc' dir='ltr'>δὲ</span> <span class='ocrx_word' id='word_1_257' title='bbox 1299 2098 1433 2169; x_wconf 73' lang='grc' dir='ltr'>πρὸς</span> <span class='ocrx_word' id='word_1_258' title='bbox 1481 2097 1686 2161; x_wconf 82' lang='grc' dir='ltr'>τούτοις</span> <span class='ocrx_word' id='word_1_259' title='bbox 1718 2101 1812 2152; x_wconf 76' lang='grc' dir='ltr'><strong>καὶ</strong></span> 
     </span>
    </p>
   </div>
   <div class='ocr_carea' id='block_1_39' title="bbox 233 2187 1812 2260">
    <p class='ocr_par' dir='ltr' id='par_1_39' title="bbox 233 2187 1812 2260">
     <span class='ocr_line' id='line_1_39' title="bbox 233 2187 1812 2260; baseline 0.008 -22"><span class='ocrx_word' id='word_1_260' title='bbox 233 2189 426 2256; x_wconf 77' lang='grc' dir='ltr'>πρᾶος,</span> <span class='ocrx_word' id='word_1_261' title='bbox 480 2188 540 2238; x_wconf 82' lang='grc' dir='ltr'><strong>ού</strong></span> <span class='ocrx_word' id='word_1_262' title='bbox 577 2187 804 2259; x_wconf 81' lang='grc' dir='ltr'>νομικὴν</span> <span class='ocrx_word' id='word_1_263' title='bbox 840 2189 1163 2259; x_wconf 78' lang='grc' dir='ltr'>προσφέρων</span> <span class='ocrx_word' id='word_1_264' title='bbox 1205 2190 1528 2260; x_wconf 84' lang='grc' dir='ltr'>ἀποτομίαν,</span> <span class='ocrx_word' id='word_1_265' title='bbox 1557 2195 1674 2247; x_wconf 75' lang='grc' dir='ltr'>οὐδὲ</span> <span class='ocrx_word' id='word_1_266' title='bbox 1718 2196 1812 2250; x_wconf 85' lang='grc' dir='ltr'>θα·-</span> 
     </span>
    </p>
   </div>
   <div class='ocr_carea' id='block_1_40' title="bbox 233 2277 1808 2357">
    <p class='ocr_par' dir='ltr' id='par_1_40' title="bbox 233 2277 1808 2357">
     <span class='ocr_line' id='line_1_40' title="bbox 233 2277 1808 2357; baseline 0.008 -30"><span class='ocrx_word' id='word_1_267' title='bbox 233 2277 375 2346; x_wconf 83' lang='grc' dir='ltr'>νάτῳ</span> <span class='ocrx_word' id='word_1_268' title='bbox 416 2278 828 2348; x_wconf 86' lang='grc' dir='ltr'>τιμωρούμενος</span> <span class='ocrx_word' id='word_1_269' title='bbox 884 2281 1009 2342; x_wconf 74' lang='grc' dir='ltr'>τοὺς</span> <span class='ocrx_word' id='word_1_270' title='bbox 1065 2279 1500 2350; x_wconf 78' lang='grc' dir='ltr'>παραϐαίνοντας</span> <span class='ocrx_word' id='word_1_271' title='bbox 1552 2287 1808 2357; x_wconf 75' lang='grc' dir='ltr'>ἐντολὴν,</span> 
     </span>
    </p>
   </div>
   <div class='ocr_carea' id='block_1_41' title="bbox 237 2367 1812 2445">
    <p class='ocr_par' dir='ltr' id='par_1_41' title="bbox 237 2367 1812 2445">
     <span class='ocr_line' id='line_1_41' title="bbox 237 2367 1812 2445; baseline 0.008 -25"><span class='ocrx_word' id='word_1_272' title='bbox 237 2367 424 2431; x_wconf 72' lang='grc' dir='ltr'>σώζων</span> <span class='ocrx_word' id='word_1_273' title='bbox 448 2369 504 2420; x_wconf 83' lang='grc' dir='ltr'>δὲ</span> <span class='ocrx_word' id='word_1_274' title='bbox 542 2369 743 2439; x_wconf 85' lang='grc' dir='ltr'>μᾶλλον</span> <span class='ocrx_word' id='word_1_275' title='bbox 795 2370 854 2434; x_wconf 81' lang='grc' dir='ltr'><strong>ἐξ</strong></span> <span class='ocrx_word' id='word_1_276' title='bbox 897 2371 1372 2441; x_wconf 74' lang='grc' dir='ltr'>ήμερότητος,καὶ</span> <span class='ocrx_word' id='word_1_277' title='bbox 1419 2378 1642 2442; x_wconf 77' lang='grc' dir='ltr'>ἀνιστὰς</span> <span class='ocrx_word' id='word_1_278' title='bbox 1687 2382 1812 2445; x_wconf 84' lang='grc' dir='ltr'>τοὺς</span> 
     </span>
    </p>
   </div>
   <div class='ocr_carea' id='block_1_42' title="bbox 235 2458 1814 2538">
    <p class='ocr_par' dir='ltr' id='par_1_42' title="bbox 235 2458 1814 2538">
     <span class='ocr_line' id='line_1_42' title="bbox 235 2458 1814 2538; baseline 0.008 -27"><span class='ocrx_word' id='word_1_279' title='bbox 235 2458 626 2529; x_wconf 78' lang='grc' dir='ltr'>ὠλισθηκότας.</span> <span class='ocrx_word' id='word_1_280' title='bbox 664 2461 1002 2531; x_wconf 84' lang='grc' dir='ltr'>Ἀνέγνωμεν</span> <span class='ocrx_word' id='word_1_281' title='bbox 1057 2463 1114 2515; x_wconf 88' lang='grc' dir='ltr'><strong>δὲ</strong></span> <span class='ocrx_word' id='word_1_282' title='bbox 1154 2465 1234 2516; x_wconf 81' lang='grc' dir='ltr'>ὅτι</span> <span class='ocrx_word' id='word_1_283' title='bbox 1274 2485 1291 2515; x_wconf 80' lang='grc' dir='ltr'><strong>ι</strong></span> <span class='ocrx_word' id='word_1_284' title='bbox 1315 2465 1386 2518; x_wconf 77' lang='grc' dir='ltr'>Τὸ</span> <span class='ocrx_word' id='word_1_285' title='bbox 1411 2467 1644 2538; x_wconf 84' lang='grc' dir='ltr'>γράμμα</span> <span class='ocrx_word' id='word_1_286' title='bbox 1681 2471 1814 2523; x_wconf 82' lang='grc' dir='ltr'>ἀπο-</span> 
     </span>
    </p>
   </div>
   <div class='ocr_carea' id='block_1_43' title="bbox 239 2552 1811 2633">
    <p class='ocr_par' dir='ltr' id='par_1_43' title="bbox 239 2552 1811 2633">
     <span class='ocr_line' id='line_1_43' title="bbox 239 2552 1811 2633; baseline 0.007 -30"><span class='ocrx_word' id='word_1_287' title='bbox 239 2552 457 2615; x_wconf 86' lang='grc' dir='ltr'>κτείνει,</span> <span class='ocrx_word' id='word_1_288' title='bbox 487 2553 551 2604; x_wconf 85' lang='grc' dir='ltr'><strong>τὸ</strong></span> <span class='ocrx_word' id='word_1_289' title='bbox 585 2552 641 2604; x_wconf 74' lang='grc' dir='ltr'>δὲ</span> <span class='ocrx_word' id='word_1_290' title='bbox 670 2553 888 2623; x_wconf 77' lang='grc' dir='ltr'>πνεῦμα</span> <span class='ocrx_word' id='word_1_291' title='bbox 917 2554 1184 2618; x_wconf 79' lang='grc' dir='ltr'>ζωοποιεῖ.</span> <span class='ocrx_word' id='word_1_292' title='bbox 1222 2575 1240 2606; x_wconf 80' lang='grc'>›</span> <span class='ocrx_word' id='word_1_293' title='bbox 1303 2557 1542 2628; x_wconf 76' lang='grc' dir='ltr'>Γράμμα</span> <span class='ocrx_word' id='word_1_294' title='bbox 1576 2561 1675 2630; x_wconf 79' lang='grc' dir='ltr'><strong>μὲν</strong></span> <span class='ocrx_word' id='word_1_295' title='bbox 1704 2563 1811 2633; x_wconf 73' lang='grc' dir='ltr'><strong>γὰρ</strong></span> 
     </span>
    </p>
   </div>
   <div class='ocr_carea' id='block_1_44' title="bbox 237 2645 1811 2722">
    <p class='ocr_par' dir='ltr' id='par_1_44' title="bbox 237 2645 1811 2722">
     <span class='ocr_line' id='line_1_44' title="bbox 237 2645 1811 2722; baseline 0.006 -26"><span class='ocrx_word' id='word_1_296' title='bbox 237 2645 552 2715; x_wconf 84' lang='grc' dir='ltr'>ὀκολαστής</span> <span class='ocrx_word' id='word_1_297' title='bbox 585 2645 730 2697; x_wconf 76' lang='grc' dir='ltr'>ἐστιν</span> <span class='ocrx_word' id='word_1_298' title='bbox 751 2646 934 2716; x_wconf 83' lang='grc' dir='ltr'>νόμος,</span> <span class='ocrx_word' id='word_1_299' title='bbox 961 2647 994 2716; x_wconf 82' lang='grc' dir='ltr'><strong>ἡ</strong></span> <span class='ocrx_word' id='word_1_300' title='bbox 1017 2648 1166 2713; x_wconf 72' lang='grc' dir='ltr'>σκιὰ,</span> <span class='ocrx_word' id='word_1_301' title='bbox 1198 2649 1292 2700; x_wconf 72' lang='grc' dir='ltr'><strong>καὶ</strong></span> <span class='ocrx_word' id='word_1_302' title='bbox 1322 2651 1348 2700; x_wconf 92' lang='lat'><strong>6</strong></span> <span class='ocrx_word' id='word_1_303' title='bbox 1380 2651 1567 2713; x_wconf 82' lang='grc' dir='ltr'>τύπος·</span> <span class='ocrx_word' id='word_1_304' title='bbox 1596 2653 1811 2722; x_wconf 75' lang='grc' dir='ltr'>πνεῦμα</span> 
     </span>
    </p>
   </div>
   <div class='ocr_carea' id='block_1_45' title="bbox 235 2734 1813 2814">
    <p class='ocr_par' dir='ltr' id='par_1_45' title="bbox 235 2734 1813 2814">
     <span class='ocr_line' id='line_1_45' title="bbox 235 2734 1813 2814; baseline 0.006 -26"><span class='ocrx_word' id='word_1_305' title='bbox 235 2736 290 2788; x_wconf 75' lang='grc' dir='ltr'>δὲ</span> <span class='ocrx_word' id='word_1_306' title='bbox 330 2734 630 2799; x_wconf 75' lang='grc' dir='ltr'>ζωοποιοῦν</span> <span class='ocrx_word' id='word_1_307' title='bbox 655 2738 803 2789; x_wconf 79' lang='grc' dir='ltr'>ἐστιν</span> <span class='ocrx_word' id='word_1_308' title='bbox 829 2737 858 2788; x_wconf 83' lang='lat'><strong>6</strong></span> <span class='ocrx_word' id='word_1_309' title='bbox 887 2737 1140 2806; x_wconf 83' lang='grc' dir='ltr'>Χριστὸς,</span> <span class='ocrx_word' id='word_1_310' title='bbox 1177 2741 1233 2792; x_wconf 87' lang='grc' dir='ltr'>ὲν</span> <span class='ocrx_word' id='word_1_311' title='bbox 1283 2741 1552 2812; x_wconf 82' lang='grc' dir='ltr'>πνεύματι</span> <span class='ocrx_word' id='word_1_312' title='bbox 1583 2744 1689 2814; x_wconf 83' lang='grc' dir='ltr'>γὰρ</span> <span class='ocrx_word' id='word_1_313' title='bbox 1720 2747 1813 2797; x_wconf 71' lang='grc' dir='ltr'>καὶ</span> 
     </span>
    </p>
   </div>
   <div class='ocr_carea' id='block_1_46' title="bbox 236 2826 1813 2907">
    <p class='ocr_par' dir='ltr' id='par_1_46' title="bbox 236 2826 1813 2907">
     <span class='ocr_line' id='line_1_46' title="bbox 236 2826 1813 2907; baseline 0.006 -28"><span class='ocrx_word' id='word_1_314' title='bbox 236 2826 465 2898; x_wconf 81' lang='grc' dir='ltr'>ἀληθείᾳ</span> <span class='ocrx_word' id='word_1_315' title='bbox 487 2828 843 2896; x_wconf 81' lang='grc' dir='ltr'>δεδιδάγμεθα</span> <span class='ocrx_word' id='word_1_316' title='bbox 870 2835 1195 2900; x_wconf 81' lang='grc' dir='ltr'>προσκυνεῖν</span> <span class='ocrx_word' id='word_1_317' title='bbox 1221 2832 1311 2885; x_wconf 77' lang='grc' dir='ltr'>διὰ</span> <span class='ocrx_word' id='word_1_318' title='bbox 1334 2835 1430 2903; x_wconf 78' lang='grc' dir='ltr'><strong>τῆς</strong></span> <span class='ocrx_word' id='word_1_319' title='bbox 1451 2836 1813 2907; x_wconf 79' lang='grc' dir='ltr'>εύαγγελικῆς</span> 
     </span>
    </p>
   </div>
   <div class='ocr_carea' id='block_1_47' title="bbox 235 2919 1811 2994">
    <p class='ocr_par' dir='ltr' id='par_1_47' title="bbox 235 2919 1811 2994">
     <span class='ocr_line' id='line_1_47' title="bbox 235 2919 1811 2994; baseline 0.008 -24"><span class='ocrx_word' id='word_1_320' title='bbox 235 2919 592 2981; x_wconf 72' lang='grc' dir='ltr'>παιδεύσεως.</span> <span class='ocrx_word' id='word_1_321' title='bbox 625 2920 746 2972; x_wconf 87' lang='grc' dir='ltr'>Ὅτι</span> <span class='ocrx_word' id='word_1_322' title='bbox 775 2919 830 2972; x_wconf 82' lang='grc' dir='ltr'>δὲ</span> <span class='ocrx_word' id='word_1_323' title='bbox 861 2923 954 2975; x_wconf 81' lang='grc' dir='ltr'><strong>καὶ</strong></span> <span class='ocrx_word' id='word_1_324' title='bbox 983 2923 1308 2993; x_wconf 76' lang='grc' dir='ltr'>ἐπιϐέϐηκεν</span> <span class='ocrx_word' id='word_1_325' title='bbox 1342 2926 1433 2977; x_wconf 75' lang='grc' dir='ltr'><strong>ἐπὶ</strong></span> <span class='ocrx_word' id='word_1_326' title='bbox 1457 2927 1632 2980; x_wconf 80' lang='grc' dir='ltr'>πῶλον</span> <span class='ocrx_word' id='word_1_327' title='bbox 1675 2929 1811 2994; x_wconf 83' lang='grc' dir='ltr'>νέον,</span> 
     </span>
    </p>
   </div>
   <div class='ocr_carea' id='block_1_48' title="bbox 236 3009 1816 3092">
    <p class='ocr_par' dir='ltr' id='par_1_48' title="bbox 236 3009 1816 3092">
     <span class='ocr_line' id='line_1_48' title="bbox 236 3009 1816 3092; baseline 0.008 -31"><span class='ocrx_word' id='word_1_328' title='bbox 236 3009 378 3063; x_wconf 71' lang='grc' dir='ltr'>οὕτω</span> <span class='ocrx_word' id='word_1_329' title='bbox 410 3027 472 3062; x_wconf 83' lang='grc' dir='ltr'><strong>τε</strong></span> <span class='ocrx_word' id='word_1_330' title='bbox 514 3011 839 3083; x_wconf 70' lang='grc' dir='ltr'>εἰσέφρησεν</span> <span class='ocrx_word' id='word_1_331' title='bbox 877 3015 935 3066; x_wconf 83' lang='grc' dir='ltr'>ὲν</span> <span class='ocrx_word' id='word_1_332' title='bbox 989 3017 1100 3076; x_wconf 85' lang='grc' dir='ltr'>τοῖς</span> <span class='ocrx_word' id='word_1_333' title='bbox 1139 3015 1570 3086; x_wconf 80' lang='grc' dir='ltr'>Ἱεροσολύμοις,</span> <span class='ocrx_word' id='word_1_334' title='bbox 1611 3020 1670 3072; x_wconf 77' lang='grc' dir='ltr'>οὗ</span> <span class='ocrx_word' id='word_1_335' title='bbox 1714 3038 1816 3092; x_wconf 82' lang='grc' dir='ltr'>μα-</span> 
     </span>
    </p>
   </div>
   <div class='ocr_carea' id='block_1_49' title="bbox 237 3101 1880 3191">
    <p class='ocr_par' dir='ltr' id='par_1_49' title="bbox 237 3101 1880 3191">
     <span class='ocr_line' id='line_1_49' title="bbox 237 3101 1880 3191; baseline 0.009 -38"><span class='ocrx_word' id='word_1_336' title='bbox 237 3101 370 3172; x_wconf 76' lang='grc' dir='ltr'>κροῦ</span> <span class='ocrx_word' id='word_1_337' title='bbox 411 3103 550 3173; x_wconf 74' lang='grc' dir='ltr'>πρὸς</span> <span class='ocrx_word' id='word_1_338' title='bbox 574 3103 944 3175; x_wconf 71' lang='grc' dir='ltr'>πληροφορίαν</span> <span class='ocrx_word' id='word_1_339' title='bbox 977 3105 1157 3176; x_wconf 78' lang='grc' dir='ltr'>δεήσει</span> <span class='ocrx_word' id='word_1_340' title='bbox 1207 3106 1384 3175; x_wconf 86' lang='grc' dir='ltr'>λόγου.</span> <span class='ocrx_word' id='word_1_341' title='bbox 1425 3111 1665 3184; x_wconf 82' lang='grc' dir='ltr'>Ἀπόχρη</span> <span class='ocrx_word' id='word_1_342' title='bbox 1703 3114 1810 3186; x_wconf 80' lang='grc' dir='ltr'><strong>γὰρ</strong></span> <span class='ocrx_word' id='word_1_343' title='bbox 1839 3135 1880 3191; x_wconf 75' lang='lat' dir='ltr'><strong>c</strong></span> 
     </span>
    </p>
   </div>
   <div class='ocr_carea' id='block_1_50' title="bbox 237 3195 1814 3272">
    <p class='ocr_par' dir='ltr' id='par_1_50' title="bbox 237 3195 1814 3272">
     <span class='ocr_line' id='line_1_50' title="bbox 237 3195 1814 3272; baseline 0.006 -27"><span class='ocrx_word' id='word_1_344' title='bbox 237 3197 314 3258; x_wconf 82' lang='grc' dir='ltr'>εἰς</span> <span class='ocrx_word' id='word_1_345' title='bbox 350 3195 535 3248; x_wconf 84' lang='grc' dir='ltr'>πίστιν</span> <span class='ocrx_word' id='word_1_346' title='bbox 564 3197 695 3264; x_wconf 74' lang='grc' dir='ltr'>ἡμῖν</span> <span class='ocrx_word' id='word_1_347' title='bbox 718 3196 745 3247; x_wconf 80' lang='lat'><strong>6</strong></span> <span class='ocrx_word' id='word_1_348' title='bbox 775 3195 1060 3259; x_wconf 82' lang='grc' dir='ltr'>θεσπέσιος</span> <span class='ocrx_word' id='word_1_349' title='bbox 1116 3197 1504 3269; x_wconf 74' lang='grc' dir='ltr'>εὐαγγελιστὴς</span> <span class='ocrx_word' id='word_1_350' title='bbox 1526 3202 1814 3272; x_wconf 77' lang='grc' dir='ltr'>γεγραφὼς</span> 
     </span>
    </p>
   </div>
   <div class='ocr_carea' id='block_1_51' title="bbox 237 3287 1813 3362">
    <p class='ocr_par' dir='ltr' id='par_1_51' title="bbox 237 3287 1813 3362">
     <span class='ocr_line' id='line_1_51' title="bbox 237 3287 1813 3362; baseline 0.004 -24"><span class='ocrx_word' id='word_1_351' title='bbox 237 3287 305 3339; x_wconf 77' lang='grc' dir='ltr'>τὰ</span> <span class='ocrx_word' id='word_1_352' title='bbox 330 3287 532 3340; x_wconf 79' lang='grc' dir='ltr'>τοιάδε.</span> <span class='ocrx_word' id='word_1_353' title='bbox 580 3287 918 3356; x_wconf 84' lang='grc' dir='ltr'>Ἐπεκάθητο</span> <span class='ocrx_word' id='word_1_354' title='bbox 956 3287 1054 3357; x_wconf 80' lang='grc' dir='ltr'><strong>μὲν</strong></span> <span class='ocrx_word' id='word_1_355' title='bbox 1086 3288 1194 3360; x_wconf 80' lang='grc' dir='ltr'><strong>γὰρ</strong></span> <span class='ocrx_word' id='word_1_356' title='bbox 1225 3289 1302 3358; x_wconf 82' lang='grc' dir='ltr'><strong>τῷ</strong></span> <span class='ocrx_word' id='word_1_357' title='bbox 1358 3289 1520 3358; x_wconf 80' lang='grc' dir='ltr'>πώλῳ</span> <span class='ocrx_word' id='word_1_358' title='bbox 1547 3293 1779 3362; x_wconf 79' lang='grc' dir='ltr'>Χριστὸς</span> <span class='ocrx_word' id='word_1_359' title='bbox 1799 3336 1813 3361; x_wconf 86' lang='grc'><strong>,</strong></span> 
     </span>
    </p>
   </div>
   <div class='ocr_carea' id='block_1_52' title="bbox 239 3377 1818 3452">
    <p class='ocr_par' dir='ltr' id='par_1_52' title="bbox 239 3377 1818 3452">
     <span class='ocr_line' id='line_1_52' title="bbox 239 3377 1818 3452; baseline 0.004 -23"><span class='ocrx_word' id='word_1_360' title='bbox 239 3377 420 3429; x_wconf 81' lang='grc' dir='ltr'>εἵπετό</span> <span class='ocrx_word' id='word_1_361' title='bbox 454 3394 516 3446; x_wconf 83' lang='grc' dir='ltr'><strong>γε</strong></span> <span class='ocrx_word' id='word_1_362' title='bbox 549 3379 708 3448; x_wconf 74' lang='grc' dir='ltr'>μὴνή</span> <span class='ocrx_word' id='word_1_363' title='bbox 740 3377 974 3430; x_wconf 80' lang='grc' dir='ltr'>τεκοῦσα</span> <span class='ocrx_word' id='word_1_364' title='bbox 995 3393 1009 3405; x_wconf 90' lang='grc'><strong>·</strong></span> <span class='ocrx_word' id='word_1_365' title='bbox 1067 3379 1159 3432; x_wconf 75' lang='grc' dir='ltr'><strong>καὶ</strong></span> <span class='ocrx_word' id='word_1_366' title='bbox 1216 3383 1438 3449; x_wconf 87' lang='grc' dir='ltr'>σημεῖον</span> <span class='ocrx_word' id='word_1_367' title='bbox 1491 3383 1620 3451; x_wconf 79' lang='grc' dir='ltr'>ἡμῖν</span> <span class='ocrx_word' id='word_1_368' title='bbox 1655 3385 1818 3452; x_wconf 80' lang='grc' dir='ltr'>ἀναγ-</span> 
     </span>
    </p>
   </div>
   <div class='ocr_carea' id='block_1_53' title="bbox 237 3468 1820 3542">
    <p class='ocr_par' dir='ltr' id='par_1_53' title="bbox 237 3468 1820 3542">
     <span class='ocr_line' id='line_1_53' title="bbox 237 3468 1820 3542; baseline 0.006 -22"><span class='ocrx_word' id='word_1_369' title='bbox 237 3468 533 3521; x_wconf 85' lang='grc' dir='ltr'>καιοτάτου</span> <span class='ocrx_word' id='word_1_370' title='bbox 565 3469 884 3537; x_wconf 82' lang='grc' dir='ltr'>πράγματος</span> <span class='ocrx_word' id='word_1_371' title='bbox 930 3469 989 3521; x_wconf 87' lang='grc' dir='ltr'><strong>τὸ</strong></span> <span class='ocrx_word' id='word_1_372' title='bbox 1020 3469 1296 3540; x_wconf 86' lang='grc' dir='ltr'>δρώμενον</span> <span class='ocrx_word' id='word_1_373' title='bbox 1345 3468 1433 3542; x_wconf 83' lang='grc' dir='ltr'>ἦν.</span> <span class='ocrx_word' id='word_1_374' title='bbox 1478 3473 1820 3528; x_wconf 82' lang='grc' dir='ltr'>Ἐπανεπαύ-</span> 
     </span>
    </p>
   </div>
   <div class='ocr_carea' id='block_1_54' title="bbox 241 3559 1820 3636">
    <p class='ocr_par' dir='ltr' id='par_1_54' title="bbox 241 3559 1820 3636">
     <span class='ocr_line' id='line_1_54' title="bbox 241 3559 1820 3636; baseline 0.003 -24"><span class='ocrx_word' id='word_1_375' title='bbox 241 3576 372 3612; x_wconf 87' lang='grc' dir='ltr'>σατο</span> <span class='ocrx_word' id='word_1_376' title='bbox 390 3559 500 3631; x_wconf 80' lang='grc' dir='ltr'>γὰρ</span> <span class='ocrx_word' id='word_1_377' title='bbox 528 3561 558 3613; x_wconf 91' lang='lat'><strong>6</strong></span> <span class='ocrx_word' id='word_1_378' title='bbox 579 3561 814 3631; x_wconf 85' lang='grc' dir='ltr'>Χριστὸς</span> <span class='ocrx_word' id='word_1_379' title='bbox 833 3560 912 3630; x_wconf 84' lang='grc' dir='ltr'>τῷ</span> <span class='ocrx_word' id='word_1_380' title='bbox 938 3561 1042 3631; x_wconf 79' lang='grc' dir='ltr'>νέῳ</span> <span class='ocrx_word' id='word_1_381' title='bbox 1070 3561 1205 3632; x_wconf 81' lang='grc' dir='ltr'>λαῷ,</span> <span class='ocrx_word' id='word_1_382' title='bbox 1237 3563 1480 3616; x_wconf 86' lang='grc' dir='ltr'>τουτέστι</span> <span class='ocrx_word' id='word_1_383' title='bbox 1522 3565 1599 3636; x_wconf 81' lang='grc' dir='ltr'>τῷ</span> <span class='ocrx_word' id='word_1_384' title='bbox 1625 3567 1820 3636; x_wconf 81' lang='grc' dir='ltr'>κεκλη-</span> 
     </span>
    </p>
   </div>
   <div class='ocr_carea' id='block_1_55' title="bbox 244 3651 1820 3727">
    <p class='ocr_par' dir='ltr' id='par_1_55' title="bbox 244 3651 1820 3727">
     <span class='ocr_line' id='line_1_55' title="bbox 244 3651 1820 3727; baseline 0.004 -23"><span class='ocrx_word' id='word_1_385' title='bbox 244 3651 390 3722; x_wconf 78' lang='grc' dir='ltr'>μένῳ</span> <span class='ocrx_word' id='word_1_386' title='bbox 412 3651 552 3722; x_wconf 75' lang='grc' dir='ltr'>πρὸς</span> <span class='ocrx_word' id='word_1_387' title='bbox 607 3651 902 3719; x_wconf 76' lang='grc' dir='ltr'>ἐπίγνωσιν</span> <span class='ocrx_word' id='word_1_388' title='bbox 935 3651 1193 3720; x_wconf 82' lang='grc' dir='ltr'>ἀληθείας</span> <span class='ocrx_word' id='word_1_389' title='bbox 1239 3652 1316 3723; x_wconf 84' lang='grc' dir='ltr'><strong>τῷ</strong></span> <span class='ocrx_word' id='word_1_390' title='bbox 1348 3653 1820 3727; x_wconf 83' lang='grc' dir='ltr'>είδωλολατροῦντί</span> 
     </span>
    </p>
   </div>
   <div class='ocr_carea' id='block_1_56' title="bbox 241 3737 1818 3816">
    <p class='ocr_par' dir='ltr' id='par_1_56' title="bbox 241 3737 1818 3816">
     <span class='ocr_line' id='line_1_56' title="bbox 241 3737 1818 3816; baseline 0.003 -21"><span class='ocrx_word' id='word_1_391' title='bbox 241 3757 394 3796; x_wconf 79' lang='grc' dir='ltr'>ποτε.</span> <span class='ocrx_word' id='word_1_392' title='bbox 419 3738 523 3796; x_wconf 78' lang='grc' dir='ltr'><strong>Οἷα</strong></span> <span class='ocrx_word' id='word_1_393' title='bbox 549 3741 659 3812; x_wconf 82' lang='grc' dir='ltr'><strong>γάρ</strong></span> <span class='ocrx_word' id='word_1_394' title='bbox 695 3758 780 3804; x_wconf 86' lang='grc' dir='ltr'><strong>τις</strong></span> <span class='ocrx_word' id='word_1_395' title='bbox 839 3737 909 3813; x_wconf 83' lang='grc' dir='ltr'>ἦν</span> <span class='ocrx_word' id='word_1_396' title='bbox 939 3742 1138 3807; x_wconf 81' lang='grc' dir='ltr'>πῶλος,</span> <span class='ocrx_word' id='word_1_397' title='bbox 1171 3741 1322 3796; x_wconf 76' lang='grc' dir='ltr'>οῠπω</span> <span class='ocrx_word' id='word_1_398' title='bbox 1378 3745 1784 3816; x_wconf 75' lang='grc' dir='ltr'>δεδαμασμένοις</span> <span class='ocrx_word' id='word_1_399' title='bbox 1804 3787 1818 3812; x_wconf 89' lang='grc'><strong>,</strong></span> 
     </span>
    </p>
   </div>
   <div class='ocr_carea' id='block_1_57' title="bbox 244 3831 1823 3908">
    <p class='ocr_par' dir='ltr' id='par_1_57' title="bbox 244 3831 1823 3908">
     <span class='ocr_line' id='line_1_57' title="bbox 244 3831 1823 3908; baseline 0.003 -22"><span class='ocrx_word' id='word_1_400' title='bbox 244 3832 365 3886; x_wconf 75' lang='grc' dir='ltr'>οὕτε</span> <span class='ocrx_word' id='word_1_401' title='bbox 395 3833 505 3903; x_wconf 76' lang='grc' dir='ltr'>μὴν</span> <span class='ocrx_word' id='word_1_402' title='bbox 534 3831 689 3894; x_wconf 82' lang='grc' dir='ltr'>εἰδὼς</span> <span class='ocrx_word' id='word_1_403' title='bbox 728 3833 964 3903; x_wconf 79' lang='grc' dir='ltr'>βαδίζειν</span> <span class='ocrx_word' id='word_1_404' title='bbox 995 3833 1170 3903; x_wconf 83' lang='grc' dir='ltr'>ὀρθῶς</span> <span class='ocrx_word' id='word_1_405' title='bbox 1190 3849 1203 3862; x_wconf 80' lang='lat'><strong><em>°</em></strong></span> <span class='ocrx_word' id='word_1_406' title='bbox 1230 3835 1289 3887; x_wconf 84' lang='grc' dir='ltr'><strong>οὑ</strong></span> <span class='ocrx_word' id='word_1_407' title='bbox 1320 3836 1427 3906; x_wconf 87' lang='grc' dir='ltr'><strong>γάρ</strong></span> <span class='ocrx_word' id='word_1_408' title='bbox 1456 3853 1557 3888; x_wconf 84' lang='grc' dir='ltr'><strong>που</strong></span> <span class='ocrx_word' id='word_1_409' title='bbox 1589 3835 1665 3906; x_wconf 84' lang='grc' dir='ltr'><strong>τῷ</strong></span> <span class='ocrx_word' id='word_1_410' title='bbox 1694 3837 1823 3908; x_wconf 87' lang='grc' dir='ltr'>θείῳ</span> 
     </span>
    </p>
   </div>
   <div class='ocr_carea' id='block_1_58' title="bbox 245 3923 1821 3998">
    <p class='ocr_par' dir='ltr' id='par_1_58' title="bbox 245 3923 1821 3998">
     <span class='ocr_line' id='line_1_58' title="bbox 245 3923 1821 3998; baseline 0.005 -22"><span class='ocrx_word' id='word_1_411' title='bbox 245 3923 706 3996; x_wconf 78' lang='grc' dir='ltr'>πεπαιδαγώγητο</span> <span class='ocrx_word' id='word_1_412' title='bbox 741 3926 910 3996; x_wconf 85' lang='grc' dir='ltr'>νόμῳ.</span> <span class='ocrx_word' id='word_1_413' title='bbox 959 3925 1098 3979; x_wconf 84' lang='grc' dir='ltr'>Ἀλλ’</span> <span class='ocrx_word' id='word_1_414' title='bbox 1134 3927 1162 3978; x_wconf 88' lang='lat'><strong>6</strong></span> <span class='ocrx_word' id='word_1_415' title='bbox 1202 3929 1408 3992; x_wconf 87' lang='grc' dir='ltr'>πάντας</span> <span class='ocrx_word' id='word_1_416' title='bbox 1437 3930 1586 3998; x_wconf 76' lang='grc' dir='ltr'>ἄγων</span> <span class='ocrx_word' id='word_1_417' title='bbox 1617 3934 1697 3994; x_wconf 89' lang='grc' dir='ltr'><strong>είς</strong></span> <span class='ocrx_word' id='word_1_418' title='bbox 1730 3933 1821 3984; x_wconf 84' lang='grc' dir='ltr'>εύ-</span> 
     </span>
    </p>
   </div>
   <div class='ocr_carea' id='block_1_59' title="bbox 245 4016 1823 4092">
    <p class='ocr_par' dir='ltr' id='par_1_59' title="bbox 245 4016 1823 4092">
     <span class='ocr_line' id='line_1_59' title="bbox 245 4016 1823 4092; baseline 0.004 -23"><span class='ocrx_word' id='word_1_419' title='bbox 245 4016 462 4085; x_wconf 79' lang='grc' dir='ltr'>τεχνίαν</span> <span class='ocrx_word' id='word_1_420' title='bbox 513 4016 914 4085; x_wconf 83' lang='grc' dir='ltr'>πνευματικὴν,</span> <span class='ocrx_word' id='word_1_421' title='bbox 971 4017 1321 4088; x_wconf 82' lang='grc' dir='ltr'>προύπέθηκε</span> <span class='ocrx_word' id='word_1_422' title='bbox 1377 4020 1474 4090; x_wconf 84' lang='grc' dir='ltr'>μὲν</span> <span class='ocrx_word' id='word_1_423' title='bbox 1518 4021 1692 4092; x_wconf 79' lang='grc' dir='ltr'>ἐαυτῷ</span> <span class='ocrx_word' id='word_1_424' title='bbox 1732 4023 1823 4076; x_wconf 85' lang='grc' dir='ltr'><strong>τὸν</strong></span> 
     </span>
    </p>
   </div>
   <div class='ocr_carea' id='block_1_60' title="bbox 247 4105 1824 4182">
    <p class='ocr_par' dir='ltr' id='par_1_60' title="bbox 247 4105 1824 4182">
     <span class='ocr_line' id='line_1_60' title="bbox 247 4105 1824 4182; baseline 0.005 -24"><span class='ocrx_word' id='word_1_425' title='bbox 247 4107 448 4159; x_wconf 88' lang='grc' dir='ltr'>πῶλον.</span> <span class='ocrx_word' id='word_1_426' title='bbox 485 4105 715 4174; x_wconf 70' lang='grc' dir='ltr'>’Έψεται</span> <span class='ocrx_word' id='word_1_427' title='bbox 736 4106 793 4160; x_wconf 82' lang='grc' dir='ltr'>δὲ</span> <span class='ocrx_word' id='word_1_428' title='bbox 817 4108 899 4160; x_wconf 88' lang='grc' dir='ltr'><strong>ὅτι</strong></span> <span class='ocrx_word' id='word_1_429' title='bbox 925 4109 1064 4162; x_wconf 80' lang='grc' dir='ltr'>κατὰ</span> <span class='ocrx_word' id='word_1_430' title='bbox 1096 4111 1322 4178; x_wconf 79' lang='grc' dir='ltr'>καιροὺς</span> <span class='ocrx_word' id='word_1_431' title='bbox 1351 4112 1446 4164; x_wconf 75' lang='grc' dir='ltr'><strong>καὶ</strong></span> <span class='ocrx_word' id='word_1_432' title='bbox 1468 4113 1506 4182; x_wconf 81' lang='grc' dir='ltr'><strong>ἡ</strong></span> <span class='ocrx_word' id='word_1_433' title='bbox 1544 4111 1648 4165; x_wconf 84' lang='grc' dir='ltr'><strong>τῶν</strong></span> <span class='ocrx_word' id='word_1_434' title='bbox 1693 4114 1824 4166; x_wconf 87' lang='grc' dir='ltr'><strong>Ἰου⁹</strong></span> 
     </span>
    </p>
   </div>
   <div class='ocr_carea' id='block_1_61' title="bbox 245 4181 1824 4272">
    <p class='ocr_par' dir='ltr' id='par_1_61' title="bbox 245 4181 1824 4272">
     <span class='ocr_line' id='line_1_61' title="bbox 245 4181 1824 4272; baseline 0.005 -23"><span class='ocrx_word' id='word_1_435' title='bbox 245 4197 407 4251; x_wconf 82' lang='grc' dir='ltr'>δαίων</span> <span class='ocrx_word' id='word_1_436' title='bbox 462 4198 794 4269; x_wconf 80' lang='grc' dir='ltr'>Συναγωγὴ,</span> <span class='ocrx_word' id='word_1_437' title='bbox 843 4199 930 4252; x_wconf 79' lang='grc' dir='ltr'>διὰ</span> <span class='ocrx_word' id='word_1_438' title='bbox 991 4200 1091 4269; x_wconf 88' lang='grc' dir='ltr'><strong>τῆς</strong></span> <span class='ocrx_word' id='word_1_439' title='bbox 1139 4201 1412 4272; x_wconf 80' lang='grc' dir='ltr'>ἑπομένης</span> <span class='ocrx_word' id='word_1_440' title='bbox 1459 4181 1578 4254; x_wconf 70' lang='grc' dir='ltr'>δνου</span> <span class='ocrx_word' id='word_1_441' title='bbox 1626 4202 1824 4257; x_wconf 81' lang='grc' dir='ltr'>δέδωκε</span> 
     </span>
    </p>
   </div>
   <div class='ocr_carea' id='block_1_62' title="bbox 245 4289 1826 4363">
    <p class='ocr_par' dir='ltr' id='par_1_62' title="bbox 245 4289 1826 4363">
     <span class='ocr_line' id='line_1_62' title="bbox 245 4289 1826 4363; baseline 0.005 -23"><span class='ocrx_word' id='word_1_442' title='bbox 245 4291 406 4352; x_wconf 81' lang='grc' dir='ltr'>νοεῖν,</span> <span class='ocrx_word' id='word_1_443' title='bbox 475 4289 720 4356; x_wconf 84' lang='grc' dir='ltr'>καίτοιγε</span> <span class='ocrx_word' id='word_1_444' title='bbox 770 4290 828 4342; x_wconf 82' lang='grc' dir='ltr'>ὲν</span> <span class='ocrx_word' id='word_1_445' title='bbox 887 4290 1061 4361; x_wconf 81' lang='grc' dir='ltr'>χρόνῳ</span> <span class='ocrx_word' id='word_1_446' title='bbox 1109 4291 1186 4361; x_wconf 80' lang='grc' dir='ltr'>τῷ</span> <span class='ocrx_word' id='word_1_447' title='bbox 1227 4292 1365 4344; x_wconf 75' lang='grc' dir='ltr'>κατὰ</span> <span class='ocrx_word' id='word_1_448' title='bbox 1393 4292 1491 4363; x_wconf 81' lang='grc' dir='ltr'>τὴν</span> <span class='ocrx_word' id='word_1_449' title='bbox 1543 4293 1735 4361; x_wconf 80' lang='grc' dir='ltr'>κλῆσιν</span> <span class='ocrx_word' id='word_1_450' title='bbox 1764 4296 1826 4348; x_wconf 83' lang='grc' dir='ltr'><strong>τὸ</strong></span> 
     </span>
    </p>
   </div>
   <div class='ocr_carea' id='block_1_63' title="bbox 244 4379 1826 4454">
    <p class='ocr_par' dir='ltr' id='par_1_63' title="bbox 244 4379 1826 4454">
     <span class='ocr_line' id='line_1_63' title="bbox 244 4379 1826 4454; baseline 0.004 -22"><span class='ocrx_word' id='word_1_451' title='bbox 244 4379 621 4450; x_wconf 81' lang='grc' dir='ltr'>πρεσϐύτερον</span> <span class='ocrx_word' id='word_1_452' title='bbox 649 4381 864 4451; x_wconf 67' lang='grc' dir='ltr'>ἔχουσαν</span> <span class='ocrx_word' id='word_1_453' title='bbox 891 4382 1314 4452; x_wconf 84' lang='grc' dir='ltr'>προεισκέκλητο</span> <span class='ocrx_word' id='word_1_454' title='bbox 1336 4384 1443 4454; x_wconf 81' lang='grc' dir='ltr'><strong>γὰρ</strong></span> <span class='ocrx_word' id='word_1_455' title='bbox 1463 4384 1552 4436; x_wconf 74' lang='grc' dir='ltr'><strong>διὰ</strong></span> <span class='ocrx_word' id='word_1_456' title='bbox 1580 4385 1826 4450; x_wconf 84' lang='grc' dir='ltr'>Μωσέως</span> 
     </span>
    </p>
   </div>
   <div class='ocr_carea' id='block_1_64' title="bbox 1913 1913 3488 1969">
    <p class='ocr_par' dir='ltr' id='par_1_64' title="bbox 1913 1913 3488 1969">
     <span class='ocr_line' id='line_1_64' title="bbox 1913 1913 3488 1969; baseline -0.001 -1"><span class='ocrx_word' id='word_1_457' title='bbox 1913 1915 1979 1968; x_wconf 88' lang='lat' dir='ltr'><strong>ad</strong></span> <span class='ocrx_word' id='word_1_458' title='bbox 2010 1930 2068 1968; x_wconf 90' lang='lat' dir='ltr'><strong>se</strong></span> <span class='ocrx_word' id='word_1_459' title='bbox 2093 1915 2473 1969; x_wconf 86' lang='lat' dir='ltr'><strong>accedentibus</strong></span> <span class='ocrx_word' id='word_1_460' title='bbox 2507 1915 2752 1969; x_wconf 88' lang='lat' dir='ltr'><strong>semitam</strong></span> <span class='ocrx_word' id='word_1_461' title='bbox 2793 1914 2985 1969; x_wconf 88' lang='lat' dir='ltr'><strong>salutis</strong></span> <span class='ocrx_word' id='word_1_462' title='bbox 3003 1913 3209 1967; x_wconf 84' lang='lat' dir='ltr'><strong>dilatat.</strong></span> <span class='ocrx_word' id='word_1_463' title='bbox 3254 1913 3344 1967; x_wconf 70' lang='lat' dir='ltr'><strong>Est</strong></span> <span class='ocrx_word' id='word_1_464' title='bbox 3407 1913 3488 1967; x_wconf 75' lang='lat' dir='ltr'><strong>ir:-</strong></span> 
     </span>
    </p>
   </div>
   <div class='ocr_carea' id='block_1_65' title="bbox 1917 2003 3486 2075">
    <p class='ocr_par' dir='ltr' id='par_1_65' title="bbox 1917 2003 3486 2075">
     <span class='ocr_line' id='line_1_65' title="bbox 1917 2003 3486 2075; baseline -0.003 -17"><span class='ocrx_word' id='word_1_465' title='bbox 1917 2019 2080 2074; x_wconf 88' lang='lat' dir='ltr'><strong>super</strong></span> <span class='ocrx_word' id='word_1_466' title='bbox 2103 2015 2432 2070; x_wconf 87' lang='lat' dir='ltr'><strong>mansuetus,</strong></span> <span class='ocrx_word' id='word_1_467' title='bbox 2470 2021 2572 2060; x_wconf 90' lang='lat' dir='ltr'><strong>non</strong></span> <span class='ocrx_word' id='word_1_468' title='bbox 2605 2006 2824 2075; x_wconf 87' lang='lat' dir='ltr'><strong>legalem</strong></span> <span class='ocrx_word' id='word_1_469' title='bbox 2849 2003 3080 2058; x_wconf 82' lang='lat' dir='ltr'><strong>aiTerens</strong></span> <span class='ocrx_word' id='word_1_470' title='bbox 3120 2003 3486 2068; x_wconf 75' lang='lat' dir='ltr'><strong>severitatem,</strong></span> 
     </span>
    </p>
   </div>
   <div class='ocr_carea' id='block_1_66' title="bbox 1913 2096 3484 2166">
    <p class='ocr_par' dir='ltr' id='par_1_66' title="bbox 1913 2096 3484 2166">
     <span class='ocr_line' id='line_1_66' title="bbox 1913 2096 3484 2166; baseline -0.001 -17"><span class='ocrx_word' id='word_1_471' title='bbox 1913 2111 2014 2151; x_wconf 90' lang='lat' dir='ltr'><strong>nec</strong></span> <span class='ocrx_word' id='word_1_472' title='bbox 2051 2097 2361 2150; x_wconf 88' lang='lat' dir='ltr'><strong>mandatum</strong></span> <span class='ocrx_word' id='word_1_473' title='bbox 2413 2097 2679 2152; x_wconf 75' lang='lat' dir='ltr'><strong>violantes</strong></span> <span class='ocrx_word' id='word_1_474' title='bbox 2729 2097 2906 2165; x_wconf 84' lang='lat' dir='ltr'><strong>capite</strong></span> <span class='ocrx_word' id='word_1_475' title='bbox 2970 2096 3229 2166; x_wconf 84' lang='lat' dir='ltr'><strong>puniens:</strong></span> <span class='ocrx_word' id='word_1_476' title='bbox 3277 2097 3371 2150; x_wconf 86' lang='lat' dir='ltr'><strong>sed</strong></span> <span class='ocrx_word' id='word_1_477' title='bbox 3421 2111 3484 2148; x_wconf 78' lang='lat' dir='ltr'><strong>ex</strong></span> 
     </span>
    </p>
   </div>
   <div class='ocr_carea' id='block_1_67' title="bbox 1915 2183 3487 2254">
    <p class='ocr_par' dir='ltr' id='par_1_67' title="bbox 1915 2183 3487 2254">
     <span class='ocr_line' id='line_1_67' title="bbox 1915 2183 3487 2254; baseline 0 -17"><span class='ocrx_word' id='word_1_478' title='bbox 1915 2185 2328 2240; x_wconf 79' lang='lat' dir='ltr'><strong>utansuetudine</strong></span> <span class='ocrx_word' id='word_1_479' title='bbox 2377 2186 2573 2253; x_wconf 85' lang='lat' dir='ltr'><strong>potius,</strong></span> <span class='ocrx_word' id='word_1_480' title='bbox 2603 2195 2657 2240; x_wconf 88' lang='lat' dir='ltr'><strong>et</strong></span> <span class='ocrx_word' id='word_1_481' title='bbox 2712 2184 2893 2254; x_wconf 83' lang='lat' dir='ltr'><strong>lapsos</strong></span> <span class='ocrx_word' id='word_1_482' title='bbox 2952 2186 3187 2249; x_wconf 78' lang='lat' dir='ltr'><strong>erigens.</strong></span> <span class='ocrx_word' id='word_1_483' title='bbox 3236 2183 3487 2253; x_wconf 84' lang='lat' dir='ltr'><strong>Legimus</strong></span> 
     </span>
    </p>
   </div>
   <div class='ocr_carea' id='block_1_68' title="bbox 1913 2273 3488 2343">
    <p class='ocr_par' dir='ltr' id='par_1_68' title="bbox 1913 2273 3488 2343">
     <span class='ocr_line' id='line_1_68' title="bbox 1913 2273 3488 2343; baseline -0.001 -15"><span class='ocrx_word' id='word_1_484' title='bbox 1913 2286 2116 2341; x_wconf 89' lang='lat' dir='ltr'><strong>autem,</strong></span> <span class='ocrx_word' id='word_1_485' title='bbox 2163 2292 2181 2325; x_wconf 79' lang='grc' dir='ltr'><strong>ι</strong></span> <span class='ocrx_word' id='word_1_486' title='bbox 2214 2274 2416 2329; x_wconf 88' lang='lat' dir='ltr'><strong>Littera</strong></span> <span class='ocrx_word' id='word_1_487' title='bbox 2456 2275 2671 2342; x_wconf 85' lang='lat' dir='ltr'><strong>occidit,</strong></span> <span class='ocrx_word' id='word_1_488' title='bbox 2695 2276 2917 2343; x_wconf 88' lang='lat' dir='ltr'><strong>spiritus</strong></span> <span class='ocrx_word' id='word_1_489' title='bbox 2945 2274 3180 2329; x_wconf 82' lang='lat' dir='ltr'><strong>viviﬁcat</strong></span> <span class='ocrx_word' id='word_1_490' title='bbox 3222 2275 3318 2326; x_wconf 74' lang='grc'><strong>⁸⁷.»</strong></span> <span class='ocrx_word' id='word_1_491' title='bbox 3376 2273 3488 2326; x_wconf 85' lang='lat' dir='ltr'><strong>Lit-</strong></span> 
     </span>
    </p>
   </div>
   <div class='ocr_carea' id='block_1_69' title="bbox 1915 2366 3498 2436">
    <p class='ocr_par' dir='ltr' id='par_1_69' title="bbox 1915 2366 3498 2436">
     <span class='ocr_line' id='line_1_69' title="bbox 1915 2366 3498 2436; baseline -0.002 -16"><span class='ocrx_word' id='word_1_492' title='bbox 1915 2375 2028 2420; x_wconf 83' lang='lat' dir='ltr'><strong>tera</strong></span> <span class='ocrx_word' id='word_1_493' title='bbox 2064 2367 2207 2421; x_wconf 89' lang='lat' dir='ltr'><strong>enim</strong></span> <span class='ocrx_word' id='word_1_494' title='bbox 2262 2376 2345 2421; x_wconf 88' lang='lat' dir='ltr'><strong>est</strong></span> <span class='ocrx_word' id='word_1_495' title='bbox 2378 2367 2460 2423; x_wconf 80' lang='lat' dir='ltr'><strong>lex</strong></span> <span class='ocrx_word' id='word_1_496' title='bbox 2491 2367 2725 2436; x_wconf 82' lang='lat' dir='ltr'><strong>punitrix</strong></span> <span class='ocrx_word' id='word_1_497' title='bbox 2754 2407 2770 2432; x_wconf 93' lang='lat'><strong>,</strong></span> <span class='ocrx_word' id='word_1_498' title='bbox 2804 2375 2858 2420; x_wconf 91' lang='lat' dir='ltr'><strong>ct</strong></span> <span class='ocrx_word' id='word_1_499' title='bbox 2921 2367 3110 2420; x_wconf 88' lang='lat' dir='ltr'><strong>umbra</strong></span> <span class='ocrx_word' id='word_1_500' title='bbox 3165 2373 3216 2419; x_wconf 87' lang='lat' dir='ltr'><strong>et</strong></span> <span class='ocrx_word' id='word_1_501' title='bbox 3273 2366 3438 2434; x_wconf 74' lang='lat' dir='ltr'><strong>figura</strong></span> <span class='ocrx_word' id='word_1_502' title='bbox 3471 2383 3498 2430; x_wconf 88' lang='lat'><strong>:_</strong></span> 
     </span>
    </p>
   </div>
   <div class='ocr_carea' id='block_1_70' title="bbox 1914 2455 3486 2524">
    <p class='ocr_par' dir='ltr' id='par_1_70' title="bbox 1914 2455 3486 2524">
     <span class='ocr_line' id='line_1_70' title="bbox 1914 2455 3486 2524; baseline -0.001 -14"><span class='ocrx_word' id='word_1_503' title='bbox 1914 2456 2136 2524; x_wconf 88' lang='lat' dir='ltr'><strong>spiritus</strong></span> <span class='ocrx_word' id='word_1_504' title='bbox 2167 2457 2447 2511; x_wconf 81' lang='lat' dir='ltr'><strong>vivilicans</strong></span> <span class='ocrx_word' id='word_1_505' title='bbox 2463 2467 2546 2512; x_wconf 91' lang='lat' dir='ltr'><strong>est</strong></span> <span class='ocrx_word' id='word_1_506' title='bbox 2582 2455 2831 2510; x_wconf 89' lang='lat' dir='ltr'><strong>Christus</strong></span> <span class='ocrx_word' id='word_1_507' title='bbox 2859 2456 2905 2488; x_wconf 83' lang='grc'><strong>⁸⁸</strong></span> <span class='ocrx_word' id='word_1_508' title='bbox 2939 2475 2950 2508; x_wconf 90' lang='grc'>;</span> <span class='ocrx_word' id='word_1_509' title='bbox 2994 2457 3045 2510; x_wconf 89' lang='lat' dir='ltr'><strong>in</strong></span> <span class='ocrx_word' id='word_1_510' title='bbox 3097 2455 3286 2524; x_wconf 89' lang='lat' dir='ltr'><strong>spiritu</strong></span> <span class='ocrx_word' id='word_1_511' title='bbox 3342 2456 3486 2509; x_wconf 88' lang='lat' dir='ltr'><strong>enim</strong></span> 
     </span>
    </p>
   </div>
   <div class='ocr_carea' id='block_1_71' title="bbox 1914 2547 3487 2616">
    <p class='ocr_par' dir='ltr' id='par_1_71' title="bbox 1914 2547 3487 2616">
     <span class='ocr_line' id='line_1_71' title="bbox 1914 2547 3487 2616; baseline 0 -16"><span class='ocrx_word' id='word_1_512' title='bbox 1914 2557 1967 2600; x_wconf 91' lang='lat' dir='ltr'><strong>et</strong></span> <span class='ocrx_word' id='word_1_513' title='bbox 1996 2549 2221 2601; x_wconf 79' lang='lat' dir='ltr'><strong>veritate</strong></span> <span class='ocrx_word' id='word_1_514' title='bbox 2255 2562 2354 2614; x_wconf 89' lang='lat' dir='ltr'><strong>per</strong></span> <span class='ocrx_word' id='word_1_515' title='bbox 2381 2547 2744 2616; x_wconf 87' lang='lat' dir='ltr'><strong>evangelicam</strong></span> <span class='ocrx_word' id='word_1_516' title='bbox 2794 2547 3184 2600; x_wconf 89' lang='lat' dir='ltr'><strong>institutionem</strong></span> <span class='ocrx_word' id='word_1_517' title='bbox 3216 2547 3356 2600; x_wconf 85' lang='lat' dir='ltr'><strong>docti</strong></span> <span class='ocrx_word' id='word_1_518' title='bbox 3393 2562 3487 2600; x_wconf 84' lang='lat' dir='ltr'><strong>su-</strong></span> 
     </span>
    </p>
   </div>
   <div class='ocr_carea' id='block_1_72' title="bbox 1918 2635 3487 2705">
    <p class='ocr_par' dir='ltr' id='par_1_72' title="bbox 1918 2635 3487 2705">
     <span class='ocr_line' id='line_1_72' title="bbox 1918 2635 3487 2705; baseline -0.002 -14"><span class='ocrx_word' id='word_1_519' title='bbox 1918 2652 2038 2691; x_wconf 91' lang='lat' dir='ltr'><strong>mus</strong></span> <span class='ocrx_word' id='word_1_520' title='bbox 2071 2638 2300 2691; x_wconf 88' lang='lat' dir='ltr'><strong>adorare</strong></span> <span class='ocrx_word' id='word_1_521' title='bbox 2317 2637 2384 2688; x_wconf 83' lang='grc'>⁸⁹.</span> <span class='ocrx_word' id='word_1_522' title='bbox 2418 2635 2742 2690; x_wconf 84' lang='lat' dir='ltr'><strong>Ascendisse</strong></span> <span class='ocrx_word' id='word_1_523' title='bbox 2770 2644 2945 2690; x_wconf 91' lang='lat' dir='ltr'><strong>autem</strong></span> <span class='ocrx_word' id='word_1_524' title='bbox 2999 2635 3200 2705; x_wconf 89' lang='lat' dir='ltr'><strong>pullum</strong></span> <span class='ocrx_word' id='word_1_525' title='bbox 3265 2652 3487 2701; x_wconf 88' lang='lat' dir='ltr'><strong>novum,</strong></span> 
     </span>
    </p>
   </div>
   <div class='ocr_carea' id='block_1_73' title="bbox 1916 2725 3492 2798">
    <p class='ocr_par' dir='ltr' id='par_1_73' title="bbox 1916 2725 3492 2798">
     <span class='ocr_line' id='line_1_73' title="bbox 1916 2725 3492 2798; baseline -0.004 -12"><span class='ocrx_word' id='word_1_526' title='bbox 1916 2741 1970 2786; x_wconf 92' lang='lat' dir='ltr'><strong>et</strong></span> <span class='ocrx_word' id='word_1_527' title='bbox 2007 2730 2079 2784; x_wconf 88' lang='lat' dir='ltr'><strong>ita</strong></span> <span class='ocrx_word' id='word_1_528' title='bbox 2136 2731 2441 2798; x_wconf 85' lang='lat' dir='ltr'><strong>ingressum</strong></span> <span class='ocrx_word' id='word_1_529' title='bbox 2508 2727 2960 2798; x_wconf 86' lang='lat' dir='ltr'><strong>Hierosolymam,</strong></span> <span class='ocrx_word' id='word_1_530' title='bbox 2992 2727 3058 2780; x_wconf 91' lang='lat' dir='ltr'><strong>ad</strong></span> <span class='ocrx_word' id='word_1_531' title='bbox 3116 2725 3325 2780; x_wconf 81' lang='lat' dir='ltr'><strong>ﬁrmam</strong></span> <span class='ocrx_word' id='word_1_532' title='bbox 3366 2743 3492 2798; x_wconf 83' lang='lat' dir='ltr'><strong>pro-</strong></span> 
     </span>
    </p>
   </div>
   <div class='ocr_carea' id='block_1_74' title="bbox 1916 2815 3489 2886">
    <p class='ocr_par' dir='ltr' id='par_1_74' title="bbox 1916 2815 3489 2886">
     <span class='ocr_line' id='line_1_74' title="bbox 1916 2815 3489 2886; baseline -0.003 -13"><span class='ocrx_word' id='word_1_533' title='bbox 1916 2821 2186 2874; x_wconf 87' lang='lat' dir='ltr'><strong>bationem</strong></span> <span class='ocrx_word' id='word_1_534' title='bbox 2216 2819 2396 2872; x_wconf 85' lang='lat' dir='ltr'><strong>verbis</strong></span> <span class='ocrx_word' id='word_1_535' title='bbox 2434 2817 2616 2872; x_wconf 88' lang='lat' dir='ltr'><strong>multis</strong></span> <span class='ocrx_word' id='word_1_536' title='bbox 2645 2831 2748 2872; x_wconf 91' lang='lat' dir='ltr'><strong>non</strong></span> <span class='ocrx_word' id='word_1_537' title='bbox 2779 2824 2861 2870; x_wconf 86' lang='lat' dir='ltr'><strong>est</strong></span> <span class='ocrx_word' id='word_1_538' title='bbox 2907 2830 3062 2886; x_wconf 90' lang='lat' dir='ltr'><strong>opus.</strong></span> <span class='ocrx_word' id='word_1_539' title='bbox 3095 2815 3303 2870; x_wconf 70' lang='lat' dir='ltr'><strong>Sufﬁcit</strong></span> <span class='ocrx_word' id='word_1_540' title='bbox 3345 2817 3489 2871; x_wconf 86' lang='lat' dir='ltr'><strong>enim</strong></span> 
     </span>
    </p>
   </div>
   <div class='ocr_carea' id='block_1_75' title="bbox 1918 2909 3492 2980">
    <p class='ocr_par' dir='ltr' id='par_1_75' title="bbox 1918 2909 3492 2980">
     <span class='ocr_line' id='line_1_75' title="bbox 1918 2909 3492 2980; baseline -0.001 -15"><span class='ocrx_word' id='word_1_541' title='bbox 1918 2911 2072 2966; x_wconf 90' lang='lat' dir='ltr'><strong>nobis</strong></span> <span class='ocrx_word' id='word_1_542' title='bbox 2097 2911 2312 2965; x_wconf 87' lang='lat' dir='ltr'><strong>divinus</strong></span> <span class='ocrx_word' id='word_1_543' title='bbox 2362 2909 2713 2980; x_wconf 84' lang='lat' dir='ltr'><strong>evangelista,</strong></span> <span class='ocrx_word' id='word_1_544' title='bbox 2751 2909 2890 2979; x_wconf 88' lang='lat' dir='ltr'><strong>apud</strong></span> <span class='ocrx_word' id='word_1_545' title='bbox 2944 2923 3104 2978; x_wconf 87' lang='lat' dir='ltr'><strong>quem</strong></span> <span class='ocrx_word' id='word_1_546' title='bbox 3173 2911 3315 2964; x_wconf 85' lang='lat' dir='ltr'><strong>istud</strong></span> <span class='ocrx_word' id='word_1_547' title='bbox 3353 2911 3492 2965; x_wconf 90' lang='lat' dir='ltr'><strong>scri-</strong></span> 
     </span>
    </p>
   </div>
   <div class='ocr_carea' id='block_1_76' title="bbox 1916 3001 3492 3076">
    <p class='ocr_par' dir='ltr' id='par_1_76' title="bbox 1916 3001 3492 3076">
     <span class='ocr_line' id='line_1_76' title="bbox 1916 3001 3492 3076; baseline -0.001 -19"><span class='ocrx_word' id='word_1_548' title='bbox 1916 3015 2062 3076; x_wconf 88' lang='lat' dir='ltr'><strong>ptum</strong></span> <span class='ocrx_word' id='word_1_549' title='bbox 2088 3005 2241 3060; x_wconf 77' lang='lat' dir='ltr'><strong>est”.</strong></span> <span class='ocrx_word' id='word_1_550' title='bbox 2264 3004 2458 3058; x_wconf 85' lang='lat' dir='ltr'><strong>Insedit</strong></span> <span class='ocrx_word' id='word_1_551' title='bbox 2475 3005 2668 3072; x_wconf 92' lang='lat' dir='ltr'><strong>quippe</strong></span> <span class='ocrx_word' id='word_1_552' title='bbox 2689 3001 2830 3071; x_wconf 91' lang='lat' dir='ltr'><strong>pullo</strong></span> <span class='ocrx_word' id='word_1_553' title='bbox 2847 3001 3092 3057; x_wconf 87' lang='lat' dir='ltr'><strong>Christus</strong></span> <span class='ocrx_word' id='word_1_554' title='bbox 3105 3003 3492 3074; x_wconf 81' lang='lat' dir='ltr'><strong>sequenteejus</strong></span> 
     </span>
    </p>
   </div>
   <div class='ocr_carea' id='block_1_77' title="bbox 1918 3093 3494 3164">
    <p class='ocr_par' dir='ltr' id='par_1_77' title="bbox 1918 3093 3494 3164">
     <span class='ocr_line' id='line_1_77' title="bbox 1918 3093 3494 3164; baseline -0.003 -14"><span class='ocrx_word' id='word_1_555' title='bbox 1918 3107 2267 3164; x_wconf 79' lang='lat' dir='ltr'><strong>matre:qu</strong></span> <span class='ocrx_word' id='word_1_556' title='bbox 2301 3109 2388 3149; x_wconf 90' lang='lat' dir='ltr'><strong>res</strong></span> <span class='ocrx_word' id='word_1_557' title='bbox 2417 3094 2568 3148; x_wconf 85' lang='lat' dir='ltr'><strong>nobis</strong></span> <span class='ocrx_word' id='word_1_558' title='bbox 2613 3093 2865 3162; x_wconf 82' lang='lat' dir='ltr'><strong>quiddam</strong></span> <span class='ocrx_word' id='word_1_559' title='bbox 2922 3093 3154 3148; x_wconf 81' lang='lat' dir='ltr'><strong>maxime</strong></span> <span class='ocrx_word' id='word_1_560' title='bbox 3221 3094 3494 3160; x_wconf 80' lang='lat' dir='ltr'><strong>singulare</strong></span> 
     </span>
    </p>
   </div>
   <div class='ocr_carea' id='block_1_78' title="bbox 1919 3176 3476 3255">
    <p class='ocr_par' dir='ltr' id='par_1_78' title="bbox 1919 3176 3476 3255">
     <span class='ocr_line' id='line_1_78' title="bbox 1919 3176 3476 3255; baseline -0.003 -13"><span class='ocrx_word' id='word_1_561' title='bbox 1919 3189 2194 3243; x_wconf 85' lang='lat' dir='ltr'><strong>indicavit.</strong></span> <span class='ocrx_word' id='word_1_562' title='bbox 2225 3186 2440 3253; x_wconf 86' lang='lat' dir='ltr'><strong>Quievit</strong></span> <span class='ocrx_word' id='word_1_563' title='bbox 2470 3185 2612 3239; x_wconf 91' lang='lat' dir='ltr'><strong>enim</strong></span> <span class='ocrx_word' id='word_1_564' title='bbox 2637 3184 2884 3239; x_wconf 86' lang='lat' dir='ltr'><strong>Christus</strong></span> <span class='ocrx_word' id='word_1_565' title='bbox 2914 3199 3076 3254; x_wconf 88' lang='lat' dir='ltr'><strong>super</strong></span> <span class='ocrx_word' id='word_1_566' title='bbox 3099 3200 3239 3239; x_wconf 87' lang='lat' dir='ltr'><strong>novo</strong></span> <span class='ocrx_word' id='word_1_567' title='bbox 3258 3176 3476 3255; x_wconf 82' lang='lat' dir='ltr'><strong>populo,</strong></span> 
     </span>
    </p>
   </div>
   <div class='ocr_carea' id='block_1_79' title="bbox 1920 3276 3496 3346">
    <p class='ocr_par' dir='ltr' id='par_1_79' title="bbox 1920 3276 3496 3346">
     <span class='ocr_line' id='line_1_79' title="bbox 1920 3276 3496 3346; baseline -0.003 -13"><span class='ocrx_word' id='word_1_568' title='bbox 1920 3280 2021 3333; x_wconf 86' lang='lat' dir='ltr'><strong>huc</strong></span> <span class='ocrx_word' id='word_1_569' title='bbox 2058 3287 2141 3332; x_wconf 88' lang='lat' dir='ltr'><strong>est</strong></span> <span class='ocrx_word' id='word_1_570' title='bbox 2174 3277 2238 3331; x_wconf 87' lang='lat' dir='ltr'><strong>ad</strong></span> <span class='ocrx_word' id='word_1_571' title='bbox 2267 3277 2597 3346; x_wconf 85' lang='lat' dir='ltr'><strong>agnitionem</strong></span> <span class='ocrx_word' id='word_1_572' title='bbox 2629 3276 2872 3330; x_wconf 84' lang='lat' dir='ltr'><strong>veritatis</strong></span> <span class='ocrx_word' id='word_1_573' title='bbox 2891 3286 3101 3343; x_wconf 87' lang='lat' dir='ltr'><strong>vocato,</strong></span> <span class='ocrx_word' id='word_1_574' title='bbox 3133 3277 3223 3346; x_wconf 91' lang='lat' dir='ltr'><strong>qui</strong></span> <span class='ocrx_word' id='word_1_575' title='bbox 3248 3276 3496 3346; x_wconf 84' lang='lat' dir='ltr'><strong>aliquan-</strong></span> 
     </span>
    </p>
   </div>
   <div class='ocr_carea' id='block_1_80' title="bbox 1920 3366 3490 3438">
    <p class='ocr_par' dir='ltr' id='par_1_80' title="bbox 1920 3366 3490 3438">
     <span class='ocr_line' id='line_1_80' title="bbox 1920 3366 3490 3438; baseline -0.003 -15"><span class='ocrx_word' id='word_1_576' title='bbox 1920 3371 1987 3423; x_wconf 91' lang='lat' dir='ltr'><strong>do</strong></span> <span class='ocrx_word' id='word_1_577' title='bbox 2005 3369 2143 3423; x_wconf 81' lang='lat' dir='ltr'><strong>idola</strong></span> <span class='ocrx_word' id='word_1_578' title='bbox 2161 3367 2540 3422; x_wconf 88' lang='lat' dir='ltr'><strong>venerabatur.</strong></span> <span class='ocrx_word' id='word_1_579' title='bbox 2559 3366 2731 3420; x_wconf 89' lang='lat' dir='ltr'><strong>Inslar</strong></span> <span class='ocrx_word' id='word_1_580' title='bbox 2747 3367 2872 3436; x_wconf 88' lang='lat' dir='ltr'><strong>pulli</strong></span> <span class='ocrx_word' id='word_1_581' title='bbox 2892 3367 3087 3438; x_wconf 88' lang='lat' dir='ltr'><strong>quippe</strong></span> <span class='ocrx_word' id='word_1_582' title='bbox 3103 3377 3240 3433; x_wconf 88' lang='lat' dir='ltr'><strong>erat,</strong></span> <span class='ocrx_word' id='word_1_583' title='bbox 3257 3367 3490 3422; x_wconf 87' lang='lat' dir='ltr'><strong>nondum</strong></span> 
     </span>
    </p>
   </div>
   <div class='ocr_carea' id='block_1_81' title="bbox 1921 3459 3490 3529">
    <p class='ocr_par' dir='ltr' id='par_1_81' title="bbox 1921 3459 3490 3529">
     <span class='ocr_line' id='line_1_81' title="bbox 1921 3459 3490 3529; baseline -0.001 -15"><span class='ocrx_word' id='word_1_584' title='bbox 1921 3460 2171 3525; x_wconf 88' lang='lat' dir='ltr'><strong>domitus,</strong></span> <span class='ocrx_word' id='word_1_585' title='bbox 2203 3474 2406 3529; x_wconf 90' lang='lat' dir='ltr'><strong>necque</strong></span> <span class='ocrx_word' id='word_1_586' title='bbox 2447 3468 2592 3514; x_wconf 86' lang='lat' dir='ltr'><strong>recta</strong></span> <span class='ocrx_word' id='word_1_587' title='bbox 2620 3459 2798 3513; x_wconf 91' lang='lat' dir='ltr'><strong>sciens</strong></span> <span class='ocrx_word' id='word_1_588' title='bbox 2832 3459 3061 3528; x_wconf 80' lang='lat' dir='ltr'><strong>ingredi,</strong></span> <span class='ocrx_word' id='word_1_589' title='bbox 3089 3468 3276 3529; x_wconf 93' lang='lat' dir='ltr'><strong>utpote</strong></span> <span class='ocrx_word' id='word_1_590' title='bbox 3307 3460 3490 3514; x_wconf 76' lang='lat' dir='ltr'><strong>divina</strong></span> 
     </span>
    </p>
   </div>
   <div class='ocr_carea' id='block_1_82' title="bbox 1921 3550 3492 3622">
    <p class='ocr_par' dir='ltr' id='par_1_82' title="bbox 1921 3550 3492 3622">
     <span class='ocr_line' id='line_1_82' title="bbox 1921 3550 3492 3622; baseline -0.003 -14"><span class='ocrx_word' id='word_1_591' title='bbox 1921 3554 2042 3622; x_wconf 81' lang='lat' dir='ltr'><strong>lege</strong></span> <span class='ocrx_word' id='word_1_592' title='bbox 2063 3553 2297 3606; x_wconf 90' lang='lat' dir='ltr'><strong>nondum</strong></span> <span class='ocrx_word' id='word_1_593' title='bbox 2317 3552 2612 3606; x_wconf 90' lang='lat' dir='ltr'><strong>institutus.</strong></span> <span class='ocrx_word' id='word_1_594' title='bbox 2634 3550 2737 3605; x_wconf 89' lang='lat' dir='ltr'><strong>Sed</strong></span> <span class='ocrx_word' id='word_1_595' title='bbox 2761 3551 2848 3620; x_wconf 90' lang='lat' dir='ltr'><strong>qui</strong></span> <span class='ocrx_word' id='word_1_596' title='bbox 2868 3566 3056 3607; x_wconf 90' lang='lat' dir='ltr'><strong>omnes</strong></span> <span class='ocrx_word' id='word_1_597' title='bbox 3073 3554 3138 3606; x_wconf 88' lang='lat' dir='ltr'><strong>ad</strong></span> <span class='ocrx_word' id='word_1_598' title='bbox 3156 3552 3492 3621; x_wconf 86' lang='lat' dir='ltr'><strong>spiritualem</strong></span> 
     </span>
    </p>
   </div>
   <div class='ocr_carea' id='block_1_83' title="bbox 1922 3641 3490 3711">
    <p class='ocr_par' dir='ltr' id='par_1_83' title="bbox 1922 3641 3490 3711">
     <span class='ocr_line' id='line_1_83' title="bbox 1922 3641 3490 3711; baseline -0.002 -12"><span class='ocrx_word' id='word_1_599' title='bbox 1922 3644 2202 3700; x_wconf 88' lang='lat' dir='ltr'><strong>scientiam</strong></span> <span class='ocrx_word' id='word_1_600' title='bbox 2221 3643 2454 3708; x_wconf 86' lang='lat' dir='ltr'><strong>deducit,</strong></span> <span class='ocrx_word' id='word_1_601' title='bbox 2477 3643 2578 3696; x_wconf 89' lang='lat' dir='ltr'><strong>sibi</strong></span> <span class='ocrx_word' id='word_1_602' title='bbox 2607 3641 2808 3711; x_wconf 91' lang='lat' dir='ltr'><strong>pullum</strong></span> <span class='ocrx_word' id='word_1_603' title='bbox 2834 3642 3144 3698; x_wconf 87' lang='lat' dir='ltr'><strong>destinavit.</strong></span> <span class='ocrx_word' id='word_1_604' title='bbox 3167 3643 3490 3697; x_wconf 87' lang='lat' dir='ltr'><strong>Secuturam</strong></span> 
     </span>
    </p>
   </div>
   <div class='ocr_carea' id='block_1_84' title="bbox 1922 3732 3496 3802">
    <p class='ocr_par' dir='ltr' id='par_1_84' title="bbox 1922 3732 3496 3802">
     <span class='ocr_line' id='line_1_84' title="bbox 1922 3732 3496 3802; baseline -0.001 -14"><span class='ocrx_word' id='word_1_605' title='bbox 1922 3745 2099 3790; x_wconf 90' lang='lat' dir='ltr'><strong>autem</strong></span> <span class='ocrx_word' id='word_1_606' title='bbox 2131 3733 2420 3802; x_wconf 88' lang='lat' dir='ltr'><strong>aliquando</strong></span> <span class='ocrx_word' id='word_1_607' title='bbox 2460 3733 2827 3802; x_wconf 84' lang='lat' dir='ltr'><strong>Synagogam,</strong></span> <span class='ocrx_word' id='word_1_608' title='bbox 2854 3748 2949 3800; x_wconf 86' lang='lat' dir='ltr'><strong>per</strong></span> <span class='ocrx_word' id='word_1_609' title='bbox 2987 3732 3195 3785; x_wconf 82' lang='lat' dir='ltr'><strong>asinam</strong></span> <span class='ocrx_word' id='word_1_610' title='bbox 3261 3747 3496 3800; x_wconf 86' lang='lat' dir='ltr'><strong>sequen-</strong></span> 
     </span>
    </p>
   </div>
   <div class='ocr_carea' id='block_1_85' title="bbox 1924 3821 3496 3892">
    <p class='ocr_par' dir='ltr' id='par_1_85' title="bbox 1924 3821 3496 3892">
     <span class='ocr_line' id='line_1_85' title="bbox 1924 3821 3496 3892; baseline -0.001 -13"><span class='ocrx_word' id='word_1_611' title='bbox 1924 3835 2030 3880; x_wconf 89' lang='lat' dir='ltr'><strong>tem</strong></span> <span class='ocrx_word' id='word_1_612' title='bbox 2063 3838 2160 3878; x_wconf 91' lang='lat' dir='ltr'><strong>nos</strong></span> <span class='ocrx_word' id='word_1_613' title='bbox 2183 3824 2358 3890; x_wconf 90' lang='lat' dir='ltr'><strong>docet,</strong></span> <span class='ocrx_word' id='word_1_614' title='bbox 2387 3823 2634 3892; x_wconf 89' lang='lat' dir='ltr'><strong>quamvis</strong></span> <span class='ocrx_word' id='word_1_615' title='bbox 2673 3832 2914 3890; x_wconf 90' lang='lat' dir='ltr'><strong>tempore</strong></span> <span class='ocrx_word' id='word_1_616' title='bbox 2949 3821 3247 3875; x_wconf 85' lang='lat' dir='ltr'><strong>vocationis</strong></span> <span class='ocrx_word' id='word_1_617' title='bbox 3274 3830 3496 3877; x_wconf 83' lang='lat' dir='ltr'><strong>antece—</strong></span> 
     </span>
    </p>
   </div>
   <div class='ocr_carea' id='block_1_86' title="bbox 1924 3911 3497 3987">
    <p class='ocr_par' dir='ltr' id='par_1_86' title="bbox 1924 3911 3497 3987">
     <span class='ocr_line' id='line_1_86' title="bbox 1924 3911 3497 3987; baseline -0.003 -16"><span class='ocrx_word' id='word_1_618' title='bbox 1924 3917 2042 3971; x_wconf 90' lang='lat' dir='ltr'><strong>dat:</strong></span> <span class='ocrx_word' id='word_1_619' title='bbox 2079 3930 2176 3987; x_wconf 90' lang='lat' dir='ltr'><strong>per</strong></span> <span class='ocrx_word' id='word_1_620' title='bbox 2203 3914 2386 3970; x_wconf 79' lang='lat' dir='ltr'><strong>Mosen</strong></span> <span class='ocrx_word' id='word_1_621' title='bbox 2418 3913 2563 3969; x_wconf 92' lang='lat' dir='ltr'><strong>enim</strong></span> <span class='ocrx_word' id='word_1_622' title='bbox 2586 3922 2641 3968; x_wconf 91' lang='lat' dir='ltr'><strong>et</strong></span> <span class='ocrx_word' id='word_1_623' title='bbox 2669 3913 2959 3982; x_wconf 81' lang='lat' dir='ltr'><strong>praphetas</strong></span> <span class='ocrx_word' id='word_1_624' title='bbox 2983 3921 3170 3967; x_wconf 90' lang='lat' dir='ltr'><strong>vocata</strong></span> <span class='ocrx_word' id='word_1_625' title='bbox 3209 3921 3312 3968; x_wconf 90' lang='lat' dir='ltr'><strong>est.</strong></span> <span class='ocrx_word' id='word_1_626' title='bbox 3361 3911 3497 3978; x_wconf 81' lang='lat' dir='ltr'><strong>Quia</strong></span> 
     </span>
    </p>
   </div>
   <div class='ocr_carea' id='block_1_87' title="bbox 1924 4005 3497 4076">
    <p class='ocr_par' dir='ltr' id='par_1_87' title="bbox 1924 4005 3497 4076">
     <span class='ocr_line' id='line_1_87' title="bbox 1924 4005 3497 4076; baseline -0.003 -13"><span class='ocrx_word' id='word_1_627' title='bbox 1924 4023 2052 4063; x_wconf 89' lang='lat' dir='ltr'><strong>vero</strong></span> <span class='ocrx_word' id='word_1_628' title='bbox 2105 4009 2157 4061; x_wconf 92' lang='lat' dir='ltr'><strong>in</strong></span> <span class='ocrx_word' id='word_1_629' title='bbox 2222 4021 2401 4076; x_wconf 86' lang='lat' dir='ltr'><strong>regem</strong></span> <span class='ocrx_word' id='word_1_630' title='bbox 2444 4005 2778 4060; x_wconf 88' lang='lat' dir='ltr'><strong>Salvatorem</strong></span> <span class='ocrx_word' id='word_1_631' title='bbox 2836 4005 3080 4074; x_wconf 88' lang='lat' dir='ltr'><strong>peccavit</strong></span> <span class='ocrx_word' id='word_1_632' title='bbox 3143 4005 3161 4074; x_wconf 96' lang='lat'>(</span> <span class='ocrx_word' id='word_1_633' title='bbox 3206 4020 3314 4059; x_wconf 91' lang='lat' dir='ltr'><strong>non</strong></span> <span class='ocrx_word' id='word_1_634' title='bbox 3352 4006 3497 4058; x_wconf 86' lang='lat' dir='ltr'><strong>enim</strong></span> 
     </span>
    </p>
   </div>
   <div class='ocr_carea' id='block_1_88' title="bbox 1924 4095 3496 4168">
    <p class='ocr_par' dir='ltr' id='par_1_88' title="bbox 1924 4095 3496 4168">
     <span class='ocr_line' id='line_1_88' title="bbox 1924 4095 3496 4168; baseline -0.002 -15"><span class='ocrx_word' id='word_1_635' title='bbox 1924 4099 2084 4154; x_wconf 85' lang='lat' dir='ltr'><strong>ﬁdem</strong></span> <span class='ocrx_word' id='word_1_636' title='bbox 2121 4098 2412 4168; x_wconf 88' lang='lat' dir='ltr'><strong>admisit),</strong></span> <span class='ocrx_word' id='word_1_637' title='bbox 2442 4098 2642 4152; x_wconf 87' lang='lat' dir='ltr'><strong>idcirco</strong></span> <span class='ocrx_word' id='word_1_638' title='bbox 2683 4096 2883 4163; x_wconf 91' lang='lat' dir='ltr'><strong>pullum</strong></span> <span class='ocrx_word' id='word_1_639' title='bbox 2936 4098 3202 4166; x_wconf 88' lang='lat' dir='ltr'><strong>sequitur,</strong></span> <span class='ocrx_word' id='word_1_640' title='bbox 3244 4103 3298 4151; x_wconf 91' lang='lat' dir='ltr'><strong>et</strong></span> <span class='ocrx_word' id='word_1_641' title='bbox 3355 4095 3496 4150; x_wconf 80' lang='lat' dir='ltr'><strong>facta</strong></span> 
     </span>
    </p>
   </div>
   <div class='ocr_carea' id='block_1_89' title="bbox 1925 4185 3500 4256">
    <p class='ocr_par' dir='ltr' id='par_1_89' title="bbox 1925 4185 3500 4256">
     <span class='ocr_line' id='line_1_89' title="bbox 1925 4185 3500 4256; baseline 0.001 -16"><span class='ocrx_word' id='word_1_642' title='bbox 1925 4196 2008 4241; x_wconf 88' lang='lat' dir='ltr'><strong>est</strong></span> <span class='ocrx_word' id='word_1_643' title='bbox 2037 4187 2089 4239; x_wconf 93' lang='lat' dir='ltr'><strong>in</strong></span> <span class='ocrx_word' id='word_1_644' title='bbox 2122 4186 2373 4250; x_wconf 84' lang='lat' dir='ltr'><strong>caudam,</strong></span> <span class='ocrx_word' id='word_1_645' title='bbox 2420 4187 2521 4239; x_wconf 87' lang='lat' dir='ltr'><strong>hoc</strong></span> <span class='ocrx_word' id='word_1_646' title='bbox 2557 4195 2638 4238; x_wconf 91' lang='lat' dir='ltr'><strong>est</strong></span> <span class='ocrx_word' id='word_1_647' title='bbox 2673 4185 2913 4252; x_wconf 87' lang='lat' dir='ltr'><strong>sequela,</strong></span> <span class='ocrx_word' id='word_1_648' title='bbox 2950 4196 3004 4240; x_wconf 92' lang='lat' dir='ltr'><strong>et</strong></span> <span class='ocrx_word' id='word_1_649' title='bbox 3042 4194 3164 4253; x_wconf 90' lang='lat' dir='ltr'><strong>post</strong></span> <span class='ocrx_word' id='word_1_650' title='bbox 3187 4196 3394 4256; x_wconf 84' lang='lat' dir='ltr'><strong>gentes,</strong></span> <span class='ocrx_word' id='word_1_651' title='bbox 3445 4194 3500 4242; x_wconf 82' lang='lat' dir='ltr'><strong>et</strong></span> 
     </span>
    </p>
   </div>
   <div class='ocr_carea' id='block_1_90' title="bbox 1927 4275 3504 4348">
    <p class='ocr_par' dir='ltr' id='par_1_90' title="bbox 1927 4275 3504 4348">
     <span class='ocr_line' id='line_1_90' title="bbox 1927 4275 3504 4348; baseline 0.001 -18"><span class='ocrx_word' id='word_1_652' title='bbox 1927 4293 2044 4348; x_wconf 60' lang='lat' dir='ltr'><strong>quae</strong></span> <span class='ocrx_word' id='word_1_653' title='bbox 2073 4276 2174 4330; x_wconf 80' lang='lat' dir='ltr'><strong>fuit</strong></span> <span class='ocrx_word' id='word_1_654' title='bbox 2201 4278 2395 4346; x_wconf 91' lang='lat' dir='ltr'><strong>prima,</strong></span> <span class='ocrx_word' id='word_1_655' title='bbox 2437 4277 2609 4331; x_wconf 87' lang='lat' dir='ltr'><strong>evasit</strong></span> <span class='ocrx_word' id='word_1_656' title='bbox 2643 4275 2854 4330; x_wconf 87' lang='lat' dir='ltr'><strong>ultima.</strong></span> <span class='ocrx_word' id='word_1_657' title='bbox 2881 4277 3264 4330; x_wconf 84' lang='lat' dir='ltr'><strong>Animadverte</strong></span> <span class='ocrx_word' id='word_1_658' title='bbox 3299 4278 3504 4346; x_wconf 64' lang='lat' dir='ltr'><strong>porro,</strong></span> 
     </span>
    </p>
   </div>
   <div class='ocr_carea' id='block_1_91' title="bbox 1927 4367 3502 4438">
    <p class='ocr_par' dir='ltr' id='par_1_91' title="bbox 1927 4367 3502 4438">
     <span class='ocr_line' id='line_1_91' title="bbox 1927 4367 3502 4438; baseline 0.001 -17"><span class='ocrx_word' id='word_1_659' title='bbox 1927 4369 2193 4438; x_wconf 88' lang='lat' dir='ltr'><strong>quomodo</strong></span> <span class='ocrx_word' id='word_1_660' title='bbox 2228 4370 2292 4421; x_wconf 79' lang='lat' dir='ltr'><strong>ad</strong></span> <span class='ocrx_word' id='word_1_661' title='bbox 2317 4379 2612 4422; x_wconf 85' lang='lat' dir='ltr'><strong>extremam</strong></span> <span class='ocrx_word' id='word_1_662' title='bbox 2649 4367 2971 4423; x_wconf 88' lang='lat' dir='ltr'><strong>dementiam</strong></span> <span class='ocrx_word' id='word_1_663' title='bbox 3001 4367 3283 4423; x_wconf 82' lang='lat' dir='ltr'><strong>deﬂexisse</strong></span> <span class='ocrx_word' id='word_1_664' title='bbox 3315 4378 3502 4425; x_wconf 84' lang='lat' dir='ltr'><strong>osten-</strong></span> 
     </span>
    </p>
   </div>
   <div class='ocr_carea' id='block_1_92' title="bbox 246 4445 1831 4549">
    <p class='ocr_par' dir='ltr' id='par_1_92' title="bbox 246 4471 1823 4544">
     <span class='ocr_line' id='line_1_92' title="bbox 246 4471 1823 4544; baseline 0.003 -20"><span class='ocrx_word' id='word_1_665' title='bbox 246 4472 340 4524; x_wconf 73' lang='grc' dir='ltr'>καὶ</span> <span class='ocrx_word' id='word_1_666' title='bbox 369 4471 684 4542; x_wconf 73' lang='grc' dir='ltr'>προφητῶν.</span> <span class='ocrx_word' id='word_1_667' title='bbox 724 4472 943 4542; x_wconf 79' lang='grc' dir='ltr'>Ἐπειδὴ</span> <span class='ocrx_word' id='word_1_668' title='bbox 971 4472 1026 4525; x_wconf 82' lang='grc' dir='ltr'><strong>δὲ</strong></span> <span class='ocrx_word' id='word_1_669' title='bbox 1049 4473 1454 4543; x_wconf 83' lang='grc' dir='ltr'>προσκέκρουκε</span> <span class='ocrx_word' id='word_1_670' title='bbox 1483 4474 1560 4544; x_wconf 79' lang='grc' dir='ltr'><strong>τῷ</strong></span> <span class='ocrx_word' id='word_1_671' title='bbox 1601 4474 1823 4539; x_wconf 76' lang='grc' dir='ltr'>σῴζοντι</span> 
     </span>
    </p>
   </div>
   <div class='ocr_carea' id='block_1_93' title="bbox 1920 4445 3505 4549">
    <p class='ocr_par' dir='ltr' id='par_1_93' title="bbox 1930 4445 3505 4528">
     <span class='ocr_line' id='line_1_93' title="bbox 1930 4445 3505 4528; baseline 0 -16"><span class='ocrx_word' id='word_1_672' title='bbox 1930 4460 2019 4512; x_wconf 90' lang='lat' dir='ltr'><strong>dat</strong></span> <span class='ocrx_word' id='word_1_673' title='bbox 2051 4459 2339 4512; x_wconf 87' lang='lat' dir='ltr'><strong>humanam</strong></span> <span class='ocrx_word' id='word_1_674' title='bbox 2369 4467 2634 4525; x_wconf 89' lang='lat' dir='ltr'><strong>naturam,</strong></span> <span class='ocrx_word' id='word_1_675' title='bbox 2670 4476 2689 4510; x_wconf 80' lang='grc' dir='ltr'><strong>ι</strong></span> <span class='ocrx_word' id='word_1_676' title='bbox 2750 4459 2840 4528; x_wconf 91' lang='lat' dir='ltr'><strong>qui</strong></span> <span class='ocrx_word' id='word_1_677' title='bbox 2896 4460 3174 4528; x_wconf 82' lang='lat' dir='ltr'><strong>cognoscit</strong></span> <span class='ocrx_word' id='word_1_678' title='bbox 3245 4473 3402 4512; x_wconf 86' lang='lat' dir='ltr'><strong>rencs</strong></span> <span class='ocrx_word' id='word_1_679' title='bbox 3449 4445 3505 4512; x_wconf 69' lang='lat' dir='ltr'><strong>ei</strong></span> 
     </span>
    </p>
   </div>
   <div class='ocr_carea' id='block_1_94' title="bbox 248 4561 1823 4636">
    <p class='ocr_par' dir='ltr' id='par_1_94' title="bbox 248 4561 1823 4636">
     <span class='ocr_line' id='line_1_94' title="bbox 248 4561 1823 4636; baseline -0.001 -20"><span class='ocrx_word' id='word_1_680' title='bbox 248 4561 464 4630; x_wconf 86' lang='grc' dir='ltr'>βασιλεῖ</span> <span class='ocrx_word' id='word_1_681' title='bbox 480 4562 563 4632; x_wconf 81' lang='grc' dir='ltr'>(οὐ</span> <span class='ocrx_word' id='word_1_682' title='bbox 585 4561 692 4632; x_wconf 85' lang='grc' dir='ltr'><strong>γάρ</strong></span> <span class='ocrx_word' id='word_1_683' title='bbox 714 4579 795 4614; x_wconf 89' lang='grc' dir='ltr'><strong>τοι</strong></span> <span class='ocrx_word' id='word_1_684' title='bbox 829 4565 1142 4633; x_wconf 71' lang='grc' dir='ltr'>προσήκατο</span> <span class='ocrx_word' id='word_1_685' title='bbox 1162 4563 1258 4634; x_wconf 82' lang='grc' dir='ltr'>τὴν</span> <span class='ocrx_word' id='word_1_686' title='bbox 1287 4563 1518 4632; x_wconf 88' lang='grc' dir='ltr'>πίστιν),</span> <span class='ocrx_word' id='word_1_687' title='bbox 1547 4565 1718 4636; x_wconf 76' lang='grc' dir='ltr'>ταύτῃ</span> <span class='ocrx_word' id='word_1_688' title='bbox 1743 4582 1823 4618; x_wconf 87' lang='grc' dir='ltr'><strong>τοι</strong></span> 
     </span>
    </p>
   </div>
   <div class='ocr_carea' id='block_1_95' title="bbox 244 4653 1825 4724">
    <p class='ocr_par' dir='ltr' id='par_1_95' title="bbox 244 4653 1825 4724">
     <span class='ocr_line' id='line_1_95' title="bbox 244 4653 1825 4724; baseline 0.001 -18"><span class='ocrx_word' id='word_1_689' title='bbox 244 4654 469 4717; x_wconf 80' lang='grc' dir='ltr'>δικαίως</span> <span class='ocrx_word' id='word_1_690' title='bbox 500 4653 593 4707; x_wconf 77' lang='grc' dir='ltr'>τοῦ</span> <span class='ocrx_word' id='word_1_691' title='bbox 619 4653 796 4706; x_wconf 83' lang='grc' dir='ltr'>πώλου</span> <span class='ocrx_word' id='word_1_692' title='bbox 846 4655 1076 4706; x_wconf 85' lang='grc' dir='ltr'>κατόπιν</span> <span class='ocrx_word' id='word_1_693' title='bbox 1118 4654 1333 4724; x_wconf 80' lang='grc' dir='ltr'>ἔρχεται</span> <span class='ocrx_word' id='word_1_694' title='bbox 1373 4654 1546 4722; x_wconf 85' lang='grc' dir='ltr'>μόλις,</span> <span class='ocrx_word' id='word_1_695' title='bbox 1592 4657 1684 4708; x_wconf 78' lang='grc' dir='ltr'><strong>καὶ</strong></span> <span class='ocrx_word' id='word_1_696' title='bbox 1731 4655 1825 4723; x_wconf 82' lang='grc' dir='ltr'>γέ-</span> 
     </span>
    </p>
   </div>
   <div class='ocr_carea' id='block_1_96' title="bbox 245 4744 1826 4815">
    <p class='ocr_par' dir='ltr' id='par_1_96' title="bbox 245 4744 1826 4815">
     <span class='ocr_line' id='line_1_96' title="bbox 245 4744 1826 4815; baseline 0 -17"><span class='ocrx_word' id='word_1_697' title='bbox 245 4763 404 4813; x_wconf 89' lang='grc' dir='ltr'>γονεν</span> <span class='ocrx_word' id='word_1_698' title='bbox 425 4747 504 4807; x_wconf 85' lang='grc' dir='ltr'><strong>είς</strong></span> <span class='ocrx_word' id='word_1_699' title='bbox 528 4745 716 4815; x_wconf 76' lang='grc' dir='ltr'>οὐρὰν,</span> <span class='ocrx_word' id='word_1_700' title='bbox 741 4747 982 4798; x_wconf 87' lang='grc' dir='ltr'>τουτέστι</span> <span class='ocrx_word' id='word_1_701' title='bbox 1022 4744 1508 4815; x_wconf 82' lang='grc' dir='ltr'>παρακολούθημα,</span> <span class='ocrx_word' id='word_1_702' title='bbox 1532 4746 1626 4798; x_wconf 82' lang='grc' dir='ltr'><strong>καὶ</strong></span> <span class='ocrx_word' id='word_1_703' title='bbox 1651 4745 1826 4798; x_wconf 84' lang='grc' dir='ltr'>ὀπίσω</span> 
     </span>
    </p>
   </div>
   <div class='ocr_carea' id='block_1_97' title="bbox 243 4833 1827 4908">
    <p class='ocr_par' dir='ltr' id='par_1_97' title="bbox 243 4833 1827 4908">
     <span class='ocr_line' id='line_1_97' title="bbox 243 4833 1827 4908; baseline 0.001 -19"><span class='ocrx_word' id='word_1_704' title='bbox 243 4837 353 4890; x_wconf 82' lang='grc' dir='ltr'><strong>τῶν</strong></span> <span class='ocrx_word' id='word_1_705' title='bbox 382 4836 443 4902; x_wconf 76' lang='grc' dir='ltr'>ἐξ</span> <span class='ocrx_word' id='word_1_706' title='bbox 476 4836 668 4896; x_wconf 76' lang='grc' dir='ltr'>ἐθνῶν,</span> <span class='ocrx_word' id='word_1_707' title='bbox 709 4837 801 4889; x_wconf 69' lang='grc' dir='ltr'><strong>καὶ</strong></span> <span class='ocrx_word' id='word_1_708' title='bbox 827 4839 859 4908; x_wconf 73' lang='grc' dir='ltr'>ἡ</span> <span class='ocrx_word' id='word_1_709' title='bbox 887 4833 1079 4907; x_wconf 74' lang='grc' dir='ltr'>πρῶτη</span> <span class='ocrx_word' id='word_1_710' title='bbox 1115 4836 1330 4904; x_wconf 86' lang='grc' dir='ltr'>γέγονεν</span> <span class='ocrx_word' id='word_1_711' title='bbox 1373 4837 1596 4905; x_wconf 76' lang='grc' dir='ltr'>ἐσχάτη.</span> <span class='ocrx_word' id='word_1_712' title='bbox 1636 4836 1827 4906; x_wconf 78' lang='grc' dir='ltr'>Ἀθρει</span> 
     </span>
    </p>
   </div>
   <div class='ocr_carea' id='block_1_98' title="bbox 243 4925 1826 4996">
    <p class='ocr_par' dir='ltr' id='par_1_98' title="bbox 243 4925 1826 4996">
     <span class='ocr_line' id='line_1_98' title="bbox 243 4925 1826 4996; baseline -0.003 -14"><span class='ocrx_word' id='word_1_713' title='bbox 243 4929 319 4992; x_wconf 79' lang='grc' dir='ltr'><strong>δὲ,</strong></span> <span class='ocrx_word' id='word_1_714' title='bbox 351 4928 503 4990; x_wconf 80' lang='grc' dir='ltr'>ὅπως</span> <span class='ocrx_word' id='word_1_715' title='bbox 539 4928 617 4990; x_wconf 88' lang='grc' dir='ltr'><strong>είς</strong></span> <span class='ocrx_word' id='word_1_716' title='bbox 650 4927 883 4996; x_wconf 81' lang='grc' dir='ltr'>ἐσχάτην</span> <span class='ocrx_word' id='word_1_717' title='bbox 915 4926 1136 4993; x_wconf 84' lang='grc' dir='ltr'>ἀλογίαν</span> <span class='ocrx_word' id='word_1_718' title='bbox 1175 4925 1634 4994; x_wconf 81' lang='grc' dir='ltr'>ἀποκομισθεῖσαν</span> <span class='ocrx_word' id='word_1_719' title='bbox 1660 4925 1826 4988; x_wconf 76' lang='grc' dir='ltr'>ἔδειξε</span> 
     </span>
    </p>
   </div>
   <div class='ocr_carea' id='block_1_99' title="bbox 243 5015 1821 5092">
    <p class='ocr_par' dir='ltr' id='par_1_99' title="bbox 243 5015 1821 5092">
     <span class='ocr_line' id='line_1_99' title="bbox 243 5015 1821 5092; baseline -0.003 -20"><span class='ocrx_word' id='word_1_720' title='bbox 243 5018 343 5092; x_wconf 77' lang='grc' dir='ltr'><strong>τὴν</strong></span> <span class='ocrx_word' id='word_1_721' title='bbox 366 5019 657 5089; x_wconf 83' lang='grc' dir='ltr'>ἀνθρώπου</span> <span class='ocrx_word' id='word_1_722' title='bbox 687 5018 868 5087; x_wconf 67' lang='grc' dir='ltr'>φύσιν,</span> <span class='ocrx_word' id='word_1_723' title='bbox 893 5037 910 5068; x_wconf 81' lang='grc' dir='ltr'><strong>ι</strong></span> <span class='ocrx_word' id='word_1_724' title='bbox 935 5020 963 5071; x_wconf 88' lang='lat'><strong>6</strong></span> <span class='ocrx_word' id='word_1_725' title='bbox 981 5019 1210 5088; x_wconf 79' lang='grc' dir='ltr'>νεφροὺς</span> <span class='ocrx_word' id='word_1_726' title='bbox 1227 5015 1388 5078; x_wconf 72' lang='grc' dir='ltr'>εἰδὼς</span> <span class='ocrx_word' id='word_1_727' title='bbox 1424 5017 1514 5069; x_wconf 72' lang='grc' dir='ltr'><strong>καὶ</strong></span> <span class='ocrx_word' id='word_1_728' title='bbox 1542 5016 1786 5087; x_wconf 83' lang='grc' dir='ltr'>καρδίας.</span> <span class='ocrx_word' id='word_1_729' title='bbox 1803 5035 1821 5068; x_wconf 69' lang='grc' dir='ltr'><strong>ι</strong></span> 
     </span>
    </p>
   </div>
   <div class='ocr_carea' id='block_1_100' title="bbox 249 5106 1828 5180">
    <p class='ocr_par' dir='ltr' id='par_1_100' title="bbox 249 5106 1828 5180">
     <span class='ocr_line' id='line_1_100' title="bbox 249 5106 1828 5180; baseline -0.004 -16"><span class='ocrx_word' id='word_1_730' title='bbox 249 5113 399 5180; x_wconf 81' lang='grc' dir='ltr'><strong>Ὅνῳ</strong></span> <span class='ocrx_word' id='word_1_731' title='bbox 424 5110 535 5180; x_wconf 83' lang='grc' dir='ltr'>γὰρ</span> <span class='ocrx_word' id='word_1_732' title='bbox 559 5109 951 5180; x_wconf 76' lang='grc' dir='ltr'>παρεικάζεται</span> <span class='ocrx_word' id='word_1_733' title='bbox 973 5111 1036 5179; x_wconf 80' lang='grc' dir='ltr'>τῇ</span> <span class='ocrx_word' id='word_1_734' title='bbox 1058 5108 1178 5161; x_wconf 86' lang='grc' dir='ltr'>λίαν</span> <span class='ocrx_word' id='word_1_735' title='bbox 1207 5107 1521 5178; x_wconf 80' lang='grc' dir='ltr'>ἀλογωτάτῃ</span> <span class='ocrx_word' id='word_1_736' title='bbox 1548 5108 1639 5160; x_wconf 70' lang='grc' dir='ltr'><strong>καὶ</strong></span> <span class='ocrx_word' id='word_1_737' title='bbox 1666 5109 1697 5177; x_wconf 82' lang='grc' dir='ltr'>ὴ</span> <span class='ocrx_word' id='word_1_738' title='bbox 1721 5106 1828 5158; x_wconf 86' lang='grc' dir='ltr'><strong>τῶν</strong></span> 
     </span>
    </p>
   </div>
   <div class='ocr_carea' id='block_1_101' title="bbox 259 5197 1830 5271">
    <p class='ocr_par' dir='ltr' id='par_1_101' title="bbox 259 5197 1830 5271">
     <span class='ocr_line' id='line_1_101' title="bbox 259 5197 1830 5271; baseline -0.004 -16"><span class='ocrx_word' id='word_1_739' title='bbox 259 5201 533 5256; x_wconf 80' lang='grc' dir='ltr'>Ἰουδαίων</span> <span class='ocrx_word' id='word_1_740' title='bbox 557 5202 878 5271; x_wconf 80' lang='grc' dir='ltr'>Συναγωγὴ,</span> <span class='ocrx_word' id='word_1_741' title='bbox 909 5201 1001 5253; x_wconf 66' lang='grc' dir='ltr'>καὶ</span> <span class='ocrx_word' id='word_1_742' title='bbox 1025 5199 1163 5270; x_wconf 80' lang='grc' dir='ltr'>αὑτὴ</span> <span class='ocrx_word' id='word_1_743' title='bbox 1192 5201 1246 5253; x_wconf 86' lang='grc' dir='ltr'>δὲ</span> <span class='ocrx_word' id='word_1_744' title='bbox 1271 5199 1379 5253; x_wconf 85' lang='grc' dir='ltr'><strong>τῶν</strong></span> <span class='ocrx_word' id='word_1_745' title='bbox 1429 5197 1598 5251; x_wconf 79' lang='grc' dir='ltr'>ἐθνῶν</span> <span class='ocrx_word' id='word_1_746' title='bbox 1623 5199 1655 5267; x_wconf 82' lang='grc' dir='ltr'>ἡ</span> <span class='ocrx_word' id='word_1_747' title='bbox 1691 5197 1830 5264; x_wconf 85' lang='grc' dir='ltr'>πλη-</span> 
     </span>
    </p>
   </div>
   <div class='ocr_carea' id='block_1_102' title="bbox 247 5289 1830 5364">
    <p class='ocr_par' dir='ltr' id='par_1_102' title="bbox 247 5289 1830 5364">
     <span class='ocr_line' id='line_1_102' title="bbox 247 5289 1830 5364; baseline -0.001 -21"><span class='ocrx_word' id='word_1_748' title='bbox 247 5294 368 5358; x_wconf 80' lang='grc' dir='ltr'>θύς.</span> <span class='ocrx_word' id='word_1_749' title='bbox 408 5295 472 5346; x_wconf 82' lang='lat' dir='ltr'><strong>Ol</strong></span> <span class='ocrx_word' id='word_1_750' title='bbox 500 5295 599 5364; x_wconf 81' lang='grc' dir='ltr'><strong>μὲν</strong></span> <span class='ocrx_word' id='word_1_751' title='bbox 638 5295 748 5364; x_wconf 73' lang='grc' dir='ltr'>γὰρ</span> <span class='ocrx_word' id='word_1_752' title='bbox 770 5293 1186 5363; x_wconf 84' lang='grc' dir='ltr'>λελατρευκότες</span> <span class='ocrx_word' id='word_1_753' title='bbox 1219 5295 1283 5362; x_wconf 84' lang='grc' dir='ltr'>τῇ</span> <span class='ocrx_word' id='word_1_754' title='bbox 1336 5292 1508 5344; x_wconf 86' lang='grc' dir='ltr'>κτίσει</span> <span class='ocrx_word' id='word_1_755' title='bbox 1557 5291 1705 5359; x_wconf 75' lang='grc' dir='ltr'>παρὰ</span> <span class='ocrx_word' id='word_1_756' title='bbox 1737 5289 1830 5342; x_wconf 82' lang='grc' dir='ltr'>τὸν</span> 
     </span>
    </p>
   </div>
   <div class='ocr_carea' id='block_1_103' title="bbox 248 5382 1832 5454">
    <p class='ocr_par' dir='ltr' id='par_1_103' title="bbox 248 5382 1832 5454">
     <span class='ocr_line' id='line_1_103' title="bbox 248 5382 1832 5454; baseline -0.002 -17"><span class='ocrx_word' id='word_1_757' title='bbox 248 5386 516 5444; x_wconf 78' lang='grc' dir='ltr'>κτίσαντα</span> <span class='ocrx_word' id='word_1_758' title='bbox 549 5385 702 5437; x_wconf 86' lang='grc' dir='ltr'>Θεόν·</span> <span class='ocrx_word' id='word_1_759' title='bbox 765 5387 813 5437; x_wconf 82' lang='grc' dir='ltr'>οἱ</span> <span class='ocrx_word' id='word_1_760' title='bbox 844 5384 900 5438; x_wconf 82' lang='grc' dir='ltr'>δὲ</span> <span class='ocrx_word' id='word_1_761' title='bbox 951 5384 1040 5437; x_wconf 81' lang='grc' dir='ltr'><strong>τὸν</strong></span> <span class='ocrx_word' id='word_1_762' title='bbox 1083 5383 1428 5454; x_wconf 77' lang='grc' dir='ltr'>παιδαγωγὸν</span> <span class='ocrx_word' id='word_1_763' title='bbox 1477 5382 1832 5451; x_wconf 79' lang='grc' dir='ltr'>ἀτιμάζοντες</span> 
     </span>
    </p>
   </div>
   <div class='ocr_carea' id='block_1_104' title="bbox 249 5473 1834 5546">
    <p class='ocr_par' dir='ltr' id='par_1_104' title="bbox 249 5473 1834 5546">
     <span class='ocr_line' id='line_1_104' title="bbox 249 5473 1834 5546; baseline -0.001 -20"><span class='ocrx_word' id='word_1_764' title='bbox 249 5477 438 5546; x_wconf 69' lang='grc' dir='ltr'>νόμον,</span> <span class='ocrx_word' id='word_1_765' title='bbox 471 5474 574 5543; x_wconf 76' lang='grc' dir='ltr'><strong>ἔξω</strong></span> <span class='ocrx_word' id='word_1_766' title='bbox 614 5473 706 5527; x_wconf 81' lang='grc' dir='ltr'>νοῦ</span> <span class='ocrx_word' id='word_1_767' title='bbox 743 5475 837 5527; x_wconf 71' lang='grc' dir='ltr'><strong>καὶ</strong></span> <span class='ocrx_word' id='word_1_768' title='bbox 904 5475 1096 5544; x_wconf 77' lang='grc' dir='ltr'>φρενὸς</span> <span class='ocrx_word' id='word_1_769' title='bbox 1125 5475 1408 5543; x_wconf 73' lang='grc' dir='ltr'>γεγόνασιν</span> <span class='ocrx_word' id='word_1_770' title='bbox 1460 5473 1702 5543; x_wconf 82' lang='grc' dir='ltr'>ἀγαθῆς,</span> <span class='ocrx_word' id='word_1_771' title='bbox 1741 5473 1834 5524; x_wconf 77' lang='grc' dir='ltr'><strong>καὶ</strong></span> 
     </span>
    </p>
   </div>
   <div class='ocr_carea' id='block_1_105' title="bbox 321 5655 1381 5717">
    <p class='ocr_par' dir='ltr' id='par_1_105' title="bbox 321 5655 1381 5717">
     <span class='ocr_line' id='line_1_105' title="bbox 321 5655 1381 5717; baseline 0.021 -8"><span class='ocrx_word' id='word_1_772' title='bbox 321 5658 372 5689; x_wconf 75' lang='grc'><strong>³³</strong></span> <span class='ocrx_word' id='word_1_773' title='bbox 408 5657 569 5712; x_wconf 73' lang='lat' dir='ltr'><strong>Rom.</strong></span> <span class='ocrx_word' id='word_1_774' title='bbox 609 5673 731 5717; x_wconf 87' lang='lat' dir='ltr'><strong>vm.</strong></span> <span class='ocrx_word' id='word_1_775' title='bbox 770 5655 822 5710; x_wconf 79' lang='grc'><strong>5.</strong></span> <span class='ocrx_word' id='word_1_776' title='bbox 898 5657 942 5689; x_wconf 83' lang='grc'><strong>⁸⁸</strong></span> <span class='ocrx_word' id='word_1_777' title='bbox 983 5655 1156 5712; x_wconf 49' lang='lat' dir='ltr'><strong>Galil“</strong></span> <span class='ocrx_word' id='word_1_778' title='bbox 1199 5673 1257 5714; x_wconf 71' lang='grc' dir='ltr'><strong>Π·</strong></span> <span class='ocrx_word' id='word_1_779' title='bbox 1295 5657 1381 5716; x_wconf 56' lang='grc' dir='ltr'><strong>’δ’</strong></span> 
     </span>
    </p>
   </div>
   <div class='ocr_carea' id='block_1_106' title="bbox 1479 5653 2007 5714">
    <p class='ocr_par' dir='ltr' id='par_1_106' title="bbox 1479 5653 2007 5714">
     <span class='ocr_line' id='line_1_106' title="bbox 1479 5653 2007 5714; baseline -0.002 -7"><span class='ocrx_word' id='word_1_780' title='bbox 1479 5657 1520 5687; x_wconf 69' lang='grc'>⁸⁷</span> <span class='ocrx_word' id='word_1_781' title='bbox 1555 5654 1593 5707; x_wconf 90' lang='lat' dir='ltr'><strong>II</strong></span> <span class='ocrx_word' id='word_1_782' title='bbox 1635 5654 1758 5709; x_wconf 68' lang='grc' dir='ltr'>(Ἷυγ.</span> <span class='ocrx_word' id='word_1_783' title='bbox 1791 5670 1877 5714; x_wconf 60' lang='grc' dir='ltr'><strong>Χῖ,</strong></span> <span class='ocrx_word' id='word_1_784' title='bbox 1922 5653 2007 5706; x_wconf 64' lang='grc' dir='ltr'>ιί-Γί.</span> 
     </span>
    </p>
   </div>
   <div class='ocr_carea' id='block_1_107' title="bbox 1929 4534 3505 4619">
    <p class='ocr_par' dir='ltr' id='par_1_107' title="bbox 1929 4534 3505 4619">
     <span class='ocr_line' id='line_1_107' title="bbox 1929 4534 3505 4619; baseline -0.001 -15"><span class='ocrx_word' id='word_1_785' title='bbox 1929 4534 2184 4604; x_wconf 73' lang='lat' dir='ltr'><strong>corda&quot;.</strong></span> <span class='ocrx_word' id='word_1_786' title='bbox 2201 4568 2218 4599; x_wconf 81' lang='grc'><strong>)</strong></span> <span class='ocrx_word' id='word_1_787' title='bbox 2245 4550 2412 4603; x_wconf 80' lang='lat' dir='ltr'><strong>Asino</strong></span> <span class='ocrx_word' id='word_1_788' title='bbox 2434 4551 2602 4615; x_wconf 90' lang='lat' dir='ltr'><strong>enim,</strong></span> <span class='ocrx_word' id='word_1_789' title='bbox 2627 4551 2884 4604; x_wconf 85' lang='lat' dir='ltr'><strong>animanti</strong></span> <span class='ocrx_word' id='word_1_790' title='bbox 2921 4566 2950 4604; x_wconf 91' lang='lat' dir='ltr'><strong>a</strong></span> <span class='ocrx_word' id='word_1_791' title='bbox 2985 4551 3193 4604; x_wconf 88' lang='lat' dir='ltr'><strong>ratione</strong></span> <span class='ocrx_word' id='word_1_792' title='bbox 3218 4549 3505 4619; x_wconf 70' lang='lat' dir='ltr'><strong>seiunctis-3</strong></span> 
     </span>
    </p>
   </div>
   <div class='ocr_carea' id='block_1_108' title="bbox 1929 4629 3506 4714">
    <p class='ocr_par' dir='ltr' id='par_1_108' title="bbox 1929 4629 3506 4714">
     <span class='ocr_line' id='line_1_108' title="bbox 1929 4629 3506 4714; baseline -0.001 -20"><span class='ocrx_word' id='word_1_793' title='bbox 1929 4639 2079 4694; x_wconf 66' lang='lat' dir='ltr'><strong>simae</strong></span> <span class='ocrx_word' id='word_1_794' title='bbox 2107 4647 2160 4693; x_wconf 87' lang='lat' dir='ltr'><strong>et</strong></span> <span class='ocrx_word' id='word_1_795' title='bbox 2184 4637 2490 4694; x_wconf 47' lang='lat' dir='ltr'><strong>Iudaeorum</strong></span> <span class='ocrx_word' id='word_1_796' title='bbox 2523 4641 2842 4711; x_wconf 75' lang='lat' dir='ltr'><strong>Synagoga,</strong></span> <span class='ocrx_word' id='word_1_797' title='bbox 2877 4648 2934 4695; x_wconf 90' lang='lat' dir='ltr'><strong>et</strong></span> <span class='ocrx_word' id='word_1_798' title='bbox 2984 4640 3218 4708; x_wconf 79' lang='lat' dir='ltr'><strong>gentium</strong></span> <span class='ocrx_word' id='word_1_799' title='bbox 3280 4629 3506 4714; x_wconf 71' lang='lat' dir='ltr'><strong>populus</strong></span> 
     </span>
    </p>
   </div>
   <div class='ocr_carea' id='block_1_109' title="bbox 1930 4731 3504 4802">
    <p class='ocr_par' dir='ltr' id='par_1_109' title="bbox 1930 4731 3504 4802">
     <span class='ocr_line' id='line_1_109' title="bbox 1930 4731 3504 4802; baseline -0.003 -16"><span class='ocrx_word' id='word_1_800' title='bbox 1930 4742 2331 4800; x_wconf 84' lang='lat' dir='ltr'><strong>comparantur.</strong></span> <span class='ocrx_word' id='word_1_801' title='bbox 2385 4731 2478 4785; x_wconf 70' lang='lat' dir='ltr'><strong>Hae</strong></span> <span class='ocrx_word' id='word_1_802' title='bbox 2529 4748 2761 4802; x_wconf 86' lang='lat' dir='ltr'><strong>namque</strong></span> <span class='ocrx_word' id='word_1_803' title='bbox 2800 4742 3061 4787; x_wconf 75' lang='lat' dir='ltr'><strong>creatura:</strong></span> <span class='ocrx_word' id='word_1_804' title='bbox 3114 4732 3291 4800; x_wconf 86' lang='lat' dir='ltr'><strong>potius</strong></span> <span class='ocrx_word' id='word_1_805' title='bbox 3344 4745 3504 4799; x_wconf 88' lang='lat' dir='ltr'><strong>quam</strong></span> 
     </span>
    </p>
   </div>
   <div class='ocr_carea' id='block_1_110' title="bbox 1930 4820 3507 4892">
    <p class='ocr_par' dir='ltr' id='par_1_110' title="bbox 1930 4820 3507 4892">
     <span class='ocr_line' id='line_1_110' title="bbox 1930 4820 3507 4892; baseline -0.003 -15"><span class='ocrx_word' id='word_1_806' title='bbox 1930 4823 2160 4878; x_wconf 89' lang='lat' dir='ltr'><strong>creatori</strong></span> <span class='ocrx_word' id='word_1_807' title='bbox 2189 4821 2297 4878; x_wconf 88' lang='lat' dir='ltr'><strong>Deo</strong></span> <span class='ocrx_word' id='word_1_808' title='bbox 2330 4825 2636 4878; x_wconf 89' lang='lat' dir='ltr'><strong>servierunt</strong></span> <span class='ocrx_word' id='word_1_809' title='bbox 2664 4825 2709 4856; x_wconf 71' lang='grc' dir='ltr'><strong>θ’</strong></span> <span class='ocrx_word' id='word_1_810' title='bbox 2737 4842 2750 4877; x_wconf 89' lang='lat'><strong>:</strong></span> <span class='ocrx_word' id='word_1_811' title='bbox 2776 4823 2850 4876; x_wconf 90' lang='lat' dir='ltr'><strong>illi</strong></span> <span class='ocrx_word' id='word_1_812' title='bbox 2884 4823 3054 4892; x_wconf 81' lang='lat' dir='ltr'><strong>legem</strong></span> <span class='ocrx_word' id='word_1_813' title='bbox 3087 4821 3433 4890; x_wconf 65' lang='lat' dir='ltr'><strong>pmdagogum</strong></span> <span class='ocrx_word' id='word_1_814' title='bbox 3457 4820 3507 4852; x_wconf 77' lang='grc' dir='ltr'><strong>ο·</strong></span> 
     </span>
    </p>
   </div>
   <div class='ocr_carea' id='block_1_111' title="bbox 1932 4913 3508 4984">
    <p class='ocr_par' dir='ltr' id='par_1_111' title="bbox 1932 4913 3508 4984">
     <span class='ocr_line' id='line_1_111' title="bbox 1932 4913 3508 4984; baseline -0.003 -14"><span class='ocrx_word' id='word_1_815' title='bbox 1932 4929 2024 4970; x_wconf 89' lang='lat' dir='ltr'><strong>seu</strong></span> <span class='ocrx_word' id='word_1_816' title='bbox 2061 4916 2422 4970; x_wconf 89' lang='lat' dir='ltr'><strong>institutorem</strong></span> <span class='ocrx_word' id='word_1_817' title='bbox 2461 4923 2834 4984; x_wconf 88' lang='lat' dir='ltr'><strong>aspernantes,</strong></span> <span class='ocrx_word' id='word_1_818' title='bbox 2869 4914 3062 4969; x_wconf 87' lang='lat' dir='ltr'><strong>bonam</strong></span> <span class='ocrx_word' id='word_1_819' title='bbox 3096 4923 3327 4966; x_wconf 86' lang='lat' dir='ltr'><strong>mentem</strong></span> <span class='ocrx_word' id='word_1_820' title='bbox 3369 4913 3508 4966; x_wconf 87' lang='lat' dir='ltr'><strong>ami-</strong></span> 
     </span>
    </p>
   </div>
   <div class='ocr_carea' id='block_1_112' title="bbox 1935 5001 3508 5075">
    <p class='ocr_par' dir='ltr' id='par_1_112' title="bbox 1935 5001 3508 5075">
     <span class='ocr_line' id='line_1_112' title="bbox 1935 5001 3508 5075; baseline -0.004 -15"><span class='ocrx_word' id='word_1_821' title='bbox 1935 5015 2141 5069; x_wconf 87' lang='lat' dir='ltr'><strong>serunt,</strong></span> <span class='ocrx_word' id='word_1_822' title='bbox 2185 5005 2346 5075; x_wconf 83' lang='lat'><strong><em>737</em></strong></span> <span class='ocrx_word' id='word_1_823' title='bbox 2384 5015 2438 5060; x_wconf 91' lang='lat' dir='ltr'><strong>et</strong></span> <span class='ocrx_word' id='word_1_824' title='bbox 2478 5004 2532 5059; x_wconf 87' lang='lat' dir='ltr'><strong>in</strong></span> <span class='ocrx_word' id='word_1_825' title='bbox 2570 5019 2729 5058; x_wconf 92' lang='lat' dir='ltr'><strong>omne</strong></span> <span class='ocrx_word' id='word_1_826' title='bbox 2765 5020 2936 5072; x_wconf 79' lang='lat' dir='ltr'><strong>genus</strong></span> <span class='ocrx_word' id='word_1_827' title='bbox 2966 5003 3230 5058; x_wconf 89' lang='lat' dir='ltr'><strong>scelerum</strong></span> <span class='ocrx_word' id='word_1_828' title='bbox 3268 5001 3508 5055; x_wconf 88' lang='lat' dir='ltr'><strong>declina-</strong></span> 
     </span>
    </p>
   </div>
   <div class='ocr_carea' id='block_1_113' title="bbox 1935 5095 3512 5166">
    <p class='ocr_par' dir='ltr' id='par_1_113' title="bbox 1935 5095 3512 5166">
     <span class='ocr_line' id='line_1_113' title="bbox 1935 5095 3512 5166; baseline -0.001 -14"><span class='ocrx_word' id='word_1_829' title='bbox 1935 5106 2109 5152; x_wconf 56' lang='lat' dir='ltr'><strong>runta</strong></span> <span class='ocrx_word' id='word_1_830' title='bbox 2136 5097 2443 5166; x_wconf 86' lang='lat' dir='ltr'><strong>Cumparati</strong></span> <span class='ocrx_word' id='word_1_831' title='bbox 2459 5098 2602 5150; x_wconf 90' lang='lat' dir='ltr'><strong>enim</strong></span> <span class='ocrx_word' id='word_1_832' title='bbox 2622 5107 2745 5152; x_wconf 90' lang='lat' dir='ltr'><strong>sunt</strong></span> <span class='ocrx_word' id='word_1_833' title='bbox 2761 5095 3020 5164; x_wconf 71' lang='lat' dir='ltr'><strong>iumentis</strong></span> <span class='ocrx_word' id='word_1_834' title='bbox 3045 5095 3440 5162; x_wconf 89' lang='lat' dir='ltr'><strong>insipientibus,</strong></span> <span class='ocrx_word' id='word_1_835' title='bbox 3457 5107 3512 5150; x_wconf 89' lang='lat' dir='ltr'><strong>et</strong></span> 
     </span>
    </p>
   </div>
   <div class='ocr_carea' id='block_1_114' title="bbox 1936 5185 3514 5258">
    <p class='ocr_par' dir='ltr' id='par_1_114' title="bbox 1936 5185 3514 5258">
     <span class='ocr_line' id='line_1_114' title="bbox 1936 5185 3514 5258; baseline -0.003 -12"><span class='ocrx_word' id='word_1_836' title='bbox 1936 5190 2138 5246; x_wconf 83' lang='lat' dir='ltr'><strong>similes</strong></span> <span class='ocrx_word' id='word_1_837' title='bbox 2164 5191 2289 5245; x_wconf 83' lang='lat' dir='ltr'><strong>facti</strong></span> <span class='ocrx_word' id='word_1_838' title='bbox 2315 5201 2440 5245; x_wconf 90' lang='lat' dir='ltr'><strong>sunt</strong></span> <span class='ocrx_word' id='word_1_839' title='bbox 2467 5190 2983 5258; x_wconf 63' lang='lat' dir='ltr'><strong>illis&quot;,iutPsaltes</strong></span> <span class='ocrx_word' id='word_1_840' title='bbox 2997 5187 3090 5240; x_wconf 87' lang='lat' dir='ltr'><strong>ait.</strong></span> <span class='ocrx_word' id='word_1_841' title='bbox 3111 5185 3207 5241; x_wconf 89' lang='lat' dir='ltr'><strong>Est</strong></span> <span class='ocrx_word' id='word_1_842' title='bbox 3230 5187 3428 5256; x_wconf 86' lang='lat' dir='ltr'><strong>alioqui</strong></span> <span class='ocrx_word' id='word_1_843' title='bbox 3458 5194 3514 5242; x_wconf 74' lang='lat' dir='ltr'><strong>et</strong></span> 
     </span>
    </p>
   </div>
   <div class='ocr_carea' id='block_1_115' title="bbox 1938 5277 3512 5354">
    <p class='ocr_par' dir='ltr' id='par_1_115' title="bbox 1938 5277 3512 5354">
     <span class='ocr_line' id='line_1_115' title="bbox 1938 5277 3512 5354; baseline -0.004 -16"><span class='ocrx_word' id='word_1_844' title='bbox 1938 5283 2288 5338; x_wconf 67' lang='lat' dir='ltr'><strong>immunditize</strong></span> <span class='ocrx_word' id='word_1_845' title='bbox 2305 5282 2602 5354; x_wconf 86' lang='lat' dir='ltr'><strong>symbolum</strong></span> <span class='ocrx_word' id='word_1_846' title='bbox 2626 5281 2808 5335; x_wconf 87' lang='lat' dir='ltr'><strong>asinus</strong></span> <span class='ocrx_word' id='word_1_847' title='bbox 2833 5298 2845 5332; x_wconf 86' lang='lat'><strong>:</strong></span> <span class='ocrx_word' id='word_1_848' title='bbox 2869 5277 3146 5346; x_wconf 80' lang='lat' dir='ltr'><strong>profanum</strong></span> <span class='ocrx_word' id='word_1_849' title='bbox 3172 5279 3368 5348; x_wconf 86' lang='lat' dir='ltr'><strong>quippe</strong></span> <span class='ocrx_word' id='word_1_850' title='bbox 3392 5279 3512 5332; x_wconf 87' lang='lat' dir='ltr'><strong>ani-</strong></span> 
     </span>
    </p>
   </div>
   <div class='ocr_carea' id='block_1_116' title="bbox 1939 5369 3514 5442">
    <p class='ocr_par' dir='ltr' id='par_1_116' title="bbox 1939 5369 3514 5442">
     <span class='ocr_line' id='line_1_116' title="bbox 1939 5369 3514 5442; baseline -0.004 -12"><span class='ocrx_word' id='word_1_851' title='bbox 1939 5376 2114 5430; x_wconf 89' lang='lat' dir='ltr'><strong>malet</strong></span> <span class='ocrx_word' id='word_1_852' title='bbox 2132 5376 2443 5429; x_wconf 90' lang='lat' dir='ltr'><strong>damnatum</strong></span> <span class='ocrx_word' id='word_1_853' title='bbox 2475 5387 2504 5424; x_wconf 90' lang='lat' dir='ltr'><strong>a</strong></span> <span class='ocrx_word' id='word_1_854' title='bbox 2530 5371 2644 5442; x_wconf 86' lang='lat' dir='ltr'><strong>lege</strong></span> <span class='ocrx_word' id='word_1_855' title='bbox 2668 5371 2738 5424; x_wconf 69' lang='grc' dir='ltr'>θ’.</span> <span class='ocrx_word' id='word_1_856' title='bbox 2761 5369 2917 5422; x_wconf 86' lang='lat' dir='ltr'><strong>Tales</strong></span> <span class='ocrx_word' id='word_1_857' title='bbox 2947 5370 3165 5425; x_wconf 89' lang='lat' dir='ltr'><strong>omnino</strong></span> <span class='ocrx_word' id='word_1_858' title='bbox 3186 5380 3308 5424; x_wconf 87' lang='lat' dir='ltr'><strong>sunt</strong></span> <span class='ocrx_word' id='word_1_859' title='bbox 3328 5386 3514 5424; x_wconf 83' lang='lat' dir='ltr'><strong>errore</strong></span> 
     </span>
    </p>
   </div>
   <div class='ocr_carea' id='block_1_117' title="bbox 1938 5462 3508 5538">
    <p class='ocr_par' dir='ltr' id='par_1_117' title="bbox 1938 5462 3508 5538">
     <span class='ocr_line' id='line_1_117' title="bbox 1938 5462 3508 5538; baseline -0.004 -15"><span class='ocrx_word' id='word_1_860' title='bbox 1938 5476 2223 5538; x_wconf 83' lang='lat' dir='ltr'><strong>vagantes,</strong></span> <span class='ocrx_word' id='word_1_861' title='bbox 2264 5475 2319 5520; x_wconf 90' lang='lat' dir='ltr'><strong>et</strong></span> <span class='ocrx_word' id='word_1_862' title='bbox 2361 5464 2590 5520; x_wconf 88' lang='lat' dir='ltr'><strong>libenter</strong></span> <span class='ocrx_word' id='word_1_863' title='bbox 2643 5465 2696 5518; x_wconf 89' lang='lat' dir='ltr'><strong>in</strong></span> <span class='ocrx_word' id='word_1_864' title='bbox 2734 5462 2970 5534; x_wconf 89' lang='lat' dir='ltr'><strong>peccatis</strong></span> <span class='ocrx_word' id='word_1_865' title='bbox 3030 5476 3148 5518; x_wconf 85' lang='lat' dir='ltr'><strong>sese</strong></span> <span class='ocrx_word' id='word_1_866' title='bbox 3182 5464 3508 5517; x_wconf 86' lang='lat' dir='ltr'><strong>volutantes.</strong></span> 
     </span>
    </p>
   </div>
   <div class='ocr_carea' id='block_1_118' title="bbox 2113 5641 3510 5713">
    <p class='ocr_par' dir='ltr' id='par_1_118' title="bbox 2113 5641 3510 5713">
     <span class='ocr_line' id='line_1_118' title="bbox 2113 5641 3510 5713; baseline -0.009 -7"><span class='ocrx_word' id='word_1_867' title='bbox 2113 5653 2157 5684; x_wconf 77' lang='grc'>⁸⁸</span> <span class='ocrx_word' id='word_1_868' title='bbox 2196 5652 2210 5705; x_wconf 94' lang='lat' dir='ltr'><strong>I</strong></span> <span class='ocrx_word' id='word_1_869' title='bbox 2248 5650 2374 5705; x_wconf 87' lang='lat' dir='ltr'><strong>Cor.</strong></span> <span class='ocrx_word' id='word_1_870' title='bbox 2407 5666 2496 5713; x_wconf 80' lang='lat' dir='ltr'><strong>xv,</strong></span> <span class='ocrx_word' id='word_1_871' title='bbox 2534 5649 2622 5705; x_wconf 61' lang='lat'><strong>65.</strong></span> <span class='ocrx_word' id='word_1_872' title='bbox 2701 5650 2744 5683; x_wconf 74' lang='grc'><strong>⁸⁸</strong></span> <span class='ocrx_word' id='word_1_873' title='bbox 2772 5647 2929 5703; x_wconf 87' lang='lat' dir='ltr'><strong>Joan.</strong></span> <span class='ocrx_word' id='word_1_874' title='bbox 2969 5662 3044 5713; x_wconf 83' lang='lat' dir='ltr'><strong>tv,</strong></span> <span class='ocrx_word' id='word_1_875' title='bbox 3077 5645 3165 5700; x_wconf 66' lang='grc' dir='ltr'>Ἡ.</span> <span class='ocrx_word' id='word_1_876' title='bbox 3241 5644 3286 5676; x_wconf 67' lang='grc' dir='ltr'><em>κ</em></span> <span class='ocrx_word' id='word_1_877' title='bbox 3315 5641 3510 5713; x_wconf 75' lang='lat' dir='ltr'><strong>Matth.</strong></span> 
     </span>
    </p>
   </div>
   <div class='ocr_carea' id='block_1_119' title="bbox 254 5711 1831 5802">
    <p class='ocr_par' dir='ltr' id='par_1_119' title="bbox 254 5711 1815 5798">
     <span class='ocr_line' id='line_1_119' title="bbox 254 5711 1815 5798; baseline -0.003 -15"><span class='ocrx_word' id='word_1_878' title='bbox 254 5740 370 5794; x_wconf 66' lang='grc' dir='ltr'>ιξιι,</span> <span class='ocrx_word' id='word_1_879' title='bbox 411 5711 449 5782; x_wconf 15' lang='lat' dir='ltr'><strong>li</strong></span> <span class='ocrx_word' id='word_1_880' title='bbox 477 5711 633 5798; x_wconf 67' lang='lat' dir='ltr'><strong>seqq.</strong></span> <span class='ocrx_word' id='word_1_881' title='bbox 672 5711 681 5712; x_wconf 18' lang='grc' dir='ltr'><strong>ί</strong></span> <span class='ocrx_word' id='word_1_882' title='bbox 715 5711 759 5759; x_wconf 64' lang='grc' dir='ltr'>έί</span> <span class='ocrx_word' id='word_1_883' title='bbox 802 5726 942 5782; x_wconf 78' lang='lat' dir='ltr'><strong>Psal.</strong></span> <span class='ocrx_word' id='word_1_884' title='bbox 977 5711 1071 5793; x_wconf 63' lang='lat' dir='ltr'><strong>var,</strong></span> <span class='ocrx_word' id='word_1_885' title='bbox 1108 5728 1192 5781; x_wconf 71' lang='lat' dir='ltr'><strong>I0.</strong></span> <span class='ocrx_word' id='word_1_886' title='bbox 1250 5711 1310 5760; x_wconf 16' lang='lat'><strong><em>7&quot;</em></strong></span> <span class='ocrx_word' id='word_1_887' title='bbox 1347 5714 1499 5783; x_wconf 66' lang='lat' dir='ltr'><strong>Iit-um.</strong></span> <span class='ocrx_word' id='word_1_888' title='bbox 1534 5745 1570 5795; x_wconf 89' lang='lat' dir='ltr'><strong>l,</strong></span> <span class='ocrx_word' id='word_1_889' title='bbox 1606 5728 1693 5780; x_wconf 55' lang='lat' dir='ltr'><strong>“lix.</strong></span> <span class='ocrx_word' id='word_1_890' title='bbox 1772 5727 1815 5754; x_wconf 65' lang='lat'><strong>9&quot;</strong></span> 
     </span>
    </p>
   </div>
   <div class='ocr_carea' id='block_1_120' title="bbox 1920 5711 3506 5802">
    <p class='ocr_par' dir='ltr' id='par_1_120' title="bbox 1920 5711 3506 5802">
     <span class='ocr_line' id='line_1_120' title="bbox 1920 5711 3506 5802; baseline -0.008 -26"><span class='ocrx_word' id='word_1_891' title='bbox 1920 5727 2022 5778; x_wconf 81' lang='lat' dir='ltr'><strong>lI‘I.</strong></span> <span class='ocrx_word' id='word_1_892' title='bbox 2055 5740 2133 5790; x_wconf 88' lang='lat' dir='ltr'><strong>Ill,</strong></span> <span class='ocrx_word' id='word_1_893' title='bbox 2171 5723 2260 5776; x_wconf 57' lang='lat'><strong>“2-4.</strong></span> <span class='ocrx_word' id='word_1_894' title='bbox 2341 5711 2777 5802; x_wconf 22' lang='lat' dir='ltr'><strong>tu*-[‘sal.l.u.vur,</strong></span> <span class='ocrx_word' id='word_1_895' title='bbox 2820 5719 2909 5773; x_wconf 72' lang='lat'><strong>2|.</strong></span> <span class='ocrx_word' id='word_1_896' title='bbox 2987 5711 3234 5770; x_wconf 69' lang='lat' dir='ltr'><strong>&quot;Exod.</strong></span> <span class='ocrx_word' id='word_1_897' title='bbox 3279 5711 3506 5779; x_wconf 62' lang='lat'><strong>15:11.15.</strong></span> 
     </span>
    </p>
   </div>
  </div>
