  <div class='ocr_page' id='page_1' title='image "/cluster/home/n/w/nwhite01/storage/ocr_20150623/72/pst.000005712731/089.png"; bbox 0 0 3936 6318; ppageno 0'>
   <div class='ocr_carea' id='block_1_1' title="bbox 423 276 525 332">
    <p class='ocr_par' dir='ltr' id='par_1_1' title="bbox 423 276 525 332">
     <span class='ocr_line' id='line_1_1' title="bbox 423 276 525 332; baseline -0.02 0"><span class='ocrx_word' id='word_1_1' title='bbox 423 276 525 332; x_wconf 67' lang='grc' dir='ltr'>ιιι</span> 
     </span>
    </p>
   </div>
   <div class='ocr_carea' id='block_1_2' title="bbox 1347 289 2655 358">
    <p class='ocr_par' dir='ltr' id='par_1_2' title="bbox 1347 289 2655 358">
     <span class='ocr_line' id='line_1_2' title="bbox 1347 289 2655 358; baseline 0.012 -16"><span class='ocrx_word' id='word_1_2' title='bbox 1347 339 1356 342; x_wconf 86' lang='grc'>-</span> <span class='ocrx_word' id='word_1_3' title='bbox 1411 289 1468 344; x_wconf 89' lang='lat' dir='ltr'><strong>S.</strong></span> <span class='ocrx_word' id='word_1_4' title='bbox 1510 290 1786 348; x_wconf 76' lang='lat' dir='ltr'>CYRILLI</span> <span class='ocrx_word' id='word_1_5' title='bbox 1824 292 2290 353; x_wconf 79' lang='lat' dir='ltr'>ALEXANDRINI</span> <span class='ocrx_word' id='word_1_6' title='bbox 2330 297 2655 358; x_wconf 77' lang='lat' dir='ltr'>ARCHIEP.</span> 
     </span>
    </p>
   </div>
   <div class='ocr_carea' id='block_1_3' title="bbox 3577 304 3678 360">
    <p class='ocr_par' dir='ltr' id='par_1_3' title="bbox 3577 304 3678 360">
     <span class='ocr_line' id='line_1_3' title="bbox 3577 304 3678 360; baseline -0.01 -1"><span class='ocrx_word' id='word_1_7' title='bbox 3577 304 3678 360; x_wconf 75' lang='lat' dir='ltr'>H8</span> 
     </span>
    </p>
   </div>
   <div class='ocr_carea' id='block_1_4' title="bbox 419 394 3684 496">
    <p class='ocr_par' dir='ltr' id='par_1_4' title="bbox 419 394 3684 496">
     <span class='ocr_line' id='line_1_4' title="bbox 419 394 3684 496; baseline 0.008 -49"><span class='ocrx_word' id='word_1_8' title='bbox 419 395 558 467; x_wconf 78' lang='grc' dir='ltr'>πρὸς</span> <span class='ocrx_word' id='word_1_9' title='bbox 594 399 704 452; x_wconf 82' lang='grc' dir='ltr'>πᾶν</span> <span class='ocrx_word' id='word_1_10' title='bbox 752 394 890 467; x_wconf 74' lang='grc' dir='ltr'>εἶδος</span> <span class='ocrx_word' id='word_1_11' title='bbox 933 403 1268 476; x_wconf 84' lang='grc' dir='ltr'>φαυλότητος</span> <span class='ocrx_word' id='word_1_12' title='bbox 1335 405 1776 474; x_wconf 80' lang='grc' dir='ltr'>ἀπονενευκότες.</span> <span class='ocrx_word' id='word_1_13' title='bbox 1816 430 1836 463; x_wconf 76' lang='grc' dir='ltr'>ι</span> <span class='ocrx_word' id='word_1_14' title='bbox 1903 413 2471 491; x_wconf 80' lang='grc' dir='ltr'>Παρασυνεϐλήθησαν</span> <span class='ocrx_word' id='word_1_15' title='bbox 2499 420 2635 496; x_wconf 21' lang='grc' dir='ltr'>,γὰρ</span> <span class='ocrx_word' id='word_1_16' title='bbox 2680 421 2792 485; x_wconf 78' lang='grc' dir='ltr'>τοῖς</span> <span class='ocrx_word' id='word_1_17' title='bbox 2839 421 3057 493; x_wconf 84' lang='grc' dir='ltr'>κτήνεσι</span> <span class='ocrx_word' id='word_1_18' title='bbox 3099 419 3209 483; x_wconf 82' lang='grc' dir='ltr'>τοῖς</span> <span class='ocrx_word' id='word_1_19' title='bbox 3252 418 3500 490; x_wconf 80' lang='grc' dir='ltr'>ἀνοήτοις</span> <span class='ocrx_word' id='word_1_20' title='bbox 3525 459 3540 485; x_wconf 90' lang='grc'>,</span> <span class='ocrx_word' id='word_1_21' title='bbox 3589 421 3684 474; x_wconf 75' lang='grc' dir='ltr'>καὶ</span> 
     </span>
    </p>
   </div>
   <div class='ocr_carea' id='block_1_5' title="bbox 415 485 3686 589">
    <p class='ocr_par' dir='ltr' id='par_1_5' title="bbox 415 485 3686 589">
     <span class='ocr_line' id='line_1_5' title="bbox 415 485 3686 589; baseline 0.009 -49"><span class='ocrx_word' id='word_1_22' title='bbox 415 485 729 558; x_wconf 84' lang='grc' dir='ltr'>ώμοίωνται</span> <span class='ocrx_word' id='word_1_23' title='bbox 754 495 957 562; x_wconf 84' lang='grc' dir='ltr'>αὐτοῖς,</span> <span class='ocrx_word' id='word_1_24' title='bbox 990 516 1008 548; x_wconf 67' lang='grc' dir='ltr'>ι</span> <span class='ocrx_word' id='word_1_25' title='bbox 1046 499 1188 550; x_wconf 86' lang='grc' dir='ltr'>κατά</span> <span class='ocrx_word' id='word_1_26' title='bbox 1223 500 1320 570; x_wconf 81' lang='grc' dir='ltr'>τὴν</span> <span class='ocrx_word' id='word_1_27' title='bbox 1348 501 1440 554; x_wconf 80' lang='grc' dir='ltr'>τοῦ</span> <span class='ocrx_word' id='word_1_28' title='bbox 1465 503 1772 569; x_wconf 85' lang='grc' dir='ltr'>Ψάλλοντος</span> <span class='ocrx_word' id='word_1_29' title='bbox 1829 509 2033 578; x_wconf 84' lang='grc' dir='ltr'>φωνήν.</span> <span class='ocrx_word' id='word_1_30' title='bbox 2080 512 2240 576; x_wconf 87' lang='grc' dir='ltr'>Ὄνος</span> <span class='ocrx_word' id='word_1_31' title='bbox 2282 485 2367 568; x_wconf 66' lang='grc' dir='ltr'>⁷δέ</span> <span class='ocrx_word' id='word_1_32' title='bbox 2389 491 2503 571; x_wconf 17' lang='grc' dir='ltr'>καὶ,</span> <span class='ocrx_word' id='word_1_33' title='bbox 2527 485 2732 588; x_wconf 81' lang='grc' dir='ltr'>ἐτέρως</span> <span class='ocrx_word' id='word_1_34' title='bbox 2774 485 3118 589; x_wconf 78' lang='grc' dir='ltr'>ἀκαθαρσίας</span> <span class='ocrx_word' id='word_1_35' title='bbox 3148 485 3436 585; x_wconf 70' lang='grc' dir='ltr'>σύμϐολόνο</span> <span class='ocrx_word' id='word_1_36' title='bbox 3471 515 3686 586; x_wconf 79' lang='grc' dir='ltr'>ἀνίερον</span> 
     </span>
    </p>
   </div>
   <div class='ocr_carea' id='block_1_6' title="bbox 415 577 3686 692">
    <p class='ocr_par' dir='ltr' id='par_1_6' title="bbox 415 577 3686 692">
     <span class='ocr_line' id='line_1_6' title="bbox 415 577 3686 692; baseline 0.01 -60"><span class='ocrx_word' id='word_1_37' title='bbox 415 577 608 652; x_wconf 78' lang='grc' dir='ltr'>γὰρτὸ</span> <span class='ocrx_word' id='word_1_38' title='bbox 637 581 793 650; x_wconf 80' lang='grc' dir='ltr'>ζῶον,</span> <span class='ocrx_word' id='word_1_39' title='bbox 857 586 948 638; x_wconf 72' lang='grc' dir='ltr'>καὶ</span> <span class='ocrx_word' id='word_1_40' title='bbox 985 588 1082 658; x_wconf 75' lang='grc' dir='ltr'>τὴν</span> <span class='ocrx_word' id='word_1_41' title='bbox 1131 590 1195 642; x_wconf 84' lang='grc' dir='ltr'>ἐκ</span> <span class='ocrx_word' id='word_1_42' title='bbox 1249 591 1415 663; x_wconf 90' lang='grc' dir='ltr'>νόμου</span> <span class='ocrx_word' id='word_1_43' title='bbox 1461 597 1804 670; x_wconf 72' lang='grc' dir='ltr'>κατάρῥησιν</span> <span class='ocrx_word' id='word_1_44' title='bbox 1851 577 1994 669; x_wconf 74' lang='grc' dir='ltr'>ἔχον.</span> <span class='ocrx_word' id='word_1_45' title='bbox 2070 603 2311 660; x_wconf 82' lang='grc' dir='ltr'>Τοιοῦτοι</span> <span class='ocrx_word' id='word_1_46' title='bbox 2336 607 2395 660; x_wconf 84' lang='grc' dir='ltr'>δὲ</span> <span class='ocrx_word' id='word_1_47' title='bbox 2433 577 2653 672; x_wconf 75' lang='grc' dir='ltr'>πάντως</span> <span class='ocrx_word' id='word_1_48' title='bbox 2712 577 2766 663; x_wconf 78' lang='grc' dir='ltr'>οἱ</span> <span class='ocrx_word' id='word_1_49' title='bbox 2817 577 3161 681; x_wconf 76' lang='grc' dir='ltr'>πλανώμενοι</span> <span class='ocrx_word' id='word_1_50' title='bbox 3207 577 3300 662; x_wconf 75' lang='grc' dir='ltr'>καὶ</span> <span class='ocrx_word' id='word_1_51' title='bbox 3337 577 3686 692; x_wconf 68' lang='grc' dir='ltr'>φιλαμαρτή·</span> 
     </span>
    </p>
   </div>
   <div class='ocr_carea' id='block_1_7' title="bbox 422 686 604 740">
    <p class='ocr_par' dir='ltr' id='par_1_7' title="bbox 422 686 604 740">
     <span class='ocr_line' id='line_1_7' title="bbox 422 686 604 740; baseline 0.016 -21"><span class='ocrx_word' id='word_1_52' title='bbox 422 686 604 740; x_wconf 82' lang='grc' dir='ltr'>μονες.</span> 
     </span>
    </p>
   </div>
   <div class='ocr_carea' id='block_1_8' title="bbox 490 757 2000 868">
    <p class='ocr_par' dir='ltr' id='par_1_8' title="bbox 490 757 1998 850">
     <span class='ocr_line' id='line_1_8' title="bbox 490 757 1998 850; baseline 0.018 -40"><span class='ocrx_word' id='word_1_53' title='bbox 490 757 656 814; x_wconf 73' lang='lat' dir='ltr'><strong>Vens.</strong></span> <span class='ocrx_word' id='word_1_54' title='bbox 691 762 776 814; x_wconf 81' lang='grc'>10.</span> <span class='ocrx_word' id='word_1_55' title='bbox 804 762 873 818; x_wconf 85' lang='lat' dir='ltr'><strong>Et</strong></span> <span class='ocrx_word' id='word_1_56' title='bbox 907 765 1172 836; x_wconf 77' lang='lat' dir='ltr'><strong>disperde!</strong></span> <span class='ocrx_word' id='word_1_57' title='bbox 1201 773 1486 842; x_wconf 81' lang='lat' dir='ltr'>quadrigas</span> <span class='ocrx_word' id='word_1_58' title='bbox 1521 794 1584 831; x_wconf 74' lang='lat' dir='ltr'><strong>ea:</strong></span> <span class='ocrx_word' id='word_1_59' title='bbox 1636 777 1925 850; x_wconf 74' lang='lat' dir='ltr'><strong>Epitraim,</strong></span> <span class='ocrx_word' id='word_1_60' title='bbox 1949 791 1998 836; x_wconf 87' lang='lat' dir='ltr'><strong>et</strong></span> 
     </span>
    </p>
   </div>
   <div class='ocr_carea' id='block_1_9' title="bbox 2107 757 3685 868">
    <p class='ocr_par' dir='ltr' id='par_1_9' title="bbox 2179 783 3685 868">
     <span class='ocr_line' id='line_1_9' title="bbox 2179 783 3685 868; baseline 0.007 -32"><span class='ocrx_word' id='word_1_61' title='bbox 2179 783 2289 836; x_wconf 79' lang='grc' dir='ltr'>Καὶ</span> <span class='ocrx_word' id='word_1_62' title='bbox 2347 784 2770 854; x_wconf 79' lang='grc' dir='ltr'>ἐξολοθρεύσει</span> <span class='ocrx_word' id='word_1_63' title='bbox 2831 789 3064 857; x_wconf 83' lang='grc' dir='ltr'>ἅρματα</span> <span class='ocrx_word' id='word_1_64' title='bbox 3121 788 3190 853; x_wconf 77' lang='grc' dir='ltr'>ἐξ</span> <span class='ocrx_word' id='word_1_65' title='bbox 3237 791 3518 868; x_wconf 66' lang='grc' dir='ltr'>Ἐςοραῒμ,</span> <span class='ocrx_word' id='word_1_66' title='bbox 3588 793 3685 846; x_wconf 82' lang='grc' dir='ltr'>καί</span> 
     </span>
    </p>
   </div>
   <div class='ocr_carea' id='block_1_10' title="bbox 416 853 1995 939">
    <p class='ocr_par' dir='ltr' id='par_1_10' title="bbox 416 853 1995 939">
     <span class='ocr_line' id='line_1_10' title="bbox 416 853 1995 939; baseline 0.015 -38"><span class='ocrx_word' id='word_1_67' title='bbox 416 865 603 919; x_wconf 83' lang='lat' dir='ltr'><strong>equum</strong></span> <span class='ocrx_word' id='word_1_68' title='bbox 646 853 709 906; x_wconf 89' lang='lat' dir='ltr'><strong>de</strong></span> <span class='ocrx_word' id='word_1_69' title='bbox 744 853 1062 925; x_wconf 81' lang='lat' dir='ltr'>Jerusalem,</span> <span class='ocrx_word' id='word_1_70' title='bbox 1112 869 1162 913; x_wconf 84' lang='lat' dir='ltr'><strong>et</strong></span> <span class='ocrx_word' id='word_1_71' title='bbox 1196 862 1452 928; x_wconf 71' lang='lat' dir='ltr'><strong>disperde!</strong></span> <span class='ocrx_word' id='word_1_72' title='bbox 1496 884 1678 922; x_wconf 87' lang='lat' dir='ltr'><strong>arcum</strong></span> <span class='ocrx_word' id='word_1_73' title='bbox 1730 869 1995 939; x_wconf 86' lang='lat' dir='ltr'><strong>bellicum,</strong></span> 
     </span>
    </p>
   </div>
   <div class='ocr_carea' id='block_1_11' title="bbox 415 943 2000 1025">
    <p class='ocr_par' dir='ltr' id='par_1_11' title="bbox 415 943 2000 1025">
     <span class='ocr_line' id='line_1_11' title="bbox 415 943 2000 1025; baseline 0.016 -33"><span class='ocrx_word' id='word_1_74' title='bbox 415 951 462 993; x_wconf 89' lang='lat' dir='ltr'><strong>et</strong></span> <span class='ocrx_word' id='word_1_75' title='bbox 493 943 901 1017; x_wconf 73' lang='lat' dir='ltr'>multitudinem,</span> <span class='ocrx_word' id='word_1_76' title='bbox 928 959 974 1004; x_wconf 86' lang='lat' dir='ltr'><strong>et</strong></span> <span class='ocrx_word' id='word_1_77' title='bbox 1021 968 1204 1019; x_wconf 83' lang='lat' dir='ltr'><strong>pacem</strong></span> <span class='ocrx_word' id='word_1_78' title='bbox 1235 969 1300 1006; x_wconf 74' lang='lat' dir='ltr'>ea:</span> <span class='ocrx_word' id='word_1_79' title='bbox 1331 958 1586 1025; x_wconf 82' lang='lat' dir='ltr'><strong>gentibus,</strong></span> <span class='ocrx_word' id='word_1_80' title='bbox 1617 970 1666 1015; x_wconf 88' lang='lat' dir='ltr'><strong>et</strong></span> <span class='ocrx_word' id='word_1_81' title='bbox 1703 963 2000 1017; x_wconf 82' lang='lat' dir='ltr'><strong>dominabi-</strong></span> 
     </span>
    </p>
   </div>
   <div class='ocr_carea' id='block_1_12' title="bbox 417 1039 1998 1121">
    <p class='ocr_par' dir='ltr' id='par_1_12' title="bbox 417 1039 1998 1121">
     <span class='ocr_line' id='line_1_12' title="bbox 417 1039 1998 1121; baseline 0.017 -40"><span class='ocrx_word' id='word_1_82' title='bbox 417 1039 506 1082; x_wconf 85' lang='lat' dir='ltr'>tur</span> <span class='ocrx_word' id='word_1_83' title='bbox 533 1048 790 1103; x_wconf 83' lang='lat' dir='ltr'><strong>aquarum</strong></span> <span class='ocrx_word' id='word_1_84' title='bbox 821 1053 852 1090; x_wconf 91' lang='lat' dir='ltr'>a</span> <span class='ocrx_word' id='word_1_85' title='bbox 881 1041 1016 1092; x_wconf 88' lang='lat' dir='ltr'><strong>mari</strong></span> <span class='ocrx_word' id='word_1_86' title='bbox 1045 1056 1206 1112; x_wconf 81' lang='lat' dir='ltr'><strong>usque</strong></span> <span class='ocrx_word' id='word_1_87' title='bbox 1233 1045 1301 1098; x_wconf 88' lang='lat' dir='ltr'>ad</span> <span class='ocrx_word' id='word_1_88' title='bbox 1329 1061 1495 1115; x_wconf 86' lang='lat' dir='ltr'><strong>mare,</strong></span> <span class='ocrx_word' id='word_1_89' title='bbox 1529 1061 1576 1104; x_wconf 85' lang='lat' dir='ltr'><strong>et</strong></span> <span class='ocrx_word' id='word_1_90' title='bbox 1627 1069 1658 1104; x_wconf 91' lang='lat' dir='ltr'>a</span> <span class='ocrx_word' id='word_1_91' title='bbox 1691 1053 1998 1121; x_wconf 80' lang='lat' dir='ltr'><strong>ﬂuminibus</strong></span> 
     </span>
    </p>
   </div>
   <div class='ocr_carea' id='block_1_13' title="bbox 418 1113 1117 1193">
    <p class='ocr_par' dir='ltr' id='par_1_13' title="bbox 418 1113 1117 1193">
     <span class='ocr_line' id='line_1_13' title="bbox 418 1113 1117 1193; baseline 0.016 -20"><span class='ocrx_word' id='word_1_92' title='bbox 418 1113 582 1193; x_wconf 73' lang='lat' dir='ltr'><strong>usque</strong></span> <span class='ocrx_word' id='word_1_93' title='bbox 634 1124 706 1178; x_wconf 88' lang='lat' dir='ltr'>ad</span> <span class='ocrx_word' id='word_1_94' title='bbox 740 1127 912 1183; x_wconf 73' lang='lat' dir='ltr'><strong>exitus</strong></span> <span class='ocrx_word' id='word_1_95' title='bbox 942 1138 1117 1184; x_wconf 67' lang='lat' dir='ltr'><strong>terra’.</strong></span> 
     </span>
    </p>
   </div>
   <div class='ocr_carea' id='block_1_14' title="bbox 489 1301 1997 1393">
    <p class='ocr_par' dir='ltr' id='par_1_14' title="bbox 489 1301 1997 1393">
     <span class='ocr_line' id='line_1_14' title="bbox 489 1301 1997 1393; baseline 0.018 -37"><span class='ocrx_word' id='word_1_96' title='bbox 489 1301 673 1393; x_wconf 79' lang='lat' dir='ltr'><strong>LVlll.</strong></span> <span class='ocrx_word' id='word_1_97' title='bbox 713 1305 1064 1379; x_wconf 82' lang='lat' dir='ltr'><strong>Unigenitum</strong></span> <span class='ocrx_word' id='word_1_98' title='bbox 1099 1311 1373 1370; x_wconf 88' lang='lat' dir='ltr'>hominem</span> <span class='ocrx_word' id='word_1_99' title='bbox 1419 1327 1627 1386; x_wconf 89' lang='lat' dir='ltr'><strong>natum,</strong></span> <span class='ocrx_word' id='word_1_100' title='bbox 1663 1320 1997 1393; x_wconf 78' lang='lat' dir='ltr'><strong>diligentiam</strong></span> 
     </span>
    </p>
   </div>
   <div class='ocr_carea' id='block_1_15' title="bbox 418 1392 1999 1482">
    <p class='ocr_par' dir='ltr' id='par_1_15' title="bbox 418 1392 1999 1482">
     <span class='ocr_line' id='line_1_15' title="bbox 418 1392 1999 1482; baseline 0.016 -36"><span class='ocrx_word' id='word_1_101' title='bbox 418 1405 479 1446; x_wconf 80' lang='lat' dir='ltr'>se</span> <span class='ocrx_word' id='word_1_102' title='bbox 507 1392 732 1460; x_wconf 87' lang='lat' dir='ltr'>pedibus</span> <span class='ocrx_word' id='word_1_103' title='bbox 759 1397 1122 1466; x_wconf 88' lang='lat' dir='ltr'><strong>subjecturum</strong></span> <span class='ocrx_word' id='word_1_104' title='bbox 1150 1421 1170 1454; x_wconf 86' lang='grc'><strong><em>‹</em></strong></span> <span class='ocrx_word' id='word_1_105' title='bbox 1209 1404 1561 1475; x_wconf 89' lang='lat' dir='ltr'><strong>principatus,</strong></span> <span class='ocrx_word' id='word_1_106' title='bbox 1602 1419 1654 1465; x_wconf 91' lang='lat' dir='ltr'>et</span> <span class='ocrx_word' id='word_1_107' title='bbox 1685 1392 1999 1482; x_wconf 80' lang='lat' dir='ltr'><strong>potestates,</strong></span> 
     </span>
    </p>
   </div>
   <div class='ocr_carea' id='block_1_16' title="bbox 419 1487 2001 1563">
    <p class='ocr_par' dir='ltr' id='par_1_16' title="bbox 419 1487 2001 1563">
     <span class='ocr_line' id='line_1_16' title="bbox 419 1487 2001 1563; baseline 0.017 -27"><span class='ocrx_word' id='word_1_108' title='bbox 419 1493 474 1539; x_wconf 88' lang='lat' dir='ltr'>et</span> <span class='ocrx_word' id='word_1_109' title='bbox 521 1487 703 1541; x_wconf 93' lang='lat' dir='ltr'><strong>mundi</strong></span> <span class='ocrx_word' id='word_1_110' title='bbox 741 1497 984 1547; x_wconf 87' lang='lat' dir='ltr'><strong>rectores</strong></span> <span class='ocrx_word' id='word_1_111' title='bbox 1012 1492 1079 1561; x_wconf 70' lang='grc'>⁸³⁸,</span> <span class='ocrx_word' id='word_1_112' title='bbox 1105 1512 1136 1546; x_wconf 83' lang='grc'><strong>-›</strong></span> <span class='ocrx_word' id='word_1_113' title='bbox 1170 1494 1271 1551; x_wconf 92' lang='lat' dir='ltr'>hoc</span> <span class='ocrx_word' id='word_1_114' title='bbox 1307 1507 1388 1552; x_wconf 87' lang='lat' dir='ltr'>est</span> <span class='ocrx_word' id='word_1_115' title='bbox 1413 1499 1764 1558; x_wconf 88' lang='lat' dir='ltr'><strong>detestabiles</strong></span> <span class='ocrx_word' id='word_1_116' title='bbox 1801 1508 2001 1563; x_wconf 81' lang='lat' dir='ltr'><strong>daemo-</strong></span> 
     </span>
    </p>
   </div>
   <div class='ocr_carea' id='block_1_17' title="bbox 425 1573 2002 1659">
    <p class='ocr_par' dir='ltr' id='par_1_17' title="bbox 425 1573 2002 1659">
     <span class='ocr_line' id='line_1_17' title="bbox 425 1573 2002 1659; baseline 0.018 -33"><span class='ocrx_word' id='word_1_117' title='bbox 425 1573 636 1629; x_wconf 87' lang='lat' dir='ltr'><strong>niorum</strong></span> <span class='ocrx_word' id='word_1_118' title='bbox 671 1578 952 1646; x_wconf 89' lang='lat' dir='ltr'><strong>turbas,et</strong></span> <span class='ocrx_word' id='word_1_119' title='bbox 987 1583 1326 1640; x_wconf 90' lang='lat' dir='ltr'><strong>subditurum</strong></span> <span class='ocrx_word' id='word_1_120' title='bbox 1360 1589 1493 1659; x_wconf 85' lang='lat' dir='ltr'><strong><em>ipsis</em></strong></span> <span class='ocrx_word' id='word_1_121' title='bbox 1525 1606 1715 1649; x_wconf 87' lang='lat' dir='ltr'><strong>omnes</strong></span> <span class='ocrx_word' id='word_1_122' title='bbox 1749 1595 2002 1654; x_wconf 89' lang='lat' dir='ltr'><strong>inimicos</strong></span> 
     </span>
    </p>
   </div>
   <div class='ocr_carea' id='block_1_18' title="bbox 419 1666 2003 1751">
    <p class='ocr_par' dir='ltr' id='par_1_18' title="bbox 419 1666 2003 1751">
     <span class='ocr_line' id='line_1_18' title="bbox 419 1666 2003 1751; baseline 0.018 -32"><span class='ocrx_word' id='word_1_123' title='bbox 419 1666 620 1736; x_wconf 83' lang='lat' dir='ltr'>quique</span> <span class='ocrx_word' id='word_1_124' title='bbox 639 1680 955 1740; x_wconf 86' lang='lat' dir='ltr'><strong>cernuntur,</strong></span> <span class='ocrx_word' id='word_1_125' title='bbox 978 1676 1180 1747; x_wconf 88' lang='lat' dir='ltr'><strong>quique</strong></span> <span class='ocrx_word' id='word_1_126' title='bbox 1196 1694 1300 1735; x_wconf 93' lang='lat' dir='ltr'>non</span> <span class='ocrx_word' id='word_1_127' title='bbox 1319 1693 1636 1751; x_wconf 90' lang='lat' dir='ltr'><strong>cernuntur,</strong></span> <span class='ocrx_word' id='word_1_128' title='bbox 1667 1695 1722 1741; x_wconf 89' lang='lat' dir='ltr'>et</span> <span class='ocrx_word' id='word_1_129' title='bbox 1743 1690 2003 1746; x_wconf 82' lang='lat' dir='ltr'><strong>contritu-</strong></span> 
     </span>
    </p>
   </div>
   <div class='ocr_carea' id='block_1_19' title="bbox 420 1764 2000 1848">
    <p class='ocr_par' dir='ltr' id='par_1_19' title="bbox 420 1764 2000 1848">
     <span class='ocr_line' id='line_1_19' title="bbox 420 1764 2000 1848; baseline 0.017 -38"><span class='ocrx_word' id='word_1_130' title='bbox 420 1771 538 1813; x_wconf 91' lang='lat' dir='ltr'>rum</span> <span class='ocrx_word' id='word_1_131' title='bbox 557 1775 716 1818; x_wconf 91' lang='lat' dir='ltr'><strong>omne</strong></span> <span class='ocrx_word' id='word_1_132' title='bbox 761 1764 980 1836; x_wconf 84' lang='lat' dir='ltr'><strong>bellum,</strong></span> <span class='ocrx_word' id='word_1_133' title='bbox 1005 1783 1035 1824; x_wconf 90' lang='lat' dir='ltr'>e</span> <span class='ocrx_word' id='word_1_134' title='bbox 1073 1771 1228 1826; x_wconf 87' lang='lat' dir='ltr'>bonis</span> <span class='ocrx_word' id='word_1_135' title='bbox 1254 1776 1401 1842; x_wconf 82' lang='lat' dir='ltr'>pacis</span> <span class='ocrx_word' id='word_1_136' title='bbox 1436 1789 1529 1831; x_wconf 89' lang='lat' dir='ltr'>eos</span> <span class='ocrx_word' id='word_1_137' title='bbox 1553 1778 2000 1848; x_wconf 80' lang='lat' dir='ltr'><strong>cxhilaraturum,</strong></span> 
     </span>
    </p>
   </div>
   <div class='ocr_carea' id='block_1_20' title="bbox 419 1851 2004 1936">
    <p class='ocr_par' dir='ltr' id='par_1_20' title="bbox 419 1851 2004 1936">
     <span class='ocr_line' id='line_1_20' title="bbox 419 1851 2004 1936; baseline 0.016 -33"><span class='ocrx_word' id='word_1_138' title='bbox 419 1851 520 1905; x_wconf 90' lang='lat' dir='ltr'>sub</span> <span class='ocrx_word' id='word_1_139' title='bbox 571 1860 881 1924; x_wconf 76' lang='lat' dir='ltr'><strong>legumento</strong></span> <span class='ocrx_word' id='word_1_140' title='bbox 917 1860 1202 1918; x_wconf 85' lang='lat' dir='ltr'>verborum</span> <span class='ocrx_word' id='word_1_141' title='bbox 1246 1867 1595 1936; x_wconf 75' lang='lat' dir='ltr'>propheticus</span> <span class='ocrx_word' id='word_1_142' title='bbox 1639 1885 1819 1926; x_wconf 83' lang='lat' dir='ltr'><strong>sermo</strong></span> <span class='ocrx_word' id='word_1_143' title='bbox 1849 1873 2004 1929; x_wconf 89' lang='lat' dir='ltr'><strong>nobis</strong></span> 
     </span>
    </p>
   </div>
   <div class='ocr_carea' id='block_1_21' title="bbox 419 1941 2003 2036">
    <p class='ocr_par' dir='ltr' id='par_1_21' title="bbox 419 1941 2003 2036">
     <span class='ocr_line' id='line_1_21' title="bbox 419 1941 2003 2036; baseline 0.017 -41"><span class='ocrx_word' id='word_1_144' title='bbox 419 1941 773 2004; x_wconf 83' lang='lat' dir='ltr'><strong>demonstrat.</strong></span> <span class='ocrx_word' id='word_1_145' title='bbox 823 1949 1138 2010; x_wconf 87' lang='lat' dir='ltr'><strong>lnvaserunt</strong></span> <span class='ocrx_word' id='word_1_146' title='bbox 1182 1957 1326 2013; x_wconf 90' lang='lat' dir='ltr'><strong>enim</strong></span> <span class='ocrx_word' id='word_1_147' title='bbox 1373 1959 1662 2028; x_wconf 80' lang='lat' dir='ltr'><strong>aliquando</strong></span> <span class='ocrx_word' id='word_1_148' title='bbox 1719 1963 2003 2036; x_wconf 85' lang='lat' dir='ltr'><strong>Babylonii</strong></span> 
     </span>
    </p>
   </div>
   <div class='ocr_carea' id='block_1_22' title="bbox 325 2031 2006 2122">
    <p class='ocr_par' dir='ltr' id='par_1_22' title="bbox 325 2031 2006 2122">
     <span class='ocr_line' id='line_1_22' title="bbox 325 2031 2006 2122; baseline 0.018 -39"><span class='ocrx_word' id='word_1_149' title='bbox 325 2095 328 2097; x_wconf 12' lang='grc' dir='ltr'><strong>Α</strong></span> <span class='ocrx_word' id='word_1_150' title='bbox 421 2031 884 2109; x_wconf 85' lang='lat' dir='ltr'><strong>llierosolymitas,</strong></span> <span class='ocrx_word' id='word_1_151' title='bbox 903 2049 1063 2112; x_wconf 88' lang='lat' dir='ltr'><strong>atque</strong></span> <span class='ocrx_word' id='word_1_152' title='bbox 1080 2044 1240 2101; x_wconf 89' lang='lat' dir='ltr'><strong>etiam</strong></span> <span class='ocrx_word' id='word_1_153' title='bbox 1267 2050 1537 2108; x_wconf 69' lang='lat' dir='ltr'><strong>nonnulla:</strong></span> <span class='ocrx_word' id='word_1_154' title='bbox 1554 2062 1743 2122; x_wconf 79' lang='lat' dir='ltr'><strong>gentes</strong></span> <span class='ocrx_word' id='word_1_155' title='bbox 1760 2031 2006 2113; x_wconf 61' lang='lat' dir='ltr'><strong>ﬁnitimae</strong></span> 
     </span>
    </p>
   </div>
   <div class='ocr_carea' id='block_1_23' title="bbox 2101 873 3688 950">
    <p class='ocr_par' dir='ltr' id='par_1_23' title="bbox 2101 873 3688 950">
     <span class='ocr_line' id='line_1_23' title="bbox 2101 873 3688 950; baseline 0.008 -25"><span class='ocrx_word' id='word_1_156' title='bbox 2101 873 2289 927; x_wconf 75' lang='grc' dir='ltr'>ἵππον</span> <span class='ocrx_word' id='word_1_157' title='bbox 2342 876 2411 941; x_wconf 79' lang='grc' dir='ltr'>ἐξ</span> <span class='ocrx_word' id='word_1_158' title='bbox 2483 878 2901 948; x_wconf 78' lang='grc' dir='ltr'>Ἰερουσαλὴμ,</span> <span class='ocrx_word' id='word_1_159' title='bbox 2969 881 3068 934; x_wconf 81' lang='grc' dir='ltr'>καί</span> <span class='ocrx_word' id='word_1_160' title='bbox 3113 880 3688 950; x_wconf 64' lang='grc' dir='ltr'>ἐξολοθρεΰθήσεται</span> 
     </span>
    </p>
   </div>
   <div class='ocr_carea' id='block_1_24' title="bbox 2100 965 3685 1042">
    <p class='ocr_par' dir='ltr' id='par_1_24' title="bbox 2100 965 3685 1042">
     <span class='ocr_line' id='line_1_24' title="bbox 2100 965 3685 1042; baseline 0.006 -25"><span class='ocrx_word' id='word_1_161' title='bbox 2100 965 2282 1030; x_wconf 73' lang='grc' dir='ltr'>τόξον</span> <span class='ocrx_word' id='word_1_162' title='bbox 2311 970 2657 1042; x_wconf 63' lang='grc' dir='ltr'>πολεμικὸν,</span> <span class='ocrx_word' id='word_1_163' title='bbox 2706 975 2806 1025; x_wconf 81' lang='grc' dir='ltr'>καὶ</span> <span class='ocrx_word' id='word_1_164' title='bbox 2854 970 3105 1039; x_wconf 81' lang='grc' dir='ltr'>πλῆθος,</span> <span class='ocrx_word' id='word_1_165' title='bbox 3153 972 3253 1027; x_wconf 80' lang='grc' dir='ltr'>καὶ</span> <span class='ocrx_word' id='word_1_166' title='bbox 3314 973 3564 1042; x_wconf 74' lang='grc' dir='ltr'>εἰρήνην</span> <span class='ocrx_word' id='word_1_167' title='bbox 3617 973 3685 1037; x_wconf 76' lang='grc' dir='ltr'>ἐξ</span> 
     </span>
    </p>
   </div>
   <div class='ocr_carea' id='block_1_25' title="bbox 2099 1034 3684 1132">
    <p class='ocr_par' dir='ltr' id='par_1_25' title="bbox 2099 1034 3684 1132">
     <span class='ocr_line' id='line_1_25' title="bbox 2099 1034 3684 1132; baseline 0.007 -23"><span class='ocrx_word' id='word_1_168' title='bbox 2099 1034 2325 1124; x_wconf 58' lang='grc' dir='ltr'>ἐθνῶν-ξ</span> <span class='ocrx_word' id='word_1_169' title='bbox 2400 1034 2498 1114; x_wconf 75' lang='grc' dir='ltr'>καὶ</span> <span class='ocrx_word' id='word_1_170' title='bbox 2545 1061 2828 1130; x_wconf 80' lang='grc' dir='ltr'>κατάρξει</span> <span class='ocrx_word' id='word_1_171' title='bbox 2880 1034 3118 1120; x_wconf 47' lang='lat' dir='ltr'><strong>imiimi}</strong></span> <span class='ocrx_word' id='word_1_172' title='bbox 3185 1063 3302 1117; x_wconf 81' lang='grc' dir='ltr'>ἀπὸ</span> <span class='ocrx_word' id='word_1_173' title='bbox 3361 1034 3684 1132; x_wconf 53' lang='lat' dir='ltr'><strong>dulciaque</strong></span> 
     </span>
    </p>
   </div>
   <div class='ocr_carea' id='block_1_26' title="bbox 2099 1146 3682 1228">
    <p class='ocr_par' dir='ltr' id='par_1_26' title="bbox 2099 1146 3682 1228">
     <span class='ocr_line' id='line_1_26' title="bbox 2099 1146 3682 1228; baseline 0.007 -29"><span class='ocrx_word' id='word_1_174' title='bbox 2099 1146 2210 1213; x_wconf 81' lang='grc' dir='ltr'>ἕως</span> <span class='ocrx_word' id='word_1_175' title='bbox 2255 1148 2592 1220; x_wconf 80' lang='grc' dir='ltr'>θαλάσσης,</span> <span class='ocrx_word' id='word_1_176' title='bbox 2637 1153 2735 1207; x_wconf 85' lang='grc' dir='ltr'>καί</span> <span class='ocrx_word' id='word_1_177' title='bbox 2791 1153 2911 1209; x_wconf 82' lang='grc' dir='ltr'>ἀπὸ</span> <span class='ocrx_word' id='word_1_178' title='bbox 2974 1152 3254 1226; x_wconf 80' lang='grc' dir='ltr'>ποταμῶν</span> <span class='ocrx_word' id='word_1_179' title='bbox 3293 1153 3405 1228; x_wconf 77' lang='grc' dir='ltr'>ἕως</span> <span class='ocrx_word' id='word_1_180' title='bbox 3451 1153 3682 1210; x_wconf 80' lang='grc' dir='ltr'>διεκϐο-</span> 
     </span>
    </p>
   </div>
   <div class='ocr_carea' id='block_1_27' title="bbox 2101 1237 2383 1310">
    <p class='ocr_par' dir='ltr' id='par_1_27' title="bbox 2101 1237 2383 1310">
     <span class='ocr_line' id='line_1_27' title="bbox 2101 1237 2383 1310; baseline 0.014 -18"><span class='ocrx_word' id='word_1_181' title='bbox 2101 1237 2228 1293; x_wconf 82' lang='grc' dir='ltr'>λῶν</span> <span class='ocrx_word' id='word_1_182' title='bbox 2252 1239 2383 1310; x_wconf 67' lang='grc' dir='ltr'>γῆς.</span> 
     </span>
    </p>
   </div>
   <div class='ocr_carea' id='block_1_28' title="bbox 2171 1331 3685 1410">
    <p class='ocr_par' dir='ltr' id='par_1_28' title="bbox 2171 1331 3685 1410">
     <span class='ocr_line' id='line_1_28' title="bbox 2171 1331 3685 1410; baseline 0.006 -27"><span class='ocrx_word' id='word_1_183' title='bbox 2171 1331 2306 1384; x_wconf 85' lang='grc' dir='ltr'>ΝΗ’.</span> <span class='ocrx_word' id='word_1_184' title='bbox 2337 1333 2457 1387; x_wconf 88' lang='grc' dir='ltr'>Ὅτι</span> <span class='ocrx_word' id='word_1_185' title='bbox 2481 1335 2771 1406; x_wconf 88' lang='grc' dir='ltr'>γενόμενος</span> <span class='ocrx_word' id='word_1_186' title='bbox 2797 1337 3082 1406; x_wconf 78' lang='grc' dir='ltr'>ἄνθρωπος</span> <span class='ocrx_word' id='word_1_187' title='bbox 3112 1339 3140 1390; x_wconf 99' lang='lat'>6</span> <span class='ocrx_word' id='word_1_188' title='bbox 3187 1339 3516 1410; x_wconf 75' lang='grc' dir='ltr'>Μονογενὴς,</span> <span class='ocrx_word' id='word_1_189' title='bbox 3573 1341 3685 1403; x_wconf 77' lang='grc' dir='ltr'>τοῖς</span> 
     </span>
    </p>
   </div>
   <div class='ocr_carea' id='block_1_29' title="bbox 2102 1419 3686 1502">
    <p class='ocr_par' dir='ltr' id='par_1_29' title="bbox 2102 1419 3686 1502">
     <span class='ocr_line' id='line_1_29' title="bbox 2102 1419 3686 1502; baseline 0.006 -28"><span class='ocrx_word' id='word_1_190' title='bbox 2102 1419 2210 1476; x_wconf 88' lang='grc' dir='ltr'>τῶν</span> <span class='ocrx_word' id='word_1_191' title='bbox 2232 1423 2572 1492; x_wconf 83' lang='grc' dir='ltr'>ἀγαπώντων</span> <span class='ocrx_word' id='word_1_192' title='bbox 2603 1427 2765 1481; x_wconf 71' lang='grc' dir='ltr'>αὑτὸν</span> <span class='ocrx_word' id='word_1_193' title='bbox 2787 1429 3082 1500; x_wconf 86' lang='grc' dir='ltr'>ὑποφέρειν</span> <span class='ocrx_word' id='word_1_194' title='bbox 3113 1429 3305 1501; x_wconf 77' lang='grc' dir='ltr'>ἔμελλε</span> <span class='ocrx_word' id='word_1_195' title='bbox 3353 1432 3512 1483; x_wconf 69' lang='grc' dir='ltr'>ποσὶν</span> <span class='ocrx_word' id='word_1_196' title='bbox 3549 1451 3568 1482; x_wconf 75' lang='grc' dir='ltr'>ι</span> <span class='ocrx_word' id='word_1_197' title='bbox 3594 1431 3686 1502; x_wconf 71' lang='grc' dir='ltr'>ἀρα</span> 
     </span>
    </p>
   </div>
   <div class='ocr_carea' id='block_1_30' title="bbox 2102 1513 3686 1593">
    <p class='ocr_par' dir='ltr' id='par_1_30' title="bbox 2102 1513 3686 1593">
     <span class='ocr_line' id='line_1_30' title="bbox 2102 1513 3686 1593; baseline 0.009 -28"><span class='ocrx_word' id='word_1_198' title='bbox 2102 1513 2203 1584; x_wconf 83' lang='grc' dir='ltr'>χὰς</span> <span class='ocrx_word' id='word_1_199' title='bbox 2229 1530 2288 1566; x_wconf 88' lang='grc' dir='ltr'>τε</span> <span class='ocrx_word' id='word_1_200' title='bbox 2333 1516 2429 1567; x_wconf 75' lang='grc' dir='ltr'>καὶ</span> <span class='ocrx_word' id='word_1_201' title='bbox 2473 1514 2740 1581; x_wconf 80' lang='grc' dir='ltr'>ἐξουσίας,</span> <span class='ocrx_word' id='word_1_202' title='bbox 2793 1518 2888 1572; x_wconf 72' lang='grc' dir='ltr'>καὶ</span> <span class='ocrx_word' id='word_1_203' title='bbox 2926 1519 3052 1582; x_wconf 80' lang='grc' dir='ltr'>τοὺς</span> <span class='ocrx_word' id='word_1_204' title='bbox 3110 1521 3558 1593; x_wconf 83' lang='grc' dir='ltr'>κοσμοκράτορας</span> <span class='ocrx_word' id='word_1_205' title='bbox 3588 1525 3686 1578; x_wconf 71' lang='grc' dir='ltr'>τοῦ</span> 
     </span>
    </p>
   </div>
   <div class='ocr_carea' id='block_1_31' title="bbox 2103 1605 3683 1683">
    <p class='ocr_par' dir='ltr' id='par_1_31' title="bbox 2103 1605 3683 1683">
     <span class='ocr_line' id='line_1_31' title="bbox 2103 1605 3683 1683; baseline 0.007 -26"><span class='ocrx_word' id='word_1_206' title='bbox 2103 1605 2308 1675; x_wconf 86' lang='grc' dir='ltr'>κόσμου</span> <span class='ocrx_word' id='word_1_207' title='bbox 2345 1607 2590 1672; x_wconf 74' lang='grc' dir='ltr'>τούτου,ι</span> <span class='ocrx_word' id='word_1_208' title='bbox 2617 1609 2860 1662; x_wconf 77' lang='grc' dir='ltr'>τουτέστι</span> <span class='ocrx_word' id='word_1_209' title='bbox 2907 1610 2976 1664; x_wconf 85' lang='grc' dir='ltr'>τά</span> <span class='ocrx_word' id='word_1_210' title='bbox 3004 1611 3237 1683; x_wconf 87' lang='grc' dir='ltr'>βδελυρά</span> <span class='ocrx_word' id='word_1_211' title='bbox 3267 1612 3374 1665; x_wconf 90' lang='grc' dir='ltr'>τῶν</span> <span class='ocrx_word' id='word_1_212' title='bbox 3395 1613 3683 1683; x_wconf 73' lang='grc' dir='ltr'>δαιμονίων</span> 
     </span>
    </p>
   </div>
   <div class='ocr_carea' id='block_1_32' title="bbox 2107 1696 3684 1775">
    <p class='ocr_par' dir='ltr' id='par_1_32' title="bbox 2107 1696 3684 1775">
     <span class='ocr_line' id='line_1_32' title="bbox 2107 1696 3684 1775; baseline 0.006 -27"><span class='ocrx_word' id='word_1_213' title='bbox 2107 1696 2290 1768; x_wconf 84' lang='grc' dir='ltr'>στίφη,</span> <span class='ocrx_word' id='word_1_214' title='bbox 2326 1697 2504 1751; x_wconf 86' lang='grc' dir='ltr'>πάντα</span> <span class='ocrx_word' id='word_1_215' title='bbox 2526 1716 2585 1751; x_wconf 90' lang='grc' dir='ltr'>τε</span> <span class='ocrx_word' id='word_1_216' title='bbox 2618 1699 2800 1762; x_wconf 74' lang='grc' dir='ltr'>αὐτοῖς</span> <span class='ocrx_word' id='word_1_217' title='bbox 2835 1701 3162 1756; x_wconf 77' lang='grc' dir='ltr'>ὑποτάσσειν</span> <span class='ocrx_word' id='word_1_218' title='bbox 3181 1702 3374 1774; x_wconf 74' lang='grc' dir='ltr'>ἐχθρὸν</span> <span class='ocrx_word' id='word_1_219' title='bbox 3399 1705 3594 1775; x_wconf 84' lang='grc' dir='ltr'>ὁρατόν</span> <span class='ocrx_word' id='word_1_220' title='bbox 3625 1723 3684 1758; x_wconf 89' lang='grc' dir='ltr'>τε</span> 
     </span>
    </p>
   </div>
   <div class='ocr_carea' id='block_1_33' title="bbox 2104 1789 3685 1864">
    <p class='ocr_par' dir='ltr' id='par_1_33' title="bbox 2104 1789 3685 1864">
     <span class='ocr_line' id='line_1_33' title="bbox 2104 1789 3685 1864; baseline 0.005 -23"><span class='ocrx_word' id='word_1_221' title='bbox 2104 1789 2199 1841; x_wconf 72' lang='grc' dir='ltr'>καὶ</span> <span class='ocrx_word' id='word_1_222' title='bbox 2222 1789 2473 1861; x_wconf 88' lang='grc' dir='ltr'>ἀόρατον,</span> <span class='ocrx_word' id='word_1_223' title='bbox 2507 1791 2598 1844; x_wconf 73' lang='grc' dir='ltr'>καὶ</span> <span class='ocrx_word' id='word_1_224' title='bbox 2619 1790 2799 1846; x_wconf 80' lang='grc' dir='ltr'>πάντα</span> <span class='ocrx_word' id='word_1_225' title='bbox 2827 1793 3136 1864; x_wconf 79' lang='grc' dir='ltr'>συντρίϐειν</span> <span class='ocrx_word' id='word_1_226' title='bbox 3169 1794 3424 1864; x_wconf 86' lang='grc' dir='ltr'>πόλεμον,</span> <span class='ocrx_word' id='word_1_227' title='bbox 3456 1797 3549 1848; x_wconf 81' lang='grc' dir='ltr'>καὶ</span> <span class='ocrx_word' id='word_1_228' title='bbox 3573 1801 3685 1861; x_wconf 87' lang='grc' dir='ltr'>τοῖς</span> 
     </span>
    </p>
   </div>
   <div class='ocr_carea' id='block_1_34' title="bbox 2105 1880 3687 1957">
    <p class='ocr_par' dir='ltr' id='par_1_34' title="bbox 2105 1880 3687 1957">
     <span class='ocr_line' id='line_1_34' title="bbox 2105 1880 3687 1957; baseline 0.005 -24"><span class='ocrx_word' id='word_1_229' title='bbox 2105 1880 2166 1945; x_wconf 81' lang='grc' dir='ltr'>ἐξ</span> <span class='ocrx_word' id='word_1_230' title='bbox 2214 1882 2437 1952; x_wconf 81' lang='grc' dir='ltr'>εἰρήνης</span> <span class='ocrx_word' id='word_1_231' title='bbox 2484 1885 2907 1955; x_wconf 85' lang='grc' dir='ltr'>κατευφραίνειν</span> <span class='ocrx_word' id='word_1_232' title='bbox 2971 1885 3217 1953; x_wconf 80' lang='grc' dir='ltr'>ἀγαθοῖς,</span> <span class='ocrx_word' id='word_1_233' title='bbox 3275 1887 3687 1957; x_wconf 80' lang='grc' dir='ltr'>αἰνιγματωδῶς</span> 
     </span>
    </p>
   </div>
   <div class='ocr_carea' id='block_1_35' title="bbox 2104 1973 3687 2050">
    <p class='ocr_par' dir='ltr' id='par_1_35' title="bbox 2104 1973 3687 2050">
     <span class='ocr_line' id='line_1_35' title="bbox 2104 1973 3687 2050; baseline 0.005 -28"><span class='ocrx_word' id='word_1_234' title='bbox 2104 1973 2240 2042; x_wconf 80' lang='grc' dir='ltr'>ἡμῖν</span> <span class='ocrx_word' id='word_1_235' title='bbox 2273 1973 2301 2025; x_wconf 93' lang='lat'>6</span> <span class='ocrx_word' id='word_1_236' title='bbox 2339 1973 2677 2043; x_wconf 79' lang='grc' dir='ltr'>προφητικδς</span> <span class='ocrx_word' id='word_1_237' title='bbox 2707 1975 2993 2043; x_wconf 78' lang='grc' dir='ltr'>ὑποφαίνει</span> <span class='ocrx_word' id='word_1_238' title='bbox 3022 1974 3200 2042; x_wconf 81' lang='grc' dir='ltr'>λόγος.</span> <span class='ocrx_word' id='word_1_239' title='bbox 3223 1976 3428 2047; x_wconf 83' lang='grc' dir='ltr'>ᾝεσαν</span> <span class='ocrx_word' id='word_1_240' title='bbox 3459 1978 3554 2046; x_wconf 83' lang='grc' dir='ltr'>μὲν</span> <span class='ocrx_word' id='word_1_241' title='bbox 3577 1979 3687 2050; x_wconf 77' lang='grc' dir='ltr'>γὰρ</span> 
     </span>
    </p>
   </div>
   <div class='ocr_carea' id='block_1_36' title="bbox 2106 2063 3682 2137">
    <p class='ocr_par' dir='ltr' id='par_1_36' title="bbox 2106 2063 3682 2137">
     <span class='ocr_line' id='line_1_36' title="bbox 2106 2063 3682 2137; baseline 0.003 -19"><span class='ocrx_word' id='word_1_242' title='bbox 2106 2063 2249 2118; x_wconf 84' lang='grc' dir='ltr'>κατά</span> <span class='ocrx_word' id='word_1_243' title='bbox 2285 2067 2511 2136; x_wconf 79' lang='grc' dir='ltr'>καιροὺς</span> <span class='ocrx_word' id='word_1_244' title='bbox 2533 2066 2671 2120; x_wconf 85' lang='grc' dir='ltr'>κατὰ</span> <span class='ocrx_word' id='word_1_245' title='bbox 2700 2066 2809 2120; x_wconf 90' lang='grc' dir='ltr'>τῶν</span> <span class='ocrx_word' id='word_1_246' title='bbox 2834 2065 3222 2137; x_wconf 81' lang='grc' dir='ltr'>Ἱεροσολύμων</span> <span class='ocrx_word' id='word_1_247' title='bbox 3255 2069 3304 2120; x_wconf 92' lang='grc' dir='ltr'>οἱ</span> <span class='ocrx_word' id='word_1_248' title='bbox 3336 2068 3682 2133; x_wconf 80' lang='grc' dir='ltr'>Βαϐυλώνιοι,</span> 
     </span>
    </p>
   </div>
   <div class='ocr_carea' id='block_1_37' title="bbox 418 2121 2000 2227">
    <p class='ocr_par' dir='ltr' id='par_1_37' title="bbox 418 2121 2000 2214">
     <span class='ocr_line' id='line_1_37' title="bbox 418 2121 2000 2214; baseline 0.018 -37"><span class='ocrx_word' id='word_1_249' title='bbox 418 2125 595 2195; x_wconf 88' lang='lat' dir='ltr'><strong>equis,</strong></span> <span class='ocrx_word' id='word_1_250' title='bbox 615 2137 668 2182; x_wconf 90' lang='lat' dir='ltr'>et</span> <span class='ocrx_word' id='word_1_251' title='bbox 718 2131 986 2199; x_wconf 86' lang='lat' dir='ltr'><strong>curribus,</strong></span> <span class='ocrx_word' id='word_1_252' title='bbox 1013 2143 1066 2189; x_wconf 92' lang='lat' dir='ltr'>et</span> <span class='ocrx_word' id='word_1_253' title='bbox 1107 2138 1342 2194; x_wconf 84' lang='lat' dir='ltr'>arcubus</span> <span class='ocrx_word' id='word_1_254' title='bbox 1391 2155 1484 2197; x_wconf 91' lang='lat' dir='ltr'>eos</span> <span class='ocrx_word' id='word_1_255' title='bbox 1507 2121 1632 2197; x_wconf 86' lang='lat' dir='ltr'><strong>sunt</strong></span> <span class='ocrx_word' id='word_1_256' title='bbox 1678 2147 1904 2214; x_wconf 86' lang='lat' dir='ltr'><strong>adortae,</strong></span> <span class='ocrx_word' id='word_1_257' title='bbox 1945 2161 2000 2206; x_wconf 90' lang='lat' dir='ltr'>ut</span> 
     </span>
    </p>
   </div>
   <div class='ocr_carea' id='block_1_38' title="bbox 2107 2121 3688 2227">
    <p class='ocr_par' dir='ltr' id='par_1_38' title="bbox 2108 2121 3688 2227">
     <span class='ocr_line' id='line_1_38' title="bbox 2108 2121 3688 2227; baseline 0.004 -19"><span class='ocrx_word' id='word_1_258' title='bbox 2108 2154 2202 2208; x_wconf 81' lang='grc' dir='ltr'>καὶ</span> <span class='ocrx_word' id='word_1_259' title='bbox 2232 2154 2337 2225; x_wconf 84' lang='grc' dir='ltr'>μὴν</span> <span class='ocrx_word' id='word_1_260' title='bbox 2364 2121 2457 2208; x_wconf 69' lang='grc' dir='ltr'>καὶ</span> <span class='ocrx_word' id='word_1_261' title='bbox 2481 2121 2658 2225; x_wconf 70' lang='grc' dir='ltr'>ἐτεροί</span> <span class='ocrx_word' id='word_1_262' title='bbox 2712 2173 2858 2220; x_wconf 88' lang='grc' dir='ltr'>τινες</span> <span class='ocrx_word' id='word_1_263' title='bbox 2886 2121 2995 2209; x_wconf 49' lang='grc' dir='ltr'>τιῶν</span> <span class='ocrx_word' id='word_1_264' title='bbox 3053 2121 3266 2227; x_wconf 76' lang='grc' dir='ltr'>ὁμόρων</span> <span class='ocrx_word' id='word_1_265' title='bbox 3300 2156 3468 2211; x_wconf 91' lang='grc' dir='ltr'>ἐθνῶν</span> <span class='ocrx_word' id='word_1_266' title='bbox 3498 2121 3688 2223; x_wconf 65' lang='grc' dir='ltr'>ίπποις</span> 
     </span>
    </p>
   </div>
   <div class='ocr_carea' id='block_1_39' title="bbox 423 2216 2002 2300">
    <p class='ocr_par' dir='ltr' id='par_1_39' title="bbox 423 2216 2002 2300">
     <span class='ocr_line' id='line_1_39' title="bbox 423 2216 2002 2300; baseline 0.019 -32"><span class='ocrx_word' id='word_1_267' title='bbox 423 2216 647 2285; x_wconf 82' lang='lat' dir='ltr'><strong>legimus</strong></span> <span class='ocrx_word' id='word_1_268' title='bbox 665 2220 732 2287; x_wconf 74' lang='grc'>³⁷,</span> <span class='ocrx_word' id='word_1_269' title='bbox 759 2230 919 2292; x_wconf 90' lang='lat' dir='ltr'><strong>atque</strong></span> <span class='ocrx_word' id='word_1_270' title='bbox 943 2225 1014 2280; x_wconf 88' lang='lat' dir='ltr'>ita</span> <span class='ocrx_word' id='word_1_271' title='bbox 1036 2226 1349 2300; x_wconf 81' lang='lat' dir='ltr'><strong>subjugatos</strong></span> <span class='ocrx_word' id='word_1_272' title='bbox 1372 2234 1565 2290; x_wconf 82' lang='lat' dir='ltr'><strong>acerbe</strong></span> <span class='ocrx_word' id='word_1_273' title='bbox 1595 2249 1882 2296; x_wconf 86' lang='lat' dir='ltr'><strong>vexarunt.</strong></span> <span class='ocrx_word' id='word_1_274' title='bbox 1918 2243 2002 2300; x_wconf 84' lang='lat' dir='ltr'>Ab</span> 
     </span>
    </p>
   </div>
   <div class='ocr_carea' id='block_1_40' title="bbox 422 2311 2004 2400">
    <p class='ocr_par' dir='ltr' id='par_1_40' title="bbox 422 2311 2004 2400">
     <span class='ocr_line' id='line_1_40' title="bbox 422 2311 2004 2400; baseline 0.018 -37"><span class='ocrx_word' id='word_1_275' title='bbox 422 2319 614 2363; x_wconf 81' lang='lat' dir='ltr'><strong>eventu</strong></span> <span class='ocrx_word' id='word_1_276' title='bbox 652 2311 815 2382; x_wconf 81' lang='lat' dir='ltr'><strong>igitur</strong></span> <span class='ocrx_word' id='word_1_277' title='bbox 838 2313 1040 2373; x_wconf 85' lang='lat' dir='ltr'><strong>Christi</strong></span> <span class='ocrx_word' id='word_1_278' title='bbox 1069 2321 1474 2388; x_wconf 70' lang='lat' dir='ltr'><strong>praeclariorum</strong></span> <span class='ocrx_word' id='word_1_279' title='bbox 1499 2340 1725 2396; x_wconf 84' lang='lat' dir='ltr'><strong>Operum</strong></span> <span class='ocrx_word' id='word_1_280' title='bbox 1752 2331 2004 2400; x_wconf 90' lang='lat' dir='ltr'><strong>splendo-</strong></span> 
     </span>
    </p>
   </div>
   <div class='ocr_carea' id='block_1_41' title="bbox 419 2406 2002 2488">
    <p class='ocr_par' dir='ltr' id='par_1_41' title="bbox 419 2406 2002 2488">
     <span class='ocr_line' id='line_1_41' title="bbox 419 2406 2002 2488; baseline 0.02 -36"><span class='ocrx_word' id='word_1_281' title='bbox 419 2406 534 2454; x_wconf 71' lang='lat' dir='ltr'>rem</span> <span class='ocrx_word' id='word_1_282' title='bbox 557 2406 814 2470; x_wconf 88' lang='lat' dir='ltr'><strong>ostendit,</strong></span> <span class='ocrx_word' id='word_1_283' title='bbox 835 2422 957 2462; x_wconf 94' lang='lat' dir='ltr'>cum</span> <span class='ocrx_word' id='word_1_284' title='bbox 976 2411 1050 2465; x_wconf 88' lang='lat' dir='ltr'>ait</span> <span class='ocrx_word' id='word_1_285' title='bbox 1073 2433 1085 2467; x_wconf 85' lang='lat'><strong><em>:</em></strong></span> <span class='ocrx_word' id='word_1_286' title='bbox 1119 2411 1216 2478; x_wconf 88' lang='lat' dir='ltr'>Qui</span> <span class='ocrx_word' id='word_1_287' title='bbox 1245 2414 1650 2488; x_wconf 86' lang='lat' dir='ltr'><strong>salvat,justus,</strong></span> <span class='ocrx_word' id='word_1_288' title='bbox 1680 2435 2002 2482; x_wconf 87' lang='lat' dir='ltr'><strong>etmansue-</strong></span> 
     </span>
    </p>
   </div>
   <div class='ocr_carea' id='block_1_42' title="bbox 421 2492 2003 2582">
    <p class='ocr_par' dir='ltr' id='par_1_42' title="bbox 421 2492 2003 2582">
     <span class='ocr_line' id='line_1_42' title="bbox 421 2492 2003 2582; baseline 0.017 -36"><span class='ocrx_word' id='word_1_289' title='bbox 421 2492 662 2550; x_wconf 89' lang='lat' dir='ltr'><strong>tissimus</strong></span> <span class='ocrx_word' id='word_1_290' title='bbox 693 2511 787 2551; x_wconf 84' lang='lat' dir='ltr'>rex</span> <span class='ocrx_word' id='word_1_291' title='bbox 804 2499 981 2555; x_wconf 84' lang='lat' dir='ltr'><strong>veniet</strong></span> <span class='ocrx_word' id='word_1_292' title='bbox 1009 2502 1248 2571; x_wconf 84' lang='lat' dir='ltr'><strong>quidem,</strong></span> <span class='ocrx_word' id='word_1_293' title='bbox 1269 2519 1369 2561; x_wconf 84' lang='lat' dir='ltr'>nec</span> <span class='ocrx_word' id='word_1_294' title='bbox 1397 2510 1563 2564; x_wconf 93' lang='lat' dir='ltr'><strong>multo</strong></span> <span class='ocrx_word' id='word_1_295' title='bbox 1579 2523 1697 2582; x_wconf 89' lang='lat' dir='ltr'><strong>post</strong></span> <span class='ocrx_word' id='word_1_296' title='bbox 1724 2515 1838 2570; x_wconf 87' lang='lat' dir='ltr'><strong>haec</strong></span> <span class='ocrx_word' id='word_1_297' title='bbox 1869 2525 2003 2572; x_wconf 84' lang='lat' dir='ltr'><strong>tem-</strong></span> 
     </span>
    </p>
   </div>
   <div class='ocr_carea' id='block_1_43' title="bbox 420 2584 2003 2672">
    <p class='ocr_par' dir='ltr' id='par_1_43' title="bbox 420 2584 2003 2672">
     <span class='ocr_line' id='line_1_43' title="bbox 420 2584 2003 2672; baseline 0.016 -35"><span class='ocrx_word' id='word_1_298' title='bbox 420 2598 572 2653; x_wconf 88' lang='lat' dir='ltr'><strong>pora.</strong></span> <span class='ocrx_word' id='word_1_299' title='bbox 597 2584 980 2646; x_wconf 82' lang='lat' dir='ltr'><strong>Verumtamen</strong></span> <span class='ocrx_word' id='word_1_300' title='bbox 1036 2609 1141 2648; x_wconf 87' lang='lat' dir='ltr'>non</span> <span class='ocrx_word' id='word_1_301' title='bbox 1213 2612 1409 2668; x_wconf 84' lang='lat' dir='ltr'><strong>magna</strong></span> <span class='ocrx_word' id='word_1_302' title='bbox 1472 2616 1620 2672; x_wconf 10' lang='lat' dir='ltr'><strong>cum,</strong></span> <span class='ocrx_word' id='word_1_303' title='bbox 1661 2605 2003 2662; x_wconf 85' lang='lat' dir='ltr'><strong>multitudine</strong></span> 
     </span>
    </p>
   </div>
   <div class='ocr_carea' id='block_1_44' title="bbox 419 2675 2003 2752">
    <p class='ocr_par' dir='ltr' id='par_1_44' title="bbox 419 2675 2003 2752">
     <span class='ocr_line' id='line_1_44' title="bbox 419 2675 2003 2752; baseline 0.015 -24"><span class='ocrx_word' id='word_1_304' title='bbox 419 2675 736 2745; x_wconf 86' lang='lat' dir='ltr'><strong>satellitum,</strong></span> <span class='ocrx_word' id='word_1_305' title='bbox 762 2694 868 2734; x_wconf 89' lang='lat' dir='ltr'>non</span> <span class='ocrx_word' id='word_1_306' title='bbox 890 2681 1198 2752; x_wconf 86' lang='lat' dir='ltr'><strong>stipatores,</strong></span> <span class='ocrx_word' id='word_1_307' title='bbox 1229 2701 1336 2741; x_wconf 91' lang='lat' dir='ltr'>non</span> <span class='ocrx_word' id='word_1_308' title='bbox 1370 2689 1513 2746; x_wconf 88' lang='lat' dir='ltr'><strong>mille</strong></span> <span class='ocrx_word' id='word_1_309' title='bbox 1561 2707 1742 2748; x_wconf 89' lang='lat' dir='ltr'><strong>rerum</strong></span> <span class='ocrx_word' id='word_1_310' title='bbox 1798 2696 2003 2751; x_wconf 88' lang='lat' dir='ltr'><strong>milita-</strong></span> 
     </span>
    </p>
   </div>
   <div class='ocr_carea' id='block_1_45' title="bbox 419 2766 2003 2842">
    <p class='ocr_par' dir='ltr' id='par_1_45' title="bbox 419 2766 2003 2842">
     <span class='ocr_line' id='line_1_45' title="bbox 419 2766 2003 2842; baseline 0.015 -23"><span class='ocrx_word' id='word_1_311' title='bbox 419 2766 560 2820; x_wconf 90' lang='lat' dir='ltr'><strong>rium</strong></span> <span class='ocrx_word' id='word_1_312' title='bbox 593 2782 793 2836; x_wconf 79' lang='lat' dir='ltr'><strong>gnaros</strong></span> <span class='ocrx_word' id='word_1_313' title='bbox 824 2786 1008 2827; x_wconf 86' lang='lat' dir='ltr'><strong>secum</strong></span> <span class='ocrx_word' id='word_1_314' title='bbox 1035 2774 1263 2832; x_wconf 82' lang='lat' dir='ltr'><strong>habens.</strong></span> <span class='ocrx_word' id='word_1_315' title='bbox 1285 2777 1435 2834; x_wconf 82' lang='lat' dir='ltr'><strong>Adeo</strong></span> <span class='ocrx_word' id='word_1_316' title='bbox 1463 2793 1641 2837; x_wconf 90' lang='lat' dir='ltr'><strong>autem</strong></span> <span class='ocrx_word' id='word_1_317' title='bbox 1668 2785 1720 2838; x_wconf 89' lang='lat' dir='ltr'>in</span> <span class='ocrx_word' id='word_1_318' title='bbox 1758 2788 2003 2842; x_wconf 83' lang='lat' dir='ltr'><strong>modera-</strong></span> 
     </span>
    </p>
   </div>
   <div class='ocr_carea' id='block_1_46' title="bbox 422 2857 2000 2943">
    <p class='ocr_par' dir='ltr' id='par_1_46' title="bbox 422 2857 2000 2943">
     <span class='ocr_line' id='line_1_46' title="bbox 422 2857 2000 2943; baseline 0.015 -34"><span class='ocrx_word' id='word_1_319' title='bbox 422 2857 566 2912; x_wconf 86' lang='lat' dir='ltr'><strong>tione</strong></span> <span class='ocrx_word' id='word_1_320' title='bbox 597 2859 762 2913; x_wconf 89' lang='lat' dir='ltr'><strong>animi</strong></span> <span class='ocrx_word' id='word_1_321' title='bbox 790 2863 1138 2930; x_wconf 78' lang='lat' dir='ltr'><strong>exercitatus,</strong></span> <span class='ocrx_word' id='word_1_322' title='bbox 1167 2876 1227 2922; x_wconf 91' lang='lat' dir='ltr'>ut</span> <span class='ocrx_word' id='word_1_323' title='bbox 1266 2869 1431 2924; x_wconf 88' lang='lat' dir='ltr'><strong>etiam</strong></span> <span class='ocrx_word' id='word_1_324' title='bbox 1484 2872 1572 2926; x_wconf 84' lang='lat' dir='ltr'><strong>vix</strong></span> <span class='ocrx_word' id='word_1_325' title='bbox 1639 2875 1844 2943; x_wconf 91' lang='lat' dir='ltr'><strong>pullum</strong></span> <span class='ocrx_word' id='word_1_326' title='bbox 1887 2879 2000 2933; x_wconf 86' lang='lat' dir='ltr'><strong>asi-</strong></span> 
     </span>
    </p>
   </div>
   <div class='ocr_carea' id='block_1_47' title="bbox 421 2950 2002 3024">
    <p class='ocr_par' dir='ltr' id='par_1_47' title="bbox 421 2950 2002 3024">
     <span class='ocr_line' id='line_1_47' title="bbox 421 2950 2002 3024; baseline 0.015 -23"><span class='ocrx_word' id='word_1_327' title='bbox 421 2950 633 3004; x_wconf 88' lang='lat' dir='ltr'><strong>narium</strong></span> <span class='ocrx_word' id='word_1_328' title='bbox 668 2953 924 3008; x_wconf 88' lang='lat' dir='ltr'><strong>ascendat</strong></span> <span class='ocrx_word' id='word_1_329' title='bbox 948 2955 1012 3011; x_wconf 74' lang='grc'>⁸⁸.</span> <span class='ocrx_word' id='word_1_330' title='bbox 1049 2958 1150 3012; x_wconf 88' lang='lat' dir='ltr'><strong>Ast</strong></span> <span class='ocrx_word' id='word_1_331' title='bbox 1183 2960 1382 3016; x_wconf 90' lang='lat' dir='ltr'><strong>virtute</strong></span> <span class='ocrx_word' id='word_1_332' title='bbox 1412 2972 1594 3019; x_wconf 89' lang='lat' dir='ltr'><strong>tantus</strong></span> <span class='ocrx_word' id='word_1_333' title='bbox 1617 2967 1722 3020; x_wconf 89' lang='lat' dir='ltr'><strong>erit</strong></span> <span class='ocrx_word' id='word_1_334' title='bbox 1763 2975 2002 3024; x_wconf 88' lang='lat' dir='ltr'><strong>tantum-</strong></span> 
     </span>
    </p>
   </div>
   <div class='ocr_carea' id='block_1_48' title="bbox 419 3045 2002 3120">
    <p class='ocr_par' dir='ltr' id='par_1_48' title="bbox 419 3045 2002 3120">
     <span class='ocr_line' id='line_1_48' title="bbox 419 3045 2002 3120; baseline 0.014 -24"><span class='ocrx_word' id='word_1_335' title='bbox 419 3057 525 3111; x_wconf 89' lang='lat' dir='ltr'>que</span> <span class='ocrx_word' id='word_1_336' title='bbox 551 3045 789 3113; x_wconf 85' lang='lat' dir='ltr'><strong>proderit</strong></span> <span class='ocrx_word' id='word_1_337' title='bbox 814 3047 868 3102; x_wconf 88' lang='lat' dir='ltr'>in</span> <span class='ocrx_word' id='word_1_338' title='bbox 901 3063 964 3104; x_wconf 89' lang='lat' dir='ltr'>se</span> <span class='ocrx_word' id='word_1_339' title='bbox 993 3050 1412 3120; x_wconf 69' lang='lat' dir='ltr'><strong>conlidentibus,</strong></span> <span class='ocrx_word' id='word_1_340' title='bbox 1467 3066 1526 3110; x_wconf 92' lang='lat' dir='ltr'>ut</span> <span class='ocrx_word' id='word_1_341' title='bbox 1571 3058 1781 3114; x_wconf 80' lang='lat' dir='ltr'><strong>auferat</strong></span> <span class='ocrx_word' id='word_1_342' title='bbox 1812 3075 2002 3118; x_wconf 90' lang='lat' dir='ltr'><strong>currus</strong></span> 
     </span>
    </p>
   </div>
   <div class='ocr_carea' id='block_1_49' title="bbox 420 3131 2000 3222">
    <p class='ocr_par' dir='ltr' id='par_1_49' title="bbox 420 3131 2000 3222">
     <span class='ocr_line' id='line_1_49' title="bbox 420 3131 2000 3222; baseline 0.015 -37"><span class='ocrx_word' id='word_1_343' title='bbox 420 3131 696 3204; x_wconf 85' lang='lat' dir='ltr'><strong>Ephraim,</strong></span> <span class='ocrx_word' id='word_1_344' title='bbox 733 3146 787 3191; x_wconf 89' lang='lat' dir='ltr'>et</span> <span class='ocrx_word' id='word_1_345' title='bbox 811 3153 1007 3210; x_wconf 88' lang='lat' dir='ltr'><strong>equum</strong></span> <span class='ocrx_word' id='word_1_346' title='bbox 1049 3141 1332 3200; x_wconf 87' lang='lat' dir='ltr'><strong>abstrahat</strong></span> <span class='ocrx_word' id='word_1_347' title='bbox 1364 3147 1430 3201; x_wconf 88' lang='lat' dir='ltr'><strong>ab</strong></span> <span class='ocrx_word' id='word_1_348' title='bbox 1461 3132 2000 3222; x_wconf 85' lang='lat' dir='ltr'><strong>Jerusalem,dispcr-</strong></span> 
     </span>
    </p>
   </div>
   <div class='ocr_carea' id='block_1_50' title="bbox 420 3225 2000 3312">
    <p class='ocr_par' dir='ltr' id='par_1_50' title="bbox 420 3225 2000 3312">
     <span class='ocr_line' id='line_1_50' title="bbox 420 3225 2000 3312; baseline 0.013 -35"><span class='ocrx_word' id='word_1_349' title='bbox 420 3225 510 3279; x_wconf 89' lang='lat' dir='ltr'>dat</span> <span class='ocrx_word' id='word_1_350' title='bbox 533 3225 696 3281; x_wconf 88' lang='lat' dir='ltr'><strong>etiam</strong></span> <span class='ocrx_word' id='word_1_351' title='bbox 756 3245 944 3286; x_wconf 87' lang='lat' dir='ltr'><strong>arcum</strong></span> <span class='ocrx_word' id='word_1_352' title='bbox 992 3231 1269 3301; x_wconf 87' lang='lat' dir='ltr'><strong>bellicum,</strong></span> <span class='ocrx_word' id='word_1_353' title='bbox 1301 3244 1355 3292; x_wconf 82' lang='lat' dir='ltr'>et</span> <span class='ocrx_word' id='word_1_354' title='bbox 1416 3253 1681 3294; x_wconf 90' lang='lat' dir='ltr'><strong>summam</strong></span> <span class='ocrx_word' id='word_1_355' title='bbox 1722 3257 1908 3312; x_wconf 88' lang='lat' dir='ltr'><strong>pacem</strong></span> <span class='ocrx_word' id='word_1_356' title='bbox 1945 3245 2000 3298; x_wconf 90' lang='lat' dir='ltr'>in</span> 
     </span>
    </p>
   </div>
   <div class='ocr_carea' id='block_1_51' title="bbox 420 3316 2000 3400">
    <p class='ocr_par' dir='ltr' id='par_1_51' title="bbox 420 3316 2000 3400">
     <span class='ocr_line' id='line_1_51' title="bbox 420 3316 2000 3400; baseline 0.013 -32"><span class='ocrx_word' id='word_1_357' title='bbox 420 3316 640 3386; x_wconf 79' lang='lat' dir='ltr'><strong>longum</strong></span> <span class='ocrx_word' id='word_1_358' title='bbox 672 3333 766 3387; x_wconf 90' lang='lat' dir='ltr'>per</span> <span class='ocrx_word' id='word_1_359' title='bbox 794 3336 984 3378; x_wconf 79' lang='lat' dir='ltr'><strong>omnes</strong></span> <span class='ocrx_word' id='word_1_360' title='bbox 1013 3335 1201 3393; x_wconf 81' lang='lat' dir='ltr'><strong>gentes</strong></span> <span class='ocrx_word' id='word_1_361' title='bbox 1248 3329 1520 3384; x_wconf 77' lang='lat' dir='ltr'><strong>extendat.</strong></span> <span class='ocrx_word' id='word_1_362' title='bbox 1583 3331 1839 3400; x_wconf 85' lang='lat' dir='ltr'><strong>Ephraim</strong></span> <span class='ocrx_word' id='word_1_363' title='bbox 1901 3349 2000 3389; x_wconf 89' lang='lat' dir='ltr'><strong>no-</strong></span> 
     </span>
    </p>
   </div>
   <div class='ocr_carea' id='block_1_52' title="bbox 421 3405 1998 3487">
    <p class='ocr_par' dir='ltr' id='par_1_52' title="bbox 421 3405 1998 3487">
     <span class='ocr_line' id='line_1_52' title="bbox 421 3405 1998 3487; baseline 0.013 -28"><span class='ocrx_word' id='word_1_364' title='bbox 421 3405 593 3460; x_wconf 87' lang='lat' dir='ltr'><strong>minat</strong></span> <span class='ocrx_word' id='word_1_365' title='bbox 629 3407 817 3466; x_wconf 88' lang='lat' dir='ltr'><strong>decem</strong></span> <span class='ocrx_word' id='word_1_366' title='bbox 855 3412 1027 3468; x_wconf 89' lang='lat' dir='ltr'><strong>tribus</strong></span> <span class='ocrx_word' id='word_1_367' title='bbox 1060 3416 1110 3470; x_wconf 93' lang='lat' dir='ltr'><strong>in</strong></span> <span class='ocrx_word' id='word_1_368' title='bbox 1136 3417 1413 3487; x_wconf 87' lang='lat' dir='ltr'><strong>Samaria;</strong></span> <span class='ocrx_word' id='word_1_369' title='bbox 1467 3419 1764 3478; x_wconf 84' lang='lat' dir='ltr'><strong>Jerusalem</strong></span> <span class='ocrx_word' id='word_1_370' title='bbox 1795 3425 1998 3479; x_wconf 88' lang='lat' dir='ltr'><strong>incolas</strong></span> 
     </span>
    </p>
   </div>
   <div class='ocr_carea' id='block_1_53' title="bbox 423 3497 1996 3586">
    <p class='ocr_par' dir='ltr' id='par_1_53' title="bbox 423 3497 1996 3586">
     <span class='ocr_line' id='line_1_53' title="bbox 423 3497 1996 3586; baseline 0.013 -36"><span class='ocrx_word' id='word_1_371' title='bbox 423 3497 563 3566; x_wconf 78' lang='lat' dir='ltr'><strong>ejus,</strong></span> <span class='ocrx_word' id='word_1_372' title='bbox 599 3498 792 3555; x_wconf 84' lang='lat' dir='ltr'><strong>Judam</strong></span> <span class='ocrx_word' id='word_1_373' title='bbox 820 3503 1029 3560; x_wconf 87' lang='lat' dir='ltr'><strong>scilicet</strong></span> <span class='ocrx_word' id='word_1_374' title='bbox 1059 3516 1114 3562; x_wconf 88' lang='lat' dir='ltr'>et</span> <span class='ocrx_word' id='word_1_375' title='bbox 1142 3507 1442 3580; x_wconf 83' lang='lat' dir='ltr'><strong>Benjatnin.</strong></span> <span class='ocrx_word' id='word_1_376' title='bbox 1477 3507 1864 3582; x_wconf 76' lang='lat' dir='ltr'><strong>Argumentum</strong></span> <span class='ocrx_word' id='word_1_377' title='bbox 1895 3517 1996 3586; x_wconf 81' lang='lat' dir='ltr'>igi-</span> 
     </span>
    </p>
   </div>
   <div class='ocr_carea' id='block_1_54' title="bbox 421 3591 1999 3670">
    <p class='ocr_par' dir='ltr' id='par_1_54' title="bbox 421 3591 1999 3670">
     <span class='ocr_line' id='line_1_54' title="bbox 421 3591 1999 3670; baseline 0.015 -30"><span class='ocrx_word' id='word_1_378' title='bbox 421 3595 510 3641; x_wconf 89' lang='lat' dir='ltr'>tur</span> <span class='ocrx_word' id='word_1_379' title='bbox 536 3591 844 3648; x_wconf 88' lang='lat' dir='ltr'><strong>securitatis</strong></span> <span class='ocrx_word' id='word_1_380' title='bbox 891 3605 946 3650; x_wconf 91' lang='lat' dir='ltr'>et</span> <span class='ocrx_word' id='word_1_381' title='bbox 1003 3598 1152 3665; x_wconf 88' lang='lat' dir='ltr'><strong>pacis</strong></span> <span class='ocrx_word' id='word_1_382' title='bbox 1213 3601 1559 3670; x_wconf 86' lang='lat' dir='ltr'><strong>pr0pheticus</strong></span> <span class='ocrx_word' id='word_1_383' title='bbox 1621 3619 1800 3660; x_wconf 89' lang='lat' dir='ltr'><strong>sermo</strong></span> <span class='ocrx_word' id='word_1_384' title='bbox 1844 3607 1999 3663; x_wconf 83' lang='lat' dir='ltr'><strong>nobis</strong></span> 
     </span>
    </p>
   </div>
   <div class='ocr_carea' id='block_1_55' title="bbox 421 3682 1997 3764">
    <p class='ocr_par' dir='ltr' id='par_1_55' title="bbox 421 3682 1997 3764">
     <span class='ocr_line' id='line_1_55' title="bbox 421 3682 1997 3764; baseline 0.012 -32"><span class='ocrx_word' id='word_1_385' title='bbox 421 3682 691 3751; x_wconf 90' lang='lat' dir='ltr'><strong>proponit.</strong></span> <span class='ocrx_word' id='word_1_386' title='bbox 721 3682 836 3740; x_wconf 84' lang='lat' dir='ltr'>Non</span> <span class='ocrx_word' id='word_1_387' title='bbox 864 3686 1006 3741; x_wconf 91' lang='lat' dir='ltr'><strong>enim</strong></span> <span class='ocrx_word' id='word_1_388' title='bbox 1036 3688 1191 3743; x_wconf 78' lang='lat' dir='ltr'><strong>facile</strong></span> <span class='ocrx_word' id='word_1_389' title='bbox 1226 3691 1608 3759; x_wconf 87' lang='lat' dir='ltr'><strong>incursabitur,</strong></span> <span class='ocrx_word' id='word_1_390' title='bbox 1660 3696 1854 3764; x_wconf 85' lang='lat' dir='ltr'><strong>inquit,</strong></span> <span class='ocrx_word' id='word_1_391' title='bbox 1923 3697 1997 3751; x_wconf 60' lang='lat' dir='ltr'><strong>cio</strong></span> 
     </span>
    </p>
   </div>
   <div class='ocr_carea' id='block_1_56' title="bbox 419 3773 2000 3855">
    <p class='ocr_par' dir='ltr' id='par_1_56' title="bbox 419 3773 2000 3855">
     <span class='ocr_line' id='line_1_56' title="bbox 419 3773 2000 3855; baseline 0.013 -31"><span class='ocrx_word' id='word_1_392' title='bbox 419 3773 558 3828; x_wconf 86' lang='lat' dir='ltr'><strong>vitas</strong></span> <span class='ocrx_word' id='word_1_393' title='bbox 589 3785 778 3831; x_wconf 87' lang='lat' dir='ltr'><strong>sancta</strong></span> <span class='ocrx_word' id='word_1_394' title='bbox 806 3778 873 3832; x_wconf 86' lang='lat' dir='ltr'>ab</span> <span class='ocrx_word' id='word_1_395' title='bbox 926 3779 991 3835; x_wconf 86' lang='lat' dir='ltr'>iis</span> <span class='ocrx_word' id='word_1_396' title='bbox 1015 3781 1107 3849; x_wconf 92' lang='lat' dir='ltr'>qui</span> <span class='ocrx_word' id='word_1_397' title='bbox 1138 3797 1256 3837; x_wconf 87' lang='lat' dir='ltr'>eam</span> <span class='ocrx_word' id='word_1_398' title='bbox 1301 3785 1535 3855; x_wconf 82' lang='lat' dir='ltr'><strong>allligere</strong></span> <span class='ocrx_word' id='word_1_399' title='bbox 1568 3797 1855 3853; x_wconf 87' lang='lat' dir='ltr'><strong>conantur,</strong></span> <span class='ocrx_word' id='word_1_400' title='bbox 1905 3789 2000 3844; x_wconf 83' lang='lat' dir='ltr'><strong>ad-</strong></span> 
     </span>
    </p>
   </div>
   <div class='ocr_carea' id='block_1_57' title="bbox 420 3867 1996 3949">
    <p class='ocr_par' dir='ltr' id='par_1_57' title="bbox 420 3867 1996 3949">
     <span class='ocr_line' id='line_1_57' title="bbox 420 3867 1996 3949; baseline 0.008 -28"><span class='ocrx_word' id='word_1_401' title='bbox 420 3878 591 3933; x_wconf 84' lang='lat' dir='ltr'><strong>eoque</strong></span> <span class='ocrx_word' id='word_1_402' title='bbox 621 3867 866 3923; x_wconf 84' lang='lat' dir='ltr'><strong>dilatabit</strong></span> <span class='ocrx_word' id='word_1_403' title='bbox 902 3885 1124 3941; x_wconf 80' lang='lat' dir='ltr'><strong>regnum</strong></span> <span class='ocrx_word' id='word_1_404' title='bbox 1158 3889 1312 3929; x_wconf 90' lang='lat' dir='ltr'><strong>suum</strong></span> <span class='ocrx_word' id='word_1_405' title='bbox 1341 3875 1592 3933; x_wconf 86' lang='lat' dir='ltr'><strong>Salvator</strong></span> <span class='ocrx_word' id='word_1_406' title='bbox 1625 3878 1766 3949; x_wconf 82' lang='lat' dir='ltr'><strong>ejus,</strong></span> <span class='ocrx_word' id='word_1_407' title='bbox 1803 3888 1862 3932; x_wconf 92' lang='lat' dir='ltr'>ut</span> <span class='ocrx_word' id='word_1_408' title='bbox 1902 3881 1996 3934; x_wconf 85' lang='lat' dir='ltr'><strong>im-</strong></span> 
     </span>
    </p>
   </div>
   <div class='ocr_carea' id='block_1_58' title="bbox 419 3955 1998 4034">
    <p class='ocr_par' dir='ltr' id='par_1_58' title="bbox 419 3955 1998 4034">
     <span class='ocr_line' id='line_1_58' title="bbox 419 3955 1998 4034; baseline 0.009 -27"><span class='ocrx_word' id='word_1_409' title='bbox 419 3963 570 4022; x_wconf 88' lang='lat' dir='ltr'><strong>peret</strong></span> <span class='ocrx_word' id='word_1_410' title='bbox 599 3956 692 4011; x_wconf 89' lang='lat' dir='ltr'><strong>toti</strong></span> <span class='ocrx_word' id='word_1_411' title='bbox 719 3955 941 4025; x_wconf 75' lang='lat' dir='ltr'><strong>Judzeae,</strong></span> <span class='ocrx_word' id='word_1_412' title='bbox 969 3975 999 4014; x_wconf 90' lang='lat' dir='ltr'>a</span> <span class='ocrx_word' id='word_1_413' title='bbox 1020 3962 1150 4016; x_wconf 89' lang='lat' dir='ltr'><strong>mari</strong></span> <span class='ocrx_word' id='word_1_414' title='bbox 1179 3978 1353 4034; x_wconf 87' lang='lat' dir='ltr'><strong>usque</strong></span> <span class='ocrx_word' id='word_1_415' title='bbox 1387 3968 1453 4021; x_wconf 90' lang='lat' dir='ltr'>ad</span> <span class='ocrx_word' id='word_1_416' title='bbox 1483 3967 1728 4022; x_wconf 84' lang='lat' dir='ltr'><strong>ﬂumina.</strong></span> <span class='ocrx_word' id='word_1_417' title='bbox 1760 3968 1822 4023; x_wconf 89' lang='lat' dir='ltr'>lli</span> <span class='ocrx_word' id='word_1_418' title='bbox 1853 3970 1998 4024; x_wconf 89' lang='lat' dir='ltr'><strong>enim</strong></span> 
     </span>
    </p>
   </div>
   <div class='ocr_carea' id='block_1_59' title="bbox 419 4047 2002 4116">
    <p class='ocr_par' dir='ltr' id='par_1_59' title="bbox 419 4047 2002 4116">
     <span class='ocr_line' id='line_1_59' title="bbox 419 4047 2002 4116; baseline 0.009 -14"><span class='ocrx_word' id='word_1_419' title='bbox 419 4054 543 4102; x_wconf 82' lang='lat' dir='ltr'><strong>sunt</strong></span> <span class='ocrx_word' id='word_1_420' title='bbox 575 4047 751 4104; x_wconf 84' lang='lat' dir='ltr'><strong>exitus</strong></span> <span class='ocrx_word' id='word_1_421' title='bbox 798 4057 979 4116; x_wconf 64' lang='lat' dir='ltr'><strong>terrae,</strong></span> <span class='ocrx_word' id='word_1_422' title='bbox 1014 4052 1117 4108; x_wconf 94' lang='lat' dir='ltr'>hoc</span> <span class='ocrx_word' id='word_1_423' title='bbox 1151 4064 1233 4109; x_wconf 91' lang='lat' dir='ltr'>est</span> <span class='ocrx_word' id='word_1_424' title='bbox 1297 4057 1430 4111; x_wconf 89' lang='lat' dir='ltr'><strong>lines</strong></span> <span class='ocrx_word' id='word_1_425' title='bbox 1463 4067 1518 4112; x_wconf 88' lang='lat' dir='ltr'>et</span> <span class='ocrx_word' id='word_1_426' title='bbox 1550 4060 1787 4114; x_wconf 87' lang='lat' dir='ltr'><strong>termini.</strong></span> <span class='ocrx_word' id='word_1_427' title='bbox 1813 4060 2002 4116; x_wconf 83' lang='lat' dir='ltr'><strong>Psallit</strong></span> 
     </span>
    </p>
   </div>
   <div class='ocr_carea' id='block_1_60' title="bbox 418 4134 2000 4220">
    <p class='ocr_par' dir='ltr' id='par_1_60' title="bbox 418 4134 2000 4220">
     <span class='ocr_line' id='line_1_60' title="bbox 418 4134 2000 4220; baseline 0.01 -32"><span class='ocrx_word' id='word_1_428' title='bbox 418 4134 650 4201; x_wconf 85' lang='lat' dir='ltr'><strong>quodam</strong></span> <span class='ocrx_word' id='word_1_429' title='bbox 678 4135 799 4192; x_wconf 91' lang='lat' dir='ltr'><strong>loco</strong></span> <span class='ocrx_word' id='word_1_430' title='bbox 850 4146 906 4194; x_wconf 85' lang='lat' dir='ltr'>et</span> <span class='ocrx_word' id='word_1_431' title='bbox 941 4139 1153 4197; x_wconf 89' lang='lat' dir='ltr'><strong>divinus</strong></span> <span class='ocrx_word' id='word_1_432' title='bbox 1195 4143 1360 4198; x_wconf 88' lang='lat' dir='ltr'><strong>David</strong></span> <span class='ocrx_word' id='word_1_433' title='bbox 1405 4146 1568 4215; x_wconf 82' lang='lat'>738</span> <span class='ocrx_word' id='word_1_434' title='bbox 1617 4149 1684 4203; x_wconf 89' lang='lat' dir='ltr'>de</span> <span class='ocrx_word' id='word_1_435' title='bbox 1717 4149 2000 4220; x_wconf 78' lang='lat' dir='ltr'><strong>Synagoga</strong></span> 
     </span>
    </p>
   </div>
   <div class='ocr_carea' id='block_1_61' title="bbox 417 4223 2000 4308">
    <p class='ocr_par' dir='ltr' id='par_1_61' title="bbox 417 4223 2000 4308">
     <span class='ocr_line' id='line_1_61' title="bbox 417 4223 2000 4308; baseline 0.01 -30"><span class='ocrx_word' id='word_1_436' title='bbox 417 4223 723 4283; x_wconf 70' lang='lat' dir='ltr'><strong>Judazorum</strong></span> <span class='ocrx_word' id='word_1_437' title='bbox 755 4237 813 4284; x_wconf 88' lang='lat' dir='ltr'>ut</span> <span class='ocrx_word' id='word_1_438' title='bbox 850 4231 915 4286; x_wconf 90' lang='lat' dir='ltr'>de</span> <span class='ocrx_word' id='word_1_439' title='bbox 936 4231 1043 4286; x_wconf 92' lang='lat' dir='ltr'><strong>vite</strong></span> <span class='ocrx_word' id='word_1_440' title='bbox 1091 4233 1350 4303; x_wconf 88' lang='lat' dir='ltr'><strong>loquens:</strong></span> <span class='ocrx_word' id='word_1_441' title='bbox 1389 4254 1408 4287; x_wconf 83' lang='grc' dir='ltr'>ι</span> <span class='ocrx_word' id='word_1_442' title='bbox 1449 4237 1704 4294; x_wconf 79' lang='lat' dir='ltr'><strong>Extendit</strong></span> <span class='ocrx_word' id='word_1_443' title='bbox 1753 4239 2000 4308; x_wconf 84' lang='lat' dir='ltr'><strong>palmites</strong></span> 
     </span>
    </p>
   </div>
   <div class='ocr_carea' id='block_1_62' title="bbox 420 4319 2002 4400">
    <p class='ocr_par' dir='ltr' id='par_1_62' title="bbox 420 4319 2002 4400">
     <span class='ocr_line' id='line_1_62' title="bbox 420 4319 2002 4400; baseline 0.011 -33"><span class='ocrx_word' id='word_1_444' title='bbox 420 4327 546 4370; x_wconf 89' lang='lat' dir='ltr'><strong>suos</strong></span> <span class='ocrx_word' id='word_1_445' title='bbox 569 4330 742 4386; x_wconf 90' lang='lat' dir='ltr'><strong>usque</strong></span> <span class='ocrx_word' id='word_1_446' title='bbox 763 4319 828 4372; x_wconf 90' lang='lat' dir='ltr'>ad</span> <span class='ocrx_word' id='word_1_447' title='bbox 853 4334 1019 4387; x_wconf 87' lang='lat' dir='ltr'><strong>mare,</strong></span> <span class='ocrx_word' id='word_1_448' title='bbox 1051 4331 1105 4376; x_wconf 87' lang='lat' dir='ltr'>et</span> <span class='ocrx_word' id='word_1_449' title='bbox 1131 4338 1302 4391; x_wconf 90' lang='lat' dir='ltr'><strong>usque</strong></span> <span class='ocrx_word' id='word_1_450' title='bbox 1331 4327 1395 4379; x_wconf 88' lang='lat' dir='ltr'>ad</span> <span class='ocrx_word' id='word_1_451' title='bbox 1425 4325 1644 4382; x_wconf 84' lang='lat' dir='ltr'><strong>ﬂumina</strong></span> <span class='ocrx_word' id='word_1_452' title='bbox 1677 4330 2002 4400; x_wconf 82' lang='lat' dir='ltr'><strong>propagines</strong></span> 
     </span>
    </p>
   </div>
   <div class='ocr_carea' id='block_1_63' title="bbox 417 4406 2004 4485">
    <p class='ocr_par' dir='ltr' id='par_1_63' title="bbox 417 4406 2004 4485">
     <span class='ocr_line' id='line_1_63' title="bbox 417 4406 2004 4485; baseline 0.011 -29"><span class='ocrx_word' id='word_1_453' title='bbox 417 4406 536 4473; x_wconf 72' lang='lat' dir='ltr'><strong>ejus</strong></span> <span class='ocrx_word' id='word_1_454' title='bbox 568 4406 668 4462; x_wconf 67' lang='lat' dir='ltr'><strong>&quot;.i</strong></span> <span class='ocrx_word' id='word_1_455' title='bbox 696 4407 960 4466; x_wconf 88' lang='lat' dir='ltr'><strong>Dellnitur</strong></span> <span class='ocrx_word' id='word_1_456' title='bbox 983 4413 1128 4468; x_wconf 90' lang='lat' dir='ltr'><strong>enim</strong></span> <span class='ocrx_word' id='word_1_457' title='bbox 1165 4413 1321 4470; x_wconf 84' lang='lat' dir='ltr'><strong>tellus</strong></span> <span class='ocrx_word' id='word_1_458' title='bbox 1379 4415 1689 4474; x_wconf 67' lang='lat' dir='ltr'><strong>Judaaorum</strong></span> <span class='ocrx_word' id='word_1_459' title='bbox 1739 4421 1895 4485; x_wconf 87' lang='lat' dir='ltr'><strong>mari,</strong></span> <span class='ocrx_word' id='word_1_460' title='bbox 1949 4429 2004 4476; x_wconf 89' lang='lat' dir='ltr'>et</span> 
     </span>
    </p>
   </div>
   <div class='ocr_carea' id='block_1_64' title="bbox 421 4491 2001 4576">
    <p class='ocr_par' dir='ltr' id='par_1_64' title="bbox 421 4491 2001 4576">
     <span class='ocr_line' id='line_1_64' title="bbox 421 4491 2001 4576; baseline 0.01 -27"><span class='ocrx_word' id='word_1_461' title='bbox 421 4497 640 4563; x_wconf 82' lang='lat' dir='ltr'><strong>regione</strong></span> <span class='ocrx_word' id='word_1_462' title='bbox 669 4498 736 4553; x_wconf 87' lang='lat' dir='ltr'>ad</span> <span class='ocrx_word' id='word_1_463' title='bbox 765 4491 1032 4568; x_wconf 87' lang='lat' dir='ltr'><strong>austrum,</strong></span> <span class='ocrx_word' id='word_1_464' title='bbox 1068 4512 1122 4558; x_wconf 88' lang='lat' dir='ltr'>et.</span> <span class='ocrx_word' id='word_1_465' title='bbox 1164 4503 1364 4570; x_wconf 88' lang='lat' dir='ltr'><strong>Indica,</strong></span> <span class='ocrx_word' id='word_1_466' title='bbox 1394 4514 1449 4560; x_wconf 89' lang='lat' dir='ltr'>et</span> <span class='ocrx_word' id='word_1_467' title='bbox 1477 4521 1596 4576; x_wconf 70' lang='lat' dir='ltr'><strong>qua:</strong></span> <span class='ocrx_word' id='word_1_468' title='bbox 1641 4509 1839 4563; x_wconf 91' lang='lat' dir='ltr'><strong>dicitur</strong></span> <span class='ocrx_word' id='word_1_469' title='bbox 1885 4509 2001 4566; x_wconf 84' lang='lat' dir='ltr'>Me-</span> 
     </span>
    </p>
   </div>
   <div class='ocr_carea' id='block_1_65' title="bbox 421 4587 1998 4672">
    <p class='ocr_par' dir='ltr' id='par_1_65' title="bbox 421 4587 1998 4672">
     <span class='ocr_line' id='line_1_65' title="bbox 421 4587 1998 4672; baseline 0.011 -33"><span class='ocrx_word' id='word_1_470' title='bbox 421 4587 505 4640; x_wconf 85' lang='lat' dir='ltr'>dia</span> <span class='ocrx_word' id='word_1_471' title='bbox 545 4589 846 4647; x_wconf 88' lang='lat' dir='ltr'><strong>lluminum.</strong></span> <span class='ocrx_word' id='word_1_472' title='bbox 874 4594 1072 4650; x_wconf 74' lang='lat' dir='ltr'><strong>Verum</strong></span> <span class='ocrx_word' id='word_1_473' title='bbox 1103 4611 1161 4651; x_wconf 89' lang='lat' dir='ltr'>se</span> <span class='ocrx_word' id='word_1_474' title='bbox 1214 4597 1354 4651; x_wconf 89' lang='lat' dir='ltr'><strong>intra</strong></span> <span class='ocrx_word' id='word_1_475' title='bbox 1400 4597 1532 4653; x_wconf 89' lang='lat' dir='ltr'><strong>istos</strong></span> <span class='ocrx_word' id='word_1_476' title='bbox 1591 4599 1726 4655; x_wconf 89' lang='lat' dir='ltr'><strong>lines</strong></span> <span class='ocrx_word' id='word_1_477' title='bbox 1774 4615 1998 4672; x_wconf 78' lang='lat' dir='ltr'><strong>regnum</strong></span> 
     </span>
    </p>
   </div>
   <div class='ocr_carea' id='block_1_66' title="bbox 419 4678 1999 4757">
    <p class='ocr_par' dir='ltr' id='par_1_66' title="bbox 419 4678 1999 4757">
     <span class='ocr_line' id='line_1_66' title="bbox 419 4678 1999 4757; baseline 0.011 -25"><span class='ocrx_word' id='word_1_478' title='bbox 419 4678 618 4735; x_wconf 87' lang='lat' dir='ltr'><strong>Christi</strong></span> <span class='ocrx_word' id='word_1_479' title='bbox 652 4684 874 4740; x_wconf 90' lang='lat' dir='ltr'><strong>minime</strong></span> <span class='ocrx_word' id='word_1_480' title='bbox 902 4685 1222 4742; x_wconf 87' lang='lat' dir='ltr'><strong>continebit.</strong></span> <span class='ocrx_word' id='word_1_481' title='bbox 1255 4686 1602 4757; x_wconf 85' lang='lat' dir='ltr'><strong>Progreditur</strong></span> <span class='ocrx_word' id='word_1_482' title='bbox 1638 4700 1821 4748; x_wconf 87' lang='lat' dir='ltr'><strong>autem</strong></span> <span class='ocrx_word' id='word_1_483' title='bbox 1872 4709 1999 4749; x_wconf 89' lang='lat' dir='ltr'><strong>ora-</strong></span> 
     </span>
    </p>
   </div>
   <div class='ocr_carea' id='block_1_67' title="bbox 2103 2246 3685 2319">
    <p class='ocr_par' dir='ltr' id='par_1_67' title="bbox 2103 2246 3685 2319">
     <span class='ocr_line' id='line_1_67' title="bbox 2103 2246 3685 2319; baseline 0.003 -21"><span class='ocrx_word' id='word_1_484' title='bbox 2103 2262 2162 2298; x_wconf 88' lang='grc' dir='ltr'>τε</span> <span class='ocrx_word' id='word_1_485' title='bbox 2197 2246 2291 2298; x_wconf 76' lang='grc' dir='ltr'>καὶ</span> <span class='ocrx_word' id='word_1_486' title='bbox 2321 2246 2565 2316; x_wconf 78' lang='grc' dir='ltr'>ἅρμασιν</span> <span class='ocrx_word' id='word_1_487' title='bbox 2587 2247 2978 2318; x_wconf 82' lang='grc' dir='ltr'>ἐποχούμενοι,</span> <span class='ocrx_word' id='word_1_488' title='bbox 3033 2249 3127 2303; x_wconf 77' lang='grc' dir='ltr'>καὶ</span> <span class='ocrx_word' id='word_1_489' title='bbox 3165 2248 3446 2319; x_wconf 74' lang='grc' dir='ltr'>βάλλοντες</span> <span class='ocrx_word' id='word_1_490' title='bbox 3475 2250 3649 2315; x_wconf 79' lang='grc' dir='ltr'>τόξοις</span> <span class='ocrx_word' id='word_1_491' title='bbox 3670 2290 3685 2312; x_wconf 90' lang='grc'>,</span> 
     </span>
    </p>
   </div>
   <div class='ocr_carea' id='block_1_68' title="bbox 2105 2333 3687 2408">
    <p class='ocr_par' dir='ltr' id='par_1_68' title="bbox 2105 2333 3687 2408">
     <span class='ocr_line' id='line_1_68' title="bbox 2105 2333 3687 2408; baseline 0.001 -20"><span class='ocrx_word' id='word_1_492' title='bbox 2105 2333 2248 2388; x_wconf 84' lang='grc' dir='ltr'>κατά</span> <span class='ocrx_word' id='word_1_493' title='bbox 2280 2333 2339 2387; x_wconf 77' lang='grc' dir='ltr'>τὸ</span> <span class='ocrx_word' id='word_1_494' title='bbox 2395 2336 2802 2406; x_wconf 80' lang='grc' dir='ltr'>γεγραμμένον,</span> <span class='ocrx_word' id='word_1_495' title='bbox 2850 2336 3264 2408; x_wconf 75' lang='grc' dir='ltr'>κατεχειροῦντό</span> <span class='ocrx_word' id='word_1_496' title='bbox 3302 2355 3362 2390; x_wconf 86' lang='grc' dir='ltr'>τε</span> <span class='ocrx_word' id='word_1_497' title='bbox 3399 2336 3560 2402; x_wconf 71' lang='grc' dir='ltr'>οὕτω,</span> <span class='ocrx_word' id='word_1_498' title='bbox 3593 2340 3687 2390; x_wconf 79' lang='grc' dir='ltr'>καὶ</span> 
     </span>
    </p>
   </div>
   <div class='ocr_carea' id='block_1_69' title="bbox 2105 2423 3685 2497">
    <p class='ocr_par' dir='ltr' id='par_1_69' title="bbox 2105 2423 3685 2497">
     <span class='ocr_line' id='line_1_69' title="bbox 2105 2423 3685 2497; baseline 0.002 -21"><span class='ocrx_word' id='word_1_499' title='bbox 2105 2425 2325 2494; x_wconf 86' lang='grc' dir='ltr'>πικροῖς</span> <span class='ocrx_word' id='word_1_500' title='bbox 2383 2423 2596 2477; x_wconf 77' lang='grc' dir='ltr'>ἐνίεσαν</span> <span class='ocrx_word' id='word_1_501' title='bbox 2633 2424 2835 2488; x_wconf 87' lang='grc' dir='ltr'>πόνοις.</span> <span class='ocrx_word' id='word_1_502' title='bbox 2882 2425 3014 2478; x_wconf 84' lang='grc' dir='ltr'>Ἀπὸ</span> <span class='ocrx_word' id='word_1_503' title='bbox 3066 2425 3198 2494; x_wconf 76' lang='grc' dir='ltr'>γοῦν</span> <span class='ocrx_word' id='word_1_504' title='bbox 3245 2425 3338 2478; x_wconf 75' lang='grc' dir='ltr'>τοῦ</span> <span class='ocrx_word' id='word_1_505' title='bbox 3370 2427 3685 2497; x_wconf 76' lang='grc' dir='ltr'>συμϐαίνειν</span> 
     </span>
    </p>
   </div>
   <div class='ocr_carea' id='block_1_70' title="bbox 2104 2512 3685 2587">
    <p class='ocr_par' dir='ltr' id='par_1_70' title="bbox 2104 2512 3685 2587">
     <span class='ocr_line' id='line_1_70' title="bbox 2104 2512 3685 2587; baseline 0.003 -22"><span class='ocrx_word' id='word_1_506' title='bbox 2104 2512 2376 2578; x_wconf 90' lang='grc' dir='ltr'>εἰωθότος,</span> <span class='ocrx_word' id='word_1_507' title='bbox 2414 2514 2522 2566; x_wconf 86' lang='grc' dir='ltr'>τῶν</span> <span class='ocrx_word' id='word_1_508' title='bbox 2557 2514 2648 2566; x_wconf 73' lang='grc' dir='ltr'>ἐπὶ</span> <span class='ocrx_word' id='word_1_509' title='bbox 2674 2513 2912 2584; x_wconf 79' lang='grc' dir='ltr'>Χριστοῦ</span> <span class='ocrx_word' id='word_1_510' title='bbox 2953 2515 3396 2586; x_wconf 80' lang='grc' dir='ltr'>κατορθωμάτων</span> <span class='ocrx_word' id='word_1_511' title='bbox 3417 2516 3513 2587; x_wconf 84' lang='grc' dir='ltr'>τὴν</span> <span class='ocrx_word' id='word_1_512' title='bbox 3543 2516 3685 2587; x_wconf 90' lang='grc' dir='ltr'>λαμ-</span> 
     </span>
    </p>
   </div>
   <div class='ocr_carea' id='block_1_71' title="bbox 2104 2603 3689 2678">
    <p class='ocr_par' dir='ltr' id='par_1_71' title="bbox 2104 2603 3689 2678">
     <span class='ocr_line' id='line_1_71' title="bbox 2104 2603 3689 2678; baseline 0.003 -22"><span class='ocrx_word' id='word_1_513' title='bbox 2104 2603 2350 2676; x_wconf 86' lang='grc' dir='ltr'>πρότητα</span> <span class='ocrx_word' id='word_1_514' title='bbox 2387 2604 2554 2675; x_wconf 83' lang='grc' dir='ltr'>δηλοῖ.</span> <span class='ocrx_word' id='word_1_515' title='bbox 2591 2605 2649 2658; x_wconf 89' lang='lat'>&#39;0</span> <span class='ocrx_word' id='word_1_516' title='bbox 2680 2605 2788 2676; x_wconf 83' lang='grc' dir='ltr'>γάρ</span> <span class='ocrx_word' id='word_1_517' title='bbox 2814 2623 2893 2659; x_wconf 87' lang='grc' dir='ltr'>τοι</span> <span class='ocrx_word' id='word_1_518' title='bbox 2943 2606 3151 2671; x_wconf 80' lang='grc' dir='ltr'>σώζων,</span> <span class='ocrx_word' id='word_1_519' title='bbox 3201 2609 3387 2678; x_wconf 77' lang='grc' dir='ltr'>φησὶν,</span> <span class='ocrx_word' id='word_1_520' title='bbox 3427 2609 3455 2660; x_wconf 91' lang='lat'>6</span> <span class='ocrx_word' id='word_1_521' title='bbox 3482 2607 3689 2672; x_wconf 84' lang='grc' dir='ltr'>δίκαιός</span> 
     </span>
    </p>
   </div>
   <div class='ocr_carea' id='block_1_72' title="bbox 2102 2696 3688 2769">
    <p class='ocr_par' dir='ltr' id='par_1_72' title="bbox 2102 2696 3688 2769">
     <span class='ocr_line' id='line_1_72' title="bbox 2102 2696 3688 2769; baseline 0.004 -23"><span class='ocrx_word' id='word_1_522' title='bbox 2102 2711 2162 2747; x_wconf 87' lang='grc' dir='ltr'>τε</span> <span class='ocrx_word' id='word_1_523' title='bbox 2190 2696 2284 2748; x_wconf 78' lang='grc' dir='ltr'>κα¹ι</span> <span class='ocrx_word' id='word_1_524' title='bbox 2320 2697 2623 2768; x_wconf 83' lang='grc' dir='ltr'>πραότατος</span> <span class='ocrx_word' id='word_1_525' title='bbox 2678 2696 2951 2766; x_wconf 76' lang='grc' dir='ltr'>βασιλεὺς,</span> <span class='ocrx_word' id='word_1_526' title='bbox 3009 2696 3260 2766; x_wconf 78' lang='grc' dir='ltr'>ἀφίξεται</span> <span class='ocrx_word' id='word_1_527' title='bbox 3317 2699 3434 2769; x_wconf 78' lang='grc' dir='ltr'>μὲν,</span> <span class='ocrx_word' id='word_1_528' title='bbox 3466 2699 3558 2754; x_wconf 76' lang='grc' dir='ltr'>καὶ</span> <span class='ocrx_word' id='word_1_529' title='bbox 3585 2700 3688 2753; x_wconf 79' lang='grc' dir='ltr'>οὐκ</span> 
     </span>
    </p>
   </div>
   <div class='ocr_carea' id='block_1_73' title="bbox 2103 2786 3686 2860">
    <p class='ocr_par' dir='ltr' id='par_1_73' title="bbox 2103 2786 3686 2860">
     <span class='ocr_line' id='line_1_73' title="bbox 2103 2786 3686 2860; baseline 0.004 -23"><span class='ocrx_word' id='word_1_530' title='bbox 2103 2786 2182 2849; x_wconf 88' lang='grc' dir='ltr'>εἰς</span> <span class='ocrx_word' id='word_1_531' title='bbox 2209 2788 2447 2857; x_wconf 84' lang='grc' dir='ltr'>μακράν.</span> <span class='ocrx_word' id='word_1_532' title='bbox 2481 2787 2626 2859; x_wconf 79' lang='grc' dir='ltr'>Πλὴν</span> <span class='ocrx_word' id='word_1_533' title='bbox 2652 2789 2711 2840; x_wconf 82' lang='grc' dir='ltr'>οὐ</span> <span class='ocrx_word' id='word_1_534' title='bbox 2747 2788 2924 2858; x_wconf 83' lang='grc' dir='ltr'>πολλῷ</span> <span class='ocrx_word' id='word_1_535' title='bbox 2956 2788 3146 2860; x_wconf 82' lang='grc' dir='ltr'>πλήθει</span> <span class='ocrx_word' id='word_1_536' title='bbox 3169 2789 3278 2843; x_wconf 89' lang='grc' dir='ltr'>τῶν</span> <span class='ocrx_word' id='word_1_537' title='bbox 3305 2789 3686 2855; x_wconf 84' lang='grc' dir='ltr'>ὑπασπιστῶν,</span> 
     </span>
    </p>
   </div>
   <div class='ocr_carea' id='block_1_74' title="bbox 2102 2876 3693 2950">
    <p class='ocr_par' dir='ltr' id='par_1_74' title="bbox 2102 2876 3693 2950">
     <span class='ocr_line' id='line_1_74' title="bbox 2102 2876 3693 2950; baseline 0.004 -22"><span class='ocrx_word' id='word_1_538' title='bbox 2102 2877 2162 2928; x_wconf 76' lang='grc' dir='ltr'>οὐ</span> <span class='ocrx_word' id='word_1_539' title='bbox 2201 2876 2568 2948; x_wconf 78' lang='grc' dir='ltr'>δορυφόρους,</span> <span class='ocrx_word' id='word_1_540' title='bbox 2621 2879 2680 2931; x_wconf 82' lang='grc' dir='ltr'>οὐ</span> <span class='ocrx_word' id='word_1_541' title='bbox 2741 2879 2968 2950; x_wconf 82' lang='grc' dir='ltr'>μυρίους</span> <span class='ocrx_word' id='word_1_542' title='bbox 3016 2878 3155 2950; x_wconf 72' lang='grc' dir='ltr'>ἔχων</span> <span class='ocrx_word' id='word_1_543' title='bbox 3206 2883 3331 2944; x_wconf 84' lang='grc' dir='ltr'>τοὺς</span> <span class='ocrx_word' id='word_1_544' title='bbox 3381 2882 3588 2945; x_wconf 75' lang='grc' dir='ltr'>εἰδότας</span> <span class='ocrx_word' id='word_1_545' title='bbox 3617 2880 3693 2935; x_wconf 77' lang='grc' dir='ltr'>τὰ.</span> 
     </span>
    </p>
   </div>
   <div class='ocr_carea' id='block_1_75' title="bbox 2101 2967 3692 3042">
    <p class='ocr_par' dir='ltr' id='par_1_75' title="bbox 2101 2967 3692 3042">
     <span class='ocr_line' id='line_1_75' title="bbox 2101 2967 3692 3042; baseline 0.004 -25"><span class='ocrx_word' id='word_1_546' title='bbox 2101 2967 2354 3020; x_wconf 82' lang='grc' dir='ltr'>τακτικά.</span> <span class='ocrx_word' id='word_1_547' title='bbox 2405 2968 2751 3038; x_wconf 83' lang='grc' dir='ltr'>Ἐπασκήσας</span> <span class='ocrx_word' id='word_1_548' title='bbox 2779 2985 2839 3020; x_wconf 87' lang='grc' dir='ltr'>τε</span> <span class='ocrx_word' id='word_1_549' title='bbox 2865 2968 3034 3032; x_wconf 77' lang='grc' dir='ltr'>οὕτως</span> <span class='ocrx_word' id='word_1_550' title='bbox 3090 2970 3148 3021; x_wconf 90' lang='grc' dir='ltr'>ἐν</span> <span class='ocrx_word' id='word_1_551' title='bbox 3177 2969 3298 3039; x_wconf 71' lang='grc' dir='ltr'>ἤθει</span> <span class='ocrx_word' id='word_1_552' title='bbox 3326 2969 3386 3023; x_wconf 86' lang='grc' dir='ltr'>τὸ</span> <span class='ocrx_word' id='word_1_553' title='bbox 3443 2971 3692 3042; x_wconf 88' lang='grc' dir='ltr'>μέτριον,</span> 
     </span>
    </p>
   </div>
   <div class='ocr_carea' id='block_1_76' title="bbox 2103 3055 3695 3129">
    <p class='ocr_par' dir='ltr' id='par_1_76' title="bbox 2103 3055 3695 3129">
     <span class='ocr_line' id='line_1_76' title="bbox 2103 3055 3695 3129; baseline 0.005 -22"><span class='ocrx_word' id='word_1_554' title='bbox 2103 3055 2242 3108; x_wconf 77' lang='grc' dir='ltr'>ὥστε</span> <span class='ocrx_word' id='word_1_555' title='bbox 2289 3057 2384 3108; x_wconf 77' lang='grc' dir='ltr'>καὶ</span> <span class='ocrx_word' id='word_1_556' title='bbox 2435 3057 2587 3126; x_wconf 81' lang='grc' dir='ltr'>μόλις</span> <span class='ocrx_word' id='word_1_557' title='bbox 2640 3058 2895 3127; x_wconf 72' lang='grc' dir='ltr'>ἐπιϐῆναι</span> <span class='ocrx_word' id='word_1_558' title='bbox 2938 3057 3030 3111; x_wconf 84' lang='grc' dir='ltr'>τοῦ</span> <span class='ocrx_word' id='word_1_559' title='bbox 3083 3057 3285 3112; x_wconf 88' lang='grc' dir='ltr'>πώλου.</span> <span class='ocrx_word' id='word_1_560' title='bbox 3339 3059 3485 3129; x_wconf 79' lang='grc' dir='ltr'>Πλὴν</span> <span class='ocrx_word' id='word_1_561' title='bbox 3533 3061 3695 3116; x_wconf 78' lang='grc' dir='ltr'>ἔσται</span> 
     </span>
    </p>
   </div>
   <div class='ocr_carea' id='block_1_77' title="bbox 2102 3147 3696 3222">
    <p class='ocr_par' dir='ltr' id='par_1_77' title="bbox 2102 3147 3696 3222">
     <span class='ocr_line' id='line_1_77' title="bbox 2102 3147 3696 3222; baseline 0.001 -22"><span class='ocrx_word' id='word_1_562' title='bbox 2102 3147 2352 3210; x_wconf 80' lang='grc' dir='ltr'>τοσοῦτος</span> <span class='ocrx_word' id='word_1_563' title='bbox 2385 3149 2463 3211; x_wconf 88' lang='grc' dir='ltr'>εἰς</span> <span class='ocrx_word' id='word_1_564' title='bbox 2487 3148 2707 3220; x_wconf 80' lang='grc' dir='ltr'>ἀρετὴν,</span> <span class='ocrx_word' id='word_1_565' title='bbox 2759 3149 2942 3218; x_wconf 80' lang='grc' dir='ltr'>ὀνήσει</span> <span class='ocrx_word' id='word_1_566' title='bbox 2973 3166 3033 3202; x_wconf 89' lang='grc' dir='ltr'>τε</span> <span class='ocrx_word' id='word_1_567' title='bbox 3072 3147 3214 3202; x_wconf 76' lang='grc' dir='ltr'>οὕτω</span> <span class='ocrx_word' id='word_1_568' title='bbox 3245 3149 3368 3212; x_wconf 81' lang='grc' dir='ltr'>τοὺς</span> <span class='ocrx_word' id='word_1_569' title='bbox 3409 3149 3496 3202; x_wconf 82' lang='grc' dir='ltr'>ἐπ’</span> <span class='ocrx_word' id='word_1_570' title='bbox 3538 3151 3696 3222; x_wconf 79' lang='grc' dir='ltr'>αὐτῷ</span> 
     </span>
    </p>
   </div>
   <div class='ocr_carea' id='block_1_78' title="bbox 2105 3234 3692 3308">
    <p class='ocr_par' dir='ltr' id='par_1_78' title="bbox 2105 3234 3692 3308">
     <span class='ocr_line' id='line_1_78' title="bbox 2105 3234 3692 3308; baseline 0.001 -20"><span class='ocrx_word' id='word_1_571' title='bbox 2105 3236 2451 3299; x_wconf 80' lang='grc' dir='ltr'>πεποιθότας,</span> <span class='ocrx_word' id='word_1_572' title='bbox 2482 3237 2556 3298; x_wconf 79' lang='grc' dir='ltr'>ὡς</span> <span class='ocrx_word' id='word_1_573' title='bbox 2581 3237 2850 3307; x_wconf 84' lang='grc' dir='ltr'>περιελεῖν</span> <span class='ocrx_word' id='word_1_574' title='bbox 2907 3236 3005 3307; x_wconf 88' lang='grc' dir='ltr'>μέν</span> <span class='ocrx_word' id='word_1_575' title='bbox 3036 3237 3258 3307; x_wconf 77' lang='grc' dir='ltr'>ἅρματα</span> <span class='ocrx_word' id='word_1_576' title='bbox 3311 3235 3369 3302; x_wconf 80' lang='grc' dir='ltr'>ἐξ</span> <span class='ocrx_word' id='word_1_577' title='bbox 3407 3234 3655 3308; x_wconf 83' lang='grc' dir='ltr'>Ἐφραῒμ</span> <span class='ocrx_word' id='word_1_578' title='bbox 3676 3280 3692 3303; x_wconf 91' lang='grc'>,</span> 
     </span>
    </p>
   </div>
   <div class='ocr_carea' id='block_1_79' title="bbox 2102 3327 3696 3398">
    <p class='ocr_par' dir='ltr' id='par_1_79' title="bbox 2102 3327 3696 3398">
     <span class='ocr_line' id='line_1_79' title="bbox 2102 3327 3696 3398; baseline 0.001 -19"><span class='ocrx_word' id='word_1_579' title='bbox 2102 3327 2408 3396; x_wconf 79' lang='grc' dir='ltr'>ἀποστῆσαι</span> <span class='ocrx_word' id='word_1_580' title='bbox 2437 3327 2492 3380; x_wconf 84' lang='grc' dir='ltr'>δέ</span> <span class='ocrx_word' id='word_1_581' title='bbox 2517 3328 2612 3380; x_wconf 74' lang='grc' dir='ltr'>καὶ</span> <span class='ocrx_word' id='word_1_582' title='bbox 2650 3328 2832 3381; x_wconf 78' lang='grc' dir='ltr'>ἵππων</span> <span class='ocrx_word' id='word_1_583' title='bbox 2862 3327 2922 3392; x_wconf 81' lang='grc' dir='ltr'>ἐξ</span> <span class='ocrx_word' id='word_1_584' title='bbox 2957 3328 3331 3398; x_wconf 78' lang='grc' dir='ltr'>Ἰερουσαλὴμ,</span> <span class='ocrx_word' id='word_1_585' title='bbox 3375 3327 3696 3398; x_wconf 77' lang='grc' dir='ltr'>ἐξολοθρεῦ-</span> 
     </span>
    </p>
   </div>
   <div class='ocr_carea' id='block_1_80' title="bbox 2104 3417 3694 3488">
    <p class='ocr_par' dir='ltr' id='par_1_80' title="bbox 2104 3417 3694 3488">
     <span class='ocr_line' id='line_1_80' title="bbox 2104 3417 3694 3488; baseline -0.001 -18"><span class='ocrx_word' id='word_1_586' title='bbox 2104 3435 2191 3470; x_wconf 88' lang='grc' dir='ltr'>σαι</span> <span class='ocrx_word' id='word_1_587' title='bbox 2235 3417 2291 3469; x_wconf 82' lang='grc' dir='ltr'>δὲ</span> <span class='ocrx_word' id='word_1_588' title='bbox 2329 3417 2424 3470; x_wconf 73' lang='grc' dir='ltr'>καὶ</span> <span class='ocrx_word' id='word_1_589' title='bbox 2482 3417 2633 3484; x_wconf 81' lang='grc' dir='ltr'>τόξον</span> <span class='ocrx_word' id='word_1_590' title='bbox 2669 3418 2984 3488; x_wconf 77' lang='grc' dir='ltr'>πολεμικὸν,</span> <span class='ocrx_word' id='word_1_591' title='bbox 3042 3421 3134 3470; x_wconf 73' lang='grc' dir='ltr'>καὶ</span> <span class='ocrx_word' id='word_1_592' title='bbox 3169 3420 3392 3488; x_wconf 83' lang='grc' dir='ltr'>εἰρήνην</span> <span class='ocrx_word' id='word_1_593' title='bbox 3433 3417 3694 3471; x_wconf 80' lang='grc' dir='ltr'>ἁπλῶσαι</span> 
     </span>
    </p>
   </div>
   <div class='ocr_carea' id='block_1_81' title="bbox 2103 3507 3694 3580">
    <p class='ocr_par' dir='ltr' id='par_1_81' title="bbox 2103 3507 3694 3580">
     <span class='ocr_line' id='line_1_81' title="bbox 2103 3507 3694 3580; baseline 0.002 -20"><span class='ocrx_word' id='word_1_594' title='bbox 2103 3507 2342 3577; x_wconf 81' lang='grc' dir='ltr'>βαθεῖαν,</span> <span class='ocrx_word' id='word_1_595' title='bbox 2373 3507 2470 3578; x_wconf 85' lang='grc' dir='ltr'>τὴν</span> <span class='ocrx_word' id='word_1_596' title='bbox 2502 3511 2565 3560; x_wconf 87' lang='grc' dir='ltr'>ἐκ</span> <span class='ocrx_word' id='word_1_597' title='bbox 2598 3510 2813 3562; x_wconf 80' lang='grc' dir='ltr'>πάντων</span> <span class='ocrx_word' id='word_1_598' title='bbox 2847 3509 2955 3562; x_wconf 84' lang='grc' dir='ltr'>τῶν</span> <span class='ocrx_word' id='word_1_599' title='bbox 2985 3509 3174 3562; x_wconf 77' lang='grc' dir='ltr'>ἐθνῶν.</span> <span class='ocrx_word' id='word_1_600' title='bbox 3205 3509 3445 3580; x_wconf 77' lang='grc' dir='ltr'>Ἑφραῒμ</span> <span class='ocrx_word' id='word_1_601' title='bbox 3473 3509 3529 3562; x_wconf 85' lang='grc' dir='ltr'>δέ</span> <span class='ocrx_word' id='word_1_602' title='bbox 3554 3527 3694 3580; x_wconf 82' lang='grc' dir='ltr'>φησι</span> 
     </span>
    </p>
   </div>
   <div class='ocr_carea' id='block_1_82' title="bbox 2099 3589 3695 3672">
    <p class='ocr_par' dir='ltr' id='par_1_82' title="bbox 2099 3589 3695 3672">
     <span class='ocr_line' id='line_1_82' title="bbox 2099 3589 3695 3672; baseline 0.001 -20"><span class='ocrx_word' id='word_1_603' title='bbox 2099 3599 2198 3661; x_wconf 72' lang='grc' dir='ltr'>τὰς</span> <span class='ocrx_word' id='word_1_604' title='bbox 2223 3599 2279 3651; x_wconf 88' lang='grc' dir='ltr'>ἐν</span> <span class='ocrx_word' id='word_1_605' title='bbox 2307 3601 2372 3669; x_wconf 82' lang='grc' dir='ltr'>τῇ</span> <span class='ocrx_word' id='word_1_606' title='bbox 2394 3601 2680 3671; x_wconf 69' lang='grc' dir='ltr'>Σαμαρείᾳ</span> <span class='ocrx_word' id='word_1_607' title='bbox 2710 3589 2842 3653; x_wconf 67' lang='grc' dir='ltr'>δέκα</span> <span class='ocrx_word' id='word_1_608' title='bbox 2869 3600 3058 3669; x_wconf 80' lang='grc' dir='ltr'>φυλὰς,</span> <span class='ocrx_word' id='word_1_609' title='bbox 3095 3600 3451 3672; x_wconf 84' lang='grc' dir='ltr'>Ἰερουσαλὴμ</span> <span class='ocrx_word' id='word_1_610' title='bbox 3484 3601 3537 3652; x_wconf 84' lang='grc' dir='ltr'>δέ</span> <span class='ocrx_word' id='word_1_611' title='bbox 3563 3603 3695 3666; x_wconf 80' lang='grc' dir='ltr'>τοὺς</span> 
     </span>
    </p>
   </div>
   <div class='ocr_carea' id='block_1_83' title="bbox 2100 3683 3692 3762">
    <p class='ocr_par' dir='ltr' id='par_1_83' title="bbox 2100 3683 3692 3762">
     <span class='ocr_line' id='line_1_83' title="bbox 2100 3683 3692 3762; baseline 0.001 -19"><span class='ocrx_word' id='word_1_612' title='bbox 2100 3692 2158 3743; x_wconf 84' lang='grc' dir='ltr'>ἐν</span> <span class='ocrx_word' id='word_1_613' title='bbox 2190 3691 2326 3762; x_wconf 83' lang='grc' dir='ltr'>αὐτῇ</span> <span class='ocrx_word' id='word_1_614' title='bbox 2354 3693 2811 3761; x_wconf 78' lang='grc' dir='ltr'>κατοικήσαντας,</span> <span class='ocrx_word' id='word_1_615' title='bbox 2860 3691 3060 3754; x_wconf 77' lang='grc' dir='ltr'>Ἰούδας</span> <span class='ocrx_word' id='word_1_616' title='bbox 3086 3691 3142 3743; x_wconf 84' lang='grc' dir='ltr'>δὲ</span> <span class='ocrx_word' id='word_1_617' title='bbox 3191 3683 3341 3744; x_wconf 67' lang='grc' dir='ltr'>οὗτοι</span> <span class='ocrx_word' id='word_1_618' title='bbox 3377 3693 3468 3745; x_wconf 81' lang='grc' dir='ltr'>καὶ</span> <span class='ocrx_word' id='word_1_619' title='bbox 3495 3692 3692 3745; x_wconf 82' lang='grc' dir='ltr'>Βενια-</span> 
     </span>
    </p>
   </div>
   <div class='ocr_carea' id='block_1_84' title="bbox 2105 3780 3693 3855">
    <p class='ocr_par' dir='ltr' id='par_1_84' title="bbox 2105 3780 3693 3855">
     <span class='ocr_line' id='line_1_84' title="bbox 2105 3780 3693 3855; baseline 0.003 -22"><span class='ocrx_word' id='word_1_620' title='bbox 2105 3781 2216 3852; x_wconf 90' lang='grc' dir='ltr'>μίν.</span> <span class='ocrx_word' id='word_1_621' title='bbox 2254 3780 2461 3834; x_wconf 76' lang='grc' dir='ltr'>Οὐκοῦν</span> <span class='ocrx_word' id='word_1_622' title='bbox 2497 3782 2795 3849; x_wconf 76' lang='grc' dir='ltr'>ἀσφαλείας</span> <span class='ocrx_word' id='word_1_623' title='bbox 2836 3782 3113 3849; x_wconf 85' lang='grc' dir='ltr'>ὑπόθεσιν,</span> <span class='ocrx_word' id='word_1_624' title='bbox 3160 3784 3255 3836; x_wconf 74' lang='grc' dir='ltr'>καὶ</span> <span class='ocrx_word' id='word_1_625' title='bbox 3305 3784 3524 3855; x_wconf 89' lang='grc' dir='ltr'>εἰρήνης</span> <span class='ocrx_word' id='word_1_626' title='bbox 3552 3785 3693 3854; x_wconf 84' lang='grc' dir='ltr'>ἡμῖν</span> 
     </span>
    </p>
   </div>
   <div class='ocr_carea' id='block_1_85' title="bbox 2101 3873 3692 3946">
    <p class='ocr_par' dir='ltr' id='par_1_85' title="bbox 2101 3873 3692 3946">
     <span class='ocr_line' id='line_1_85' title="bbox 2101 3873 3692 3946; baseline 0.001 -21"><span class='ocrx_word' id='word_1_627' title='bbox 2101 3875 2130 3925; x_wconf 90' lang='lat'>6</span> <span class='ocrx_word' id='word_1_628' title='bbox 2160 3873 2496 3944; x_wconf 77' lang='grc' dir='ltr'>προφητικὸς</span> <span class='ocrx_word' id='word_1_629' title='bbox 2522 3873 2828 3942; x_wconf 78' lang='grc' dir='ltr'>εἰσκομίζει</span> <span class='ocrx_word' id='word_1_630' title='bbox 2861 3874 3039 3941; x_wconf 88' lang='grc' dir='ltr'>λόγος.</span> <span class='ocrx_word' id='word_1_631' title='bbox 3074 3875 3148 3926; x_wconf 83' lang='grc' dir='ltr'>Οὐ</span> <span class='ocrx_word' id='word_1_632' title='bbox 3203 3873 3309 3946; x_wconf 86' lang='grc' dir='ltr'>γὰρ</span> <span class='ocrx_word' id='word_1_633' title='bbox 3340 3874 3404 3928; x_wconf 84' lang='grc' dir='ltr'>ἂν</span> <span class='ocrx_word' id='word_1_634' title='bbox 3437 3875 3692 3942; x_wconf 86' lang='grc' dir='ltr'>γένοιτο,</span> 
     </span>
    </p>
   </div>
   <div class='ocr_carea' id='block_1_86' title="bbox 2103 3965 3693 4035">
    <p class='ocr_par' dir='ltr' id='par_1_86' title="bbox 2103 3965 3693 4035">
     <span class='ocr_line' id='line_1_86' title="bbox 2103 3965 3693 4035; baseline 0.003 -19"><span class='ocrx_word' id='word_1_635' title='bbox 2103 3967 2290 4034; x_wconf 74' lang='grc' dir='ltr'>φησὶν,</span> <span class='ocrx_word' id='word_1_636' title='bbox 2323 3965 2732 4035; x_wconf 79' lang='grc' dir='ltr'>εὖκατάδρομος</span> <span class='ocrx_word' id='word_1_637' title='bbox 2784 3967 2896 4028; x_wconf 88' lang='grc' dir='ltr'>τοῖς</span> <span class='ocrx_word' id='word_1_638' title='bbox 2945 3965 3190 4018; x_wconf 87' lang='grc' dir='ltr'>ἐθέλουσι</span> <span class='ocrx_word' id='word_1_639' title='bbox 3218 3965 3419 4018; x_wconf 82' lang='grc' dir='ltr'>κακοῦν</span> <span class='ocrx_word' id='word_1_640' title='bbox 3470 3967 3504 4034; x_wconf 82' lang='grc' dir='ltr'>ἡ</span> <span class='ocrx_word' id='word_1_641' title='bbox 3555 3967 3693 4034; x_wconf 85' lang='grc' dir='ltr'>ἁγία</span> 
     </span>
    </p>
   </div>
   <div class='ocr_carea' id='block_1_87' title="bbox 2103 4054 3693 4128">
    <p class='ocr_par' dir='ltr' id='par_1_87' title="bbox 2103 4054 3693 4128">
     <span class='ocr_line' id='line_1_87' title="bbox 2103 4054 3693 4128; baseline 0.003 -21"><span class='ocrx_word' id='word_1_642' title='bbox 2103 4054 2276 4117; x_wconf 87' lang='grc' dir='ltr'>πόλις,</span> <span class='ocrx_word' id='word_1_643' title='bbox 2310 4058 2638 4126; x_wconf 86' lang='grc' dir='ltr'>κατευρυνεῖ</span> <span class='ocrx_word' id='word_1_644' title='bbox 2665 4056 2722 4107; x_wconf 83' lang='grc' dir='ltr'>δὲ</span> <span class='ocrx_word' id='word_1_645' title='bbox 2754 4055 2897 4108; x_wconf 71' lang='grc' dir='ltr'>οὕτω</span> <span class='ocrx_word' id='word_1_646' title='bbox 2934 4056 3033 4124; x_wconf 81' lang='grc' dir='ltr'>τὴν</span> <span class='ocrx_word' id='word_1_647' title='bbox 3089 4056 3284 4110; x_wconf 81' lang='grc' dir='ltr'>ἐαυτοῦ</span> <span class='ocrx_word' id='word_1_648' title='bbox 3345 4057 3624 4128; x_wconf 84' lang='grc' dir='ltr'>βασιλείαν</span> <span class='ocrx_word' id='word_1_649' title='bbox 3663 4061 3693 4112; x_wconf 97' lang='lat'>6</span> 
     </span>
    </p>
   </div>
   <div class='ocr_carea' id='block_1_88' title="bbox 2105 4146 3693 4220">
    <p class='ocr_par' dir='ltr' id='par_1_88' title="bbox 2105 4146 3693 4220">
     <span class='ocr_line' id='line_1_88' title="bbox 2105 4146 3693 4220; baseline 0.009 -30"><span class='ocrx_word' id='word_1_650' title='bbox 2105 4146 2292 4209; x_wconf 71' lang='grc' dir='ltr'>σώζων</span> <span class='ocrx_word' id='word_1_651' title='bbox 2315 4147 2502 4218; x_wconf 70' lang='grc' dir='ltr'>αὐτὴν,</span> <span class='ocrx_word' id='word_1_652' title='bbox 2527 4148 2601 4212; x_wconf 86' lang='grc' dir='ltr'>ὡς</span> <span class='ocrx_word' id='word_1_653' title='bbox 2638 4148 2766 4218; x_wconf 82' lang='grc' dir='ltr'>ὅλης</span> <span class='ocrx_word' id='word_1_654' title='bbox 2792 4149 3062 4220; x_wconf 79' lang='grc' dir='ltr'>κατάρξαι</span> <span class='ocrx_word' id='word_1_655' title='bbox 3089 4150 3186 4219; x_wconf 84' lang='grc' dir='ltr'>τῆς</span> <span class='ocrx_word' id='word_1_656' title='bbox 3237 4149 3519 4214; x_wconf 84' lang='grc' dir='ltr'>Ἰουδαίας,</span> <span class='ocrx_word' id='word_1_657' title='bbox 3579 4150 3693 4203; x_wconf 82' lang='grc' dir='ltr'>ἀπὸ</span> 
     </span>
    </p>
   </div>
   <div class='ocr_carea' id='block_1_89' title="bbox 2104 4235 3695 4312">
    <p class='ocr_par' dir='ltr' id='par_1_89' title="bbox 2104 4235 3695 4312">
     <span class='ocr_line' id='line_1_89' title="bbox 2104 4235 3695 4312; baseline 0.001 -21"><span class='ocrx_word' id='word_1_658' title='bbox 2104 4238 2380 4308; x_wconf 76' lang='grc' dir='ltr'>θαλάσσης</span> <span class='ocrx_word' id='word_1_659' title='bbox 2417 4238 2522 4301; x_wconf 72' lang='grc' dir='ltr'>ἕως</span> <span class='ocrx_word' id='word_1_660' title='bbox 2553 4239 2834 4308; x_wconf 89' lang='grc' dir='ltr'>ποταμῶν.</span> <span class='ocrx_word' id='word_1_661' title='bbox 2873 4235 3043 4294; x_wconf 76' lang='grc' dir='ltr'>Αὗται</span> <span class='ocrx_word' id='word_1_662' title='bbox 3085 4241 3192 4312; x_wconf 83' lang='grc' dir='ltr'>γάρ</span> <span class='ocrx_word' id='word_1_663' title='bbox 3233 4243 3368 4294; x_wconf 84' lang='grc' dir='ltr'>εἰσιν</span> <span class='ocrx_word' id='word_1_664' title='bbox 3398 4241 3454 4293; x_wconf 87' lang='grc' dir='ltr'>αἱ</span> <span class='ocrx_word' id='word_1_665' title='bbox 3481 4241 3695 4294; x_wconf 81' lang='grc' dir='ltr'>διεκϐο-</span> 
     </span>
    </p>
   </div>
   <div class='ocr_carea' id='block_1_90' title="bbox 2103 4331 3691 4404">
    <p class='ocr_par' dir='ltr' id='par_1_90' title="bbox 2103 4331 3691 4404">
     <span class='ocr_line' id='line_1_90' title="bbox 2103 4331 3691 4404; baseline 0.001 -22"><span class='ocrx_word' id='word_1_666' title='bbox 2103 4331 2316 4400; x_wconf 78' lang='grc' dir='ltr'>λαὶτῆς</span> <span class='ocrx_word' id='word_1_667' title='bbox 2356 4332 2480 4400; x_wconf 80' lang='grc' dir='ltr'>γῆς,</span> <span class='ocrx_word' id='word_1_668' title='bbox 2515 4331 2759 4384; x_wconf 78' lang='grc' dir='ltr'>τουτέστι</span> <span class='ocrx_word' id='word_1_669' title='bbox 2814 4331 2881 4385; x_wconf 80' lang='grc' dir='ltr'>τὰ</span> <span class='ocrx_word' id='word_1_670' title='bbox 2930 4333 3165 4404; x_wconf 87' lang='grc' dir='ltr'>πέρατα.</span> <span class='ocrx_word' id='word_1_671' title='bbox 3224 4332 3431 4386; x_wconf 82' lang='grc' dir='ltr'>Ψάλλει</span> <span class='ocrx_word' id='word_1_672' title='bbox 3477 4331 3532 4384; x_wconf 85' lang='grc' dir='ltr'>δέ</span> <span class='ocrx_word' id='word_1_673' title='bbox 3587 4349 3691 4385; x_wconf 89' lang='grc' dir='ltr'>που</span> 
     </span>
    </p>
   </div>
   <div class='ocr_carea' id='block_1_91' title="bbox 2105 4421 3695 4496">
    <p class='ocr_par' dir='ltr' id='par_1_91' title="bbox 2105 4421 3695 4496">
     <span class='ocr_line' id='line_1_91' title="bbox 2105 4421 3695 4496; baseline 0.003 -22"><span class='ocrx_word' id='word_1_674' title='bbox 2105 4423 2198 4475; x_wconf 71' lang='grc' dir='ltr'>καὶ</span> <span class='ocrx_word' id='word_1_675' title='bbox 2220 4425 2247 4476; x_wconf 89' lang='lat'>6</span> <span class='ocrx_word' id='word_1_676' title='bbox 2278 4421 2564 4485; x_wconf 82' lang='grc' dir='ltr'>θεσπέσιος</span> <span class='ocrx_word' id='word_1_677' title='bbox 2597 4423 2784 4488; x_wconf 73' lang='grc' dir='ltr'>Δαδὶδ,</span> <span class='ocrx_word' id='word_1_678' title='bbox 2825 4424 2900 4488; x_wconf 86' lang='grc' dir='ltr'>ὼς</span> <span class='ocrx_word' id='word_1_679' title='bbox 2947 4427 3076 4496; x_wconf 72' lang='grc' dir='ltr'>περὶ</span> <span class='ocrx_word' id='word_1_680' title='bbox 3105 4427 3350 4496; x_wconf 82' lang='grc' dir='ltr'>ἀμπέλου</span> <span class='ocrx_word' id='word_1_681' title='bbox 3384 4426 3554 4494; x_wconf 84' lang='grc' dir='ltr'>λέγων</span> <span class='ocrx_word' id='word_1_682' title='bbox 3589 4424 3695 4495; x_wconf 81' lang='grc' dir='ltr'>τῆς</span> 
     </span>
    </p>
   </div>
   <div class='ocr_carea' id='block_1_92' title="bbox 2117 4512 3694 4584">
    <p class='ocr_par' dir='ltr' id='par_1_92' title="bbox 2117 4512 3694 4584">
     <span class='ocr_line' id='line_1_92' title="bbox 2117 4512 3694 4584; baseline -0.001 -18"><span class='ocrx_word' id='word_1_683' title='bbox 2117 4512 2384 4566; x_wconf 85' lang='grc' dir='ltr'>Ἰουδαίων</span> <span class='ocrx_word' id='word_1_684' title='bbox 2431 4513 2780 4582; x_wconf 80' lang='grc' dir='ltr'>Συναγωγῆς·</span> <span class='ocrx_word' id='word_1_685' title='bbox 2829 4534 2847 4565; x_wconf 81' lang='grc' dir='ltr'>ι</span> <span class='ocrx_word' id='word_1_686' title='bbox 2891 4515 3148 4582; x_wconf 81' lang='grc' dir='ltr'>Ἐξέτεινε</span> <span class='ocrx_word' id='word_1_687' title='bbox 3189 4515 3257 4568; x_wconf 83' lang='grc' dir='ltr'>τά</span> <span class='ocrx_word' id='word_1_688' title='bbox 3306 4514 3558 4584; x_wconf 85' lang='grc' dir='ltr'>κλήματα</span> <span class='ocrx_word' id='word_1_689' title='bbox 3588 4512 3694 4566; x_wconf 80' lang='grc' dir='ltr'>αὐ-</span> 
     </span>
    </p>
   </div>
   <div class='ocr_carea' id='block_1_93' title="bbox 2103 4603 3694 4676">
    <p class='ocr_par' dir='ltr' id='par_1_93' title="bbox 2103 4603 3694 4676">
     <span class='ocr_line' id='line_1_93' title="bbox 2103 4603 3694 4676; baseline 0 -20"><span class='ocrx_word' id='word_1_690' title='bbox 2103 4605 2202 4674; x_wconf 78' lang='grc' dir='ltr'>τῆς</span> <span class='ocrx_word' id='word_1_691' title='bbox 2252 4604 2354 4666; x_wconf 73' lang='grc' dir='ltr'>ἕως</span> <span class='ocrx_word' id='word_1_692' title='bbox 2378 4603 2670 4674; x_wconf 77' lang='grc' dir='ltr'>θαλάσσης,</span> <span class='ocrx_word' id='word_1_693' title='bbox 2715 4607 2809 4658; x_wconf 76' lang='grc' dir='ltr'>καὶ</span> <span class='ocrx_word' id='word_1_694' title='bbox 2864 4606 2967 4670; x_wconf 76' lang='grc' dir='ltr'>ἕως</span> <span class='ocrx_word' id='word_1_695' title='bbox 3035 4607 3295 4676; x_wconf 82' lang='grc' dir='ltr'>ποταμῶν</span> <span class='ocrx_word' id='word_1_696' title='bbox 3353 4606 3453 4668; x_wconf 89' lang='grc' dir='ltr'>τὰς</span> <span class='ocrx_word' id='word_1_697' title='bbox 3508 4622 3694 4675; x_wconf 88' lang='grc' dir='ltr'>παρα-</span> 
     </span>
    </p>
   </div>
   <div class='ocr_carea' id='block_1_94' title="bbox 2107 4695 3694 4770">
    <p class='ocr_par' dir='ltr' id='par_1_94' title="bbox 2107 4695 3694 4770">
     <span class='ocr_line' id='line_1_94' title="bbox 2107 4695 3694 4770; baseline 0.002 -24"><span class='ocrx_word' id='word_1_698' title='bbox 2107 4695 2316 4762; x_wconf 82' lang='grc' dir='ltr'>φυάδας</span> <span class='ocrx_word' id='word_1_699' title='bbox 2344 4695 2532 4765; x_wconf 74' lang='grc' dir='ltr'>αὐτῆς.</span> <span class='ocrx_word' id='word_1_700' title='bbox 2567 4716 2585 4748; x_wconf 70' lang='grc' dir='ltr'>ι</span> <span class='ocrx_word' id='word_1_701' title='bbox 2615 4697 3016 4767; x_wconf 67' lang='grc' dir='ltr'>Τερματίζεται</span> <span class='ocrx_word' id='word_1_702' title='bbox 3070 4698 3180 4770; x_wconf 72' lang='grc' dir='ltr'>γὰρ</span> <span class='ocrx_word' id='word_1_703' title='bbox 3210 4701 3242 4768; x_wconf 87' lang='grc' dir='ltr'>ἡ</span> <span class='ocrx_word' id='word_1_704' title='bbox 3272 4697 3382 4750; x_wconf 87' lang='grc' dir='ltr'>τῶν</span> <span class='ocrx_word' id='word_1_705' title='bbox 3419 4696 3694 4750; x_wconf 83' lang='grc' dir='ltr'>Ἰουδαίων</span> 
     </span>
    </p>
   </div>
   <div class='ocr_carea' id='block_1_95' title="bbox 422 4771 2000 4860">
    <p class='ocr_par' dir='ltr' id='par_1_95' title="bbox 422 4771 2000 4848">
     <span class='ocr_line' id='line_1_95' title="bbox 422 4771 2000 4848; baseline 0.011 -24"><span class='ocrx_word' id='word_1_706' title='bbox 422 4771 496 4826; x_wconf 83' lang='grc' dir='ltr'>ιίο</span> <span class='ocrx_word' id='word_1_707' title='bbox 545 4781 603 4826; x_wconf 83' lang='grc' dir='ltr'>ιιι</span> <span class='ocrx_word' id='word_1_708' title='bbox 636 4776 702 4830; x_wconf 89' lang='lat' dir='ltr'>ab</span> <span class='ocrx_word' id='word_1_709' title='bbox 765 4777 1013 4848; x_wconf 78' lang='lat' dir='ltr'><strong>exemplo</strong></span> <span class='ocrx_word' id='word_1_710' title='bbox 1085 4780 1403 4848; x_wconf 89' lang='lat' dir='ltr'><strong>particulari</strong></span> <span class='ocrx_word' id='word_1_711' title='bbox 1453 4782 1521 4835; x_wconf 88' lang='lat' dir='ltr'>ad</span> <span class='ocrx_word' id='word_1_712' title='bbox 1581 4784 1890 4840; x_wconf 83' lang='lat' dir='ltr'><strong>universum</strong></span> <span class='ocrx_word' id='word_1_713' title='bbox 1950 4795 2000 4841; x_wconf 91' lang='lat' dir='ltr'>et</span> 
     </span>
    </p>
   </div>
   <div class='ocr_carea' id='block_1_96' title="bbox 2107 4771 3690 4860">
    <p class='ocr_par' dir='ltr' id='par_1_96' title="bbox 2108 4785 3690 4860">
     <span class='ocr_line' id='line_1_96' title="bbox 2108 4785 3690 4860; baseline 0.001 -22"><span class='ocrx_word' id='word_1_714' title='bbox 2108 4785 2353 4859; x_wconf 81' lang='grc' dir='ltr'>θαλάσσῃ</span> <span class='ocrx_word' id='word_1_715' title='bbox 2379 4803 2460 4850; x_wconf 89' lang='grc' dir='ltr'>τε,</span> <span class='ocrx_word' id='word_1_716' title='bbox 2492 4788 2587 4839; x_wconf 72' lang='grc' dir='ltr'>καὶ</span> <span class='ocrx_word' id='word_1_717' title='bbox 2613 4787 2767 4860; x_wconf 66' lang='grc' dir='ltr'>χώρᾳ.</span> <span class='ocrx_word' id='word_1_718' title='bbox 2813 4791 2878 4860; x_wconf 83' lang='grc' dir='ltr'>τῇ</span> <span class='ocrx_word' id='word_1_719' title='bbox 2909 4790 3045 4860; x_wconf 77' lang='grc' dir='ltr'>πρὸς</span> <span class='ocrx_word' id='word_1_720' title='bbox 3077 4789 3250 4852; x_wconf 87' lang='grc' dir='ltr'>νότον,</span> <span class='ocrx_word' id='word_1_721' title='bbox 3311 4789 3404 4842; x_wconf 75' lang='grc' dir='ltr'>καὶ</span> <span class='ocrx_word' id='word_1_722' title='bbox 3449 4787 3645 4858; x_wconf 83' lang='grc' dir='ltr'>Ἰνδικῇ</span> <span class='ocrx_word' id='word_1_723' title='bbox 3675 4829 3690 4852; x_wconf 90' lang='grc'>,</span> 
     </span>
    </p>
   </div>
   <div class='ocr_carea' id='block_1_97' title="bbox 420 4864 1996 4936">
    <p class='ocr_par' dir='ltr' id='par_1_97' title="bbox 420 4864 1996 4936">
     <span class='ocr_line' id='line_1_97' title="bbox 420 4864 1996 4936; baseline 0.007 -21"><span class='ocrx_word' id='word_1_724' title='bbox 420 4864 911 4930; x_wconf 79' lang='lat' dir='ltr'><strong>generalissimum.</strong></span> <span class='ocrx_word' id='word_1_725' title='bbox 952 4864 1068 4920; x_wconf 81' lang='lat' dir='ltr'><strong>Non</strong></span> <span class='ocrx_word' id='word_1_726' title='bbox 1099 4868 1241 4922; x_wconf 89' lang='lat' dir='ltr'><strong>enim</strong></span> <span class='ocrx_word' id='word_1_727' title='bbox 1284 4868 1334 4921; x_wconf 93' lang='lat' dir='ltr'>in</span> <span class='ocrx_word' id='word_1_728' title='bbox 1378 4868 1564 4924; x_wconf 62' lang='lat' dir='ltr'><strong>Judsea</strong></span> <span class='ocrx_word' id='word_1_729' title='bbox 1602 4872 1739 4936; x_wconf 85' lang='lat' dir='ltr'><strong>sola,</strong></span> <span class='ocrx_word' id='word_1_730' title='bbox 1782 4875 1875 4927; x_wconf 89' lang='lat' dir='ltr'>sed</span> <span class='ocrx_word' id='word_1_731' title='bbox 1946 4875 1996 4928; x_wconf 92' lang='lat' dir='ltr'>in</span> 
     </span>
    </p>
   </div>
   <div class='ocr_carea' id='block_1_98' title="bbox 423 4955 2000 5032">
    <p class='ocr_par' dir='ltr' id='par_1_98' title="bbox 423 4955 2000 5032">
     <span class='ocr_line' id='line_1_98' title="bbox 423 4955 2000 5032; baseline 0.01 -28"><span class='ocrx_word' id='word_1_732' title='bbox 423 4961 534 5008; x_wconf 92' lang='lat' dir='ltr'><strong>toto</strong></span> <span class='ocrx_word' id='word_1_733' title='bbox 565 4955 697 5009; x_wconf 84' lang='lat' dir='ltr'><strong>orbe</strong></span> <span class='ocrx_word' id='word_1_734' title='bbox 727 4957 992 5024; x_wconf 72' lang='lat' dir='ltr'><strong>regnabit,</strong></span> <span class='ocrx_word' id='word_1_735' title='bbox 1037 4967 1090 5012; x_wconf 91' lang='lat' dir='ltr'>et</span> <span class='ocrx_word' id='word_1_736' title='bbox 1119 4973 1146 5010; x_wconf 89' lang='lat' dir='ltr'>a</span> <span class='ocrx_word' id='word_1_737' title='bbox 1180 4957 1376 5012; x_wconf 81' lang='lat' dir='ltr'><strong>ﬁnibus</strong></span> <span class='ocrx_word' id='word_1_738' title='bbox 1427 4961 1496 5014; x_wconf 86' lang='lat' dir='ltr'>ad</span> <span class='ocrx_word' id='word_1_739' title='bbox 1559 4961 1693 5017; x_wconf 85' lang='lat' dir='ltr'><strong>lines</strong></span> <span class='ocrx_word' id='word_1_740' title='bbox 1757 4973 2000 5032; x_wconf 77' lang='lat' dir='ltr'><strong>potestas</strong></span> 
     </span>
    </p>
   </div>
   <div class='ocr_carea' id='block_1_99' title="bbox 421 5042 980 5114">
    <p class='ocr_par' dir='ltr' id='par_1_99' title="bbox 421 5042 980 5114">
     <span class='ocr_line' id='line_1_99' title="bbox 421 5042 980 5114; baseline 0.011 -20"><span class='ocrx_word' id='word_1_741' title='bbox 421 5042 535 5110; x_wconf 78' lang='lat' dir='ltr'><strong>ejus</strong></span> <span class='ocrx_word' id='word_1_742' title='bbox 560 5057 850 5114; x_wconf 70' lang='lat' dir='ltr'><strong>propagata</strong></span> <span class='ocrx_word' id='word_1_743' title='bbox 878 5056 980 5101; x_wconf 88' lang='lat' dir='ltr'><strong>est.</strong></span> 
     </span>
    </p>
   </div>
   <div class='ocr_carea' id='block_1_100' title="bbox 2109 4876 3694 4950">
    <p class='ocr_par' dir='ltr' id='par_1_100' title="bbox 2109 4876 3694 4950">
     <span class='ocr_line' id='line_1_100' title="bbox 2109 4876 3694 4950; baseline 0.003 -24"><span class='ocrx_word' id='word_1_744' title='bbox 2109 4877 2203 4928; x_wconf 75' lang='grc' dir='ltr'>καὶ</span> <span class='ocrx_word' id='word_1_745' title='bbox 2226 4878 2292 4945; x_wconf 84' lang='grc' dir='ltr'>τῇ</span> <span class='ocrx_word' id='word_1_746' title='bbox 2316 4876 2621 4949; x_wconf 83' lang='grc' dir='ltr'>καλουμένῃ</span> <span class='ocrx_word' id='word_1_747' title='bbox 2649 4879 2805 4949; x_wconf 84' lang='grc' dir='ltr'>Μέσῃ</span> <span class='ocrx_word' id='word_1_748' title='bbox 2843 4880 2952 4931; x_wconf 85' lang='grc' dir='ltr'>τῶν</span> <span class='ocrx_word' id='word_1_749' title='bbox 3006 4880 3286 4950; x_wconf 84' lang='grc' dir='ltr'>ποταμῶν.</span> <span class='ocrx_word' id='word_1_750' title='bbox 3334 4879 3474 4933; x_wconf 85' lang='grc' dir='ltr'>Ἀλλ’</span> <span class='ocrx_word' id='word_1_751' title='bbox 3500 4879 3601 4931; x_wconf 76' lang='grc' dir='ltr'>οὐκ</span> <span class='ocrx_word' id='word_1_752' title='bbox 3635 4880 3694 4930; x_wconf 85' lang='grc' dir='ltr'>ἐν</span> 
     </span>
    </p>
   </div>
   <div class='ocr_carea' id='block_1_101' title="bbox 2109 4966 3696 5041">
    <p class='ocr_par' dir='ltr' id='par_1_101' title="bbox 2109 4966 3696 5041">
     <span class='ocr_line' id='line_1_101' title="bbox 2109 4966 3696 5041; baseline 0.002 -22"><span class='ocrx_word' id='word_1_753' title='bbox 2109 4966 2318 5031; x_wconf 84' lang='grc' dir='ltr'>τούτοις</span> <span class='ocrx_word' id='word_1_754' title='bbox 2347 4970 2455 5032; x_wconf 89' lang='grc' dir='ltr'>τοῖς</span> <span class='ocrx_word' id='word_1_755' title='bbox 2478 4970 2623 5039; x_wconf 85' lang='grc' dir='ltr'>ὅροις</span> <span class='ocrx_word' id='word_1_756' title='bbox 2646 4971 2680 5038; x_wconf 85' lang='grc' dir='ltr'>ἡ</span> <span class='ocrx_word' id='word_1_757' title='bbox 2709 4971 2944 5041; x_wconf 73' lang='grc' dir='ltr'>Χριστοῦ</span> <span class='ocrx_word' id='word_1_758' title='bbox 2980 4971 3244 5041; x_wconf 83' lang='grc' dir='ltr'>βασιλεία,</span> <span class='ocrx_word' id='word_1_759' title='bbox 3279 4969 3475 5025; x_wconf 75' lang='grc' dir='ltr'>πολλοῦ</span> <span class='ocrx_word' id='word_1_760' title='bbox 3503 4987 3566 5039; x_wconf 89' lang='grc' dir='ltr'>γε</span> <span class='ocrx_word' id='word_1_761' title='bbox 3597 4972 3696 5022; x_wconf 78' lang='grc' dir='ltr'>καὶ</span> 
     </span>
    </p>
   </div>
   <div class='ocr_carea' id='block_1_102' title="bbox 2111 5058 3694 5134">
    <p class='ocr_par' dir='ltr' id='par_1_102' title="bbox 2111 5058 3694 5134">
     <span class='ocr_line' id='line_1_102' title="bbox 2111 5058 3694 5134; baseline 0.002 -23"><span class='ocrx_word' id='word_1_762' title='bbox 2111 5058 2208 5112; x_wconf 88' lang='grc' dir='ltr'>δεῖ.</span> <span class='ocrx_word' id='word_1_763' title='bbox 2241 5059 2439 5130; x_wconf 78' lang='grc' dir='ltr'>Ἕρπει</span> <span class='ocrx_word' id='word_1_764' title='bbox 2473 5060 2529 5112; x_wconf 86' lang='grc' dir='ltr'>δέ</span> <span class='ocrx_word' id='word_1_765' title='bbox 2557 5063 2584 5113; x_wconf 88' lang='lat'>6</span> <span class='ocrx_word' id='word_1_766' title='bbox 2614 5061 2769 5128; x_wconf 91' lang='grc' dir='ltr'>λόγος</span> <span class='ocrx_word' id='word_1_767' title='bbox 2799 5062 2873 5125; x_wconf 84' lang='grc' dir='ltr'>ὡς</span> <span class='ocrx_word' id='word_1_768' title='bbox 2901 5065 2964 5116; x_wconf 88' lang='grc' dir='ltr'>ἐκ</span> <span class='ocrx_word' id='word_1_769' title='bbox 2993 5063 3220 5134; x_wconf 62' lang='grc' dir='ltr'>μερικοῦ</span> <span class='ocrx_word' id='word_1_770' title='bbox 3247 5064 3694 5134; x_wconf 84' lang='grc' dir='ltr'>παραδείγματος</span> 
     </span>
    </p>
   </div>
   <div class='ocr_carea' id='block_1_103' title="bbox 421 5124 3695 5228">
    <p class='ocr_par' dir='ltr' id='par_1_103' title="bbox 421 5124 3695 5228">
     <span class='ocr_line' id='line_1_103' title="bbox 421 5124 3695 5228; baseline 0.006 -38"><span class='ocrx_word' id='word_1_771' title='bbox 421 5139 511 5190; x_wconf 78' lang='grc' dir='ltr'>ἐπὶ</span> <span class='ocrx_word' id='word_1_772' title='bbox 551 5141 609 5193; x_wconf 71' lang='grc' dir='ltr'>τδ</span> <span class='ocrx_word' id='word_1_773' title='bbox 641 5124 892 5203; x_wconf 80' lang='grc' dir='ltr'>καθόλου,</span> <span class='ocrx_word' id='word_1_774' title='bbox 934 5141 1028 5192; x_wconf 78' lang='grc' dir='ltr'>καὶ</span> <span class='ocrx_word' id='word_1_775' title='bbox 1087 5141 1465 5207; x_wconf 86' lang='grc' dir='ltr'>γενικώτατον.</span> <span class='ocrx_word' id='word_1_776' title='bbox 1538 5144 1896 5200; x_wconf 75' lang='grc' dir='ltr'>Βεδασίλευκε</span> <span class='ocrx_word' id='word_1_777' title='bbox 1931 5149 2038 5220; x_wconf 83' lang='grc' dir='ltr'>γὰρ</span> <span class='ocrx_word' id='word_1_778' title='bbox 2076 5150 2136 5203; x_wconf 82' lang='grc' dir='ltr'>οὐ</span> <span class='ocrx_word' id='word_1_779' title='bbox 2186 5151 2284 5220; x_wconf 80' lang='grc' dir='ltr'>τῆς</span> <span class='ocrx_word' id='word_1_780' title='bbox 2321 5152 2579 5214; x_wconf 86' lang='grc' dir='ltr'>Ἰουδαίας</span> <span class='ocrx_word' id='word_1_781' title='bbox 2633 5151 2831 5222; x_wconf 80' lang='grc' dir='ltr'>μόνης,</span> <span class='ocrx_word' id='word_1_782' title='bbox 2884 5155 3102 5226; x_wconf 76' lang='grc' dir='ltr'>ἁπάσης</span> <span class='ocrx_word' id='word_1_783' title='bbox 3135 5157 3422 5228; x_wconf 75' lang='grc' dir='ltr'>δὲμᾶλλον</span> <span class='ocrx_word' id='word_1_784' title='bbox 3453 5156 3550 5225; x_wconf 73' lang='grc' dir='ltr'>τῆς</span> <span class='ocrx_word' id='word_1_785' title='bbox 3598 5154 3695 5209; x_wconf 75' lang='grc' dir='ltr'>ὑπ’</span> 
     </span>
    </p>
   </div>
   <div class='ocr_carea' id='block_1_104' title="bbox 420 5229 2726 5313">
    <p class='ocr_par' dir='ltr' id='par_1_104' title="bbox 420 5229 2726 5313">
     <span class='ocr_line' id='line_1_104' title="bbox 420 5229 2726 5313; baseline 0.006 -33"><span class='ocrx_word' id='word_1_786' title='bbox 420 5229 670 5301; x_wconf 62' lang='grc' dir='ltr'>οὖρανδν,</span> <span class='ocrx_word' id='word_1_787' title='bbox 707 5232 800 5284; x_wconf 67' lang='grc' dir='ltr'>κοιλ⁴</span> <span class='ocrx_word' id='word_1_788' title='bbox 825 5230 933 5284; x_wconf 81' lang='grc' dir='ltr'>ἀπὸ</span> <span class='ocrx_word' id='word_1_789' title='bbox 981 5231 1235 5300; x_wconf 77' lang='grc' dir='ltr'>περάτων</span> <span class='ocrx_word' id='word_1_790' title='bbox 1275 5236 1354 5296; x_wconf 81' lang='grc' dir='ltr'>εἰς</span> <span class='ocrx_word' id='word_1_791' title='bbox 1389 5234 1600 5305; x_wconf 86' lang='grc' dir='ltr'>πέρατα</span> <span class='ocrx_word' id='word_1_792' title='bbox 1627 5235 1696 5288; x_wconf 72' lang='grc' dir='ltr'>τὰ</span> <span class='ocrx_word' id='word_1_793' title='bbox 1723 5237 1820 5308; x_wconf 80' lang='grc' dir='ltr'>τῆς</span> <span class='ocrx_word' id='word_1_794' title='bbox 1852 5237 2097 5305; x_wconf 79' lang='grc' dir='ltr'>ἐξουσίας</span> <span class='ocrx_word' id='word_1_795' title='bbox 2125 5241 2287 5296; x_wconf 80' lang='grc' dir='ltr'>αὑτοῦ</span> <span class='ocrx_word' id='word_1_796' title='bbox 2316 5241 2726 5313; x_wconf 74' lang='grc' dir='ltr'>κατευρὺνεται.</span> 
     </span>
    </p>
   </div>
   <div class='ocr_carea' id='block_1_105' title="bbox 497 5323 2003 5400">
    <p class='ocr_par' dir='ltr' id='par_1_105' title="bbox 497 5323 2003 5400">
     <span class='ocr_line' id='line_1_105' title="bbox 497 5323 2003 5400; baseline 0.009 -26"><span class='ocrx_word' id='word_1_797' title='bbox 497 5323 656 5376; x_wconf 71' lang='lat' dir='ltr'><strong>Vnus.</strong></span> <span class='ocrx_word' id='word_1_798' title='bbox 693 5323 776 5387; x_wconf 86' lang='lat' dir='ltr'>ll,</span> <span class='ocrx_word' id='word_1_799' title='bbox 815 5325 902 5378; x_wconf 71' lang='lat'><strong>12.</strong></span> <span class='ocrx_word' id='word_1_800' title='bbox 937 5324 1004 5378; x_wconf 87' lang='lat' dir='ltr'><strong>Et</strong></span> <span class='ocrx_word' id='word_1_801' title='bbox 1043 5334 1096 5379; x_wconf 85' lang='lat' dir='ltr'>tu</span> <span class='ocrx_word' id='word_1_802' title='bbox 1136 5328 1188 5381; x_wconf 86' lang='lat' dir='ltr'>in</span> <span class='ocrx_word' id='word_1_803' title='bbox 1225 5331 1479 5400; x_wconf 78' lang='lat' dir='ltr'><strong>sanguine</strong></span> <span class='ocrx_word' id='word_1_804' title='bbox 1532 5334 1829 5386; x_wconf 76' lang='lat' dir='ltr'><strong>testamenti</strong></span> <span class='ocrx_word' id='word_1_805' title='bbox 1875 5336 2003 5388; x_wconf 84' lang='lat' dir='ltr'><strong>enti-</strong></span> 
     </span>
    </p>
   </div>
   <div class='ocr_carea' id='block_1_106' title="bbox 424 5413 1998 5492">
    <p class='ocr_par' dir='ltr' id='par_1_106' title="bbox 424 5413 1998 5492">
     <span class='ocr_line' id='line_1_106' title="bbox 424 5413 1998 5492; baseline 0.01 -29"><span class='ocrx_word' id='word_1_806' title='bbox 424 5413 534 5463; x_wconf 70' lang='lat' dir='ltr'><strong>siti</strong></span> <span class='ocrx_word' id='word_1_807' title='bbox 598 5415 793 5466; x_wconf 73' lang='lat' dir='ltr'><strong>vinctos</strong></span> <span class='ocrx_word' id='word_1_808' title='bbox 845 5423 961 5468; x_wconf 86' lang='lat' dir='ltr'><strong>tuos</strong></span> <span class='ocrx_word' id='word_1_809' title='bbox 1019 5417 1082 5470; x_wconf 85' lang='lat' dir='ltr'><strong>de</strong></span> <span class='ocrx_word' id='word_1_810' title='bbox 1150 5417 1266 5472; x_wconf 83' lang='lat' dir='ltr'><strong>(acu</strong></span> <span class='ocrx_word' id='word_1_811' title='bbox 1353 5436 1455 5474; x_wconf 83' lang='lat' dir='ltr'>non</span> <span class='ocrx_word' id='word_1_812' title='bbox 1502 5420 1720 5475; x_wconf 82' lang='lat' dir='ltr'><strong>habente</strong></span> <span class='ocrx_word' id='word_1_813' title='bbox 1785 5439 1998 5492; x_wconf 81' lang='lat' dir='ltr'><strong>aquam.</strong></span> 
     </span>
    </p>
   </div>
   <div class='ocr_carea' id='block_1_107' title="bbox 423 5503 2001 5584">
    <p class='ocr_par' dir='ltr' id='par_1_107' title="bbox 423 5503 2001 5584">
     <span class='ocr_line' id='line_1_107' title="bbox 423 5503 2001 5584; baseline 0.009 -29"><span class='ocrx_word' id='word_1_814' title='bbox 423 5503 680 5557; x_wconf 62' lang='lat' dir='ltr'><strong>Scdcbitis</strong></span> <span class='ocrx_word' id='word_1_815' title='bbox 747 5505 800 5560; x_wconf 84' lang='lat' dir='ltr'>in</span> <span class='ocrx_word' id='word_1_816' title='bbox 847 5508 1133 5564; x_wconf 82' lang='lat' dir='ltr'><strong>munitione</strong></span> <span class='ocrx_word' id='word_1_817' title='bbox 1207 5511 1361 5564; x_wconf 82' lang='lat' dir='ltr'><strong>vincti</strong></span> <span class='ocrx_word' id='word_1_818' title='bbox 1440 5516 1897 5584; x_wconf 79' lang='lat' dir='ltr'><strong>congregationis,</strong></span> <span class='ocrx_word' id='word_1_819' title='bbox 1956 5526 2001 5569; x_wconf 88' lang='lat' dir='ltr'><strong>et</strong></span> 
     </span>
    </p>
   </div>
   <div class='ocr_carea' id='block_1_108' title="bbox 499 5680 1523 5757">
    <p class='ocr_par' dir='ltr' id='par_1_108' title="bbox 499 5680 1523 5757">
     <span class='ocr_line' id='line_1_108' title="bbox 499 5680 1523 5757; baseline 0.01 -22"><span class='ocrx_word' id='word_1_820' title='bbox 499 5682 538 5711; x_wconf 80' lang='lat'><strong>&quot;</strong></span> <span class='ocrx_word' id='word_1_821' title='bbox 579 5680 774 5754; x_wconf 84' lang='lat' dir='ltr'><strong>Ephcs.</strong></span> <span class='ocrx_word' id='word_1_822' title='bbox 807 5701 879 5756; x_wconf 75' lang='grc' dir='ltr'>γι,</span> <span class='ocrx_word' id='word_1_823' title='bbox 914 5687 998 5744; x_wconf 74' lang='grc'>12.</span> <span class='ocrx_word' id='word_1_824' title='bbox 1074 5691 1115 5722; x_wconf 73' lang='grc'>’⁷</span> <span class='ocrx_word' id='word_1_825' title='bbox 1150 5689 1286 5745; x_wconf 76' lang='lat' dir='ltr'><strong>Psal.</strong></span> <span class='ocrx_word' id='word_1_826' title='bbox 1325 5689 1523 5757; x_wconf 76' lang='lat' dir='ltr'>x1x,’8.</span> 
     </span>
    </p>
   </div>
   <div class='ocr_carea' id='block_1_109' title="bbox 1605 5690 2270 5761">
    <p class='ocr_par' dir='ltr' id='par_1_109' title="bbox 1605 5690 2270 5761">
     <span class='ocr_line' id='line_1_109' title="bbox 1605 5690 2270 5761; baseline 0.008 -18"><span class='ocrx_word' id='word_1_827' title='bbox 1605 5690 1649 5721; x_wconf 53' lang='grc' dir='ltr'>νο</span> <span class='ocrx_word' id='word_1_828' title='bbox 1682 5690 1869 5747; x_wconf 79' lang='lat' dir='ltr'><strong>Matth.</strong></span> <span class='ocrx_word' id='word_1_829' title='bbox 1902 5705 2009 5760; x_wconf 79' lang='lat' dir='ltr'><strong>xxt,</strong></span> <span class='ocrx_word' id='word_1_830' title='bbox 2067 5691 2270 5761; x_wconf 73' lang='lat' dir='ltr'><strong>iscqq.</strong></span> 
     </span>
    </p>
   </div>
   <div class='ocr_carea' id='block_1_110' title="bbox 2179 5335 3693 5406">
    <p class='ocr_par' dir='ltr' id='par_1_110' title="bbox 2179 5335 3693 5406">
     <span class='ocr_line' id='line_1_110' title="bbox 2179 5335 3693 5406; baseline 0.003 -18"><span class='ocrx_word' id='word_1_831' title='bbox 2179 5335 2289 5389; x_wconf 82' lang='grc' dir='ltr'>Καὶ</span> <span class='ocrx_word' id='word_1_832' title='bbox 2352 5335 2432 5390; x_wconf 88' lang='grc' dir='ltr'>σὺ</span> <span class='ocrx_word' id='word_1_833' title='bbox 2495 5337 2566 5390; x_wconf 85' lang='grc' dir='ltr'>ἐν</span> <span class='ocrx_word' id='word_1_834' title='bbox 2637 5337 2835 5405; x_wconf 72' lang='grc' dir='ltr'>αἵματι</span> <span class='ocrx_word' id='word_1_835' title='bbox 2905 5338 3194 5406; x_wconf 67' lang='grc' dir='ltr'>διαθήκης</span> <span class='ocrx_word' id='word_1_836' title='bbox 3253 5338 3693 5404; x_wconf 73' lang='grc' dir='ltr'>ἐξαπέστειλας</span> 
     </span>
    </p>
   </div>
   <div class='ocr_carea' id='block_1_111' title="bbox 2111 5427 3690 5499">
    <p class='ocr_par' dir='ltr' id='par_1_111' title="bbox 2111 5427 3690 5499">
     <span class='ocr_line' id='line_1_111' title="bbox 2111 5427 3690 5499; baseline 0.001 -20"><span class='ocrx_word' id='word_1_837' title='bbox 2111 5427 2398 5495; x_wconf 83' lang='grc' dir='ltr'>δεσμίους</span> <span class='ocrx_word' id='word_1_838' title='bbox 2443 5442 2584 5492; x_wconf 83' lang='grc' dir='ltr'>σου,</span> <span class='ocrx_word' id='word_1_839' title='bbox 2638 5427 2705 5480; x_wconf 74' lang='grc' dir='ltr'>ἐκ</span> <span class='ocrx_word' id='word_1_840' title='bbox 2764 5427 2994 5482; x_wconf 76' lang='grc' dir='ltr'>λάκκου</span> <span class='ocrx_word' id='word_1_841' title='bbox 3057 5432 3166 5483; x_wconf 76' lang='grc' dir='ltr'>οὐκ</span> <span class='ocrx_word' id='word_1_842' title='bbox 3213 5431 3461 5499; x_wconf 76' lang='grc' dir='ltr'>ἔχω-τος</span> <span class='ocrx_word' id='word_1_843' title='bbox 3511 5428 3690 5497; x_wconf 79' lang='grc' dir='ltr'>ὕδωρ.</span> 
     </span>
    </p>
   </div>
   <div class='ocr_carea' id='block_1_112' title="bbox 2114 5518 3694 5590">
    <p class='ocr_par' dir='ltr' id='par_1_112' title="bbox 2114 5518 3694 5590">
     <span class='ocr_line' id='line_1_112' title="bbox 2114 5518 3694 5590; baseline 0.003 -20"><span class='ocrx_word' id='word_1_844' title='bbox 2114 5518 2465 5586; x_wconf 79' lang='grc' dir='ltr'>Καθήσεσθε</span> <span class='ocrx_word' id='word_1_845' title='bbox 2497 5520 2566 5572; x_wconf 83' lang='grc' dir='ltr'>ἐν</span> <span class='ocrx_word' id='word_1_846' title='bbox 2604 5518 2943 5588; x_wconf 64' lang='grc' dir='ltr'>ὀχυρώμασι</span> <span class='ocrx_word' id='word_1_847' title='bbox 2996 5520 3224 5590; x_wconf 72' lang='grc' dir='ltr'>δέσμιοι</span> <span class='ocrx_word' id='word_1_848' title='bbox 3281 5519 3391 5586; x_wconf 82' lang='grc' dir='ltr'>τῆς</span> <span class='ocrx_word' id='word_1_849' title='bbox 3416 5534 3694 5590; x_wconf 71' lang='grc' dir='ltr'>συναγω-</span> 
     </span>
    </p>
   </div>
   <div class='ocr_carea' id='block_1_113' title="bbox 2377 5693 2938 5760">
    <p class='ocr_par' dir='ltr' id='par_1_113' title="bbox 2377 5693 2938 5760">
     <span class='ocr_line' id='line_1_113' title="bbox 2377 5693 2938 5760; baseline 0.009 -14"><span class='ocrx_word' id='word_1_850' title='bbox 2377 5693 2418 5724; x_wconf 65' lang='lat'>”</span> <span class='ocrx_word' id='word_1_851' title='bbox 2450 5693 2590 5748; x_wconf 85' lang='lat' dir='ltr'><strong>Psal.</strong></span> <span class='ocrx_word' id='word_1_852' title='bbox 2638 5711 2820 5760; x_wconf 72' lang='lat' dir='ltr'>mm,</span> <span class='ocrx_word' id='word_1_853' title='bbox 2859 5695 2938 5751; x_wconf 72' lang='lat' dir='ltr'><strong>l2.</strong></span> 
     </span>
    </p>
   </div>
  </div>
