3936 6318
231 370 338 427 “9

1052 357 1602 418 COMMENTARIUS
1642 357 1707 413 IN
1751 355 2154 414 ZACHARIAM
2192 354 2643 413 ΡΒΟῬΗΕΤΑΜ.

3392 356 3496 411 H0

222 482 346 553 τῆς
368 524 383 546 ,
430 483 530 537 καὶ
580 483 718 538 ἀντὶ
772 482 912 553 μιᾶς
980 483 1204 553 ἡμέρας
1249 483 1638 552 παροικεσίας
1702 497 1818 536 σου

1931 497 2017 536 pro
2057 497 2162 536 una
2195 480 2278 534 die
2335 475 2768 550 peregrinationis
2832 484 2939 531 tua:
2985 472 3219 546 duplicia
3283 477 3502 531 reddam-

229 573 418 629 διπλᾶ
469 573 878 628 ἀνταποδώσω
927 589 1046 628 σοι.

302 665 432 721 ΝΘ’.
465 667 725 719 Μέτεισιν
761 669 789 720 6
824 666 979 734 λόγος
1031 666 1116 717 ἐπ’
1159 665 1320 719 αὐτὸν
1378 665 1477 736 ήδη
1521 664 1730 718 δίκαιον
1759 680 1818 715 τε

232 759 325 811 καὶ
369 756 618 821 σώζοντα
649 756 894 826 βασιλέα,
933 757 1024 810 καὶ
1058 755 1158 825 μέν
1187 772 1268 809 τοι
1306 755 1400 809 καὶ
1427 756 1626 825 πρᾶον,
1659 769 1817 805 τουτ-

230 850 350 903 έστι
389 848 646 918 Χριστὸν,
683 851 776 902 καὶ
818 849 887 902 τὰ
938 847 1199 920 λαμπρὰ,
1248 849 1343 901 καί
1386 845 1688 914 ἀξιάγαστα
1720 844 1822 915 τῆς

232 941 534 1012 ἐπιδημίας
560 940 726 995 αὑτοῦ
763 939 1167 1010 κατορθώματα
1207 938 1533 1009 καθίστησιν
1584 937 1815 1008 ἐναργῆ.

241 1058 260 1090 ι
303 1039 596 1093 Κεκένωκε
633 1037 742 1110 γὰρ
776 1037 968 1091 ἑαυτὸν
1001 1055 1020 1088 t
1070 1035 1233 1098 ἑκὼν,
1285 1034 1575 1105 γενόμενος
1605 1032 1818 1102 ἄνθρω-

236 1150 358 1200 πος,
393 1133 423 1184 ὁ
463 1131 756 1202 μονογενὴς
807 1129 901 1182 τοῦ
952 1128 1088 1182 Θεοῦ
1127 1128 1320 1196 Λόγος.
1376 1145 1394 1178 ι
1438 1126 1735 1196 ’Υπέμεινε
1760 1123 1818 1176 δὲ

237 1223 330 1275 καὶ
365 1221 622 1292 σταυρὸν,
653 1220 916 1291 αἰσχύνης
945 1219 1390 1290 καταφρονήσας,
1427 1237 1445 1270 ι
1477 1216 1571 1270 καὶ
1601 1215 1817 1269 τέθεικε

235 1314 332 1385 τὴν
365 1314 565 1368 ἐαυτοῦ
587 1313 786 1383 ψυχὴν,
813 1314 914 1383 τῆς
955 1313 1208 1367 ἁπάντων
1240 1311 1385 1382 ζωῆς
1423 1309 1776 1380 ἀντάλλαγμα
1800 1348 1814 1372 ,

237 1406 616 1477 κατεκτήσατο
641 1405 718 1476 τῷ
741 1403 862 1475 Θεῷ
889 1405 984 1458 καὶ
1007 1403 1184 1474 Πατρὶ
1227 1403 1327 1474 τὴν
1359 1403 1450 1455 ὑπ’
1479 1401 1710 1472 οὐρανὸν
1760 1399 1820 1452 ἐν

237 1499 431 1568 αἵματι
484 1497 750 1570 διαθήκης
779 1498 1020 1565 αίωνίου,
1046 1493 1114 1570 ἦς
1162 1493 1231 1568 ἦν
1272 1495 1443 1559 τύπος
1494 1495 1556 1548 τὸ
1600 1494 1687 1548 διὰ
1723 1491 1816 1546 τοῦ

237 1589 520 1658 πανσόφου
577 1591 823 1653 Μωσέως
874 1592 988 1653 τοῖς
1047 1589 1423 1660 ἀρχαιοτέροις
1462 1584 1815 1658 ἐπιῤῥανθέν.

199 1723 202 1726 .
242 1699 262 1732 ε
289 1679 483 1733 Λαὸὼν
513 1680 657 1751 γὰρ,
712 1681 876 1752 φησὶ,
938 1682 1142 1752 Μωσῆς
1193 1681 1255 1733 τὸ
1315 1675 1454 1750 αἷμα
1502 1678 1632 1731 αὑτό
1667 1693 1724 1729 τε
1759 1675 1820 1729 τὸ

238 1771 463 1841 βιϐλίον,
491 1773 586 1825 καὶ
612 1772 789 1826 πάντα
820 1773 910 1826 τὸν
942 1773 1069 1825 λαὸν
1100 1773 1408 1844 ἐρράντισε,
1437 1771 1630 1838 λέγων·
1649 1767 1821 1821 Τοῦτο

232 1839 296 1915 τὸ
322 1857 464 1931 αἷμα
497 1865 598 1933 τῆς
625 1861 892 1932 διαθήκης
915 1858 982 1935 ἦς
1003 1839 1207 1917 διέθετο
1225 1865 1360 1934 πρὸς
1393 1865 1536 1934 ὑμᾶς
1559 1865 1586 1916 ὁ
1613 1862 1765 1924 Θεός.
1795 1878 1816 1912 ι
1855 1839 1894 1893 Β

249 1951 386 2004 Ἀλλ’
407 1954 596 2008 ἐκεῖνα
620 1954 717 2024 μὲν
740 1955 899 2007 τύποι
921 1994 935 2019 ,
977 1956 1069 2008 καὶ
1099 1955 1201 2025 τῆς
1255 1954 1514 2024 ἀληθείας
1538 1954 1820 2025 μόρφωσις

231 2036 321 2112 ἦν.
355 2042 587 2112 Αύτὴδὲ
637 2042 823 2097 λοιπὸν
861 2046 894 2115 ή
945 2043 1170 2115 ἀλήθεια
1219 2044 1487 2114 Χριστὸς,
1540 2043 1570 2096 ὁ
1614 2043 1821 2104 πάντας

234 2134 384 2204 ἡμᾶς
410 2135 688 2206 ἀγοράσας
718 2138 776 2188 ἐν
809 2136 1002 2206 αἵματι
1041 2136 1328 2207 διαθήκης.
1390 2155 1408 2189 ι
1449 2133 1818 2206 Ἐκλελυτρώ-

241 2225 383 2295 μεθα
407 2227 538 2297 γὰρ,
571 2227 646 2291 ὡς
693 2230 722 2280 ὁ
752 2228 917 2282 αὑτοῦ
967 2246 1098 2299 φησι
1135 2229 1405 2301 μαθητής,
1455 2229 1516 2282 ού
1560 2227 1822 2298 φθαρτοῖς

235 2316 492 2388 ἀργυρίῳ
538 2318 570 2388 ἢ
634 2319 865 2390 χρυσίῳ,
929 2320 1064 2374 ἀλλὰ
1111 2321 1278 2391 τιμίῳ
1311 2320 1502 2390 αἵματι
1542 2319 1618 2382 ὡς
1647 2315 1820 2389 ἀμνοῦ

237 2409 497 2479 ἀμώμου,
537 2411 632 2464 καὶ
677 2411 907 2465 ἀσπίλου
949 2412 1207 2482 Χριστοῦ.
1253 2431 1270 2462 ι
1304 2413 1374 2464 Σὺ
1403 2412 1604 2476 τοίνυν,
1631 2412 1818 2482 φησιν,

236 2492 284 2552 ὦ
317 2499 628 2554 δικαιότατε
673 2502 768 2554 καὶ
806 2502 1077 2573 πραότατε
1114 2499 1357 2572 βασιλεῦ,
1385 2503 1441 2554 ἐν
1470 2501 1673 2570 αἵματι
1713 2499 1823 2552 δια-

238 2591 416 2662 θήκης
445 2593 570 2656 τοὺς
594 2594 721 2657 σοὺς
750 2594 1041 2661 γεγονότας
1081 2592 1680 2664 δεσμίους.(τουτέστιν
1727 2591 1821 2656 οὒς

237 2684 459 2754 δεσμοῖς
482 2683 701 2754 ἀγάπης
738 2685 1132 2756 κατέσφιγξας,
1159 2686 1252 2739 καὶ
1281 2688 1401 2750 ταῖς
1425 2687 1543 2749 σαῖς
1569 2684 1823 2754 ζεύγλαις

241 2776 587 2844 ὑπενεγκεῖν,
622 2777 714 2830 καὶ
751 2779 1050 2849 καταδῆσαι
1085 2778 1272 2847 σαφῶς
1321 2779 1420 2848 τὴν
1459 2779 1560 2848 τῆς
1587 2779 1824 2841 διανοίας

241 2868 516 2932 πέπεικας
548 2869 786 2941 αὐχένα)
811 2870 1217 2937 ἐξαπέστειλας,
1244 2871 1518 2924 τουτέστιν
1571 2869 1823 2939 ἐξεκόμι-

243 2975 367 3023 σας,
418 2962 588 3032 ήγουν
637 2961 930 3032 ἐξήγαγες,
968 2963 1001 3030 ἢ
1062 2963 1272 3033 ἀνῆκας
1335 2983 1353 3014 ι
1384 2964 1448 3017 ἐκ
1482 2962 1686 3017 λάκκου
1727 2963 1826 3016 οὐκ

243 3051 464 3120 ἔχοντος
495 3052 659 3124 ὕδωρ.
698 3074 716 3106 ι
751 3055 1046 3124 Σημαίνειν
1071 3054 1128 3107 δὲ
1165 3054 1253 3108 διὰ
1277 3054 1464 3108 τούτου
1512 3054 1692 3125 φαμὲν
1726 3056 1826 3108 αὑ-

243 3143 335 3197 τὸν
366 3143 400 3214 ἦ
430 3145 520 3197 τὸν
541 3144 691 3216 ᾅδην,
717 3146 808 3198 τὸν
832 3147 931 3199 ούκ
953 3135 1146 3217 ἔχοντα
1173 3147 1338 3218 ζωὴν,
1365 3147 1698 3218 ἐκδεξόμεθα
1717 3146 1826 3218 γὰρ

244 3237 327 3297 εἰς
352 3234 525 3288 τύπον
554 3235 701 3305 ζωῆς
717 3236 776 3289 τὸ
797 3236 960 3309 ὕδωρ,
977 3238 1142 3308 ήγουν
1166 3238 1298 3309 ᾅδην
1333 3236 1826 3307 καταλογιούμεθα,

244 3326 344 3380 καὶ
381 3327 524 3395 μάλα
557 3328 750 3397 ὀρθῶς,
799 3329 896 3400 τὴν
931 3329 1023 3382 ἐπί
1044 3347 1107 3398 γε
1136 3333 1247 3394 τοῖς
1286 3330 1654 3400 ψευδωνύμως
1686 3330 1830 3394 θεοῖς

247 3419 492 3488 ἀπάτην.
525 3419 726 3489 Βόθρος
760 3421 868 3490 γὰρ
901 3420 1118 3490 ἀληθῶς
1156 3422 1214 3474 τὸ
1238 3421 1426 3492 χρῆμά
1456 3423 1625 3484 ἐστιν,
1659 3422 1740 3483 είς
1771 3421 1831 3473 ὃν

246 3507 411 3579 εἴπερ
435 3526 519 3572 τις
549 3509 684 3573 ὅλως
711 3511 1111 3580 κατολισθήσει,
1149 3511 1294 3580 ζωῆς
1319 3511 1607 3580 ἀμοιρήσει
1628 3509 1728 3580 τῆς
1753 3511 1832 3573 είς

248 3602 422 3654 αἰῶνα
443 3601 535 3653 τὸν
561 3601 843 3670 μέλλοντα.
881 3602 1084 3655 Ὅτιδέ
1113 3603 1388 3656 κεκένωκε
1417 3603 1506 3656 τὸν
1535 3603 1668 3674 ᾅδην
1692 3603 1830 3656 ἀπο-

247 3690 429 3744 θανὼν
459 3693 488 3744 ὁ
515 3694 765 3764 Χριστὸς,
793 3694 886 3747 καὶ
908 3694 1076 3764 ἀνῆκε
1097 3698 1208 3757 τοῖς
1229 3697 1284 3748 ἐν
1313 3695 1528 3766 φυλακῇ
1559 3694 1832 3764 πνεύμασι

246 3781 349 3846 τὰς
379 3784 531 3836 κάτω
564 3784 762 3851 πύλας,
795 3786 959 3839 παντί
989 3803 1091 3839 που
1124 3787 1312 3855 σαφές.
1338 3787 1482 3856 Ἔφη
1509 3787 1564 3840 δέ
1591 3804 1692 3840 που
1739 3787 1834 3840 καὶ

247 3875 280 3926 ὁ
310 3875 417 3928 τῶν
441 3876 578 3930 ὅλων
625 3876 758 3940 Θεὸς
806 3877 892 3931 διὰ
951 3878 1136 3946 φωνῆς
1175 3879 1437 3950 Ἰερεμίου
1473 3878 1731 3950 περὶτῶν
1774 3877 1834 3942 ἐξ

262 3966 501 4038 Ἰσραὴλ,
532 3968 999 4022 καταλελειπότων
1035 3969 1134 4039 μὲν
1161 3970 1346 4036 αὑτὸν,
1377 3969 1736 4040 τραπομένων
1775 3968 1834 4022 δὲ

251 4056 550 4126 φληνάφως
602 4059 681 4120 εἰς
724 4059 942 4126 ἀπάτην
989 4059 1350 4131 είδωλομανῆ⁹
1380 4077 1399 4109 ι
1429 4059 1653 4130 Ἐξέστη
1684 4060 1712 4111 ὁ
1744 4059 1834 4112 οὑ-

254 4150 416 4220 ρανὸς
446 4150 540 4203 ἐπὶ
569 4150 764 4222 τούτῳ,
797 4153 890 4205 καὶ¹
917 4152 1137 4224 ἔφριξεν
1165 4154 1256 4206 ἐπὶ
1283 4152 1467 4205 πλεῖον
1497 4152 1722 4222 σφόδρα,
1755 4151 1836 4204 λέ-

248 4258 335 4309 γει
365 4241 594 4314 Κύριος·
627 4243 706 4297 ὅτι
767 4244 880 4308 δύο,
928 4246 1022 4298 καὶ
1076 4247 1287 4316 πονηρὰ
1329 4245 1583 4315 ἐποίησεν
1634 4246 1662 4298 ὁ
1710 4244 1835 4307 λαός

251 4347 381 4400 μου.
422 4332 554 4402 Ἐμὲ
583 4333 939 4401 ἐγκατέλιπον
988 4335 1171 4406 πηγὴν
1221 4335 1413 4397 ὓδατος
1469 4335 1690 4400 ζῶντος,
1743 4335 1836 4388 καὶ

249 4421 470 4492 ὤρυξαν
499 4425 712 4487 ἑαυτοῖς
757 4425 993 4489 λάκκους
1039 4427 1553 4498 συντετριμμένους.
1577 4428 1625 4481 οἳ
1654 4427 1714 4480 οὐ
1747 4428 1836 4480 δυ-

1924 573 2041 627 tibi.

1991 663 2128 719 LIX.
2156 663 2376 720 Transit
2406 678 2550 719 nunc
2581 663 2754 718 oratio
2799 661 2866 716 ad
2922 660 3095 730 ipsum
3163 659 3386 731 justum,
3448 670 3502 714 et

1922 757 2280 825 Salvatorem,
2318 767 2480 828 atque
2500 757 2664 813 etiam
2691 764 3030 811 mansuetum
3064 768 3268 824 regem,
3314 754 3364 808 id
3418 763 3503 808 est

1921 849 2220 918 Christum,
2249 858 2304 904 et
2358 849 2588 904 illustria
2645 855 2809 916 alque
2863 845 3182 901 admiranda
3238 844 3502 898 adventus

1920 943 2035 1013 ejus
2052 957 2216 1013 opera
2234 942 2496 998 declarat.
2510 938 2875 1011 eExinanivit
2901 937 3046 992 enim
3069 936 3441 1007 semetipsum‘
3478 953 3503 986 ι

1921 1033 2124 1100 libens,
2189 1033 2352 1090 homo
2411 1033 2614 1089 factum
2663 1029 3008 1102 unigenitum
3078 1027 3172 1082 Dei
3241 1025 3498 1082 Verbum.

1927 1143 1946 1178 ι
1971 1123 2241 1181 Sustinuit
2273 1138 2514 1190 crucem,
2547 1123 2866 1180 confusione
2892 1127 3196 1190 contempta
3224 1119 3243 1149 ²
3273 1135 3292 1170 ι
3323 1125 3376 1171 et
3404 1130 3512 1186 pro

1919 1219 2160 1273 omnium
2189 1218 2298 1272 vita
2358 1217 2592 1272 animam
2651 1231 2802 1271 suam
2866 1212 3242 1276 commutavit,
3286 1211 3394 1265 Deo
3451 1218 3508 1265 et

1921 1311 2066 1365 Patri
2107 1310 2362 1366 mundum
2403 1310 2457 1364 in
2500 1310 2764 1379 sanguine
2817 1306 3128 1363 testamenti
3176 1305 3364 1359 aeterni
3415 1317 3508 1359 ac-

1919 1405 2160 1472 quisivit,
2189 1402 2344 1474 cujus
2371 1413 2530 1474 typus
2561 1402 2659 1456 fuit
2697 1401 2916 1473 sanguis
2949 1415 3047 1470 per
3076 1398 3258 1454 Mosen
3286 1398 3505 1466 sapien-

1919 1495 2186 1550 tissimum
2218 1495 2490 1551 veteribus
2542 1508 2818 1562 aspersus.
2857 1491 3034 1561 lnquit
3079 1491 3261 1545 enim:
3293 1507 3310 1542 ι
3340 1489 3508 1544 Acce-

1920 1594 2010 1656 pto
2034 1584 2210 1641 Moses
2235 1587 2498 1657 sanguine
2539 1585 2758 1641 etlibro
2809 1584 2947 1653 ipso,
3003 1583 3238 1653 aspersit
3289 1596 3506 1636 omnem

1922 1678 2196 1747 populum,
2224 1677 2412 1734 dicens
2439 1693 2453 1730 :
2515 1677 2615 1732 Hic
2649 1685 2732 1732 est
2760 1676 2979 1745 sanguis
3010 1674 3341 1737 testamenti,
3366 1674 3508 1743 quod

1922 1770 2186 1838 disposuit
2209 1771 2274 1825 ad
2309 1785 2404 1827 vos
2438 1770 2580 1824 Deus
2603 1771 2678 1824 ³.»
2717 1768 2822 1824 Sed
2853 1769 2942 1822 illa
2992 1767 3209 1838 quidem
3268 1767 3399 1838 typi,
3456 1775 3512 1820 et

1927 1862 2170 1916 veritatis
2207 1863 2554 1919 simulacrum
2582 1863 2802 1918 fuerunt
2833 1877 2849 1916 :
2885 1861 3148 1917 successit
3180 1862 3292 1930 ipsa
3363 1859 3510 1913 veri-

1929 1964 2011 2009 tas
2040 1953 2314 2020 Christus,
2339 1955 2431 2025 qui
2463 1969 2658 2010 omnes
2691 1969 2788 2010 nos
2817 1955 2871 2008 in
2900 1953 3167 2024 sanguine
3201 1952 3509 2005 testamenti

1927 2053 2195 2101 mercatus
2226 2053 2361 2102 est.c
2389 2046 2669 2117 Redempti
2698 2046 2841 2102 enim
2872 2057 3062 2100 sumus
3098 2058 3202 2097 non
3236 2041 3510 2110 corrupti-

1928 2134 2126 2190 bilibus
2167 2150 2298 2193 auro
2321 2137 2404 2193 vel
2431 2147 2674 2208 argento,
2706 2147 2768 2193 ut
2795 2137 3094 2208 discipulus
3125 2135 3368 2204 ejusdem
3395 2135 3510 2198 ait,

1927 2226 2022 2282 sed
2052 2231 2290 2295 pretioso
2320 2231 2591 2300 sanguine
2632 2238 2889 2300 tanquam
2950 2228 3072 2300 agni
3135 2226 3469 2281 immaculati
3494 2263 3508 2288 ,

1927 2331 1980 2374 et
2015 2320 2416 2375 incontaminati
2449 2321 2646 2376 Christi
2674 2320 2747 2376 ⁵.»
2781 2321 2860 2376 Tu
2893 2321 3078 2391 igitur,
3106 2318 3300 2389 inquit,
3322 2317 3512 2386 justis-

1928 2413 2064 2468 sime
2092 2423 2147 2469 et
2187 2414 2623 2471 mansuetissime
2654 2429 2771 2483 rex,
2810 2414 2863 2469 in
2905 2412 3168 2484 sanguine
3202 2409 3511 2466 testamenti

1928 2503 2139 2560 vinctos
2177 2514 2301 2562 tuos
2333 2508 2352 2574 (
2386 2509 2487 2563 hoc
2515 2516 2619 2573 est,
2653 2522 2788 2576 quos
2824 2506 3050 2561 vinculis
3075 2505 3356 2560 charitatis
3382 2517 3514 2557 con-

1927 2597 2216 2664 strinxisti,
2253 2598 2569 2668 quibusque
2603 2597 2943 2667 persuasisti,
2974 2597 3050 2650 uti
3085 2595 3283 2650 mentis
3335 2593 3512 2649 cervi-

1927 2699 2044 2740 cem
2081 2687 2211 2759 jugo
2245 2697 2340 2744 tuo
2385 2690 2790 2755 submitterent,
2837 2697 2894 2742 et
2953 2687 3131 2758 palam
3194 2687 3507 2757 illigarent)

1928 2777 2178 2846 emisisti,
2215 2779 2320 2834 hoc
2365 2789 2448 2836 est
2481 2780 2748 2846 extulisti,
2780 2781 2895 2835 sive
2927 2779 3184 2844 eduxisti,
3215 2779 3330 2833 sive
3356 2777 3514 2832 dimi-

1930 2868 2044 2923 sisti
2078 2888 2098 2922 ε
2133 2885 2197 2925 ex
2227 2872 2348 2926 lacu
2384 2887 2492 2926 non
2527 2874 2762 2927 habente
2790 2886 3045 2942 aquam.»
3076 2871 3285 2938 Quibus
3334 2869 3517 2924 verbis

1930 2969 2021 3014 aut
2054 2961 2346 3028 infernum,
2375 2963 2466 3018 ubi
2492 2977 2599 3018 non
2633 2973 2717 3018 est
2751 2962 2876 3028 vita,
2907 2960 3204 3028 signiﬁcari
3239 2958 3513 3023 dicimus;

1931 3069 2122 3126 aquam
2162 3055 2303 3110 enim
2332 3069 2427 3124 pro
2451 3055 2694 3126 symbolo
2726 3053 2849 3108 vita;
2876 3054 3208 3122 accipiamus
3232 3051 3384 3115 licet;
3426 3061 3520 3105 aut

1935 3157 2079 3203 certe
2111 3146 2380 3202 infernum
2403 3138 2918 3202 convcni’entissime
2981 3145 3240 3200 falsorum
3288 3145 3514 3200 deorum

1883 3229 1900 3248 ⁴
1937 3237 2202 3292 fallaciam
2231 3228 2904 3307 interpretabimur.739
2926 3235 3064 3292 Vere
3079 3236 3221 3291 enim
3242 3234 3393 3290 fovea
3410 3243 3517 3297 est,

1933 3330 1984 3383 in
2025 3345 2182 3400 quam
2214 3331 2258 3387 si
2292 3331 2413 3401 quis
2440 3330 2654 3400 penitus
2697 3329 2977 3394 deciderit,
3037 3328 3146 3382 vita
3208 3325 3390 3381 futura
3449 3339 3513 3378 ac

1933 3421 2261 3489 sempiterna
2333 3422 2561 3480 carebit.
2631 3419 2936 3476 Evacuasse
3009 3429 3187 3474 autem
3243 3418 3513 3473 infernum

1932 3513 2205 3568 Christum
2237 3522 2531 3579 mortuum,
2562 3520 2616 3566 et
2645 3512 2925 3581 spiritibus
2962 3512 3014 3566 in
3049 3511 3294 3566 custodia
3325 3512 3514 3566 deten-

1933 3605 2004 3660 tis
2065 3606 2346 3676 aperuisse
2380 3615 2565 3676 portas
2596 3605 2820 3670 inieras,
2852 3605 3124 3660 neminem
3151 3605 3303 3658 latet.
3335 3603 3516 3672 lnquit

1933 3707 1988 3752 et
2013 3697 2206 3752 alicubi
2235 3697 2608 3754 universorum
2637 3696 2780 3752 Deus
2809 3712 2904 3766 per
2918 3696 3213 3752 Jeremiam
3237 3697 3305 3750 de
3340 3695 3514 3750 Israe-

1937 3789 2044 3843 litis
2072 3789 2444 3844 desertoribus
2479 3790 2618 3856 suis,
2643 3797 2700 3844 et
2731 3790 2796 3842 ad
2829 3788 3095 3842 fallaciam
3153 3788 3326 3842 insani
3380 3787 3516 3841 deo-

1936 3892 2053 3932 rum
2093 3877 2270 3933 cultus
2297 3878 2461 3933 stulte
2525 3877 2803 3932 conversis
2851 3893 2865 3929 :
2903 3895 2922 3928 ‹
2985 3876 3276 3946 Obstupuit
3317 3876 3516 3934 coelum

1935 3983 2100 4038 super
2128 3969 2251 4034 hoc,
2288 3978 2343 4024 et
2373 3969 2643 4023 inhorruit
2673 3968 2963 4039 plurimum
2992 3970 3360 4036 vehementer,
3385 3969 3519 4024 dicit

1936 4062 2196 4117 Dominus
2232 4061 2400 4130 :quia
2439 4060 2546 4114 duo
2577 4060 2714 4114 mala
2751 4059 2879 4115 iecit
2933 4061 3160 4130 pupulus
3212 4076 3382 4116 meus.
3434 4061 3519 4116 Me

1936 4155 2342 4225 dercliquerunt
2398 4155 2602 4210 fontem
2653 4169 2806 4223 aqua:
2850 4154 3102 4221 viventis,
3141 4163 3195 4208 et
3267 4154 3519 4210 foderunt

1937 4249 2036 4304 sibi
2073 4251 2220 4303 lacus
2253 4248 2536 4313 contritos,
2571 4249 2660 4318 qui
2688 4262 2793 4303 non
2834 4254 3087 4316 poterunt
3145 4261 3337 4316 aquam
3389 4262 3521 4302 con-

1939 4343 2114 4394 tinere
2149 4340 2193 4396 ⁸.
2227 4360 2244 4391 ι
2275 4339 2736 4405 Quemadmodum
2776 4338 2920 4393 enim
2957 4336 3080 4392 fons
3110 4338 3251 4401 vitae,
3283 4346 3339 4392 et
3397 4337 3520 4393 fons

1938 4429 2218 4483 vititicans
2251 4438 2333 4483 est
2365 4438 2508 4484 recta
2552 4437 2607 4483 et
2635 4428 2836 4484 erroris
2878 4443 3072 4498 expers
3111 4428 3204 4484 Dei
3230 4429 3466 4499 cognitio
3499 4447 3514 4484 :

247 4517 510 4585 νήσονται
558 4516 701 4588 ὕδωρ
745 4519 1006 4588 συνέχειν.
1042 4537 1062 4571 ι
1095 4520 1304 4590 ’Ὠσπερ
1346 4520 1454 4588 γάρ
1511 4521 1626 4572 ἐστι
1683 4518 1834 4591 πηγὴ

1940 4519 2012 4573 ita
2049 4520 2195 4575 velut
2223 4521 2372 4576 lacus
2395 4521 2664 4591 inaquosi,
2690 4531 2742 4575 et
2777 4521 2997 4576 contriti
3065 4521 3384 4576 idololatriae
3433 4521 3520 4576 lu-

249 4607 420 4678 ζωῆς,
458 4609 556 4662 καὶ
609 4610 761 4681 πηγὴ
795 4609 1060 4675 ζωοποιδς
1093 4612 1125 4680 ἡ
1171 4612 1304 4682 ὀρθή
1338 4629 1396 4665 τε
1446 4613 1535 4665 καὶ
1584 4613 1832 4684 ἀπλανὴς

249 4701 386 4771 περὶ
414 4700 550 4753 Θεοῦ
577 4701 796 4768 γνῶσις·
829 4701 1001 4765 οὕτως
1030 4701 1268 4774 ἄνυδροι,
1331 4704 1420 4756 καὶ
1451 4703 1611 4756 οἱονεὶ
1641 4704 1833 4759 λακκοι

1939 4611 2114 4679 dicra,
2145 4621 2199 4667 et
2231 4613 2606 4668 aberrationes
2644 4614 2712 4668 ab
2741 4613 2857 4682 ipsa
2886 4620 3111 4683 possunt
3136 4613 3382 4684 intelligi.
3411 4612 3518 4668 De-

1940 4706 2064 4761 inde
2101 4705 2246 4775 ipsos
2284 4706 2494 4760 vinctos
2516 4704 2869 4776 compellans,
2891 4705 2957 4760 ad
2987 4719 3134 4774 spem
3168 4706 3361 4759 bonam
3424 4720 3519 4762 eos

250 4795 712 4863 συντετριμμένοι
768 4793 1009 4865 νοηθεῖεν
1060 4795 1126 4848 ἂν
1177 4795 1246 4847 τὰ
1274 4795 1374 4864 τῆς
1417 4795 1842 4867 εἰδωλολατρείαε

1940 4797 2137 4868 erigit:
2172 4816 2191 4850 ι
2231 4796 2500 4852 Sedebilis
2527 4798 2580 4852 in
2613 4797 2912 4852 munitione
2944 4797 3110 4852 vincti
3143 4798 3518 4866 congregatio-

248 4883 566 4955 ἀθύρματα,
619 4885 716 4939 καὶ
748 4888 782 4957 ἡ
808 4887 936 4957 περὶ
989 4885 1154 4941 αὐτοῦ
1214 4882 1501 4958 πλᾶνησις.
1535 4883 1670 4941 Εἶτα
1699 4887 1834 4959 πρὸς

250 4977 450 5040 αὐτοὺς
507 4978 818 5048 διαλέγεται
860 4981 984 5043 τοὺς
1047 4979 1321 5049 δεσμίους,
1371 4981 1466 5034 καὶ
1489 4981 1568 5043 είς
1615 4980 1838 5044 ἐλπίδας

249 5069 451 5132 αὐτοὺς
486 5069 703 5138 ἀγαθὰς
750 5070 1083 5141 παραθήγει,
1141 5071 1341 5140 λέγων·
1391 5072 1753 5141 ιΚαθήσεσθε
1779 5074 1838 5126 ἐν

251 5160 569 5232 ὀχυρώματι
598 5161 808 5232 δέσμιοι
849 5163 948 5234 τῆς
983 5165 1326 5236 συναγωγῆς.
1382 5184 1401 5218 t
1435 5165 1544 5218 Kal.
1572 5165 1837 5236 ὀχύρωμα

252 5251 382 5321 μὲν,
417 5253 670 5321 καθάπερ
698 5247 934 5323 ἐγῷμαι,
964 5255 1062 5326 τὴν
1098 5255 1425 5326 Ἐκκλησίαν
1471 5255 1736 5309 ἀποκαλεῖ
1760 5256 1836 5320 ὡς

247 5347 667 5418 τετειχισμένην
694 5349 750 5400 ἐν
806 5347 1050 5419 Χριστῷ,
1103 5349 1194 5402 καὶ
1231 5350 1540 5418 ἀκλονήτως
1580 5350 1828 5422 ἔχουσαν.

248 5435 502 5507 Κάθησιν
535 5438 593 5492 δέ
642 5457 778 5510 φησι
822 5440 884 5492 τὸ
918 5435 1027 5493 οἷον
1088 5439 1368 5511 ἱδρυμένον
1402 5441 1459 5492 ἐν
1499 5440 1697 5494 πίστει.
1731 5441 1833 5492 Γέη

245 5543 498 5598 γραπται
525 5528 632 5600 γὰρ
662 5531 792 5601 περὶ
820 5530 975 5584 Θεοῦ·
1013 5550 1031 5582 ι
1059 5531 1180 5584 ’Ότι
1205 5533 1267 5585 σὺ
1307 5530 1612 5602 καθήμενος
1637 5534 1716 5595 εἰς
1742 5533 1832 5586 τὸν

320 5732 335 5760 ³
366 5728 598 5797 Philipp.
635 5747 695 5796 lt,
738 5733 798 5785 7.

278 5815 477 5866 χχι-ιιι,
511 5805 590 5855 tU.

881 5735 898 5762 ²
956 5729 1116 5784 llebr.
1157 5746 1251 5795 xu,
1313 5731 1366 5788 9..

1484 5733 1501 5762 ³
1531 5733 1699 5788 Exod.
1741 5749 1886 5799 .\'\'lV,
1949 5736 2000 5791 8.

1941 4889 2045 4943 nis.
2082 4906 2100 4939 ›
2136 4887 2578 4954 Munitionem,ut
2612 4886 2740 4941 mihi
2766 4887 2976 4940 videtur
3005 4886 3300 4942 Ecclesiam
3333 4885 3517 4956 appel-

1937 4979 2031 5046 lat,
2056 4988 2114 5033 ut
2143 4978 2402 5044 munitam
2431 4978 2482 5032 in
2517 4976 2754 5044 Christo,
2793 4986 2848 5032 et
2877 4979 3275 5032 inconcussam.
3305 4975 3519 5032 Sessio-

1936 5087 2059 5127 nem
2090 5072 2219 5126 dicit
2247 5072 2299 5126 in
2331 5071 2434 5127 title
2488 5072 2777 5142 quamdam
2820 5071 3192 5126 stabilitatem.
3246 5068 3516 5140 Scriptum

1935 5172 2018 5230 est
2046 5164 2187 5219 enim
2214 5164 2278 5218 de
2309 5163 2418 5218 Deo
2448 5182 2460 5218 :
2487 5181 2505 5216 ι
2545 5163 2810 5230 Quoniam
2831 5170 2884 5216 tu
2912 5161 3104 5218 sedens
3137 5163 3190 5217 in
3217 5163 3409 5218 saecula
3435 5164 3510 5230 ⁸,»

1942 5256 2045 5311 hoc
2076 5267 2159 5311 est
2187 5256 2434 5312 stabilem
2462 5264 2517 5310 et
2563 5256 2939 5310 inconcussam
2999 5262 3251 5308 naturam
3292 5256 3515 5312 habens.

1943 5348 2108 5404 Eritis
2144 5349 2304 5420 igitur
2341 5348 2540 5414 securi,
2574 5347 2764 5415 inquit,
2789 5345 3100 5400 firmitatem
3139 5347 3262 5402 fidei
3314 5347 3518 5404 haben-

1945 5449 2098 5506 tes,o
2121 5439 2282 5493 vincti
2313 5437 2745 5508 congregationis
2779 5450 2932 5504 mem,
2965 5451 3083 5506 qua:
3108 5447 3192 5494 est
3216 5439 3269 5493 in
3305 5440 3517 5496 Christo

1935 5531 2350 5602 iustiﬁcatorum
2381 5539 2573 5585 sancta
2605 5525 2910 5583 multitudo.
2946 5529 3062 5586 Non
3089 5540 3268 5588 autem
3319 5532 3519 5588 caritu-

2123 5733 2192 5786 ⁵1
2251 5733 2395 5790 I‘ctr.
2451 5752 2489 5801 ι,
2538 5734 2622 5791 l8.
2737 5734 2987 5790 'Jercm.
3026 5747 3081 5789 ιι.
3123 5735 3205 5789 15.
3324 5727 3513 5786 'Psal.
