3936 6318
460 321 557 380 itii

1447 338 1506 395 8.
1545 342 1821 399 CYRLLLI
1860 344 2332 405 ALEXANDRINI
2370 349 2680 409 ABCIUEP.

3618 353 3723 409 ιεα

462 453 577 538 tam
606 443 852 499 mercede
892 458 1076 502 eorum
1120 448 1171 503 in
1213 452 1463 510 omnibus
1504 459 1665 515 rebus
1690 431 1874 519 arduis
1935 479 2028 533 pa-

2135 465 2327 533 αίῶνα,
2352 485 2369 519 ι
2393 468 2671 523 τουτέστιν
2725 467 3018 539 ἱδρυμένην
3051 466 3189 538 ἔχων
3212 467 3303 521 καὶ
3324 468 3723 524 ἀπατᾶσειστον

459 523 704 586 tietitiam
740 531 813 589 'et
844 537 1192 594 stabilitatem
1225 541 1278 596 in
1321 544 1610 605 dilectione
1652 550 1776 619 Dei,
1830 523 2034 625 sigiiili-

458 633 566 687 eat,
604 639 724 679 eum
759 625 1034 699 adiungit:
1071 648 1092 684 ι
1114 630 1181 686 Ει
1207 647 1303 702 pro
1334 653 1438 692 una
1467 642 1552 695 die
1589 647 2036 712 peregrinationis

456 722 561 768 tua:
586 715 825 804 duplicia
852 720 1071 777 reddam
1125 724 1241 780 tibi.
1279 746 1297 779 ι
1333 728 1483 795 Quod
1527 734 1705 791 dicere
1754 738 1889 804 vult,
1930 740 2035 794 tale

454 812 554 856 est.
582 803 856 876 Peregrini
889 814 1054 879 enim,
1096 824 1151 870 et
1176 817 1399 872 advenae
1428 832 1555 877 sunt
1588 839 1781 883 omnes
1812 829 1985 882 sancti
2016 870 2030 893 ,

456 905 508 948 et
537 894 717 951 brevis
748 912 832 955 est
858 903 1012 961 valde
1040 907 1301 977 cujusque
1330 911 1568 969 hominis
1612 916 1719 970 vita
1756 917 1807 971 in
1842 933 2035 988 corpu.

458 1002 537 1054 re,
586 1000 642 1044 ut
684 991 888 1050 idcirco
946 1011 1067 1052 eam
1128 1013 1349 1070 propter
1384 1021 1665 1061 summam
1716 1009 2032 1066 brevitatem

455 1094 575 1133 cum
607 1096 713 1135 uno
742 1084 829 1139 die
865 1099 1181 1156 comparare
1226 1090 1460 1148 fortasse
1492 1096 1688 1164 possis.
1728 1096 1914 1167 itaque
1934 1114 2039 1168 pro

454 1187 562 1226 uno
599 1174 688 1229 die
714 1179 1166 1247 peregrinationis
1223 1193 1346 1249 tuae,
1402 1186 1595 1256 inquit,
1630 1190 1731 1245 hoc
1786 1198 1870 1246 est
1936 1207 2036 1261 pro

454 1265 624 1328 brevi,
658 1278 711 1321 et
755 1270 965 1325 modico
998 1280 1235 1342 tempore
1265 1276 1423 1345 hujus
1468 1280 1606 1343 vita},
1635 1296 1796 1350 quam
1822 1285 1874 1337 in
1905 1300 2034 1339 cor-

454 1371 583 1425 pore
624 1358 796 1427 degis,
837 1361 1143 1430 dupliciter,
1175 1374 1230 1420 et
1259 1367 1463 1423 allatim
1535 1380 1586 1425 te
1650 1376 2027 1431 remunerabo.

450 1450 539 1502 Ait
573 1460 623 1505 et
661 1451 855 1507 alicubi
885 1453 1154 1513 Christus:
1182 1476 1200 1509 ι
1237 1458 1540 1515 Mensuram
1574 1463 1767 1519 bonam
1796 1475 1849 1521 et
1898 1483 2031 1523 cor.-

453 1542 667 1605 t'ertam,
699 1552 752 1597 et
781 1547 1099 1616 coagitatam
1136 1559 1188 1603 et
1218 1552 1691 1621 superemueutem
1728 1558 1934 1613 dabunt
1975 1561 2028 1614 in

450 1632 627 1685 sinum
664 1645 898 1689 vestrum
937 1639 1013 1692 ⁷.»
1054 1640 1203 1695 llaud
1261 1644 1404 1697 enim
1441 1645 1664 1713 mqualia
1721 1649 2028 1707 actionibus

452 1724 653 1777 uostris
691 1727 907 1794 prmmia
947 1742 1319 1799 exspectamus
1351 1750 1364 1786 :
1395 1736 1487 1790 sed
1527 1751 1649 1791 cuiu
1710 1753 2019 1810 maguoau-

2138 558 2317 625 φύσιν.
2356 559 2585 613 Ἐσεσθε
2609 559 2672 632 δὴ
2699 557 2790 613 οὖν
2813 562 2870 613 ὲν
2907 559 3199 630 ἀσφαλείᾳ,
3232 560 3385 629 φησι,
3407 562 3468 613 τὺ
3493 560 3722 631 βεϐηκὸς
3774 556 3781 559 ’

2135 647 2349 719 ἔχοντες
2381 652 2460 713 είς
2492 650 2694 716 πίστιν,
2738 645 2789 703 ὦ
2811 651 3026 721 δέσμιοι
3067 650 3167 719 τῆς
3192 650 3334 721 ἐμῆς
3370 652 3695 721 συναγωγῆς

2134 736 2241 792 εἷεν
2268 741 2312 793 δ’
2335 739 2400 793 ἂν
2424 736 2572 795 οὗτοι
2592 741 2701 795 τῶν
2738 744 2795 795 ὲν
2828 741 3047 812 Χριστῷ
3071 741 3509 811 δεδικαιωμένων
3535 744 3568 812 ἡ
3592 744 3720 811 ἁγία

2136 826 2363 898 πληθύς.
2407 829 2532 881 Ὀτι
2581 829 2638 881 δὲ
2689 830 2789 882 οὐκ
2819 829 3049 900 ἄμισθον
3089 829 3272 898 έχουσι
3296 830 3396 901 τὴν
3435 832 3519 899 ἐφ’
3549 831 3720 883 ἅπασι

2134 922 2244 983 τοῖς
2274 921 2515 991 ἀρίστοις
2547 922 2852 993 ὑπομονὴν,
2902 921 2995 975 καὶ
3046 921 3151 993 μὴν
3210 922 3271 974 τὸ
3330 924 3720 993 ὲρηρεισμένον

2133 1014 2212 1075 εἰς
2258 1013 2537 1083 ἀγάπησιν
2560 1014 2659 1085 τὴν
2713 1016 2806 1067 ἐπὶ
2857 1013 2998 1085 Θεῷ,
3045 1014 3469 1085 κατασημαίνει,
3521 1015 3714 1083 λέγων·

2139 1122 2156 1154 ι
2191 1102 2303 1156 Καὶ
2332 1104 2454 1156 ἀντὶ
2492 1106 2621 1175 μιᾶς
2650 1106 2863 1175 ἡμέρας
2894 1106 3189 1175 παροικίας
3235 1123 3350 1171 σου,
3394 1107 3559 1160 διπλᾶ
3593 1108 3717 1160 άντ-

2134 1195 2406 1248 αποδώσω
2435 1213 2536 1249 σοι.
2573 1215 2590 1246 ι
2622 1196 2731 1250 Καί
2760 1214 2813 1248 τι
2842 1195 3083 1250 τοιοῦτον
3122 1200 3270 1252 ἐστὶν
3292 1200 3318 1251 ὃ
3352 1199 3602 1269 βούλεται
3635 1200 3719 1252 λέ-

2131 1303 2269 1353 γειν.
2306 1287 2567 1357 Πάροικοι
2620 1288 2719 1359 μὲν
2768 1289 2877 1360 γὰρ
2898 1290 2989 1343 ἐπὶ
3036 1295 3161 1362 γῆς,
3210 1293 3305 1345 καὶ
3346 1294 3716 1365 παρεπίδημοι

2132 1378 2334 1441 πάντες
2371 1378 2508 1432 είσὶν
2537 1381 2587 1432 oi
2635 1381 2801 1448 ἀγιοι,
2840 1380 3048 1452 βραχὺς
3088 1383 3145 1437 δὲ
3191 1384 3311 1437 λίαν
3342 1387 3370 1438 6
3414 1387 3473 1437 ὲν
3503 1385 3714 1456 σώματι

2133 1472 2246 1542 βίος
2280 1472 2567 1543 ἀνθρώπου
2607 1473 2828 1539 παντὸς,
2860 1474 2961 1528 κᾶν
2992 1474 3045 1527 εί
3067 1492 3153 1538 τις
3183 1475 3345 1529 αὐτὸν
3374 1476 3554 1546 ὀλίγον
3589 1478 3716 1531 ὄντα

2132 1565 2431 1630 παντελῶς,
2470 1565 2545 1628 ώς
2594 1566 2733 1636 τάχα
2766 1584 2867 1619 που
2919 1567 3010 1620 καὶ
3046 1568 3226 1639 ἡμέρα
3285 1570 3717 1640 παρεικάζεσθαι

2134 1659 2250 1727 μιᾷ.
2279 1656 2487 1711 Οὐκοῦν
2522 1659 2643 1712 ἀντὶ
2700 1661 2830 1728 μιᾶς
2862 1660 3074 1730 ἡμέρας
3102 1662 3201 1731 τῆς
3255 1663 3550 1732 παροικίας
3586 1679 3677 1716 σου
3698 1703 3713 1726 ,

2132 1749 2285 1819 φησὶ,
2324 1750 2600 1803 τουτέστιν
2661 1751 2782 1803 ἀντὶ
2810 1750 3040 1821 βραχέος
3074 1769 3133 1804 τε
3164 1753 3257 1806 καὶ
3287 1754 3714 1824 συνεσταλμένου

448 1815 640 1881 ctario,
667 1833 788 1873 cum
831 1820 988 1875 dator
1015 1824 1084 1877 sit
1115 1825 1420 1880 muniﬁcus.

2135 1815 2327 1909 κρόνου
2347 1840 2446 1911 τῆς
2475 1842 2530 1893 ὲν
2564 1839 2775 1909 σώματι
3001 1840 3193 1905 διπλᾶς
3220 1859 3279 1895 τε
3319 1845 3412 1896 καὶ
3440 1846 3496 1896 ὲν
3528 1815 3718 1896 πλεον-

450 1912 608 1983 ασμῷ
673 1916 771 1979 τὰς
824 1919 1057 1988 ἀμοιϐὰς
1105 1922 1387 1978 ἀποδώσω.
1465 1926 1607 1998 Ἔφη
1670 1928 1728 1981 δέ
1768 1946 1869 1983 που
1906 1931 2001 1983 καὶ
2038 1933 2066 1984 6
2103 1936 2360 2005 Χριστὸς,
2429 1937 2511 1989 ὅτι
2552 1958 2569 1988 ι
2597 1936 2810 2008 Μέτρον
2861 1937 3046 2002 καλὸν,
3079 1939 3463 2008 πεπιεσμένον,
3497 1940 3592 1992 καὶ
3634 1956 3717 1991 σε-

450 2008 799 2080 σαλευμένον,
844 2016 935 2068 καὶ
987 2017 1490 2089 ὑπερεκχυνόμενον
1529 2022 1792 2077 δώσουσιν
1828 2028 1907 2088 εἰς
1936 2027 2027 2082 τὸν
2064 2030 2265 2085 κόλπον
2336 2033 2510 2101 ὑμῶν.
2542 2052 2560 2084 ι
2596 2032 2669 2086 Οὐ
2711 2033 2817 2103 γάρ
2856 2049 2956 2085 που
3020 2033 3115 2095 τὰς
3156 2032 3510 2103 ίσοστάθμους
3548 2026 3623 2087 ὧν
3653 2033 3722 2087 ἂν

446 2104 748 2176 δράσαιμεν
777 2111 1164 2183 προσδοκῶμεν
1203 2115 1456 2184 ἀμοιϐάς,
1496 2118 1613 2171 ἀλλ’
1653 2121 1711 2172 ὲν
1735 2122 2024 2197 προσθήκῃ
2063 2126 2251 2198 πολλῇ,
2286 2128 2681 2198 πλουσιόδωρος
2710 2128 2818 2200 γάρ
2844 2131 2871 2182 ὁ
2892 2127 3086 2192 διδούς.

522 2200 685 2259 Vens.
726 2203 811 2258 15.
849 2204 1109 2269 Quoniam
1139 2208 1333 2262 tetendi
1369 2218 1417 2264 te
1450 2211 1600 2278 mihi,
1632 2212 1797 2280 Iuda,
1840 2225 1896 2268 ut
1942 2232 2033 2269 ar-

452 2310 591 2359 cum,
618 2296 826 2362 implevi
857 2297 1137 2366 Ephraim.

521 2386 682 2459 740
715 2387 827 2443 LX.
861 2390 1105 2457 Quonam
1166 2394 1325 2450 modo
1383 2399 1623 2453 vocanda
1676 2400 1766 2467 sit,
1824 2412 1878 2455 et
1936 2417 2032 2471 per

448 2480 604 2535 ﬁdem
645 2484 954 2554 ingressura
989 2487 1229 2557 gentium
1265 2490 1574 2559 multitudo,
1628 2495 1794 2548 miser
1838 2504 2029 2549 contra

447 2574 684 2642 futurus,
721 2576 814 2646 qui
860 2577 989 2632 olim
1042 2579 1432 2649 triumphabat,
1476 2584 1582 2638 hoc
1627 2596 1712 2639 est
1767 2587 2025 2653 Satanas,

447 2667 710 2737 spoliatus
745 2670 1093 2735 adoraturus,
1118 2688 1259 2742 quos
1296 2676 1648 2745 cupidissime
1674 2680 2023 2748 arquisierat,

449 2761 627 2815 adhuc
672 2761 932 2819 declarat.
994 2765 1303 2835 Alloquitur
1361 2778 1545 2823 autem
1598 2770 1756 2839 quasi
1805 2782 2025 2826 sanctos

448 2853 745 2921 apostolos,
776 2854 891 2908 sive
915 2857 1207 2925 magistros
1241 2873 1307 2913 ex
1334 2859 1521 2925 Israel,
1571 2863 1660 2931 qui
1698 2872 1752 2917 ct
1783 2865 2024 2932 gentium

460 2943 711 3011 regiones
750 2956 1157 3012 percursantes,
1189 2948 1256 3003 ad
1297 2949 1630 3019 agnitionem
1666 2953 1909 3007 veritatis
1943 2953 2027 3007 iat-

451 3036 680 3105 digeuas
714 3047 999 3103 vocarunt,
1026 3048 1081 3094 et
1120 3041 1219 3094 reti
1249 3056 1347 3097 suo
1378 3043 1784 3099 concluserunt.
1821 3045 1912 3099 Ait
1935 3060 2023 3100 er—

2205 2223 2358 2277 Διότι
2406 2222 2672 2277 ἐνέτεινά
2701 2238 2781 2276 σε
2827 2222 3081 2293 ἐμαυτῷ,
3134 2223 3349 2286 Ἰούδα,
3393 2224 3475 2289 ὠς
3514 2223 3716 2288 τόξον)

2132 2320 2375 2386 ἕπλησα
2406 2317 2512 2371 τὸν
2556 2320 2823 2387 Ἐφραΐμ.

2204 2404 2276 2457 Ξ’.
2320 2404 2475 2459 Τίνακ
2505 2405 2569 2476 δὴ
2617 2406 2815 2476 τρόπον
2855 2406 3186 2479 κληθήσεταί
3213 2424 3275 2460 τε
3316 2409 3407 2461 καὶ
3449 2408 3715 2462 είσελάσει

2131 2495 2220 2548 διὰ
2240 2496 2340 2565 τῆς
2368 2496 2605 2560 πίστεως
2644 2499 2675 2566 ἡ
2709 2497 2767 2563 ἐξ
2796 2497 2963 2552 ἐθνῶν
2996 2499 3190 2567 ἀγέλη,
3219 2500 3632 2571 ταλαιπωρήσει
3660 2501 3717 2553 δὲ

2135 2588 2227 2641 καὶ
2258 2590 2286 2641 6
2315 2590 2482 2642 πάλαι
2524 2590 2766 2659 τρυφῶν,
2814 2590 3091 2644 τουτέστιν
3145 2594 3173 2645 ὁ
3210 2594 3474 2657 Σατανᾶς,
3510 2593 3620 2647 τῶν
3655 2594 3718 2645 ὲκ

2136 2678 2447 2746 πλεονεξίας
2495 2681 2644 2751 αὐτῷ
2708 2682 3125 2753 πεπορισμένων
3192 2684 3584 2755 προσκυνητῶν
3634 2684 3719 2747 ἐξ·

2133 2771 2462 2842 ωθούμενος,
2502 2772 2779 2844 διατρανοῖ
2822 2774 2981 2827 πάλιν
3003 2776 3059 2827 έν
3093 2774 3319 2839 τοῦτοις.
3369 2775 3608 2829 Ποιεῖταί
3652 2792 3719 2843 γε

2135 2862 2242 2931 μὴν
2290 2862 2382 2915 τὸν
2430 2862 2603 2930 λόγον,
2635 2865 2712 2926 ώς
2760 2862 2895 2934 πρὸς
2942 2864 3070 2926 τοὺς
3122 2864 3308 2931 ἁγίους
3359 2865 3714 2928 ἀποστόλους.

2132 2953 2249 3023 ἢτοι
2281 2955 2407 3018 τοὺς
2447 2952 2506 3019 ἐξ
2547 2955 2760 3026 Ἰσραὴλ
2786 2956 3159 3020 διδασκάλους,
3203 2958 3254 3009 οἴ
3303 2958 3395 3009 καὶ
3458 2958 3558 3027 τὴν
3606 2956 3720 3010 τῶν

2131 3044 2299 3097 ὲθνῶν
2338 3047 2746 3117 ὲκπεριθέοντες
2774 3047 2978 3120 χώραν,
3017 3050 3095 3109 είς
3125 3047 3422 3114 ἐπίγνωσιν
3453 3049 3721 3119 ἀληθείας

450 3143 554 3195 go:
597 3147 614 3181 ι
652 3127 696 3184 Ο
748 3127 908 3195 Juda,
963 3130 1166 3187 intendi
1217 3142 1267 3188 te
1315 3134 1445 3189 mihi
1489 3151 1695 3202 arcum,
1750 3157 1767 3189 ι
1809 3139 1909 3193 hoc
1949 3148 2028 3192 est

2135 3137 2360 3190 ἐκάλουν
2392 3155 2450 3191 τε
2495 3138 2586 3191 καὶ
2628 3141 3063 3209 σεσαγηνεύκασι
3106 3140 3230 3203 τοὺς
3269 3142 3328 3194 ἐν
3370 3139 3528 3211 αὐτῇ.
3585 3161 3605 3192 ‹
3651 3137 3723 3195 Ὦ

450 3238 546 3289 per
605 3228 659 3276 te
713 3221 907 3291 jaculis
966 3231 1178 3295 tangam
1236 3226 1622 3282 adversarios:
1681 3238 1735 3283 et
1785 3247 1801 3280 ι
1864 3229 1960 3294 Το,
1995 3244 2029 3283 o

453 3314 727 3381 Ephraitu,
755 3315 995 3386 implevi.
1034 3339 1054 3369 ι
1091 3317 1243 3384 Quod
1276 3320 1405 3388 quid
1434 3320 1527 3386 sit,
1568 3322 1741 3375 dicam
1789 3338 2023 3392 quoque.

451 3407 583 3460 Cum
647 3409 793 3463 enim
850 3411 1119 3477 sagittarii
1180 3410 1440 3468 ferratum
1482 3429 1666 3469 arcum
1714 3424 2025 3480 curvantes,

453 3514 677 3553 nervum
732 3499 796 3553 ad
844 3511 1034 3570 pectus
1091 3502 1340 3567 addunt,
1396 3513 1522 3558 tunc
1564 3518 1749 3559 arcum
1806 3504 2028 3573 implere

453 3590 730 3656 dicuntur,
763 3601 812 3645 et
845 3595 1098 3662 sagittam
1141 3595 1432 3661 volantem,
1471 3596 1586 3652 sive
1616 3595 2025 3666 telumjaciunt.

455 3680 547 3735 Est
576 3680 740 3752 igitur
765 3681 907 3736 idem
944 3682 1160 3738 diverse
1200 3684 1425 3739 dictum.
1460 3685 1661 3740 Arcum
1700 3693 1751 3739 te
1779 3683 1904 3750 feci,
1946 3684 2029 3737 in-

456 3776 592 3843 quit,
608 3791 641 3830 o
663 3774 798 3830 Juda
826 3793 840 3842 ;
866 3775 1080 3845 implevi
1106 3777 1268 3832 etiam
1292 3786 1364 3844 te,
1387 3778 1664 3848 Ephraim.
1685 3776 1713 3831 εἰ
1721 3778 1851 3833 udas
1867 3792 2028 3846 porro

452 3876 508 3921 et
540 3867 795 3937 Ephraim
828 3869 1145 3924 universum
1182 3884 1357 3940 genus
1388 3870 1749 3927 lsraeliticum
1792 3868 2031 3939 complc-

452 3968 692 4012 ctuntur.
726 3957 912 4028 Itaque
946 3968 1073 4015 ante
1099 3961 1236 4016 alios
1253 3977 1319 4016 ex
1343 3959 1541 4017 ludatis
1565 3962 1853 4018 credentes
1881 3959 2026 4013 velut

450 4067 636 4107 arcum
668 4051 816 4117 fecit,
872 4067 937 4107 eo
971 4054 1133 4109 animi
1174 4060 1481 4123 provectos,
1531 4064 1591 4109 ut
1628 4062 1816 4123 gentes
1875 4051 2028 4107 insti-

450 4149 686 4205 tuerent,
728 4148 780 4193 et
814 4155 846 4195 a
872 4142 1112 4197 seductis
1138 4142 1444 4197 daemonum
1489 4156 1681 4213 greges
1727 4143 2025 4209 abigerent,

451 4234 791 4304 lerirentque
843 4233 1125 4299 Satanam,
1155 4244 1210 4289 et
1238 4235 1492 4289 universe
1548 4233 1748 4287 divinis
1793 4232 2027 4286 decretis

452 4326 825 4391 adversantes,
865 4336 921 4381 et
961 4327 1223 4383 doctrina:
1261 4340 1433 4381 sacra:
1484 4325 1609 4379 inde
1658 4322 2027 4393 proﬁciscenti

454 4427 840 4487 repugnantes.
876 4419 968 4474 Sic
1010 4418 1207 4473 alicubi
1247 4426 1303 4473 et
1334 4417 1551 4472 divinus
1586 4414 1753 4468 David
1797 4413 1862 4466 ad
1909 4414 2031 4468 uni-

450 4524 729 4565 versorum
759 4510 927 4565 Deum
962 4522 1017 4565 et
1048 4510 1389 4565 Salvatorem
1417 4526 1429 4561 :
1471 4526 1489 4559 ι
1536 4506 1756 4573 Sagitta:
1805 4514 1909 4559 tua:
1940 4520 2029 4559 sa-

451 4605 578 4660 lutis
631 4616 821 4671 acutae,
874 4620 908 4660 ο
948 4614 1159 4673 potens,
1212 4604 1392 4671 populi
1455 4601 1555 4655 sub
1604 4608 1657 4653 te
1711 4598 1928 4665 cadent,
1978 4599 2029 4653 in

452 4700 616 4753 corde
658 4699 999 4753 inimicorum
1032 4696 1176 4766 regis
1207 4695 1249 4749 ⁸.
1294 4713 1311 4744 ι
1350 4693 1572 4747 Feriunt
1608 4694 1751 4746 enim
1779 4691 2029 4748 inimicos

449 4790 544 4846 Dei
564 4801 611 4846 et
642 4790 819 4845 Patris
843 4791 894 4844 in
917 4805 1033 4851 cor,
1056 4798 1110 4841 et
1133 4800 1288 4841 renes
1313 4787 1458 4838 intus
1485 4784 1694 4853 sagittae
1724 4785 1960 4854 potentis
1984 4785 2024 4849 ⁸,

453 4889 559 4944 hoc
598 4894 683 4939 est
721 4882 946 4939 Christi.
976 4881 1213 4935 Rursum
1244 4876 1457 4947 sagitta:
1490 4876 1610 4947 ejus
1644 4885 1771 4932 sunt
1797 4877 1888 4945 qui
1926 4876 2024 4931 do-

450 4987 576 5030 cent
605 4980 875 5037 errantes,
932 4981 986 5027 et
1013 4982 1205 5043 natura
1242 4981 1295 5024 et
1323 4984 1450 5025 vere
1491 4968 1659 5024 Deum
1696 4969 2021 5025 nescientes.

448 5067 673 5124 Fcriunt
703 5076 904 5129 autem,
942 5079 1048 5119 non
1078 5064 1144 5116 ad
1180 5073 1431 5126 mortem,
1467 5064 1562 5118 sed
1603 5062 1669 5117 ad
1705 5061 2024 5118 charitatem

451 5160 505 5212 in
537 5157 757 5212 Christo
815 5168 909 5207 eos
943 5152 1229 5219 deducent,
1283 5160 1443 5207 utet
1492 5154 1593 5209 sub
1650 5154 1767 5223 ipso
1806 5152 2024 5208 feriant.

452 5251 640 5318 Qualis
679 5258 761 5303 est
790 5260 908 5314 quae
952 5246 1005 5299 in
1038 5245 1273 5300 Canticis
1309 5247 1645 5301 canticorum
1696 5260 1890 5314 Sponsa
1934 5245 2031 5300 de-

451 5342 735 5403 scribitur,
777 5338 967 5391 diccns
1013 5350 1307 5406 expresse:
1340 5358 1358 5390 ι
1403 5340 1694 5394 Vulnerata
1745 5337 2032 5394 cbaritatis

450 5446 550 5498 ego
586 5443 703 5482 sum
742 5429 807 5479 ⁸ο.
849 5446 866 5478 ι
901 5426 1151 5484 Evasisse
1196 5440 1372 5484 autem
1418 5430 1747 5487 fortissimos
1786 5446 1850 5485 ac
1895 5430 2033 5484 vali-

452 5521 707 5575 dissimus
738 5519 949 5576 divinos
978 5521 1295 5591 discipulos,
1332 5524 1657 5579 tcstiIiCatur
1701 5526 1768 5577 de
1803 5523 1938 5593 ipsis
1976 5523 2028 5575 in

456 5614 651 5684 spiritu
706 5612 929 5683 loquens
978 5617 1189 5687 sapiens
1240 5617 1738 5689 l’salmographus:
1795 5635 1813 5669 ι
1874 5614 2028 5670 Sicut

543 5789 560 5820 ⁷
585 5784 716 5845 Lur.
751 5803 818 5857 vr,
847 5787 936 5842 58.
1012 5788 1189 5845 ‘Psal.
1228 5807 1372 5856 xm,
1413 5789 1463 5845 6.
1561 5792 1577 5813 ‘
1604 5788 1741 5842 Psal.
1775 5786 1990 5853 cuni.

2145 3229 2333 3293 Ἰούδα,
2374 3230 2551 3283 τοίνυν
2596 3233 2779 3298 φησιν,
2816 3232 3057 3285 ὲνέτεινά
3109 3250 3168 3284 σε
3218 3232 3439 3303 ἐμαυτῷ
3470 3232 3652 3299 τόξον,
3696 3252 3717 3285 ι

2130 3322 2371 3374 τουτέστι
2406 3321 2494 3374 διὰ
2528 3322 2619 3375 σοῦ
2654 3323 2891 3388 τοξεύσω
2917 3325 3043 3387 τοὺς
3076 3324 3427 3388 ὑπεναντίους
3450 3340 3461 3351 ·
3487 3325 3585 3377 καὶ
3614 3344 3633 3375 ι
3661 3326 3721 3378 σὲ

2130 3413 2204 3478 δὲ,
2247 3407 2292 3466 ὦ
2335 3413 2591 3484 Ἐφραῒμ,
2629 3414 2861 3484 ἕπλησα.
2908 3434 2925 3465 ι
2972 3417 3081 3468 Καὶ
3120 3416 3172 3468 τί
3221 3415 3284 3485 δὴ
3335 3413 3493 3467 τοῦτό
3542 3416 3716 3477 ἐστιν,

2130 3503 2239 3575 ἐρῶ
2285 3504 2464 3558 πάλιν.
2520 3506 2648 3558 Ὅτε
2697 3506 2805 3575 γὰρ
2855 3508 2954 3575 τῆς
2992 3506 3204 3571 τοξείας
3247 3506 3295 3557 οἱ
3353 3506 3720 3575 ἐπιστήμονες

2128 3594 2327 3667 νευρὰν
2364 3597 2461 3666 μὲν
2498 3596 2673 3667 μαζῷ,
2698 3597 2792 3650 τοῦ
2822 3597 2879 3649 δὲ
2921 3596 3073 3660 τόξου
3106 3596 3196 3649 τὸν
3240 3597 3457 3667 σίδηρον
3488 3596 3720 3662 ἄγουσιν

2130 3686 2317 3754 ἐγγὺς,
2352 3686 2471 3739 τότε
2508 3688 2714 3757 πλῆσαι
2750 3688 2810 3740 τὸ
2835 3688 2985 3753 τόξον
3030 3689 3299 3757 λέγονται,
3335 3689 3591 3759 βάλλουσι
3623 3688 3720 3742 καὶ

2128 3777 2480 3849 διιπτάμενον
2538 3780 2628 3833 τὸν
2685 3780 2780 3845 ίὸν,
2842 3782 2961 3850 ἦτοι
3008 3780 3070 3833 τὸ
3105 3780 3277 3849 βέλος.
3334 3781 3486 3833 Ἔστι
3531 3780 3719 3834 τοίνυν

2129 3866 2261 3920 αὐτὸ
2317 3868 2587 3939 διαφόρως
2643 3870 2977 3941 πεφαμένον.
3017 3869 3181 3934 Τόξον
3253 3888 3311 3923 σε
3379 3871 3715 3941 πεποίημαι,

2131 3958 2317 4026 φησιν,
2348 3953 2393 4011 ὦ
2422 3959 2611 4025 Ἰούδα,
2643 3959 2854 4031 ἕπλησα
2883 3960 2937 4013 δὲ
2972 3961 3066 4014 καί
3103 3978 3183 4029 σε,
3208 3958 3253 4015 ῶ
3294 3962 3550 4034 Ἐφραῖμ.
3593 3961 3722 4014 Ἰού-

2129 4048 2223 4111 δας
2273 4050 2330 4101 δὲ
2365 4052 2458 4103 καὶ
2494 4052 2734 4121 Ἐφραίμ
2768 4053 2912 4107 ἅπαν
2957 4054 3073 4105 ἐστὶ
3111 4054 3173 4107 τὸ
3200 4055 3355 4123 γένος
3387 4053 3448 4107 τὸ
3494 4054 3557 4118 ἐξ
3621 4055 3721 4107 Ἰσ-

2133 4139 2292 4209 ραήλ.
2339 4141 2548 4194 Οὐκοῦν
2598 4143 2753 4207 τόξον
2809 4143 2999 4215 ὥσπερ
3049 4162 3103 4198 τι
3142 4146 3435 4216 πεποίηται
3481 4146 3616 4209 τοὺς
3662 4145 3723 4210 ὲξ

2145 4229 2412 4282 Ἰουδαίων
2437 4234 2871 4298 πεπιστευκότας
2893 4237 2996 4305 πρὸ
3018 4237 3125 4291 τῶν
3145 4236 3337 4302 ἄλλων,
3363 4238 3448 4290 κα“
3485 4238 3720 4309 γνώμης

2132 4320 2211 4381 είς
2236 4319 2393 4371 τοῦτο
2426 4321 2877 4392 προεληλυθότας,
2910 4325 2985 4387 ώς
3014 4325 3141 4394 ἔθνη
3191 4325 3585 4393 παιδαγωγεῖν,
3624 4324 3723 4377 καὶ

2132 4409 2240 4461 τῶν
2269 4409 2638 4480 πλανωμένων
2670 4412 2960 4465 ἀποσοϐεῖν
3000 4413 3097 4476 τὰς
3137 4414 3243 4467 τῶν
3287 4413 3562 4483 δαιμόνων
3588 4414 3721 4481 ἀγέ-

2133 4500 2251 4564 λας,
2276 4502 2601 4554 καταπαίειν
2625 4520 2681 4554 τε
2704 4503 2793 4556 τὸν
2817 4505 3078 4571 Σατανᾶν,
3110 4508 3203 4558 καὶ
3230 4504 3571 4571 ἁπαξαπλῶς
3591 4506 3722 4567 τοὺς

2131 4596 2242 4655 τοῖς
2278 4592 2440 4656 θείοις
2469 4593 2732 4663 δόγμασιν
2766 4595 3177 4663 ἀντεξάγοντας,
3210 4597 3306 4649 καὶ
3338 4596 3463 4657 τοὺς
3491 4598 3621 4657 ταῖς
3649 4594 3747 4647 διν

2082 4700 2085 4707 ’
2132 4688 2311 4743 αὐτῶν
2362 4688 2705 4758 μαχομένους
2750 4690 3178 4757 μυσταγωγίαις.
3233 4688 3390 4742 Οὕτω
3434 4689 3536 4741 πού
3583 4706 3719 4758 φησι

2130 4780 2223 4834 καὶ
2268 4782 2296 4832 6
2338 4778 2621 4842 θεσπέσιος
2666 4780 2830 4832 Δαϐὶό
2860 4781 2996 4851 πρὸς
3034 4782 3125 4833 τὸν
3163 4779 3271 4833 τῶν
3303 4780 3439 4833 ὅλων
3483 4780 3722 4851 Σωτῆρα

2131 4874 2225 4925 καὶ
2267 4873 2425 4926 Θεόνο
2470 4890 2488 4924 t
2536 4873 2617 4925 Τὰ
2653 4873 2777 4943 βέλη
2822 4891 2913 4925 σου
2945 4874 3278 4945 ἠκονημένα,
3328 4872 3521 4926 δυνατέ
3546 4889 3563 4905 ο
3598 4874 3722 4926 λαοὶ

2136 4962 2394 5018 ὑποκάτω
2438 4979 2531 5016 σου
2560 4962 2885 5016 πεσοῦνται·
2918 4965 2975 5018 ὲν
3001 4964 3197 5035 καρδία
3225 4963 3332 5016 τῶν
3362 4963 3578 5033 ἐχθρῶν
3621 4962 3718 5016 τοῦ

2136 5056 2418 5127 βασιλέως.
2460 5075 2476 5107 ι
2531 5057 2828 5126 Πλήττουσι
2867 5056 2965 5124 μὲν
3016 5058 3125 5128 γὰρ
3172 5059 3298 5120 τοὺς
3343 5057 3573 5128 ἐχθροὺς
3624 5056 3719 5109 τοῦ

2133 5149 2271 5203 Θεοῦ
2310 5149 2402 5202 καὶ
2432 5149 2644 5218 Πατρδς
2686 5150 2764 5211 είς
2807 5149 3035 5220 καρδίαν
3076 5149 3201 5211 ἔσω,
3237 5150 3330 5201 καὶ
3379 5148 3615 5217 νεφροὺς
3651 5147 3721 5200 τὲ

2130 5240 2224 5295 τοῦ
2266 5241 2490 5296 δυνατοῦ
2524 5240 2673 5310 βέλη,
2704 5240 2949 5292 τουτέστι
2998 5239 3253 5310 Χριστοῦ.
3290 5238 3426 5308 Βέλη
3454 5238 3513 5291 δὲ
3545 5238 3716 5291 αὐτοῦ

2132 5336 2295 5389 πάλιν
2338 5335 2387 5387 οἱ
2435 5332 2799 5404 μυσταγωγοῖ,
2836 5333 2959 5394 τοὺς
3012 5332 3067 5384 δέ
3116 5349 3177 5399 γε
3233 5330 3713 5399 πεπλανημένους.

2132 5425 2225 5479 καὶ
2242 5426 2333 5478 τὸν
2349 5424 2508 5494 φύσει
2538 5441 2595 5475 τε
2629 5424 2720 5477 καὶ
2745 5420 2958 5492 ἀληθῶς
2985 5422 3116 5474 Θεὸν
3138 5423 3237 5473 οὐκ
3271 5422 3499 5483 είδότας,
3537 5420 3718 5489 Πλήτ-

2130 5535 2312 5571 τουσιν
2342 5517 2439 5570 οὐκ
2470 5518 2547 5578 είς
2575 5516 2821 5577 θάνατον,
2840 5513 2953 5566 ἀλλ’
2978 5515 3055 5575 είς
3093 5513 3315 5581 ἀγάπην
3345 5511 3541 5573 αὐτοὺς
3580 5514 3721 5563 ἀπο-

2133 5609 2390 5681 φέροντες
2454 5607 2638 5676 τὴνὲν
2698 5605 2939 5677 Χριστῷ,
3003 5606 3086 5657 ἵνα
3153 5607 3241 5659 καὶ
3286 5603 3548 5657 ὑποκάτω
3623 5601 3713 5655 tti-

2102 5787 2142 5817 ’θ
2169 5786 2321 5840 Cant.
2367 5796 2415 5845 ν,
2454 5780 2500 5831 7.
