3936 6318
288 292 391 348 153

1103 293 1653 355 COMMENTARIUS
1688 295 1755 351 lN
1799 295 2204 354 ZACHARIAM
2242 291 2685 352 PROPHETAM.

3453 279 3553 344 l5l

287 426 470 466 πτοιεν
496 410 575 482 (ί)
593 411 787 468 αὐτοῦ.
823 413 1012 468 Ὀποία
1042 431 1126 479 τις
1152 417 1302 469 ἐστὶν
1326 418 1384 470 ὲν
1405 416 1482 488 τῷ
1505 419 1743 490 ’ᾼσματι
1769 420 1875 472 τῶν

1979 420 2189 490 sagitta:
2220 419 2272 473 in
2302 433 2464 472 manu
2501 414 2758 488 potentis,
2797 413 2869 468 ita
2913 411 3008 467 lilii
3041 423 3394 468 excussorum
3429 412 3490 462 ιι.
3530 429 3548 459 ι

286 505 546 598 αἱμάτων
584 506 911 598 γραφομένη
960 507 1166 598 νύμφη,
1227 508 1462 578 λέγουσα
1537 510 1748 579 σαφῶς,
1793 511 1876 564 ὅτι

287 614 306 647 ι
330 597 666 667 Τετρωμένη
693 598 912 667 ἀγάπης
929 597 1040 666 ἐγώ
1067 601 1200 668 εἰμι.
1219 600 1367 652 »Ὅτι
1391 601 1448 654 δὲ
1476 601 1763 669 γεγόνασιν
1784 600 1878 654 ἀλ-

1976 513 2246 568 Excussos
2277 513 2424 566 enim
2451 509 2713 566 oriundos
2745 512 2810 563 de
2840 505 3042 562 lsraele
3086 504 3351 568 nominat,
3385 511 3440 556 ut
3461 501 3553 570 qui

1975 604 2070 660 Dei
2099 605 2269 674 gratia
2304 615 2523 674 propter
2559 601 3010 658 debacchationes
3043 598 3096 651 in
3144 579 3420 650 Citrisiunt
3458 609 3556 648 ex-

283 683 613 753 κιμώτατοι,
645 684 741 762 καὶ
771 685 1042 750 εὐσθενεῖς
1097 690 1144 740 oi
1176 689 1452 742 θεσπέσιοι
1486 690 1744 760 μαθηταὶ,
1783 708 1878 742 πι-

1977 696 2231 751 ciderint.
2261 700 2500 762 Quorum
2542 694 2635 748 ﬁlii
2670 703 2848 746 tamen
2883 690 3094 759 sagitta:
3127 686 3370 749 fuerunt,
3399 696 3454 738 ut
3487 684 3556 740 de

287 771 562 826 στώσεται
611 761 786 841 λέγων
834 775 962 847 περὶ
996 777 1175 830 αὐτῶν
1215 780 1244 830 ὁ
1275 781 1436 848 σοφὸς
1481 780 1788 850 Ψαλμῳδὺς
1822 782 1879 834 ὲν

285 864 590 936 πνεύματιο
634 885 653 917 ι
706 867 850 918 Ὠσεὶ
894 867 1022 936 βέλη
1057 869 1114 921 ὲν
1149 871 1293 939 χειρὶ
1324 870 1574 936 δυνατοῦ,
1610 871 1782 934 οὕτως
1822 874 1871 924 οί

287 956 392 1008 υἱοὶ
435 956 548 1010 τῶν
603 957 1089 1026 ὲκτετιναγμένων.
1123 978 1140 1010 ι
1197 961 1712 1031 Ἐκτετιναγμένους
1771 963 1869 1032 μὲν

285 1047 395 1118 γὰρ
426 1050 557 1112 τοὺς
598 1048 657 1114 ἐξ
703 1051 918 1121 Ἰσραὴλ
961 1053 1244 1116 ἀποκαλεῖ,
1280 1053 1356 1116 ὡς
1387 1055 1485 1124 τῆς
1523 1055 1672 1118 θείας
1717 1055 1868 1126 χάρι-

1982 801 2142 840 manu
2176 787 2412 854 potentis
2443 787 2673 840 emissae.
2704 782 2795 836 Ait
2823 791 2878 835 et
2907 781 3162 835 Habacuc
3190 779 3342 848 quasi
3369 777 3435 830 ad
3469 776 3552 843 ip-

1983 894 2106 934 sum
2160 877 2570 932 Emmanuelem
2627 875 2694 930 de
2727 873 2933 928 sanctis
2979 870 3271 940 apostolis:
3311 888 3329 919 ι
3363 867 3551 922 Jacula

1979 980 2067 1024 tua
2127 969 2282 1024 ibunt
2339 969 2392 1023 in
2453 967 2574 1021 luce
2621 964 3018 1021 coruscationis
3092 977 3369 1016 armorum
3432 970 3554 1014 tuo-

1975 1074 2092 1113 rum
2123 1061 2185 1111 ¹².
2224 1077 2241 1110 ι

285 1157 375 1202 τος
405 1141 832 1204 ἐκπεπτωκότας
859 1143 946 1197 διά
978 1161 1059 1196 τοι
1093 1145 1153 1196 τὸ
1189 1145 1587 1216 ἐμπαροινῆσαι
1619 1147 1860 1218 Χριστῷ.
1901 1148 1969 1200 Oi
2005 1165 2069 1218 γε
2112 1147 2219 1220 μὴν
2258 1148 2436 1202 αὐτῶν
2473 1148 2616 1213 υἱοὶ,
2669 1148 2796 1219 βέλη
2832 1147 3124 1216 γεγόνασιν
3155 1146 3230 1208 ὼς
3262 1147 3326 1197 ἐκ
3373 1143 3554 1214 χειρὸς

285 1230 511 1321 διέπιτοῦ
545 1231 885 1303 πεμπόμενα·
931 1233 1074 1302 Ἔφη
1143 1234 1200 1286 δέ
1240 1252 1342 1288 που
1373 1237 1466 1288 καὶ
1502 1239 1530 1288 ὁ
1577 1238 1901 1308 Ἀμῦακοὺμ
1937 1239 2013 1302 ὡς
2059 1239 2196 1309 πρὸς
2263 1238 2424 1292 αὑτὸν
2457 1237 2520 1308 δὴ
2570 1237 2732 1291 πάλιν
2763 1239 2853 1290 τὸν
2905 1236 3250 1306 Ἐμμανουήλ
3279 1234 3409 1303 περὶ
3445 1231 3552 1283 τῶν

285 1325 458 1395 ἁγίων
501 1328 848 1380 ἀποστόλων·
901 1347 920 1380 ι
977 1327 1189 1392 Βολίδες
1237 1347 1330 1384 σου
1379 1332 1733 1402 πορεύσονται
1787 1336 1866 1396 είς
1906 1334 2108 1403 φέγγος
2134 1335 2422 1405 ἀστραπῆς
2451 1333 2630 1386 ὅπλων
2661 1349 2774 1385 σου.
2815 1351 2833 1382 ι

357 1421 467 1474 Καὶ
507 1422 765 1491 ἐπεγερῶ
797 1423 867 1476 τὰ
892 1425 1073 1478 τέκνα
1117 1440 1233 1480 σου
1268 1425 1421 1480 Σιὼν
1448 1428 1545 1480 ἐπὶ
1584 1433 1656 1482 τὰ
1692 1430 1874 1484 τέκνα

2045 1428 2200 1500 741
2233 1429 2295 1481 Et
2351 1426 2618 1482 suscitabo
2657 1426 2798 1493 ﬁlios
2839 1434 2981 1489 luas,
3025 1423 3177 1487 Sion,
3210 1438 3364 1491 super
3410 1420 3550 1488 ﬁlios

286 1510 405 1564 τῶν
441 1511 778 1580 Ἑλλήνων,
822 1514 920 1568 καὶ
965 1516 1318 1586 ψηλαφήσω
1353 1536 1426 1572 σε
1469 1521 1548 1584 ὡς
1568 1521 1874 1589 ῥομφαίαν

1977 1517 2295 1583 ίὶνιεσογιιηι,
2337 1527 2386 1571 et
2432 1518 2722 1570 attrectabo
2770 1523 2820 1567 te
2861 1515 3014 1584 quasi
3072 1513 3310 1582 gladium
3343 1526 3548 1579 pugna-

282 1605 580 1674 μαχητοῦ.

356 1694 478 1747 SA'.
535 1696 666 1750 Ἰδοὺ
697 1698 782 1767 δὴ,
811 1700 996 1769 σαφῶς
1032 1702 1157 1765 τοὺς
1184 1704 1241 1769 ἐξ
1284 1704 1554 1757 Ἰουδαίων
1589 1723 1870 1776 μυσταγω-

285 1872 424 1928 Σιὼν
444 1875 515 1928 τά
537 1877 680 1929 κατά
699 1877 809 1932 τῶν
837 1881 1166 1951 Ἑλληνικῶν
1189 1884 1620 1957 κατεξιστάμενα
1641 1889 1866 1954 τέκνων,

282 1968 333 2018 εί
371 1968 445 2038 μὴ
473 1969 521 2020 oi
553 1968 831 2024 θεσπέσιοι
865 1972 1124 2044 μαθηταὶ,
1171 1978 1261 2028 καὶ
1288 1979 1335 2029 οἱ
1365 1978 1474 2030 τῶν
1533 1979 1867 2050 Ἐκκλησιῶν

282 2059 424 2110 κατά
463 2061 690 2140 καιροὺς
731 2064 1040 2133 ἡγούμενοι,
1081 2085 1099 2116 ι
1145 2068 1235 2119 καὶ
1271 2069 1370 2139 τῆς
1407 2069 1666 2140 ἀληθείας
1709 2050 1867 2143 ὀρθοε-

278 2149 576 2218 ⁴ιπιιμοῦνετες
623 2151 710 2204 τὸν
744 2152 932 2221 λόγον;
973 2173 990 2206 ι
1025 2155 1162 2209 Σιὼν
1194 2158 1300 2229 γὰρ
1342 2161 1374 2230 ἠ
1420 2162 1603 2230 νοητὴ.
1643 2161 1759 2225 πῶς
1802 2163 1867 2216 ἂν

279 2239 445 2312 ἑτέρα
477 2244 650 2295 νοοῖτο
694 2243 842 2314 παρά
895 2245 993 2316 τὴν
1033 2247 1392 2318 Ἐκκλησίαν;
1426 2250 1771 2304 Καταθλοῦσι
1810 2252 1867 2305 δὲ

279 2334 388 2387 τῶν
417 2335 628 2390 τέκνων
655 2337 764 2390 τῶν
821 2339 1169 2410 Ἑλληνικῶν,
1213 2343 1306 2395 καὶ
1339 2346 1866 2414 καταστρατεύονται

280 2426 386 2478 τῶν
411 2428 871 2498 πεπλανημένων,
899 2430 1035 2484 Θεοῦ
1066 2433 1369 2496 τεθεικότος
1398 2436 1598 2499 αὐτοὺς
1625 2437 1700 2500 ὡς
1735 2441 1868 2508 ῥομ-

281 2516 447 2586 φαίαν
493 2519 760 2589 μαχητοῦ.
809 2521 963 2575 θῦτω
1002 2524 1153 2577 καὶὸ
1202 2525 1486 2590 θεσπέσιος
1519 2527 1730 2590 Παῦλος
1775 2529 1866 2582 τὸν

279 2609 338 2660 ἐν
360 2610 584 2680 Χριστῷ
607 2611 895 2681 νοούμενον
925 2614 1263 2686 στρατιώτην
1291 2618 1713 2672 κατακαλλύνων
1737 2621 1867 2690 ὁρᾶ-

275 2714 388 2752 ται.
427 2717 446 2750 ι
502 2699 739 2771 Θώρακα
772 2704 870 2773 μὲν
915 2706 1024 2776 γάρ
1053 2707 1142 2759 τὸν
1183 2708 1280 2776 τῆς
1313 2710 1369 2760 ὲν
1402 2709 1623 2779 Χριστῷ
1663 2711 1867 2764 δικαιο-

278 2788 446 2860 σύνης
483 2811 502 2844 ι
542 2795 888 2865 περιτίθησιν
929 2797 1099 2868 αὐτῷ·
1134 2801 1227 2852 καὶ
1280 2799 1384 2870 μὴν
1417 2801 1510 2854 καὶ
1558 2821 1576 2853 ι
1623 2802 1721 2872 τὴν
1769 2803 1863 2856 τοῦ

275 2882 552 2953 σωτηρίου
596 2886 1049 2954 περικεφαλαίαν.
1092 2907 1111 2938 ι
1153 2885 1286 2942 Εἶτα
1329 2890 1512 2944 δίδωσι
1549 2910 1568 2941 ‹
1614 2893 1714 2964 τὴν
1760 2895 1865 2963 μά-

276 2987 477 3041 χαιραν
503 2972 600 3026 τοῦ
646 2974 976 3045 πνεύματος,
1006 2977 1034 3029 ὃ
1067 2978 1183 3030 ἐστι
1225 2979 1376 3048 ῥῆμα
1417 2980 1574 3033 Θεοῦ.
1623 3000 1640 3032 ›
1680 2983 1863 3053 Ταύτῃ

273 3062 339 3135 δὴ
366 3059 462 3117 οὖν
488 3067 554 3134 τῇ
590 3066 838 3136 μαχαίρᾳ
866 3067 1006 3120 κατὰ
1034 3067 1144 3120 τῶν
1178 3069 1505 3138 Ἑλληνικῶν
1537 3073 1864 3143 κεχρημένοι

1968 1612 2116 1663 loris.

2039 1701 2180 1759 LXI.
2214 1701 2289 1754 En
2326 1700 2580 1755 doctores
2634 1712 2821 1754 sacros
2859 1713 2924 1752 ex
2971 1694 3169 1750 Judasis
3227 1692 3428 1761 liquido
3469 1705 3550 1742 ar-

284 1784 417 1850 τοὺς
448 1785 603 1850 τόξον
639 1787 769 1841 ξ’διον
800 1791 1077 1859 ὀνομάζει.
1133 1795 1270 1846 Ποῖα
1306 1795 1414 1864 γὰρ
1456 1796 1524 1849 τὰ
1572 1799 1737 1851 τέκνα
1768 1801 1868 1869 τῆς

1977 1809 2092 1848 cum
2128 1810 2282 1848 suum
2317 1805 2495 1847 vocat.
2553 1792 2783 1858 Quinam
2851 1790 2995 1844 enim
3069 1787 3161 1840 [iiii
3199 1785 3327 1838 Sioit
3369 1785 3547 1868 insur—

1971 1899 2160 1955 gentes
2211 1895 2399 1940 contra
2441 1887 2581 1939 Iilios
2612 1884 2953 1946 Grmcorum,
3011 1880 3114 1934 nisi
3167 1878 3332 1931 divini
3374 1855 3548 1929 \disci-

1970 1978 2102 2048 puli,
2137 1987 2191 2032 et
2222 1977 2584 2031 Ecclesiarum
2640 1976 2754 2028 suis
2801 1975 2998 2042 quique
3038 1968 3370 2037 temporibus
3406 1980 3546 2036 pra:-

1970 2069 2138 2136 sidcs,
2175 2087 2193 2119 ι
2242 2067 2306 2121 Ει
2335 2075 2481 2121 recte
2517 2075 2817 2120 tractantes
2857 2062 3080 2116 verbum
3117 2061 3209 2112 Dei
3237 2060 3314 2112 l'?
3345 2079 3361 2110 ι
3413 2058 3544 2110 Nam

1970 2161 2099 2216 Sion
2129 2177 2246 2229 qua:
2283 2161 2464 2214 animo
2493 2160 2730 2222 videtur,
2766 2156 3035 2226 quomodo
3064 2154 3165 2206 alia
3203 2162 3398 2222 pra-ter
3441 2149 3546 2204 Ec-

1968 2253 2188 2306 clesiam
2224 2251 2942 2321 intelligatur?Oppugnaut
2985 2256 3167 2300 autem
3218 2244 3356 2296 filios
3402 2241 3547 2296 Cra:-

1970 2359 2182 2409 corum,
2214 2353 2268 2398 et
2297 2343 2438 2398 bello
2469 2342 2741 2395 lacessunt
2775 2354 2963 2394 errore
2995 2338 3266 2400 seductos,
3306 2334 3415 2388 Deo
3440 2333 3548 2387 illis

1969 2446 2156 2490 utente
2203 2444 2261 2488 ut
2311 2435 2490 2504 gladio
2535 2433 2831 2488 bellatoris.
2864 2431 2956 2484 Sic
3004 2440 3058 2484 et
3103 2428 3314 2481 divinus
3348 2425 3548 2479 Paulus

1968 2527 2192 2580 militem
2242 2527 2441 2580 Christi
2498 2539 2698 2579 ornare
2752 2523 3014 2577 cernitur.
3051 2539 3068 2571 ι
3107 2520 3355 2573 Thorace
3399 2517 3545 2570 enim

1961 2618 2265 2689 justitiaa“
2301 2637 2320 2669 ι
2385 2618 2436 2670 in
2494 2614 2712 2669 Christo
2784 2613 2932 2666 illum
2988 2610 3160 2664 induit
3207 2626 3220 2662 :
3288 2615 3549 2678 praeterea

1975 2729 1992 2761 ι
2028 2712 2179 2779 galea
2213 2709 2405 2764 salutis
2442 2708 2506 2762 ".
2544 2727 2562 2759 ι
2593 2707 2816 2776 Insuper
2848 2706 2937 2758 dat
2963 2705 3010 2758 ei
3051 2721 3070 2754 ι
3114 2701 3348 2772 gladium
3397 2699 3552 2768 spiri-

1970 2812 2075 2869 tus,
2109 2803 2252 2872 quod
2299 2811 2380 2855 est
2433 2800 2660 2854 verbum
2693 2797 2787 2852 Dei
2819 2796 2882 2849 ".
2925 2815 2943 2848 ι
2981 2795 3093 2848 lloc
3151 2794 3315 2862 igitur
3371 2791 3547 2860 gladio

1968 2904 2156 2949 contra
2191 2892 2411 2948 Graecos
2447 2891 2553 2952 usi.
2584 2889 2941 2959 puilnlantem
2977 2887 3031 2940 in
3057 2885 3165 2939 illis
3206 2884 3395 2937 falsam
3450 2883 3546 2935 do-

1967 2987 2198 3040 ctrinam
2229 2992 2536 3054 amputant,
2567 2967 2621 3038 et
2650 2981 2743 3037 Dei
2792 2994 3096 3036 sermonem
3136 2977 3369 3032 maxime
3408 2993 3426 3026 ι
3463 2989 3549 3043 pe-

1967 3076 2310 3143 netrabilem,
2339 3077 2518 3129 vivum
2545 3084 2601 3130 et
2630 3073 2899 3128 efﬁcacem
2933 3071 2975 3101 ¹⁷
3023 3089 3042 3121 ι
3072 3069 3178 3123 illis
3202 3067 3544 3129 adhibentes,

271 3154 504 3221 τέκνων,
544 3156 900 3227 ἀποκείρουσι
936 3158 1035 3228 μὲν
1074 3157 1170 3229 τὴν
1207 3160 1265 3211 ὲν
1303 3160 1488 3222 αὐτοῖς
1533 3159 1866 3230 βλαστοῦσαν

1977 3182 2201 3237 nequam
2263 3179 2319 3222 et
2351 3166 2686 3222 immundum
2732 3165 2981 3234 spiritum
3014 3161 3362 3224 exscindunt,
3397 3167 3453 3208 ut
3482 3156 3549 3208 de

272 3245 513 3315 ἀπάτην,
544 3247 641 3300 καὶ
669 3249 760 3302 τὸν
789 3249 1104 3319 τομώτατον
1141 3250 1235 3303 τοῦ
1282 3251 1419 3304 Θεοῦ
1460 3251 1616 3320 λόγον
1663 3255 1855 3325 ἐπιφέ-

279 3350 462 3403 ροντες
507 3337 710 3402 αὐτοῖς,
753 3355 773 3388 ι
825 3339 884 3400 ὃς
923 3340 1040 3391 ἐστι
1074 3337 1182 3403 ζῶν
1227 3356 1287 3392 τε
1319 3340 1411 3392 καὶ
1443 3342 1692 3412 ἐνεργὴς,
1735 3363 1751 3394 ι
1795 3345 1857 3396 τὸ

273 3425 512 3496 πονηρὸν
544 3427 640 3480 καὶ
667 3426 974 3498 ἀκάθαρτον
1006 3429 1332 3482 ἐκκόπτουσι
1360 3431 1598 3500 πνεῦμα,
1636 3433 1721 3485 ἵνα
1763 3434 1855 3486 δύ-

1961 3272 2157 3314 caetero
2182 3269 2360 3314 mente
2385 3274 2518 3329 pura
2566 3266 2624 3312 et
2654 3256 2845 3321 libera,
2879 3265 2932 3310 et
2973 3269 3002 3308 a
3035 3253 3336 3307 daemonum
3377 3248 3548 3302 servi-

1965 3357 2076 3404 tute
2104 3352 2377 3419 expedita,
2403 3365 2541 3404 verae
2563 3347 2890 3418 cognitionis
2915 3346 3008 3401 Dei
3037 3356 3344 3400 sermonem
3373 3337 3547 3394 susei-

1964 3455 2090 3507 pere
2118 3452 2337 3511 queant.

273 3534 457 3604 ναιΫτο
491 3517 678 3571 λοιπὸν
746 3517 822 3589 νῷ
888 3519 1116 3590 καθαρῷ
1154 3537 1216 3573 τε
1247 3521 1342 3574 καὶ
1382 3522 1673 3592 ἐλευθέρῳν
1708 3526 1800 3576 καὶ
1833 3527 1931 3597 τῆς
1973 3532 2081 3586 τῶν
2125 3532 2419 3604 δαιμονίων
2478 3530 2789 3596 πλεονεξίας
2841 3528 3263 3600 ἀπηλλαγμένῳ,
3311 3521 3401 3575 τὸν
3447 3522 3547 3592 τῆς

273 3599 512 3683 ἀληθοῦς
541 3612 874 3682 θεογνωσίας
909 3615 1317 3686 παραδέξασθαι
1342 3617 1518 3685 λόγον.

344 3706 459 3760 Kal
498 3708 672 3762 ἔσται
712 3709 926 3777 Κύριος
966 3710 1059 3762 ἐπ’
1103 3710 1344 3778 αὐτοὺς,
1382 3712 1730 3780 ὀφθήσεται,
1761 3715 1860 3768 καὶ

273 3796 662 3862 ἐξελεύσεται
690 3799 770 3865 ὠς
794 3799 1076 3868 ἀστραπὴ
1098 3800 1280 3867 ,βολίς
1305 3803 1512 3858 αὑτοῦ.

345 3887 434 3940 ΞΒ
456 3931 469 3942 .
500 3889 624 3942 Ὀτι
664 3891 758 3942 καὶ
784 3891 1036 3944 συνέσται
1070 3890 1275 3963 Κύριος
1312 3895 1340 3945 ὁ
1369 3892 1502 3956 Θεὸς
1532 3895 1742 3961 αὐτοῖς,
1770 3896 1861 3948 καὶ

275 3983 591 4043 συνασπιεῖ,
645 3979 987 4050 καταδηώσει
1035 3998 1096 4034 τε
1142 3983 1269 4044 τοὺς
1321 3982 1720 4054 ἀνθεστηκότας
1775 3985 1865 4038 διά

273 4069 481 4122 τούτων
514 4071 792 4142 ὑποδηλοῖ.
844 4090 862 4122 ι
911 4073 1104 4126 Ἔσται
1147 4074 1275 4143 γὰρ,
1328 4078 1480 4143 φησι,
1523 4075 1727 4147 Κύριος
1777 4077 1864 4129 ἐπ’

274 4162 496 4227 αὐτοὺς,
533 4181 552 4213 ι
586 4163 745 4234 δῆλον
788 4164 844 4217 δὲ
873 4167 954 4218 ὅτι
986 4167 1110 4230 τοὺς
1153 4167 1509 4221 ἀνθίστασθαι
1559 4170 1862 4240 μεμελετη-

270 4256 441 4318 κότας
473 4258 586 4321 τοῖς
611 4257 952 4328 ίερουργοῦσι
992 4260 1051 4312 τὸ
1098 4260 1431 4328 Εὑαγγέλιον
1461 4262 1646 4315 αὐτοῦ.
1693 4263 1857 4315 Ἑκά-

2041 3715 2206 3771 Vnus.
2245 3717 2333 3769 14.
2383 3715 2446 3768 Et
2471 3717 2569 3769 erit
2617 3715 2873 3768 Dominus
2907 3729 3063 3780 super
3096 3729 3204 3769 eos.
3255 3711 3547 3778 apparebit.

1967 3815 2014 3861 et
2043 3807 2339 3874 egredietur
2375 3809 2508 3860 sicut
2545 3806 2728 3875 fulgur
2758 3805 2952 3874 sagitta
2989 3802 3124 3869 ejus.

2041 3897 2200 3952 LXII.
2267 3896 2436 3953 Docet
2490 3897 2775 3951 Dominum
2832 3895 3001 3948 Deum
3054 3893 3159 3946 illis
3211 3889 3544 3955 adfuturum,

1972 4003 2186 4057 unaque
2222 3997 2612 4058 pugnaturum,
2648 3996 2703 4040 et
2736 3985 3054 4040 resistentes
3089 3996 3430 4036 eversurum.
3457 3981 3550 4033 Ait

1969 4081 2112 4134 enim
2147 4097 2159 4133 :
2202 4098 2219 4130 ι
2263 4079 2378 4133 Erit
2441 4077 2704 4150 Dominus
2740 4090 2904 4143 super
2945 4088 3059 4139 eos,
3101 4091 3118 4124 ι
3157 4071 3341 4139 utique
3385 4085 3549 4138 super

1969 4184 2084 4234 eos,
2137 4170 2230 4239 qui
2280 4169 2545 4223 ministris
2587 4166 2860 4235 Evangelii
2914 4165 3084 4232 ipsius
3128 4162 3366 4232 objicere
3429 4175 3550 4215 sese

1969 4263 2396 4318 constituerunt.
2433 4259 2699 4328 Quaelibet
2729 4267 2909 4311 autem
2965 4256 3160 4325 sagitta
3197 4261 3279 4307 est
3327 4253 3546 4305 insliluv

275 4363 378 4416 στη
412 4347 469 4399 δὲ
508 4347 653 4417 βολὶς
705 4354 1080 4422 μυσταγωγὸς,
1121 4355 1154 4424 ἢ
1195 4355 1521 4420 ἀπόστολος·
1568 4356 1712 4426 βέλει
1755 4357 1864 4427 γὰρ

1977 4363 2080 4417 lor,
2112 4353 2228 4407 sive
2275 4354 2576 4422 apostolus.
2605 4349 2734 4403 Telo
2769 4347 2939 4410 enim,
2976 4347 3088 4400 sive
3116 4346 3321 4414 sagitta:
3371 4358 3400 4396 a
3437 4344 3546 4396 Deo

272 4440 397 4507 ητοι
439 4437 605 4507 βολίδι
643 4443 968 4510 παρεικάζει
1002 4445 1163 4497 πάλιν
1205 4445 1402 4508 αὐτοὺς
1451 4445 1581 4498 Θεοῦ
1621 4447 1863 4515 πέμπον-

269 4545 387 4593 τος,
418 4530 496 4593 ὡς
526 4533 783 4604 ἀστραπὴ
817 4534 874 4586 δὲ
920 4535 1228 4606 δραμεῖται,
1276 4536 1430 4607 φησὶ,
1479 4536 1638 4606 δῆλον
1684 4535 1741 4588 δὲ
1779 4537 1862 4590 ὃτι

272 4622 722 4689 καταυγάζουσα,
749 4625 842 4677 καὶ
871 4627 983 4688 τοῖς
1012 4625 1266 4679 ἁπάντων
1294 4627 1590 4698 ὀφθαλμοῖς
1622 4629 1862 4698 ἀμογητὶ

273 4715 717 4785 προσπίπτουσα.
736 4717 994 4786 Γεγόνασι
1023 4717 1079 4770 δὲ
1110 4717 1252 4772 οὕτω
1280 4719 1526 4790 λαμπροὶ¹
1557 4721 1650 4772 καὶ
1669 4721 1719 4773 oi
1745 4721 1867 4774 θεσ-

275 4804 458 4858 πέσιοι
519 4805 783 4877 μαθηταὶ,
817 4809 910 4861 καὶ
967 4809 1076 4861 τῶν
1103 4809 1198 4862 τοῦ
1233 4810 1482 4881 Σωτῆρος
1511 4810 1862 4880 Εύαγγελίων

272 4896 541 4965 κήρυκες,
573 4897 670 4948 καὶ
697 4899 747 4950 οἱ
794 4898 912 4967 μετ’
945 4900 1207 4963 ἐκείνους,
1238 4899 1380 4953 λαῶν
1414 4901 1733 4971 ἡγούμενοι,
1768 4903 1861 4955 καὶ

274 4987 686 5057 προεστηκότες
726 4988 1081 5060 Ἐκκλησιῶν,
1123 4990 1198 5054 ὡς
1235 4991 1500 5062 ἀγνοῆσαι
1531 4992 1734 5061 μηδένα
1765 4993 1865 5068 τῆς

271 5076 506 5147 ἐνούσης
563 5079 747 5142 αὐτοῖς
791 5081 992 5152 ἀρετῆς
1023 5083 1120 5152 τὴν
1171 5082 1522 5154 φαιδρότητα.
1554 5083 1664 5136 Καὶ
1709 5082 1866 5140 τοῦτο

270 5169 410 5222 αὐτὸ
451 5169 651 5238 δηλῶν,
685 5171 924 5238 ἔφασκεν
977 5174 1004 5225 ὁ
1055 5173 1283 5242 Σωτήρ·
1346 5193 1364 5225 ι
1426 5174 1617 5237 Οὐδεὶς
1675 5173 1867 5244 λύχνον

270 5260 440 5328 ἅψας,
476 5261 744 5316 καλύπτει
785 5263 948 5314 αὐτὸν
991 5262 1252 5334 σκεύει,ῆ
1287 5265 1544 5318 ὑποκάτω
1574 5266 1761 5335 κλίνης
1787 5266 1867 5318 τί·

270 5354 458 5422 Θησιν,
505 5353 621 5407 ἀλλ’
661 5355 754 5407 ἐπὶ
788 5354 1032 5424 λυχνίας,
1080 5355 1166 5409 ἵνα
1210 5357 1259 5408 oi
1293 5357 1718 5428 ἐκπορευόμενοι
1748 5357 1866 5426 βλέ-

1017 5510 1057 5541 ¹¹
1093 5509 1294 5564 ΙΙδΙιτιτι.
1327 5527 1409 5570 ιιι,
1447 5513 1530 5566 Η.

829 5581 870 5612 ιδ
897 5579 1082 5634 Matth.
1121 5596 1170 5649 ν,
1214 5581 1299 5634 15.

350 5509 391 5540 ¹¹
431 5507 576 5562 Ρε.τΙ.
620 5525 805 5572 cxxrt,
853 5509 903 5562 4.

272 5581 313 5608 ιτ
358 5578 521 5633 Hebr.
555 5596 628 5646 IV,
663 5581 748 5633 η.

1637 5512 1680 5543 ¹³
1714 5511 1756 5565 ll
1787 5510 2023 5564 Timoth.
2058 5525 2114 5572 tt,
2152 5508 2233 5562 lii.

1968 4445 2181 4500 emissae
2209 4459 2425 4497 rursum
2457 4458 2551 4496 eos
2597 4447 2874 4507 comparat
2903 4454 2919 4504 ;
2951 4438 3117 4500 addit,
3156 4449 3436 4489 cursuram
3486 4442 3547 4485 ut

1970 4533 2176 4606 fulgur,
2225 4534 2620 4589 illuminantem
2652 4529 2930 4592 videlicet,
2984 4537 3039 4581 et
3088 4527 3328 4579 omnium
3372 4523 3546 4577 oculis

1970 4627 2106 4681 citra
2157 4626 2344 4680 nixum
2402 4622 2756 4678 allabentetn.
2825 4621 3128 4673 Evaserunt
3174 4627 3351 4669 autem
3410 4617 3544 4669 adeo

1975 4716 2108 4772 clari
2139 4732 2201 4770 ac
2225 4714 2520 4786 fulgentes,
2562 4723 2673 4768 tum
2701 4711 2870 4766 divini
2898 4709 3165 4778 discipuli,
3198 4718 3308 4760 tum
3344 4721 3547 4776 praeco-

1972 4824 2068 4864 nes
2096 4807 2371 4876 Evangelii
2417 4804 2742 4871 Salvatoris,
2771 4813 2826 4856 et
2861 4802 2952 4872 qui
2984 4816 3077 4854 eos
3097 4797 3262 4852 srcuti
3300 4804 3423 4850 sunt
3455 4809 3550 4863 po-

1971 4897 2218 4969 pulorum
2252 4905 2491 4951 rectores
2523 4903 2577 4948 et
2606 4891 2862 4963 praesides
2896 4885 3286 4945 Ecrlesiarum,
3328 4892 3385 4935 ut
3432 4881 3547 4935 cla-

1973 4989 2264 5045 ritudinem
2296 4987 2512 5042 virtutis
2555 4999 2740 5039 eorum
2786 4995 2946 5036 nemo
2977 4973 3326 5048 ignoravcril.
3373 4973 3572 5045 Atque

1972 5085 2074 5139 hoc
2100 5083 2271 5152 ipsum
2303 5079 2615 5150 significans
2636 5076 2817 5130 aiebat
2854 5071 3109 5126 Salvator
3148 5085 3161 5120 :
3204 5083 3224 5116 ι
3267 5064 3432 5118 Nemo
3459 5078 3548 5116 ac-

1970 5177 2154 5230 cendit
2179 5175 2481 5237 lucernam,
2524 5181 2576 5225 et
2612 5169 2763 5238 ponit
2806 5179 2925 5220 eam
2953 5161 3052 5217 sub
3082 5157 3284 5217 modio.
3316 5165 3410 5209 aut
3449 5153 3548 5207 sub

1971 5266 2144 5332 lecto,
2182 5265 2277 5320 sed
2317 5278 2480 5332 super
2515 5257 2922 5318 candelabrum,
2973 5259 3030 5304 ut
3069 5245 3431 5317 ingredientes
3466 5242 3549 5296 lu-

1973 5372 2092 5411 men
2131 5355 2430 5409 videant".
2466 5372 2484 5405 ι
2527 5353 2590 5406 Ει
2621 5350 2835 5402 iterum:
2873 5364 2890 5397 ι
2928 5343 3018 5398 Sic
3051 5342 3224 5395 luceat
3257 5339 3344 5391 lux
3370 5345 3547 5391 vestra

3349 5489 3393 5524 ¹⁶
3414 5487 3542 5542 ibid.

2344 5508 2386 5538 ¹⁹⁶
2419 5505 2610 5578 Ιίςιιιοε.
2649 5518 2721 5564 vt,
2755 5501 2840 5555 1-5.
2933 5499 2975 5531 ¹³
3001 5495 3131 5552 ibid.
3170 5493 3254 5548 l7.

355 5734 432 5806 (‘1)
476 5735 610 5808 Lege
639 5737 906 5802 πίπτοιεν,
942 5739 1154 5793 cadant.
1191 5737 1464 5793 (ἷυτειῑιι.
1507 5711 1738 5790 310::ng
1779 5733 1919 5788 Eccl.
1961 5730 2034 5787 Cr
2090 5729 2172 5798 ill,
2213 5729 2334 5786 562.
