3936 6318
466 320 572 381 155

1459 327 1514 382 S.
1556 328 1834 386 CYRILLI
1870 333 2339 390 ALEXANDRINI
2376 336 2694 393 ARCIIIEP.

3621 340 3727 397 156

467 453 652 494 coram
684 439 1016 508 hominibus,
1041 447 1100 497 ut
1125 442 1341 498 videant
1363 457 1528 514 opera
1563 460 1742 504 vestra
1779 452 1939 519 bona,
1981 462 2029 510 et

2139 471 2282 507 πωσι
2332 455 2393 508 τὸ
2437 457 2572 524 φῶς.
2613 476 2631 508 ι
2685 457 2795 510 Καὶ
2828 457 2987 512 πάλιν
3019 456 3280 528 ἑτέρωθι·
3323 476 3342 508 ί
3395 457 3551 511 Οὕτω
3581 458 3727 530 λαμ-

465 529 761 600 glorificent
784 530 998 586 Patrem
1028 541 1266 589 vestrum
1305 535 1394 606 qui
1424 538 1474 590 in
1504 539 1657 596 ctelis
1675 551 1773 597 est
1808 546 1870 598 ¹⁹.
1907 563 1924 596 ι

540 790 700 862 742
717 791 879 850 Vens.
899 795 988 861 15,
1017 795 1101 852 l6.
1129 797 1196 852 Et
1217 799 1470 858 Dominus
1490 809 1816 877 omnipotens
1835 812 1889 866 in
1912 815 2038 869 tuba

463 880 704 951 clanget;
749 894 799 936 et
849 884 941 938 ibit
988 889 1043 940 in
1090 892 1436 946 commotione
1481 897 1743 950 minarum
1795 916 2034 956 suarum.

461 966 721 1024 Dominus
751 973 1077 1042 omnipotens
1121 979 1342 1048 protegit
1366 997 1476 1044 eos,
1506 994 1554 1036 et
1593 997 1900 1042 consument
1926 1006 2034 1056 eos,

462 1065 510 1108 et
559 1057 783 1112 obruent
845 1078 932 1115 eos
967 1065 1022 1117 in
1051 1063 1311 1132 lapidibus
1343 1070 1543 1139 fundw,
1577 1085 1629 1128 et
1668 1077 1868 1131 ebibent
1908 1096 2036 1134 san-

460 1146 670 1214 guinem
711 1166 891 1205 eorum
937 1156 1070 1209 sicut
1106 1158 1301 1224 vinum,
1329 1172 1377 1214 et
1416 1164 1701 1232 implebunt
1740 1179 1794 1222 ut
1824 1171 2034 1238 phialas

461 1235 652 1292 altare.
683 1239 750 1294 Et
779 1244 998 1300 salvabit
1026 1264 1111 1302 eos
1146 1250 1402 1308 Dominus
1431 1256 1484 1309 in
1514 1257 1598 1312 die
1633 1258 1726 1313 illa
1757 1235 1890 1316 sicut
1918 1280 2036 1318 oves

460 1330 710 1398 papulum
733 1350 910 1392 suum.

530 1505 714 1566 LXIII.
752 1512 1182 1576 Commilitonem
1240 1532 1294 1578 et
1338 1540 1613 1583 armorum
1672 1532 1876 1585 socium
1911 1532 1951 1597 ,⁷
1979 1541 2036 1588 ut

461 1598 597 1664 dixi,
623 1601 787 1659 claris
815 1607 994 1664 verbis
1019 1611 1149 1680 ipsis
1176 1614 1416 1684 adjungit
1435 1619 1813 1675 universorum
1839 1622 2031 1690 Deum,

467 1691 602 1743 adeo
637 1691 986 1763 instructum,
1012 1709 1067 1754 et
1097 1703 1258 1756 simul
1291 1713 1500 1762 certare
1527 1711 1801 1776 cupidum,
1838 1723 1894 1766 ut
1919 1714 2032 1781 jam

466 1779 738 1838 hostiliter
791 1786 1068 1855 ingruere,
1110 1791 1218 1847 imo
1254 1796 1442 1863 pedem
1471 1799 1738 1868 conferre,
1771 1813 1822 1856 et
1874 1792 2032 1873 quid-
2067 1814 2114 1876 Β

461 1870 590 1937 quid
633 1871 686 1925 in
731 1889 790 1929 se
817 1885 897 1930 est
933 1880 1124 1936 virium
1163 1885 1215 1937 in
1258 1886 1458 1948 hostes,
1491 1899 1545 1943 et
1573 1891 1624 1944 in
1664 1892 1898 1959 ipsorum
1942 1911 2031 1949 ro-

462 1961 567 2014 bur
617 1962 895 2024 elIundere
947 1973 1218 2028 videatur.
1263 1975 1587 2035 Rectissime
1633 1999 1794 2052 porro
1839 1987 2030 2055 inquit,

461 2051 662 2108 bellum
701 2056 970 2116 facturum
1009 2079 1110 2118 non
1145 2067 1209 2121 iis
1237 2069 1328 2137 qui
1353 2085 1448 2138 per
1481 2051 1645 2128 ﬁdem
1670 2077 1736 2129 ad
1771 2051 2031 2144 justifica;

463 2142 663 2200 tionem
724 2155 982 2219 tanquam
1029 2171 1226 2226 sagena
1281 2163 1423 2230 capti
1477 2174 1644 2220 sunt:
1702 2169 1796 2223 sed
1838 2169 2033 2226 divinze

459 2237 835 2303 prauiicationi
865 2244 1156 2304 infeliciter
1174 2251 1558 2321 obnitentibus,
1588 2273 1724 2326 quos
1754 2269 1809 2314 et
1835 2259 2034 2318 Paulus

461 2328 691 2392 notavit,
729 2346 849 2386 cum
879 2335 1017 2390 dixit
1046 2355 1061 2394 :
1103 2357 1121 2390 ι
1163 2340 1370 2397 Ostium
1396 2346 1540 2399 enim
1574 2349 1702 2404 mihi
1752 2366 2032 2418 maguum,

459 2425 515 2470 et
564 2421 782 2478 evidens
812 2438 1057 2494 apertum
1090 2440 1191 2496 est,
1244 2443 1297 2487 et
1353 2437 1646 2494 adversarii
1699 2442 1849 2496 multi
1889 2444 1972 2498 η’.
2007 2463 2026 2496 ι

458 2510 626 2566 (Iane:
665 2513 847 2584 igitur,
900 2511 1121 2589 inquit,
1153 2526 1277 2580 tuba
1337 2529 1615 2586 Dominus.
1670 2531 1907 2592 Locutus
1951 2547 2034 2593 est

456 2602 600 2657 enim
655 2605 913 2666 Dominus
962 2615 1398 2681 praedicationem
1463 2624 1866 2693 evangelieam,
1902 2645 2026 2697 quae

458 2709 648 2750 omnes
695 2705 870 2756 terras
926 2708 1188 2771 pervasit,
1236 2711 1453 2778 quando
1511 2716 1684 2770 audiri
1738 2726 1916 2786 potest
1966 2722 2034 2777 ab

456 2783 710 2840 omnibus
753 2791 1069 2859 mysterium
1099 2808 1112 2846 :
1153 2805 1271 2850 erat
1298 2798 1443 2853 enim
1471 2803 1616 2856 tenui
1648 2819 1801 2873 voce,
1830 2816 1885 2861 et
1930 2809 2034 2862 lin-

457 2887 560 2942 gua
608 2875 794 2931 tardus
833 2877 1030 2944 Moses,
1063 2897 1232 2952 quare
1280 2889 1442 2942 etiam
1474 2891 1562 2945 vix
1606 2908 1701 2959 per
1733 2895 1902 2951 solam
1937 2898 2034 2954 Ju-

459 2961 630 3019 da‘am
668 2971 1062 3028 exaudiebatur
1082 2975 1149 3032 ²⁰.
1176 2979 1244 3032 At
1269 2995 1448 3036 sermo
1474 2984 1540 3037 de
1569 2985 1788 3042 Christo
1834 2991 2033 3048 talibus

457 3057 704 3113 terminis
747 3075 1085 3134 nequaquam
1138 3071 1466 3127 continetur.
1521 3075 1653 3131 Nam
1700 3088 1756 3134 ut
1805 3081 2032 3139 buccina

455 3149 675 3217 egregia
723 3158 777 3206 et
809 3157 1216 3226 sonantissima,
1269 3166 1508 3218 omnium
1557 3170 1781 3226 auribus
1830 3175 2028 3244 ubique
2059 3151 2100 3208 (ἶ

457 3235 718 3296 insonuit.
756 3261 775 3294 ‹
810 3243 910 3299 Ibit
935 3258 1114 3303 autem
1148 3266 1244 3305 ceu
1280 3253 1333 3307 in
1368 3261 1730 3316 commotione
1761 3263 2028 3321 minarum

457 3339 704 3394 suarum,
745 3351 763 3384 ι
795 3343 849 3388 et
877 3338 954 3391 sic
985 3349 1229 3410 proteget
1257 3346 1517 3402 satellites
1563 3365 1712 3417 suos,
1744 3363 1803 3407 ut
1834 3355 2031 3411 adver-

455 3417 585 3470 sarii
635 3427 786 3488 quasi
836 3427 904 3480 ab
945 3429 1065 3498 igne
1113 3444 1525 3504 consumantur,
1572 3450 1626 3495 et
1675 3451 1881 3499 tantum
1921 3463 2026 3501 non

455 3509 616 3562 etiam
680 3513 858 3571 fundae
908 3519 1176 3588 lapidibus
1215 3541 1310 3581 eos
1361 3530 1611 3588 universe
1679 3537 2030 3596 verberantes

454 3597 702 3655 obruent.
741 3623 758 3655 ι
796 3606 1026 3664 Ebibent
1081 3612 1206 3668 item
1253 3619 1567 3688 sanguinem
1609 3638 1816 3693 eorum,
1859 3647 1880 3680 ι
1927 3630 2029 3686 hoc

454 3699 561 3755 est,
619 3695 784 3750 veluti
834 3701 1081 3768 quaedam
1131 3704 1322 3760 bellua:
1362 3710 1682 3782 insilientes,
1728 3717 1884 3774 facile
1938 3737 2029 3776 su-

457 3788 721 3854 perabunt
778 3799 830 3844 et
857 3793 1106 3875 occident
1130 3811 1245 3852 eos.
1290 3800 1369 3854 Ad
1407 3803 1520 3858 hzec
1559 3805 1791 3864 offerent
1821 3812 2030 3880 phialas

455 3877 718 3944 sanguine
753 3883 1188 3938 occumbentium
1225 3886 1432 3957 plenas,
1475 3902 1535 3947 ut
1576 3895 1888 3955 libationem
1930 3904 2027 3957 ali-

455 3979 617 4034 quam
664 3967 732 4021 ad
775 3970 967 4025 altare.
1009 3972 1269 4048 Estenim
1301 3984 1482 4038 suavis
1520 3985 1654 4039 odor
1683 3989 1812 4055 Deo,
1853 4000 1906 4046 et
1943 4008 2029 4048 ac-

453 4058 724 4125 ceptabile
746 4062 1094 4132 sacrificium,
1123 4083 1368 4128 errantes
1401 4075 1596 4130 salvari
1628 4081 2027 4147 prohibentium

455 4148 731 4204 interitus.
782 4150 839 4205 Si
873 4156 1016 4209 enim
1065 4158 1441 4218 interfectores
1478 4181 1766 4235 corporum
1815 4174 2030 4228 miseri-

451 4243 693 4296 cordiam
747 4260 850 4298 non
901 4260 1199 4319 merentur,
1240 4256 1331 4308 sed
1374 4257 1486 4324 pari
1538 4261 1716 4324 potius
1767 4264 2028 4332 supplicio

451 4328 716 4385 multandi
764 4345 911 4400 sunt,
947 4338 1071 4405 quid
1119 4340 1183 4394 de
1228 4347 1637 4414 corruptoribus
1664 4360 1718 4404 et
1752 4328 2028 4422 jugtilato-

453 4419 606 4476 ribus
631 4423 936 4481 animarum
971 4431 1252 4487 dicemus?

491 4597 719 4668 .Quales
765 4603 947 4659 haberi
993 4622 1211 4679 quoque
1255 4624 1479 4680 possunt
1527 4626 1845 4685 praestantes
1881 4620 2026 4678 inter

451 4687 691 4758 Graecos,
717 4703 767 4748 et
817 4698 1106 4753 mundana:
1146 4703 1427 4771 sapientiae
1458 4705 1684 4775 gloriam
1718 4715 2022 4779 consecuti,

451 4780 650 4848 quibus
685 4783 880 4840 crebro
908 4786 960 4840 in
1012 4803 1109 4843 ore
1137 4801 1263 4844 sunt
1308 4793 1381 4847 dii
1428 4795 1672 4864 deaeque,
1718 4809 1772 4854 et
1823 4804 1912 4870 qui
1955 4806 2022 4859 ad

450 4883 756 4928 creaturam
787 4878 957 4947 magis
989 4893 1149 4948 quam
1181 4883 1248 4935 ad
1293 4884 1452 4956 743
1478 4885 1790 4945 Creatorem
1841 4896 2024 4950 colen-

450 4962 576 5017 dum
620 4967 933 5034 sollicitant,
977 4979 1031 5024 et
1075 4972 1301 5029 cuilibet
1329 4977 1599 5034 elemento
1641 4981 1751 5036 Deo
1786 4985 2023 5043 debitum

453 5051 714 5110 honorem
764 5068 1107 5113 consecrant.
1151 5063 1314 5132 Atqui
1367 5069 1649 5135 mundum,
1693 5086 1799 5128 non
1848 5075 2021 5132 solum

449 5145 686 5213 quandiu
717 5147 819 5216 ipsi
847 5149 1116 5215 vivebant,
1161 5157 1255 5209 sed
1291 5157 1456 5212 etiam
1493 5161 1558 5214 ad
1613 5171 1856 5233 tempora
1891 5183 2024 5223 con-

449 5239 729 5306 sequentia
773 5239 1128 5298 seduxerunt.
1178 5245 1340 5302 Multa
1375 5252 1514 5306 enim
1573 5253 1742 5310 millia
1792 5256 2025 5315 diversis

453 5329 703 5383 mtatibus
748 5329 959 5386 illorum
1003 5332 1310 5395 mendaciis
1349 5346 1636 5411 persuasi,
1711 5357 1764 5402 et
1813 5348 2024 5420 frigidis

451 5426 617 5486 atque
643 5419 874 5477 anilibus
909 5422 1116 5483 fabellis
1147 5433 1517 5490 auscultantes
1539 5437 1837 5506 perierunt.
1873 5440 2018 5496 Sub-

454 5508 549 5563 lati
587 5520 714 5566 sunt
772 5512 956 5585 itaque
986 5533 1016 5573 e
1042 5522 1216 5576 medio
1270 5524 1323 5577 in
1369 5537 1642 5594 posterum
1685 5530 1842 5586 tales.
1880 5532 2023 5587 Eva-

528 5685 574 5718 "
595 5682 785 5742 Matth.
808 5706 835 5743 ι·
897 5693 977 5748 l6.
1062 5699 1120 5738 ¹”
1151 5699 1167 5752 l
1199 5699 1323 5754 Cor.
1356 5717 1462 5769 xw,
1499 5703 1549 5758 9.

1631 5705 1673 5735 ’°
1701 5704 1869 5759 Exod.
1909 5721 1979 5776 iv,
2012 5707 2094 5762 10.

2141 545 2299 614 ψάτω
2327 545 2386 598 τὸ
2414 545 2529 614 φῶς
2570 548 2723 616 ὑμῶν
2750 549 3058 620 ἔμπροσθεν
3092 548 3201 601 τῶν
3229 546 3551 619 ἀνθρώπων,
3576 550 3728 614 ὅπως

2143 633 2292 686 ἴδωσι
2321 634 2391 688 τά
2421 636 2561 689 καλά
2596 638 2748 707 ὑμῶν
2777 639 2930 708 ἔργα.
2959 641 3052 694 καὶ
3085 639 3350 706 δοξάσωσι
3379 639 3471 695 τὸν
3505 641 3726 712 Πατέρα

2141 724 2294 795 ὑμῶν
2324 727 2415 779 τὸν
2461 730 2518 781 ἐν
2545 730 2658 793 τοῖς
2691 730 2959 800 οὐρανοῖς.
3003 750 3021 783 ι

2208 817 2318 871 Kal
2355 820 2571 887 Κύριος
2595 821 3014 889 παντοκράτωρ
3048 823 3116 876 ἐν
3142 822 3432 892 σάλπιγγι
3455 823 3723 887 σαλπιεῖ,

2139 907 2235 958 καὶ
2265 911 2618 976 πορεύσεται
2653 911 2724 964 ἐν
2761 911 2932 977 σάλῳ
2961 913 3219 982 ἀπειλῆς
3264 913 3472 968 αὐτοῦ.
3511 914 3728 982 Κύριος

2139 1001 2559 1068 παντοκράτωρ
2588 1005 2946 1071 ύπερασπιεῖ
2997 1003 3215 1070 αὐτῶν,
3247 1004 3347 1058 καὶ
3380 1005 3729 1059 καταναλώ-

2139 1103 2363 1143 σουσιν
2391 1092 2631 1158 αὐτοὺς,
2662 1094 2760 1147 καὶ
2788 1095 3211 1164 καταχὼσουσι
3240 1097 3518 1163 ὲνλίθοις
3542 1113 3730 1165 σφεν-

2137 1177 2342 1247 δόνης,
2390 1183 2486 1235 καὶ
2535 1183 2846 1238 ἐκπίονται
2896 1187 2962 1238 τὸ
2996 1181 3140 1255 αἷμα
3181 1185 3379 1240 αὐτῶν
3408 1187 3488 1252 ὡς
3533 1186 3726 1248 οἶνον,

2138 1270 2238 1322 καὶ
2298 1272 2610 1338 πλήσουσι
2667 1277 2748 1342 ὡς
2809 1276 3031 1345 φιάλας
3093 1277 3544 1344 θυσιαστήριον.
3613 1276 3726 1330 Καὶ

2137 1360 2321 1415 σώσει
2361 1367 2584 1432 αὐτοὺς
2631 1369 2845 1435 Κύριος
2896 1369 2967 1421 ἐν
3029 1367 3104 1437 τῇ
3156 1368 3344 1437 ἡμέρᾳ
3391 1368 3591 1436 ἐκείνῃ
3643 1367 3728 1433 ὡς

2137 1453 2402 1518 πρόϐατα
2436 1455 2593 1508 λαὸν
2623 1457 2834 1511 αὑτοῦ.

2205 1561 2286 1616 ΞΓ
2287 1572 2321 1617 '.
2363 1566 2762 1638 Συνασπιστὴν,
2795 1567 2871 1631 ὡς
2917 1568 3074 1640 ἔφην,
3127 1571 3220 1624 καὶ
3254 1569 3514 1624 σύνοπλον
3541 1569 3725 1633 αὐτοῖς

2139 1654 2466 1725 παρίστησιν
2499 1657 2748 1727 ἐναργῶς
2769 1661 2795 1711 6
2814 1659 2994 1727 λόγος,
3015 1660 3106 1712 τὸν
3129 1659 3239 1712 τῶν
3276 1660 3412 1713 ὅλων
3439 1661 3590 1726 Θεὸν,
3615 1678 3723 1713 πα-

2139 1746 2535 1816 ραταττόμενον
2575 1748 2736 1813 οὕτω,
2763 1752 2856 1804 καὶ
2896 1750 3177 1804 συναθλεῖν
3200 1752 3493 1824 ᾑρημένον,
3518 1753 3590 1816 ῶς
3618 1754 3720 1824 ἤδη

2144 1834 2322 1889 δοκεῖν
2371 1837 2465 1890 καὶ
2502 1837 2836 1910 ἐξηρτῆσθαι
2888 1841 3218 1913 πολεμικῶς,
3251 1844 3344 1896 καὶ
3391 1839 3500 1896 οἷον
3525 1847 3724 1914 χωρεῖν

2137 1926 2358 1995 μᾶλλον,
2414 1929 2509 1981 καὶ
2569 1932 2634 2000 τῇ
2667 1933 2787 1983 κατ’
2826 1932 3038 2003 ἐχθρῶν
3063 1933 3157 2007 ὅλῃ
3200 1935 3440 2005 χρῆσθαι
3472 1935 3721 2005 δυνάμει,

2136 2015 2366 2085 καὶτῆς
2408 2018 2631 2089 ἐνούσης
2680 2020 2992 2086 εὐσθενείας
3044 2025 3249 2087 αὐτοῖς.
3299 2026 3724 2095 Καταστρατεὺ-

2135 2104 2288 2157 εσθαί
2317 2124 2381 2174 γε
2415 2107 2519 2179 μὴν
2555 2106 2614 2162 εὖ
2652 2111 2796 2180 μάλα
2844 2117 3028 2184 φησὶν,
3059 2115 3181 2184 οὐχὶ
3212 2114 3320 2167 τῶν
3352 2115 3440 2168 διὰ
3483 2117 3724 2180 πίστεως

2135 2197 2214 2257 είς
2245 2195 2524 2252 δικαίωσιν
2557 2203 3026 2274 σαγηνευομένων,
3057 2204 3193 2258 ἀλλὰ
3225 2204 3335 2258 τῶν
3374 2205 3574 2268 ἀθλίως
3598 2206 3724 2260 ἀνθ-

2135 2288 2442 2356 εστηκότων
2488 2290 2567 2360 τῷ
2609 2292 2737 2360 θείῳ
2779 2293 3115 2366 κηρύγματι,
3165 2294 3259 2359 οὒς
3300 2297 3395 2350 καὶ
3432 2297 3461 2348 6
3503 2296 3721 2360 Παῦλος

2136 2380 2502 2452 κατεσήμηνε,
2551 2384 2760 2452 λέγων·
2810 2406 2828 2438 ‹
2889 2388 3041 2458 Θύρα
3083 2389 3191 2459 γάρ
3233 2405 3324 2459 μοι
3373 2389 3578 2459 ἀνέῳγε
3624 2406 3725 2458 με-

2135 2467 2273 2538 γάλη
2305 2472 2397 2523 καὶ
2426 2473 2682 2545 ἐναργὴς,
2711 2476 2804 2528 καὶ
2832 2479 2881 2530 οἱ
2910 2478 3274 2547 ἀντικείμενοι
3303 2478 3503 2534 πολλοί.
3537 2498 3557 2529 ι
3592 2479 3726 2532 Σαλ·

2135 2561 2253 2611 πιεῖ
2284 2561 2461 2616 τοίνυν
2486 2565 2514 2616 6
2543 2565 2767 2637 Κύριος,
2804 2569 2987 2639 φησιν,
3025 2572 3084 2623 ὲν
3118 2570 3405 2641 σάλπιγγι.
3434 2570 3721 2639 Λελάληκε

2133 2647 2247 2719 γὰρ
2273 2652 2299 2704 6
2334 2652 2541 2724 Κύριος
2573 2656 2633 2709 τὸ
2658 2658 2919 2730 κήρυγμα
2944 2661 3006 2714 τὸ
3033 2662 3406 2730 εὐαγγελικὸν,
3435 2664 3513 2725 εἰς
3539 2664 3723 2716 πᾶσαν

2133 2739 2346 2809 διᾴττον
2375 2741 2475 2814 τὴν
2497 2744 2586 2798 ὑπ’
2603 2746 2851 2814 οὐρανὸν,
2871 2749 3197 2814 ἐξάκουστον
3213 2753 3323 2824 γὰρ
3345 2754 3459 2810 τοῖς
3477 2753 3723 2805 ἁπανταο

2135 2827 2229 2896 Χοῧ
2259 2830 2320 2882 τὸ
2343 2835 2637 2906 μυστήριον
2658 2855 2671 2870 ο
2691 2833 2759 2908 ἦν
2793 2840 2894 2909 μὲν
2910 2843 3018 2912 γὰρ
3038 2843 3381 2912 ἰσχνόφωνος,
3401 2845 3492 2898 καὶ
3521 2844 3724 2916 βραδύ-

2135 2920 2377 2987 γλωσσος
2407 2927 2436 2978 6
2466 2927 2689 2997 Μωσῆς,
2715 2930 2992 3000 τοιγάρτοι
3014 2933 3108 2986 καὶ
3140 2934 3294 3003 μόλις
3330 2936 3561 3004 ἠκούετο
3576 2935 3726 2989 κατὰ

2139 3012 2304 3082 μόνην
2319 3016 2417 3085 τὴν
2447 3017 2723 3074 Ἰουδαίαν.
2751 3021 2988 3076 Ἥκιστά
3005 3039 3068 3090 γε
3087 3027 3194 3094 μὴν
3210 3026 3266 3077 ἐν
3288 3026 3497 3088 τούτοις
3521 3027 3675 3079 ἐστὶν
3697 3029 3726 3082 ὀ

2136 3103 2260 3172 περὶ
2285 3104 2521 3173 Χριστοῦ
2557 3108 2730 3176 λόγος.
2779 3109 3198 3182 Ἀναπεφώνηκε
3225 3113 3334 3182 γὰρ
3361 3108 3449 3165 οἷά
3476 3131 3559 3175 τις
3591 3114 3726 3167 σάλ-

2135 3193 2264 3259 πιγξ
2305 3193 2568 3266 λαμπρὰ,
2604 3199 2698 3250 καὶ
2746 3199 3107 3270 εὑηχεστάτη,
3153 3202 3248 3254 καὶ
3297 3203 3418 3264 ταῖς
3459 3203 3724 3258 ἁπάντων

2133 3283 2321 3346 ἀκοαῖς
2357 3285 2496 3355 ἠχὴν
2525 3287 2725 3352 ὲνιεῖσα
2763 3291 2862 3362 τὴν
2896 3291 3236 3362 διαπρύσιον.
3288 3311 3308 3344 ι
3349 3293 3621 3348 Βαδιεῖται
3664 3295 3723 3348 δὲ

2130 3372 2318 3450 ὥσπερ
2367 3376 2424 3428 ἐν
2460 3376 2604 3446 σάλῳ
2631 3379 2858 3451 ἀπειλῆς
2891 3383 3078 3448 αὐτοῦ,
3118 3402 3136 3433 ι
3179 3384 3274 3436 καὶ
3294 3384 3722 3455 ὑπερασπιεῖται

2129 3462 2271 3517 οὕτω
2291 3467 2397 3519 τῶν
2431 3469 2624 3523 ἑαυτοῦ
2643 3471 2974 3544 δορυφόρων,
2991 3475 3066 3539 ὡς
3081 3471 3191 3529 οἷον
3208 3477 3312 3530 ὑπὸ
3336 3477 3505 3547 πυρὸς
3533 3477 3718 3531 δαπα-

2130 3553 2322 3608 νᾶσθαι
2348 3556 2472 3622 τοὺς
2503 3560 2952 3632 ἀνθισταμένους,
2973 3566 3130 3635 μόνον
3153 3566 3206 3619 δὲ
3225 3567 3344 3636 οὐχὶ
3375 3568 3467 3621 καὶ
3497 3568 3720 3637 σφενδό-

2130 3657 2226 3710 νης
2259 3641 2426 3707 λίθοις
2473 3647 2670 3710 αὐτοὺς
2707 3651 3080 3721 καταχώσουσι
3121 3655 3514 3721 καταπαίοντες
3543 3673 3720 3726 γεννιι

2131 3732 2261 3796 κῶς.
2295 3735 2606 3792 Ἐκπίονται
2637 3741 2693 3792 δὲ
2720 3742 2811 3794 καὶ
2837 3744 2896 3796 τὸ
2918 3738 3064 3814 αἷμα
3095 3747 3296 3814 αὐτῶν,
3315 3748 3590 3801 τουτέστιν
3620 3743 3714 3801 οἷά

2129 3837 2274 3886 τινες
2305 3823 2470 3897 θῆρες
2511 3828 2944 3898 ὲπιθρώσκοντες
2988 3835 3331 3904 περιέσονται
3363 3836 3578 3908 ῥᾳδίως,
3615 3837 3716 3890 καὶ

2129 3916 2355 3984 νεκροὺς
2392 3917 2750 3988 ἀποφανοῦσι.
2798 3923 3203 3994 Προσκομιοῦσι
3243 3927 3300 3980 δὲ
3337 3927 3415 3996 τῷ
3451 3928 3560 3980 τῶν
3613 3945 3714 4009 πε-

2130 4005 2426 4060 πτωκότων
2475 4011 2668 4080 αἵματι
2719 4013 2918 4082 φιάλας
2965 4017 3418 4089 πεπληρωμένας,
3462 4005 3714 4090 καθάπερ

2129 4095 2249 4148 τινὰ
2267 4099 2496 4168 σπονδὴν
2513 4102 2605 4155 ἐπὶ
2622 4102 2683 4154 τὸ
2707 4103 3111 4180 θυσιαστήριον.
3134 4110 3343 4164 Εὺωδία
3359 4111 3552 4183 γὰρτῷ
3568 4112 3711 4183 Θεῷ,

2131 4186 2226 4238 καὶ
2261 4186 2424 4242 θυσία
2458 4189 2621 4264 δεκτὴ
2655 4194 2760 4249 τῶν
2781 4197 2881 4250 οὐκ
2910 4200 3123 4256 ἐώντων
3155 4202 3421 4267 σώζεσθαι
3449 4206 3572 4268 τοὺς
3611 4222 3711 4258 πε·-

2130 4272 2510 4344 πλανημένους
2549 4280 2845 4348 ὁθάνατος.
2880 4288 2942 4340 Εἰ
2988 4289 3100 4361 γὰρ
3141 4291 3252 4347 τῶν
3285 4293 3549 4362 σωμάτων
3585 4296 3712 4357 τοὺς

2130 4367 2396 4432 φονευτάς
2421 4369 2522 4422 οὐκ
2542 4369 2691 4436 ἄξιον
2720 4373 3010 4445 ἐλεεῖσθαι,
3037 4382 3405 4456 ὑποφέρεσθαι
3437 4385 3492 4438 δὲ
3511 4385 3710 4456 μᾶλλον

2131 4456 2253 4516 ταῖς
2308 4455 2506 4525 δίκαις,
2551 4462 2620 4514 τὰ
2655 4463 2742 4517 ἴσα
2781 4467 3070 4536 παθόντας,
3100 4473 3153 4525 τί
3191 4475 3256 4528 ἄν
3283 4493 3365 4538 τις
3404 4475 3548 4544 λέγοι
3580 4475 3711 4546 περὶ

2128 4545 2236 4598 τῶν
2267 4547 2316 4600 οἳ
2350 4548 2537 4620 ψυχῶν
2571 4553 2828 4628 ὀλετῆρες
2854 4562 3109 4629 γεγόνασι
3144 4565 3236 4618 καὶ
3266 4565 3484 4637 φθορεῖς
3503 4606 3517 4622 .

2196 4631 2320 4690 Εἶεν
2346 4637 2390 4689 δ’
2425 4639 2492 4692 ἂν
2522 4637 2666 4697 οὗτοι
2715 4648 2878 4703 πάλιν
2915 4655 2962 4704 oi
3019 4631 3289 4727 Ἑλλήνων
3328 4631 3572 4726 λογάδες,
3615 4661 3708 4712 καὶ

2123 4725 2222 4796 τῆς
2255 4729 2310 4781 ἐν
2338 4730 2530 4803 κόσμῳ
2563 4737 2756 4806 σοφίας
2788 4742 3024 4812 ἡμμένοι
3071 4725 3172 4817 τὴν
3209 4725 3464 4814 δόξαν,οἱ
3504 4752 3615 4806 ἄνω
3646 4769 3706 4806 τε

2125 4818 2220 4870 καὶ
2252 4820 2403 4874 κάτω
2438 4823 2593 4889 θεοὺς
2615 4829 2710 4880 καὶ
2744 4830 2873 4895 θεὰς
2903 4834 3279 4906 ὀνομάζοντες,
3315 4841 3410 4893 καὶ
3433 4844 3498 4912 τῇ
3531 4844 3706 4896 κτίσει

2125 4910 2276 4980 παρὰ
2325 4913 2415 4966 τὸν
2479 4921 2709 4990 ποιητὴν
2764 4923 3151 4994 ἀναπείθοντες
3198 4937 3559 5004 προσκυνεῖν,
3612 4935 3706 4989 καὶ

2123 4999 2338 5072 ἑκάστῳ
2361 5003 2470 5056 τῶν
2487 5011 2774 5079 στοιχείων
2806 5014 2904 5084 τὴν
2932 5017 3050 5088 Θεῷ
3082 5021 3396 5091 πρέπουσαν
3425 5026 3706 5078 ἀνατιθέν-

2123 5105 2212 5150 τες
2237 5089 2413 5156 δόξαν,
2450 5097 2622 5150 καίτοι
2650 5101 3026 5174 πεπλανήκασι
3058 5109 3157 5178 τὴν
3195 5111 3286 5162 ὑπ’
3315 5111 3561 5184 οὐρανὸν,
3609 5115 3704 5165 καὶ

2123 5178 2242 5250 οὐχὶ
2285 5182 2350 5252 δὴ
2401 5185 2561 5254 μόνον
2606 5191 2748 5244 κατὰ
2777 5210 2838 5260 γε
2876 5195 2967 5249 τὸν
3019 5200 3208 5268 χρόνον
3248 5202 3347 5272 τῆς
3381 5178 3453 5256 ⁷ὲν
3490 5203 3702 5273 σώματι

2123 5265 2304 5338 ξωῆς’
2347 5271 2483 5327 ἀλλὰ
2531 5276 2624 5329 καὶ
2672 5280 2752 5342 είς
2784 5265 3185 5352 χρόνους-τοὺς
3231 5265 3451 5360 ἐφεξῆς.
3499 5265 3700 5361 Μάριοι

2123 5359 2232 5430 γὰρ
2273 5363 2385 5416 ὅσοι
2430 5367 2566 5420 κατά
2609 5373 2832 5442 καιροὺς
2864 5373 3164 5429 διολώλασι”
3179 5380 3277 5449 τῆς
3316 5359 3538 5435 ἐκείνων
3569 5359 3698 5452 ψευ-

2123 5447 2372 5516 δοεπείας
2402 5455 2726 5526 ἡττώμενοι,
2763 5465 2854 5515 καὶ
2882 5463 3107 5536 ψυχροῖς
3141 5469 3233 5522 καὶ
3275 5471 3544 5542 γραὼᾶεσι
3593 5491 3693 5542 μυ·

2126 5536 2332 5608 θαρίοις
2361 5551 2814 5619 προσεσχηκότες.
2861 5555 3182 5628 Ἀνῄρηνται
3211 5560 3273 5632 δὴ
3308 5559 3401 5616 οὖν
3427 5565 3473 5616 οἱ
3506 5564 3699 5620 τοιοίδε
