3936 6318
201 325 300 378 ὶὺἾ

1029 325 1580 383 COMMENTARIUS
1621 325 1686 381 IN
1731 328 2136 387 ZACHARIAM
2178 329 2623 388 PROPIIETAM.

3373 337 3476 392 158

198 428 410 483 λοιπόν.
439 426 662 498 υίχεται
699 428 805 498 γὰρ
837 429 933 498 τῆς
965 427 1186 481 ἐκείνων
1225 433 1551 502 συγγραφῆς
1578 435 1609 503 ή
1641 433 1794 504 βεϐή-

1901 439 2074 494 nescit
2126 439 2271 493 enim
2327 441 2656 508 scriptorum
2721 437 2935 495 illorum
2987 441 3219 509 vanitas,
3282 444 3478 499 fabulas

203 520 392 586 λωσις,
421 521 800 592 ἁπρακτοῦσιν
832 523 878 572 oi
913 520 1090 590 μῦθοι,
1121 521 1213 575 καὶ
1240 518 1350 576 οἷον
1406 524 1706 580 ἐκπέποται
1734 528 1794 582 τὸ

205 608 351 680 αἷμα
378 610 579 664 αὐτῶν.
609 611 732 672 Τοῖς
760 610 866 680 γὰρ
891 612 987 678 τῆς
1007 609 1263 680 ἀληθείας
1284 613 1518 681 δόγμασι
1544 615 1804 687 καθάπερ.

204 709 320 761 τισὶ
349 704 516 766 λίθοις
564 704 677 762 τοῖς
723 701 787 752 ὲκ
831 701 1120 770 σφενδόνης
1155 705 1581 774 καταπαιόμενοι
1624 725 1794 759 κατα·

203 796 527 866 χὼννυπαι,
558 791 652 843 καὶ
693 789 936 857 γέγονεν,
974 789 1049 852 ὠς
1091 789 1247 860 ἔφην,
1297 793 1491 846 εὐωδία
1529 794 1648 864 θεῷ
1692 797 1794 866 τῆς

205 887 432 940 ἐκείνων
462 881 864 951 ἀθυροστομίας
895 883 926 950 ἡ
956 879 1220 946 ἀπώλεια,
1251 902 1268 934 ι
1301 886 1410 938 Καὶ
1439 885 1645 940 σέσωκε
1679 888 1792 941 Κύ-

206 994 324 1043 ριος
355 976 430 1037 ὡς
459 973 708 1042 πρόϐατα
737 971 826 1024 τὸν
847 971 972 1025 λαόν
1005 973 1191 1026 αὑτοῦ.
1232 995 1249 1025 ι
1295 975 1511 1046 Ἐπειδὴ
1538 978 1645 1049 γάρ
1675 981 1791 1033 ἐστι

203 1066 315 1120 τῶν
340 1066 477 1118 ὅλων
506 1065 664 1127 αὐτὸς
688 1063 937 1134 ποιητὴς,
955 1063 1082 1128 λαὸς
1115 1065 1278 1118 αὑτοῦ
1307 1065 1546 1135 λέγοιντο
1574 1070 1639 1122 ἂν
1657 1071 1794 1124 είκό-

201 1177 312 1222 τως
341 1159 434 1211 καὶ
473 1160 519 1210 oi
553 1157 723 1209 παλαι
756 1156 1121 1225 πλανώμενοι,
1143 1157 1234 1222 οὓς
1263 1160 1336 1224 ὼς
1362 1162 1561 1232 ἀγέλην
1584 1164 1792 1235 ἀπελη.

201 1252 448 1321 λαμὲνην
492 1249 594 1302 ὑπὸ
633 1248 844 1318 λῃστῶν
884 1251 1122 1302 σέσωκεν
1155 1254 1182 1304 ὁ
1217 1251 1440 1320 Κύριος,
1485 1255 1612 1317 τοὺς
1654 1255 1788 1326 ψευ-

201 1344 535 1413 δοποίμενας
571 1341 837 1403 ἐκϐαλὼν,
874 1342 968 1394 καὶ
1015 1343 1116 1395 ὑπὸ
1150 1346 1305 1414 χεῖρα
1339 1344 1508 1410 τιθεὶς
1555 1346 1692 1401 ἰδίαν
1732 1350 1792 1403 τὸ

201 1435 546 1506 ἀνθρώπινον
579 1433 753 1504 γένος.
791 1435 943 1486 Ἔστι
974 1434 1082 1504 γὰρ
1117 1435 1276 1499 αὐτὸς
1311 1438 1339 1488 ὁ
1393 1438 1598 1509 ποιμὴν
1632 1442 1660 1493 ὁ
1695 1458 1792 1492 κα-

199 1526 312 1588 λος,
346 1526 375 1577 δ
409 1523 579 1588 τιθεὶς
610 1525 707 1594 τὴν
737 1523 914 1593 ψυχὴν
954 1523 1115 1576 αὐτοῦ
1149 1526 1289 1596 ὑπὲρ
1336 1527 1443 1582 τῶν
1475 1529 1786 1599 προϐάτων.

275 1612 429 1664 Διότι
463 1613 617 1666 λίθοι
641 1611 795 1680 ἅγιοι
827 1612 1137 1666 κινλίονται
1169 1614 1265 1667 ἐπὶ
1303 1614 1412 1684 τῆς
1441 1616 1550 1685 γῆς
1576 1618 1785 1672 αὑτοῦ.

203 1705 335 1756 Ὀτι
378 1705 433 1755 εἴ
477 1721 530 1756 τι
563 1703 786 1772 ἀγαθὸν
822 1702 1030 1769 αὐτοῦ,
1074 1705 1170 1757 καί
1204 1707 1260 1758 εἴ
1301 1724 1354 1760 τι
1407 1710 1600 1761 καλὸν
1639 1711 1782 1777 παρ’

1900 530 2034 585 nihil
2065 540 2254 600 agunt,
2284 540 2334 586 et
2369 533 2588 600 sanguis
2623 546 2811 585 eorum
2845 532 3243 601 quodammodo
3283 543 3474 604 epotus

1897 631 2000 676 est.
2030 622 2286 677 Veritatis
2307 624 2506 693 quippe
2540 624 2814 690 dogmatis
2841 624 3004 679 veluti
3036 626 3358 694 quibusdam
3397 627 3476 682 la-

1897 713 2108 781 pidibus
2145 729 2175 769 e
2218 714 2379 768 funda
2431 717 2672 782 percussi
2719 716 3051 781 obruuntur,
3103 727 3158 771 et
3214 728 3473 788 tanquam

1895 805 2075 860 suavis
2111 807 2243 860 odor
2274 806 2438 859 Deum
2481 804 2681 859 afllavit
2707 807 2973 861 exstincta
3005 821 3190 861 eormn
3228 809 3472 877 loquaci-

1897 904 1977 950 tas
2007 915 2020 951 :
2049 916 2067 948 ι
2102 897 2164 950 Ει
2187 897 2418 951 salvavit
2445 896 2706 950 Dominus
2737 906 2794 950 ut
2817 911 2945 952 oves
2963 899 3214 966 populum
3242 913 3420 952 suum.
3447 916 3466 951 ι

1894 987 2160 1054 Quoniam
2209 990 2350 1042 enim
2398 989 2510 1058 ipse
2548 997 2632 1041 est
2678 988 2927 1042 conditor
2961 989 3226 1053 omnium,
3273 993 3470 1045 merito

1894 1080 2020 1134 item
2075 1081 2300 1148 populus
2343 1077 2459 1146 ejus
2497 1079 2766 1143 dicentur,
2803 1079 2893 1148 qui
2941 1079 3068 1133 olim
3117 1090 3468 1145 erraverunt;

1893 1186 2028 1241 quos
2057 1180 2113 1225 ut
2144 1185 2362 1240 gregem
2393 1185 2422 1225 a
2454 1169 2756 1224 latronibus
2789 1171 3041 1225 abactum
3079 1171 3325 1226 Christus
3353 1173 3466 1226 sal-

1895 1261 2058 1323 vavit,
2091 1259 2242 1314 falsis
2287 1259 2595 1329 pastoribus
2632 1259 2842 1328 ejectis,
2885 1270 2940 1314 et
2975 1275 3175 1328 genere
3226 1261 3468 1315 humano

1894 1350 1946 1404 in
1975 1351 2196 1404 tutelam
2233 1367 2386 1405 suam
2431 1359 2672 1421 recepto.
2709 1351 2829 1420 Ipse
2855 1351 2998 1405 enim
3032 1361 3114 1405 est
3157 1361 3339 1420 pastor
3371 1356 3468 1407 bo-

1893 1455 2016 1504 nus,
2042 1441 2130 1510 qui
2163 1443 2313 1511 ponit
2351 1444 2589 1497 animam
2618 1459 2770 1498 suam
2801 1459 2899 1514 pro
2924 1445 3114 1500 ovibus
3145 1447 3356 1501 suis'°‘.

1963 1619 2126 1674 Vens.
2157 1618 2342 1686 16,17.
2388 1618 2530 1684 Quia
2563 1619 2762 1687 lapides
2793 1623 2964 1674 sancti
2996 1626 3274 1675 volvuntur
3306 1639 3462 1689 super

1893 1723 2085 1764 terram
2121 1711 2258 1780 ejus.
2295 1711 2432 1776 Quia
2467 1713 2516 1764 si
2563 1712 2689 1780 quid
2739 1713 2927 1764 bonum
2969 1711 3134 1778 illius,
3163 1724 3209 1765 et
3254 1715 3299 1765 si
3331 1715 3458 1782 quid

197 1795 410 1858 αὐτοῦ,
437 1794 606 1861 σῖτος
637 1795 996 1859 νεανίσκοις,
1029 1795 1128 1849 καί
1160 1797 1324 1865 οἶνος
1347 1798 1672 1860 εὺωδιιίᾷυν
1699 1803 1787 1868 εὶς

1895 1805 2081 1856 bonum
2124 1804 2186 1856 ab
2217 1820 2297 1867 eo,
2335 1807 2655 1871 frumentum
2692 1803 2994 1872 juvenibus,
3031 1815 3078 1858 et
3127 1806 3302 1859 vinum
3332 1807 3454 1860 boni

199 1886 566 1953 παρθένοι-ς.

270 1973 386 2026 EA'.
428 1975 624 2039 Λίθους
672 1976 770 2046 μὲν
810 1977 996 2045 ἁγίους
1030 1981 1157 2042 τοὺς
1199 1980 1256 2032 ὲν
1296 1981 1360 2049 τῇ
1404 1981 1474 2049 γῇ
1524 1978 1616 2032 τοῦ
1651 1980 1787 2034 Θεοῦ

199 2065 556 2135 κυλιομένους
590 2068 714 2131 τοὺς
748 2070 803 2122 ἐν
844 2073 965 2132 ταῖς
1009 2070 1355 2140 Ἐκκλησίαις
1390 2071 1526 2122 κατὰ
1562 2073 1787 2141 καιροὺς

195 2156 414 2224 ἁγίους,
440 2158 598 2228 οἷπερ
628 2158 693 2211 ἂν
721 2159 958 2226 γένοιντο
984 2161 1337 2230 μυσταγωγοὶ
1366 2162 1458 2214 καὶ
1481 2161 1788 2216 διδάσκαλοι

198 2248 627 2319 κατωνομάσθαι
657 2250 854 2319 φαμέν.
886 2252 1204 2322 Σύμμορφοι
1235 2251 1342 2325 γὰρ
1377 2254 1631 2322 γεγόνασι
1660 2271 1677 2304 ι
1709 2252 1786 2322 τῷ

197 2339 330 2409 λίθῳ
360 2339 437 2409 τῷ
466 2341 731 2411 ἐκλεκτῷ,
762 2342 852 2394 καὶ
879 2343 1278 2413 ἀκρογωνιαίῳ,
1324 2345 1416 2396 καὶ
1449 2344 1671 2414 ἐντίμῳ,
1713 2343 1788 2413 τῷ

201 2434 508 2506 τεθειμένῳ
538 2436 690 2504 παρὰ
712 2436 808 2488 τοῦ
841 2436 974 2489 Θεοῦ
1004 2437 1097 2490 καὶ
1123 2438 1334 2508 Πατρὸς
1363 2439 1442 2501 εἰς
1465 2439 1534 2490 τὰ
1564 2437 1789 2508 θεμέλια

202 2525 362 2580 Σιών.
397 2545 416 2578 ι
450 2528 514 2579 Εἰ
538 2527 594 2579 δὲ
619 2526 763 2590 λίθος
795 2531 822 2580 ὁ
846 2527 1115 2597 θεμέλιος,
1147 2530 1198 2581 oi.
1224 2529 1787 2600 συναρμολογούμενοί

200 2635 262 2670 τε
301 2618 399 2672 καὶ
433 2619 918 2690 συμϐιϐαζόμενοι,
958 2621 1052 2673 καὶ¹
1103 2622 1182 2682 εἰς
1219 2621 1346 2673 ναὸν
1377 2621 1530 2688 ἆγιον
1568 2621 1789 2674 ἀνιστά-

205 2727 360 2779 μενοι
393 2710 472 2780 τῷ
502 2710 642 2782 Θεῷ,
671 2711 807 2765 λίθοι
835 2713 929 2764 καὶ
957 2712 1109 2765 αὐτοὶ
1143 2712 1383 2776 πιθανῶς
1411 2713 1786 2783 ὀνομάζονται.

203 2798 512 2852 Κυλίεσθαί
537 2816 602 2868 γε
633 2799 740 2871 μὴν
762 2801 959 2864 αὐτοὺς
983 2796 1040 2854 εὖ
1068 2801 1213 2872 μάλα
1237 2804 1392 2872 φησὶ,
1421 2801 1483 2854 τὸ
1521 2803 1656 2872 πρὸς
1682 2803 1790 2855 πᾶν

199 2890 384 2944 ὁτιοῦν
405 2892 516 2944 τῶν
555 2892 726 2960 ἁγίων
753 2893 916 2944 οἱονεί
944 2909 1060 2956 πως
1087 2893 1405 2965 εὔστροφον,
1446 2895 1538 2947 καὶ
1566 2894 1786 2964 γοργὸν,

199 2983 290 3036 διὰ
317 2983 515 3038 τούτου
557 2984 856 3056 σημαίνων.
885 2988 950 3040 Oi
985 2987 1092 3056 γάρ
1125 3003 1204 3039 τοι
1246 2990 1582 3058 περιφερεῖς,
1621 2987 1789 3056 ἡγουν

202 3076 568 3146 σφαιροειδεῖς
589 3075 697 3130 τῶν
728 3076 911 3143 λίθων,
934 3077 1093 3131 ὄκνου
1124 3078 1320 3141 παντός
1346 3079 1482 3130 εἰσιν
1508 3079 1785 3146 ἀμείνους,

1891 1893 2066 1946 odoris
2105 1895 2173 1946 ad
2204 1894 2443 1963 virgines.

1965 1985 2150 2042 LXIV.
2194 1986 2424 2056 Lapides
2455 1995 2670 2041 sanctos
2693 1987 2786 2056 qui
2825 1987 2877 2040 in
2915 1996 3055 2040 terra
3087 1987 3204 2057 ejus
3236 1988 3464 2043 volvun-

1893 2087 2018 2145 tur,
2077 2080 2380 2149 quibusque
2430 2079 2760 2148 temporibus
2811 2079 3174 2134 Ecclesiarum
3221 2095 3460 2146 sanetos,

1890 2171 1982 2240 qui
2036 2181 2476 2241 mystagogorum
2555 2171 3042 2240 magistrorumque
3085 2171 3264 2226 cilicio
3312 2175 3463 2244 fungi

1891 2263 2118 2331 possint,
2173 2265 2480 2316 nominatos
2531 2274 2672 2322 esse.
2733 2262 3085 2340 aﬂirmamus.
3141 2263 3463 2319 Cattformes

1890 2354 2034 2410 enim
2083 2361 2210 2408 sunt
2256 2370 2276 2404 ι
2321 2352 2480 2422 lapidi
2515 2353 2708 2420 electo,
2757 2362 2812 2409 et
2857 2370 3070 2410 summo
3104 2356 3373 2425 angularl,
3411 2365 3466 2410 et

1891 2445 2152 2514 pretioso,
2211 2446 2390 2514 posito
2440 2459 2470 2498 a
2527 2443 2636 2499 Deo
2699 2455 2754 2500 et
2801 2445 2962 2500 Patre
3016 2447 3066 2500 in
3113 2447 3462 2500 fundamenta

1893 2535 2022 2588 Sion
2048 2535 2115 2588 ⁸⁸.
2159 2552 2179 2586 ι
2218 2535 2370 2600 Quod
2402 2534 2445 2588 si
2477 2534 2891 2587 fundamentum
2931 2533 3090 2601 lapis.
3115 2535 3374 2602 coaptati,
3407 2544 3465 2587 ct

1890 2621 2346 2688 coagmentati,et
2375 2622 2426 2674 in
2453 2621 2707 2690 templum
2738 2628 2986 2675 sanctum
3018 2620 3250 2675 Domino
3264 2623 3469 2688 erecti,

1891 2713 2053 2768 etiam
2101 2712 2198 2781 ipsi
2244 2727 2347 2766 non
2395 2712 2577 2780 inepte
2642 2712 2849 2780 lapides
2896 2712 3266 2767 nominantur.
3310 2713 3462 2768 Volvi

1889 2815 2067 2859 autem
2097 2804 2218 2859 illos
2263 2803 2667 2873 appositissime
2698 2804 2854 2869 dicit,
2888 2812 2948 2857 ut
2991 2805 3056 2858 ad
3099 2804 3314 2872 quidvis
3339 2820 3466 2858 san-

1890 2908 2102 2951 ctorum
2129 2895 2426 2966 agilitatem
2475 2896 2917 2965 celeritatemque
2947 2895 3205 2951 declaret.
3231 2894 3465 2964 Lapides

1891 2992 2034 3045 enim
2060 2987 2418 3052 orbiculares,
2469 3002 2565 3043 seu
2602 2988 2840 3052 rotundi,
2875 2987 3016 3042 citra
3049 2987 3210 3041 ullam
3242 2987 3467 3042 diﬂicul-

1895 3091 2060 3135 tatem
2110 3079 2454 3134 mobilissimi
2499 3087 2646 3142 sunt,
2693 3080 2735 3133 si
2773 3080 2895 3148 quis
2931 3095 3025 3134 eos
3069 3079 3343 3147 impellere
3373 3095 3467 3134 vo-

200 3168 430 3222 καὶτῶν
464 3168 640 3222 ἄλλων
681 3171 762 3232 είς
789 3171 1000 3240 κίνησιν
1028 3170 1383 3241 ἑτοιμότεροι,
1419 3171 1473 3222 εἴ
1500 3187 1582 3232 τις
1617 3171 1787 3223 ἕλοιτο

1895 3174 2090 3229 luerit:
2130 3175 2208 3228 sic
2237 3173 2451 3226 animus
2481 3182 2792 3226 sanctormn
2837 3172 2902 3225 ad
2955 3172 3134 3225 omnia
3165 3171 3276 3225 Deo
3316 3179 3468 3240 grata

202 3262 378 3313 κινεῖν
399 3275 412 3287 ’
447 3259 729 3327 εὐάγωγος
757 3260 813 3321 δὲ
849 3259 968 3315 λίαν
1006 3261 1085 3323 είς
1120 3260 1182 3313 τὸ
1208 3261 1286 3331 τῷ
1319 3261 1437 3330 Θεῷ
1465 3261 1654 3313 δοκοῦν
1679 3260 1786 3313 τῶν

202 3352 378 3418 ἁγίων
425 3353 455 3405 ὁ
503 3351 646 3414 νοῦς.
675 3352 862 3415 Οὕτως
903 3349 996 3406 οὖν
1031 3355 1163 3423 ἡμῖν
1197 3354 1426 3422 ἑχόντων
1465 3353 1573 3406 τῶν
1600 3352 1784 3416 λίθων,

201 3442 408 3520 πρέεποι
445 3442 513 3495 ἂν
558 3443 706 3512 ἡμᾶς
751 3443 1053 3496 διακεῖσθαι
1089 3443 1190 3504 καὶι
1223 3443 1527 3514 ἀραρότως.
1575 3444 1694 3496 Ὅτι
1736 3442 1789 3495 εῐ

199 3550 255 3586 τι
273 3532 499 3601 ἀγαθὸν,
522 3531 709 3599 αὑτοῦ,
740 3534 832 3586 καὶ
860 3533 913 3585 εἴ
944 3551 998 3586 τι
1047 3534 1232 3596 καλὸν,
1266 3534 1395 3604 παρ’
1421 3534 1607 3597 αὐτοῦ,
1630 3534 1785 3603 δῆλον

200 3625 259 3678 δὲ
287 3625 372 3678 ὅτι
395 3625 491 3678 τοῦ
518 3625 694 3679 πάντα
723 3626 854 3695 ἡμῖν
880 3625 947 3679 τὰ
974 3626 1113 3696 πρὸς
1139 3626 1422 3678 εὐσέϐειαν
1442 3625 1788 3695 διανέμοντος

201 3715 361 3771 Θεοῦ.
414 3718 549 3770 Ποῖα
579 3718 637 3771 δὲ
675 3718 848 3772 ταῦτα
887 3719 1041 3782 soci;
1083 3737 1100 3770 ι
1139 3719 1291 3779 Σῖτος
1335 3717 1656 3780 νεανίσκοις,
1697 3718 1789 3770 καὶ

200 3805 348 3872 οἶνος
384 3808 693 3875 εὐωδιὰζων
719 3811 799 3874 είς
836 3812 1160 3883 παρθένους.
1193 3830 1211 3862 ι
1249 3811 1373 3873 Τοῖς
1413 3811 1512 3879 μὲν
1548 3809 1658 3879 γὰρ
1696 3809 1790 3861 ἁν-

200 3900 566 3970 δριζομένοις,
605 3902 697 3955 καὶ
733 3904 965 3973 νεανικῷ
1011 3904 1318 3975 φρονήματι
1363 3901 1499 3971 πρὸς
1546 3900 1606 3952 τὸ
1637 3900 1786 3969 αὐτῷ

113 4041 120 4043 .
201 3991 398 4044 δοκοῦν
422 3995 835 4055 ἀπονενευκόσι,
863 3995 957 4047 καὶ
989 3987 1231 4064 ττληροῦν
1256 3991 1532 4062 ἑλομένοις
1563 3990 1623 4042 τὸ
1651 3991 1789 4058 ἀγα-

203 4083 318 4146 θὸν,
354 4083 641 4152 δοθήσεται
682 4086 814 4156 παρ’
833 4083 998 4138 αὑτοῦ
1030 4085 1124 4137 καὶ
1160 4084 1239 4136 ἔτι
1273 4083 1473 4154 μείζων
1516 4085 1688 4153 ἰσχὺς.
1714 4082 1788 4146 ὼς

201 4177 265 4226 ἐν
315 4174 448 4244 σίτῳ
491 4175 794 4247 νοουμένη⁸
832 4193 850 4226 ι
899 4173 1153 4245 Στηρίζει
1201 4173 1310 4244 γὰρ
1352 4173 1515 4244 ἄρτος
1558 4171 1789 4242 καρδίαν

201 4261 524 4332 ἀνθρώπου.
574 4282 592 4314 ι
641 4265 763 4327 Τοῖς
813 4280 879 4331 γε
927 4263 1031 4333 μὴν
1080 4263 1182 4333 ἤδη
1225 4261 1646 4332 διηγνισμένοις,
1697 4260 1790 4312 καὶ

202 4355 510 4423 ἁμόλυντον
557 4354 737 4427 έχουσι
795 4355 886 4409 τὸν
945 4354 1102 4417 νοῦν,
1167 4354 1216 4406 οἲ
1261 4355 1353 4407 καὶ
1401 4357 1626 4424 σεμναῖς
1697 4353 1789 4406 καὶ

199 4445 394 4511 ἁγίαις
440 4446 730 4514 παρθένοις
771 4447 1191 4517 παρεικάζοιντο
1239 4445 1304 4499 ἂν
1353 4445 1601 4508 εἰκότως,
1647 4439 1789 4508 οἶνος

197 4536 493 4608 δοθήσεται
540 4539 746 4609 νοητὸς,
786 4541 818 4611 ἡ
869 4540 996 4610 περὶ
1043 4537 1178 4591 Θεοῦ
1218 4537 1461 4609 δηλονότι
1510 4538 1688 4607 σαφής
1727 4554 1786 4589 τε

200 4626 300 4680 καὶ
340 4628 726 4698 ἀκιϐδήλευτος
759 4629 981 4698 γνῶσις,
1018 4649 1037 4682 ι
1069 4633 1101 4701 ἡ
1144 4629 1614 4700 κατευφραίνουσα
1649 4646 1785 4700 καρ-

201 4718 321 4771 δίαν
355 4719 670 4790 ἀνθρώπου.
714 4739 732 4774 ι
759 4721 966 4775 Οὐκοῦν
992 4723 1262 4775 νεανίσκοι
1296 4739 1354 4774 τε
1384 4722 1478 4774 καὶ
1506 4721 1784 4791 παρθένοι,

202 4810 253 4861 οἱ
281 4810 431 4862 κατὰ
460 4827 522 4878 γε
541 4812 666 4873 τοὺς
689 4810 890 4881 ἀρτίως
918 4813 1047 4881 ἡμῖν
1080 4810 1437 4874 ἀποδοθέντας
1463 4810 1676 4878 λόγους,
1707 4811 1786 4872 είς

200 4902 422 4971 εὐρεῖὰν
442 4917 504 4954 τε
527 4901 624 4956 καλ⁹
649 4901 938 4973 ἀμφιλαφῆ
963 4901 1181 4973 μέθεξιν
1204 4901 1311 4956 τῶν
1343 4903 1547 4956 ἄνωθεν
1573 4899 1793 4968 ἀγαθῶν

202 4994 566 5064 κεκλήσονταί
612 5011 673 5047 τε
724 4995 970 5061 εἰκότως,
1011 4996 1106 5048 καὶ
1145 4995 1466 5048 ἀκούσονται
1515 4992 1650 5046 Θεοῦ
1703 4993 1791 5044 λέ-

200 5104 397 5155 γοντος
417 5104 431 5116 ·
471 5105 496 5131 ι
527 5087 756 5149 Φάγετε,
790 5087 880 5140 καὶ
916 5089 1087 5151 πίετε,
1119 5089 1212 5141 καὶ
1246 5087 1550 5158 μεθύσθητε
1578 5089 1626 5138 οἱ
1654 5085 1792 5155 πλη-

201 5179 339 5232 σίον.
385 5199 403 5229 ι
438 5181 672 5248 Πλησίον
691 5180 801 5250 γάρ
833 5180 882 5232 οἱ
908 5181 1099 5232 τοιοίδε
1137 5179 1274 5232 Θεοῦ
1295 5196 1308 5210 ο
1353 5181 1445 5232 καὶ
1489 5179 1549 5231 οὐ
1577 5179 1790 5248 σχέσεσι

197 5273 458 5334 τοπικαίς
483 5287 497 5302 ⁸
526 5271 692 5341 ληρία
721 5273 830 5343 γὰρ
865 5271 1023 5324 τοῦτο
1052 5273 1211 5332 νοεῖν,
1237 5272 1268 5342 ἢ
1304 5273 1596 5340 φρονῆσαιο
1626 5287 1799 5340 παρα·

200 5361 444 5429 στῆματι
489 5359 545 5413 δὲ
581 5360 821 5424 διανοίας
870 5361 949 5430 τῷ
993 5361 1112 5414 λίαν
1162 5361 1546 5430 ἀλκιμωτάτῳ,
1591 5363 1686 5414 καὶ
1725 5363 1788 5431 τῇ

203 5451 342 5518 1:943;
385 5453 492 5503 πᾶν
540 5450 720 5504 ὁτιοῦν
761 5451 870 5504 τῶν
915 5453 1152 5522 ἀρίστων
1201 5453 1406 5520 ἐφέσει,
1457 5454 1552 5505 καὶ
1604 5453 1791 5523 ἀγάπῃ

205 5543 267 5609 τῇ
297 5543 384 5602 εἰς
422 5542 607 5595 αὐτόν.
637 5543 850 5612 ’Ὠσπερ
898 5543 1002 5610 γὰρ
1035 5544 1310 5614 ἐξίστησιν
1351 5545 1514 5614 ἡμᾶς,
1552 5546 1644 5596 καὶ
1682 5540 1792 5596 οἷον

294 5713 532 5770 ³·⁷“.ίοτιιι.
567 5734 620 5774 .\'.
665 5716 747 5775 li.
788 5717 867 5770 l3.

947 5718 1087 5772 “I54
1137 5735 1324 5782 xwm,
1373 5719 1450 5771 Hi.
1512 5719 1722 5774 “l‘sai.
1760 5735 1873 5782 cm,
1914 5719 1993 5774 I3.

1888 3264 2135 3318 obeunda
2168 3271 2251 3317 est
2293 3261 2594 3316 versatilis.
2632 3261 2902 3326 Quoniam
2950 3261 3112 3330 igitur
3153 3260 3362 3329 lapides
3393 3261 3466 3314 ita

1891 3369 1948 3409 se
1991 3355 2212 3418 habent,
2261 3353 2420 3408 docet
2473 3367 2572 3406 nos
2616 3361 2978 3421 congruenter
3007 3351 3277 3406 animatos
3323 3365 3464 3406 esse.

1893 3449 2026 3514 Quia
2071 3447 2116 3500 si
2150 3447 2277 3516 quid
2303 3450 2499 3500 bonum
2535 3445 2651 3512 ejus
2680 3455 2782 3507 est,
2811 3453 2866 3499 et
2911 3444 2956 3498 si
3001 3445 3128 3512 quid
3161 3446 3466 3508 honestum,

1891 3539 1957 3590 ab
1982 3538 2097 3605 ipso
2126 3544 2229 3599 est,
2276 3550 2470 3605 nempe
2501 3549 2530 3587 a
2559 3535 2669 3588 Deo
2702 3535 2882 3588 omnia
2919 3535 3072 3587 nobis
3115 3534 3179 3587 ad
3214 3536 3466 3602 pietatem

1893 3627 2174 3696 largiente.
2207 3627 2336 3690 Qua:
2378 3633 2504 3679 sunt
2549 3635 2726 3678 autem
2755 3624 2903 3677 ista?
2939 3642 2958 3674 ι
2997 3623 3349 3677 Frumentum
3374 3622 3466 3691 ju-

1891 3718 2140 3779 venibus,
2189 3714 2354 3786 7M
2398 3725 2452 3769 et
2493 3716 2678 3768 viuum
2725 3715 3014 3767 'odoratum
3047 3714 3114 3766 ad
3152 3714 3407 3780 virgines.
3442 3730 3462 3764 ι

1892 3807 2051 3861 Viros
2091 3807 2236 3859 enim
2266 3821 2324 3858 se
2358 3806 2744 3873 praebentibus,
2783 3815 2838 3857 et
2869 3803 3111 3856 animose
3140 3801 3260 3871 ejus
3305 3803 3466 3856 bene-

1892 3897 2147 3966 plaeitum
2181 3895 2525 3958 curantibus,
2559 3905 2616 3948 et
2643 3893 2832 3947 virtuti
2864 3894 3071 3948 servire
3098 3894 3466 3962 cupientibus,

1891 3987 2110 4043 dabitur
2149 3986 2217 4040 ab
2267 4001 2334 4041 eo
2386 3985 2564 4052 majus
2616 3986 2794 4039 adhuc
2845 3985 3030 4050 robur,
3079 3985 3219 4054 quod
3268 3986 3320 4038 in
3358 3983 3470 4038 fru—

1893 4089 2080 4134 mento
2129 4077 2492 4147 intelligitur:
2533 4095 2552 4128 ι
2594 4076 2757 4131 Panis
2783 4075 3052 4144 siquidem
3096 4091 3194 4131 cor
3234 4075 3468 4130 hominis

1903 4170 2195 4227 conﬁrmat
2232 4170 2300 4224 ".
2340 4186 2358 4219 ι
2391 4166 2642 4237 Purgatis
2675 4181 2823 4233 vero,
2873 4177 2927 4221 et
2963 4167 3198 4220 animttm
3243 4167 3472 4236 gerenti-

1897 4265 1997 4317 bus
2047 4259 2557 4322 incontamiuatum,
2594 4256 3201 4327 quietvenerabilibus
3251 4266 3310 4311 et
3352 4272 3474 4311 san-

1892 4355 1997 4410 ctis
2025 4354 2327 4425 virginibus
2355 4349 2664 4420 comparari
2698 4351 2821 4418 jure
2851 4358 3071 4419 queant,
3096 4351 3278 4404 vinum
3314 4348 3472 4403 dabi-

1821 4477 1867 4535 D
1895 4457 2004 4514 tur,
2039 4446 2183 4516 quod
2208 4443 2579 4514 intelligentia:
2614 4451 2780 4510 patet,
2819 4443 2912 4496 Dei
2947 4443 3203 4496 nimirum
3237 4441 3390 4510 plena
3417 4451 3472 4496 et

1895 4553 2149 4608 germana
2169 4537 2423 4606 cognitio,
2449 4553 2468 4586 ι
2496 4534 2777 4588 laetiticans
2803 4548 2898 4588 cor
2918 4534 3151 4588 hominis
3170 4534 3234 4586 ⁸³.
3272 4551 3291 4584 ι
3321 4533 3469 4598 Quo-

1878 4630 2037 4703 circa
2069 4629 2440 4682 adolescentes
2471 4635 2526 4680 et
2552 4625 2814 4694 virgines,
2839 4623 2992 4692 juxta
3026 4624 3266 4678 rationes
3312 4623 3470 4676 modo

1893 4736 1923 4774 a
1959 4719 2113 4774 nobis
2133 4718 2456 4788 explicatas,
2490 4717 2556 4770 ad
2587 4716 2821 4784 amplam
2883 4725 2940 4770 et
2974 4716 3250 4786 c0piosam
3299 4715 3469 4768 bono-

1894 4827 2012 4866 rum
2035 4825 2389 4880 supernorum
2415 4811 2856 4864 communionem
2880 4810 3074 4863 merito
3107 4807 3464 4871 vocabuntur,

1892 4903 2220 4972 audientque
2251 4902 2416 4957 Deum
2441 4903 2711 4957 dicentem
2748 4919 2760 4955 :
2799 4920 2818 4952 ι
2856 4899 3161 4964 Comedite,
3186 4909 3242 4952 et
3275 4898 3466 4964 bibite,

1890 5005 1944 5046 et
1967 4991 2329 5058 inebriamini,
2355 4991 2644 5061 propinqui
2673 4990 2741 5044 ".
2776 5007 2796 5041 ι
2823 4989 2886 5043 Hi
2917 4989 3060 5043 enim
3091 4996 3218 5043 sunt
3247 4988 3470 5056 propin-

1890 5088 1982 5155 qui
2036 5086 2165 5140 Dei:
2203 5101 2308 5139 non
2361 5084 2646 5139 affectione
2705 5083 3006 5139 secundum
3053 5080 3270 5136 locum:
3324 5079 3468 5148 quod

1892 5181 2009 5234 sine
2046 5180 2245 5246 ineptia
2281 5177 2506 5247 intelligi
2556 5184 2663 5230 aut"
2697 5175 2927 5242 cogitari
2975 5163 3080 5226 non
3125 5179 3337 5240 potest;
3371 5172 3468 5225 sed

1893 5267 2058 5322 animi
2085 5267 2370 5337 praesen-tia
2400 5267 2558 5336 longe
2588 5263 2985 5327 robustissima,
3017 5271 3073 5317 et
3099 5262 3370 5317 desiderio
3399 5263 3465 5315 ad

1894 5361 2110 5428 quidvis
2130 5360 2417 5428 optimum,
2440 5368 2495 5412 ct
2517 5357 2784 5412 charitate
2815 5369 2941 5425 erga
2977 5354 3149 5409 illum.
3185 5353 3470 5422 Quomodo

1895 5451 2036 5505 enim
2067 5449 2316 5504 deturbat
2373 5463 2490 5511 nos,
2540 5457 2594 5500 et
2633 5446 2789 5514 quasi
2833 5445 3044 5515 longius
3097 5445 3318 5502 abducit
3366 5445 3470 5498 im-

1897 5544 2182 5612 probitas:
2232 5542 2312 5596 sic
2363 5542 2532 5595 virtus
2576 5554 2674 5594 nos
2731 5540 2838 5595 Deo
2890 5539 3052 5608 sistit,
3098 5539 3152 5595 id
3194 5538 3337 5610 quod
3373 5549 3469 5593 nos

2072 5721 2115 5749 ³³
2149 5719 2310 5774 I‘I-ctli.
2353 5736 2437 5786 XL,
2474 5717 2561 5774 ΞΟ.
2639 5720 2683 5750 ³³
2710 5719 2862 5776 Cant.
2903 5719 2955 5782 5,
2990 5716 3036 5771 I.
