3936 6318
489 342 592 401 159

1516 343 1570 399 ὃ.
1615 341 1890 400 CYMLLI
1928 341 2395 399 ALEXANDRINI
2433 339 2748 395 ARCIIIEP.

3632 345 3744 400 460

488 458 763 527 disiungit,
783 468 836 514 et
865 460 1172 528 intercedit,
1206 467 1506 531 peccatum,
1548 461 1786 529 inquam.
1816 478 1845 518 e
1874 462 2054 516 medio

2174 458 2422 528 ἱποφέρει
2453 456 2668 527 μακρὰν
2701 459 2733 526 ἡ
2761 454 3030 525 φαυλότης
3056 471 3068 486 ·
3091 455 3233 508 οὕτω
3260 453 3377 525 Θεῷ
3408 456 3741 526 παρίστησιν

490 561 794 603 [ειηογεης.

1147 853 1294 907 CAP.
1336 855 1403 908 Χ.

560 981 725 1038 Vens.
758 985 780 1037 1
839 982 1007 1037 Petite
1047 1001 1080 1037 a
1120 985 1344 1041 Donttno
1371 987 1604 1057 pluviam
1635 1005 1691 1044 tn
1725 991 1906 1057 Itoras,
1941 1008 2057 1045 ma-

493 1078 743 1138 tutinum,
771 1085 817 1128 et
849 1076 1160 1130 serotinum.

564 1161 722 1218 LXV.
755 1165 1216 1228 Quemadmodum
1249 1167 1394 1222 enim
1425 1182 1609 1238 neque
1641 1169 1970 1226 frumentum
2004 1173 2057 1226 in

494 1254 640 1322 agris
683 1255 821 1308 citra
867 1255 1106 1308 laborem
1140 1261 1472 1325 provenerit,
1513 1277 1686 1329 neque
1726 1263 1884 1316 vinea
1917 1265 2059 1316 mul-

494 1351 606 1396 tum
668 1359 731 1396 ae
773 1344 968 1397 bonum
1017 1347 1195 1400 vinum
1238 1349 1520 1416 protulerit
1555 1369 1568 1404 :
1619 1352 1688 1404 ita
1723 1363 1777 1406 et
1825 1354 1878 1406 in
1907 1356 2062 1410 nobis

493 1433 636 1487 nulla
662 1435 922 1490 exsistere
948 1436 1146 1503 poterit
1177 1437 1429 1492 fertilitas
1447 1441 1767 1508 spiritualis,
1805 1445 1903 1498 nisi
1921 1444 2061 1500 Deus

493 1527 671 1580 instar
701 1529 892 1596 pluvia:
937 1530 1273 1599 eloquiorum
1324 1548 1545 1587 suorum
1594 1537 1975 1592 revelationem
2007 1540 2058 1592 in

493 1619 700 1672 animos
758 1629 812 1673 et
884 1622 1042 1674 corda
1097 1633 1279 1677 nostra
1351 1624 1648 1690 demiserit,
1706 1629 2061 1697 notitiamque

493 1710 647 1763 nobis
702 1711 908 1765 Veteris
943 1727 1006 1765 ac.
1040 1712 1173 1768 Novi
1209 1715 1564 1782 Testamenti,
1610 1718 1712 1772 hoc
1760 1731 1843 1773 est
1875 1721 2060 1789 legalis

2163 553 2197 621 ή
2237 549 2424 620 ἀρετὴ,
2453 548 2513 601 τὸ
2552 547 2770 600 διιστῶν
2821 550 2990 618 ἡμᾶς,
3027 549 3121 601 καὶ
3165 547 3496 617 μεσολαϐοῦν
3529 551 3592 601 ἐκ
3639 549 3742 618 μέ-

2163 657 2257 693 σου
2303 638 2552 708 γενέσθαι
2593 634 3105 708 παρασκευάζουσα,
3142 638 3284 707 φημὶ
3316 637 3382 709 δὴ
3420 638 3516 705 τὴν
3556 638 3740 708 ἁμαρ-

2159 731 2301 785 τίαν.

2778 857 3029 909 ΚΕΦΑΛ.
3083 858 3139 908 l'.

2229 990 2500 1044 Αιτεῒσθε
2527 989 2686 1058 παρὰ
2714 989 2930 1058 Κυρίου
2968 988 3148 1044 ὑετὸν
3188 991 3318 1044 καθ’
3344 987 3522 1058 (ἦσαν,
3559 989 3741 1059 προδι-

2155 1098 2295 1151 μον,
2334 1081 2432 1134 καὶ
2472 1081 2710 1150 ὄψιμον.

2231 1169 2348 1224 EE’.
2391 1171 2602 1241 Ὥσπερ
2651 1170 2758 1240 γὰρ
2785 1167 2908 1221 οὔτε
2938 1171 3083 1232 σῖτος
3128 1172 3188 1222 ἐν
3219 1171 3407 1240 ἀγροῖς
3441 1170 3636 1240 γένοιτ’
3668 1172 3737 1226 ἂν

2162 1263 2324 1314 πόνου
2353 1262 2494 1332 δίχα,
2534 1261 2644 1313 οὔτ’
2683 1261 2748 1315 ἂν
2777 1261 3034 1332 εὖὸοτρύς
3085 1280 3142 1314 τε
3175 1264 3269 1316 καὶ
3310 1262 3515 1325 εῦοινος
3550 1265 3736 1333 ἀμπε-

2159 1351 2266 1404 λὼν
2285 1367 2296 1380 ·
2329 1350 2469 1403 οὕτω
2499 1351 2589 1403 καὶ
2617 1351 2673 1401 ἐν
2706 1351 2835 1420 ἡμῖν
2867 1350 2966 1402 οὐκ
3006 1351 3072 1403 ἂν
3113 1351 3320 1418 γένοιτό
3351 1367 3433 1414 τις
3460 1351 3738 1420 εὐκαρπία

2161 1440 2522 1511 πνευματικὴ,
2555 1442 2628 1511 μὴ
2643 1441 2762 1510 οὐχὶ
2798 1440 2932 1494 Θεοῦ
2952 1441 3231 1504 καθιέντος
3257 1442 3410 1493 ὑετοῦ
3453 1441 3607 1510 δίκην
3653 1443 3737 1504 είς

2160 1533 2304 1597 νοῦν,
2326 1534 2419 1586 καὶ
2437 1533 2660 1604 καρδίαν
2675 1532 2782 1584 τῶν
2811 1530 3002 1584 ἑαυτοῦ
3037 1531 3231 1599 λογίων
3255 1532 3352 1602 τὴν
3371 1532 3735 1600 ἀποκάλυψιν,

2161 1621 2255 1672 καὶ
2302 1620 2500 1688 γνῶσιν
2534 1622 2664 1690 ἡμῖν
2691 1621 2960 1690 οἱονείπερ
2993 1622 3340 1685 ἐνστάζοντος
3372 1621 3463 1674 τοῦ
3499 1639 3557 1674 τε
3611 1622 3739 1692 Ἀρ-

2163 1712 2315 1780 χαίου
2349 1712 2442 1764 καὶ
2463 1711 2600 1764 Νέου
2627 1711 2975 1781 Γράμματος,
2992 1712 3237 1764 τουτέστι
3280 1712 3377 1765 τοῦ
3395 1711 3620 1783 νομικοῦ
3645 1713 3741 1766 καὶ

493 1807 548 1852 et
589 1800 906 1869 evangelici,
935 1805 1088 1870 quasi
1117 1805 1494 1860 instillaverit:
1542 1809 1623 1861 hee
1667 1825 1899 1879 namque
1947 1828 2060 1865 ma-

2174 1799 2254 1850 τοῦ
2271 1797 2620 1865 εύαγγελικοῦ
2643 1813 2656 1826 '
2698 1799 2841 1850 ὑετοὶ
2863 1799 2967 1868 γὰρ
2995 1799 3043 1850 οἱ
3063 1798 3251 1850 τοιοίδε
3284 1797 3530 1870 πρὼῖμός
3555 1818 3612 1853 τε
3643 1802 3739 1854 καὶ

496 1890 666 1943 tutina
721 1901 774 1943 et
809 1894 1043 1947 serotina
1086 1895 1278 1960 pluviae
1309 1897 1528 1951 fuerint.
1566 1898 1680 1953 Non
1713 1916 1832 1955 esse
1884 1912 2062 1957 autem

495 1973 884 2033 infructuosam
916 1983 1278 2051 cognitionem
1339 1996 1392 2040 et
1419 1989 1926 2045 commentationem
1954 1992 2066 2059 spi-

492 2066 745 2122 ritualem
791 2069 940 2136 legis,
984 2072 1111 2138 quin
1141 2088 1257 2127 eam
1298 2077 1513 2130 erudire
1565 2094 1661 2132 nos
1705 2096 1800 2148 per
1854 2081 2055 2151 ﬁguras

495 2168 547 2210 et
587 2159 802 2213 umbras
837 2161 904 2214 ad
941 2163 1253 2232 mysterium
1290 2163 1513 2232 Christi,
1549 2171 1741 2235 probat
1777 2170 2050 2237 Salvator,

493 2247 694 2304 Judaeis
744 2252 856 2319 ipse
901 2253 1174 2320 loquens:
1222 2273 1240 2305 ι
1281 2253 1356 2308 Ne
1408 2261 1605 2324 putetis
1649 2276 1733 2314 me
1775 2276 2057 2316 accusata.

495 2353 614 2392 rum
645 2354 740 2393 vos
773 2343 910 2409 apud
955 2342 1167 2397 Patrem
1197 2362 1210 2397 :
1255 2356 1337 2399 est
1371 2347 1459 2414 qui
1491 2359 1710 2404 accusat
1758 2368 1851 2406 vos
1890 2353 2062 2408 Moses

498 2438 697 2494 vester,
755 2430 806 2483 in
847 2447 1006 2500 quem
1037 2449 1130 2486 vos
1175 2439 1454 2503 sperastis.
1494 2437 1548 2491 Si
1578 2441 1721 2493 enim
1768 2445 2063 2498 crederetis

495 2517 651 2584 Mosi,
689 2523 984 2574 crederetis
1014 2522 1240 2577 forsitan
1273 2534 1328 2579 et
1354 2527 1487 2580 mihi
1515 2544 1528 2591 ;
1583 2530 1648 2581 de
1676 2545 1762 2583 me
1797 2532 1940 2584 enim
1975 2533 2064 2586 ille

495 2609 713 2677 scripsit
742 2612 809 2667 ”.
852 2629 870 2662 ›
913 2613 999 2664 Ait
1034 2622 1086 2666 et
1113 2614 1308 2668 alicubi
1339 2617 1404 2669 de
1438 2617 1644 2672 Scribis
1672 2628 1725 2672 et
1751 2619 2061 2689 Pharismis,

499 2710 554 2751 ut
582 2715 647 2754 ex
673 2701 824 2766 legali
855 2703 1194 2761 institutione
1223 2708 1289 2761 ad
1322 2709 1480 2780 745
1511 2711 1934 2775 meliorem,le
1983 2726 2066 2772 est

496 2789 860 2858 evangelicam
894 2793 1098 2845 vocatis
1125 2811 1138 2845 :
1170 2812 1186 2844 ι
1219 2796 1343 2848 ideo
1366 2799 1541 2851 omnis
1571 2800 1748 2852 scriba
1789 2802 1979 2856 doetus
2011 2805 2063 2857 in

500 2891 668 2946 regno
695 2880 954 2933 caelorum
990 2882 1184 2937 similis
1214 2894 1295 2938 est
1321 2886 1522 2939 homini
1550 2888 1948 2956 patrifamilias,
1973 2894 2064 2960 qui

499 2964 700 3033 profert
729 2969 792 3021 de
821 2969 1076 3024 thesauro
1112 2988 1208 3026 suo
1237 2989 1372 3026 nova
1404 2985 1457 3029 ct
1485 2987 1666 3031 vetera
1700 2981 1766 3032 ".
1811 2998 1829 3030 ι
1868 2980 2065 3035 Peten-

508 3062 596 3108 tes
628 3055 794 3124 igitur
819 3073 846 3109 a
879 3057 987 3112 Deo
1015 3059 1235 3128 legalem
1284 3071 1337 3114 et
1362 3065 1720 3132 evangelicum
1747 3068 2029 3122 scientiam

499 3154 554 3200 et
578 3161 674 3199 nos
702 3146 892 3215 dignos
915 3150 1232 3205 exhibentes
1255 3153 1346 3221 qui
1376 3155 1734 3220 obtineamus,
1766 3159 1948 3228 utique
1978 3175 2068 3215 ac-

501 3236 782 3304 cipiemus,
837 3252 889 3293 et
947 3241 996 3294 in
1056 3243 1294 3295 animum
1357 3233 1642 3302 thesauros
1687 3264 2063 3320 congeremus,

496 3339 683 3382 vetera
737 3339 790 3383 et
847 3346 981 3384 nova
1042 3333 1375 3404 colligentes,
1423 3349 1476 3392 et
1527 3347 1765 3395 mentem
1824 3343 2069 3399 ubertate

503 3417 738 3470 maxima
767 3419 1122 3476 cumulantes.

575 3585 735 3641 Vsus.
771 3588 825 3643 2.
866 3589 1112 3644 Dominus
1145 3594 1264 3660 fecit
1290 3595 1624 3661 phantasias,
1653 3608 1700 3651 et
1727 3599 1955 3666 pluviam
1983 3602 2068 3655 hi-

505 3680 713 3732 bernam
743 3679 885 3732 dabit
945 3681 1039 3743 eis,
1093 3685 1366 3752 unicuique
1413 3685 1622 3740 herbam
1663 3690 1717 3742 in
1743 3706 1889 3758 agro.
1927 3691 2071 3755 Quo-

503 3769 645 3822 niam
677 3767 938 3838 loquentes
969 3771 1130 3824 locuti
1153 3784 1273 3826 sunt
1297 3774 1521 3840 labores,
1566 3789 1613 3832 et
1664 3780 1826 3833 divini
1849 3781 2070 3834 visiones

504 3861 691 3930 falsas,
729 3872 777 3915 et
805 3864 1063 3917 insomnia
1098 3865 1235 3934 falsa
1282 3868 1645 3938 loquebantur,
1678 3889 1806 3925 uane
1833 3877 2072 3926 consola-

506 3955 716 4006 bantur.
757 3952 882 4007 Ideo
910 3969 1222 4011 exaruerunt
1253 3969 1308 4012 ut
1341 3978 1442 4014 non
1466 3963 1708 4017 habentes
1741 3965 1992 4032 pluviam,
2023 3975 2071 4020 et

506 4046 681 4117 amicti
713 4058 832 4102 sunt
860 4051 991 4104 sicut
1022 4067 1158 4117 oves,
1193 4056 1316 4126 quia
1339 4071 1439 4110 non
1469 4067 1581 4110 erat
1608 4061 1834 4111 sanatio.

576 4227 757 4282 LXVI.
831 4226 1050 4285 Occulta
1139 4235 1366 4302 quadam
1436 4235 1699 4289 sententia
1753 4235 1842 4289 hic
1921 4234 2073 4289 locus

507 4334 788 4389 prtegnans
814 4332 914 4387 est,
939 4339 1096 4393 quam
1128 4326 1276 4394 prius
1317 4341 1346 4378 a
1382 4341 1466 4380 me
1489 4326 1769 4395 perspicue
1794 4326 2073 4380 declaran-

2038 3111 2054 3136 ’
2093 3113 2136 3171 C

2165 1888 2358 1956 ὃῲιμος
2377 1883 2483 1941 εἷεν
2506 1887 2590 1940 ἄν.
2611 1888 2728 1940 ’Ότι
2757 1887 2812 1939 δὲ
2833 1890 2932 1940 οὐκ
2962 1889 3255 1958 ἀσυντελὴς
3283 1891 3363 1951 είς
3385 1891 3566 1960 ὄνησιν
3592 1890 3737 1960 ἡτοῦ

2165 1976 2328 2044 νόμου
2353 1974 2569 2043 γνῶσις,
2587 1977 2679 2026 καὶ
2698 1975 2898 2045 θεωρία
2927 1977 3288 2046 πνευματικὴ,
3314 1979 3656 2046 παιδαγωγεῖ
3683 1978 3740 2030 δὲ

2169 2065 2366 2136 μᾶλλον
2397 2067 2545 2135 ἡμᾶς
2570 2064 2658 2117 διὰ
2701 2065 2894 2130 τύπου,
2943 2067 3039 2120 καὶ
3087 2070 3244 2131 σκιᾶς
3286 2070 3377 2122 ἐπὶ
3412 2070 3470 2120 τὸ
3500 2068 3739 2139 Χριστοῦ

2169 2156 2490 2226 μυστήριον,
2535 2154 2864 2209 πιστώσεται
2907 2157 3082 2225 λέγων
3121 2159 3282 2221 αὐτὸς
3318 2162 3346 2212 ό
3383 2160 3574 2231 Σωτὴρ
3624 2163 3740 2221 τοῖς

2178 2247 2442 2299 Ἰουδαίων
2469 2246 2662 2316 δήμοις
2680 2262 2692 2275 ·
2735 2264 2753 2293 σ
2780 2248 2870 2316 Μὴ
2905 2248 3109 2300 δοκεῖτε
3134 2251 3211 2302 ὅτι
3240 2250 3348 2317 ἐγὼ
3377 2255 3741 2321 κατηγορήσω

2167 2335 2319 2404 ὑμῶν
2346 2336 2478 2405 πρὸς
2503 2335 2593 2388 τὸν
2628 2335 2847 2405 Πατέρα
2865 2351 2878 2366 ⁸
2904 2337 2932 2387 ὁ
2973 2340 3290 2408 κατηγορῶν
3319 2340 3470 2408 ὑμῶν
3509 2342 3739 2410 Μωσῆς,

2165 2427 2244 2488 είς
2265 2425 2322 2477 ὃν
2340 2427 2496 2494 ὑμεῖς
2514 2424 2798 2493 ἠλπίκατε.
2837 2427 2898 2478 Εἰ
2917 2426 3022 2497 γὰρ
3041 2428 3354 2480 ἐπιστεύετε
3389 2430 3588 2491 Μωσεῖ,
3619 2431 3741 2480 ἐπι-

2167 2517 2382 2569 στεύετε
2413 2517 2478 2570 ἂν
2507 2517 2627 2586 ἐμοί
2653 2533 2666 2546 ο
2700 2517 2827 2586 περὶ
2857 2518 2965 2588 γὰρ
3010 2519 3144 2588 ἐμοῦ
3179 2522 3382 2582 ἐκεῖνος
3414 2520 3678 2590 ἔγραψεν.
3716 2539 3736 2570 ι

2169 2608 2314 2677 Ἔφη
2330 2608 2384 2660 δέ
2403 2624 2502 2659 που
2522 2607 2613 2659 καὶ
2635 2607 2886 2676 περὶτῶν
2911 2609 3285 2679 Γραμματέων
3302 2612 3392 2662 καὶ
3408 2610 3741 2679 Φαρισαίων,

2165 2696 2318 2757 ὣςὲκ
2345 2698 2573 2766 νομικῆς
2602 2696 2938 2759 παιδεύσεως
2969 2699 3316 2768 καλουμένων
3345 2700 3436 2751 ἐπὶ
3458 2698 3552 2769 τὴν
3569 2701 3742 2767 εὐαγ-

2167 2787 2420 2857 γελικήν·
2456 2807 2474 2838 ι
2514 2786 2612 2840 Διὰ
2649 2788 2805 2840 τοῦτο
2846 2789 2954 2850 πᾶς
2992 2791 3351 2859 γραμματεὺς
3382 2789 3745 2858 μαθητευθεὶς

2165 2876 2222 2927 ὲν
2255 2878 2320 2945 τῇ
2353 2875 2595 2945 βασιλεία
2621 2876 2727 2927 τῶν
2770 2875 3032 2942 οὐρανῶν,
3066 2875 3247 2944 ὅμοιός
3295 2877 3441 2927 ἐστιν
3471 2874 3747 2945 ἀνθρώπῳ

2166 2967 2535 3037 οἰκοδεσπότῃ,
2570 2968 2716 3030 ὅστις
2742 2964 2992 3018 ὲκὸἁλλει
3043 2967 3107 3017 ὲκ
3135 2964 3226 3017 τοῦ
3257 2965 3531 3036 θησαυροῦ
3573 2965 3746 3018 αὑτοῦ

2169 3055 2329 3108 καινὰ
2362 3057 2453 3108 καὶ
2484 3054 2708 3108 παλαιά.
2753 3073 2772 3104 s
2813 3053 3019 3106 Οὐκοῦν
3037 3052 3310 3116 αἰτοῦντες
3327 3053 3475 3122 παρά
3493 3054 3636 3107 Θεοῦ
3651 3061 3748 3126 τήν

2168 3157 2228 3192 τε
2247 3143 2489 3211 -νομικὴν
2509 3142 2598 3193 καὶ
2621 3140 2979 3209 εύαγγελικὴν
2999 3141 3303 3211 ἐπιστήμην
3331 3141 3511 3208 ἀξίους
3545 3161 3607 3196 τε
3655 3145 3747 3198 τοῦ

2169 3231 2349 3285 λαϐεῖν
2387 3233 2613 3294 ἑαυτοὺς
2663 3232 3134 3300 παραστήσαντες,
3167 3231 3451 3301 ληψόμεθα
3502 3236 3746 3299 πάντως,

2170 3322 2261 3374 καὶ
2294 3321 2417 3384 τοὺς
2449 3323 2528 3383 είς
2555 3321 2676 3374 νοῦν
2722 3321 2829 3374 ἔσω
2863 3322 3223 3393 πληρώσομεν
3268 3323 3592 3395 θησαυροὺς,
3653 3345 3751 3380 παο

2169 3412 2296 3466 λαιά
2317 3430 2374 3463 τε
2406 3413 2497 3464 καὶ⁵
2524 3412 2620 3465 νέα
2643 3412 3011 3481 συλλέγοντες,
3047 3414 3306 3484 πλείστης
3336 3433 3394 3468 τε
3422 3417 3552 3486 ὅσης
3587 3435 3748 3471 πνευ·

2173 3504 2406 3573 ματικῆς
2433 3503 2738 3573 εὐκαρπίας
2763 3505 3192 3573 ἀναμεστοῦντες
3229 3508 3319 3560 τὸν
3350 3509 3488 3562 νοῦν.

2239 3597 2452 3663 Κύριος
2483 3596 2734 3662 ἐποίησε
2779 3597 3139 3664 φαντασίας,
3186 3598 3284 3650 καὶ
3332 3599 3509 3653 ὑετὸν
3554 3617 3750 3668 χειμε-

2163 3689 2338 3757 ρινὸν
2369 3688 2546 3741 δώσει
2581 3687 2806 3754 αὐτοῖς,
2857 3688 3093 3754 ἑκάστῳ
3139 3689 3414 3756 βοτάνην
3449 3691 3519 3743 ἐν
3561 3689 3744 3759 ἀγρῷ.

2171 3782 2325 3833 Διότι
2364 3783 2419 3834 oi
2466 3780 2976 3849 ἀποφθεγγόμενοι
3022 3779 3338 3844 ἐλάλησαν
3365 3784 3607 3846 κόπους,
3649 3783 3745 3835 και

2172 3874 2226 3925 οὶ
2252 3869 2496 3939 μάντεις
2519 3869 2760 3938 ὁράσεις
2791 3870 3055 3939 ψευδεῖς,
3083 3871 3179 3924 καὶ
3218 3870 3289 3924 τὰ
3313 3872 3565 3925 ἐνύπνια
3593 3875 3744 3940 tiret)-

2172 3959 2250 4027 δῆ
2278 3959 2562 4024 ἐλάλουν,
2591 3959 2813 4027 μάταια
2848 3959 3252 4026 παρεκάλουν.
3282 3961 3381 4013 Διὰ
3413 3961 3588 4014 τοῦτο
3609 3962 3746 4030 ἐξη-

2167 4051 2483 4122 ράνθησαν
2506 4051 2585 4116 ὡς
2616 4053 2725 4103 οὐκ
2751 4051 2995 4117 ἔχοντες
3015 4051 3211 4113 ὑετὸν,
3237 4051 3332 4104 καὶ
3361 4051 3745 4119 ἐκακώθησαν

2173 4144 2253 4208 ὡς
2282 4143 2563 4209 πρόϐατα,
2592 4141 2741 4193 διότι
2771 4143 2880 4194 οὐκ
2909 4141 2988 4209 ἦν
3011 4143 3192 4209 ἴασις.

2243 4233 2377 4300 squ
2423 4232 2609 4284 Ὠδίνει
2638 4230 2757 4283 τινὰ
2796 4232 3184 4302 κεκρυμμένην
3211 4231 3414 4287 ἔννοιαν
3444 4234 3502 4287 τὸ
3535 4236 3747 4305 προκεί-

2179 4340 2357 4395 μενον,
2394 4323 2462 4393 ἢν
2494 4323 2809 4388 ἀναγκαῖον,
2851 4319 3005 4393 οἶμαί
3051 4341 3175 4385 που,
3224 4325 3746 4395 προδιατρανοῦσθαι

506 4411 630 4463 dam
669 4413 961 4468 existimo:
1007 4415 1086 4468 sic
1111 4417 1252 4468 enim
1289 4416 1570 4469 consilium
1611 4427 1664 4470 et
1701 4431 1919 4484 scopum
1953 4433 2065 4486 pro-

2181 4413 2387 4482 σαερῶς,
2419 4414 2626 4465 συνεῖεν
2672 4412 2781 4481 γὰρ
2811 4411 2952 4465 οὕτω
2976 4414 3083 4467 τῶν
3127 4414 3217 4467 τοῦ
3266 4417 3541 4486 προφήτου
3572 4417 3747 4487 ῥημά-

507 4501 680 4571 pheta:
723 4504 773 4555 in
805 4502 981 4558 verbis
1023 4505 1261 4559 recitatis
1301 4505 1524 4559 Studiosi
1573 4506 1894 4573 percipient.
1947 4508 2076 4561 Erat

506 4591 649 4646 enim
685 4592 759 4646 illi
791 4609 968 4647 sermo
998 4595 1062 4648 de
1093 4596 1312 4659 sanctis,
1345 4605 1564 4662 quos-et
1616 4595 1818 4663 lapides
1863 4608 2076 4654 sanctos

506 4683 822 4738 nominabat
853 4686 918 4749 ³⁷,
953 4685 1127 4754 iisque
1151 4685 1472 4738 frumentum
1495 4685 1756 4753 imprimis
1789 4689 2077 4742 convenire

506 4771 828 4839 afﬁrmabat,
879 4783 936 4828 ut
986 4777 1212 4848 viriliter
1251 4774 1556 4845 agentibus,
1611 4776 1726 4830 sive
1767 4775 2072 4844 juvenibus,

507 4874 668 4933 atque
701 4867 860 4920 etiam
894 4867 1077 4920 vinum
1101 4866 1409 4928 beueolens,
1439 4867 1580 4936 quod
1608 4877 1792 4922 essent
1819 4871 2072 4938 virgines,

507 4957 561 5013 id
591 4960 832 5030 est,casti
859 4970 913 5014 et
943 4958 1394 5014 incontaminatiu
1430 4960 1528 5023 Qui
1555 4961 1695 5012 enim
1726 4969 1850 5014 sunt
1877 4961 2076 5015 Christi

504 5048 651 5116 Jesu,
678 5065 892 5105 carnem
925 5064 1074 5103 suam
1099 5048 1483 5104 crurifixerunt
1512 5065 1634 5104 cum
1653 5051 1818 5115 vitiis,
1853 5061 1910 5106 et
1943 5067 2074 5108 con-

507 5145 872 5214 cupiscentiis,
911 5163 930 5196 ›
952 5153 1011 5197 ut
1039 5143 1250 5196 divinus
1271 5142 1467 5198 Paulus
1497 5145 1685 5200 scribit
1705 5147 1769 5200 ⁸⁸.
1804 5145 2067 5216 Praecepit

509 5244 687 5290 autem
714 5236 845 5305 ipsis
867 5243 1049 5304 petere
1069 5234 1298 5303 pluviam
1327 5237 1646 5290 matutinum
1663 5245 1717 5293 et
1737 5237 2027 5292 serotinum
2052 5253 2067 5302 ;

509 5327 702 5381 deinde
727 5326 1022 5380 errantium
1047 5325 1319 5381 mentione
1350 5327 1650 5395 iuterjecta,
1682 5328 1826 5383 velut
1849 5342 2068 5382 causam

510 5414 745 5479 adducit,
791 5429 890 5468 cur
943 5430 1040 5470 nec
1089 5415 1438 5482 frumentum,
1483 5433 1582 5473 nec
1624 5419 1804 5472 vinum
1843 5419 2072 5473 habeant

511 5502 635 5576 ipsi,
663 5519 763 5560 nec
793 5504 1002 5576 pluviis,
1033 5521 1150 5576 ante
1201 5506 1473 5563 intellectu
1505 5508 1920 5578 perspiciuntur,
1949 5509 2072 5561 irri-

2171 4524 2280 4559 των
2308 4505 2400 4558 τὸν
2449 4503 2650 4556 σκοπὸν
2698 4504 2748 4554 οἱ
2781 4503 3257 4574 φιλεπιστήμονες.
3286 4502 3524 4575 Ἠν-μὲν
3569 4507 3677 4578 γὰρ
3720 4509 3748 4560 ὁ

2170 4596 2327 4662 λόγος
2357 4592 2505 4662 αύτῴ
2553 4594 2681 4662 περὶ
2719 4591 2825 4645 τῶν
2869 4593 3058 4659 ἁγίων,
3091 4593 3183 4656 οὒς
3221 4593 3314 4646 καὶ
3352 4595 3532 4658 λίθους
3563 4596 3748 4664 ἁγίους

2171 4681 2441 4753 ὠνόμαζε,
2483 4680 2624 4733 σῖτόν
2655 4697 2712 4733 τε
2748 4682 2930 4743 αὐτοῖς
2959 4682 3040 4734 ὅτι
3080 4681 3314 4752 μάλιστα
3355 4683 3584 4753 πρέπειν
3615 4685 3746 4753 ἐφα-

2173 4793 2319 4839 σκεν,
2355 4775 2429 4835 ὡς
2468 4771 2890 4843 ἀνδριζομένοις,
2939 4773 3105 4843 ἤγουν
3148 4774 3468 4839 νεανίσκοις,
3504 4775 3598 4828 καὶ
3646 4777 3747 4844 μὴν

2182 4869 2274 4922 καὶ
2299 4864 2439 4920 οἶνον
2483 4865 2862 4928 εὐωδιόιζοντα,
2898 4864 2984 4918 διά
3027 4883 3108 4918 τοι
3164 4866 3223 4919 τὸ
3243 4861 3380 4920 εἶναι
3429 4866 3746 4938 παρθένους,

2179 4957 2458 5011 τουτέστιν
2513 4955 2707 5024 ἁγνούς
2751 4972 2809 5006 τε
2870 4957 2963 5008 καὶ
3003 4955 3325 5026 ἀϐεϐήλους.
3364 4977 3382 5008 ι
3418 4960 3480 5010 Oi
3526 4958 3634 5028 γὰρ
3661 4958 3748 5012 τοῦ

2181 5049 2416 5121 Χριστοῦ
2461 5047 2654 5118 Ἰησοῦ,
2677 5046 2773 5117 τὴν
2802 5046 2982 5117 σάρκα
3011 5048 3358 5118 ἐσταύρωσαν
3383 5050 3480 5102 σὺν
3507 5052 3618 5112 τοῖς
3655 5065 3749 5101 πα-

2174 5142 2402 5211 θήμασι,
2435 5139 2528 5192 καὶ
2563 5141 2682 5201 ταῖς
2709 5137 3045 5208 ἐπιθυμίαις,
3081 5157 3100 5188 ι
3139 5139 3282 5193 καθά
3317 5157 3479 5210 φησιν
3501 5142 3528 5192 ό
3556 5139 3751 5192 θεσπέ-

2176 5249 2288 5294 σιος
2325 5231 2554 5294 Παῦλος.
2589 5231 2769 5282 Αίτεῖν
2797 5229 2851 5282 δὲ
2877 5230 3058 5294 αὐτοῖς
3090 5233 3427 5302 προστ’έταχε
3460 5232 3556 5284 καὶ
3603 5231 3750 5283 ὑετὸν

2175 5323 2423 5395 πρώῖμον
2452 5322 2546 5376 καὶ
2565 5321 2791 5392 ὄψιμονε
2821 5318 2938 5375 εἶτα
2971 5322 3174 5393 μεταξὺ
3199 5326 3302 5394 τῆς
3329 5323 3457 5393 περὶ
3485 5321 3593 5375 τῶν
3623 5338 3750 5374 πλα-

2176 5415 2431 5483 νωμένων
2464 5411 2920 5483 παρεμϐαλούσης
2949 5415 3187 5485 μνήμης,
3221 5413 3318 5486 τὴν
3349 5414 3529 5468 αἰτίαν
3561 5412 3748 5480 ὥσπερ

2175 5504 2496 5558 ἀποδίδωσιν
2538 5504 2596 5554 ἐν
2641 5501 2871 5566 τούτοις,
2905 5503 2997 5556 τοῦ
3049 5507 3184 5575 μήτε
3235 5507 3399 5571 σῖτον,
3457 5505 3592 5575 μήτε
3647 5501 3749 5571 μὴν

590 5678 802 5736 “.luau.
841 5697 888 5748 v,
924 5683 1009 5748 «i5,
1050 5684 1128 5738 iii.
1207 5685 1250 5718 ³⁸
1273 5684 1458 5742 Matth.
1495 5701 1614 5750 xm,
1653 5685 1740 5738 52.
1817 5685 1859 5714 ³⁷
1889 5683 2062 5738 Zacha

2183 5697 2232 5748 κ,
2273 5681 2357 5736 10.
2451 5678 2494 5711 ²⁸
2522 5679 2693 5734 Galat.
2727 5695 2780 5749 v,
2805 5680 2895 5735 25.
