3936 6318
193 215 295 270 ιω

1023 207 1572 267 COMMENTARIUS
1609 205 1675 263 IN
1719 203 2121 262 ZACHARIAM
2164 206 2602 263 PRt‘»PllETAM.

3371 205 3474 262 £63

163 298 346 382 ὀἶνον
374 291 524 398 ἔχειν
556 327 752 391 αὐτὰς,
783 326 882 381 ἀλλ
928 327 1047 382 οὐδὲ
1078 329 1252 392 ὑετοῖς
1281 327 1649 400 κατάρδεσθαι
1681 329 1794 390 τοῖς

1903 338 2110 396 gentur,
2156 339 2212 382 ut
2259 327 2379 382 inde
2426 328 2480 381 in
2517 325 2660 394 agris
2703 323 2924 379 herbam
2963 339 3066 379 non
3102 323 3355 380 habeant.
3405 326 3472 380 Et

195 422 438 492 νοητοῖς,
470 419 548 484 ὡς
572 420 823 473 ἐντεῦθεν
852 421 1049 482 αὐτοὺς
1084 419 1158 490 μὴ
1187 420 1330 490 ἔχειν
1360 421 1417 473 ὲν
1446 418 1600 490 ἀγρῷ
1632 417 1790 488 βοτά-

197 527 327 582 νην.
356 511 466 564 Καὶ
500 513 530 564 ὀ
583 512 683 581 μὲν
730 510 887 579 λόγος
919 511 994 574 ὡς
1030 513 1123 563 ἐπὶ
1165 513 1506 582 πραγμάτων
1535 509 1790 563 ὲκπεποί-

200 621 330 675 ηται
358 603 469 656 τῶν
495 603 770 674 αἰσθητῶν
789 620 802 633 ·
831 604 863 671 ἧ
892 620 952 668 γε
979 603 1084 672 μὴν
1108 604 1165 654 ὲν
1188 604 1370 666 αὐτοῖς
1397 603 1598 672 θεωρία
1621 601 1789 670 λεπτή

201 711 267 747 τε
294 695 434 762 ἀγαν
478 694 618 757 ἐστὶ,
662 695 757 747 καὶ
803 693 936 746 πολὺ
980 693 1100 746 λίαν
1131 693 1330 764 ἔχουσα
1367 694 1428 746 τὸ
1479 691 1788 762 εἰλικρινές.

203 785 346 839 Θεοῦ
399 786 527 856 γὰρ,
587 786 744 855 φησι,
800 784 1080 848 ποιοῦντος
1125 783 1448 852 φαντασίας,
1513 783 1792 836 τουτέστιν

203 877 517 947 ἀστραπὰς,
553 877 646 929 καὶ
695 876 848 929 ὑετὸν
886 879 951 944 τῇ
982 879 1049 944 γῇ
1083 875 1174 927 τὸν
1217 875 1523 946 χειμερινὸν
1551 874 1790 942 χέοντος,

204 971 268 1033 ὃς
297 971 413 1021 ἐστι
432 971 724 1038 χρήσιμος.
753 969 846 1022 καὶ
876 968 983 1037 μὴν
1010 967 1103 1020 καὶ
1135 967 1368 1036 ἑκάστῳ,
1393 966 1501 1017 τῶν
1523 967 1579 1018 ὲν
1603 965 1792 1034 ἀγροῖς

206 1061 476 1132 δηλονότι,
506 1061 738 1124 διδόντος
765 1061 1016 1130 βοτάνην,
1043 1060 1451 1129 πεπλανηκασιν
1477 1058 1716 1120 ἐκείνους
1743 1058 1791 1108 oi

206 1154 719 1224 ἀποτθεγγόμενοι,
777 1152 1079 1215 τουτέστιν,
1129 1153 1178 1204 oi
1223 1150 1534 1220 ψευδοεπεῖς
1579 1167 1638 1201 τε
1699 1147 1792 1201 καὶ

204 1243 558 1314 ψευδηγόροι,
599 1245 696 1297 καὶ
753 1245 1010 1313 μαντείας
1048 1243 1296 1311 λέγοντες
1317 1243 1414 1306 τάς
1443 1243 1550 1295 ἀπό
1579 1258 1642 1310 γε
1691 1241 1790 1310 τῆς

207 1331 362 1396 σφῶν
402 1331 648 1402 καρδίας.
683 1326 838 1386 Οὗτοι
869 1332 1193 1402 λελαλήκασι
1238 1333 1458 1395 κόπους,
1512 1330 1790 1383 τουτέστιν

207 1421 270 1472 οὐ
297 1420 368 1473 τά
403 1423 483 1484 είς
533 1424 840 1476 ἀνάπαυσιν
872 1425 983 1486 τοῖς
1025 1422 1370 1475 πιστεύουσιν
1413 1422 1619 1486 αὐτοῖς,
1655 1419 1792 1474 ἀλλὰ

207 1511 275 1565 δι’
300 1506 377 1564 ὧν
404 1513 618 1582 ἀνάγκη
644 1518 861 1584 καμεῖν,
895 1515 1014 1584 Θεῷ
1041 1515 1506 1586 προσκρούοντας,
1533 1513 1626 1567 καὶ
1650 1531 1790 1584 παρ-

208 1605 544 1674 ορωμένους.
591 1607 654 1658 οξ
685 1607 741 1658 δέ
775 1623 836 1675 γε
881 1607 1100 1677 μάντεις
1140 1607 1233 1660 καὶ
1266 1607 1332 1660 τά
1361 1609 1585 1659 ἐνύπνια
1620 1605 1790 1676 ψευδῆ

208 1693 456 1757 ἐλάλουν,
498 1695 822 1766 εὑηχοῦντες
859 1699 1042 1759 αὐτοῖς
1071 1697 1311 1767 δηλονότι
1347 1695 1417 1750 τὰ
1455 1695 1788 1765 καταθύμια,
1823 1689 1867 1748 Β

208 1785 306 1836 καὶ
337 1788 601 1855 χρησταῖς
631 1786 731 1855 μὲν
770 1785 951 1840 ἐλπίσι
989 1788 1453 1850 καταπιαίνοντες,
1494 1787 1793 1856 φάσκοντες

211 1875 269 1928 δὲ
297 1876 495 1945 ἀληθὲς
519 1877 702 1929 οὐδέν’
730 1877 843 1930 ἀλλ’
882 1879 1207 1958 ειςοάπάτην
1237 1879 1330 1931 καὶ
1361 1878 1626 1948 πλάνησιν
1655 1879 1792 1930 ἀπο-

209 1966 495 2037 φέροντες,
536 1968 739 2038 ἥκιστα
765 1968 861 2038 μὲν
890 1969 1366 2031 καταδεικνύοντές
1393 1985 1541 2037 σφισι
1571 1968 1661 2021 τὸν
1683 1967 1792 2021 τῶν

212 2060 599 2130 πνευματικῶν
632 2061 835 2132 δοτῆρα
880 2063 974 2115 καὶ
1013 2062 1247 2133 χορηγόν
1269 2077 1282 2090 ⁸
1310 2062 1694 2125 ἀναπείθοντες
1736 2061 1792 2114 δὲ

213 2151 416 2221 μᾶλλον
449 2154 620 2205 αἰτεῖν
648 2153 747 2222 τὴν
775 2155 1076 2224 εὐημερίαν
1111 2153 1260 2223 παρά
1288 2153 1396 2205 τῶν
1423 2152 1792 2222 ψευδωνύμων

213 2242 372 2295 θεῶν.
412 2261 430 2292 ι
457 2241 640 2312 Ταύτῃ
663 2260 764 2307 τοι,
795 2245 981 2313 φησιν,
1003 2244 1398 2317 ὲξηράνθησαν,
1423 2247 1497 2309 ὼς
1520 2247 1618 2299 οὐκ
1644 2247 1796 2317 ἔχονο-

211 2351 300 2398 τες
335 2335 512 2397 ὑετὸν,
549 2335 643 2387 καὶ
693 2336 1052 2407 ἐκακώθησαν
1087 2338 1162 2401 ώς
1206 2337 1473 2409 πρόϐατα.
1518 2357 1536 2388 ι
1565 2339 1640 2391 Οὐ
1685 2339 1794 2407 γὰρ

211 2422 278 2496 ἦν
310 2426 532 2495 βοτάνη,
565 2445 582 2476 ι
617 2427 718 2479 οὐκ
742 2421 808 2497 ἦν
835 2428 997 2490 ἴασις.
1032 2447 1050 2478 ι
1083 2429 1155 2480 Οὐ
1184 2429 1292 2498 γὰρ
1326 2423 1393 2498 ἦν
1422 2429 1604 2490 αὐτοῖς
1638 2430 1664 2480 ὁ
1693 2445 1794 2480 κα-

212 2518 497 2588 τάδεσμῶν
545 2519 607 2571 τὸ
646 2521 1128 2590 συντετριμμένον,
1177 2523 1204 2573 ὁ
1246 2520 1479 2574 ἀνιστῶν
1506 2520 1566 2572 τὸ
1595 2523 1795 2593 κατερ-

215 2609 510 2679 ῥαγμένον,
544 2612 574 2662 ὁ
602 2610 984 2681 ἀνακτώμενος
1017 2614 1078 2665 τὸ
1105 2613 1508 2682 κεκακωμένον.
1550 2610 1793 2682 Προσεκ-

213 2701 332 2751 τέον
385 2699 450 2770 δὴ
494 2695 608 2764 οὖν,
641 2701 762 2770 οὐχὶ
807 2704 921 2763 τοῖς
967 2703 1468 2776 ἀποφθεγγομένοις
1489 2708 1558 2762 τά
1582 2704 1802 2776 μάταια,

210 2790 534 2858 ψευδοεπὲσι
559 2808 618 2843 τε
636 2791 729 2844 καὶ
752 2791 1103 2862 βωμολόχοις,
1131 2787 1220 2845 καὶ
1244 2794 1622 2856 ἐνυπνιασταῖς
1639 2811 1653 2824 ·
1676 2793 1794 2864 Θεῷ

212 2882 268 2933 δὲ
299 2881 503 2951 μᾶλλον
531 2881 607 2952 τῷ
641 2884 720 2945 εἰς
747 2881 870 2934 νοῦν
907 2885 1040 2952 ἡμῖν
1073 2882 1499 2954 ὲναστράπτοντι
1535 2885 1632 2954 τῆς
1663 2884 1795 2954 ἀλη-

212 2974 339 3038 θοῦς
363 2975 695 3043 θεογνωσίας
725 2974 786 3027 τὸ
829 2975 964 3044 φῶς,
996 2975 1089 3028 καὶ
1124 2978 1346 3045 νοητοὺς
1395 2976 1583 3038 ὑετοὺς
1626 2994 1792 3030 κατα-

1900 422 2060 473 νυτιλξὶ
2091 421 2303 487 quidem
2327 429 2582 487 tanquam
2609 417 2675 471 de
2703 416 2862 471 rebus
2887 431 3102 471 sensum
3131 417 3472 485 tangentibus

1901 509 2054 573 ﬁunt,
2109 511 2202 563 sed
2253 525 2412 578 quam
2469 509 2744 562 continent
2805 506 3087 572 theoriam,
3129 505 3341 561 subtilis
3389 517 3474 558 est

1899 602 2207 667 admodum,
2241 613 2294 655 et
2335 601 2640 669 purissima.
2691 598 2868 669 luquit
2892 599 3056 664 enim,
3087 599 3194 651 Deo
3244 597 3474 669 faciente

1899 693 2232 761 phantasias,
2269 694 2367 747 hoc
2415 702 2498 746 est
2536 692 2766 760 fulgura,
2815 702 2868 743 et
2919 690 3150 758 pluviam
3191 667 3481 741 hibernanr
3530 696 3536 703 '

1901 786 2058 838 terris
2088 785 2271 838 utilem
2301 783 2627 850 ciftttttlente,
2669 791 2720 836 et
2748 784 2963 849 cuique,
2995 782 3283 850 agrestium
3324 779 3471 831 vide-

1899 875 2042 939 licet,
2097 877 2313 930 herbam
2346 878 2739 944 suppeditante,
2769 875 3100 926 seduxerunt
3120 886 3233 928 eos.
3263 869 3352 936 qui
3397 869 3472 921 lo.

1899 980 2156 1038 quuntur,
2184 970 2288 1024 hoc
2317 977 2398 1022 est
2457 969 2742 1036 falsiloqui,
2780 975 2828 1020 et
2867 967 3170 1032 mendaces,
3197 978 3249 1020 et
3279 966 3469 1020 vatici-

1901 1064 1988 1116 nia
2011 1063 2077 1116 de
2103 1062 2263 1115 corde
2290 1075 2388 1114 suo
2415 1059 2768 1128 proferentes.
2797 1057 2856 1111 lli
2893 1057 3050 1110 locuti
3084 1067 3205 1110 sunt
3237 1058 3470 1119 labores,

1898 1153 2002 1207 boc
2031 1162 2114 1206 est
2175 1167 2283 1205 non
2319 1152 2384 1204 ad
2425 1150 2662 1216 requiem
2691 1149 3026 1203 credentium
3073 1149 3211 1213 illis;
3250 1151 3341 1201 sed
3376 1163 3472 1215 per

1899 1259 2018 1313 qua:
2075 1253 2393 1312 cogerentur
2422 1244 2628 1295 versari
2659 1243 2710 1295 in
2744 1241 2979 1304 miseria,
3021 1251 3077 1293 ιιι
3106 1239 3271 1292 Deum
3303 1239 3472 1293 olfen-

1898 1334 2108 1397 dentes,
2137 1345 2190 1386 et
2233 1333 2300 1387 ab
2323 1348 2386 1385 eo
2418 1333 2673 1401 despecti.
2713 1330 2876 1402 746
2908 1329 3075 1383 Porro
3126 1330 3276 1382 arioli
3305 1335 3470 1382 etiam

1897 1427 2107 1482 somnia
2149 1425 2279 1478 falsa
2307 1427 2692 1492 loquebantur,
2725 1426 3022 1476 mulcentes
3077 1437 3264 1474 eorum
3309 1435 3471 1474 aures

1897 1517 2148 1572 videlicet
2174 1519 2333 1570 rebus
2354 1517 2627 1585 jucundis,
2661 1523 2714 1570 et
2735 1514 2871 1567 bona
2897 1529 2990 1582 spe
3013 1525 3317 1582 pascentes,
3337 1509 3472 1564 nihil

1900 1621 2079 1666 tamen
2111 1624 2296 1663 verum
2349 1608 2626 1662 dicentes:
2659 1609 2752 1660 sed
2782 1607 2836 1660 in
2881 1606 3122 1660 fraudem
3143 1615 3197 1657 et
3225 1618 3469 1658 errorem

1895 1704 2241 1772 abripientes,
2297 1701 2626 1767 minimeque
2707 1698 3063 1768 Spiritualiunt
3115 1699 3355 1749 datorem
3417 1703 3472 1748 et

1893 1795 2346 1863 Suppeditatorem
2371 1791 2475 1844 illis
2507 1791 2852 1844 ostendentes
2873 1805 2887 1852 ;
2907 1789 3032 1856 quin
3061 1789 3474 1855 persuadentes,

1894 1886 1972 1939 uti
2009 1884 2320 1939 felicitatem
2370 1883 2546 1950 potius
2573 1898 2600 1932 a
2635 1881 2737 1933 diis
2768 1878 3152 1934 commentitiis
3212 1891 3471 1946 esposce-

1893 1986 2034 2030 rent.
2071 1995 2090 2027 ι
2151 1975 2292 2040 Ideo,
2326 1973 2514 2042 inquit,
2561 1981 2909 2033 exaruerunt,
2961 1980 3019 2023 ut
3073 1985 3177 2023 non
3212 1970 3469 2023 habentes

1894 2070 2150 2139 pluviam,
2179 2077 2232 2120 et
2275 2064 2459 2120 alilicti
2499 2076 2644 2129 sunt,
2706 2072 2765 2118 ut
2802 2077 2948 2118 oves.
2993 2081 3010 2114 ι
3046 2062 3158 2115 Non
3180 2062 3320 2117 enim
3354 2070 3472 2115 erat

1896 2164 2084 2226 herba,
2120 2183 2139 2213 ι
2189 2178 2292 2216 non
2317 2170 2435 2217 erat
2460 2160 2690 2215 sanatio.
2731 2178 2750 2210 ›
2797 2158 2977 2227 Neque
3011 2159 3153 2210 enim
3184 2167 3300 2208 erat
3331 2156 3472 2207 inter

1898 2270 1992 2309 eos
2014 2254 2105 2322 qui
2135 2253 2375 2323 alligaret
2401 2253 2540 2320 quod
2575 2252 2886 2309 contritum.
2923 2249 3013 2316 qui
3044 2251 3275 2312 erigeret
3329 2245 3470 2315 quod

1896 2345 2254 2408 confractum,
2310 2343 2401 2412 qui
2441 2351 2713 2396 recrearet
2779 2343 2918 2411 quod
2960 2338 3212 2391 alllictum
3247 2347 3365 2392 erat
3402 2335 3469 2390 ”.

1895 2433 2290 2488 Altemlendum
2326 2434 2509 2499 igitur,
2543 2447 2644 2483 non
2678 2430 3015 2496 loquentibus
3049 2443 3204 2490 vana,
3251 2427 3472 2480 menda-

1896 2524 2154 2590 cibusque
2201 2531 2258 2575 et
2302 2521 2727 2573 assentatoribus
2771 2529 2822 2570 ct
2885 2517 3322 2576 somniatoribus,
3374 2512 3472 2567 sed

1898 2612 2007 2666 Deo
2035 2613 2236 2681 potius,
2271 2612 2477 2664 lumine
2507 2625 2644 2664 vera:
2679 2610 3001 2678 cognitionis
3035 2608 3230 2660 divinae
3255 2607 3304 2659 in
3351 2607 3472 2658 ani-

1898 2719 2040 2755 mum
2095 2703 2424 2765 coruscanti,
2463 2712 2515 2755 et
2565 2703 2774 2770 pluvias
2826 2699 3183 2762 intellectiles,
3235 2697 3471 2765 Spiritus

1897 2793 2066 2848 sancti
2095 2794 2505 2858 consolationes,
2535 2793 2781 2860 inquam,
2822 2790 3124 2844 demittenti
3157 2799 3210 2843 et
3251 2790 3469 2842 herbam

1897 2887 2198 2958 agrestibus
2232 2886 2568 2956 producenti,
2605 2885 2743 2953 quod
2788 2893 2890 2947 est,
2929 2883 3067 2935 velut
3107 2881 3158 2934 in
3211 2879 3474 2932 viridissi-

1900 2994 1983 3029 ma
2005 2977 2192 3038 herba,
2219 2975 2268 3028 in
2291 2976 2595 3043 cognitione
2614 2975 2740 3027 nulli
2770 2971 3169 3042 reprehensioni
3201 2971 3432 3024 obnoxia
3453 3009 3470 3034 ,

213 3067 412 3137 χέοντι,
459 3067 558 3130 τάς
591 3066 677 3119 διὰ
707 3065 800 3119 τοῦ
846 3067 1001 3135 ἁγίου
1032 3067 1348 3138 Πνεύματος
1397 3068 1790 3139 παρακλήσεις,

1903 3084 1958 3122 ac
2015 3068 2272 3122 divinitus
2339 3067 2610 3135 inspirata:
2692 3065 2983 3134 Scriptura:
3038 3079 3134 3117 nos
3211 3065 3469 3131 poscenti.

214 3156 380 3225 λέγω,
415 3158 508 3210 καὶ
533 3158 766 3227 βοτάνην
796 3158 1088 3224 ἀναφύοντι
1118 3161 1229 3221 τοῖς
1259 3159 1316 3211 ὲν
1345 3158 1517 3229 ἀγρῷ,
1547 3160 1793 3212 τουτέστι

215 3249 398 3312 πάλιν,
431 3247 830 3319 εὐανθεστάτην
860 3250 1046 3321 ῶσπερ
1076 3251 1223 3320 ἡμᾶς
1252 3251 1608 3320 κατανέμοντι
1635 3252 1790 3316 πόαν,

211 3339 311 3409 τῆς
364 3339 727 3393 θεοπνεύστου
791 3341 1009 3411 Γραφῆς
1063 3343 1160 3412 τὴν
1217 3341 1514 3412 ἀμώμητον
1567 3343 1788 3410 γνῶσιν.

219 3450 239 3482 ι
280 3431 605 3501 Ἀνθρωπος
649 3432 750 3502 μὲν
778 3433 887 3503 γάρ
927 3437 982 3486 ἐν
1017 3437 1148 3503 τιμῇ
1181 3433 1277 3497 ὢν,
1322 3435 1380 3486 ού
1431 3435 1650 3504 συνῆκε,
1684 3451 1786 3486 πα-

216 3524 592 3595 ρασυνεελήθη
619 3528 729 3588 τοῖς
749 3527 967 3596 κτήνεσι
994 3529 1106 3588 τοῖς
1125 3529 1388 3595 ἀνοήτοις,
1420 3527 1510 3579 καὶ
1537 3525 1793 3596 ὡμοιώθη

213 3619 418 3679 αὺτοῖς.
463 3635 481 3666 ι
528 3616 666 3668 Ἀλλ’
702 3618 751 3668 εί
794 3617 903 3668 ἕλοι
933 3635 1048 3680 πως
1096 3619 1174 3680 είς
1207 3617 1331 3672 νοῦν
1371 3618 1476 3670 τῶν
1523 3618 1682 3670 θείων
1709 3616 1794 3668 λο-

215 3708 350 3776 γίων
371 3707 468 3778 τὴν
494 3707 717 3776 γνῶσιν,
748 3709 841 3760 καὶ
868 3709 1072 3779 τροφῆς
1121 3710 1378 3779 μετάσχοι
1409 3710 1508 3779 τῆς
1553 3725 1797 3777 πνευμα-

1902 3177 1920 3208 ι
1962 3159 2129 3212 llotno
2153 3159 2296 3212 enim
2329 3173 2447 3212 cum
2501 3160 2553 3211 in
2589 3159 2789 3211 honore
2821 3167 2983 3218 esset,
3015 3172 3116 3208 non
3161 3155 3420 3208 intellexit
3457 3170 3470 3206 :

1897 3261 2242 3320 Comparatus
2292 3261 2373 3306 est
2415 3251 2678 3319 jumentis
2733 3250 3143 3318 insipientibus,
3178 3256 3232 3302 et
3281 3248 3475 3301 similis

1901 3344 2074 3398 factus
2102 3355 2185 3398 est
2235 3343 2339 3397 illis
2372 3342 2439 3394 ³ο.
2476 3361 2493 3395 ι
2529 3342 2636 3396 Sed
2669 3342 2710 3396 si
2743 3343 2989 3394 notitiam
3032 3340 3334 3392 divinorum
3368 3337 3476 3391 elo-

1899 3439 2144 3506 quiorum
2176 3439 2226 3490 in
2261 3449 2445 3505 pectus
2486 3435 2788 3498 admiserit,
2818 3443 2869 3488 et
2904 3435 2969 3486 de
3008 3433 3264 3485 alimento
3311 3429 3476 3498 Spiri-

1900 3528 2026 3579 tuali
2061 3527 2485 3595 participaverit,
2525 3536 2635 3578 tum
2673 3527 2886 3577 demum
2935 3523 3151 3592 spurius
3173 3537 3296 3576 esse
3331 3519 3475 3573 desi-

1901 3632 2055 3680 nens,
2085 3618 2332 3688 prudenti
2365 3619 2572 3671 ratione
2600 3616 2948 3686 gubernatus,
2974 3623 3028 3666 et
3059 3611 3477 3678 cogitationibus

1901 3709 2121 3763 homine
2156 3710 2331 3778 dignis
2360 3710 2646 3774 susceptis,
2679 3721 2890 3759 rursum
2922 3708 2972 3756 in
3011 3705 3214 3757 honore
3251 3703 3374 3754 erit.

216 3803 395 3870 τικῆς,
435 3801 556 3853 τότε
580 3799 663 3871 δὴ,
722 3801 841 3853 τότε
875 3800 972 3872 τὴν
1003 3801 1230 3854 νωθείαν
1269 3799 1576 3866 ἀποϐαλὼν,
1606 3802 1662 3852 ὲν
1690 3803 1824 3870 τιμῇ
1866 3802 2027 3856 πάλιν
2091 3801 2266 3865 ἔσται,
2298 3800 2540 3870 λογισμῴ
2585 3795 2929 3870 τῴσώςρρονι
2965 3793 3349 3865 διοικούμενος,
3383 3795 3477 3846 καὶ

216 3892 314 3960 τὴν
344 3890 615 3963 ἀνθρώπῳ
641 3892 954 3963 πρέπουσαν
986 3893 1267 3947 ἀναλαϐὼν
1294 3894 1366 3965 (1)
1391 3895 1582 3964 φρένα.

299 3986 426 4039 Ἐπὶ
465 3985 610 4051 τοὺς
661 3987 946 4057 ποιμένας
985 3989 1341 4058 παρωξύνθη
1378 3992 1409 4042 ό
1445 3990 1630 4059 θυμός
1652 4008 1793 4060 μου,

219 4078 318 4131 καὶ
353 4079 449 4130 ἐπὶ
483 4079 623 4143 τοὺς
651 4079 878 4148 ἁμνοὺς
903 4081 1323 4150 ἐπισκέψομαι.

292 4170 408 4224 ΞΖ’.
444 4171 739 4240 Ποιμένας
767 4173 824 4224 ἐν
858 4172 1091 4236 τούτοις,
1129 4173 1378 4245 καθάπερ
1411 4167 1643 4242 ἐγῷμαι,
1671 4173 1797 4236 τοὺς

1978 3988 2136 4043 Vens.
2167 3987 2219 4041 5.
2255 3986 2426 4050 Super
2453 3995 2683 4052 paslores
2700 3983 2991 4036 concitatus
3019 3992 3092 4037 est
3129 3982 3280 4050 {uror
3312 3999 3478 4048 meus,

1903 4094 1951 4139 et
1977 4099 2134 4150 super
2160 4097 2320 4152 agnos
2348 4079 2588 4134 visitabo.

1925 4208 1930 4212 ι
1976 4174 2182 4229 LXVII.
2249 4173 2492 4226 l’astores
2549 4169 2649 4224 hoc
2684 4169 2821 4234 loco,
2853 4176 2910 4221 ut
2938 4167 3196 4229 arbitror,
3251 4167 3479 4234 pseudo-

217 4260 671 4330 ψευδοπροφήτας
700 4263 792 4315 καὶ
813 4261 1201 4333 ψευδομάντεις
1236 4265 1520 4327 ἀποκαλεῖ,
1551 4265 1646 4318 καὶ
1673 4266 1798 4328 τοὺς

1906 4266 2194 4335 praphetas
2221 4271 2274 4316 et
2303 4262 2470 4316 falsos
2500 4267 2731 4319 rates,et
2761 4257 3050 4327 magistros
3071 4257 3272 4310 erroris
3299 4255 3480 4324 appel-

215 4351 315 4420 τῆς
346 4351 560 4421 ἀπάτης
615 4351 953 4421 καθηγητὰς,
998 4353 1219 4424 ὄλεθρόν
1249 4373 1306 4408 τε
1357 4356 1451 4408 καὶ
1495 4356 1678 4425 πάγην
1707 4373 1799 4424 γε-

216 4441 446 4508 γονότας
480 4444 612 4505 τοῖς,
645 4443 693 4494 οἳ
723 4443 820 4512 τῆς
847 4444 1082 4514 ἀληθοῦς
1107 4447 1234 4517 περὶ
1264 4445 1398 4499 Θεοῦ
1431 4447 1586 4516 δόξης
1620 4449 1800 4517 ἡμαρ-

214 4532 472 4603 τηκότες,
503 4533 602 4602 τὴν
646 4534 792 4604 αὑτῷ
827 4537 1141 4604 πρέπουσαν
1187 4539 1371 4608 τιμὴν,
1425 4537 1519 4590 καὶ
1548 4538 1802 4608 λατρείαν

217 4623 605 4676 άνατεθείκασι
658 4628 722 4695 τῇ
769 4627 960 4691 κτίσει,
1002 4631 1094 4680 καὶ
1129 4631 1539 4700 προσεκύνησαν
1572 4633 1682 4692 τοῖς
1712 4628 1803 4700 ἔρ-

215 4729 334 4778 γοις
366 4710 477 4763 τῶν
510 4711 658 4764 ἰδίων
690 4714 910 4784 χειρῶν,
947 4716 1092 4769 καθά
1117 4717 1444 4788 γέγραπται.

292 4803 410 4854 Οὐκ
443 4802 707 4856 ἀπίθανον
742 4805 798 4856 δὲ
827 4809 937 4865 τοῖς
969 4805 1362 4876 ψευδομάντεσι
1403 4808 1496 4860 καὶ
1539 4809 1663 4871 τοὺς
1695 4808 1804 4863 τῶν

230 4892 503 4964 Ἑλλήνων
553 4896 788 4964 συνάψαι
835 4897 1087 4965 λογάδας,
1121 4899 1169 4952 οἳ
1207 4898 1270 4970 δὴ
1319 4902 1472 4966 σοφοὶ
1522 4900 1801 4964 δοκοῦντες

218 4988 378 5049 ἄγαν,
414 4987 533 5049 ταῖς
565 4987 776 5040 ἑαυτῶν
805 4989 1159 5056 εὐγλωττίαις
1183 4992 1304 5053 τοὺς
1334 4992 1516 5054 αὐτοῖς
1543 5009 1803 5063 προσκειο

221 5076 416 5140 μένους
453 5077 863 5147 πεπλανὴκασι,
901 5083 992 5132 καὶ
1019 5081 1208 5150 ὥσπερ
1234 5082 1375 5145 τινὲς
1416 5083 1672 5153 ποιμένες
1704 5085 1803 5136 οὐκ

217 5169 414 5232 ἀγαθοὶ
471 5172 886 5241 κατεϐὁσκησαν
929 5175 986 5225 ἐν
1030 5175 1316 5239 ἀκάνθαις,
1349 5176 1442 5227 καὶ
1483 5178 1561 5238 εἰς
1603 5177 1802 5246 πολλὴν

217 5259 548 5330 ἀχρειὸτητα
592 5261 812 5333 σαθρῶν
853 5264 1089 5318 ὲννοιιῖιν.
1137 5267 1201 5318 Τί
1249 5266 1354 5336 γὰρ
1410 5269 1535 5336 παρ’
1577 5267 1802 5330 ἐκείνοις

291 5437 336 5468 ’⁸
361 5437 564 5492 Ezech.
601 5453 790 5502 δίκην,
834 5439 887 5494 4.
965 5438 1171 5494 "Psal.
1206 5457 1390 5508 xum,
1424 5442 1510 5496 15.

284 5615 362 5687 (ί)
394 5617 699 5683 Aubertus,
735 5618 1036 5674 ἀναϐαλών.
1070 5618 1226 5676 Eon.

1902 4356 1996 4420 lat,
2054 4367 2366 4424 pestemque
2409 4363 2461 4406 et.
2513 4350 2760 4420 laqueum
2797 4348 2884 4412 iis,
2945 4348 3034 4416 qui
3094 4363 3221 4402 vera
3256 4349 3319 4400 de
3375 4347 3483 4399 Deo

1901 4449 2152 4518 opinione
2184 4445 2393 4510 relicta,
2446 4445 2704 4499 honorem
2734 4450 2788 4494 et
2817 4439 3019 4494 cultum
3071 4439 3167 4506 ipsi
3200 4439 3477 4506 proprium

1903 4549 2166 4597 creaturae
2195 4539 2530 4598 dedicarunt,
2553 4543 2785 4605 etopera
2813 4547 3068 4587 manuum
3126 4546 3349 4584 suarum
3385 4530 3482 4582 ad-

1904 4638 2218 4696 oraverunt,
2254 4629 2393 4682 sicut
2422 4627 2682 4695 scriptum
2707 4631 2788 4678 est
2810 4622 2875 4674 ³⁸.

1981 4808 2092 4862 Nec
2140 4809 2374 4861 alienum
2437 4814 2520 4860 est
2580 4804 2730 4860 falsis
2779 4789 3210 4857 vatibus'etiam
3268 4798 3483 4856 Graecos

1908 4903 2166 4970 quosdam
2215 4899 2366 4968 quasi
2417 4897 2678 4967 majorum
2726 4896 2964 4966 gentium
3025 4893 3339 4962 adiungere,
3391 4892 3482 4958 qni

1909 5008 2030 5048 cum
2083 4988 2466 5060 sapientissimi
2524 4997 2958 5052 numerarentur,
3007 4983 3316 5053 eloquentia
3381 4996 3478 5034 sua

1911 5086 2041 5155 ipsis
2074 5088 2412 5138 adhaerentes
2466 5083 2818 5144 seduxerunt,
2873 5089 2928 5132 et
2983 5087 3039 5131 ut
3077 5087 3322 5144 pastores
3376 5089 3480 5126 non

1912 5179 2034 5232 boni
2071 5178 2120 5230 in
2167 5178 2355 5246 spinis,
2391 5185 2442 5231 et
2496 5177 2546 5229 in
2608 5175 2770 5228 multa
2813 5173 3049 5226 vanitate
3099 5171 3482 5239 cogitationum

1912 5271 2182 5323 inutilium
2221 5277 2499 5339 paverunt.
2535 5266 2672 5332 Quid
2701 5265 2842 5321 enim
2882 5263 3022 5333 apud
3055 5262 3173 5318 illos
3203 5259 3482 5332 adcogni-

1587 5443 1626 5474 ³¹
1652 5441 1790 5497 Psal.
1820 5457 1971 5508 cxm,
2005 5441 2034 5494 4
2063 5458 2211 5511 si-qq.
