3936 6318
462 226 562 281 {63

1452 217 1502 270 S.
1545 213 1819 271 CYRILLI
1859 212 2328 270 ALEXANDRINI
2367 210 2686 268 ARCHIEP.

3627 209 3730 265 ιιει

468 338 670 390 tionem
697 333 940 389 veritatis
990 329 1281 386 conducit?
1304 328 1368 382 [ii
1399 329 1698 398 dignissimi
1734 339 1858 384 sunt
1888 328 1978 397 qui
2014 344 2040 381 a

2147 328 2207 382 τὸ
2233 329 2313 392 είς
2341 312 2634 396 ἐπίγνωσιν
2663 327 2919 398 ἀληθείας
2945 326 3182 396 ὠφελοῦν
3204 344 3218 392 ;
3249 323 3405 377 Κατά
3431 322 3637 376 τούτων
3660 325 3732 378 ἂν

465 428 579 481 Deo
597 426 906 495 puniantur.
940 423 1053 478 Non
1083 423 1227 478 enim
1279 421 1651 475 tantummodo
1681 435 1808 474 suas
1832 421 2043 475 animas

467 518 850 587 perdiderunt,
889 515 980 570 sed
1020 516 1238 584 insuper
1267 514 1494 569 aliorum
1521 515 1575 568 in
1604 528 1846 567 errorem
1886 513 2044 567 indu-

466 614 686 668 xerunt,
738 615 796 656 ut
849 604 982 668 dixi,
1036 605 1324 658 verborum
1385 603 1632 673 ampullis
1703 603 2042 656 mendacium

470 696 624 764 quasi
655 695 984 760 inaurantes,
1021 695 1182 766 ’147
1216 706 1270 750 et
1300 696 1546 750 oratione
1577 695 1642 748 ad
1674 695 2043 762 deceptionem

472 786 778 840 abutentes.
811 784 1008 841 Visitat
1034 798 1212 841 autem
1246 802 1430 856 agnos,
1462 787 1746 841 miseratus
1775 787 2044 852 videlicet,

469 888 524 934 et
549 891 612 930 ex
650 876 862 930 fallacia
890 877 956 929 ad
983 877 1310 944 agnitionem
1345 877 1587 931 veritatis
1611 874 1963 942 transferens,
1993 885 2049 931 et

471 980 540 1021 ex
561 968 714 1034 vagis
745 967 1020 1022 erroribus
1063 968 1117 1021 in
1159 968 1304 1021 viam
1335 973 1536 1021 rectam
1564 967 1864 1036 impellens.
1898 965 2049 1022 Sicut

472 1058 614 1111 enim
652 1072 738 1112 res
792 1057 1068 1127 poscebat,
1106 1067 1164 1112 ut
1199 1057 1473 1128 injuriosis
1513 1057 1564 1111 in
1595 1072 1688 1112 eos
1715 1073 1811 1127 pro
1838 1059 2048 1129 magni-

473 1150 658 1203 tudine
692 1149 1012 1219 injuriarum
1063 1149 1325 1220 supplicia
1369 1151 1776 1221 irrogarentur;
1827 1152 1898 1206 ita
1931 1166 2052 1205 rur-

470 1254 588 1294 sum
642 1255 762 1294 cum
830 1241 1014 1296 divina
1061 1243 1496 1304 mansuetudine,
1542 1251 1595 1295 et
1638 1242 1784 1309 justo
1825 1241 2046 1310 judicio,

472 1332 980 1400 conjunctissimum
1039 1334 1166 1396 erit,
1205 1333 1489 1402 benignam
1552 1335 1604 1386 in
1634 1348 1727 1388 eos
1777 1335 1865 1404 qui
1923 1336 2049 1388 talia

471 1426 613 1494 passi
662 1435 782 1479 sunt
815 1424 959 1480 ferre
988 1427 1336 1480 sententiam.
1375 1425 1670 1495 Oportebat
1695 1427 1858 1493 enim,
1892 1442 2052 1495 opor-

472 1516 634 1581 tebat,
691 1518 929 1584 inquam,
968 1518 1166 1572 salvari
1201 1519 1385 1588 inique
1439 1527 1717 1584 tractatos,
1751 1519 1858 1572 Deo
1898 1534 1957 1574 se
1983 1521 2050 1574 ab

470 1609 549 1664 eis
584 1617 743 1663 antea
777 1610 958 1662 hes-um
989 1611 1366 1675 obliviscente,
1393 1621 1448 1664 et
1471 1619 1748 1680 pastorum
1772 1611 2050 1666 fraudibus

2144 421 2375 489 γένοιτο,
2419 423 2513 474 καὶ
2557 421 2628 473 τά
2656 423 2719 474 ἐκ
2764 421 2914 484 θείας
2955 421 3145 490 ὀργῆς,
3190 419 3285 470 καὶ
3335 416 3478 486 μάλα
3509 415 3726 477 αἰσίως.

2159 511 2512 582 Ὡλόθρευσαν
2559 511 2668 580 γὰρ
2703 509 2822 580 οὐχὶ
2861 510 2923 580 δὴ
2955 510 3112 579 μόνον
3138 507 3236 569 τὰς
3274 505 3483 559 ἑαυτῶν
3523 504 3731 574 ψυχὰς,

2145 601 2283 654 ἀλλά
2307 600 2445 672 πρὸς
2469 599 2693 662 ταύταις
2716 600 2808 652 καὶ
2837 601 2934 661 τὰς
2961 599 3163 668 ἑτέρων
3186 595 3620 664 πεπλανήκασιν.
3653 594 3737 656 ὼς

2147 692 2306 760 ἔφην,
2337 690 2415 760 τῷ
2447 690 2547 759 τῆς
2575 689 2771 754 λέξεως
2795 690 2991 760 κόμπῳ
3017 688 3299 758 μονονουχὶ
3331 685 3711 754 καταχρυσοῦν
3729 707 3757 721 α

2147 798 2236 844 τες
2261 781 2323 832 τὸ
2360 779 2556 849 ψεῦδος
2581 780 2672 832 καὶ
2702 779 2799 849 τὴν
2825 778 2919 831 τοῦ
2962 777 3122 845 λόγου
3152 777 3341 846 χρείαν
3378 774 3741 836 δαπανῶντες

2148 875 2228 936 είς
2252 871 2642 943 φενακισμούς.
2679 869 3095 925 Ἐπισκέπτεταί
3124 885 3186 937 γε
3223 868 3328 938 μὴν
3354 868 3480 928 τοὺς
3499 866 3732 935 ἀμνοὺς,

2148 964 2431 1034 οἰκτείρων
2481 964 2746 1033 δηλονότι,
2797 963 2891 1015 καὶ
2944 961 3252 1032 μετατιθεὶς
3285 958 3347 1023 ἐξ
3393 957 3615 1027 ἀπάτης
3647 957 3734 1019 είς

2148 1057 2247 1126 τὴν
2272 1057 2370 1126 τῆς
2401 1054 2657 1124 ἀληθείας
2695 1053 3011 1122 ἐπίγνωσιν,
3040 1052 3134 1105 καὶ
3169 1053 3233 1104 ἐκ
3263 1049 3359 1103 τοῦ
3391 1047 3737 1119 περιπλανᾶ-

2152 1148 2276 1200 σθαι
2331 1145 2647 1216 μετασοὸῶν
2690 1147 2768 1207 εἰς
2817 1145 3033 1198 εὐθεῖαν
3075 1142 3212 1196 ὁδόν.
3243 1141 3455 1211 Ὥσπερ
3501 1137 3611 1207 γὰρ
3657 1133 3735 1208 ἦν

2151 1242 2463 1304 ἀκόλουθον,
2517 1241 2628 1303 τοῖς
2668 1238 2984 1308 ἠδικηκόσιν
3023 1236 3216 1297 αὐτοὺς
3246 1235 3343 1305 τὴν
3379 1236 3492 1295 τοῖς
3535 1231 3734 1300 ἀδική-

2154 1351 2288 1405 μασι
2338 1332 2655 1403 πρέπουσαν
2705 1330 3012 1400 ὲπαρτῆσαι
3053 1327 3236 1396 δίκην*
3282 1324 3424 1378 οὕτω
3471 1323 3533 1394 δὴ
3563 1321 3733 1376 πάλιν

2151 1425 2489 1496 θεοπρεποῦς
2520 1423 2875 1494 ἡμερότητος,
2913 1420 3006 1473 καὶ
3030 1419 3212 1489 ψήφου
3242 1416 3454 1480 δικαίας
3493 1416 3736 1484 ἀμοιρή-

2153 1533 2294 1569 σειεν
2319 1517 2383 1570 ἂν
2406 1501 2675 1585 οὐδαμῶς,
2696 1514 2754 1566 τὸ
2782 1514 2872 1566 ἐπὶ
2895 1516 3006 1574 τοῖς
3030 1509 3320 1563 πεπονθόσι
3347 1506 3732 1578 φιλάνθρωπον

2153 1612 2346 1680 κρῖμα.
2377 1608 2525 1661 Ἔδει
2551 1608 2680 1678 γὰρ,
2711 1605 2818 1658 ἔδει
2867 1603 3132 1667 σώζεσθαι
3173 1603 3300 1664 τοὺς
3340 1599 3730 1670 ἠδικημένους,

470 1701 659 1771 magis,
682 1716 744 1757 ac
799 1710 997 1770 praeter
1053 1703 1382 1758 voluntatem
1430 1703 1682 1758 subactos
1708 1716 1870 1772 paena
1917 1703 2040 1757 libe-

2152 1699 2659 1770 dtuvqotxaxouwoq
2710 1697 2866 1760 Θεοῦ,
2921 1697 3014 1749 καὶ
3065 1695 3258 1764 ποινῆς
3296 1691 3732 1752 ἀπαλλάττοντος

468 1802 640 1848 rante.

543 1967 709 2025 Vnus.
746 1971 800 2038 4,
839 1970 980 2026 5.Et
1004 1973 1231 2025 uisitauit
1258 1971 1513 2025 Dominus
1551 1969 1689 2025 Deus
1725 1971 2045 2039 omnipotens

477 2080 678 2136 gregem
711 2081 862 2117 suum
907 2065 1120 2117 domum
1161 2062 1330 2126 Juda,
1359 2073 1406 2116 et
1448 2073 1598 2131 ponet
1637 2079 1724 2116 eos
1775 2071 1830 2115 ut
1860 2079 2046 2132 equum

471 2159 716 2209 decorum
747 2171 897 2209 suum
922 2157 976 2208 in
1008 2155 1212 2224 pra'lio,
1243 2165 1287 2208 et
1305 2170 1369 2208 ea:
1392 2159 1500 2224 ipso
1524 2156 1818 2220 respexit,et
1843 2170 1906 2207 ea:
1933 2155 2046 2222 ipso

473 2246 645 2314 posuit
685 2262 863 2298 arcum
898 2247 952 2299 in
980 2247 1165 2316 spiritu
1203 2245 1418 2315 furoris.
1444 2243 1512 2297 Et
1537 2259 1601 2297 ea:
1623 2246 1734 2312 ipso
1756 2245 2048 2314 egredietur

474 2338 644 2391 omnis
691 2336 906 2391 abactor
931 2340 985 2391 in
1025 2340 1346 2407 idipsum,et
1374 2346 1529 2391 erunt
1577 2339 1725 2407 quasi
1772 2337 2046 2391 bellatores

476 2429 841 2482 conculcantes
871 2429 1036 2482 lutum
1067 2429 1231 2483 inviis
1261 2430 1313 2481 in
1348 2428 1504 2495 bello,
1531 2438 1577 2482 et
1599 2427 1882 2494 bellabunt,
1920 2429 2046 2498 quia

475 2515 730 2574 Dominus
763 2537 878 2575 cum
903 2521 996 2575 eis.

541 2794 770 2849 LXVlll.
801 2795 1043 2862 Quonam
1087 2801 1242 2850 modo
1268 2811 1508 2866 pastores
1547 2801 1684 2855 male
1723 2803 2044 2857 militaturus

473 2889 566 2954 sit,
619 2889 1040 2958 visitaturusque
1090 2899 1144 2944 et
1193 2902 1606 2960 recuperaturus
1662 2909 1850 2963 agnos,
1903 2896 2044 2952 clare

2149 1793 2275 1854 τοὺς
2308 1793 2427 1854 ταῖς
2451 1791 2673 1843 ἐκείνων
2701 1786 3037 1851 πλεονεξίαις
3060 1785 3201 1856 τάχα
3233 1800 3336 1836 που
3369 1784 3463 1835 καὶ
3489 1781 3731 1852 ἀϐουλή-

2149 1894 2256 1946 τως
2281 1882 2769 1952 ὐπενηνεγμένους.

2222 1976 2329 2028 Καὶ
2359 1974 2753 2042 ἐπισκέψεται
2778 1974 2994 2040 Κύριος
3021 1975 3052 2025 ό
3085 1970 3229 2036 Θεὸς
3251 1971 3282 2023 ὀ
3305 1965 3733 2034 παντοκράτωρ

2151 2067 2217 2120 τὸ
2263 2052 2546 2135 ποίμνιον
2581 2065 2768 2120 αὐτοῦ
2818 2066 2923 2118 τὸν
2960 2063 3129 2118 οἷκον
3167 2061 3381 2123 Ἰούδα,
3425 2059 3522 2113 καὶ
3558 2057 3733 2122 τάξει

2149 2156 2369 2220 αὐτοὺς
2417 2157 2497 2222 ὠς
2535 2157 2722 2210 ἵππον
2777 2153 3049 2223 εὐπρεπῆ
3109 2152 3294 2206 αὐτοῦ
3323 2151 3416 2203 -ἐν
3460 2149 3731 2217 πολέμῳ,

2149 2248 2247 2300 καὶ
2289 2247 2357 2311 ἐξ
2391 2247 2577 2301 αὑτοῦ
2611 2247 2928 2314 ἐπέϐλεψε,
2971 2246 3070 2300 καὶ
3107 2243 3176 2308 ἐξ
3223 2240 3410 2296 αὑτοῦ
3452 2239 3628 2302 ἔταξε
3661 2237 3734 2292 τὸ

2148 2340 2329 2404 τόξον
2368 2341 2436 2393 ἐν
2466 2341 2758 2409 πνεύματι
2790 2338 3001 2408 θυμοῦ,
3031 2337 3126 2391 καὶ
3161 2337 3230 2400 ἐξ
3262 2333 3446 2389 αὐτοῦ
3491 2331 3734 2396 ἐξελεύ-

2148 2447 2318 2486 σεται
2341 2431 2457 2499 πᾶς
2489 2436 2520 2486 ό
2553 2432 2898 2497 ἐξελαύνων
2922 2431 2992 2483 ἐν
3018 2428 3099 2494 τῷ
3127 2426 3306 2493 αὐτῷ.
3343 2427 3455 2480 Καὶ
3481 2425 3735 2478 ἔσονται

2146 2527 2226 2591 ὠς
2252 2525 2517 2596 μαχηταὶ
2563 2525 2895 2589 πατοῦντες
2941 2521 3142 2590 πηλὸν
3185 2521 3256 2575 ἐν
3288 2519 3419 2583 ταῖς
3463 2516 3630 2581 ὁδοῖς
3662 2516 3735 2568 ἐν

2147 2615 2410 2685 πολέμῳ,
2461 2616 2558 2670 καὶ
2610 2615 3087 2684 παρατάξονται,
3137 2611 3290 2666 διότι
3337 2611 3550 2678 Κύριος
3597 2605 3731 2678 μετ’

2147 2707 2370 2762 αὐτῶν.

2218 2820 2345 2875 ΞΗν.
2376 2820 2511 2874 Τίνα
2537 2821 2601 2891 δὴ
2625 2819 2825 2890 τρόπον
2873 2817 3083 2870 ἐποίσει
3131 2815 3229 2886 μὲν
3264 2818 3374 2879 τοῖς
3404 2812 3632 2886 ποιμέσι
3664 2813 3736 2867 τὰ

2149 2913 2209 2979 ἐξ
2239 2914 2430 2986 ὀργῆς,
2471 2911 2823 2979 ἐπισκέψεται
2851 2910 2906 2962 δέ
2931 2909 3023 2960 καὶ
3049 2905 3320 2960 ἀνασώσει
3341 2907 3467 2968 τοὺς
3497 2907 3734 2974 ἀμνούς,

472 2981 730 3033 ostendit.
761 2979 1038 3034 Productis
1063 2981 1204 3036 enim
1237 2996 1302 3037 ex
1342 2982 1539 3039 Judaeis
1578 2988 1762 3042 mundi
1802 2989 2040 3043 doctori-

2147 2979 2469 3076 καθίστησιν
2515 3003 2761 3074 ἐναργές.
2827 2997 3132 3062 Ἀναδείξας
3175 2997 3284 3068 γάρ
3333 2996 3392 3060 ἐξ
3459 2995 3737 3050 Ἰουδαίων

479 3071 580 3125 bus
608 3073 807 3127 sanctis
832 3073 1087 3140 apostolis
1135 3082 1186 3127 et
1209 3075 1568 3146 evangelistis,
1591 3093 1686 3148 per
1709 3093 1800 3132 eos
1826 3080 2044 3134 Graecia:

481 3164 752 3231 sapientes
778 3165 1082 3229 debellavit,
1119 3175 1171 3220 et
1205 3169 1272 3221 ab
1319 3183 1504 3222 eorum
1529 3171 1845 3240 garrulitate
1877 3186 2045 3241 agnos

471 3256 691 3321 eripuit,
723 3255 1050 3327 fallaciaeque
1079 3257 1284 3328 laqueis
1324 3262 1638 3328 extricatos,
1669 3264 1721 3318 in
1754 3279 1957 3331 veram,
1992 3273 2047 3319 et

473 3345 605 3399 nulli
647 3346 815 3412 culpae
850 3345 1062 3401 afﬁnem
1094 3348 1186 3402 Dei
1239 3344 1596 3420 cognitionem
1636 3355 1929 3411 transtulit.
1957 3357 2046 3410 Ait

468 3449 638 3504 ergo:
674 3455 691 3487 ι
729 3435 982 3492 Visitabit
1012 3454 1226 3508 gregem
1257 3456 1408 3496 suum
1439 3447 1652 3499 domum
1677 3445 1833 3504 Juda.
1882 3467 1901 3501 ι
1935 3448 2040 3501 Fa-

469 3527 578 3579 ciet
601 3535 781 3580 autem
800 3542 922 3581 eum
943 3529 1084 3583 velut
1109 3524 1302 3600 equum
1332 3535 1606 3603 decorum,
1622 3547 1676 3591 et
1698 3539 2043 3595 bellicosissi-

470 3631 642 3676 mum.
675 3632 782 3686 quo
809 3620 962 3687 quasi
991 3621 1341 3690 spiritualiter
1370 3637 1574 3691 vectus,
1601 3627 1910 3684 Grmcorum
1939 3631 2042 3686 lin-

467 3723 653 3778 guam,
704 3719 761 3762 ut
787 3711 920 3776 dixi,
959 3715 1290 3784 oppugnabit
1321 3731 1610 3789 eorumque
1640 3723 1916 3792 sapientia:
1949 3725 2044 3779 de-

469 3798 824 3866 formitatem,
853 3812 907 3857 et
931 3805 1110 3859 omnis
1141 3804 1350 3862 fructus
1375 3811 1696 3865 vacuitatem
1730 3812 2036 3880 patefaciet.

465 3888 606 3957 Quin
635 3892 775 3946 enim
804 3907 897 3960 per
919 3893 1224 3950 Grmcorum
1276 3899 1641 3968 dispersiones
1673 3904 1839 3959 divini
1879 3906 2040 3961 disci-

465 3983 575 4052 puli
606 3992 858 4054 tanquam
891 3988 1014 4056 equi
1047 3990 1261 4057 quidam
1300 3993 1519 4058 fuerint,
1561 3997 1820 4052 adversus
1851 4013 2036 4052 eorum

468 4074 868 4144 loquacitatem,
907 4089 960 4133 et
1008 4078 1114 4135 Deo
1143 4097 1361 4137 exosam
1397 4084 1660 4138 fallaciam
1695 4097 1898 4141 tantum
1932 4103 2036 4142 non

467 4164 801 4233 hinnientes,
861 4171 983 4232 quis
1009 4170 1256 4226 dubitet?
1312 4187 1436 4225 cum
1476 4173 1724 4229 Christus
1778 4177 1845 4230 de
1881 4175 2037 4230 beato

469 4254 639 4310 Paulo
667 4257 808 4312 dicat
844 4258 911 4312 ad
945 4259 1230 4328 Ananiam,
1270 4279 1288 4312 ι
1317 4259 1485 4326 Vade,
1516 4263 1768 4331 quoniam
1799 4279 1896 4319 vas
1928 4265 2037 4320 ele-

2150 3099 2276 3161 τοὺς
2307 3099 2406 3167 τῆς
2425 3093 2748 3164 οἰκουμένης
2779 3090 3190 3160 μυσταγωγοὺς,
3230 3090 3355 3151 τοὺς
3384 3087 3576 3155 ἁγίους
3604 3089 3737 3141 ἀπο-

2151 3188 2369 3250 στόλους
2391 3187 2480 3238 καὶ
2511 3183 2920 3252 εὐαγγελιστάς,
2965 3181 3376 3251 κατηγωνίσατο
3407 3180 3507 3249 μὲν
3543 3179 3616 3231 δι’
3640 3180 3735 3232 αὐ-

2149 3279 2255 3333 τῶν
2289 3279 2413 3340 τούς
2456 3277 2720 3347 Ἑλλήνων
2750 3275 2968 3343 σοφοὺς,
2990 3273 3222 3338 ἐξείλετο
3250 3272 3307 3324 δέ
3327 3271 3454 3333 τοὺς
3489 3272 3729 3339 ἀμνοὺς,

2145 3372 2244 3440 τῆς
2267 3368 2491 3422 ἐκείνων
2519 3365 2939 3438 ἀθυροστομίας,
2973 3365 3066 3418 καὶ
3099 3363 3207 3416 τῶν
3231 3363 3326 3431 τῆς
3351 3361 3562 3429 ἀπάτης
3597 3359 3732 3431 βρό-

2145 3479 2254 3531 χων
2318 3458 2654 3521 ἀπαλλάξας,
2716 3455 3054 3526 μετέστησαν
3108 3456 3187 3516 είς
3245 3451 3568 3518 θεογνωσίαν
3629 3450 3732 3520 τὴν

2143 3550 2319 3622 ἀληθῆ
2359 3550 2453 3604 καὶ
2491 3547 2810 3619 ἀμώμητον.
2845 3565 2863 3597 ι
2911 3545 3295 3613 Ἐπισκέψεται
3335 3543 3530 3604 τοίνυν,
3564 3542 3728 3611 φησὶ,

2142 3643 2200 3697 τὸ
2235 3642 2482 3712 ποίμνιον
2517 3639 2684 3694 αὐτοῦ
2713 3639 2802 3693 τὸν
2845 3633 2992 3691 οἷκον
3044 3635 3230 3689 Ἰούδα.
3271 3653 3288 3686 ι
3326 3634 3620 3703 Ποιήσεται
3669 3631 3728 3685 δὲ

2143 3736 2306 3789 αὐτὸν
2357 3731 2469 3788 οἷον
2507 3734 2671 3786 ἵππον
2711 3730 2961 3802 εὐπρεπῆ
3000 3729 3092 3783 καὶ
3136 3725 3602 3798 πολεμικώτατον,
3638 3726 3726 3794 ἐφ’

2141 3821 2184 3897 ᾧ
2218 3827 2424 3900 νοητῶς
2455 3825 2736 3896 μονονουχὶ
2761 3825 2853 3878 καὶ
2878 3821 3262 3894 ἐποχούμενος,
3288 3819 3388 3889 τῆς
3431 3817 3722 3888 Ἑλλήνων,

2141 3921 2216 3983 ὡς
2248 3920 2404 3988 ἔφην,
2437 3915 2973 3988 καταστρατεύσεται
3013 3913 3276 3982 γλώττης,
3310 3910 3405 3963 καὶ
3432 3909 3532 3979 τῆς
3570 3908 3724 3963 ἐνού-

2144 4027 2242 4079 σης
2264 4011 2446 4070 αὐτοῖς
2478 4009 2669 4077 σοφίας
2710 4006 3052 4076 καταγράφει
3085 4004 3146 4056 τὸ
3184 4003 3435 4068 ἀκαλλὲς,
3476 4001 3571 4055 καὶ
3627 4004 3722 4054 ἁν-

2140 4101 2350 4168 όνητον.
2377 4099 2499 4151 Ὅτι
2523 4098 2630 4167 γὰρ
2673 4098 2732 4150 ἐν
2757 4100 2878 4159 ταῖς
2918 4091 3184 4166 Ἑλλήνων
3215 4095 3534 4164 διασποραῖς
3561 4093 3611 4144 οἱ
3635 4092 3720 4144 θε-

2143 4191 2353 4243 σπέσιοι
2382 4189 2636 4257 γεγόνασι
2662 4187 2901 4258 μαθηταὶ
2941 4182 3029 4240 οἷά
3065 4203 3206 4248 τινες
3233 4187 3406 4248 ἵπποι,
3436 4183 3717 4255 μονονουχὶ

2141 4279 2697 4352 καταχρεμετίζοντες
2718 4279 2817 4349 τῆς
2833 4281 2958 4350 παρ’
2983 4279 3162 4340 αὐτοῖς
3183 4277 3605 4347 ἀθυροστομίας,
3621 4277 3716 4328 καὶ

461 4348 657 4403 ctionis
689 4349 816 4403 mihi
853 4359 935 4404 cst
970 4353 1088 4419 iste,
1125 4363 1183 4407 ut
1217 4363 1392 4423 portet
1419 4369 1612 4408 nomen
1643 4371 1817 4410 meum
1853 4371 2033 4412 coram

2147 4345 2465 4439 θεοστυγοῦς
2490 4371 2725 4440 ἀπάτης,
2753 4345 2868 4432 πῶς
2901 4345 2967 4423 ἀν
2998 4345 3303 4422 ἐνδοιάσειέή
3329 4385 3411 4430 τις
3434 4345 3711 4437 ,Χριστοῦ

460 4438 734 4508 gentibus,
776 4447 830 4494 et
875 4442 1111 4511 regibus,
1144 4452 1199 4497 et
1227 4443 1349 4498 filiis
1378 4444 1548 4498 Israel
1565 4445 1664 4498 ³³.»
1696 4447 1761 4499 Et
1789 4447 2037 4504 Habacuc

459 4533 611 4600 quasi
631 4531 914 4588 Dominum
947 4542 1191 4588 nostrum
1231 4533 1411 4590 Jesum
1427 4535 1696 4591 Christum
1722 4538 2032 4607 alloquens:

462 4641 482 4675 ι
515 4623 781 4690 Quoniam
815 4625 1068 4680 ascendet
1113 4640 1276 4694 super
1307 4641 1474 4694 equos
1501 4635 1643 4694 tuos,
1692 4637 1746 4684 et
1769 4630 2033 4700 equitatio

462 4727 550 4770 tua
583 4716 730 4772 salus
762 4735 780 4768 ι
815 4716 997 4788 lnquit
1021 4717 1185 4787 igitur
1215 4732 1229 4769 :
1261 4735 1280 4769 ι
1313 4716 1485 4772 Ponet
1515 4718 1710 4787 ipsum,
1743 4732 1801 4775 ut
1833 4737 2027 4792 equum

455 4807 714 4863 decorum
738 4809 791 4863 in
813 4809 972 4876 bello,
992 4818 1127 4865 etex
1147 4811 1264 4880 ipso
1294 4810 1529 4878 respexit
1549 4810 1614 4864 ⁸³.
1646 4829 1664 4862 ι
1697 4812 1931 4868 Proinde
1963 4829 2027 4869 ac

455 4901 499 4954 si
519 4901 700 4955 dicat:
733 4900 898 4972 748
928 4901 1304 4956 Consideravit
1334 4918 1438 4956 non
1459 4902 1674 4972 quidem
1703 4913 1760 4957 ut
1786 4905 1924 4959 Deus
1958 4906 2024 4961 ad

455 4991 816 5046 ministerium
848 4991 1246 5060 praedicationis
1275 4993 1600 5060 evangelicae
1630 4995 1879 5062 idoneos,
1913 4997 2024 5052 ele-

456 5080 530 5147 git
559 5090 736 5135 autem
779 5081 844 5134 de
897 5081 1035 5134 tribu
1061 5077 1218 5146 Juda,
1251 5091 1304 5137 et
1359 5097 1426 5136 ex
1470 5084 1600 5150 ipsis
1653 5086 2030 5153 praedicatores

433 5137 758 5245 ,‘constituit.
791 5173 972 5227 Voluit
997 5171 1142 5227 enim
1169 5190 1262 5230 eos
1285 5190 1395 5230 sua:
1417 5175 1708 5234 voluntatis
1735 5180 2027 5246 ministros,

453 5271 508 5319 et
536 5266 837 5334 adjutores,
883 5277 937 5320 et
966 5268 1152 5335 gratiae
1177 5269 1243 5324 ab
1283 5271 1398 5339 ipso
1427 5271 1688 5327 donanda:
1732 5274 1874 5329 velut
1918 5291 2030 5330 rne-

454 5356 693 5438 diatores
742 5365 794 5410 et
842 5358 1245 5426 dispensatores
1307 5362 1444 5417 fieri.
1499 5363 1761 5420 Praeterea
1804 5371 2026 5438 exipso,

453 5446 652 5513 inquit,
684 5449 786 5502 boc
837 5459 918 5504 est
971 5449 1108 5506 Juda
1165 5454 1216 5506 in
1247 5453 1433 5510 lurore
1469 5458 1708 5516 intentus
1742 5468 1828 5516 est
1869 5477 2029 5518 arcus

521 5623 566 5658 ³³
591 5627 710 5683 Act.
745 5644 817 5698 rx,
848 5630 932 5686 l5.
1009 5631 1276 5689 "llabac.
1311 5649 1393 5700 tn,
1434 5640 1486 5696 8.

2136 4461 2387 4530 λέγοντος
2418 4463 2545 4531 περὶ
2571 4459 2664 4512 τοῦ
2705 4460 2973 4530 μακαρίου
3005 4459 3216 4512 Παύλου
3251 4459 3386 4527 πρὸς
3424 4458 3674 4510 Ἀνανίαν
3695 4470 3710 4488 °

2141 4574 2159 4605 ι
2196 4554 2455 4625 Πορεύου,
2497 4555 2577 4606 ὅτι
2615 4552 2806 4617 σκεῦος
2836 4553 3063 4622 ἐκλογῆς
3094 4552 3183 4622 μοί
3229 4553 3377 4604 ἐστιν
3415 4544 3592 4616 οὗτος,
3615 4550 3711 4604 τοῦ

2135 4643 2401 4714 βαστάσαι
2434 4643 2496 4696 τὸ
2529 4643 2698 4714 ὄνομά
2735 4659 2834 4712 μου
2872 4641 3101 4695 ἐνώπιον
3133 4641 3301 4695 ἐθνῶν
3332 4658 3392 4694 τε
3432 4642 3525 4694 καὶ
3556 4641 3711 4710 βασι-

2132 4736 2266 4790 λέων
2297 4737 2388 4790 καὶ
2414 4736 2545 4790 υίῶν
2601 4734 2835 4806 Ἰσραήλ.
2872 4753 2890 4786 ι
2930 4735 3075 4806 Ἔφη
3114 4733 3170 4786 δέ
3197 4752 3297 4786 που
3325 4734 3418 4786 καὶ
3445 4734 3473 4785 ὁ
3509 4733 3713 4803 ’Λμϐα-

2135 4829 2280 4898 κοὺμ
2321 4829 2396 4892 ὡς
2437 4827 2573 4896 πρὸς
2609 4828 2699 4881 τὸν
2749 4827 2952 4898 Κύριον
2980 4826 3135 4898 ἡμῶν
3179 4827 3384 4898 Ἰησοῦν
3432 4827 3705 4897 Χριστόν·

2140 4940 2157 4972 ι
2204 4922 2322 4974 Ὅτι
2353 4921 2587 4991 ἐπιϐήσῃ
2617 4919 2707 4972 ἐπὶ
2737 4923 2862 4982 τοὺς
2905 4920 3105 4982 ἵππους
3132 4935 3246 4985 σου,
3287 4918 3380 4972 καὶ
3408 4918 3441 4989 ἡ
3474 4917 3706 4970 ίππασία

2139 5029 2255 5077 σου,
2304 5011 2567 5082 σωτηρία.
2622 5028 2640 5061 ι
2674 5009 2881 5062 Οὐκοῦν
2913 5029 2932 5061 ι
2974 5009 3126 5073 τάξει
3185 5009 3369 5074 αὐτὸν,
3414 5011 3598 5080 φησὶν,
3634 5009 3720 5077 ὡς,

2136 5102 2302 5154 ἵππον
2330 5101 2580 5174 εὐπρεπῆ
2608 5102 2665 5154 ἐν
2696 5100 2934 5170 πολέμῳ,
2969 5101 3061 5153 καὶ
3083 5099 3321 5164 ἐξαύτοῦ
3350 5099 3698 5168 ἐπέϐλεψεν.»

2131 5191 2355 5262 Ὅμοιον
2393 5193 2467 5255 ώς
2492 5195 2540 5245 εἰ
2562 5193 2711 5260 λέγοι
2733 5206 2746 5220 ·
2783 5191 3174 5260 Κατεσκέψατο
3208 5193 3304 5261 μέν
3329 5192 3405 5254 ώς
3427 5191 3556 5254 Θεὸς
3581 5192 3703 5252 τοὺς

2127 5284 2467 5353 ἐπιτηδείους
2494 5285 2572 5346 είς
2599 5283 2870 5337 διακονίαν
2895 5283 3003 5336 τῶν
3032 5283 3402 5352 εὐαγγελικῶν
3425 5281 3706 5352 κηρυγμα·-

2127 5393 2254 5439 των,
2284 5375 2615 5438 ἀπολέκτους
2658 5391 2721 5442 γε
2760 5374 2864 5444 μὴν
2912 5375 3202 5446 ἐποιήσατο
3245 5376 3372 5434 τοὺς
3417 5372 3476 5437 ἐξ
3511 5371 3700 5434 Ἰούδα,

2127 5467 2220 5518 καὶ
2247 5465 2304 5530 ἐξ
2339 5465 2515 5519 αὐτῶν
2565 5464 2770 5530 ἔταξεν.
2805 5465 2988 5518 Εἵλετο
3027 5466 3134 5534 γὰρ
3183 5466 3380 5528 αὐτοὺς
3412 5463 3517 5518 τῶν
3559 5461 3704 5516 ἰδίων
