3936 6318
223 225 326 281 {65

1043 222 1601 280 COMMENTARIUS
1647 223 1709 278 ΙΝ
1753 223 2157 279 ΖΑΟΙΙΑΙΠᾹΜ
2197 223 2646 282 ΡΗΟΡΙΙΕΤΛΜ.

3403 237 3506 292 166

223 342 553 413 Θελημάτων
591 340 871 411 ὑπηρέτας
918 342 1189 410 γενέσθαι,
1235 345 1329 397 καὶ
1377 345 1705 415 ὑπουργοὺς,
1735 345 1828 398 καὶ

1929 355 2115 400 contra
2155 344 2514 400 adversarios.
2552 347 2627 401 Ex
2665 346 2780 416 ipso
2814 348 3032 417 insuper
3062 369 3080 401 (
3115 350 3426 420 egredietur
3452 369 3508 408 et

223 426 324 506 τῆς
370 433 500 504 παρ’
532 433 702 486 αἱ)τοῦ
750 434 971 504 χάριτος
1015 435 1179 487 οἱονεὶ
1225 437 1474 505 μεσίτας,
1513 438 1607 490 καὶ
1639 437 1820 489 διακό-

227 543 369 589 νους.
405 525 529 577 Ἔτι
567 525 626 577 δέ.
655 541 839 594 φησιν,
870 523 938 587 ἐξ
971 526 1179 589 αὑτοῦ,
1220 527 1468 580 τουτέστι
1516 527 1609 579 τοῦ
1652 526 1820 580 ’ἰούδα

1927 437 2152 492 abactor
2186 437 2238 489 iu
2276 437 2524 505 idipsum.
2558 457 2576 489 ι
2642 438 2987 508 Abactorem,
3043 451 3209 512 puto,
3270 441 3507 512 appellat

1924 529 2280 596 prazdatorem
2320 539 2374 582 et
2395 529 2635 598 captivos
2660 530 2966 587 ducentem.

224 623 288 674 τὸ
303 624 369 674 -ἐν
395 618 558 689 Θυμῷ
595 619 904 689 τεινόμενον
947 619 1096 684 τόξον
1127 621 1269 674 κατά
1308 621 1415 674 τῶν
1461 622 1815 676 ὑπεναντίων.
1871 621 1960 688 Ἐξ
2021 623 2188 677 αὑτοῦ
2251 625 2307 677 δὲ
2347 624 2510 677 πάλιν
2555 644 2572 676 ι
2612 625 2954 689 ἐξελεύσεται
2984 628 3079 682 καὶ
3122 628 3421 693 ἐξελαύνων
3450 633 3509 688 ἐν

229 711 302 778 τῷ
332 709 505 780 αὐτῷ.
548 728 566 760 ›
608 707 994 773 Ἐξελαύνοντα
1034 709 1114 773 δὲ,
1150 710 1226 772 ὥς
1255 728 1319 778 γε
1360 707 1535 781 οἶμαι,
1603 713 1735 781 φησὶ
1763 713 1852 767 τὸν
1890 713 2258 786 λεηλατοῦντά
2286 733 2343 768 τε
2373 717 2466 768 καὶ
2494 717 2987 787 αἰχμαλωτίζοντα.

297 801 606 872 Δεδράκασι
637 800 694 852 δὲ
724 799 882 854 τοῦτο
909 804 958 855 οί
989 800 1267 855 θεσπέσιοι
1319 803 1579 873 μαθηταὶ,
1611 807 1736 866 τοὺς
1765 806 1822 872 ἐξ

235 893 508 963 Ἑλλήνων
535 892 896 964 ἁρπάζοντες,
930 895 1024 946 καὶ
1058 894 1134 965 τῷ
1165 894 1383 965 μεγάλῳ
1427 897 1823 967 προσκομίζον-

226 1001 314 1047 τες
344 985 578 1054 βασιλεῖ,
614 985 759 1056 φημὶ
783 985 848 1055 δὴ
886 985 1130 1056 Χριστῷ,
1160 986 1246 1038 ἵνα
1286 987 1376 1039 ὑπ’
1417 987 1566 1058 αὐτῷ
1593 1005 1653 1040 τε
1688 985 1819 1053 εἷεν,

225 1078 315 1130 καὶ
337 1075 409 1128 τά
436 1076 604 1130 αὑτοῦ
633 1079 851 1146 φρονεῖν
871 1076 1096 1143 ἕλοιντο,
1119 1081 1216 1148 τῆς
1240 1077 1330 1130 τοῦ
1353 1078 1600 1131 διαϐόλου
1625 1080 1817 1133 πλεονο

220 1171 372 1235 εξίας
431 1171 553 1240 ὀψὲ,
584 1171 856 1241 καίμόλις
887 1172 1313 1242 ἀποσεισάμενοι
1342 1175 1433 1226 τὸν
1461 1174 1642 1242 ζυγόν.
1673 1178 1821 1228 Κατ-

218 1263 548 1333 ηνδρίσαντο
580 1264 637 1316 δὲ
673 1262 816 1316 οὕτω
857 1264 966 1317 τῶν
1017 1264 1150 1336 παρ’
1177 1266 1400 1336 Ἕλλησι
1421 1267 1612 1336 ’σοφῶν
1642 1269 1690 1321 οἱ
1722 1268 1813 1322 θε-

218 1357 438 1409 σπέ-σιοι
500 1357 761 1426 μαθηταὶ,
816 1356 891 1421 ὡς
934 1357 1034 1428 ήδη
1092 1375 1209 1422 πως
1256 1359 1430 1412 δοκεῖν
1476 1360 1648 1430 πηλὸν
1696 1363 1815 1425 ταῖς

218 1451 458 1521 τριόδοις
480 1449 864 1522 διερριμμένον
889 1453 1213 1520 συμπατεῖν.
1239 1452 1349 1504 Καὶ
1375 1453 1484 1524 γὰρ
1509 1449 1576 1523 ἦν
1612 1453 1815 1523 Κύριος

221 1544 343 1614 μετ’
387 1542 587 1606 αὐτῶν,
630 1562 646 1593 t
691 1543 749 1594 '0
799 1542 968 1595 ποιῶν
1003 1542 1232 1613 μεγάλα,
1271 1545 1362 1596 καὶ
1409 1546 1812 1616 ἀνεξιχνίαστα,

1993 807 2261 862 Fecerunt
2285 809 2388 864 hoc
2412 811 2584 864 sancti
2613 811 2956 880 discipuli,de
2982 811 3186 868 Grecis
3213 815 3504 883 rapientes,

1919 913 2055 967 quos
2082 913 2275 966 magno
2304 902 2434 969 regi,
2501 900 2738 968 Christo,
2791 903 3027 970 inquam.
3069 904 3398 971 obtulerunt,
3447 915 3508 960 ut

1920 991 2020 1044 sub
2060 991 2175 1059 ipso
2208 1001 2412 1056 essent,
2461 1001 2515 1045 et
2555 1007 2674 1061 qua:
2713 993 2830 1062 ejus
2875 1004 3001 1049 sunt
3065 1011 3256 1066 sapere
3284 999 3506 1064 vellent,

1920 1081 2195 1136 diabolicae
2219 1082 2495 1137 servitutis
2522 1083 2652 1153 jugo
2711 1099 2859 1151 sero,
2899 1093 2955 1142 et
2992 1086 3079 1142 vix
3141 1091 3358 1144 tandem
3405 1105 3507 1144 ex-

1919 1187 2096 1228 cusso.
2164 1174 2317 1230 Adeo
2377 1181 2558 1228 autem
2619 1185 2806 1230 contra
2858 1177 3169 1232 Graecorum
3231 1163 3510 1248 sapientes

1920 1272 2141 1319 strenue
2168 1267 2336 1320 divini
2385 1267 2628 1334 discipuli
2653 1283 2710 1322 se
2734 1280 3046 1339 gesserunt,
3079 1281 3136 1325 ut
3197 1272 3311 1342 jam
3364 1290 3504 1343 quo--

1921 1357 2209 1411 dammodo
2240 1357 2404 1411 lutum
2448 1361 2498 1412 in
2560 1360 2939 1426 triviisjacens
2986 1366 3306 1420 conculcare
3359 1367 3511 1421 vide-

1921 1459 2130 1505 rentur.
2167 1449 2377 1503 Etenim
2409 1450 2668 1507 Dominus
2694 1462 2811 1506 erat
2843 1467 2964 1507 cum
2995 1455 3146 1524 ipsis,
3191 1475 3212 1508 ι
3243 1455 3343 1523 Qui
3375 1459 3509 1514 facit

1924 1554 2138 1610 magna,
2183 1549 2237 1594 et
2269 1543 2662 1607 iuscrutabilia,
2702 1544 2958 1613 gloriosa,
2983 1553 3037 1598 et
3073 1546 3327 1616 ingentia,
3362 1565 3502 1620 quo-

215 1636 408 1701 ἔνδοξά
438 1653 496 1690 τε
527 1636 620 1688 κα¹ι
649 1635 892 1702 ἐξαίσια,
919 1629 994 1688 ὧν
1031 1636 1130 1688 οὐκ
1161 1635 1309 1688 ἔστιν
1341 1637 1588 1707 ἀριθμός.
1631 1657 1650 1690 ι
1691 1639 1817 1692 Ἐπ-

1925 1647 2038 1686 rum
2070 1649 2173 1687 non
2202 1643 2286 1688 est
2325 1649 2586 1690 numerus
2608 1635 2675 1689 “.
2719 1655 2738 1689 ι
2800 1636 3097 1706 Compellat
3150 1649 3205 1694 et
3253 1641 3508 1699 Christus

216 1729 416 1797 εφὼνει
438 1727 494 1780 δέ
510 1745 611 1781 που
636 1729 732 1780 καὶ
763 1730 790 1780 ὁ
810 1727 1065 1798 Χριστὸς,
1087 1732 1201 1791 τοῖς
1231 1728 1586 1781 πιστεύσασιν
1615 1729 1696 1793 είς
1719 1731 1816 1784 αὺ-

216 1822 344 1876 τόν·
386 1839 404 1873 t
449 1821 579 1874 Ἰδοὺ
628 1819 838 1873 δέδωκα
868 1819 994 1889 ὑμῖν
1043 1823 1236 1873 πατεῖν
1268 1821 1452 1874 ἐπάνω
1491 1820 1690 1890 ὄφεων,
1721 1822 1815 1877 καὶ

219 1914 525 1986 σκορπίων,
557 1913 652 1966 καὶ
687 1912 780 1964 ἐπὶ
818 1913 998 1966 πᾶσαν
1029 1912 1127 1983 τὴν
1157 1911 1387 1983 δύναμιν
1415 1913 1508 1966 τοῦ
1535 1913 1753 1985 ἐχθροῦ.
1789 1933 1808 1966 r

227 2006 432 2060 ’ἰστέον
467 2006 523 2059 δὲ
550 2005 631 2058 ὅτι
677 2004 1051 2076 πνευματικὴν
1088 2004 1188 2074 μὲν
1220 2006 1384 2075 ἡμεῖς
1433 2002 1814 2074 ἐξυφαίνοντες

217 2099 480 2170 θεωρίαν,
505 2098 575 2152 τὰ
602 2095 832 2152 τοιαῦτὰ
859 2113 1062 2167 φαμεν.

300 2191 578 2254 Ἰουδαίοις
601 2209 662 2259 γε
697 2191 803 2262 μὴν
826 2191 922 2261 οὐχ
951 2185 1052 2245 ὧδε
1077 2191 1221 2262 ἔχειν
1247 2190 1308 2245 τὸ
1326 2191 1516 2263 χρῆμα
1533 2191 1698 2257 δοκεῖ,
1728 2192 1814 2246 δέ·

213 2302 401 2355 χοντοιι
427 2285 483 2337 δέ
517 2283 719 2358 μᾶλλον
749 2283 1057 2354 ίστορικῶς,
1090 2284 1183 2337 καί
1233 2301 1418 2354 φασιν,
1450 2286 1530 2338 ὅτι
1562 2285 1699 2356 μετά
1721 2287 1812 2340 τὸν

216 2379 314 2447 τῆς
347 2375 728 2447 αἰχμαλωσίας
762 2375 953 2446 καιρὸν
991 2375 1375 2446 πεπολέμηκεν
1398 2377 1602 2441 αὐτοῖς,
1635 2379 1663 2430 ὁ
1688 2377 1811 2431 ἐπί-

217 2468 354 2538 κλην
401 2466 701 2537 Ἐπιφανὴς
736 2466 1009 2537 Ἀντίοχος
1047 2465 1309 2535 πλείστην
1332 2483 1391 2519 τε
1413 2467 1546 2538 ὅσην
1576 2485 1813 2538 συναγα-

214 2560 329 2626 γὼν
387 2561 451 2612 ὲκ
504 2558 606 2628 τῆς
646 2557 916 2629 Ἑλλήνων
962 2557 1147 2634 χῶρας
1186 2557 1296 2612 τῶν
1348 2558 1674 2628 μαχομένων
1712 2559 1811 2632 τὴν

213 2651 484 2722 ἄθροισιν,
528 2650 621 2704 καὶ
659 2650 766 2720 μὴν
797 2651 891 2704 καὶ
924 2653 1044 2714 ταῖς
1075 2649 1205 2722 παρ’
1236 2651 1438 2720 ἐτέρων
1469 2651 1812 2721 ἐπικουρίαις

213 2743 609 2814 ὠφρυωμένος.
670 2741 810 2794 Ἀλλ’
867 2740 941 2804 ὡς
999 2741 1154 2794 αὐτοί
1242 2758 1396 2809 φασι,
1451 2741 1737 2811 νενίκηκεν
1781 2742 1812 2794 ὁ

226 2834 469 2906 Ἰσραὴλ,
506 2833 602 2887 καὶ
627 2821 732 2904 τῆξ
769 2833 979 2886 ἐκείνου
1011 2833 1332 2903 σκαιότητος
1373 2832 1472 2903 τὴν
1495 2833 1703 2904 ἀμείνω
1726 2834 1812 2887 δό-

216 2929 315 2992 ξαν
358 2926 728 2996 ἀπηνέγκατο.
767 2925 902 2978 Τότε
931 2925 1038 2996 γὰρ
1080 2925 1394 2996 συμϐέϐηκε
1450 2925 1544 2978 καὶ
1591 2926 1716 2989 τοὺς
1746 2927 1812 2980 ὲκ

1923 1725 2118 1781 alicubi
2152 1728 2434 1784 credentes
2454 1728 2505 1783 in
2537 1728 2629 1799 se}
2664 1729 2830 1785 «Ecce
2854 1731 2972 1784 dedi
3004 1731 3156 1786 vobis
3174 1742 3501 1800 potestatem

1922 1817 2164 1874 calcandi
2231 1835 2394 1889 supra
2437 1829 2716 1888 serpentes
2768 1831 2823 1876 et
2862 1825 3200 1891 scorpiones,
3254 1835 3307 1878 et
3337 1841 3501 1895 supra

1921 1925 2136 1966 omnem
2165 1911 2418 1965 virtutem
2444 1911 2647 1965 inimici
2676 1913 2747 1966 ³⁵.
2773 1931 2793 1965 ι
2844 1912 3134 1968 Sciendum
3159 1929 3340 1982 porro,
3379 1932 3501 1982 nos,

1920 2001 2254 2070 spiritualem
2305 2002 2810 2073 interpretationem
2853 2016 3209 2062 contexentes
3255 2007 3371 2062 haec
3419 2007 3502 2063 di-

1917 2107 2064 2149 cere.

1990 2186 2059 2241 At
2103 2184 2302 2242 Judaeis
2333 2186 2606 2241 diversum
2633 2185 2832 2258 placet,
2863 2188 2952 2258 qui
2981 2189 3097 2244 htec
3123 2189 3382 2247 historice
3404 2204 3502 2262 po-

1919 2278 2030 2334 tius
2064 2278 2354 2348 accipiunt.
2381 2278 2782 2350 allirmantque,
2813 2290 2935 2350 post
2977 2289 3189 2353 tempus
3214 2283 3502 2350 captivita-

1922 2370 1988 2424 tis
2018 2371 2288 2424 hostiliter
2321 2385 2415 2426 eos
2457 2370 2725 2427 invasisse
2758 2372 3082 2426 Antiochum
3142 2382 3502 2442 cognomento

1920 2461 2254 2530 Epiphanem
2322 2477 2443 2515 cum
2482 2463 2656 2531 copiis
2701 2477 2733 2518 e
2774 2460 2980 2516 Gmcia
3029 2463 3276 2530 inﬁnitis,
3333 2452 3388 2520 et
3430 2463 3500 2518 ab

1918 2553 2038 2608 aliis
2065 2553 2312 2622 gentibus
2332 2553 2613 2606 auxiliaria
2639 2562 2912 2607 contracta
2938 2570 3119 2622 manu,
3149 2557 3289 2610 unde
3310 2571 3500 2626 super-

1917 2644 2100 2699 cilium
2129 2643 2371 2700 tollehat.
2407 2643 2512 2698 Sed
2537 2655 2594 2699 ut
2619 2645 2717 2714 ipsi
2749 2647 3103 2710 confitentur,
3149 2649 3280 2703 vicit
3306 2647 3496 2718 Israel,

1885 2738 2060 2790 ‘etde
2104 2736 2246 2791 illius
2299 2736 2636 2790 immanitate
2686 2736 2913 2806 gloriam
2986 2740 3087 2794 sibi
3145 2743 3497 2812 comparavit.

1919 2827 2069 2882 Tunc
2091 2829 2235 2882 enim
2260 2825 2487 2897 contigit
2542 2826 2879 2884 Machabaeos
2932 2833 3195 2902 martyrio
3247 2835 3496 2888 virtutem

1915 2918 2216 2986 confessos,
2246 2918 2573 2975 celebritatis
2634 2935 2835 2976 corona
2885 2923 3130 2978 redimiri
3167 2924 3234 2978 ⁸⁸.
3263 2927 3344 2980 Ad
3373 2941 3500 2996 pro-

213 3019 598 3076 Μακκαεαίων
636 3017 1130 3090 μεμαρτυρηκότας
1160 3017 1250 3070 τὸν
1273 3018 1371 3088 τῆς
1406 3017 1815 3088 εὐδοκιμήσεως

1925 3011 2188 3065 bationcm
2265 3011 2549 3067 sententize
2616 3026 2728 3066 suae
2777 3013 2937 3068 modo
2980 3022 3035 3069 et
3064 3017 3225 3084 paulo
3268 3032 3430 3087 supra
3467 3032 3498 3072 a

213 3112 590 3182 ἀναδήσασθαι
625 3111 910 3180 στέφανον.
937 3109 1388 3180 Παρακομίζουσι
1415 3108 1473 3161 δὲ
1503 3108 1612 3161 τῶν
1637 3109 1818 3174 αὐτοῖς

211 3203 520 3258 δοκούντων
547 3204 626 3264 είς
655 3200 931 3266 ἀπόδειξιν
963 3200 1032 3254 τά
1049 3217 1108 3252 τε
1139 3200 1342 3268 ἀρτίως
1373 3201 1816 3273 ἡμῖν-εἰρημένα,

213 3297 310 3349 καὶ
345 3294 415 3346 τὰ
451 3293 618 3362 ὀλίγῳ
644 3291 896 3354 κατόπιν,
922 3289 1104 3360 ἔχουσι
1131 3290 1187 3342 δὲ
1235 3288 1436 3352 οὕτως·
1479 3309 1496 3341 ι
1531 3292 1677 3344 Διότι
1733 3291 1844 3346 ὲνω

215 3385 405 3439 ἑτεινά
458 3401 518 3437 σε
576 3381 822 3454 ἐμαυτῷ,
857 3381 1058 3447 Ἰούδα,
1088 3382 1163 3444 ὠς
1217 3381 1404 3448 τόξον,
1461 3381 1671 3454 ἐπλησα
1727 3381 1822 3438 τὸν

226 3477 492 3549 Ἐφραῒμ,
523 3477 618 3529 καὶ
664 3473 915 3545 ἐπεγερῶ
954 3475 1024 3527 τὰ
1067 3473 1232 3528 τέκνα
1276 3491 1389 3539 σου,
1419 3473 1578 3541 Σιὼν,
1623 3475 1714 3529 ἐπὶ
1748 3474 1817 3529 τά

213 3573 386 3625 τέκνα
419 3571 527 3624 τῶν
563 3555 852 3641 Ἑλλήνων,
899 3568 996 3622 καὶ
1019 3568 1328 3639 ψηλαφήσω
1360 3586 1419 3622 σε
1442 3567 1516 3631 ὡς
1541 3568 1814 3638 ῥομφαίαν

217 3663 494 3734 μαχητοῦ,
518 3663 613 3716 καὶ
645 3662 797 3714 ἔσται
826 3660 1028 3732 Κύριος
1065 3662 1151 3713 ἐπ’
1175 3660 1392 3723 αὐτοὺς,
1425 3661 1519 3712 καὶ
1540 3659 1816 3725 ἐξελεύσε-

218 3775 305 3809 ται
337 3756 415 3819 ὡς
447 3754 705 3825 ἀστραπὴ
733 3752 876 3823 βολὶς
900 3751 1086 3806 αὐτοῦ.
1125 3752 1234 3806 Καὶ
1266 3751 1470 3822 Κύριος
1504 3751 1814 3822 παντοκρά-

1919 3103 2076 3159 nobis
2107 3105 2247 3160 dicta
2271 3109 2594 3175 producunt,
2655 3119 2773 3174 qua:
2825 3107 2971 3160 hunc
3021 3108 3073 3161 in
3134 3108 3352 3162 modum
3400 3111 3497 3162 ha-

1917 3195 2046 3251 bent
2078 3216 2090 3251 :
2124 3216 2142 3248 ι
2181 3197 2450 3263 Quoniam
2488 3198 2689 3252 tetendi
2729 3199 2860 3252 mihi
2900 3207 2972 3263 te,
3020 3197 3177 3266 Juda,
3231 3209 3288 3254 ut
3313 3217 3498 3256 arcum

1919 3288 2136 3358 implevi
2170 3289 2453 3357 Ephraim,
2482 3298 2536 3344 et
2567 3289 2820 3344 excitabo
2850 3290 2992 3344 ﬁlios
3013 3297 3130 3344 tuos
3175 3291 3306 3345 Sion
3337 3307 3500 3360 super

1918 3382 2056 3437 illius
2089 3382 2426 3448 Grtecorum,
2460 3393 2513 3438 et
2537 3385 2888 3439 contrectabo
2926 3392 2982 3438 te
3029 3395 3087 3437 ut
3117 3384 3348 3454 gladium
3383 3385 3499 3440 bel-

1920 3475 2130 3530 latoris.
2161 3475 2227 3529 Et
2265 3476 2369 3529 erit
2393 3475 2651 3530 Dominus
2682 3491 2846 3545 super
2877 3491 2992 3540 eos,
3024 3485 3077 3530 et
3100 3479 3406 3547 egredietur
3443 3489 3502 3532 ut

1924 3566 2103 3632 fulgur
2129 3567 2370 3638 jaculum
2403 3566 2538 3634 ejus.
2571 3567 2638 3621 Et
2669 3566 2928 3621 Dominus
2973 3567 3315 3637 omnipotens
3373 3569 3500 3623 tuha

1920 3667 2099 3724 canet,
2137 3668 2193 3714 et
2232 3661 2331 3714 ibit
2360 3660 2411 3712 in
2440 3660 2799 3714 commotione
2841 3659 3109 3712 minarum
3153 3659 3288 3726 ejus.
3317 3658 3497 3713 Domi-

1921 3766 2022 3805 nus
2049 3751 2392 3820 omnipotens
2421 3761 2664 3821 proteget
2691 3765 2784 3804 eos
2806 3751 2870 3803 ³⁷.
2909 3769 2928 3802 ι

217 3866 334 3918 τωρ
379 3847 436 3899 ἐν
506 3845 770 3912 σάλπιγγι
838 3841 1078 3907 σαλπιεῖ,
1122 3841 1219 3896 καὶ
1263 3840 1590 3912 πορεύσεται
1634 3842 1690 3895 ἐν
1735 3840 1882 3914 σάλῳ
1917 3841 2145 3912 ἀπειλῆς
2199 3841 2385 3896 αὐτοῦ.
2447 3841 2652 3913 Κύριος
2711 3842 3105 3915 παντοκράτωρ
3168 3845 3497 3918 ὑπερασπιεῖ

215 3959 477 3999 αυτουν.»

286 4035 402 4090 Kal
431 4031 1074 4101 xatatazvraria'owat
1125 4029 1414 4085 ἀναϐάται
1457 4029 1678 4093 ἵππων,
1714 4028 1811 4083 καί

218 4127 577 4195 κατισχύσω
604 4124 711 4178 τὸν
752 4119 920 4177 οἷκον
958 4122 1171 4188 Ἰούδα,
1205 4123 1303 4175 καὶ
1350 4122 1460 4176 τὸν
1491 4119 1658 4177 οἷκον
1697 4125 1814 4177 Ἰω-

219 4219 354 4288 σὴφ
403 4216 605 4281 σώσω,
657 4214 753 4268 καί
788 4212 1062 4268 κατοικιῶ
1110 4213 1352 4280 αὐτοὺς,
1403 4214 1492 4267 ὅτι
1531 4213 1815 4284 ἠγάπηκα

220 4311 472 4375 αὐτούς.

288 4402 413 4455 EG’.
469 4400 608 4454 Φασὶ
654 4399 719 4470 δὴ
769 4400 930 4452 πάλιν
978 4399 1028 4450 οἱ
1078 4401 1189 4460 τοῖς
1236 4397 1542 4460 Ἰουδαϊκοῖς
1588 4413 1814 4465 συναγο-

221 4495 478 4567 ρεύοντες
511 4493 868 4563 διηγήμασιν,
901 4491 982 4544 ὃτι
1016 4491 1530 4562 συγκεκροτημένης
1555 4492 1652 4560 τῆς
1675 4489 1811 4559 πρὸς

221 4586 498 4656 Ἕλληνας
549 4583 751 4654 μάχης,
786 4583 835 4634 οἱ
873 4581 969 4652 μὲν
1009 4581 1232 4633 ἐκείνων
1282 4581 1468 4643 ἱππεῖς
1505 4579 1810 4645 stantum,

218 4673 607 4747 κεκρατήκασί
642 4690 707 4742 γε
753 4673 861 4744 μὴν
900 4674 947 4725 οἱ
983 4672 1040 4739 ἐξ
1079 4672 1307 4742 αἵματος
1347 4670 1584 4742 Ἰσραὴλ,
1618 4672 1691 4733 ὡς
1717 4689 1816 4724 κα-

219 4769 478 4839 τοικῆσαι
505 4767 603 4838 τὴν
655 4765 837 4837 χώραν
879 4765 1096 4829 αὐτοὺς,
1135 4763 1292 4833 δῆλον
1328 4763 1383 4816 δὲ
1416 4763 1496 4816 ὅτι
1540 4763 1639 4832 τὴν
1680 4765 1813 4815 Ἰου-

220 4860 404 4926 δαίαν,
453 4859 658 4922 παντὸς
704 4857 1024 4930 ἐλευθέρους
1066 4856 1344 4928 δείματος,
1381 4857 1474 4910 καὶ
1515 4857 1725 4920 οὐδενὸς
1759 4856 1821 4909 τὸ

223 4954 494 5023 παράπαν
538 4950 970 5017 ἀποικισθέντος,
1012 4949 1178 5020 ἤγουν
1213 4947 1558 5019 αἰχμαλώτου
1593 4965 1820 5020 γεγενη-

232 5043 413 5116 μένου.
461 5044 652 5114 Ἡμεῖς
680 5042 738 5095 δὲ
766 5044 878 5105 τοῖς
920 5041 1161 5112 πρώτοις
1195 5041 1598 5111 συμϐαίνουσάν
1633 5057 1691 5092 τε
1725 5040 1820 5093 καὶ

226 5137 464 5207 ἑδελφὴν
505 5137 779 5190 ποιεῖσθαι
825 5134 1216 5200 σπουδάζοντες
1257 5133 1355 5204 τὴν
1382 5133 1490 5186 τῶν
1533 5133 1818 5202 νοημάτων

227 5229 505 5294 ἀπόδοσιν,
534 5229 812 5292 ἀναϐάτας
845 5227 1027 5281 ἵππων
1054 5227 1182 5290 τοὺς
1206 5227 1700 5298 κατῃσχυμμένους
1723 5226 1820 5295 οὐχ

225 5319 450 5390 ἐτέρους
475 5316 614 5374 εἶναί
647 5337 858 5390 φαμεν,
891 5319 923 5390 ἦ
962 5318 1088 5382 τοὺς
1110 5318 1218 5371 τῶν
1251 5317 1578 5387 Ἑλληνικῶν
1615 5316 1819 5386 δογμά-

225 5427 335 5464 των
363 5413 796 5484 προεστηκότας,
833 5413 926 5466 καὶ
960 5411 1175 5480 ἀπάτης
1216 5411 1313 5475 τῆς
1340 5408 1627 5478 θεομισοῦς
1654 5410 1821 5479 ὑπερ-

1992 4027 2235 4083 “2115.6.
2267 4026 2335 4081 Et
2390 4028 2781 4096 confundantur
2846 4046 3145 4085 ascensores
3225 4049 3494 4102 equarum,

2124 4130 2170 4173 et
2199 4119 2510 4188 confortabo
2537 4121 2748 4172 domum
2778 4121 2942 4185 Juda,
2971 4131 3017 4174 et
3047 4124 3259 4176 domum
3297 4123 3495 4191 Ioseph

1918 4214 2153 4278 salvabo,
2224 4222 2275 4266 et
2338 4212 2577 4266 habitare
2644 4212 2838 4281 faciam
2909 4231 3016 4280 eos,
3108 4217 3232 4284 quia
3316 4217 3487 4271 delexi

1917 4319 2025 4357 €08.

1992 4391 2178 4448 LXIX.
2213 4393 2538 4450 Asseveranl
2565 4411 2779 4451 rursum
2810 4396 3048 4454 Judaicis
3072 4401 3497 4459 'narrationihus

1918 4486 2346 4554 patrocinantes,
2403 4501 2576 4556 pugna
2652 4502 2772 4541 cum
2830 4488 3033 4544 Grmcis
3090 4490 3244 4557 inita,
3281 4493 3498 4547 illorum

1917 4578 2128 4646 equites
2184 4578 2431 4646 periisse,
2476 4579 2674 4634 vicisse
2725 4579 3019 4647 lsraelitas,
3109 4592 3166 4636 ut
3222 4586 3494 4654 regionem

1918 4684 2095 4733 suam,
2127 4668 2366 4724 Jutlaaam
2398 4685 2609 4740 nempe,
2635 4671 2943 4727 habitarent
2971 4673 3117 4729 omni
3157 4683 3363 4730 terrore
3399 4691 3495 4730 va-

1919 4760 2028 4824 cui,
2063 4761 2278 4814 nemine
2298 4763 2517 4817 omniuo
2535 4763 2788 4827 abducto,
2819 4779 2913 4818 seu
2969 4767 3182 4834 captivo
3224 4766 3388 4823 facto.
3429 4772 3497 4824 At

1923 4867 2022 4908 nos
2055 4853 2327 4921 prioribus
2351 4857 2789 4924 convenientem,
2819 4869 2872 4912 et
2916 4874 3227 4932 germanam
3260 4860 3498 4928 explica-

1926 4947 2125 5002 tionem
2153 4963 2410 5002 sensuum
2443 4949 2638 5006 all'errc
2673 4953 2974 5017 studentes,
3000 4968 3316 5007 ascensores
3331 4969 3498 5022 equo-

1922 5054 2042 5092 rum
2089 5041 2344 5096 confusos
2391 5057 2494 5095 non
2559 5043 2692 5098 alios
2757 5059 2880 5099 esse
2928 5045 3304 5098 contendimus
3336 5061 3496 5114 quam

1920 5129 2558 5202 Grarcorumdogmatum
2584 5116 2865 5204 prasides,
2893 5141 2947 5188 et
3005 5134 3337 5189 sednctionis
3389 5134 3498 5189 Deo

1919 5236 2098 5274 exosae
2129 5233 2581 5290 propugnatores,
2606 5225 2802 5293 quibus
2830 5224 3118 5291 prostratis
3141 5225 3269 5278 vicit
3307 5224 3496 5291 Judas,

1918 5321 1972 5366 et
2010 5313 2214 5366 salvata
2249 5324 2567 5382 estquoque
2605 5315 2797 5370 domus
2863 5303 3112 5385 Josephf
3148 5317 3498 5387 Signiltratnr

1919 5415 2094 5458 autem
2134 5420 2229 5474 per
2254 5405 2366 5459 haec
2403 5405 2731 5462 lsrztcliticus
2779 5410 3020 5477 sanguis,
3076 5417 3128 5463 et
3157 5425 3346 5478 genus,
3381 5409 3497 5463 sive

225 5503 407 5558 ἀθλεῖν
441 5505 724 5569 εἰωθότας,
771 5499 846 5557 ὧν
903 5501 1362 5573 κατεῤῥαγμένων
1408 5501 1749 5570 κεκράτηκεν
1792 5500 1819 5550 ὀ

1925 5497 2328 5564 iustilicalorum
2362 5497 2417 5551 in
2473 5498 2691 5554 (lin-isto
2752 5500 3058 5569 multitudo,
3115 5503 3166 5556 in
3219 5502 3398 5556 animo
3441 5507 3497 5555 et

1216 5677 1258 5708 ⁸⁸⁵
1283 5673 1322 5731 ll
1357 5676 1531 5730 Maeli.
1572 5690 1643 5739 vr,
1677 5679 1728 5730 7.

295 5680 342 5712 ³³
367 5678 463 5736 Job
503 5698 548 5748 ι’,
589 5681 643 5736 9.
726 5678 924 5734 “Luc.
958 5694 1012 5745 ι,
1054 5677 1136 5731 19.

1830 5675 1871 5708 ³⁷
1897 5674 1934 5727 Ζ
1957 5675 2126 5729 :chnt‘.
2166 5688 2243 5736 ix.
2275 5673 2359 5740 15,
2395 5675 2479 5730 14.
