3936 6318
477 239 574 299 ΞθἸ

1460 230 1520 287 8.
1562 226 1839 285 εγίιιιιι
1881 222 2343 284 ΑιΕχΑΝυιὶιΝι
2385 220 2701 279 ARCHIEP.

3621 211 3714 266 l68

474 357 637 411 corde
662 351 900 410 Iudaeam
926 347 1450 412 circumferentium,
1475 357 1532 402 et
1577 345 2045 401 circttmcisi‘onem

2164 344 2386 407 Ἰούδας,
2420 342 2685 394 σέσωσται
2733 339 2790 391 δὲ
2831 335 2923 390 xui
2951 337 2978 389 6
3015 330 3160 397 οἶκος
3204 333 3423 402 Ἰωσήφ.
3465 330 3718 402 lususq-

473 450 790 503 sortitorum
837 445 890 498 in
920 443 1132 512 spiritu,
1184 449 1239 496 ct
1289 449 1523 494 mentem
1569 440 1891 508 gerentium,
1929 452 2048 506 quae

474 539 618 592 videt
641 537 806 590 Deum
837 534 903 598 ³⁸,
931 534 1032 587 hoc
1062 533 1203 586 enim
1235 530 1428 584 Latine
1481 539 1640 584 sonat
1680 528 1868 583 Israel.
1911 527 2046 593 Quia

472 643 603 683 vero
626 625 807 681 dilecti
832 632 956 678 sunt
997 638 1025 676 a
1055 623 1188 687 Deo,
1229 621 1350 676 ideo
1379 629 1432 675 et
1456 621 1512 674 in
1548 619 1884 675 habitatione
1932 617 2044 672 col~

475 716 655 779 locati,
681 715 782 768 hoc
808 721 889 767 est
943 712 1153 765 flrrnam
1181 711 1236 765 in
1255 709 1506 765 omnibus
1535 709 1884 763 felicitatibus
1925 721 2048 777 per-

474 807 808 860 mansionem
843 803 1018 872 adepti
1055 809 1202 856 sunt.
1233 802 1506 870 Scriptum
1533 810 1616 854 est
1641 801 1784 854 enim
1822 819 1834 853 :
1878 819 1897 851 ‹
1941 801 2046 852 Do-

472 899 652 952 minus
681 897 925 952 habitare
950 893 1080 947 facit
1114 893 1396 947 unanimes
1426 892 1476 946 in
1516 892 1673 945 domo
1707 891 1772 942 ’9.
1804 909 1821 940 ι
1883 889 1973 943 Ait
1995 897 2049 943 et

471 987 668 1041 alicubi
699 987 912 1040 divinus
937 982 1105 1038 Isaias
1143 983 1208 1036 de
1232 996 1296 1035 eo
1326 981 1419 1049 qui
1473 980 1640 1033 vitam
1689 980 1800 1048 agit
1848 979 2050 1033 virtute

470 1077 796 1149 singularem
827 1094 841 1129 :
883 1093 902 1126 ι
931 1073 1228 1129 Ambulans
1251 1073 1304 1125 in
1328 1071 1538 1138 justitia
1565 1071 1655 1139 qui
1692 1069 1808 1122 odit
1850 1068 2049 1136 iniqui-

477 1181 643 1224 tatem
679 1177 736 1222 et
794 1167 1140 1237 iniustitiam,
1180 1174 1238 1218 et
1277 1179 1468 1216 manus
1487 1162 1766 1216 abstinens
1795 1175 1823 1213 a
1863 1173 2048 1213 mune-

470 1261 641 1316 ribus.
664 1260 938 1316 Obturans
973 1273 1153 1322 aures,
1195 1265 1252 1309 ut
1281 1270 1385 1309 non
1413 1253 1595 1307 audiat
1630 1253 1893 1321 judicium
1921 1267 2048 1306 san-

472 1352 670 1422 guinis,
702 1359 757 1403 et
778 1349 1034 1403 claudens
1063 1345 1269 1408 oculos,
1295 1354 1354 1398 ut
1381 1360 1484 1398 non
1505 1343 1680 1397 videat
1706 1343 2046 1410 iniquitatem

472 1443 559 1497 hic
589 1441 856 1496 habitabit
885 1440 937 1492 in
965 1437 1176 1492 excelsa
1219 1435 1478 1506 spelunca
1510 1443 1674 1504 petra:
1735 1433 1892 1487 fortis
1915 1432 1979 1486 ⁸ο.
2021 1450 2039 1484 ι

471 1531 832 1587 Probabiliter
871 1529 1034 1583 etiam
1084 1529 1347 1591 dicemus,
1393 1526 1610 1578 domum
1650 1524 1828 1577 datam
1865 1539 1894 1576 a
1937 1523 2048 1578 Deo

471 1626 670 1682 sanctis
693 1623 1009 1686 Ecclesium,
1042 1620 1155 1674 sive
1181 1632 1442 1686 supernas
1487 1615 1836 1680 mansiones;
1885 1629 2043 1682 quam

2152 435 2398 507 μαίνεται
2449 433 2505 485 δὲ
2531 432 2618 486 διὰ
2667 430 2869 484 τούτων
2899 429 2962 480 τὸ
3003 427 3063 490 ἐξ
3098 423 3306 495 Ἰσραὴλ
3351 417 3491 492 αἷμά
3530 440 3590 476 τε
3630 427 3716 477 xui

2147 525 2323 594 γένος,
2374 524 2538 594 ῆγουν
2567 525 2599 592 ἡ
2627 520 2737 574 τῶν
2779 521 2836 573 ὲν
2864 516 3080 590 Χριστῷ
3129 513 3562 582 δεδικαιωμένων
3590 514 3718 584 πλη.

2148 615 2265 680 θὺς,
2292 614 2382 666 τὸν
2412 615 2488 676 εἰς
2510 611 2632 664 νοῦν
2664 612 2758 664 xui
2785 610 3011 680 καρδίαν
3041 605 3421 679 περιφέροντες
3455 604 3713 667 Ἰουδαῖον,

2147 706 2243 758 xui
2276 705 2574 776 περιτομὴν
2616 702 2869 772 λαχόντες
2900 702 3000 771 τὴν
3033 702 3089 752 ἐν
3132 697 3427 768 πνεύματι,
3475 697 3570 750 xui
3601 697 3716 750 νοῦν

2148 799 2362 868 ἔχοντες
2409 798 2621 867 ὁρῶντα
2669 795 2834 847 Θεόν·
2893 790 3254 862 ἑρμηνεύεται
3326 781 3433 858 γὰρ
3479 787 3649 852 οὕτως
3693 791 3718 841 6

2160 888 2396 959 Ἰσραήλ.
2415 887 2633 956 Ἐπειδὴ
2656 885 2713 938 δὲ
2738 887 3050 955 ἡγάπηνται
3077 882 3229 954 παρὰ
3257 880 3414 946 Θεοῦ,
3440 879 3611 951 ταύτῃ
3641 896 3718 932 τοι

2148 983 2242 1034 xui
2277 979 2719 1049 κατῳκίσθησαν,
2769 975 3049 1029 τουτέστιν
3109 972 3509 1043 ἐρηρεισμένην
3551 971 3720 1041 ἐσχή-

2147 1090 2277 1126 κασι
2306 1072 2403 1140 τὴν
2449 1073 2532 1140 ἐφ’
2577 1069 2748 1123 ἅπασι
2778 1071 2888 1130 τοῖς
2927 1066 3168 1138 ἀρίστοις
3198 1065 3479 1134 διαμονήν.
3522 1063 3719 1133 Γέγρα-

2148 1182 2282 1218 πται
2315 1163 2446 1234 γὰρ,
2489 1163 2574 1215 ὅτι
2623 1182 2640 1213 ι
2677 1160 2881 1228 Κύριος
2927 1155 3224 1220 κατοικίζει
3273 1155 3633 1225 μονοτρόπους
3666 1156 3718 1206 ἐν

2147 1253 2301 1323 οἴκῳ.
2337 1253 2479 1322 Ἔφη
2507 1251 2562 1304 δέ
2591 1268 2692 1303 που
2717 1248 2812 1301 xui
2840 1251 2867 1300 6
2901 1248 3185 1310 θεσπέσιος
3227 1245 3453 1306 Ἡσαΐας
3481 1244 3606 1312 περὶ
3631 1240 3717 1295 τοῦ

2146 1342 2423 1412 ἐξαίρετον
2455 1340 2748 1402 ἀσκοῦντος
2787 1338 2928 1408 βίον·
2973 1357 2990 1387 ι
3027 1337 3395 1409 Πορευόμενος
3439 1338 3499 1388 ἐν
3535 1335 3721 1388 δικαιο-

2150 1434 2304 1504 σύνῃ,
2351 1432 2524 1503 μισῶν
2591 1431 2820 1500 ἀνομίαν
2860 1431 2954 1483 xui
2995 1429 3229 1494 ἀδικίαν,
3273 1428 3367 1480 xui
3399 1427 3496 1491 τὰς
3542 1429 3719 1496 χεῖρας

2147 1524 2485 1595 ἀπεχόμενος
2533 1523 2641 1576 ἀπὸ
2678 1522 2884 1592 δώρων.
2935 1520 3192 1591 Βαρύνων
3235 1519 3300 1571 τὰ
3345 1513 3482 1583 ὦτα,
3531 1518 3616 1570 ἵνα
3651 1516 3721 1587 μὴ

2147 1614 2356 1685 ἀκούσῃ
2389 1613 2569 1684 κρίσιν
2618 1613 2868 1682 αἳματος,
2900 1609 2995 1664 xui
3049 1610 3200 1680 μύων
3231 1611 3357 1670 τοὺς
3393 1607 3716 1679 ὀφθαλμοὺς,

472 1732 582 1773 rem
621 1716 769 1771 omni
829 1712 1184 1768 admiratione
1209 1710 1423 1776 dignam
1446 1717 1628 1762 censet
1653 1716 1707 1761 et
1729 1705 1914 1760 beatus
1943 1707 2044 1757 Da-

2157 1709 2237 1761 ἵνα
2271 1709 2344 1777 μὴ
2375 1706 2457 1776 ἴδῃ
2480 1705 2714 1770 ἀδικίαν,
2749 1697 2901 1767 οὗτος
2927 1704 3136 1773 οἰκήσει
3176 1704 3234 1754 ἐν
3265 1700 3455 1771 ὑψηλῷ
3486 1699 3721 1770 σπηλαίῳ

471 1810 582 1874 vid,
612 1809 690 1862 sic
720 1805 1094 1860 universorum
1128 1800 1464 1855 Salvatorem
1498 1797 1810 1866 alloquens:
1851 1814 1868 1847 ι
1894 1795 2042 1850 Beati

471 1901 561 1969 qui
597 1899 840 1952 habitant
870 1897 924 1950 in
953 1897 1110 1950 domo
1141 1901 1252 1956 tua,
1276 1891 1334 1944 in
1365 1888 1560 1946 saecula
1583 1888 1900 1944 sreculorum
1927 1888 2043 1941 lau-

472 1992 675 2045 dabunt
708 1999 759 2044 te
781 1988 846 2041 “.
887 2005 905 2038 ι

2151 1797 2359 1868 πέτρας
2403 1796 2627 1866 ὀχυρᾶς.
2663 1814 2680 1846 ι
2727 1795 2838 1846 Οὐκ
2884 1792 3144 1846 ἀπίθανον
3174 1792 3231 1846 δὲ
3277 1793 3370 1845 xui
3402 1787 3551 1844 οἶκον
3591 1790 3722 1844 δεδό-

2151 1887 2274 1939 σθαι
2309 1887 2486 1954 λέγειν
2537 1886 2689 1958 παρὰ
2723 1884 2854 1938 Θεοῦ
2887 1887 3000 1948 τοῖς
3030 1883 3205 1952 ἁγίοις
3247 1883 3346 1953 τὴν
3383 1883 3720 1952 Ἐκκλησίαν,

2150 1979 2316 2049 ἤγουν
2359 1977 2458 2041 τὰς
2491 1978 2604 2032 ἄνω
2657 1977 2855 2048 μονάς’
2889 1977 2982 2031 xui
3023 1977 3086 2048 δὴ
3134 1977 3228 2031 xui.
3270 1977 3468 2039 παντὸς
3501 1975 3641 2040 ἀξιοῖ
3667 1971 3722 2026 τὸ

471 2084 663 2154 χρῆμα
689 2081 961 2152 θαύματος
988 2081 1016 2132 6
1047 2078 1313 2148 μακάριος
1340 2075 1525 2142 Δα6“ιδ,
1549 2075 1691 2128 οὕτω
1749 2075 1924 2143 λέγων
1946 2074 2079 2144 πρὸς
2118 2074 2210 2128 τὸν
2243 2073 2380 2128 ὅλων
2426 2075 2652 2145 Σωτῆρα
2710 2075 2804 2127 xui
2877 2074 3041 2126 Θεόν’
3075 2092 3092 2123 ι
3132 2073 3407 2142 Μακάριοι
3457 2073 3507 2125 οἱ
3555 2087 3723 2125 κατοι-

471 2174 694 2237 κοῦντες
721 2179 776 2228 ἐν
806 2173 882 2244 τῷ
907 2172 1041 2242 οἴκῳ
1076 2187 1192 2234 σου,
1224 2173 1303 2234 είς
1323 2171 1450 2234 τοὺς
1477 2171 1680 2234 αἰῶνας
1707 2171 1814 2223 τῶν
1843 2169 2361 2224 αἰώνων-αἰνέσουσί
2385 2187 2464 2224 σε.
2503 2188 2521 2220 ι

547 2265 788 2318 \‘Ens.7.
837 2264 905 2317 Et
963 2273 1110 2317 erum
1168 2263 1609 2332 quemadmodum
1675 2263 1886 2330 quando
1945 2278 2046 2315 mm

474 2357 767 2426 ebjeceram
809 2370 918 2416 eos,
965 2354 1090 2422 quia
1166 2369 1258 2422 ego
1331 2351 1586 2406 Dominus
1659 2352 1794 2406 Deus
1844 2368 2044 2414 eorum,

471 2458 520 2501 et
549 2444 828 2500 exaudiam
853 2461 961 2508 eos,
979 2455 1024 2498 et
1051 2454 1204 2497 erunt
1231 2443 1382 2512 quasi
1407 2452 1723 2513 pugnutores
1750 2443 2030 2511 Ephreim.

547 2621 713 2678 LXX.
745 2619 996 2677 Confusis
1027 2621 1249 2676 Graeciaa
1276 2620 1629 2690 sapientibus,
1665 2620 1757 2689 qui
1812 2628 1868 2674 et
1899 2620 2050 2688 equi-

475 2724 558 2772 tes
591 2715 838 2783 appellati
885 2722 1032 2779 sunt,
1061 2713 1494 2769 confortaturum
1528 2727 1650 2767 sese
1675 2713 1961 2782 promittit,
1993 2723 2049 2767 et

477 2808 810 2861 habitatione
862 2807 1184 2859 donaturum
1245 2803 1616 2858 misericordia
1669 2804 1918 2873 gavisos,
1955 2805 2048 2858 ad-

477 2903 631 2957 dens,
665 2917 682 2950 ι
732 2898 866 2964 Quia
903 2896 1066 2950 dilexi
1095 2910 1209 2950 eos.
1250 2913 1267 2946 ι
1298 2895 1366 2948 Et
1427 2896 1556 2965 qttid
1585 2897 1930 2951 emolumenti
1983 2911 2048 2950 ex

476 3006 542 3046 eo
575 2987 876 3060 percepturi
909 2987 1041 3050 sint,
1072 2986 1213 3056 quod
1242 3001 1273 3040 a
1297 2985 1404 3039 Deo
1429 2986 1609 3040 dilecti
1642 2987 1772 3049 sint,
1807 3001 2047 3054 sequen-

479 3083 619 3134 tibus
648 3080 902 3148 explanat
937 3095 949 3129 :
989 3078 1151 3148 750
1189 3095 1205 3128 ι
1233 3076 1405 3140 Sicut,
1437 3076 1630 3144 inquit,
1657 3093 1779 3132 cum
1813 3093 1916 3131 non
1953 3079 2049 3132 ab-

471 3172 706 3238 jcceram
739 3185 850 3244 eos.
886 3188 903 3220 ι
933 3168 1047 3223 Non
1083 3169 1226 3221 enim
1263 3182 1360 3221 eos
1389 3169 1602 3236 penitus
1661 3170 1893 3239 neglexi,
1958 3169 2050 3223 sed

477 3264 714 3327 visitavi,
748 3264 911 3316 etiam
976 3260 1233 3331 periculis
1266 3258 1660 3326 conﬂictantes,
1734 3279 1752 3312 ‹
1790 3262 1922 3326 Quia
1952 3276 2050 3330 ego

478 3354 737 3410 Dominus
772 3356 910 3408 Dens
952 3352 1214 3421 ipsorum,
1256 3371 1274 3404 ι
1304 3355 1404 3407 hoc
1431 3362 1512 3408 est
1565 3366 1750 3408 eorum
1784 3353 2053 3421 supplices

481 3442 668 3514 preces
748 3446 1056 3508 exaudiam,
1121 3462 1138 3495 ι
1203 3453 1256 3498 et
1329 3456 1489 3498 erunt
1581 3453 1640 3499 ut
1726 3456 2053 3516 pugnaturos

483 3535 760 3602 liphraim.
796 3553 814 3586 ι
844 3535 921 3587 Ac
948 3533 992 3587 si
1031 3547 1242 3586 rursum
1267 3533 1430 3598 dicat,
1456 3533 1740 3603 aliquando
1773 3550 1868 3602 per
1887 3535 2050 3608 animi

478 3640 533 3684 et
565 3632 759 3682 mentis
789 3627 1206 3682 imbecillitatem
1233 3627 1376 3680 velut
1400 3626 1651 3681 dissoluti
1701 3635 1755 3681 et
1807 3629 2053 3695 jacentes

480 3734 544 3772 eo
567 3716 678 3784 jam
707 3717 1035 3789 fortitudinis
1077 3715 1372 3785 spiritualis
1394 3716 1834 3785 progredientur,
1879 3725 1937 3769 ιιι
1986 3716 2054 3770 de

479 3822 675 3864 extero
709 3808 1076 3877 Ephraimitis,
1110 3823 1335 3878 quorum
1385 3823 1580 3862 nomen
1632 3809 1683 3863 in
1743 3808 1898 3870 laude
1946 3818 2052 3873 est,

479 3901 711 3969 aequales
743 3901 1046 3964 videantur,
1111 3901 1214 3954 hoc
1266 3909 1348 3955 est
1399 3901 1464 3955 de
1517 3916 1714 3970 genere
1747 3899 2053 3956 Judaeorum

479 3991 758 4062 apostolis,
783 4000 836 4043 et
857 3989 1222 4058 evangelistis.
1251 3990 1312 4045 lli
1341 3992 1483 4062 enim
1507 3993 1792 4048 bellatores
1818 3993 2054 4055 fuerunt,

481 4084 841 4153 intelligentiae
864 4096 966 4136 non
994 4083 1173 4136 sensui
1229 4091 1494 4152 patentes,
1533 4094 1904 4154 oppugnantes
1955 4085 2056 4137 ini-

483 4175 675 4238 micos,
700 4173 950 4229 ferientes
980 4174 1340 4240 adversarios,
1370 4185 1424 4228 et
1491 4176 1763 4230 vincentes
1798 4193 1816 4226 ι
1851 4174 2054 4242 princi-

485 4274 661 4335 patus,
696 4273 1008 4334 potestates,
1061 4273 1115 4319 et
1179 4265 1597 4330 dominationes,
1651 4274 1706 4319 et
1755 4263 2053 4334 spiritualia

481 4356 732 4428 nequitia).
757 4357 821 4422 δ’,
862 4376 880 4408 ι
914 4365 968 4412 et
1001 4372 1168 4413 sacrae
1191 4356 1594 4427 praedicationis
1617 4353 1957 4411 adversarios
1979 4355 2060 4409 ci-

484 4458 565 4503 tra
599 4463 828 4518 pugnam
866 4458 1205 4517 superantes.
1228 4448 1473 4503 Fuerunt
1503 4449 1630 4502 item
1681 4461 1746 4500 ex
1817 4447 2059 4515 gentium

481 4541 689 4608 populis
718 4541 888 4595 voeati
908 4555 1003 4609 per
1033 4540 1189 4594 fidem
1213 4540 1280 4593 ad
1331 4538 1662 4608 agnitionem
1712 4536 1914 4591 Christi
1957 4538 2058 4592 viri

483 4631 680 4696 sancti,
711 4641 764 4684 et
805 4631 994 4700 spiritu
1047 4629 1140 4684 Dei
1191 4629 1355 4700 pleni,
1400 4639 1452 4682 et
1491 4639 1742 4696 tanquam
1773 4628 2060 4684 bellatores

481 4719 758 4790 Ephraim.
781 4720 1074 4776 Bellatores
1101 4720 1242 4774 enim
1273 4717 1485 4772 fuerunt
1517 4734 1530 4771 :
1563 4733 1659 4784 pro
1678 4717 1878 4772 viribus
1901 4733 2056 4771 nam-

481 4826 587 4881 que
616 4812 978 4882 apostolorum
1027 4809 1236 4864 vivendi
1302 4823 1490 4878 genus,
1533 4809 1855 4877 illorumque
1883 4810 2055 4863 virtu-

483 4913 587 4957 tem
616 4903 804 4956 iisdem
837 4901 1078 4969 vestigiis
1107 4899 1404 4957 incedeudu
1425 4900 1766 4963 cumulantes,
1799 4901 1899 4968 ipsi
1925 4916 2056 4968 quo-

481 5008 586 5063 que
622 4992 883 5062 intrepide
901 5001 1088 5044 contra
1127 4990 1379 5044 veritatis
1431 4989 1700 5057 inimicos,
1759 4997 2057 5059 contraque

481 5083 610 5135 vitia
646 5092 696 5136 et
725 5089 944 5151 peccata
980 5081 1345 5133 decertarunt.

553 5173 622 5227 Et
653 5173 1024 5226 la‘tabilurcor
1046 5186 1220 5222 eorum
1243 5172 1392 5241 quasi
1421 5174 1472 5224 iu
1502 5172 1637 5235 riuo,
1667 5181 1713 5224 et
1740 5170 1841 5238 ﬁlii
1874 5187 2053 5223 eorum

489 5266 748 5329 uidebunt,
773 5276 818 5317 et
853 5262 1192 5328 (relabuntur,
1218 5276 1261 5316 et
1289 5265 1533 5334 gaudebit
1555 5280 1644 5316 cor
1663 5279 1842 5316 eorum
1877 5264 1932 5315 iu
1955 5263 2055 5316 Do-

485 5365 644 5409 mirio.

568 5615 783 5672 "Rom.
814 5633 876 5687 ιι,
909 5618 978 5672 25
1008 5633 1161 5688 seqq.
1279 5620 1320 5653 ³⁸
1347 5619 1485 5672 l'sal.
1519 5634 1644 5684 etut,
1679 5617 1731 5671 9.

1831 5619 1994 5674 "iis.
2032 5635 2220 5685 antu,
2263 5620 2346 5689 l5,
2389 5621 2467 5676 IG.

2220 2262 2330 2316 Καὶ
2357 2262 2528 2316 ἔσται
2569 2261 2641 2314 ὃν
2685 2261 2908 2328 τρόπον
2945 2261 3055 2314 οὐκ
3111 2259 3584 2328 ἀπεστρεψάμην
3624 2259 3722 2315 αὐ·

2150 2353 2314 2420 τοὺς,
2365 2353 2512 2406 διότι
2562 2353 2674 2422 ἐγὼ
2701 2355 2914 2419 Κύριος
2957 2354 2990 2406 ό
3035 2352 3178 2417 Θεὸς
3230 2349 3447 2416 αὐτῶν,
3480 2351 3578 2404 καί
3624 2351 3722 2402 ἐπι

2151 2446 2485 2515 ακούσομαι
2533 2443 2748 2507 αὐτῶν,
2778 2441 2878 2496 καὶ
2922 2442 3168 2496 ἔσονται
3213 2442 3294 2506 ὠς
3330 2439 3593 2511 μαχηταί
3625 2439 3722 2493 τοῦ

2169 2539 2434 2606 Ἐφραΐμ.

2228 2633 2304 2682 Ο¹.
2335 2626 2823 2699 Κατησχυμμένων
2853 2626 2962 2680 τῶν
3002 2627 3128 2696 παρ’
3158 2625 3384 2694 Ἕλλησι
3407 2623 3500 2677 xui
3532 2622 3722 2693 σοφῶν,

2153 2723 2204 2775 οἳ
2236 2721 2328 2774 xui
2357 2723 2541 2782 ἱππεῖς
2572 2717 2985 2789 ὠνομάσθησαν,
3014 2715 3362 2787 κατισχύσειν
3393 2715 3722 2784 ἐπαγγέλλε-

2155 2830 2265 2876 ται,
2308 2812 2403 2864 xui
2450 2809 2781 2863 κατοικίσειν
2827 2809 2953 2872 τοὺς
3009 2807 3380 2878 ἡλεημένους,
3429 2806 3720 2875 ἐπιφέρων,

2159 2921 2176 2952 ι
2215 2903 2338 2953 Ὅτι
2391 2900 2655 2968 ἠγάπηκα
2701 2897 2912 2960 αὐτούς.
2957 2916 2976 2948 ι
3022 2897 3132 2950 Kui
3175 2896 3228 2948 τί
3276 2895 3626 2966 κερδανοῦσιν
3669 2895 3728 2946 ὲκ

2152 2996 2242 3050 τοῦ
2294 2993 2608 3063 ἠγαπῆσθαι
2664 2991 2809 3062 παρὰ
2860 2989 3028 3054 Θεοῦ,
3085 2989 3502 3060 διερμηνεύεται
3552 2988 3726 3051 πάλιν,

2157 3107 2175 3138 ‹
2215 3087 2444 3156 Ὥσπερ,
2490 3083 2676 3152 φησὶν,
2711 3083 2797 3136 ὅτε
2834 3083 2932 3135 ούκ
2976 3080 3402 3151 ἀπεστρεψάμην
3445 3079 3668 3144 αύτούς.
3706 3099 3721 3130 ι

2154 3180 2228 3231 υύ
2252 3178 2358 3248 γὰρ
2393 3177 2660 3246 περιεῖδον
2687 3177 2766 3239 είς
2791 3175 2956 3239 ἅπαν,
2982 3172 3370 3242 ἐπεσκεψάμην
3395 3171 3451 3224 δὲ
3484 3172 3727 3224 κεκινδυ-

2152 3269 2432 3331 νευκότας,
2464 3269 2596 3320 διότι
2633 3265 2742 3334 ἐγὼ
2789 3265 2991 3336 Κύριος
3015 3267 3043 3318 6
3067 3265 3198 3328 Θεὸς
3235 3262 3436 3327 αὐτῶν,
3490 3263 3728 3317 τουτέστι

2156 3362 2452 3430 ποιήσομαι
2481 3358 2673 3420 δεκτάς
2701 3357 2798 3420 τὰς
2831 3356 2957 3427 παρ’
2996 3354 3174 3409 αὐτῶν
3200 3353 3372 3418 λιτὰς,
3400 3353 3492 3406 xui
3525 3353 3728 3405 ἔσονται

2156 3452 2230 3524 ὡς
2272 3451 2510 3520 μαχηταὶ
2539 3448 2632 3502 τοῦ
2676 3449 2934 3518 Ἐφραίμ.
2972 3466 2988 3497 ι
3022 3448 3248 3516 Ὅμοιον
3283 3446 3358 3508 ὡς
3380 3447 3426 3497 εί
3455 3444 3605 3512 λέγοι
3631 3443 3728 3497 πά-

2155 3542 2267 3594 λιν·
2309 3541 2362 3592 οἵ
2411 3555 2541 3592 ποτε
2595 3537 2684 3590 διὰ
2718 3539 2810 3592 νοῦ
2853 3537 2947 3590 xui
2999 3535 3194 3606 φρενὸς
3241 3536 3525 3589 ἀσθένειαν
3574 3535 3728 3588 οἱονεὶ

2158 3630 2478 3701 παρειμένοι
2504 3647 2562 3682 τε
2587 3629 2680 3682 xui
2711 3628 2974 3698 κείμενοι,
3005 3625 3186 3697 ἰσχύος
3216 3628 3294 3690 είς
3327 3628 3485 3678 τοῦτο
3512 3626 3608 3695 ἤδη
3635 3625 3725 3693 τῆς

2157 3724 2532 3794 πνευματικῆς
2563 3722 2941 3792 ἐνεχθήσονται
2973 3720 3047 3782 ὡς
3069 3719 3170 3790 ἤδη
3193 3735 3308 3781 πως
3334 3720 3391 3770 ἐν
3420 3718 3518 3788 ἴσῳ
3542 3716 3726 3784 τετάχς

2158 3819 2247 3873 θαι
2281 3819 2455 3871 δοκεῖν
2511 3818 2621 3879 τοῖς
2651 3814 2708 3881 ἐξ
2753 3811 2991 3885 Ἐφραίμ
3024 3811 3449 3882 ηὐδοκιμηκόσι,
3489 3810 3723 3863 τουτέστι

2155 3912 2270 3970 τοῖς
2295 3908 2354 3972 ἐξ
2400 3905 2667 3960 Ἰουδαίων
2715 3904 3032 3966 ἀποστόλοις
3073 3919 3132 3954 τε
3175 3902 3270 3954 xui
3299 3901 3720 3968 εύαγγελισταῖς.

2157 3998 2415 4067 Μαχηταὶ
2444 3997 2551 4065 γὰρ
2577 3996 2623 4048 oi
2653 3995 2842 4047 τοιοίδε
2874 3995 3129 4063 γεγόνασι
3171 3993 3370 4062 νοητοὶ,
3407 3989 3725 4044 καταθλοῦν-

2156 4105 2250 4150 τες
2283 4086 2512 4156 ἐχθρῶν,
2544 4085 2827 4155 βάλλοντες
2864 4085 2989 4148 τοὺς
3023 4083 3392 4146 ὑπεναντίους,
3417 4083 3513 4136 καὶ
3538 4080 3724 4134 νικῶν-

2157 4195 2248 4240 τες
2274 4177 2372 4247 μὲν
2402 4195 2421 4227 ι
2455 4176 2649 4248 ἀρχὰς,
2677 4176 2935 4246 δυνάμεις
2963 4193 3019 4229 τε
3047 4176 3140 4229 xui
3165 4174 3514 4246 κυριότητας,
3544 4174 3634 4227 xui
3661 4171 3724 4224 τὰ

2161 4268 2500 4338 πνευματικὰ
2545 4267 2645 4336 τῆς
2690 4267 2973 4337 πονηρίας,
3010 4287 3028 4318 ι
3069 4266 3397 4337 κρατοῦντες
3438 4267 3495 4321 δὲ
3529 4264 3723 4336 ἀμαχεὶ

2156 4359 2264 4413 τῶν
2299 4358 2708 4430 ἀνθεστηκότων
2739 4361 2852 4419 τοῖς
2892 4357 3058 4420 ὁσίοις
3094 4357 3432 4427 κηρύγμασι.
3473 4356 3721 4424 Γεγόνασι

2155 4450 2213 4504 δὲ
2255 4449 2349 4504 xui
2395 4453 2460 4503 ἐκ
2501 4449 2596 4519 τῆς
2647 4448 2754 4500 τῶν
2789 4448 2958 4500 ἐθνῶν
3002 4448 3240 4518 πληθύος
3291 4447 3615 4518 κεκλημένοι
3643 4445 3721 4498 διὰ

2159 4543 2393 4604 πίστεως
2423 4543 2502 4603 είς
2535 4539 2828 4608 ἐπίγνωσιν
2851 4537 2944 4592 τοῦ
2969 4539 3224 4609 Χριστοῦ,
3257 4540 3449 4606 ἄνδρες
3475 4541 3612 4606 ἅγιοι
3636 4537 3723 4589 xui

2160 4629 2616 4700 πνευματοφόροι,
2655 4628 2746 4682 καὶ
2776 4629 2851 4691 ὡς
2897 4629 3136 4698 μαχηταὶ
3165 4628 3258 4680 τοῦ
3311 4629 3568 4700 Ἑφραῒμ.
3607 4629 3722 4680 Mu-

2159 4722 2322 4793 χηταὶ
2349 4720 2456 4790 γὰρ
2479 4721 2732 4789 γεγόνασι
2754 4733 2768 4748 '
2794 4718 2935 4772 κατὰ
2967 4701 3074 4788 γάρ
3105 4719 3164 4771 τὸ
3193 4719 3470 4791 ἐγχωροῦν
3498 4721 3591 4790 τὴν
3622 4717 3722 4768 τῶν

2157 4812 2467 4866 ἀποστόλων
2495 4812 2788 4875 πολιτείαν,
2827 4811 2919 4864 xui
2947 4809 3044 4880 τὴν
3075 4810 3297 4864 ἐκείνων
3328 4809 3720 4882 ίχνηλατοῦντες

2159 4903 2356 4974 ἀρετὴν
2379 4902 2798 4974 κατηνδρίσαντο
2827 4903 2922 4955 xui
2953 4902 3126 4966 αὐτοὶ,
3157 4901 3299 4956 κατὰ
3331 4903 3440 4956 τῶν
3470 4904 3566 4973 τῆς
3595 4902 3720 4971 ἀλη·

2159 4995 2306 5059 θείας
2344 4986 2576 5066 ἐχθρῶν,
2615 4995 2709 5048 xui
2748 4993 2956 5061 παθῶν,
2989 4994 3082 5047 xui
3120 4993 3415 5064 ἁμαρτίας.

2227 5170 2336 5224 Καὶ
2374 5170 2700 5240 χαρήσεται
2744 5173 2781 5240 ἡ
2827 5174 3039 5242 καρδία
3071 5173 3269 5229 αὐτῶν
3321 5173 3400 5239 ὡς
3451 5173 3518 5226 ἐν
3565 5171 3718 5232 οἴνῳ,

2156 5266 2254 5318 καὶ
2295 5265 2368 5318 τὰ
2424 5265 2605 5319 τέκνα
2657 5265 2855 5319 αὐτῶν
2909 5267 3180 5335 ὄψονται,
3235 5268 3334 5320 καὶ
3398 5263 3720 5335 εὐφρανθή-

2158 5369 2390 5415 σονται,
2448 5354 2546 5405 καὶ
2598 5354 2882 5422 χαριεῖται
2930 5355 2968 5420 ἡ
3017 5356 3229 5424 καρδιά
3275 5354 3473 5409 αὐτῶν
3521 5353 3612 5406 ἐπὶ
3651 5349 3722 5412 τῲ
3805 5411 3808 5414 _

2161 5445 2370 5510 Κιτίῳ.

2556 5622 2600 5714 _“
2629 5621 2771 5678 Psal.
2805 5639 3029 5690 Lxxxtn,
3067 5625 3120 5681 5.
3234 5628 3280 5659 δ’
3305 5626 3502 5696 Ephes.
3529 5640 3601 5689 vr,
3636 5621 3715 5676 19..
