3936 6318
264 303 361 360 173

1090 300 1644 360 COMMENTARIUS
1684 304 1749 358 IN
1786 305 2187 361 ZACHARIAM
2231 304 2673 361 PROPHETAM.
3211 325 3224 337 κ
3428 305 3532 364 ιτι

341 415 562 485 Ἐπειδὴ
589 417 646 469 δέ
671 416 772 487 τῆς
807 418 1180 487 πνευματικῆς
1216 419 1510 489 ἑρμηνείας
1539 422 1846 490 μεταποιεί-

2024 420 2183 492 753
2206 419 2340 488 Quia
2375 435 2502 475 vero
2529 417 2870 490 spiritualem
2901 415 3403 486 interpretationem
3439 416 3531 470 Dei

266 509 384 561 σθαι
429 509 631 577 πρέπει
679 511 793 572 τοῖς
853 509 934 563 ὅτι
988 508 1224 580 μάλιστα
1281 508 1696 579 φιλοθεωτάτοις
1755 511 1850 564 καὶ

266 601 688 670 πνευματικοῖς,
731 601 932 671 φαμὲν,
961 603 1043 655 ὅτι
1076 601 1173 669 τῆς
1203 601 1312 655 τῶν
1354 602 1604 673 ἀοράτων
1642 601 1850 673 ἐχθρῶν

263 689 474 763 χώρας,
519 691 640 762 ἦτοι
681 692 864 762 χειρὸς
904 689 1147 758 ἐξέλκειν
1193 693 1388 754 αὐτοὺς
1423 691 1846 760 ἐπαγγέλλεται,

265 784 354 836 καὶ
397 783 603 847 παντὸς
651 783 750 854 μὲν
789 783 1044 854 δείματος
1086 782 1440 855 ἐλευθεροῦν·
1474 782 1850 854 αἰχμαλώτους

263 875 318 928 δὲ
350 874 530 939 ὄντας,
569 876 668 928 καὶ
694 869 805 928 οἷον
837 875 928 945 ὑφ’
951 875 1176 946 ἐτέρους
1206 877 1516 945 κειμένους,
1565 875 1850 946 μονονουχὶ

265 965 359 1018 καὶ
397 963 750 1036 άναμοριροῦν
785 966 864 1028 είς
895 965 1228 1036 ἐλευθερίαν.
1271 966 1341 1018 Ἥ
1382 966 1476 1019 καὶ
1510 966 1630 1018 καθ’
1662 967 1849 1038 ἓτερον

265 1056 485 1126 τρόπον,
522 1055 818 1126 σκοτισμοῦ
866 1061 960 1110 καὶ
1007 1055 1319 1127 συγχύσεως
1365 1056 1849 1127 ἀπαλλαγήσεσθαί

267 1163 464 1218 φησιν·
501 1148 777 1217 Αἴγυπτος
832 1147 932 1218 μὲν
966 1148 1074 1216 γὰρ
1106 1146 1453 1216 σκοτισμὸς,
1497 1146 1753 1201 Βαϐυλὼν
1794 1147 1850 1200 δὲ

265 1240 570 1308 σύγχυσις
596 1238 981 1310 ἑρμηνεύεται.
1018 1239 1324 1310 Ἀδιαιρορεί
1363 1239 1416 1292 δὲ
1465 1239 1781 1304 πλειστάκις
1821 1239 1849 1290 6

265 1330 457 1397 λόγος,
509 1330 828 1401 Ἀσσυρίους
877 1347 937 1384 τε
985 1332 1080 1385 καὶ
1129 1330 1504 1394 Βαϐυλωνίους
1564 1332 1644 1395 είς
1699 1331 1850 1394 ἔθνος

266 1421 760 1492 καταλογιζόμενος
826 1420 918 1487 ἓν,
971 1421 1060 1476 διά
1105 1439 1188 1476 τοι
1234 1422 1294 1474 τὸ
1362 1423 1451 1490 ὑφ’
1499 1422 1581 1475 ἐνὶ
1637 1423 1850 1474 κεῖσθαι

269 1514 560 1584 σκήπτρῳ,
591 1513 689 1566 καὶ
723 1512 854 1582 μίαν
892 1512 978 1566 ἐπ’
1019 1513 1216 1578 αὐτοὺς
1256 1512 1516 1583 τετάχθαι
1561 1513 1659 1586 τὴν
1695 1513 1851 1584 βασι-

265 1604 434 1658 λείαν.
485 1604 946 1676 Λελυτρωμένους
991 1604 1055 1676 δὴ
1109 1601 1204 1660 οὖν
1252 1607 1316 1659 ὲκ
1358 1607 1457 1676 τῆς
1503 1606 1610 1659 τῶν
1663 1607 1850 1660 πλεινο

268 1695 570 1750 εκτούντων
595 1697 799 1769 χειρὸς,
822 1701 1121 1770 εἰσκομιεῖν
1148 1699 1545 1769 ἐπαγγέλλεται
1569 1701 1647 1763 είς
1673 1717 1728 1754 τε
1752 1701 1850 1769 τὴν

1957 513 2364 568 amantissimos
2393 520 2448 567 et
2488 511 2800 580 spirituales
2842 523 3125 577 capchere
3175 522 3386 576 a-quum
3426 519 3532 570 est,

1957 604 2192 659 dicimus
2224 620 2344 659 eum
2389 604 2709 673 promittere
2745 617 2804 656 se
2840 601 2905 656 de
2949 600 3191 669 regione,
3221 598 3338 652 sive
3371 613 3532 652 manu

1957 696 2192 752 hostium
2241 695 2706 765 inaspectahilium
2759 708 2854 748 eos
2901 701 3236 760 erepturum,
3283 698 3336 744 et
3387 691 3532 742 mimi

1957 787 2250 842 formidine
2280 789 2586 842 soluturum
2619 804 2632 839 :
2668 786 2912 855 captivos
2947 795 3125 836 autem
3152 792 3206 837 et
3235 781 3381 834 velut
3412 781 3535 832 aliis

1957 879 2301 950 subjacentcs
2338 879 2492 949 quasi
2545 877 2599 933 in
2643 875 2948 931 libertatem
2996 873 3534 928 transformaturmn.

1956 970 2064 1024 Aut
2092 972 2252 1024 etiam
2290 969 2585 1024 secundum
2629 969 2790 1022 aliam
2829 966 3262 1036 intelligentiam,
3295 963 3534 1018 tenebris

1957 1071 2010 1116 et
2047 1062 2366 1116 confusione
2414 1061 2701 1115 liberatum
2734 1059 2798 1113 iri
2845 1060 2977 1114 dicit
3010 1076 3023 1112 :
3056 1056 3347 1127 Egyptum
3387 1056 3531 1108 enim

1958 1155 2214 1216 tenebras,
2271 1153 2595 1224 Babylonem
2642 1151 3002 1220 confusionem
3059 1151 3306 1204 reddunt.
3337 1145 3535 1215 Saepis-

1958 1245 2093 1300 sime
2118 1253 2296 1298 autem
2327 1245 2443 1299 sine
2464 1244 2778 1298 discrimine
2808 1243 3018 1315 Assyrii
3047 1253 3101 1295 et
3131 1239 3406 1311 Babylonii
3441 1253 3538 1306 pro

1958 1351 2062 1391 una
2097 1347 2260 1407 gente
2305 1345 2654 1407 usurpantur,
2677 1337 2821 1406 quod
2857 1336 2946 1389 nni
2999 1344 3217 1402 sceptro
3248 1332 3446 1386 subditi
3481 1342 3537 1383 et

1958 1429 2060 1486 sub
2112 1445 2219 1483 uno
2261 1444 2426 1500 regno
2466 1440 2667 1484 essent.
2720 1427 3002 1482 Liberatos
3049 1427 3215 1496 igitur
3273 1426 3337 1480 de
3375 1439 3534 1479 manu

1959 1521 2374 1585 dominantium,
2418 1529 2472 1574 et
2525 1520 2577 1574 in
2626 1518 2939 1574 Galaaditin
2990 1518 3140 1588 (pars
3178 1515 3278 1570 fuit
3313 1513 3530 1576 Ιιιιιιειιι,

1959 1609 2232 1663 fructuum
2285 1610 2464 1664 omnis
2528 1610 2744 1679 generis
2804 1606 3162 1680 feracissima)
3215 1616 3268 1661 et
3317 1606 3542 1673 insuper

1961 1701 2012 1754 in
2037 1699 2298 1756 Libanum
2329 1701 2762 1756 introducturum
2789 1701 3052 1770 spondet;
3083 1711 3138 1754 et
3168 1699 3257 1754 hic
3281 1711 3433 1752 mons
3456 1705 3538 1750 est

271 1785 592 1840 Γαλααδῖτιν
653 1786 856 1858 (μοῖρα
907 1787 965 1840 δὲ
1016 1787 1157 1857 αῦτη
1210 1789 1309 1858 τῆς
1364 1790 1632 1843 Ἰουδαίων
1687 1791 1852 1860 γῆςή

1961 1793 2151 1863 ingens
2197 1803 2254 1847 et
2305 1793 2562 1861 speciosis
2597 1792 2830 1847 refertus
2861 1791 3168 1852 arboribus,
3217 1788 3269 1842 in
3310 1787 3538 1842 conﬂui-

273 1878 686 1949 παμφορωτάτη
733 1879 828 1932 καὶ
858 1877 1170 1952 εῦκαρπος)
1217 1881 1310 1933 καὶ
1357 1881 1464 1952 μὴν
1513 1882 1606 1934 καὶ
1640 1883 1720 1944 εἰς
1763 1881 1854 1933 τὸν

268 1969 520 2036 Λίϐανον,
565 1969 659 2022 καὶ
701 1968 861 2022 τοῦτο
904 1970 1032 2042 ὅρος
1083 1970 1304 2038 εῦξυλόν
1337 1989 1396 2024 τε
1443 1973 1536 2026 καὶ
1581 1975 1722 2044 μέγα
1756 1974 1854 2044 τῆς

279 2057 554 2112 Ἰουδαίων
592 2074 652 2111 τε
690 2058 785 2112 καὶ
816 2059 1082 2114 ⁸Ιοινίκων
1121 2063 1224 2132 γῆς
1256 2063 1314 2115 ἐν
1361 2062 1632 2132 μεθορίοις
1666 2063 1853 2134 κείμε-

267 2164 376 2201 νον.
439 2147 776 2220 Σημαίνεται
821 2149 879 2203 δὲ
931 2150 1000 2202 δι’
1041 2151 1242 2222 ἀμφοῖν
1291 2155 1489 2217 ἐκεῖνο,
1530 2152 1681 2221 οἶμαί
1730 2171 1852 2208 που.

280 2240 626 2308 ’Δτταλλάξας
662 2240 773 2312 γάρ
806 2243 954 2314 ἡμᾶς
986 2244 1014 2296 6
1047 2243 1252 2316 Κύριος
1285 2245 1440 2316 ἡμῶν
1482 2245 1688 2319 Ἰησοῦς
1722 2249 1856 2319 Χρι-

272 2332 392 2397 στὸς
427 2332 504 2395 ὼς
536 2332 598 2398 ἐξ
629 2333 912 2402 Αἰγύπτου
962 2334 1056 2388 καὶ
1090 2335 1411 2406 ’Δσσυρίων,
1442 2318 1711 2400 τουτέστι,
1756 2318 1857 2408 τῆς

268 2426 374 2480 τῶν
404 2426 930 2497 αἰχμαλωτισάντων
981 2427 1318 2496 πλεονεξίας,
1353 2431 1582 2502 πονηροὶ
1626 2430 1684 2484 δὲ
1711 2423 1856 2484 οῦτοι

270 2520 362 2574 καὶ
422 2519 730 2592 ἀκάθαρτοι
787 2520 1072 2592 δαίμονες,
1116 2522 1498 2594 εἰσκεκόμικεν
1549 2519 1746 2594 οἷάπερ
1778 2526 1858 2587 είς

269 2613 368 2684 γῆν
390 2611 616 2678 εῦξυλόν
641 2629 702 2666 τε
729 2613 826 2666 καὶ
871 2613 1262 2686 λιπαρωτάτην
1290 2615 1390 2686 τὴν
1425 2614 1770 2686 Ἐκκλησίαν,
1800 2617 1858 2668 ἐν

275 2699 303 2776 ᾗ
331 2705 500 2768 πολὺς
532 2705 631 2774 μὲν
675 2705 798 2758 λίαν
828 2707 857 2758 6
894 2705 1005 2760 τῶν
1037 2705 1468 2776 εὐδοκιμούντων
1497 2705 1732 2778 καρπὸς,
1758 2708 1858 2760 οὐκ

270 2797 626 2868 εὐαρίθμητοι
653 2796 710 2851 δὲ
742 2797 851 2850 τῶν
883 2797 1055 2867 ἁγίων
1083 2798 1338 2867 κεφαλαὶ,
1365 2797 1502 2868 ὑψοῦ
1532 2815 1592 2852 τε
1622 2799 1858 2870 ῂρμέναι

269 2889 332 2940 δι’
356 2888 580 2959 ἀρετὴν,
613 2890 708 2942 καὶ
733 2884 844 2942 οἷον
872 2891 930 2943 ἐν
953 2889 1104 2954 τάξει
1127 2890 1320 2961 κέδρου
1349 2890 1734 2964 ἁνατεθηλυῖαι
1758 2894 1856 2963 (-l),

272 2982 361 3032 καὶ
391 2997 458 3031 πε
470 2981 524 3050 pl.
564 2979 742 3032 αὐτῶν
781 2981 1015 3048 λέγοιτο,
1043 2981 1136 3036 καὶ
1173 2981 1377 3054 σφόδρα
1409 2983 1659 3051 εἰκότως,
1683 2984 1744 3038 τὸ
1770 2984 1860 3038 διὰ

273 3075 452 3145 φωνῆς
501 3075 599 3127 τοῦ
647 3074 839 3138 Δαϐιδ,
891 3075 1028 3146 πρὸς
1069 3074 1159 3128 τὸν
1203 3074 1312 3127 τῶν
1357 3074 1493 3128 ὅλων
1531 3074 1695 3128 θεόν·
1741 3095 1758 3128 ι
1787 3076 1858 3129 Ai

1959 1886 2057 1938 bus
2085 1882 2394 1938 Judaeorum
2436 1899 2500 1938 ac
2540 1881 2860 1938 Pltcenicum
2907 1881 3064 1935 situs.
3096 1879 3199 1934 Per
3248 1887 3538 1947 utrumque

1958 1988 2118 2043 porro
2153 1972 2304 2035 illud,
2341 1975 2550 2042 opinor,
2581 1972 2936 2037 signiﬁcatur.
2978 1969 3113 2025 Cum
3154 1984 3251 2024 nos
3276 1968 3538 2023 Dominus

1958 2078 2142 2120 noster
2164 2064 2324 2121 Jesus
2356 2065 2606 2121 Christus
2636 2075 2890 2134 nunquam
2921 2079 2986 2120 ex
3014 2061 3250 2134 Egypto
3287 2070 3341 2116 et
3375 2062 3543 2132 Assy-

1959 2157 2056 2212 riis
2087 2156 2390 2226 liherasset,
2419 2157 2520 2212 hoc
2545 2167 2650 2223 est,
2697 2172 2763 2212 es
2792 2165 3057 2227 potestate
3085 2169 3274 2210 eorum
3306 2167 3536 2222 quorum

1957 2250 2152 2321 captivi
2197 2265 2440 2314 eramus,
2477 2262 2606 2319 puta
2642 2249 3003 2319 malignorum
3031 2257 3087 2302 et
3131 2246 3534 2301 lmmundorum

1957 2344 2282 2408 tlzemonum,
2325 2359 2422 2398 ceu
2458 2343 2510 2398 in
2546 2354 2747 2396 terram
2798 2355 3137 2396 nemorosam
3173 2348 3228 2394 et
3266 2336 3540 2407 opitnissi-

1958 2420 2123 2502 ιιι-ιιιιι,
2185 2438 2239 2491 in
2300 2436 2596 2491 Ecclesiam
2645 2434 2968 2499 introduxit,
3017 2434 3070 2489 in
3117 2447 3224 2502 qua
3276 2429 3534 2485 uberrimi

1959 2537 2324 2597 spectatorum
2359 2527 2636 2582 hominum
2673 2527 2882 2580 fructus
2910 2535 2966 2580 et
2996 2522 3410 2578 innumerabilia
3441 2535 3534 2575 ca-

1959 2621 2067 2689 pita
2092 2630 2422 2684 sanctorum,
2463 2634 2558 2690 per
2589 2620 2842 2673 virtutem
2880 2619 2934 2673 in
2971 2617 3189 2687 fastigio
3215 2617 3532 2676 locatorum,

1959 2722 2012 2766 et
2056 2713 2229 2766 instar
2281 2712 2568 2766 cedrorum
2621 2711 2672 2764 in
2724 2710 2889 2764 altum
2936 2706 3422 2768 elllorcscentinm,
3469 2707 3536 2756 de

1959 2804 2160 2876 quibus
2199 2804 2482 2858 verissimo
2524 2803 2650 2857 illud
2691 2801 2912 2856 Davidis
2958 2803 3025 2854 ad
3067 2799 3230 2853 Deum
3267 2799 3538 2851 universo-

1953 2913 2077 2950 rum
2123 2893 2413 2965 protuleris
2444 2911 2458 2948 :
2493 2913 2510 2945 ι
2540 2895 2698 2950 Cedri
2740 2892 2928 2949 Libani
2971 2907 3108 2961 quas
3133 2889 3382 2960 plantasti
3410 2889 3476 2940 ³³.
3511 2905 3530 2938 ι

1962 2987 2053 3043 Dei
2085 2990 2226 3042 enim
2279 2989 2666 3058 agriculturam
2702 2986 2756 3041 in
2788 2985 2891 3040 lide
2918 2983 3246 3055 justilicatos
3279 2997 3538 3051 exim-sse

1961 3082 2120 3134 etiam
2161 3081 2374 3135 divinus
2398 3079 2598 3134 Paulus
2623 3078 2924 3132 nemiuavit
2946 3079 3014 3132 “.

273 3164 446 3234 κέδροι
483 3163 577 3216 τοῦ
607 3164 861 3228 Λιϐάνου,
903 3163 968 3227 ἃς
1026 3162 1348 3232 ἐφύτευσας.
1385 3185 1401 3215 ι
1447 3162 1581 3216 Θεοῦ
1619 3163 1728 3235 γὰρ
1775 3164 2039 3237 γεώργιον
2077 3172 2204 3235 τοὺς
2247 3172 2305 3224 ἐν
2353 3171 2532 3225 πίστει
2564 3169 3012 3240 δεδικαιωμένους
3058 3167 3304 3239 ὠνόμαζε
3353 3166 3538 3236 σαφῶς

273 3259 360 3311 καὶ
386 3259 413 3310 6
447 3257 735 3320 θεσπέσιος
777 3256 1007 3320 Παῦλος.

337 3354 446 3408 Καὶ
477 3353 891 3408 διελεύσονται
914 3355 993 3406 ’ἐν
1032 3355 1314 3423 θαλάσσῃ
1352 3355 1560 3423 στενῇ,
1599 3355 1698 3409 καὶ
1745 3372 1858 3408 πίι-
1885 3371 1928 3424 c

275 3446 562 3509 τὰΕουσιν
584 3446 656 3498 ἐν
684 3445 965 3513 θαλάσσῃ
1001 3446 1256 3514 κύματα,
1285 3445 1380 3498 καὶ
1413 3446 1854 3515 ξηρανθήσετιιι

277 3540 464 3593 πάντα
496 3538 569 3592 τὰ
593 3537 755 3605 βάθη
789 3536 907 3590 τῶν
934 3536 1235 3606 ποταμῶν,
1269 3538 1366 3591 καὶ
1394 3539 1853 3607 ἀφαιρεθήσεται

276 3630 436 3684 πᾶσα
475 3632 644 3699 ὕϐρις
680 3631 1031 3698 Ἀσσυρίων,
1071 3630 1167 3684 καὶ
1205 3630 1521 3700 σκῆπτρον
1552 3633 1853 3701 Αἰγύπτου

275 3725 801 3790 περιαιρεθήσεται,
841 3722 939 3775 καὶ
973 3723 1322 3790 κατισχύσω
1369 3723 1591 3786 αὐτοὺς
1627 3722 1696 3775 ἐν
1733 3725 1852 3775 Κυ-

263 3819 368 3884 ρίῳ
398 3816 522 3882 Θεῷ
556 3814 776 3877 αὐτῶν,
824 3813 923 3868 καὶ
953 3815 1022 3868 ἐν
1062 3814 1140 3879 τῷ
1174 3815 1416 3884 ὀνόματι
1452 3814 1638 3869 αὑτοῦ
1677 3832 1853 3869 κατα-

270 3909 700 3979 κίιινχιξσονται,
742 3907 904 3979 λέγει
936 3910 1168 3977 Κύριος.

334 4005 449 4056 01'.
504 4003 592 4065 Ὠς
626 4001 686 4066 ἐξ
732 4001 1047 4072 ὁμοιότητος
1075 4000 1186 4053 τῶν
1219 4003 1332 4064 τοῖς
1365 3999 1740 4072 ἀρχαιοτέροις
1768 3999 1850 4052 δε-

267 4094 594 4166 δωρημένων
621 4096 735 4156 τοῖς
763 4097 840 4158 εἰς
880 4093 1114 4165 Χριστὸν
1155 4092 1469 4147 πιστεύουσι
1499 4091 1597 4160 τῆς
1625 4095 1850 4144 ἐπικου-

270 4187 383 4257 ρίας
427 4188 462 4257 η
511 4185 826 4256 ὑπόσχεσις.
862 4185 1075 4255 Ὠσπερ
1103 4186 1212 4257 γὰρ
1237 4185 1336 4256 τὴν
1375 4185 1641 4256 Ἐρυθρὰν
1684 4183 1849 4237 διεϐι-

265 4277 436 4347 6άσθη
474 4277 753 4331 θάλασσαν
780 4280 808 4331 6
849 4275 1087 4348 Ἰσραὴλ,
1118 4275 1225 4330 τῶν
1255 4279 1313 4331 ἐν
1351 4277 1487 4348 αύτῇ
1518 4291 1850 4345 κατευμεγε-

265 4368 432 4438 θζσας
469 4369 754 4439 κυμάτων,
794 4369 974 4440 ἐπάγη
1020 4368 1131 4439 γὰρ
1166 4367 1299 4421 ὡσεὶ
1325 4369 1504 4438 τεῖχος
1537 4367 1603 4420 τά
1646 4366 1844 4427 ὕδατα,

263 4459 393 4513 θεοῦ
424 4459 486 4513 τὸ
519 4460 710 4530 χρῆμα
742 4459 1059 4530 παραδόξως
1105 4459 1451 4531 περαίνοντος
1473 4499 1487 4522 ,
1521 4458 1613 4512 καὶ
1657 4457 1848 4529 ὥσπερ

263 4552 380 4604 ποδὶ
420 4550 737 4604 διεϐίϐασαν
774 4551 866 4604 τὸν
909 4549 1211 4622 Ἰορδάνηνο
1253 4548 1419 4612 οὕτω,
1452 4551 1635 4619 φησὶν,
1677 4550 1726 4602 οἱ
1761 4549 1848 4602 διὰ

263 4643 505 4706 Μωσέως
561 4641 890 4713 κεκλημένοι
939 4641 1076 4714 πρὸς
1117 4641 1412 4711 ἐπίγνωσιν
1457 4641 1550 4695 τοῦ
1585 4640 1843 4712 Χριστοῦ,

2037 3353 2197 3408 Vens.
2235 3354 2322 3422 ll,
2368 3352 2456 3406 12.
2501 3352 2569 3407 Et
2604 3353 2996 3423 pertransibunt
3026 3353 3077 3407 in
3115 3371 3230 3407 mar
3285 3367 3533 3426 angusto,

1955 3462 2003 3504 et
2041 3450 2326 3518 percutient
2369 3447 2424 3500 in
2475 3447 2612 3500 mari
2639 3447 2853 3516 ﬂuctus,
2899 3455 2944 3499 et
2995 3445 3334 3499 siccabuntur
3359 3450 3535 3501 omnia

1955 3538 2220 3606 profunda
2266 3535 2570 3606 ﬂuviorum,
2633 3544 2682 3588 et
2727 3535 3002 3604 auferetur
3065 3536 3234 3588 omnis
3291 3540 3539 3603 superbia

1957 3630 2318 3698 Assyriorum,
2373 3641 2419 3683 et
2455 3641 2718 3696 sceptrum
2765 3625 2992 3698 Egypti
3038 3629 3270 3691 tolletur,
3316 3638 3366 3684 et
3413 3647 3537 3684 cou-

1955 3719 2163 3788 [ortubo
2206 3735 2292 3772 eos
2323 3720 2375 3772 in
2427 3718 2650 3771 Domino
2697 3716 2801 3770 Deo
2853 3719 3106 3784 ipsorum,
3152 3729 3200 3772 et
3231 3719 3282 3772 iu
3328 3722 3536 3775 nomine

1951 3810 2063 3879 ejus
2087 3810 2481 3879 g.’oriabuntur,
2517 3811 2641 3864 dicit
2677 3809 2953 3864 Dominus.

2024 3988 2259 4046 LXXIV.
2299 3988 2465 4045 Juxta
2509 4003 2572 4044 ea
2617 4004 2736 4059 quae
2783 3991 2978 4046 donata
3031 4001 3156 4046 sunt
3217 3995 3530 4061 veteribus,

1952 4081 2304 4138 similitudine
2330 4081 2563 4150 quadam
2597 4081 2858 4136 auxilium
2894 4083 2948 4136 in
2977 4083 3256 4138 Christum
3306 4088 3534 4140 creden-

1954 4172 2095 4228 tibus
2140 4175 2495 4242 promittitur.
2539 4170 3006 4238 Quemadmodum
3056 4176 3200 4229 enim
3249 4181 3530 4232 traductus

1950 4275 2033 4321 est
2056 4281 2151 4336 per
2175 4279 2325 4320 mare
2361 4265 2606 4321 Rubrum
2639 4264 2820 4334 Israel,
2854 4275 2908 4321 et
2937 4266 3187 4325 ﬂuctibus
3213 4269 3331 4340 ejus
3362 4270 3532 4339 impe—

1954 4361 2124 4424 ravit,
2188 4360 2465 4429 instarque
2520 4359 2658 4413 muri
2716 4375 2869 4430 aqua:
2923 4363 3238 4429 riguerunt,
3306 4360 3414 4418 Deo
3480 4365 3532 4418 id

1951 4453 2273 4508 mirabiliter
2324 4463 2519 4523 agente
2540 4454 2623 4522 ⁸⁸;
2683 4461 2737 4510 et
2799 4453 2938 4508 sicut
2983 4453 3148 4526 754
3189 4456 3336 4509 sicco
3395 4458 3532 4524 pulo

1946 4545 2238 4602 Iordanem
2301 4547 2698 4602 transierunt"
2741 4564 2756 4603 :
2792 4546 2886 4613 ita,
2941 4547 3134 4616 inquit,
3182 4562 3278 4617 per
3343 4546 3526 4601 Mosen

1947 4639 2125 4692 vocati
2151 4638 2214 4692 ad
2247 4638 2580 4709 agnitionem
2610 4638 2838 4704 Christi,
2875 4648 2930 4693 et
2960 4649 3270 4694 sanctorum
3313 4649 3530 4708 ιιιιουιο-

266 4733 352 4785 καὶ
377 4733 496 4794 ταῖς
528 4731 637 4784 τῶν
669 4733 840 4801 ἁγίων
867 4733 1179 4785 ἀποστόλων
1215 4732 1622 4803 μυσταγωγίαις
1650 4735 1844 4786 ἀνασε-

1958 4731 2124 4786 lorum
2184 4731 2360 4785 sacris
2424 4731 2852 4785 institutionibus
2913 4730 3144 4785 salutem
3203 4730 3524 4795 consecuti,

269 4823 569 4893 σωσμὲνοι,
611 4823 1101 4894 διαπεραιώσονται
1141 4824 1240 4894 μὲν
1285 4819 1375 4878 οἷά
1411 4841 1529 4876 τινα
1571 4824 1844 4877 θάλασσαν

268 4915 468 4986 ἀγρίως
499 4915 1014 4984 κατακυμαίνουσαν
1038 4915 1132 4968 τοῦ
1165 4916 1429 4988 παρόντος
1461 4916 1574 4986 βίου
1603 4916 1690 4970 τὴν
1721 4918 1846 4970 κλύ-

265 5002 421 5067 δωνα,
452 5009 548 5058 καὶ
579 5003 783 5077 τύρϐης
819 5003 922 5069 ἔξω
947 4996 1228 5073 γεγονότες
1269 5007 1562 5078 κοσμικῆς,
1607 5009 1840 5075 σχολαίοι

269 5093 583 5168 λατρεύουσι
611 5096 688 5168 τῷ
719 5098 858 5150 κατὰ
890 5098 1049 5166 φύσιν
1088 5098 1200 5150 ὃντι
1238 5097 1375 5169 Θεῷ.
1400 5099 1757 5168 Διαϐήσονται
1786 5099 1840 5152 δὲ

272 5189 356 5238 καὶ
388 5191 757 5259 πειρασμοὺς,
800 5183 888 5243 οἷά
917 5207 1068 5253 τινας
1108 5191 1385 5259 ποταμοὺς
1420 5189 1843 5255 ἐπικλύζοντας,

269 5278 336 5338 ab;
364 5280 446 5330 ἐπ’
473 5279 623 5350 αύτῷ
647 5279 711 5349 δὴ
742 5279 914 5348 τούτῳ
940 5279 1227 5350 χαίροντας
1261 5278 1469 5347 λέγειν’
1513 5299 1529 5329 ι
1563 5280 1622 5331 Εἰ
1666 5277 1740 5349 μὴ
1765 5280 1845 5332 ὅτι

274 5369 462 5438 Κύριος
495 5366 563 5440 ἦν
607 5372 663 5422 ὲν
710 5372 862 5440 ἡμῖν,
909 5372 1119 5424 εἰπάτω
1163 5370 1228 5440 δὴ
1281 5369 1527 5439 Ἰσραὴλ,
1561 5371 1609 5421 εἰ
1654 5369 1727 5440 μὴ
1767 5370 1847 5421 ὅτι

308 5547 346 5572 -“
375 5546 513 5600 l’snl.
550 5562 665 5609 cm,
705 5547 788 5604 16.
867 5550 909 5579 ⁵⁸
935 5549 953 5603 ι
980 5548 1104 5604 Cor.
1136 5566 1216 5614 ιιι,
1246 5549 1298 5602 9.

1387 5547 1431 5579 "
1457 5547 1625 5603 Exod.
1662 5562 1772 5612 xlv,
1806 5546 1868 5600 l5
1903 5561 2058 5614 seqq.

1952 4821 2104 4888 quasi
2149 4835 2296 4873 mare
2329 4821 2598 4889 quoddam
2631 4819 2936 4875 turbinibus
2977 4829 3028 4874 et
3068 4821 3318 4889 procellis
3358 4821 3528 4890 agita-

1955 4919 2088 4971 tum,
2123 4910 2403 4977 praesentis
2426 4911 2549 4964 vitae
2579 4908 2772 4964 ﬂuctus
2798 4909 3190 4977 transmittent,
3214 4920 3266 4964 et
3295 4911 3522 4964 tumultu

1946 5004 2215 5056 mundano
2243 5001 2501 5069 expediti,
2544 5003 2697 5057 vacui
2727 5003 2965 5058 servient
3000 5003 3048 5059 ei
3084 5004 3172 5073 qui
3219 5013 3301 5057 est
3332 5015 3522 5056 natura

1949 5095 2106 5148 Deus.
2137 5093 2470 5147 Transibunt
2516 5093 2641 5148 item
2695 5096 3020 5150 lentatiOnes
3057 5095 3218 5148 veluti
3259 5095 3522 5164 quosdam

1947 5185 2139 5240 ﬂuvios
2167 5185 2512 5253 inumlantes,
2546 5194 2606 5240 ut
2655 5186 2757 5240 hoc
2809 5185 2928 5254 ipso
2958 5187 3254 5252 gaudentes
3292 5187 3472 5241 dicant
3506 5205 3519 5242 :

1953 5295 1970 5326 ι
2001 5275 2111 5330 Nisi
2167 5277 2291 5345 quia
2348 5277 2606 5330 Dominus
2661 5287 2780 5330 erat
2829 5278 2879 5330 in
2938 5276 3136 5343 nobis.
3187 5279 3331 5334 dicat
3380 5294 3523 5334 nunc

1951 5367 2145 5432 Israel;
2201 5368 2302 5422 nisi
2351 5370 2474 5437 quia
2508 5365 2764 5422 Dominus
2797 5377 2915 5423 erat
2962 5368 3014 5423 in
3061 5371 3237 5434 nobis,
3273 5371 3400 5425 dum
3435 5369 3523 5424 in-

2137 5546 2182 5576 ³⁵
2209 5545 2368 5600 ,Ιοειιε
2397 5562 2475 5609 ιιι,
2513 5547 2528 5600 l
2566 5563 2717 5619 seqq.

339 5733 408 5800 (ll
445 5732 566 5787 Erat
597 5729 952 5802 άνατεθτξὶιις,
990 5731 1130 5800 qqu
1166 5745 1266 5784 non
1306 5728 1658 5797 respondebat
1692 5727 1852 5798 partit

1958 5743 1972 5776 ι
2003 5727 2347 5796 praecedenti.
