  <div class='ocr_page' id='page_1' title='image "/cluster/home/n/w/nwhite01/storage/ocr_20150623/72/pst.000005712731/103.png"; bbox 0 0 3934 6318; ppageno 0'>
   <div class='ocr_carea' id='block_1_1' title="bbox 887 242 923 264">
    <p class='ocr_par' dir='ltr' id='par_1_1' title="bbox 887 242 923 264">
     <span class='ocr_line' id='line_1_1' title="bbox 887 242 923 264; baseline 0 0"><span class='ocrx_word' id='word_1_1' title='bbox 887 242 923 264; x_wconf 68' lang='lat'><strong>\-</strong></span> 
     </span>
    </p>
   </div>
   <div class='ocr_carea' id='block_1_2' title="bbox 452 217 557 291">
    <p class='ocr_par' dir='ltr' id='par_1_2' title="bbox 452 217 557 291">
     <span class='ocr_line' id='line_1_2' title="bbox 452 217 557 291; baseline 0.01 -17"><span class='ocrx_word' id='word_1_2' title='bbox 452 217 557 291; x_wconf 68' lang='lat'><strong>173</strong></span> 
     </span>
    </p>
   </div>
   <div class='ocr_carea' id='block_1_3' title="bbox 1457 226 2697 285">
    <p class='ocr_par' dir='ltr' id='par_1_3' title="bbox 1457 226 2697 285">
     <span class='ocr_line' id='line_1_3' title="bbox 1457 226 2697 285; baseline 0.002 -5"><span class='ocrx_word' id='word_1_3' title='bbox 1457 228 1515 284; x_wconf 88' lang='lat' dir='ltr'><strong>S.</strong></span> <span class='ocrx_word' id='word_1_4' title='bbox 1557 226 1833 283; x_wconf 71' lang='lat' dir='ltr'><strong>CYRHJJ</strong></span> <span class='ocrx_word' id='word_1_5' title='bbox 1872 227 2335 282; x_wconf 65' lang='lat' dir='ltr'><strong>ALEXANDRINI</strong></span> <span class='ocrx_word' id='word_1_6' title='bbox 2378 228 2697 285; x_wconf 76' lang='lat' dir='ltr'><strong>ARClllEi‘.</strong></span> 
     </span>
    </p>
   </div>
   <div class='ocr_carea' id='block_1_4' title="bbox 3609 227 3713 281">
    <p class='ocr_par' dir='ltr' id='par_1_4' title="bbox 3609 227 3713 281">
     <span class='ocr_line' id='line_1_4' title="bbox 3609 227 3713 281; baseline 0 -1"><span class='ocrx_word' id='word_1_7' title='bbox 3609 227 3713 281; x_wconf 72' lang='grc'><strong>176</strong></span> 
     </span>
    </p>
   </div>
   <div class='ocr_carea' id='block_1_5' title="bbox 454 342 2019 419">
    <p class='ocr_par' dir='ltr' id='par_1_5' title="bbox 454 342 2019 411">
     <span class='ocr_line' id='line_1_5' title="bbox 454 342 2019 411; baseline 0 -15"><span class='ocrx_word' id='word_1_8' title='bbox 454 352 740 411; x_wconf 74' lang='lat' dir='ltr'><strong>surgerent</strong></span> <span class='ocrx_word' id='word_1_9' title='bbox 776 342 1024 397; x_wconf 83' lang='lat' dir='ltr'><strong>homines</strong></span> <span class='ocrx_word' id='word_1_10' title='bbox 1069 352 1256 399; x_wconf 89' lang='lat' dir='ltr'><strong>contra</strong></span> <span class='ocrx_word' id='word_1_11' title='bbox 1300 360 1418 411; x_wconf 85' lang='lat' dir='ltr'><strong>nos,</strong></span> <span class='ocrx_word' id='word_1_12' title='bbox 1469 345 1694 400; x_wconf 78' lang='lat' dir='ltr'><strong>forsitan</strong></span> <span class='ocrx_word' id='word_1_13' title='bbox 1754 348 1901 403; x_wconf 82' lang='lat' dir='ltr'><strong>vivos</strong></span> <span class='ocrx_word' id='word_1_14' title='bbox 1939 351 2019 402; x_wconf 73' lang='lat' dir='ltr'><strong>tle.-</strong></span> 
     </span>
    </p>
   </div>
   <div class='ocr_carea' id='block_1_6' title="bbox 2121 342 3711 419">
    <p class='ocr_par' dir='ltr' id='par_1_6' title="bbox 2133 343 3711 419">
     <span class='ocr_line' id='line_1_6' title="bbox 2133 343 3711 419; baseline 0 -19"><span class='ocrx_word' id='word_1_15' title='bbox 2133 348 2333 419; x_wconf 77' lang='grc' dir='ltr'>Κύριος</span> <span class='ocrx_word' id='word_1_16' title='bbox 2375 344 2441 417; x_wconf 78' lang='grc' dir='ltr'><strong>ἦν</strong></span> <span class='ocrx_word' id='word_1_17' title='bbox 2484 352 2545 402; x_wconf 81' lang='grc' dir='ltr'>ἐν</span> <span class='ocrx_word' id='word_1_18' title='bbox 2586 351 2740 419; x_wconf 78' lang='grc' dir='ltr'>ἡμῖν,</span> <span class='ocrx_word' id='word_1_19' title='bbox 2782 350 2838 401; x_wconf 85' lang='grc' dir='ltr'>ἐν</span> <span class='ocrx_word' id='word_1_20' title='bbox 2872 346 2949 417; x_wconf 78' lang='grc' dir='ltr'>τῷ</span> <span class='ocrx_word' id='word_1_21' title='bbox 2988 346 3353 417; x_wconf 79' lang='grc' dir='ltr'>ἑπαναστῆναι</span> <span class='ocrx_word' id='word_1_22' title='bbox 3389 343 3711 417; x_wconf 72' lang='grc' dir='ltr'>ἀνθρώπους</span> 
     </span>
    </p>
   </div>
   <div class='ocr_carea' id='block_1_7' title="bbox 450 434 2022 505">
    <p class='ocr_par' dir='ltr' id='par_1_7' title="bbox 450 434 2022 505">
     <span class='ocr_line' id='line_1_7' title="bbox 450 434 2022 505; baseline 0.004 -18"><span class='ocrx_word' id='word_1_23' title='bbox 450 434 741 505; x_wconf 78' lang='lat' dir='ltr'><strong>glutissent</strong></span> <span class='ocrx_word' id='word_1_24' title='bbox 794 450 909 489; x_wconf 88' lang='lat' dir='ltr'><strong>nos.</strong></span> <span class='ocrx_word' id='word_1_25' title='bbox 974 436 1105 489; x_wconf 85' lang='lat' dir='ltr'><strong>Dum</strong></span> <span class='ocrx_word' id='word_1_26' title='bbox 1166 438 1500 492; x_wconf 85' lang='lat' dir='ltr'><strong>irasceretur</strong></span> <span class='ocrx_word' id='word_1_27' title='bbox 1543 438 1691 492; x_wconf 75' lang='lat' dir='ltr'><strong>furor</strong></span> <span class='ocrx_word' id='word_1_28' title='bbox 1729 454 1914 504; x_wconf 87' lang='lat' dir='ltr'><strong>eorum</strong></span> <span class='ocrx_word' id='word_1_29' title='bbox 1972 443 2022 494; x_wconf 92' lang='lat' dir='ltr'><strong>in</strong></span> 
     </span>
    </p>
   </div>
   <div class='ocr_carea' id='block_1_8' title="bbox 452 526 2022 595">
    <p class='ocr_par' dir='ltr' id='par_1_8' title="bbox 452 526 2022 595">
     <span class='ocr_line' id='line_1_8' title="bbox 452 526 2022 595; baseline 0.005 -18"><span class='ocrx_word' id='word_1_30' title='bbox 452 541 571 594; x_wconf 88' lang='lat' dir='ltr'><strong>nos,</strong></span> <span class='ocrx_word' id='word_1_31' title='bbox 633 526 855 581; x_wconf 72' lang='lat' dir='ltr'><strong>forsitan</strong></span> <span class='ocrx_word' id='word_1_32' title='bbox 914 542 1050 595; x_wconf 83' lang='lat' dir='ltr'><strong>aqua</strong></span> <span class='ocrx_word' id='word_1_33' title='bbox 1103 528 1474 585; x_wconf 90' lang='lat' dir='ltr'><strong>absorbuisset</strong></span> <span class='ocrx_word' id='word_1_34' title='bbox 1531 546 1645 585; x_wconf 90' lang='lat' dir='ltr'><strong>nos.</strong></span> <span class='ocrx_word' id='word_1_35' title='bbox 1706 529 2022 586; x_wconf 78' lang='lat' dir='ltr'><strong>Torrentem</strong></span> 
     </span>
    </p>
   </div>
   <div class='ocr_carea' id='block_1_9' title="bbox 450 619 2027 691">
    <p class='ocr_par' dir='ltr' id='par_1_9' title="bbox 450 619 2027 691">
     <span class='ocr_line' id='line_1_9' title="bbox 450 619 2027 691; baseline 0.004 -20"><span class='ocrx_word' id='word_1_36' title='bbox 450 619 802 689; x_wconf 84' lang='lat' dir='ltr'><strong>pertransivit</strong></span> <span class='ocrx_word' id='word_1_37' title='bbox 850 620 1036 674; x_wconf 87' lang='lat' dir='ltr'><strong>anima</strong></span> <span class='ocrx_word' id='word_1_38' title='bbox 1089 629 1270 675; x_wconf 86' lang='lat' dir='ltr'><strong>nostra</strong></span> <span class='ocrx_word' id='word_1_39' title='bbox 1300 662 1315 683; x_wconf 93' lang='lat'><strong>,</strong></span> <span class='ocrx_word' id='word_1_40' title='bbox 1364 620 1593 675; x_wconf 74' lang='lat' dir='ltr'><strong>forsitan</strong></span> <span class='ocrx_word' id='word_1_41' title='bbox 1642 623 2027 691; x_wconf 85' lang='lat' dir='ltr'><strong>pertransisset</strong></span> 
     </span>
    </p>
   </div>
   <div class='ocr_carea' id='block_1_10' title="bbox 442 712 2026 781">
    <p class='ocr_par' dir='ltr' id='par_1_10' title="bbox 442 712 2026 781">
     <span class='ocr_line' id='line_1_10' title="bbox 442 712 2026 781; baseline 0.003 -15"><span class='ocrx_word' id='word_1_42' title='bbox 442 712 628 766; x_wconf 75' lang='lat' dir='ltr'><strong>anima</strong></span> <span class='ocrx_word' id='word_1_43' title='bbox 661 720 846 766; x_wconf 77' lang='lat' dir='ltr'><strong>nostra</strong></span> <span class='ocrx_word' id='word_1_44' title='bbox 869 727 1064 781; x_wconf 86' lang='lat' dir='ltr'><strong>aquam</strong></span> <span class='ocrx_word' id='word_1_45' title='bbox 1103 712 1493 768; x_wconf 76' lang='lat' dir='ltr'><strong>intolerabilem</strong></span> <span class='ocrx_word' id='word_1_46' title='bbox 1521 712 1585 770; x_wconf 80' lang='grc'>⁸⁷.</span> <span class='ocrx_word' id='word_1_47' title='bbox 1617 733 1636 765; x_wconf 82' lang='lat' dir='ltr'><strong>s</strong></span> <span class='ocrx_word' id='word_1_48' title='bbox 1669 712 2026 781; x_wconf 79' lang='lat' dir='ltr'><strong>Quemadmo-</strong></span> 
     </span>
    </p>
   </div>
   <div class='ocr_carea' id='block_1_11' title="bbox 449 804 2022 876">
    <p class='ocr_par' dir='ltr' id='par_1_11' title="bbox 449 804 2022 876">
     <span class='ocr_line' id='line_1_11' title="bbox 449 804 2022 876; baseline 0.003 -21"><span class='ocrx_word' id='word_1_49' title='bbox 449 806 575 856; x_wconf 85' lang='lat' dir='ltr'><strong>dum</strong></span> <span class='ocrx_word' id='word_1_50' title='bbox 600 819 781 872; x_wconf 84' lang='lat' dir='ltr'><strong>porro,</strong></span> <span class='ocrx_word' id='word_1_51' title='bbox 814 804 1010 872; x_wconf 83' lang='lat' dir='ltr'><strong>inquit,</strong></span> <span class='ocrx_word' id='word_1_52' title='bbox 1045 805 1296 874; x_wconf 81' lang='lat' dir='ltr'><strong>captivus</strong></span> <span class='ocrx_word' id='word_1_53' title='bbox 1324 804 1500 860; x_wconf 82' lang='lat' dir='ltr'><strong>factus</strong></span> <span class='ocrx_word' id='word_1_54' title='bbox 1538 804 1720 873; x_wconf 92' lang='lat' dir='ltr'><strong>lsrael,</strong></span> <span class='ocrx_word' id='word_1_55' title='bbox 1755 815 1922 876; x_wconf 89' lang='lat' dir='ltr'><strong>atque</strong></span> <span class='ocrx_word' id='word_1_56' title='bbox 1957 807 2022 859; x_wconf 86' lang='lat' dir='ltr'><strong>ad</strong></span> 
     </span>
    </p>
   </div>
   <div class='ocr_carea' id='block_1_12' title="bbox 445 895 2021 968">
    <p class='ocr_par' dir='ltr' id='par_1_12' title="bbox 445 895 2021 968">
     <span class='ocr_line' id='line_1_12' title="bbox 445 895 2021 968; baseline 0.001 -19"><span class='ocrx_word' id='word_1_57' title='bbox 445 897 698 968; x_wconf 82' lang='lat' dir='ltr'><strong>Assyrios</strong></span> <span class='ocrx_word' id='word_1_58' title='bbox 733 906 787 949; x_wconf 85' lang='lat' dir='ltr'><strong>et</strong></span> <span class='ocrx_word' id='word_1_59' title='bbox 837 895 1020 953; x_wconf 85' lang='lat' dir='ltr'><strong>Medos</strong></span> <span class='ocrx_word' id='word_1_60' title='bbox 1073 898 1370 960; x_wconf 88' lang='lat' dir='ltr'><strong>abductus,</strong></span> <span class='ocrx_word' id='word_1_61' title='bbox 1422 896 1633 952; x_wconf 90' lang='lat' dir='ltr'><strong>illorum</strong></span> <span class='ocrx_word' id='word_1_62' title='bbox 1682 897 2021 954; x_wconf 72' lang='lat' dir='ltr'><strong>insolentiam</strong></span> 
     </span>
    </p>
   </div>
   <div class='ocr_carea' id='block_1_13' title="bbox 444 987 2024 1060">
    <p class='ocr_par' dir='ltr' id='par_1_13' title="bbox 444 987 2024 1060">
     <span class='ocr_line' id='line_1_13' title="bbox 444 987 2024 1060; baseline 0.001 -17"><span class='ocrx_word' id='word_1_63' title='bbox 444 990 560 1044; x_wconf 88' lang='lat' dir='ltr'><strong>sive</strong></span> <span class='ocrx_word' id='word_1_64' title='bbox 589 988 924 1043; x_wconf 82' lang='lat' dir='ltr'><strong>dominatum</strong></span> <span class='ocrx_word' id='word_1_65' title='bbox 966 987 1174 1060; x_wconf 76' lang='lat' dir='ltr'><strong>effugit,</strong></span> <span class='ocrx_word' id='word_1_66' title='bbox 1220 990 1311 1059; x_wconf 85' lang='lat' dir='ltr'><strong>qui</strong></span> <span class='ocrx_word' id='word_1_67' title='bbox 1352 1004 1475 1044; x_wconf 91' lang='lat' dir='ltr'><strong>eum</strong></span> <span class='ocrx_word' id='word_1_68' title='bbox 1516 1004 1767 1060; x_wconf 86' lang='lat' dir='ltr'><strong>premere</strong></span> <span class='ocrx_word' id='word_1_69' title='bbox 1811 1006 2024 1059; x_wconf 78' lang='lat' dir='ltr'><strong>semper</strong></span> 
     </span>
    </p>
   </div>
   <div class='ocr_carea' id='block_1_14' title="bbox 444 1081 2023 1152">
    <p class='ocr_par' dir='ltr' id='par_1_14' title="bbox 444 1081 2023 1152">
     <span class='ocr_line' id='line_1_14' title="bbox 444 1081 2023 1152; baseline 0.001 -17"><span class='ocrx_word' id='word_1_70' title='bbox 444 1083 720 1152; x_wconf 81' lang='lat' dir='ltr'><strong>armisque</strong></span> <span class='ocrx_word' id='word_1_71' title='bbox 780 1081 1051 1137; x_wconf 88' lang='lat' dir='ltr'><strong>lacessere</strong></span> <span class='ocrx_word' id='word_1_72' title='bbox 1103 1091 1502 1137; x_wconf 76' lang='lat' dir='ltr'><strong>consueverant</strong></span> <span class='ocrx_word' id='word_1_73' title='bbox 1553 1100 1566 1136; x_wconf 90' lang='lat'><strong>:</strong></span> <span class='ocrx_word' id='word_1_74' title='bbox 1611 1084 1801 1138; x_wconf 88' lang='lat' dir='ltr'><strong>eodem</strong></span> <span class='ocrx_word' id='word_1_75' title='bbox 1852 1084 2023 1137; x_wconf 88' lang='lat' dir='ltr'><strong>modo</strong></span> 
     </span>
    </p>
   </div>
   <div class='ocr_carea' id='block_1_15' title="bbox 443 1171 2023 1243">
    <p class='ocr_par' dir='ltr' id='par_1_15' title="bbox 443 1171 2023 1243">
     <span class='ocr_line' id='line_1_15' title="bbox 443 1171 2023 1243; baseline 0.003 -18"><span class='ocrx_word' id='word_1_76' title='bbox 443 1172 654 1226; x_wconf 59' lang='lat' dir='ltr'><strong>liberati</strong></span> <span class='ocrx_word' id='word_1_77' title='bbox 722 1188 818 1242; x_wconf 85' lang='lat' dir='ltr'><strong>per</strong></span> <span class='ocrx_word' id='word_1_78' title='bbox 874 1171 1147 1229; x_wconf 86' lang='lat' dir='ltr'><strong>Christum</strong></span> <span class='ocrx_word' id='word_1_79' title='bbox 1214 1173 1583 1243; x_wconf 66' lang='lat' dir='ltr'><strong>praevalebunt</strong></span> <span class='ocrx_word' id='word_1_80' title='bbox 1633 1175 1863 1229; x_wconf 90' lang='lat' dir='ltr'><strong>inimicis</strong></span> <span class='ocrx_word' id='word_1_81' title='bbox 1923 1176 2023 1229; x_wconf 88' lang='lat' dir='ltr'><strong>sub</strong></span> 
     </span>
    </p>
   </div>
   <div class='ocr_carea' id='block_1_16' title="bbox 441 1264 2021 1334">
    <p class='ocr_par' dir='ltr' id='par_1_16' title="bbox 441 1264 2021 1334">
     <span class='ocr_line' id='line_1_16' title="bbox 441 1264 2021 1334; baseline 0.002 -18"><span class='ocrx_word' id='word_1_82' title='bbox 441 1274 721 1334; x_wconf 77' lang='lat' dir='ltr'><strong>aSpertum</strong></span> <span class='ocrx_word' id='word_1_83' title='bbox 759 1265 1101 1319; x_wconf 86' lang='lat' dir='ltr'><strong>venientibus</strong></span> <span class='ocrx_word' id='word_1_84' title='bbox 1128 1272 1182 1321; x_wconf 87' lang='lat' dir='ltr'><strong>et</strong></span> <span class='ocrx_word' id='word_1_85' title='bbox 1221 1279 1326 1319; x_wconf 91' lang='lat' dir='ltr'><strong>non</strong></span> <span class='ocrx_word' id='word_1_86' title='bbox 1358 1264 1719 1328; x_wconf 86' lang='lat' dir='ltr'><strong>venientibus,</strong></span> <span class='ocrx_word' id='word_1_87' title='bbox 1751 1273 1805 1320; x_wconf 83' lang='lat' dir='ltr'><strong>et</strong></span> <span class='ocrx_word' id='word_1_88' title='bbox 1837 1266 1925 1334; x_wconf 84' lang='lat' dir='ltr'><strong>qui</strong></span> <span class='ocrx_word' id='word_1_89' title='bbox 1956 1267 2021 1320; x_wconf 85' lang='lat' dir='ltr'><strong>ad</strong></span> 
     </span>
    </p>
   </div>
   <div class='ocr_carea' id='block_1_17' title="bbox 442 1356 2024 1427">
    <p class='ocr_par' dir='ltr' id='par_1_17' title="bbox 442 1356 2024 1427">
     <span class='ocr_line' id='line_1_17' title="bbox 442 1356 2024 1427; baseline 0 -18"><span class='ocrx_word' id='word_1_90' title='bbox 442 1357 759 1411; x_wconf 80' lang='lat' dir='ltr'><strong>servitutem</strong></span> <span class='ocrx_word' id='word_1_91' title='bbox 796 1357 1040 1411; x_wconf 87' lang='lat' dir='ltr'><strong>nolentes</strong></span> <span class='ocrx_word' id='word_1_92' title='bbox 1067 1356 1375 1427; x_wconf 84' lang='lat' dir='ltr'><strong>adigebant,</strong></span> <span class='ocrx_word' id='word_1_93' title='bbox 1409 1367 1461 1412; x_wconf 90' lang='lat' dir='ltr'><strong>et</strong></span> <span class='ocrx_word' id='word_1_94' title='bbox 1487 1366 1544 1412; x_wconf 92' lang='lat' dir='ltr'><strong>ut</strong></span> <span class='ocrx_word' id='word_1_95' title='bbox 1569 1357 1819 1426; x_wconf 70' lang='lat' dir='ltr'><strong>captivos</strong></span> <span class='ocrx_word' id='word_1_96' title='bbox 1839 1357 2024 1410; x_wconf 82' lang='lat' dir='ltr'><strong>vincu-</strong></span> 
     </span>
    </p>
   </div>
   <div class='ocr_carea' id='block_1_18' title="bbox 443 1438 2018 1519">
    <p class='ocr_par' dir='ltr' id='par_1_18' title="bbox 443 1438 2018 1519">
     <span class='ocr_line' id='line_1_18' title="bbox 443 1438 2018 1519; baseline 0.001 -19"><span class='ocrx_word' id='word_1_97' title='bbox 443 1449 509 1504; x_wconf 87' lang='lat' dir='ltr'><strong>lis</strong></span> <span class='ocrx_word' id='word_1_98' title='bbox 556 1462 586 1501; x_wconf 87' lang='lat' dir='ltr'><strong>e</strong></span> <span class='ocrx_word' id='word_1_99' title='bbox 627 1448 789 1503; x_wconf 88' lang='lat' dir='ltr'><strong>stulta</strong></span> <span class='ocrx_word' id='word_1_100' title='bbox 847 1462 1032 1502; x_wconf 87' lang='lat' dir='ltr'><strong>eormn</strong></span> <span class='ocrx_word' id='word_1_101' title='bbox 1085 1438 1357 1502; x_wconf 82' lang='lat' dir='ltr'><strong>voluntate</strong></span> <span class='ocrx_word' id='word_1_102' title='bbox 1403 1448 1634 1519; x_wconf 86' lang='lat' dir='ltr'><strong>sumptis</strong></span> <span class='ocrx_word' id='word_1_103' title='bbox 1675 1449 2018 1503; x_wconf 72' lang='lat' dir='ltr'><strong>coercebant.</strong></span> 
     </span>
    </p>
   </div>
   <div class='ocr_carea' id='block_1_19' title="bbox 442 1540 2022 1610">
    <p class='ocr_par' dir='ltr' id='par_1_19' title="bbox 442 1540 2022 1610">
     <span class='ocr_line' id='line_1_19' title="bbox 442 1540 2022 1610; baseline 0.001 -17"><span class='ocrx_word' id='word_1_104' title='bbox 442 1540 548 1595; x_wconf 85' lang='lat' dir='ltr'><strong>Sed</strong></span> <span class='ocrx_word' id='word_1_105' title='bbox 599 1549 653 1595; x_wconf 88' lang='lat' dir='ltr'><strong>et</strong></span> <span class='ocrx_word' id='word_1_106' title='bbox 693 1540 778 1595; x_wconf 86' lang='lat' dir='ltr'><strong>his</strong></span> <span class='ocrx_word' id='word_1_107' title='bbox 824 1540 1212 1608; x_wconf 67' lang='lat' dir='ltr'><strong>praevalebunt,</strong></span> <span class='ocrx_word' id='word_1_108' title='bbox 1263 1556 1560 1610; x_wconf 83' lang='lat' dir='ltr'><strong>eorumque</strong></span> <span class='ocrx_word' id='word_1_109' title='bbox 1607 1540 1911 1609; x_wconf 80' lang='lat' dir='ltr'><strong>superbiam</strong></span> <span class='ocrx_word' id='word_1_110' title='bbox 1967 1550 2022 1594; x_wconf 92' lang='lat' dir='ltr'><strong>et</strong></span> 
     </span>
    </p>
   </div>
   <div class='ocr_carea' id='block_1_20' title="bbox 440 1629 2017 1700">
    <p class='ocr_par' dir='ltr' id='par_1_20' title="bbox 440 1629 2017 1700">
     <span class='ocr_line' id='line_1_20' title="bbox 440 1629 2017 1700; baseline 0.002 -19"><span class='ocrx_word' id='word_1_111' title='bbox 440 1631 862 1688; x_wconf 72' lang='lat' dir='ltr'><strong>dominationem</strong></span> <span class='ocrx_word' id='word_1_112' title='bbox 899 1629 1182 1700; x_wconf 79' lang='lat' dir='ltr'><strong>eﬂ‘ugient,</strong></span> <span class='ocrx_word' id='word_1_113' title='bbox 1215 1630 1321 1685; x_wconf 88' lang='lat' dir='ltr'><strong>Deo</strong></span> <span class='ocrx_word' id='word_1_114' title='bbox 1350 1632 1713 1697; x_wconf 82' lang='lat' dir='ltr'><strong>eonfortante,</strong></span> <span class='ocrx_word' id='word_1_115' title='bbox 1749 1632 1799 1684; x_wconf 92' lang='lat' dir='ltr'><strong>in</strong></span> <span class='ocrx_word' id='word_1_116' title='bbox 1831 1646 1937 1699; x_wconf 85' lang='lat' dir='ltr'><strong>quo</strong></span> <span class='ocrx_word' id='word_1_117' title='bbox 1964 1641 2017 1684; x_wconf 87' lang='lat' dir='ltr'><strong>et</strong></span> 
     </span>
    </p>
   </div>
   <div class='ocr_carea' id='block_1_21' title="bbox 437 1721 2017 1791">
    <p class='ocr_par' dir='ltr' id='par_1_21' title="bbox 437 1721 2017 1791">
     <span class='ocr_line' id='line_1_21' title="bbox 437 1721 2017 1791; baseline 0.003 -18"><span class='ocrx_word' id='word_1_118' title='bbox 437 1723 831 1791; x_wconf 70' lang='lat' dir='ltr'><strong>gloriabuntur.</strong></span> <span class='ocrx_word' id='word_1_119' title='bbox 882 1721 1165 1778; x_wconf 81' lang='lat' dir='ltr'><strong>Placemus</strong></span> <span class='ocrx_word' id='word_1_120' title='bbox 1198 1724 1343 1778; x_wconf 90' lang='lat' dir='ltr'><strong>enim</strong></span> <span class='ocrx_word' id='word_1_121' title='bbox 1394 1726 1548 1779; x_wconf 88' lang='lat' dir='ltr'><strong>nobis</strong></span> <span class='ocrx_word' id='word_1_122' title='bbox 1588 1727 1639 1778; x_wconf 91' lang='lat' dir='ltr'><strong>in</strong></span> <span class='ocrx_word' id='word_1_123' title='bbox 1679 1724 1918 1787; x_wconf 88' lang='lat' dir='ltr'><strong>Christo,</strong></span> <span class='ocrx_word' id='word_1_124' title='bbox 1962 1736 2017 1778; x_wconf 82' lang='lat' dir='ltr'><strong>et</strong></span> 
     </span>
    </p>
   </div>
   <div class='ocr_carea' id='block_1_22' title="bbox 433 1815 2017 1885">
    <p class='ocr_par' dir='ltr' id='par_1_22' title="bbox 433 1815 2017 1885">
     <span class='ocr_line' id='line_1_22' title="bbox 433 1815 2017 1885; baseline 0 -16"><span class='ocrx_word' id='word_1_125' title='bbox 433 1816 614 1885; x_wconf 66' lang='lat' dir='ltr'><strong>ipsum</strong></span> <span class='ocrx_word' id='word_1_126' title='bbox 647 1817 810 1868; x_wconf 90' lang='lat' dir='ltr'><strong>robur</strong></span> <span class='ocrx_word' id='word_1_127' title='bbox 849 1828 1096 1871; x_wconf 88' lang='lat' dir='ltr'><strong>nostrum</strong></span> <span class='ocrx_word' id='word_1_128' title='bbox 1138 1815 1408 1879; x_wconf 87' lang='lat' dir='ltr'><strong>ducimus,</strong></span> <span class='ocrx_word' id='word_1_129' title='bbox 1447 1826 1501 1871; x_wconf 88' lang='lat' dir='ltr'><strong>et</strong></span> <span class='ocrx_word' id='word_1_130' title='bbox 1536 1815 1651 1882; x_wconf 84' lang='lat' dir='ltr'><strong>ipso</strong></span> <span class='ocrx_word' id='word_1_131' title='bbox 1682 1815 1924 1881; x_wconf 91' lang='lat' dir='ltr'><strong>nitimur,</strong></span> <span class='ocrx_word' id='word_1_132' title='bbox 1963 1825 2017 1869; x_wconf 90' lang='lat' dir='ltr'><strong>et</strong></span> 
     </span>
    </p>
   </div>
   <div class='ocr_carea' id='block_1_23' title="bbox 439 1906 2013 1979">
    <p class='ocr_par' dir='ltr' id='par_1_23' title="bbox 439 1906 2013 1979">
     <span class='ocr_line' id='line_1_23' title="bbox 439 1906 2013 1979; baseline 0.001 -20"><span class='ocrx_word' id='word_1_133' title='bbox 439 1918 603 1962; x_wconf 76' lang='grc' dir='ltr'>ιυιειιη</span> <span class='ocrx_word' id='word_1_134' title='bbox 641 1908 765 1963; x_wconf 69' lang='lat' dir='ltr'><strong>vita:</strong></span> <span class='ocrx_word' id='word_1_135' title='bbox 800 1919 999 1964; x_wconf 85' lang='lat' dir='ltr'><strong>nostrae</strong></span> <span class='ocrx_word' id='word_1_136' title='bbox 1026 1924 1175 1979; x_wconf 85' lang='lat' dir='ltr'><strong>spem</strong></span> <span class='ocrx_word' id='word_1_137' title='bbox 1211 1909 1264 1962; x_wconf 91' lang='lat' dir='ltr'><strong>in</strong></span> <span class='ocrx_word' id='word_1_138' title='bbox 1295 1923 1361 1964; x_wconf 85' lang='lat' dir='ltr'><strong>eo</strong></span> <span class='ocrx_word' id='word_1_139' title='bbox 1395 1907 1695 1979; x_wconf 79' lang='lat' dir='ltr'><strong>deligimus.</strong></span> <span class='ocrx_word' id='word_1_140' title='bbox 1725 1906 1838 1961; x_wconf 78' lang='lat' dir='ltr'><strong>Non</strong></span> <span class='ocrx_word' id='word_1_141' title='bbox 1870 1906 2013 1962; x_wconf 88' lang='lat' dir='ltr'><strong>enim</strong></span> 
     </span>
    </p>
   </div>
   <div class='ocr_carea' id='block_1_24' title="bbox 425 1999 2017 2070">
    <p class='ocr_par' dir='ltr' id='par_1_24' title="bbox 425 1999 2017 2070">
     <span class='ocr_line' id='line_1_24' title="bbox 425 1999 2017 2070; baseline -0.001 -16"><span class='ocrx_word' id='word_1_142' title='bbox 425 2001 664 2067; x_wconf 73' lang='lat' dir='ltr'><strong>legatus,</strong></span> <span class='ocrx_word' id='word_1_143' title='bbox 718 2015 822 2056; x_wconf 86' lang='lat' dir='ltr'><strong>non</strong></span> <span class='ocrx_word' id='word_1_144' title='bbox 866 1999 1106 2070; x_wconf 81' lang='lat' dir='ltr'><strong>angelus,</strong></span> <span class='ocrx_word' id='word_1_145' title='bbox 1155 1999 1251 2056; x_wconf 85' lang='lat' dir='ltr'><strong>sed</strong></span> <span class='ocrx_word' id='word_1_146' title='bbox 1310 2001 1424 2070; x_wconf 87' lang='lat' dir='ltr'><strong>ipse</strong></span> <span class='ocrx_word' id='word_1_147' title='bbox 1476 2001 1733 2056; x_wconf 88' lang='lat' dir='ltr'><strong>Dominus</strong></span> <span class='ocrx_word' id='word_1_148' title='bbox 1788 1999 2017 2055; x_wconf 85' lang='lat' dir='ltr'><strong>salvavit</strong></span> 
     </span>
    </p>
   </div>
   <div class='ocr_carea' id='block_1_25' title="bbox 435 2088 2017 2158">
    <p class='ocr_par' dir='ltr' id='par_1_25' title="bbox 435 2088 2017 2158">
     <span class='ocr_line' id='line_1_25' title="bbox 435 2088 2017 2158; baseline -0.001 -14"><span class='ocrx_word' id='word_1_149' title='bbox 435 2107 532 2146; x_wconf 82' lang='lat' dir='ltr'><strong>nos</strong></span> <span class='ocrx_word' id='word_1_150' title='bbox 556 2091 633 2158; x_wconf 78' lang='grc'><strong>⁵⁸;</strong></span> <span class='ocrx_word' id='word_1_151' title='bbox 668 2100 811 2147; x_wconf 86' lang='lat' dir='ltr'><strong>etut</strong></span> <span class='ocrx_word' id='word_1_152' title='bbox 842 2091 974 2145; x_wconf 91' lang='lat' dir='ltr'><strong>dicit</strong></span> <span class='ocrx_word' id='word_1_153' title='bbox 1011 2091 1201 2146; x_wconf 88' lang='lat' dir='ltr'><strong>beatus</strong></span> <span class='ocrx_word' id='word_1_154' title='bbox 1246 2088 1573 2153; x_wconf 87' lang='lat' dir='ltr'><strong>Psalmicen,</strong></span> <span class='ocrx_word' id='word_1_155' title='bbox 1615 2109 1633 2141; x_wconf 73' lang='grc' dir='ltr'><strong>ι</strong></span> <span class='ocrx_word' id='word_1_156' title='bbox 1665 2089 1806 2144; x_wconf 91' lang='lat' dir='ltr'><strong>Deus</strong></span> <span class='ocrx_word' id='word_1_157' title='bbox 1831 2098 2017 2143; x_wconf 87' lang='lat' dir='ltr'><strong>noster</strong></span> 
     </span>
    </p>
   </div>
   <div class='ocr_carea' id='block_1_26' title="bbox 428 2181 2015 2258">
    <p class='ocr_par' dir='ltr' id='par_1_26' title="bbox 428 2181 2015 2258">
     <span class='ocr_line' id='line_1_26' title="bbox 428 2181 2015 2258; baseline 0.001 -25"><span class='ocrx_word' id='word_1_158' title='bbox 428 2181 704 2254; x_wconf 76' lang='lat' dir='ltr'><strong>refugium</strong></span> <span class='ocrx_word' id='word_1_159' title='bbox 757 2193 812 2239; x_wconf 82' lang='lat' dir='ltr'><strong>et</strong></span> <span class='ocrx_word' id='word_1_160' title='bbox 862 2184 1074 2247; x_wconf 85' lang='lat' dir='ltr'><strong>virtus,</strong></span> <span class='ocrx_word' id='word_1_161' title='bbox 1133 2182 1420 2238; x_wconf 79' lang='lat' dir='ltr'><strong>auxiliator</strong></span> <span class='ocrx_word' id='word_1_162' title='bbox 1478 2182 1530 2235; x_wconf 91' lang='lat' dir='ltr'><strong>in</strong></span> <span class='ocrx_word' id='word_1_163' title='bbox 1579 2181 2015 2258; x_wconf 74' lang='lat' dir='ltr'><strong>tribulationibus</strong></span> 
     </span>
    </p>
   </div>
   <div class='ocr_carea' id='block_1_27' title="bbox 428 2275 1370 2347">
    <p class='ocr_par' dir='ltr' id='par_1_27' title="bbox 428 2275 1370 2347">
     <span class='ocr_line' id='line_1_27' title="bbox 428 2275 1370 2347; baseline -0.003 -19"><span class='ocrx_word' id='word_1_164' title='bbox 428 2292 555 2347; x_wconf 66' lang='lat' dir='ltr'><strong>quae</strong></span> <span class='ocrx_word' id='word_1_165' title='bbox 594 2277 916 2331; x_wconf 83' lang='lat' dir='ltr'><strong>invenerunt</strong></span> <span class='ocrx_word' id='word_1_166' title='bbox 938 2291 1038 2332; x_wconf 90' lang='lat' dir='ltr'><strong>nos</strong></span> <span class='ocrx_word' id='word_1_167' title='bbox 1075 2275 1233 2330; x_wconf 92' lang='lat' dir='ltr'><strong>nimis</strong></span> <span class='ocrx_word' id='word_1_168' title='bbox 1255 2275 1320 2329; x_wconf 74' lang='grc'><strong>⁵³.</strong></span> <span class='ocrx_word' id='word_1_169' title='bbox 1353 2293 1370 2325; x_wconf 79' lang='grc' dir='ltr'><strong>ι</strong></span> 
     </span>
    </p>
   </div>
   <div class='ocr_carea' id='block_1_28' title="bbox 1063 2591 1362 2651">
    <p class='ocr_par' dir='ltr' id='par_1_28' title="bbox 1063 2591 1362 2651">
     <span class='ocr_line' id='line_1_28' title="bbox 1063 2591 1362 2651; baseline -0.007 -4"><span class='ocrx_word' id='word_1_170' title='bbox 1063 2592 1225 2651; x_wconf 65' lang='grc' dir='ltr'><strong>(Ἀρ.</strong></span> <span class='ocrx_word' id='word_1_171' title='bbox 1269 2591 1362 2646; x_wconf 76' lang='lat' dir='ltr'><strong>XI.</strong></span> 
     </span>
    </p>
   </div>
   <div class='ocr_carea' id='block_1_29' title="bbox 508 2725 2014 2795">
    <p class='ocr_par' dir='ltr' id='par_1_29' title="bbox 508 2725 2014 2795">
     <span class='ocr_line' id='line_1_29' title="bbox 508 2725 2014 2795; baseline -0.004 -13"><span class='ocrx_word' id='word_1_172' title='bbox 508 2731 663 2784; x_wconf 70' lang='lat' dir='ltr'><strong>Vnus.</strong></span> <span class='ocrx_word' id='word_1_173' title='bbox 710 2731 760 2793; x_wconf 82' lang='lat' dir='ltr'><strong>l,</strong></span> <span class='ocrx_word' id='word_1_174' title='bbox 792 2729 847 2783; x_wconf 75' lang='lat'><strong>‘2.</strong></span> <span class='ocrx_word' id='word_1_175' title='bbox 891 2728 1072 2795; x_wconf 78' lang='lat' dir='ltr'><strong>Aperi,</strong></span> <span class='ocrx_word' id='word_1_176' title='bbox 1113 2725 1336 2790; x_wconf 78' lang='lat' dir='ltr'><strong>Libane,</strong></span> <span class='ocrx_word' id='word_1_177' title='bbox 1388 2736 1564 2794; x_wconf 78' lang='lat' dir='ltr'><strong>portas</strong></span> <span class='ocrx_word' id='word_1_178' title='bbox 1604 2734 1745 2789; x_wconf 84' lang='lat' dir='ltr'><strong>luas,</strong></span> <span class='ocrx_word' id='word_1_179' title='bbox 1787 2732 1835 2779; x_wconf 86' lang='lat' dir='ltr'><strong>et</strong></span> <span class='ocrx_word' id='word_1_180' title='bbox 1872 2740 2014 2777; x_wconf 83' lang='lat' dir='ltr'><strong>com—</strong></span> 
     </span>
    </p>
   </div>
   <div class='ocr_carea' id='block_1_30' title="bbox 428 2813 2014 2893">
    <p class='ocr_par' dir='ltr' id='par_1_30' title="bbox 428 2813 2014 2893">
     <span class='ocr_line' id='line_1_30' title="bbox 428 2813 2014 2893; baseline -0.007 -17"><span class='ocrx_word' id='word_1_181' title='bbox 428 2834 550 2876; x_wconf 55' lang='lat' dir='ltr'><strong>edat</strong></span> <span class='ocrx_word' id='word_1_182' title='bbox 577 2822 714 2893; x_wconf 82' lang='lat' dir='ltr'><strong>ignis</strong></span> <span class='ocrx_word' id='word_1_183' title='bbox 745 2820 928 2874; x_wconf 77' lang='lat' dir='ltr'><strong>cedrus</strong></span> <span class='ocrx_word' id='word_1_184' title='bbox 955 2828 1096 2871; x_wconf 76' lang='lat' dir='ltr'><strong>tuus.</strong></span> <span class='ocrx_word' id='word_1_185' title='bbox 1132 2815 1306 2870; x_wconf 82' lang='lat' dir='ltr'><strong>Ululet</strong></span> <span class='ocrx_word' id='word_1_186' title='bbox 1344 2814 1524 2885; x_wconf 83' lang='lat' dir='ltr'><strong>pinus,</strong></span> <span class='ocrx_word' id='word_1_187' title='bbox 1550 2814 1677 2884; x_wconf 82' lang='lat' dir='ltr'><strong>quia</strong></span> <span class='ocrx_word' id='word_1_188' title='bbox 1709 2813 1897 2866; x_wconf 79' lang='lat' dir='ltr'><strong>cecidit</strong></span> <span class='ocrx_word' id='word_1_189' title='bbox 1931 2829 2014 2866; x_wconf 82' lang='lat' dir='ltr'><strong>cc-</strong></span> 
     </span>
    </p>
   </div>
   <div class='ocr_carea' id='block_1_31' title="bbox 432 2905 2004 2985">
    <p class='ocr_par' dir='ltr' id='par_1_31' title="bbox 432 2905 2004 2985">
     <span class='ocr_line' id='line_1_31' title="bbox 432 2905 2004 2985; baseline -0.006 -18"><span class='ocrx_word' id='word_1_190' title='bbox 432 2919 584 2978; x_wconf 76' lang='lat' dir='ltr'><strong>drus,</strong></span> <span class='ocrx_word' id='word_1_191' title='bbox 616 2911 738 2983; x_wconf 83' lang='lat' dir='ltr'><strong>quia</strong></span> <span class='ocrx_word' id='word_1_192' title='bbox 785 2912 1112 2964; x_wconf 74' lang='lat' dir='ltr'><strong>vehementer</strong></span> <span class='ocrx_word' id='word_1_193' title='bbox 1148 2908 1326 2961; x_wconf 81' lang='lat' dir='ltr'><strong>miseri</strong></span> <span class='ocrx_word' id='word_1_194' title='bbox 1364 2906 1505 2976; x_wconf 73' lang='lat' dir='ltr'><strong>1(acti</strong></span> <span class='ocrx_word' id='word_1_195' title='bbox 1554 2913 1677 2985; x_wconf 84' lang='lat' dir='ltr'><strong>sunt</strong></span> <span class='ocrx_word' id='word_1_196' title='bbox 1709 2905 2004 2973; x_wconf 78' lang='lat' dir='ltr'><strong>optimates.</strong></span> 
     </span>
    </p>
   </div>
   <div class='ocr_carea' id='block_1_32' title="bbox 432 2996 2010 3073">
    <p class='ocr_par' dir='ltr' id='par_1_32' title="bbox 432 2996 2010 3073">
     <span class='ocr_line' id='line_1_32' title="bbox 432 2996 2010 3073; baseline -0.004 -16"><span class='ocrx_word' id='word_1_197' title='bbox 432 3002 673 3069; x_wconf 75' lang='lat' dir='ltr'><strong>Uiulute,</strong></span> <span class='ocrx_word' id='word_1_198' title='bbox 697 3017 921 3073; x_wconf 78' lang='lat' dir='ltr'><strong>quercus</strong></span> <span class='ocrx_word' id='word_1_199' title='bbox 947 2998 1298 3062; x_wconf 80' lang='lat' dir='ltr'><strong>Busanitidis,</strong></span> <span class='ocrx_word' id='word_1_200' title='bbox 1329 2998 1455 3068; x_wconf 82' lang='lat' dir='ltr'><strong>quia</strong></span> <span class='ocrx_word' id='word_1_201' title='bbox 1488 2998 1721 3052; x_wconf 81' lang='lat' dir='ltr'><strong>succisus</strong></span> <span class='ocrx_word' id='word_1_202' title='bbox 1739 3004 1813 3051; x_wconf 82' lang='lat' dir='ltr'><strong>est</strong></span> <span class='ocrx_word' id='word_1_203' title='bbox 1843 2996 2010 3051; x_wconf 82' lang='lat' dir='ltr'><strong>saltus</strong></span> 
     </span>
    </p>
   </div>
   <div class='ocr_carea' id='block_1_33' title="bbox 420 3096 677 3149">
    <p class='ocr_par' dir='ltr' id='par_1_33' title="bbox 420 3096 677 3149">
     <span class='ocr_line' id='line_1_33' title="bbox 420 3096 677 3149; baseline -0.004 0"><span class='ocrx_word' id='word_1_204' title='bbox 420 3096 677 3149; x_wconf 56' lang='lat' dir='ltr'><strong>consitus.</strong></span> 
     </span>
    </p>
   </div>
   <div class='ocr_carea' id='block_1_34' title="bbox 507 3269 2012 3344">
    <p class='ocr_par' dir='ltr' id='par_1_34' title="bbox 507 3269 2012 3344">
     <span class='ocr_line' id='line_1_34' title="bbox 507 3269 2012 3344; baseline -0.003 -15"><span class='ocrx_word' id='word_1_205' title='bbox 507 3274 716 3330; x_wconf 69' lang='lat' dir='ltr'><strong>LXXV.</strong></span> <span class='ocrx_word' id='word_1_206' title='bbox 763 3276 1032 3330; x_wconf 80' lang='lat' dir='ltr'><strong>Dictorum</strong></span> <span class='ocrx_word' id='word_1_207' title='bbox 1083 3271 1534 3344; x_wconf 79' lang='lat' dir='ltr'><strong>signiﬁcationem</strong></span> <span class='ocrx_word' id='word_1_208' title='bbox 1583 3283 1726 3325; x_wconf 90' lang='lat' dir='ltr'><strong>nunc</strong></span> <span class='ocrx_word' id='word_1_209' title='bbox 1766 3270 1831 3326; x_wconf 91' lang='lat' dir='ltr'><strong>ad</strong></span> <span class='ocrx_word' id='word_1_210' title='bbox 1880 3269 2012 3326; x_wconf 91' lang='lat' dir='ltr'><strong>alios</strong></span> 
     </span>
    </p>
   </div>
   <div class='ocr_carea' id='block_1_35' title="bbox 434 3363 2013 3438">
    <p class='ocr_par' dir='ltr' id='par_1_35' title="bbox 434 3363 2013 3438">
     <span class='ocr_line' id='line_1_35' title="bbox 434 3363 2013 3438; baseline -0.001 -17"><span class='ocrx_word' id='word_1_211' title='bbox 434 3369 701 3438; x_wconf 76' lang='lat' dir='ltr'><strong>quosdam</strong></span> <span class='ocrx_word' id='word_1_212' title='bbox 737 3382 928 3423; x_wconf 90' lang='lat' dir='ltr'><strong>sensus</strong></span> <span class='ocrx_word' id='word_1_213' title='bbox 968 3368 1363 3422; x_wconf 83' lang='lat' dir='ltr'><strong>accommodat.</strong></span> <span class='ocrx_word' id='word_1_214' title='bbox 1396 3363 1528 3418; x_wconf 71' lang='lat' dir='ltr'><strong>Nam</strong></span> <span class='ocrx_word' id='word_1_215' title='bbox 1560 3379 1681 3418; x_wconf 84' lang='lat' dir='ltr'><strong>cum</strong></span> <span class='ocrx_word' id='word_1_216' title='bbox 1708 3364 1852 3433; x_wconf 89' lang='lat' dir='ltr'><strong>quod</strong></span> <span class='ocrx_word' id='word_1_217' title='bbox 1883 3365 2013 3419; x_wconf 85' lang='lat' dir='ltr'><strong>satis</strong></span> 
     </span>
    </p>
   </div>
   <div class='ocr_carea' id='block_1_36' title="bbox 432 3455 2011 3533">
    <p class='ocr_par' dir='ltr' id='par_1_36' title="bbox 432 3455 2011 3533">
     <span class='ocr_line' id='line_1_36' title="bbox 432 3455 2011 3533; baseline -0.004 -16"><span class='ocrx_word' id='word_1_218' title='bbox 432 3474 539 3529; x_wconf 83' lang='lat' dir='ltr'><strong>est,</strong></span> <span class='ocrx_word' id='word_1_219' title='bbox 573 3472 628 3517; x_wconf 92' lang='lat' dir='ltr'><strong>et</strong></span> <span class='ocrx_word' id='word_1_220' title='bbox 658 3462 935 3533; x_wconf 80' lang='lat' dir='ltr'><strong>aptissime</strong></span> <span class='ocrx_word' id='word_1_221' title='bbox 961 3469 1233 3515; x_wconf 80' lang='lat' dir='ltr'><strong>narrasset</strong></span> <span class='ocrx_word' id='word_1_222' title='bbox 1271 3459 1336 3514; x_wconf 90' lang='lat' dir='ltr'><strong>de</strong></span> <span class='ocrx_word' id='word_1_223' title='bbox 1370 3457 1652 3512; x_wconf 81' lang='lat' dir='ltr'><strong>vocatione</strong></span> <span class='ocrx_word' id='word_1_224' title='bbox 1692 3456 1929 3528; x_wconf 87' lang='lat' dir='ltr'><strong>gentium</strong></span> <span class='ocrx_word' id='word_1_225' title='bbox 1959 3455 2011 3510; x_wconf 91' lang='lat' dir='ltr'><strong>in</strong></span> 
     </span>
    </p>
   </div>
   <div class='ocr_carea' id='block_1_37' title="bbox 426 3547 2013 3625">
    <p class='ocr_par' dir='ltr' id='par_1_37' title="bbox 426 3547 2013 3625">
     <span class='ocr_line' id='line_1_37' title="bbox 426 3547 2013 3625; baseline -0.006 -16"><span class='ocrx_word' id='word_1_226' title='bbox 426 3556 652 3610; x_wconf 74' lang='lat' dir='ltr'><strong>&#39;tlhristo</strong></span> <span class='ocrx_word' id='word_1_227' title='bbox 694 3569 788 3625; x_wconf 87' lang='lat' dir='ltr'><strong>per</strong></span> <span class='ocrx_word' id='word_1_228' title='bbox 834 3551 1016 3617; x_wconf 83' lang='lat' dir='ltr'><strong>tidem,</strong></span> <span class='ocrx_word' id='word_1_229' title='bbox 1069 3550 1306 3606; x_wconf 83' lang='lat' dir='ltr'><strong>futuram</strong></span> <span class='ocrx_word' id='word_1_230' title='bbox 1357 3564 1520 3621; x_wconf 81' lang='lat' dir='ltr'><strong>Super</strong></span> <span class='ocrx_word' id='word_1_231' title='bbox 1557 3564 1623 3603; x_wconf 88' lang='lat' dir='ltr'><strong>eo</strong></span> <span class='ocrx_word' id='word_1_232' title='bbox 1665 3547 2013 3602; x_wconf 83' lang='lat' dir='ltr'><strong>incredulita-</strong></span> 
     </span>
    </p>
   </div>
   <div class='ocr_carea' id='block_1_38' title="bbox 437 3639 2014 3718">
    <p class='ocr_par' dir='ltr' id='par_1_38' title="bbox 437 3639 2014 3718">
     <span class='ocr_line' id='line_1_38' title="bbox 437 3639 2014 3718; baseline -0.005 -18"><span class='ocrx_word' id='word_1_233' title='bbox 437 3661 541 3703; x_wconf 86' lang='lat' dir='ltr'><strong>tem</strong></span> <span class='ocrx_word' id='word_1_234' title='bbox 593 3646 986 3713; x_wconf 86' lang='lat' dir='ltr'><strong>lsraelitarnm,</strong></span> <span class='ocrx_word' id='word_1_235' title='bbox 1015 3642 1178 3718; x_wconf 80' lang='lat'><strong>755</strong></span> <span class='ocrx_word' id='word_1_236' title='bbox 1216 3654 1458 3714; x_wconf 90' lang='lat' dir='ltr'><strong>tempore</strong></span> <span class='ocrx_word' id='word_1_237' title='bbox 1504 3658 1612 3712; x_wconf 90' lang='lat' dir='ltr'><strong>quo</strong></span> <span class='ocrx_word' id='word_1_238' title='bbox 1658 3641 1822 3696; x_wconf 89' lang='lat' dir='ltr'><strong>homo</strong></span> <span class='ocrx_word' id='word_1_239' title='bbox 1873 3639 2014 3695; x_wconf 91' lang='lat' dir='ltr'><strong>inter</strong></span> 
     </span>
    </p>
   </div>
   <div class='ocr_carea' id='block_1_39' title="bbox 434 3718 2014 3807">
    <p class='ocr_par' dir='ltr' id='par_1_39' title="bbox 434 3718 2014 3807">
     <span class='ocr_line' id='line_1_39' title="bbox 434 3718 2014 3807; baseline -0.004 -13"><span class='ocrx_word' id='word_1_240' title='bbox 434 3755 534 3794; x_wconf 88' lang='lat' dir='ltr'><strong>nos</strong></span> <span class='ocrx_word' id='word_1_241' title='bbox 562 3736 663 3793; x_wconf 76' lang='lat' dir='ltr'><strong>fuit</strong></span> <span class='ocrx_word' id='word_1_242' title='bbox 692 3718 966 3804; x_wconf 78' lang='lat' dir='ltr'><strong>videlicet,</strong></span> <span class='ocrx_word' id='word_1_243' title='bbox 992 3738 1301 3793; x_wconf 88' lang='lat' dir='ltr'><strong>luculenter</strong></span> <span class='ocrx_word' id='word_1_244' title='bbox 1337 3735 1696 3807; x_wconf 68' lang='lat' dir='ltr'><strong>prcrnnntiat,</strong></span> <span class='ocrx_word' id='word_1_245' title='bbox 1724 3744 1778 3790; x_wconf 89' lang='lat' dir='ltr'><strong>et</strong></span> <span class='ocrx_word' id='word_1_246' title='bbox 1811 3735 1914 3789; x_wconf 84' lang='lat' dir='ltr'><strong>hac</strong></span> <span class='ocrx_word' id='word_1_247' title='bbox 1948 3733 2014 3788; x_wconf 90' lang='lat' dir='ltr'><strong>de</strong></span> 
     </span>
    </p>
   </div>
   <div class='ocr_carea' id='block_1_40' title="bbox 434 3826 2012 3900">
    <p class='ocr_par' dir='ltr' id='par_1_40' title="bbox 434 3826 2012 3900">
     <span class='ocr_line' id='line_1_40' title="bbox 434 3826 2012 3900; baseline -0.003 -15"><span class='ocrx_word' id='word_1_248' title='bbox 434 3848 598 3887; x_wconf 70' lang='lat' dir='ltr'><strong>causa</strong></span> <span class='ocrx_word' id='word_1_249' title='bbox 644 3830 1039 3886; x_wconf 89' lang='lat' dir='ltr'><strong>incendendum</strong></span> <span class='ocrx_word' id='word_1_250' title='bbox 1090 3828 1352 3900; x_wconf 81' lang='lat' dir='ltr'><strong>templum</strong></span> <span class='ocrx_word' id='word_1_251' title='bbox 1398 3829 1594 3899; x_wconf 88' lang='lat' dir='ltr'><strong>ipsum,</strong></span> <span class='ocrx_word' id='word_1_252' title='bbox 1637 3836 1805 3897; x_wconf 86' lang='lat' dir='ltr'><strong>atque</strong></span> <span class='ocrx_word' id='word_1_253' title='bbox 1847 3826 2012 3881; x_wconf 88' lang='lat' dir='ltr'><strong>etiam</strong></span> 
     </span>
    </p>
   </div>
   <div class='ocr_carea' id='block_1_41' title="bbox 439 3919 2014 3995">
    <p class='ocr_par' dir='ltr' id='par_1_41' title="bbox 439 3919 2014 3995">
     <span class='ocr_line' id='line_1_41' title="bbox 439 3919 2014 3995; baseline -0.003 -18"><span class='ocrx_word' id='word_1_254' title='bbox 439 3923 890 3995; x_wconf 80' lang='lat' dir='ltr'><strong>Hierosolymam,</strong></span> <span class='ocrx_word' id='word_1_255' title='bbox 940 3931 997 3978; x_wconf 90' lang='lat' dir='ltr'><strong>et</strong></span> <span class='ocrx_word' id='word_1_256' title='bbox 1046 3923 1265 3991; x_wconf 87' lang='lat' dir='ltr'><strong>insuper</strong></span> <span class='ocrx_word' id='word_1_257' title='bbox 1301 3920 1628 3991; x_wconf 87' lang='lat' dir='ltr'><strong>subigendas</strong></span> <span class='ocrx_word' id='word_1_258' title='bbox 1669 3921 1811 3989; x_wconf 82' lang='lat' dir='ltr'><strong>ipsas</strong></span> <span class='ocrx_word' id='word_1_259' title='bbox 1852 3919 2014 3974; x_wconf 85' lang='lat' dir='ltr'><strong>urbes</strong></span> 
     </span>
    </p>
   </div>
   <div class='ocr_carea' id='block_1_42' title="bbox 431 4011 2012 4087">
    <p class='ocr_par' dir='ltr' id='par_1_42' title="bbox 431 4011 2012 4087">
     <span class='ocr_line' id='line_1_42' title="bbox 431 4011 2012 4087; baseline -0.004 -16"><span class='ocrx_word' id='word_1_260' title='bbox 431 4017 625 4084; x_wconf 81' lang='lat' dir='ltr'><strong>Israel,</strong></span> <span class='ocrx_word' id='word_1_261' title='bbox 673 4029 729 4073; x_wconf 87' lang='lat' dir='ltr'><strong>et</strong></span> <span class='ocrx_word' id='word_1_262' title='bbox 771 4031 893 4073; x_wconf 88' lang='lat' dir='ltr'><strong>cum</strong></span> <span class='ocrx_word' id='word_1_263' title='bbox 930 4016 1059 4087; x_wconf 80' lang='lat' dir='ltr'><strong>ipsis</strong></span> <span class='ocrx_word' id='word_1_264' title='bbox 1091 4014 1285 4081; x_wconf 79' lang='lat' dir='ltr'><strong>incolis</strong></span> <span class='ocrx_word' id='word_1_265' title='bbox 1319 4016 1607 4086; x_wconf 88' lang='lat' dir='ltr'><strong>perituras.</strong></span> <span class='ocrx_word' id='word_1_266' title='bbox 1666 4011 1792 4068; x_wconf 68' lang='lat' dir='ltr'><strong>Haec</strong></span> <span class='ocrx_word' id='word_1_267' title='bbox 1833 4022 2012 4067; x_wconf 88' lang='lat' dir='ltr'><strong>autem</strong></span> 
     </span>
    </p>
   </div>
   <div class='ocr_carea' id='block_1_43' title="bbox 2053 1692 2092 1746">
    <p class='ocr_par' dir='ltr' id='par_1_43' title="bbox 2053 1692 2092 1746">
     <span class='ocr_line' id='line_1_43' title="bbox 2053 1692 2092 1746; baseline 0 0"><span class='ocrx_word' id='word_1_268' title='bbox 2053 1692 2092 1746; x_wconf 86' lang='grc' dir='ltr'><strong>Β</strong></span> 
     </span>
    </p>
   </div>
   <div class='ocr_carea' id='block_1_44' title="bbox 2039 3041 2084 3099">
    <p class='ocr_par' dir='ltr' id='par_1_44' title="bbox 2039 3041 2084 3099">
     <span class='ocr_line' id='line_1_44' title="bbox 2039 3041 2084 3099; baseline 0 0"><span class='ocrx_word' id='word_1_269' title='bbox 2039 3041 2084 3099; x_wconf 89' lang='lat' dir='ltr'><strong>C</strong></span> 
     </span>
    </p>
   </div>
   <div class='ocr_carea' id='block_1_45' title="bbox 436 4089 2055 4187">
    <p class='ocr_par' dir='ltr' id='par_1_45' title="bbox 436 4089 2055 4187">
     <span class='ocr_line' id='line_1_45' title="bbox 436 4089 2055 4187; baseline -0.008 -23"><span class='ocrx_word' id='word_1_270' title='bbox 436 4125 532 4178; x_wconf 83' lang='lat' dir='ltr'><strong>per</strong></span> <span class='ocrx_word' id='word_1_271' title='bbox 571 4123 767 4171; x_wconf 85' lang='lat' dir='ltr'><strong>manus</strong></span> <span class='ocrx_word' id='word_1_272' title='bbox 797 4105 1165 4187; x_wconf 69' lang='lat' dir='ltr'><strong>Romanorum</strong></span> <span class='ocrx_word' id='word_1_273' title='bbox 1212 4114 1423 4174; x_wconf 82' lang='lat' dir='ltr'><strong>patrata</strong></span> <span class='ocrx_word' id='word_1_274' title='bbox 1462 4109 1609 4170; x_wconf 85' lang='lat' dir='ltr'><strong>sunt,</strong></span> <span class='ocrx_word' id='word_1_275' title='bbox 1641 4099 1929 4170; x_wconf 84' lang='lat' dir='ltr'><strong>aliquando</strong></span> <span class='ocrx_word' id='word_1_276' title='bbox 1959 4098 2012 4151; x_wconf 89' lang='lat' dir='ltr'><strong>in</strong></span> <span class='ocrx_word' id='word_1_277' title='bbox 2042 4089 2055 4101; x_wconf 84' lang='grc'><strong>’</strong></span> 
     </span>
    </p>
   </div>
   <div class='ocr_carea' id='block_1_46' title="bbox 435 4185 2015 4269">
    <p class='ocr_par' dir='ltr' id='par_1_46' title="bbox 435 4185 2015 4269">
     <span class='ocr_line' id='line_1_46' title="bbox 435 4185 2015 4269; baseline -0.009 -12"><span class='ocrx_word' id='word_1_278' title='bbox 435 4202 676 4257; x_wconf 59' lang='lat' dir='ltr'><strong>«Iudaeam</strong></span> <span class='ocrx_word' id='word_1_279' title='bbox 740 4185 1072 4269; x_wconf 75' lang='lat' dir='ltr'><strong>VespaSiano</strong></span> <span class='ocrx_word' id='word_1_280' title='bbox 1105 4209 1158 4254; x_wconf 88' lang='lat' dir='ltr'><strong>et</strong></span> <span class='ocrx_word' id='word_1_281' title='bbox 1188 4197 1314 4252; x_wconf 88' lang='lat' dir='ltr'><strong>Tito</strong></span> <span class='ocrx_word' id='word_1_282' title='bbox 1343 4185 1492 4251; x_wconf 79' lang='lat' dir='ltr'><strong>arma</strong></span> <span class='ocrx_word' id='word_1_283' title='bbox 1536 4191 1902 4248; x_wconf 82' lang='lat' dir='ltr'><strong>moventibus.</strong></span> <span class='ocrx_word' id='word_1_284' title='bbox 1942 4189 2015 4243; x_wconf 88' lang='lat' dir='ltr'><strong>Et</strong></span> 
     </span>
    </p>
   </div>
   <div class='ocr_carea' id='block_1_47' title="bbox 436 4281 2013 4362">
    <p class='ocr_par' dir='ltr' id='par_1_47' title="bbox 436 4281 2013 4362">
     <span class='ocr_line' id='line_1_47' title="bbox 436 4281 2013 4362; baseline -0.009 -15"><span class='ocrx_word' id='word_1_285' title='bbox 436 4306 510 4347; x_wconf 84' lang='lat' dir='ltr'><strong>cst</strong></span> <span class='ocrx_word' id='word_1_286' title='bbox 525 4301 603 4358; x_wconf 91' lang='lat' dir='ltr'><strong>,ut</strong></span> <span class='ocrx_word' id='word_1_287' title='bbox 620 4299 1324 4362; x_wconf 79' lang='lat' dir='ltr'><strong>ap‘paret,supervacaneum</strong></span> <span class='ocrx_word' id='word_1_288' title='bbox 1349 4284 1650 4352; x_wconf 86' lang='lat' dir='ltr'><strong>minutatim</strong></span> <span class='ocrx_word' id='word_1_289' title='bbox 1666 4281 1873 4352; x_wconf 85' lang='lat' dir='ltr'><strong>singula</strong></span> <span class='ocrx_word' id='word_1_290' title='bbox 1893 4293 2013 4350; x_wconf 88' lang='lat' dir='ltr'><strong>per-</strong></span> 
     </span>
    </p>
   </div>
   <div class='ocr_carea' id='block_1_48' title="bbox 2130 437 3713 514">
    <p class='ocr_par' dir='ltr' id='par_1_48' title="bbox 2130 437 3713 514">
     <span class='ocr_line' id='line_1_48' title="bbox 2130 437 3713 514; baseline -0.009 -16"><span class='ocrx_word' id='word_1_291' title='bbox 2130 439 2215 506; x_wconf 66' lang='grc' dir='ltr'><strong>ἐφ’</strong></span> <span class='ocrx_word' id='word_1_292' title='bbox 2240 440 2406 510; x_wconf 78' lang='grc' dir='ltr'>ἡμᾶς,</span> <span class='ocrx_word' id='word_1_293' title='bbox 2434 440 2542 510; x_wconf 83' lang='grc' dir='ltr'>ἄρα</span> <span class='ocrx_word' id='word_1_294' title='bbox 2569 438 2774 504; x_wconf 82' lang='grc' dir='ltr'>ζῶντας</span> <span class='ocrx_word' id='word_1_295' title='bbox 2803 437 2868 492; x_wconf 83' lang='grc' dir='ltr'><strong>ἂν</strong></span> <span class='ocrx_word' id='word_1_296' title='bbox 2899 438 3156 492; x_wconf 75' lang='grc' dir='ltr'>κατέπιον</span> <span class='ocrx_word' id='word_1_297' title='bbox 3188 439 3357 509; x_wconf 79' lang='grc' dir='ltr'>ἡμᾶς.</span> <span class='ocrx_word' id='word_1_298' title='bbox 3400 439 3487 491; x_wconf 86' lang='grc' dir='ltr'>Ἑν</span> <span class='ocrx_word' id='word_1_299' title='bbox 3513 440 3583 514; x_wconf 64' lang='grc' dir='ltr'>τῷ</span> <span class='ocrx_word' id='word_1_300' title='bbox 3620 442 3713 512; x_wconf 76' lang='grc' dir='ltr'><strong>ὀρ-</strong></span> 
     </span>
    </p>
   </div>
   <div class='ocr_carea' id='block_1_49' title="bbox 2129 527 3710 601">
    <p class='ocr_par' dir='ltr' id='par_1_49' title="bbox 2129 527 3710 601">
     <span class='ocr_line' id='line_1_49' title="bbox 2129 527 3710 601; baseline 0.003 -22"><span class='ocrx_word' id='word_1_301' title='bbox 2129 528 2383 600; x_wconf 85' lang='grc' dir='ltr'>γισθῆναι</span> <span class='ocrx_word' id='word_1_302' title='bbox 2413 528 2502 582; x_wconf 78' lang='grc' dir='ltr'><strong>τὸν</strong></span> <span class='ocrx_word' id='word_1_303' title='bbox 2534 527 2703 599; x_wconf 81' lang='grc' dir='ltr'>θυμὸν</span> <span class='ocrx_word' id='word_1_304' title='bbox 2729 527 2906 582; x_wconf 70' lang='grc' dir='ltr'>αὐτῶν</span> <span class='ocrx_word' id='word_1_305' title='bbox 2932 529 3017 598; x_wconf 70' lang='grc' dir='ltr'><strong>ἐφ’</strong></span> <span class='ocrx_word' id='word_1_306' title='bbox 3051 529 3212 601; x_wconf 65' lang='grc' dir='ltr'>ἡμᾶς,</span> <span class='ocrx_word' id='word_1_307' title='bbox 3239 528 3345 600; x_wconf 80' lang='grc' dir='ltr'>ἄρα</span> <span class='ocrx_word' id='word_1_308' title='bbox 3371 528 3432 582; x_wconf 82' lang='grc' dir='ltr'><strong>τὸ</strong></span> <span class='ocrx_word' id='word_1_309' title='bbox 3462 528 3607 601; x_wconf 76' lang='grc' dir='ltr'>ὕδωρ</span> <span class='ocrx_word' id='word_1_310' title='bbox 3644 532 3710 584; x_wconf 78' lang='grc' dir='ltr'>ἄν</span> 
     </span>
    </p>
   </div>
   <div class='ocr_carea' id='block_1_50' title="bbox 2129 620 3705 696">
    <p class='ocr_par' dir='ltr' id='par_1_50' title="bbox 2129 620 3705 696">
     <span class='ocr_line' id='line_1_50' title="bbox 2129 620 3705 696; baseline 0.003 -22"><span class='ocrx_word' id='word_1_311' title='bbox 2129 623 2511 675; x_wconf 73' lang='grc' dir='ltr'><strong>κατεπόντισεν</strong></span> <span class='ocrx_word' id='word_1_312' title='bbox 2533 623 2698 692; x_wconf 81' lang='grc' dir='ltr'>ἡμᾶς.</span> <span class='ocrx_word' id='word_1_313' title='bbox 2724 620 3037 695; x_wconf 78' lang='grc' dir='ltr'>Χείμαρρον</span> <span class='ocrx_word' id='word_1_314' title='bbox 3059 621 3270 694; x_wconf 81' lang='grc' dir='ltr'><strong>διῆλθεν</strong></span> <span class='ocrx_word' id='word_1_315' title='bbox 3294 625 3327 694; x_wconf 79' lang='grc' dir='ltr'>ἡ</span> <span class='ocrx_word' id='word_1_316' title='bbox 3353 624 3498 695; x_wconf 62' lang='grc' dir='ltr'>ψυχὴ</span> <span class='ocrx_word' id='word_1_317' title='bbox 3525 627 3558 696; x_wconf 77' lang='grc' dir='ltr'>ἡ</span> <span class='ocrx_word' id='word_1_318' title='bbox 3568 625 3705 696; x_wconf 88' lang='grc' dir='ltr'>μῶν,</span> 
     </span>
    </p>
   </div>
   <div class='ocr_carea' id='block_1_51' title="bbox 2128 708 3702 784">
    <p class='ocr_par' dir='ltr' id='par_1_51' title="bbox 2128 708 3702 784">
     <span class='ocr_line' id='line_1_51' title="bbox 2128 708 3702 784; baseline 0.002 -20"><span class='ocrx_word' id='word_1_319' title='bbox 2128 709 2235 782; x_wconf 74' lang='grc' dir='ltr'>ἄρα</span> <span class='ocrx_word' id='word_1_320' title='bbox 2258 709 2471 780; x_wconf 80' lang='grc' dir='ltr'>διῆλθεν</span> <span class='ocrx_word' id='word_1_321' title='bbox 2498 711 2530 781; x_wconf 81' lang='grc' dir='ltr'>ἡ</span> <span class='ocrx_word' id='word_1_322' title='bbox 2556 710 2701 782; x_wconf 81' lang='grc' dir='ltr'>ψυχὴ</span> <span class='ocrx_word' id='word_1_323' title='bbox 2736 710 2891 782; x_wconf 80' lang='grc' dir='ltr'>ἡμῶν</span> <span class='ocrx_word' id='word_1_324' title='bbox 2921 711 2981 764; x_wconf 85' lang='grc' dir='ltr'><strong>τὸ</strong></span> <span class='ocrx_word' id='word_1_325' title='bbox 3011 708 3154 784; x_wconf 68' lang='grc' dir='ltr'>ὕδωρ</span> <span class='ocrx_word' id='word_1_326' title='bbox 3181 712 3242 765; x_wconf 83' lang='grc' dir='ltr'><strong>τὸ</strong></span> <span class='ocrx_word' id='word_1_327' title='bbox 3270 715 3659 772; x_wconf 85' lang='grc' dir='ltr'>ἀνυπόστατον.</span> <span class='ocrx_word' id='word_1_328' title='bbox 3686 737 3702 767; x_wconf 71' lang='grc' dir='ltr'><strong>ι</strong></span> 
     </span>
    </p>
   </div>
   <div class='ocr_carea' id='block_1_52' title="bbox 2130 802 3703 881">
    <p class='ocr_par' dir='ltr' id='par_1_52' title="bbox 2130 802 3703 881">
     <span class='ocr_line' id='line_1_52' title="bbox 2130 802 3703 881; baseline 0.004 -26"><span class='ocrx_word' id='word_1_329' title='bbox 2130 803 2336 873; x_wconf 82' lang='grc' dir='ltr'>Ὥσπερ</span> <span class='ocrx_word' id='word_1_330' title='bbox 2370 802 2461 867; x_wconf 78' lang='grc' dir='ltr'><strong>δὲ,</strong></span> <span class='ocrx_word' id='word_1_331' title='bbox 2506 802 2691 875; x_wconf 79' lang='grc' dir='ltr'>φησὶν,</span> <span class='ocrx_word' id='word_1_332' title='bbox 2741 804 3082 876; x_wconf 87' lang='grc' dir='ltr'>αίχμάλωτος</span> <span class='ocrx_word' id='word_1_333' title='bbox 3118 805 3358 875; x_wconf 83' lang='grc' dir='ltr'>γεγονὼς</span> <span class='ocrx_word' id='word_1_334' title='bbox 3402 808 3431 860; x_wconf 86' lang='grc' dir='ltr'><strong>ὁ</strong></span> <span class='ocrx_word' id='word_1_335' title='bbox 3466 808 3703 881; x_wconf 79' lang='grc' dir='ltr'>Ἰσραὴλ,</span> 
     </span>
    </p>
   </div>
   <div class='ocr_carea' id='block_1_53' title="bbox 2127 895 3704 975">
    <p class='ocr_par' dir='ltr' id='par_1_53' title="bbox 2127 895 3704 975">
     <span class='ocr_line' id='line_1_53' title="bbox 2127 895 3704 975; baseline 0.004 -28"><span class='ocrx_word' id='word_1_336' title='bbox 2127 896 2221 948; x_wconf 77' lang='grc' dir='ltr'>καὶ</span> <span class='ocrx_word' id='word_1_337' title='bbox 2254 898 2335 959; x_wconf 88' lang='grc' dir='ltr'><strong>είς</strong></span> <span class='ocrx_word' id='word_1_338' title='bbox 2388 895 2703 966; x_wconf 79' lang='grc' dir='ltr'>Ἀσσυρίους</span> <span class='ocrx_word' id='word_1_339' title='bbox 2734 914 2792 950; x_wconf 89' lang='grc' dir='ltr'><strong>τε</strong></span> <span class='ocrx_word' id='word_1_340' title='bbox 2839 897 2932 950; x_wconf 79' lang='grc' dir='ltr'><strong>καὶ</strong></span> <span class='ocrx_word' id='word_1_341' title='bbox 2974 898 3192 968; x_wconf 74' lang='grc' dir='ltr'>Μήδους</span> <span class='ocrx_word' id='word_1_342' title='bbox 3235 900 3704 975; x_wconf 79' lang='grc' dir='ltr'>ἀπενηνεγμένος,</span> 
     </span>
    </p>
   </div>
   <div class='ocr_carea' id='block_1_54' title="bbox 2124 984 3707 1061">
    <p class='ocr_par' dir='ltr' id='par_1_54' title="bbox 2124 984 3707 1061">
     <span class='ocr_line' id='line_1_54' title="bbox 2124 984 3707 1061; baseline 0.005 -20"><span class='ocrx_word' id='word_1_343' title='bbox 2124 987 2308 1060; x_wconf 81' lang='grc' dir='ltr'><strong>διέδρα</strong></span> <span class='ocrx_word' id='word_1_344' title='bbox 2358 986 2457 1051; x_wconf 85' lang='grc' dir='ltr'><strong>τὰς</strong></span> <span class='ocrx_word' id='word_1_345' title='bbox 2511 984 2733 1042; x_wconf 80' lang='grc' dir='ltr'>ἐκείνων</span> <span class='ocrx_word' id='word_1_346' title='bbox 2791 987 2976 1061; x_wconf 72' lang='grc' dir='ltr'>ὕϐρεις</span> <span class='ocrx_word' id='word_1_347' title='bbox 3039 990 3154 1061; x_wconf 77' lang='grc' dir='ltr'>ἤτοι</span> <span class='ocrx_word' id='word_1_348' title='bbox 3224 990 3566 1061; x_wconf 78' lang='grc' dir='ltr'>πλεονεξίας,</span> <span class='ocrx_word' id='word_1_349' title='bbox 3620 996 3707 1049; x_wconf 85' lang='grc' dir='ltr'>ἀεὶ</span> 
     </span>
    </p>
   </div>
   <div class='ocr_carea' id='block_1_55' title="bbox 2128 1080 3706 1152">
    <p class='ocr_par' dir='ltr' id='par_1_55' title="bbox 2128 1080 3706 1152">
     <span class='ocr_line' id='line_1_55' title="bbox 2128 1080 3706 1152; baseline 0.006 -20"><span class='ocrx_word' id='word_1_350' title='bbox 2128 1081 2537 1152; x_wconf 79' lang='grc' dir='ltr'>προσκειμένων</span> <span class='ocrx_word' id='word_1_351' title='bbox 2568 1082 2661 1134; x_wconf 74' lang='grc' dir='ltr'><strong>καὶ</strong></span> <span class='ocrx_word' id='word_1_352' title='bbox 2718 1080 2973 1151; x_wconf 75' lang='grc' dir='ltr'>πολεμεῖν</span> <span class='ocrx_word' id='word_1_353' title='bbox 3012 1081 3281 1136; x_wconf 73' lang='grc' dir='ltr'><strong>εἰωθότων</strong></span> <span class='ocrx_word' id='word_1_354' title='bbox 3314 1084 3531 1148; x_wconf 80' lang='grc' dir='ltr'>αὐτοῖς’</span> <span class='ocrx_word' id='word_1_355' title='bbox 3564 1089 3706 1143; x_wconf 75' lang='grc' dir='ltr'>κατὰ</span> 
     </span>
    </p>
   </div>
   <div class='ocr_carea' id='block_1_56' title="bbox 2122 1170 3704 1249">
    <p class='ocr_par' dir='ltr' id='par_1_56' title="bbox 2122 1170 3704 1249">
     <span class='ocr_line' id='line_1_56' title="bbox 2122 1170 3704 1249; baseline 0.005 -28"><span class='ocrx_word' id='word_1_356' title='bbox 2122 1170 2214 1222; x_wconf 65' lang='grc' dir='ltr'>τὶν</span> <span class='ocrx_word' id='word_1_357' title='bbox 2247 1170 2359 1224; x_wconf 80' lang='grc' dir='ltr'>ἴσον</span> <span class='ocrx_word' id='word_1_358' title='bbox 2405 1173 2626 1242; x_wconf 80' lang='grc' dir='ltr'>τρόπον,</span> <span class='ocrx_word' id='word_1_359' title='bbox 2675 1173 2859 1242; x_wconf 76' lang='grc' dir='ltr'>φησὶν,</span> <span class='ocrx_word' id='word_1_360' title='bbox 2906 1171 2956 1223; x_wconf 78' lang='grc' dir='ltr'><strong>οἱ</strong></span> <span class='ocrx_word' id='word_1_361' title='bbox 2990 1171 3387 1244; x_wconf 86' lang='grc' dir='ltr'>λελυτρωμένοι</span> <span class='ocrx_word' id='word_1_362' title='bbox 3433 1175 3523 1229; x_wconf 76' lang='grc' dir='ltr'>διὰ</span> <span class='ocrx_word' id='word_1_363' title='bbox 3566 1177 3704 1249; x_wconf 88' lang='grc' dir='ltr'>Χρι-</span> 
     </span>
    </p>
   </div>
   <div class='ocr_carea' id='block_1_57' title="bbox 2126 1258 3705 1339">
    <p class='ocr_par' dir='ltr' id='par_1_57' title="bbox 2126 1258 3705 1339">
     <span class='ocr_line' id='line_1_57' title="bbox 2126 1258 3705 1339; baseline 0.005 -25"><span class='ocrx_word' id='word_1_364' title='bbox 2126 1260 2275 1327; x_wconf 81' lang='grc' dir='ltr'>στοῦ,</span> <span class='ocrx_word' id='word_1_365' title='bbox 2313 1264 2595 1334; x_wconf 83' lang='grc' dir='ltr'>κρείττους</span> <span class='ocrx_word' id='word_1_366' title='bbox 2626 1263 2839 1316; x_wconf 72' lang='grc' dir='ltr'>ἔσονται</span> <span class='ocrx_word' id='word_1_367' title='bbox 2879 1263 2987 1317; x_wconf 88' lang='grc' dir='ltr'><strong>τῶν</strong></span> <span class='ocrx_word' id='word_1_368' title='bbox 3004 1258 3235 1336; x_wconf 77' lang='grc' dir='ltr'>ἐχθρῶν,</span> <span class='ocrx_word' id='word_1_369' title='bbox 3271 1266 3481 1337; x_wconf 80' lang='grc' dir='ltr'>ὁρατῶν</span> <span class='ocrx_word' id='word_1_370' title='bbox 3514 1267 3705 1339; x_wconf 80' lang='grc' dir='ltr'>δηλον-</span> 
     </span>
    </p>
   </div>
   <div class='ocr_carea' id='block_1_58' title="bbox 2123 1353 3706 1428">
    <p class='ocr_par' dir='ltr' id='par_1_58' title="bbox 2123 1353 3706 1428">
     <span class='ocr_line' id='line_1_58' title="bbox 2123 1353 3706 1428; baseline 0.003 -24"><span class='ocrx_word' id='word_1_371' title='bbox 2123 1353 2205 1405; x_wconf 85' lang='grc' dir='ltr'>ότι</span> <span class='ocrx_word' id='word_1_372' title='bbox 2250 1353 2344 1407; x_wconf 75' lang='grc' dir='ltr'><strong>καὶ</strong></span> <span class='ocrx_word' id='word_1_373' title='bbox 2408 1353 2675 1425; x_wconf 83' lang='grc' dir='ltr'>ἀοράτων,</span> <span class='ocrx_word' id='word_1_374' title='bbox 2719 1355 2769 1408; x_wconf 83' lang='grc' dir='ltr'>οἳ</span> <span class='ocrx_word' id='word_1_375' title='bbox 2832 1356 3114 1428; x_wconf 77' lang='grc' dir='ltr'>μονονουχὶ</span> <span class='ocrx_word' id='word_1_376' title='bbox 3175 1356 3270 1410; x_wconf 72' lang='grc' dir='ltr'><strong>καὶ</strong></span> <span class='ocrx_word' id='word_1_377' title='bbox 3319 1357 3706 1425; x_wconf 74' lang='grc' dir='ltr'>κατεϐιάζοντο</span> 
     </span>
    </p>
   </div>
   <div class='ocr_carea' id='block_1_59' title="bbox 2123 1441 3703 1524">
    <p class='ocr_par' dir='ltr' id='par_1_59' title="bbox 2123 1441 3703 1524">
     <span class='ocr_line' id='line_1_59' title="bbox 2123 1441 3703 1524; baseline 0.006 -28"><span class='ocrx_word' id='word_1_378' title='bbox 2123 1444 2258 1516; x_wconf 72' lang='grc' dir='ltr'>πρὸς</span> <span class='ocrx_word' id='word_1_379' title='bbox 2283 1444 2579 1515; x_wconf 84' lang='grc' dir='ltr'>ἀϐούλητον</span> <span class='ocrx_word' id='word_1_380' title='bbox 2620 1445 2866 1499; x_wconf 83' lang='grc' dir='ltr'>δουλείαν</span> <span class='ocrx_word' id='word_1_381' title='bbox 2908 1447 3125 1513; x_wconf 71' lang='grc' dir='ltr'>αὐτοὺς,</span> <span class='ocrx_word' id='word_1_382' title='bbox 3159 1450 3250 1502; x_wconf 70' lang='grc' dir='ltr'><strong>καὶ</strong></span> <span class='ocrx_word' id='word_1_383' title='bbox 3283 1441 3394 1502; x_wconf 74' lang='grc' dir='ltr'>οἷον</span> <span class='ocrx_word' id='word_1_384' title='bbox 3424 1451 3703 1524; x_wconf 80' lang='grc' dir='ltr'>αἰχμαλώ-</span> 
     </span>
    </p>
   </div>
   <div class='ocr_carea' id='block_1_60' title="bbox 2121 1535 3701 1616">
    <p class='ocr_par' dir='ltr' id='par_1_60' title="bbox 2121 1535 3701 1616">
     <span class='ocr_line' id='line_1_60' title="bbox 2121 1535 3701 1616; baseline 0.006 -29"><span class='ocrx_word' id='word_1_385' title='bbox 2121 1552 2248 1598; x_wconf 87' lang='grc' dir='ltr'>τους</span> <span class='ocrx_word' id='word_1_386' title='bbox 2294 1535 2587 1604; x_wconf 78' lang='grc' dir='ltr'>γεγονότας</span> <span class='ocrx_word' id='word_1_387' title='bbox 2628 1537 2727 1606; x_wconf 81' lang='grc' dir='ltr'>τῆς</span> <span class='ocrx_word' id='word_1_388' title='bbox 2772 1536 2830 1604; x_wconf 74' lang='grc' dir='ltr'>ἐξ</span> <span class='ocrx_word' id='word_1_389' title='bbox 2889 1538 3026 1602; x_wconf 89' lang='grc' dir='ltr'>ίδίας</span> <span class='ocrx_word' id='word_1_390' title='bbox 3085 1540 3403 1612; x_wconf 83' lang='grc' dir='ltr'>σκαιότητος</span> <span class='ocrx_word' id='word_1_391' title='bbox 3457 1547 3701 1616; x_wconf 86' lang='grc' dir='ltr'>συνεῖχον</span> 
     </span>
    </p>
   </div>
   <div class='ocr_carea' id='block_1_61' title="bbox 2119 1626 3701 1708">
    <p class='ocr_par' dir='ltr' id='par_1_61' title="bbox 2119 1626 3701 1708">
     <span class='ocr_line' id='line_1_61' title="bbox 2119 1626 3701 1708; baseline 0.007 -28"><span class='ocrx_word' id='word_1_392' title='bbox 2119 1626 2354 1699; x_wconf 82' lang='grc' dir='ltr'>δεσμοῖς.</span> <span class='ocrx_word' id='word_1_393' title='bbox 2394 1628 2553 1682; x_wconf 84' lang='grc' dir='ltr'>Ἀλλὰ</span> <span class='ocrx_word' id='word_1_394' title='bbox 2579 1628 2673 1682; x_wconf 72' lang='grc' dir='ltr'>καὶ</span> <span class='ocrx_word' id='word_1_395' title='bbox 2702 1628 2905 1684; x_wconf 81' lang='grc' dir='ltr'>τούτων</span> <span class='ocrx_word' id='word_1_396' title='bbox 2930 1629 3141 1686; x_wconf 79' lang='grc' dir='ltr'>ἔσονται</span> <span class='ocrx_word' id='word_1_397' title='bbox 3172 1633 3470 1706; x_wconf 76' lang='grc' dir='ltr'>κρείττους,</span> <span class='ocrx_word' id='word_1_398' title='bbox 3511 1635 3701 1708; x_wconf 79' lang='grc' dir='ltr'>ὕϐρεις</span> 
     </span>
    </p>
   </div>
   <div class='ocr_carea' id='block_1_62' title="bbox 2116 1719 3698 1797">
    <p class='ocr_par' dir='ltr' id='par_1_62' title="bbox 2116 1719 3698 1797">
     <span class='ocr_line' id='line_1_62' title="bbox 2116 1719 3698 1797; baseline 0.008 -25"><span class='ocrx_word' id='word_1_399' title='bbox 2116 1737 2177 1772; x_wconf 90' lang='grc' dir='ltr'><strong>τε</strong></span> <span class='ocrx_word' id='word_1_400' title='bbox 2215 1719 2313 1783; x_wconf 72' lang='grc' dir='ltr'>τὰς</span> <span class='ocrx_word' id='word_1_401' title='bbox 2355 1720 2485 1791; x_wconf 81' lang='grc' dir='ltr'>παρ’</span> <span class='ocrx_word' id='word_1_402' title='bbox 2521 1721 2744 1776; x_wconf 80' lang='grc' dir='ltr'>ἐκείνων</span> <span class='ocrx_word' id='word_1_403' title='bbox 2794 1723 3173 1794; x_wconf 74' lang='grc' dir='ltr'>διαφεύξονται</span> <span class='ocrx_word' id='word_1_404' title='bbox 3211 1727 3306 1780; x_wconf 74' lang='grc' dir='ltr'><strong>καὶ</strong></span> <span class='ocrx_word' id='word_1_405' title='bbox 3352 1728 3698 1797; x_wconf 79' lang='grc' dir='ltr'>πλεονεξίας,</span> 
     </span>
    </p>
   </div>
   <div class='ocr_carea' id='block_1_63' title="bbox 2118 1808 3702 1891">
    <p class='ocr_par' dir='ltr' id='par_1_63' title="bbox 2118 1808 3702 1891">
     <span class='ocr_line' id='line_1_63' title="bbox 2118 1808 3702 1891; baseline 0.006 -26"><span class='ocrx_word' id='word_1_406' title='bbox 2118 1811 2252 1866; x_wconf 79' lang='grc' dir='ltr'>Θεοῦ</span> <span class='ocrx_word' id='word_1_407' title='bbox 2304 1812 2724 1885; x_wconf 83' lang='grc' dir='ltr'>κατισχύοντος,</span> <span class='ocrx_word' id='word_1_408' title='bbox 2772 1815 2856 1884; x_wconf 79' lang='grc' dir='ltr'><strong>ἐφ’</strong></span> <span class='ocrx_word' id='word_1_409' title='bbox 2898 1808 2943 1884; x_wconf 78' lang='grc' dir='ltr'>ᾧ</span> <span class='ocrx_word' id='word_1_410' title='bbox 2974 1817 3069 1870; x_wconf 69' lang='grc' dir='ltr'>καὶ</span> <span class='ocrx_word' id='word_1_411' title='bbox 3104 1820 3491 1890; x_wconf 67' lang='grc' dir='ltr'>καυχῆσονται.</span> <span class='ocrx_word' id='word_1_412' title='bbox 3540 1822 3702 1891; x_wconf 83' lang='grc' dir='ltr'>Μέγα</span> 
     </span>
    </p>
   </div>
   <div class='ocr_carea' id='block_1_64' title="bbox 2117 1903 3702 1983">
    <p class='ocr_par' dir='ltr' id='par_1_64' title="bbox 2117 1903 3702 1983">
     <span class='ocr_line' id='line_1_64' title="bbox 2117 1903 3702 1983; baseline 0.008 -28"><span class='ocrx_word' id='word_1_413' title='bbox 2117 1903 2224 1972; x_wconf 73' lang='grc' dir='ltr'><strong>γὰρ</strong></span> <span class='ocrx_word' id='word_1_414' title='bbox 2257 1904 2564 1976; x_wconf 73' lang='grc' dir='ltr'>φρονοῦμεν</span> <span class='ocrx_word' id='word_1_415' title='bbox 2592 1905 2684 1959; x_wconf 71' lang='grc' dir='ltr'><strong>ἐπὶ</strong></span> <span class='ocrx_word' id='word_1_416' title='bbox 2708 1907 2949 1978; x_wconf 84' lang='grc' dir='ltr'>Χριστῷ,</span> <span class='ocrx_word' id='word_1_417' title='bbox 2980 1908 3072 1961; x_wconf 73' lang='grc' dir='ltr'>καὶ</span> <span class='ocrx_word' id='word_1_418' title='bbox 3100 1909 3261 1964; x_wconf 80' lang='grc' dir='ltr'>αὐτὸν</span> <span class='ocrx_word' id='word_1_419' title='bbox 3293 1912 3444 1981; x_wconf 71' lang='grc' dir='ltr'>ἰσχὺν</span> <span class='ocrx_word' id='word_1_420' title='bbox 3473 1916 3702 1983; x_wconf 74' lang='grc' dir='ltr'>πεποιή-</span> 
     </span>
    </p>
   </div>
   <div class='ocr_carea' id='block_1_65' title="bbox 2118 1991 3698 2070">
    <p class='ocr_par' dir='ltr' id='par_1_65' title="bbox 2118 1991 3698 2070">
     <span class='ocr_line' id='line_1_65' title="bbox 2118 1991 3698 2070; baseline 0.008 -26"><span class='ocrx_word' id='word_1_421' title='bbox 2118 1991 2257 2063; x_wconf 79' lang='grc' dir='ltr'>μεθα</span> <span class='ocrx_word' id='word_1_422' title='bbox 2278 2034 2293 2058; x_wconf 97' lang='grc'><strong>,</strong></span> <span class='ocrx_word' id='word_1_423' title='bbox 2327 1992 2421 2047; x_wconf 81' lang='grc' dir='ltr'><strong>καὶ</strong></span> <span class='ocrx_word' id='word_1_424' title='bbox 2449 1995 2534 2046; x_wconf 76' lang='grc' dir='ltr'><strong>ἐπ’</strong></span> <span class='ocrx_word' id='word_1_425' title='bbox 2573 1994 2724 2066; x_wconf 81' lang='grc' dir='ltr'>αὐτῷ</span> <span class='ocrx_word' id='word_1_426' title='bbox 2758 1996 3201 2069; x_wconf 79' lang='grc' dir='ltr'>τεθαρρήκαμεν,</span> <span class='ocrx_word' id='word_1_427' title='bbox 3231 2000 3326 2053; x_wconf 80' lang='grc' dir='ltr'>καὶ</span> <span class='ocrx_word' id='word_1_428' title='bbox 3360 2000 3459 2070; x_wconf 85' lang='grc' dir='ltr'>τῆς</span> <span class='ocrx_word' id='word_1_429' title='bbox 3489 2002 3698 2056; x_wconf 82' lang='grc' dir='ltr'>ἑαυτῶν</span> 
     </span>
    </p>
   </div>
   <div class='ocr_carea' id='block_1_66' title="bbox 2117 2081 3700 2161">
    <p class='ocr_par' dir='ltr' id='par_1_66' title="bbox 2117 2081 3700 2161">
     <span class='ocr_line' id='line_1_66' title="bbox 2117 2081 3700 2161; baseline 0.006 -26"><span class='ocrx_word' id='word_1_430' title='bbox 2117 2081 2262 2152; x_wconf 75' lang='grc' dir='ltr'>ζωῆς</span> <span class='ocrx_word' id='word_1_431' title='bbox 2290 2082 2417 2148; x_wconf 82' lang='grc' dir='ltr'>ὅλας</span> <span class='ocrx_word' id='word_1_432' title='bbox 2447 2083 2642 2155; x_wconf 74' lang='grc' dir='ltr'>ἔχομεν</span> <span class='ocrx_word' id='word_1_433' title='bbox 2664 2087 2763 2150; x_wconf 74' lang='grc' dir='ltr'><strong>τὰς</strong></span> <span class='ocrx_word' id='word_1_434' title='bbox 2795 2086 3037 2151; x_wconf 79' lang='grc' dir='ltr'>ἐλπίδας.</span> <span class='ocrx_word' id='word_1_435' title='bbox 3064 2088 3138 2140; x_wconf 82' lang='grc' dir='ltr'><strong>Οὐ</strong></span> <span class='ocrx_word' id='word_1_436' title='bbox 3171 2088 3279 2160; x_wconf 81' lang='grc' dir='ltr'><strong>γὰρ</strong></span> <span class='ocrx_word' id='word_1_437' title='bbox 3307 2088 3567 2161; x_wconf 83' lang='grc' dir='ltr'>πρέσϐυς,</span> <span class='ocrx_word' id='word_1_438' title='bbox 3602 2091 3700 2144; x_wconf 83' lang='grc' dir='ltr'><strong>οὐκ</strong></span> 
     </span>
    </p>
   </div>
   <div class='ocr_carea' id='block_1_67' title="bbox 2114 2172 3698 2254">
    <p class='ocr_par' dir='ltr' id='par_1_67' title="bbox 2114 2172 3698 2254">
     <span class='ocr_line' id='line_1_67' title="bbox 2114 2172 3698 2254; baseline 0.005 -28"><span class='ocrx_word' id='word_1_439' title='bbox 2114 2172 2363 2242; x_wconf 83' lang='grc' dir='ltr'>ἄγγελος,</span> <span class='ocrx_word' id='word_1_440' title='bbox 2408 2173 2521 2231; x_wconf 83' lang='grc' dir='ltr'>ἀλλ’</span> <span class='ocrx_word' id='word_1_441' title='bbox 2561 2175 2722 2240; x_wconf 79' lang='grc' dir='ltr'>αὐτὸς</span> <span class='ocrx_word' id='word_1_442' title='bbox 2754 2178 2783 2229; x_wconf 86' lang='grc' dir='ltr'><strong>ό</strong></span> <span class='ocrx_word' id='word_1_443' title='bbox 2823 2177 3026 2250; x_wconf 84' lang='grc' dir='ltr'>Κύριος</span> <span class='ocrx_word' id='word_1_444' title='bbox 3068 2178 3271 2233; x_wconf 78' lang='grc' dir='ltr'>ἔσωσεν</span> <span class='ocrx_word' id='word_1_445' title='bbox 3314 2181 3493 2252; x_wconf 77' lang='grc' dir='ltr'>ἡμᾶς’</span> <span class='ocrx_word' id='word_1_446' title='bbox 3539 2176 3698 2254; x_wconf 68' lang='grc' dir='ltr'>καὶίῇ</span> 
     </span>
    </p>
   </div>
   <div class='ocr_carea' id='block_1_68' title="bbox 2116 2266 3700 2344">
    <p class='ocr_par' dir='ltr' id='par_1_68' title="bbox 2116 2266 3700 2344">
     <span class='ocr_line' id='line_1_68' title="bbox 2116 2266 3700 2344; baseline 0.008 -28"><span class='ocrx_word' id='word_1_447' title='bbox 2116 2281 2280 2335; x_wconf 81' lang='grc' dir='ltr'>φησιν</span> <span class='ocrx_word' id='word_1_448' title='bbox 2305 2267 2334 2319; x_wconf 85' lang='grc' dir='ltr'>ὁ</span> <span class='ocrx_word' id='word_1_449' title='bbox 2373 2266 2643 2339; x_wconf 82' lang='grc' dir='ltr'>μακάριος</span> <span class='ocrx_word' id='word_1_450' title='bbox 2664 2268 2989 2342; x_wconf 79' lang='grc' dir='ltr'>Ψαλμῳδὺς,</span> <span class='ocrx_word' id='word_1_451' title='bbox 3022 2290 3039 2323; x_wconf 76' lang='grc' dir='ltr'><strong>ι</strong></span> <span class='ocrx_word' id='word_1_452' title='bbox 3080 2270 3306 2344; x_wconf 61' lang='grc' dir='ltr'><strong>’0,Θεὸς</strong></span> <span class='ocrx_word' id='word_1_453' title='bbox 3335 2273 3489 2344; x_wconf 74' lang='grc' dir='ltr'>ἡμῶν</span> <span class='ocrx_word' id='word_1_454' title='bbox 3528 2291 3700 2331; x_wconf 82' lang='grc' dir='ltr'>κατα-</span> 
     </span>
    </p>
   </div>
   <div class='ocr_carea' id='block_1_69' title="bbox 2117 2358 3699 2437">
    <p class='ocr_par' dir='ltr' id='par_1_69' title="bbox 2117 2358 3699 2437">
     <span class='ocr_line' id='line_1_69' title="bbox 2117 2358 3699 2437; baseline 0.006 -26"><span class='ocrx_word' id='word_1_455' title='bbox 2117 2358 2287 2430; x_wconf 80' lang='grc' dir='ltr'>φυγὴ,</span> <span class='ocrx_word' id='word_1_456' title='bbox 2317 2361 2410 2413; x_wconf 79' lang='grc' dir='ltr'><strong>καὶ</strong></span> <span class='ocrx_word' id='word_1_457' title='bbox 2435 2360 2683 2433; x_wconf 88' lang='grc' dir='ltr'>δύναμις,</span> <span class='ocrx_word' id='word_1_458' title='bbox 2717 2361 2911 2434; x_wconf 69' lang='grc' dir='ltr'>βοηθὸς</span> <span class='ocrx_word' id='word_1_459' title='bbox 2937 2365 2994 2417; x_wconf 86' lang='grc' dir='ltr'><strong>ἐν</strong></span> <span class='ocrx_word' id='word_1_460' title='bbox 3024 2362 3233 2435; x_wconf 73' lang='grc' dir='ltr'>θλίψεσι</span> <span class='ocrx_word' id='word_1_461' title='bbox 3261 2368 3381 2431; x_wconf 84' lang='grc' dir='ltr'>ταῖς</span> <span class='ocrx_word' id='word_1_462' title='bbox 3408 2365 3699 2437; x_wconf 81' lang='grc' dir='ltr'>εὑρούσαις</span> 
     </span>
    </p>
   </div>
   <div class='ocr_carea' id='block_1_70' title="bbox 2117 2450 2528 2523">
    <p class='ocr_par' dir='ltr' id='par_1_70' title="bbox 2117 2450 2528 2523">
     <span class='ocr_line' id='line_1_70' title="bbox 2117 2450 2528 2523; baseline 0.007 -21"><span class='ocrx_word' id='word_1_463' title='bbox 2117 2451 2262 2521; x_wconf 75' lang='grc' dir='ltr'>ἡμᾶς</span> <span class='ocrx_word' id='word_1_464' title='bbox 2300 2450 2528 2523; x_wconf 86' lang='grc' dir='ltr'>σφόδρα.</span> 
     </span>
    </p>
   </div>
   <div class='ocr_carea' id='block_1_71' title="bbox 2706 2591 3111 2648">
    <p class='ocr_par' dir='ltr' id='par_1_71' title="bbox 2706 2591 3111 2648">
     <span class='ocr_line' id='line_1_71' title="bbox 2706 2591 3111 2648; baseline 0.007 -3"><span class='ocrx_word' id='word_1_465' title='bbox 2706 2591 2957 2647; x_wconf 75' lang='grc' dir='ltr'><strong>ΚΕΦΑΛ.</strong></span> <span class='ocrx_word' id='word_1_466' title='bbox 3007 2592 3111 2648; x_wconf 84' lang='lat' dir='ltr'><strong>IA&#39;.</strong></span> 
     </span>
    </p>
   </div>
   <div class='ocr_carea' id='block_1_72' title="bbox 2184 2726 3701 2800">
    <p class='ocr_par' dir='ltr' id='par_1_72' title="bbox 2184 2726 3701 2800">
     <span class='ocr_line' id='line_1_72' title="bbox 2184 2726 3701 2800; baseline 0.002 -20"><span class='ocrx_word' id='word_1_467' title='bbox 2184 2726 2516 2795; x_wconf 74' lang='grc' dir='ltr'>Διάνοιεον,</span> <span class='ocrx_word' id='word_1_468' title='bbox 2566 2730 2598 2782; x_wconf 85' lang='grc' dir='ltr'><strong>ό</strong></span> <span class='ocrx_word' id='word_1_469' title='bbox 2630 2730 2907 2797; x_wconf 70' lang='grc' dir='ltr'>Λίϐανος,</span> <span class='ocrx_word' id='word_1_470' title='bbox 2958 2732 3068 2797; x_wconf 82' lang='grc' dir='ltr'>τὰς</span> <span class='ocrx_word' id='word_1_471' title='bbox 3112 2731 3295 2800; x_wconf 79' lang='grc' dir='ltr'>θύρας</span> <span class='ocrx_word' id='word_1_472' title='bbox 3341 2747 3479 2796; x_wconf 84' lang='grc' dir='ltr'>σου,</span> <span class='ocrx_word' id='word_1_473' title='bbox 3518 2746 3701 2784; x_wconf 81' lang='grc' dir='ltr'>κατα-</span> 
     </span>
    </p>
   </div>
   <div class='ocr_carea' id='block_1_73' title="bbox 2111 2818 3704 2895">
    <p class='ocr_par' dir='ltr' id='par_1_73' title="bbox 2111 2818 3704 2895">
     <span class='ocr_line' id='line_1_73' title="bbox 2111 2818 3704 2895; baseline -0.001 -21"><span class='ocrx_word' id='word_1_474' title='bbox 2111 2818 2345 2888; x_wconf 67' lang='grc' dir='ltr'>φαγέτω</span> <span class='ocrx_word' id='word_1_475' title='bbox 2383 2819 2502 2889; x_wconf 80' lang='grc' dir='ltr'>πῦρ</span> <span class='ocrx_word' id='word_1_476' title='bbox 2550 2821 2657 2884; x_wconf 86' lang='grc' dir='ltr'>τὰς</span> <span class='ocrx_word' id='word_1_477' title='bbox 2690 2819 2942 2889; x_wconf 85' lang='grc' dir='ltr'>κέδρους</span> <span class='ocrx_word' id='word_1_478' title='bbox 2994 2834 3132 2876; x_wconf 87' lang='grc' dir='ltr'>σου.</span> <span class='ocrx_word' id='word_1_479' title='bbox 3185 2819 3559 2895; x_wconf 75' lang='grc' dir='ltr'>Ὀλολυξάτω</span> <span class='ocrx_word' id='word_1_480' title='bbox 3606 2821 3704 2873; x_wconf 77' lang='grc' dir='ltr'>πί-</span> 
     </span>
    </p>
   </div>
   <div class='ocr_carea' id='block_1_74' title="bbox 2113 2910 3705 2984">
    <p class='ocr_par' dir='ltr' id='par_1_74' title="bbox 2113 2910 3705 2984">
     <span class='ocr_line' id='line_1_74' title="bbox 2113 2910 3705 2984; baseline 0.001 -19"><span class='ocrx_word' id='word_1_481' title='bbox 2113 2928 2244 2979; x_wconf 83' lang='grc' dir='ltr'>τυς,</span> <span class='ocrx_word' id='word_1_482' title='bbox 2286 2910 2436 2966; x_wconf 83' lang='grc' dir='ltr'>διότι</span> <span class='ocrx_word' id='word_1_483' title='bbox 2484 2911 2759 2966; x_wconf 82' lang='grc' dir='ltr'>πέπτωκε</span> <span class='ocrx_word' id='word_1_484' title='bbox 2797 2911 3024 2980; x_wconf 79' lang='grc' dir='ltr'>κέδρος,</span> <span class='ocrx_word' id='word_1_485' title='bbox 3080 2912 3169 2967; x_wconf 86' lang='grc' dir='ltr'>ὅτι</span> <span class='ocrx_word' id='word_1_486' title='bbox 3210 2913 3489 2983; x_wconf 70' lang='grc' dir='ltr'>μεγάλως</span> <span class='ocrx_word' id='word_1_487' title='bbox 3532 2928 3705 2984; x_wconf 72' lang='grc' dir='ltr'>μεγι-</span> 
     </span>
    </p>
   </div>
   <div class='ocr_carea' id='block_1_75' title="bbox 2114 3001 3704 3074">
    <p class='ocr_par' dir='ltr' id='par_1_75' title="bbox 2114 3001 3704 3074">
     <span class='ocr_line' id='line_1_75' title="bbox 2114 3001 3704 3074; baseline 0.001 -15"><span class='ocrx_word' id='word_1_488' title='bbox 2114 3001 2338 3071; x_wconf 72' lang='grc' dir='ltr'>στᾶνες</span> <span class='ocrx_word' id='word_1_489' title='bbox 2378 3004 2895 3074; x_wconf 58' lang='grc' dir='ltr'>ἐταλαιπώρησαν.</span> <span class='ocrx_word' id='word_1_490' title='bbox 2947 3005 3324 3072; x_wconf 71' lang='grc' dir='ltr'>’0.Ιολύξατε,</span> <span class='ocrx_word' id='word_1_491' title='bbox 3377 3005 3557 3074; x_wconf 82' lang='grc' dir='ltr'>δρύες</span> <span class='ocrx_word' id='word_1_492' title='bbox 3597 3005 3704 3074; x_wconf 80' lang='grc' dir='ltr'>τῆς</span> 
     </span>
    </p>
   </div>
   <div class='ocr_carea' id='block_1_76' title="bbox 2113 3095 3704 3168">
    <p class='ocr_par' dir='ltr' id='par_1_76' title="bbox 2113 3095 3704 3168">
     <span class='ocr_line' id='line_1_76' title="bbox 2113 3095 3704 3168; baseline 0.002 -20"><span class='ocrx_word' id='word_1_493' title='bbox 2113 3095 2532 3162; x_wconf 75' lang='grc' dir='ltr'>Βασανίτιδος,</span> <span class='ocrx_word' id='word_1_494' title='bbox 2580 3096 2670 3150; x_wconf 81' lang='grc' dir='ltr'>ὅτι</span> <span class='ocrx_word' id='word_1_495' title='bbox 2712 3096 3101 3165; x_wconf 79' lang='grc' dir='ltr'>κατεσπάσθη</span> <span class='ocrx_word' id='word_1_496' title='bbox 3156 3101 3187 3151; x_wconf 90' lang='lat' dir='ltr'><strong>o&#39;</strong></span> <span class='ocrx_word' id='word_1_497' title='bbox 3219 3096 3443 3167; x_wconf 74' lang='grc' dir='ltr'>δρυμὸς</span> <span class='ocrx_word' id='word_1_498' title='bbox 3477 3099 3510 3151; x_wconf 84' lang='grc' dir='ltr'><strong>ό</strong></span> <span class='ocrx_word' id='word_1_499' title='bbox 3546 3100 3704 3168; x_wconf 80' lang='grc' dir='ltr'>σύμ-</span> 
     </span>
    </p>
   </div>
   <div class='ocr_carea' id='block_1_77' title="bbox 2114 3206 2323 3257">
    <p class='ocr_par' dir='ltr' id='par_1_77' title="bbox 2114 3206 2323 3257">
     <span class='ocr_line' id='line_1_77' title="bbox 2114 3206 2323 3257; baseline 0 -15"><span class='ocrx_word' id='word_1_500' title='bbox 2114 3206 2323 3257; x_wconf 66' lang='grc' dir='ltr'>φυτος.</span> 
     </span>
    </p>
   </div>
   <div class='ocr_carea' id='block_1_78' title="bbox 2186 3279 3702 3354">
    <p class='ocr_par' dir='ltr' id='par_1_78' title="bbox 2186 3279 3702 3354">
     <span class='ocr_line' id='line_1_78' title="bbox 2186 3279 3702 3354; baseline 0.002 -21"><span class='ocrx_word' id='word_1_501' title='bbox 2186 3281 2306 3336; x_wconf 81' lang='lat' dir='ltr'><strong>UE’.</strong></span> <span class='ocrx_word' id='word_1_502' title='bbox 2349 3279 2652 3350; x_wconf 75' lang='grc' dir='ltr'>Μεθίστησι</span> <span class='ocrx_word' id='word_1_503' title='bbox 2707 3281 2799 3335; x_wconf 79' lang='grc' dir='ltr'>νῦν</span> <span class='ocrx_word' id='word_1_504' title='bbox 2849 3281 2933 3350; x_wconf 75' lang='grc' dir='ltr'><strong>ἐφ’</strong></span> <span class='ocrx_word' id='word_1_505' title='bbox 2979 3282 3181 3352; x_wconf 73' lang='grc' dir='ltr'>ἐτέρων</span> <span class='ocrx_word' id='word_1_506' title='bbox 3238 3282 3360 3334; x_wconf 76' lang='grc' dir='ltr'>τινὰ</span> <span class='ocrx_word' id='word_1_507' title='bbox 3410 3283 3702 3354; x_wconf 72' lang='grc' dir='ltr'>νοημάτων</span> 
     </span>
    </p>
   </div>
   <div class='ocr_carea' id='block_1_79' title="bbox 2113 3371 3702 3452">
    <p class='ocr_par' dir='ltr' id='par_1_79' title="bbox 2113 3371 3702 3452">
     <span class='ocr_line' id='line_1_79' title="bbox 2113 3371 3702 3452; baseline 0.004 -26"><span class='ocrx_word' id='word_1_508' title='bbox 2113 3372 2231 3427; x_wconf 70' lang='grc' dir='ltr'>ὁδὸν</span> <span class='ocrx_word' id='word_1_509' title='bbox 2258 3371 2365 3426; x_wconf 88' lang='grc' dir='ltr'><strong>τῶν</strong></span> <span class='ocrx_word' id='word_1_510' title='bbox 2388 3372 2697 3443; x_wconf 83' lang='grc' dir='ltr'>λεγομένων</span> <span class='ocrx_word' id='word_1_511' title='bbox 2725 3372 2821 3447; x_wconf 80' lang='grc' dir='ltr'>τὴν</span> <span class='ocrx_word' id='word_1_512' title='bbox 2846 3373 3098 3446; x_wconf 79' lang='grc' dir='ltr'>δήλωσιν.</span> <span class='ocrx_word' id='word_1_513' title='bbox 3138 3375 3491 3448; x_wconf 79' lang='grc' dir='ltr'>Ἀποχρῶσαν</span> <span class='ocrx_word' id='word_1_514' title='bbox 3518 3378 3580 3431; x_wconf 81' lang='grc' dir='ltr'>δὲ</span> <span class='ocrx_word' id='word_1_515' title='bbox 3604 3379 3702 3452; x_wconf 72' lang='grc' dir='ltr'><strong>τὴν</strong></span> 
     </span>
    </p>
   </div>
   <div class='ocr_carea' id='block_1_80' title="bbox 2115 3460 3701 3541">
    <p class='ocr_par' dir='ltr' id='par_1_80' title="bbox 2115 3460 3701 3541">
     <span class='ocr_line' id='line_1_80' title="bbox 2115 3460 3701 3541; baseline 0.002 -23"><span class='ocrx_word' id='word_1_516' title='bbox 2115 3466 2392 3537; x_wconf 80' lang='grc' dir='ltr'>ἀφήγησιν</span> <span class='ocrx_word' id='word_1_517' title='bbox 2420 3460 2478 3518; x_wconf 76' lang='grc' dir='ltr'><strong>εὖ</strong></span> <span class='ocrx_word' id='word_1_518' title='bbox 2514 3465 2660 3536; x_wconf 83' lang='grc' dir='ltr'>μάλα</span> <span class='ocrx_word' id='word_1_519' title='bbox 2686 3466 3057 3538; x_wconf 80' lang='grc' dir='ltr'>πεποιημένος</span> <span class='ocrx_word' id='word_1_520' title='bbox 3084 3467 3183 3537; x_wconf 75' lang='grc' dir='ltr'><strong>τὴν</strong></span> <span class='ocrx_word' id='word_1_521' title='bbox 3214 3469 3342 3538; x_wconf 83' lang='grc' dir='ltr'>περί</span> <span class='ocrx_word' id='word_1_522' title='bbox 3371 3485 3433 3537; x_wconf 84' lang='grc' dir='ltr'><strong>γε</strong></span> <span class='ocrx_word' id='word_1_523' title='bbox 3467 3470 3571 3541; x_wconf 80' lang='grc' dir='ltr'>τῆς</span> <span class='ocrx_word' id='word_1_524' title='bbox 3595 3469 3701 3523; x_wconf 89' lang='grc' dir='ltr'><strong>τῶν</strong></span> 
     </span>
    </p>
   </div>
   <div class='ocr_carea' id='block_1_81' title="bbox 2115 3555 3699 3639">
    <p class='ocr_par' dir='ltr' id='par_1_81' title="bbox 2115 3555 3699 3639">
     <span class='ocr_line' id='line_1_81' title="bbox 2115 3555 3699 3639; baseline 0.003 -30"><span class='ocrx_word' id='word_1_525' title='bbox 2115 3555 2285 3610; x_wconf 77' lang='grc' dir='ltr'>ἐθνῶν</span> <span class='ocrx_word' id='word_1_526' title='bbox 2335 3557 2576 3639; x_wconf 63' lang='grc' dir='ltr'>κλήσεως</span> <span class='ocrx_word' id='word_1_527' title='bbox 2631 3556 2730 3628; x_wconf 79' lang='grc' dir='ltr'>τῆς</span> <span class='ocrx_word' id='word_1_528' title='bbox 2782 3559 2840 3611; x_wconf 83' lang='grc' dir='ltr'><strong>ἐν</strong></span> <span class='ocrx_word' id='word_1_529' title='bbox 2878 3557 3098 3629; x_wconf 84' lang='grc' dir='ltr'>Χριστῷ</span> <span class='ocrx_word' id='word_1_530' title='bbox 3153 3560 3240 3613; x_wconf 77' lang='grc' dir='ltr'><strong>διὰ</strong></span> <span class='ocrx_word' id='word_1_531' title='bbox 3284 3562 3552 3627; x_wconf 87' lang='grc' dir='ltr'>πίστεως,</span> <span class='ocrx_word' id='word_1_532' title='bbox 3605 3561 3699 3632; x_wconf 79' lang='grc' dir='ltr'>τὴν</span> 
     </span>
    </p>
   </div>
   <div class='ocr_carea' id='block_1_82' title="bbox 2116 3647 3698 3724">
    <p class='ocr_par' dir='ltr' id='par_1_82' title="bbox 2116 3647 3698 3724">
     <span class='ocr_line' id='line_1_82' title="bbox 2116 3647 3698 3724; baseline 0.003 -23"><span class='ocrx_word' id='word_1_533' title='bbox 2116 3648 2379 3721; x_wconf 77' lang='grc' dir='ltr'>ἐσομένην</span> <span class='ocrx_word' id='word_1_534' title='bbox 2412 3649 2501 3701; x_wconf 80' lang='grc' dir='ltr'>ἐπ’</span> <span class='ocrx_word' id='word_1_535' title='bbox 2531 3647 2679 3719; x_wconf 79' lang='grc' dir='ltr'>αὐτῷ</span> <span class='ocrx_word' id='word_1_536' title='bbox 2710 3648 3057 3704; x_wconf 87' lang='grc' dir='ltr'>δυσπείθειαν</span> <span class='ocrx_word' id='word_1_537' title='bbox 3091 3649 3198 3703; x_wconf 86' lang='grc' dir='ltr'><strong>τῶν</strong></span> <span class='ocrx_word' id='word_1_538' title='bbox 3223 3650 3281 3716; x_wconf 81' lang='grc' dir='ltr'>ἐξ</span> <span class='ocrx_word' id='word_1_539' title='bbox 3317 3651 3530 3724; x_wconf 78' lang='grc' dir='ltr'>Ἰσραὴλ</span> <span class='ocrx_word' id='word_1_540' title='bbox 3559 3654 3698 3706; x_wconf 75' lang='grc' dir='ltr'>κατὰ</span> 
     </span>
    </p>
   </div>
   <div class='ocr_carea' id='block_1_83' title="bbox 2115 3737 3701 3816">
    <p class='ocr_par' dir='ltr' id='par_1_83' title="bbox 2115 3737 3701 3816">
     <span class='ocr_line' id='line_1_83' title="bbox 2115 3737 3701 3816; baseline 0.002 -22"><span class='ocrx_word' id='word_1_541' title='bbox 2115 3741 2207 3794; x_wconf 78' lang='grc' dir='ltr'><strong>τὸν</strong></span> <span class='ocrx_word' id='word_1_542' title='bbox 2247 3738 2348 3807; x_wconf 80' lang='grc' dir='ltr'>τῆς</span> <span class='ocrx_word' id='word_1_543' title='bbox 2417 3737 2882 3812; x_wconf 76' lang='grc' dir='ltr'>ὲνανθρωπὴσεως</span> <span class='ocrx_word' id='word_1_544' title='bbox 2929 3740 3171 3813; x_wconf 83' lang='grc' dir='ltr'>δηλονότι</span> <span class='ocrx_word' id='word_1_545' title='bbox 3223 3742 3436 3816; x_wconf 71' lang='grc' dir='ltr'>καιρὸν,</span> <span class='ocrx_word' id='word_1_546' title='bbox 3485 3761 3701 3815; x_wconf 83' lang='grc' dir='ltr'>προαφ-</span> 
     </span>
    </p>
   </div>
   <div class='ocr_carea' id='block_1_84' title="bbox 2117 3826 3699 3908">
    <p class='ocr_par' dir='ltr' id='par_1_84' title="bbox 2117 3826 3699 3908">
     <span class='ocr_line' id='line_1_84' title="bbox 2117 3826 3699 3908; baseline 0.005 -24"><span class='ocrx_word' id='word_1_547' title='bbox 2117 3836 2333 3902; x_wconf 81' lang='grc' dir='ltr'>ηγεῖται</span> <span class='ocrx_word' id='word_1_548' title='bbox 2368 3833 2575 3904; x_wconf 83' lang='grc' dir='ltr'>σαφῶς,</span> <span class='ocrx_word' id='word_1_549' title='bbox 2617 3833 2711 3888; x_wconf 76' lang='grc' dir='ltr'><strong>καὶ</strong></span> <span class='ocrx_word' id='word_1_550' title='bbox 2739 3833 2821 3887; x_wconf 80' lang='grc' dir='ltr'>ὅτι</span> <span class='ocrx_word' id='word_1_551' title='bbox 2842 3833 3047 3905; x_wconf 85' lang='grc' dir='ltr'>ταύτης</span> <span class='ocrx_word' id='word_1_552' title='bbox 3062 3833 3225 3889; x_wconf 85' lang='grc' dir='ltr'>’ένεκα</span> <span class='ocrx_word' id='word_1_553' title='bbox 3243 3833 3340 3908; x_wconf 81' lang='grc' dir='ltr'>τῆς</span> <span class='ocrx_word' id='word_1_554' title='bbox 3367 3826 3547 3900; x_wconf 75' lang='grc' dir='ltr'>αἰτίας</span> <span class='ocrx_word' id='word_1_555' title='bbox 3579 3853 3699 3892; x_wconf 85' lang='grc' dir='ltr'>κατ-</span> 
     </span>
    </p>
   </div>
   <div class='ocr_carea' id='block_1_85' title="bbox 2116 3923 3699 3997">
    <p class='ocr_par' dir='ltr' id='par_1_85' title="bbox 2116 3923 3699 3997">
     <span class='ocr_line' id='line_1_85' title="bbox 2116 3923 3699 3997; baseline 0.004 -23"><span class='ocrx_word' id='word_1_556' title='bbox 2116 3923 2500 3994; x_wconf 80' lang='grc' dir='ltr'>εμπρησθῆναι</span> <span class='ocrx_word' id='word_1_557' title='bbox 2537 3924 2619 3977; x_wconf 89' lang='grc' dir='ltr'><strong>δεῖ</strong></span> <span class='ocrx_word' id='word_1_558' title='bbox 2649 3924 2738 3978; x_wconf 82' lang='grc' dir='ltr'><strong>τὸν</strong></span> <span class='ocrx_word' id='word_1_559' title='bbox 2767 3923 2892 3978; x_wconf 85' lang='grc' dir='ltr'>ναόν</span> <span class='ocrx_word' id='word_1_560' title='bbox 2923 3925 3084 3978; x_wconf 81' lang='grc' dir='ltr'>αὐτὸν</span> <span class='ocrx_word' id='word_1_561' title='bbox 3106 3966 3121 3991; x_wconf 90' lang='grc'><strong>,</strong></span> <span class='ocrx_word' id='word_1_562' title='bbox 3163 3927 3256 3980; x_wconf 77' lang='grc' dir='ltr'><strong>καὶ</strong></span> <span class='ocrx_word' id='word_1_563' title='bbox 3287 3928 3467 3997; x_wconf 81' lang='grc' dir='ltr'>μέντοι</span> <span class='ocrx_word' id='word_1_564' title='bbox 3494 3928 3567 3983; x_wconf 82' lang='grc' dir='ltr'>τὰ</span> <span class='ocrx_word' id='word_1_565' title='bbox 3606 3929 3699 3982; x_wconf 76' lang='grc' dir='ltr'><strong>Ἰε-</strong></span> 
     </span>
    </p>
   </div>
   <div class='ocr_carea' id='block_1_86' title="bbox 2121 4014 3697 4091">
    <p class='ocr_par' dir='ltr' id='par_1_86' title="bbox 2121 4014 3697 4091">
     <span class='ocr_line' id='line_1_86' title="bbox 2121 4014 3697 4091; baseline 0.005 -26"><span class='ocrx_word' id='word_1_566' title='bbox 2121 4014 2417 4085; x_wconf 83' lang='grc' dir='ltr'>ροσόλυμα,</span> <span class='ocrx_word' id='word_1_567' title='bbox 2449 4014 2793 4085; x_wconf 86' lang='grc' dir='ltr'>προσαλῶναι</span> <span class='ocrx_word' id='word_1_568' title='bbox 2819 4016 2876 4068; x_wconf 83' lang='grc' dir='ltr'>δὲ</span> <span class='ocrx_word' id='word_1_569' title='bbox 2912 4016 3007 4070; x_wconf 76' lang='grc' dir='ltr'><strong>καὶ</strong></span> <span class='ocrx_word' id='word_1_570' title='bbox 3033 4016 3202 4081; x_wconf 78' lang='grc' dir='ltr'>αὑτὰς</span> <span class='ocrx_word' id='word_1_571' title='bbox 3227 4016 3322 4070; x_wconf 77' lang='grc' dir='ltr'><strong>τοῦ</strong></span> <span class='ocrx_word' id='word_1_572' title='bbox 3356 4017 3573 4091; x_wconf 82' lang='grc' dir='ltr'>Ἰσραὴλ</span> <span class='ocrx_word' id='word_1_573' title='bbox 3602 4019 3697 4083; x_wconf 79' lang='grc' dir='ltr'>τὰς</span> 
     </span>
    </p>
   </div>
   <div class='ocr_carea' id='block_1_87' title="bbox 2118 4101 3699 4170">
    <p class='ocr_par' dir='ltr' id='par_1_87' title="bbox 2118 4101 3699 4170">
     <span class='ocr_line' id='line_1_87' title="bbox 2118 4101 3699 4170; baseline 0.003 -16"><span class='ocrx_word' id='word_1_574' title='bbox 2118 4101 2322 4169; x_wconf 84' lang='grc' dir='ltr'>πόλεις,</span> <span class='ocrx_word' id='word_1_575' title='bbox 2352 4104 2446 4155; x_wconf 74' lang='grc' dir='ltr'><strong>καὶ</strong></span> <span class='ocrx_word' id='word_1_576' title='bbox 2474 4101 2863 4156; x_wconf 86' lang='grc' dir='ltr'>συνδιολεῖσθαι</span> <span class='ocrx_word' id='word_1_577' title='bbox 2890 4106 3003 4167; x_wconf 88' lang='grc' dir='ltr'>τοῖς</span> <span class='ocrx_word' id='word_1_578' title='bbox 3044 4104 3343 4159; x_wconf 76' lang='grc' dir='ltr'>ἐνοικοῦσιν</span> <span class='ocrx_word' id='word_1_579' title='bbox 3377 4105 3567 4170; x_wconf 79' lang='grc' dir='ltr'>αὑτάς.</span> <span class='ocrx_word' id='word_1_580' title='bbox 3598 4106 3699 4161; x_wconf 76' lang='grc' dir='ltr'>ιιέ.</span> 
     </span>
    </p>
   </div>
   <div class='ocr_carea' id='block_1_88' title="bbox 2117 4192 3687 4271">
    <p class='ocr_par' dir='ltr' id='par_1_88' title="bbox 2117 4192 3687 4271">
     <span class='ocr_line' id='line_1_88' title="bbox 2117 4192 3687 4271; baseline 0.004 -24"><span class='ocrx_word' id='word_1_581' title='bbox 2117 4211 2359 4266; x_wconf 86' lang='grc' dir='ltr'>πρακται</span> <span class='ocrx_word' id='word_1_582' title='bbox 2396 4192 2453 4247; x_wconf 77' lang='grc' dir='ltr'>δὲ</span> <span class='ocrx_word' id='word_1_583' title='bbox 2481 4192 2650 4246; x_wconf 84' lang='grc' dir='ltr'>ταῦτα</span> <span class='ocrx_word' id='word_1_584' title='bbox 2683 4193 2772 4247; x_wconf 87' lang='grc' dir='ltr'>διὰ</span> <span class='ocrx_word' id='word_1_585' title='bbox 2802 4195 2982 4267; x_wconf 81' lang='grc' dir='ltr'>χειρὸς</span> <span class='ocrx_word' id='word_1_586' title='bbox 3010 4195 3120 4250; x_wconf 88' lang='grc' dir='ltr'><strong>τῶν</strong></span> <span class='ocrx_word' id='word_1_587' title='bbox 3154 4197 3461 4269; x_wconf 83' lang='grc' dir='ltr'>Ῥωμαίων,</span> <span class='ocrx_word' id='word_1_588' title='bbox 3498 4215 3687 4271; x_wconf 84' lang='grc' dir='ltr'>στρατ-</span> 
     </span>
    </p>
   </div>
   <div class='ocr_carea' id='block_1_89' title="bbox 2117 4286 3690 4360">
    <p class='ocr_par' dir='ltr' id='par_1_89' title="bbox 2117 4286 3690 4360">
     <span class='ocr_line' id='line_1_89' title="bbox 2117 4286 3690 4360; baseline 0.002 -20"><span class='ocrx_word' id='word_1_589' title='bbox 2117 4286 2393 4359; x_wconf 80' lang='grc' dir='ltr'>ηγούντων</span> <span class='ocrx_word' id='word_1_590' title='bbox 2437 4286 2581 4341; x_wconf 84' lang='grc' dir='ltr'><strong>κατά</strong></span> <span class='ocrx_word' id='word_1_591' title='bbox 2625 4288 2818 4360; x_wconf 78' lang='grc' dir='ltr'>καιρὸν</span> <span class='ocrx_word' id='word_1_592' title='bbox 2857 4289 3263 4343; x_wconf 78' lang='grc' dir='ltr'>Οὐεσπασιανοῦ</span> <span class='ocrx_word' id='word_1_593' title='bbox 3298 4306 3356 4343; x_wconf 91' lang='grc' dir='ltr'><strong>τε</strong></span> <span class='ocrx_word' id='word_1_594' title='bbox 3385 4291 3478 4343; x_wconf 75' lang='grc' dir='ltr'><strong>καὶ</strong></span> <span class='ocrx_word' id='word_1_595' title='bbox 3511 4290 3690 4345; x_wconf 85' lang='grc' dir='ltr'>Τίτου.</span> 
     </span>
    </p>
   </div>
   <div class='ocr_carea' id='block_1_90' title="bbox 436 4374 2019 4456">
    <p class='ocr_par' dir='ltr' id='par_1_90' title="bbox 436 4376 2012 4456">
     <span class='ocr_line' id='line_1_90' title="bbox 436 4376 2012 4456; baseline -0.01 -14"><span class='ocrx_word' id='word_1_596' title='bbox 436 4402 679 4453; x_wconf 84' lang='lat' dir='ltr'><strong>censere,</strong></span> <span class='ocrx_word' id='word_1_597' title='bbox 706 4402 825 4456; x_wconf 72' lang='lat' dir='ltr'><strong>qua;</strong></span> <span class='ocrx_word' id='word_1_598' title='bbox 859 4382 1170 4441; x_wconf 71' lang='lat' dir='ltr'><strong>Judtrorum</strong></span> <span class='ocrx_word' id='word_1_599' title='bbox 1206 4382 1451 4448; x_wconf 85' lang='lat' dir='ltr'><strong>urbibus,</strong></span> <span class='ocrx_word' id='word_1_600' title='bbox 1484 4378 1597 4433; x_wconf 87' lang='lat' dir='ltr'><strong>sive</strong></span> <span class='ocrx_word' id='word_1_601' title='bbox 1630 4376 1861 4446; x_wconf 84' lang='lat' dir='ltr'><strong>populis,</strong></span> <span class='ocrx_word' id='word_1_602' title='bbox 1886 4388 2012 4445; x_wconf 87' lang='lat' dir='ltr'><strong>pro-</strong></span> 
     </span>
    </p>
   </div>
   <div class='ocr_carea' id='block_1_91' title="bbox 2121 4374 3692 4456">
    <p class='ocr_par' dir='ltr' id='par_1_91' title="bbox 2121 4374 3692 4453">
     <span class='ocr_line' id='line_1_91' title="bbox 2121 4374 3692 4453; baseline -0.001 -20"><span class='ocrx_word' id='word_1_603' title='bbox 2121 4379 2230 4434; x_wconf 77' lang='grc' dir='ltr'>Καὶ</span> <span class='ocrx_word' id='word_1_604' title='bbox 2264 4377 2537 4450; x_wconf 82' lang='grc' dir='ltr'>περιττὸν,</span> <span class='ocrx_word' id='word_1_605' title='bbox 2567 4374 2641 4442; x_wconf 83' lang='grc' dir='ltr'>ὡς</span> <span class='ocrx_word' id='word_1_606' title='bbox 2674 4378 2869 4445; x_wconf 78' lang='grc' dir='ltr'>ἔοικεν,</span> <span class='ocrx_word' id='word_1_607' title='bbox 2899 4381 3225 4453; x_wconf 82' lang='grc' dir='ltr'>ἀφηγεῖσθαι</span> <span class='ocrx_word' id='word_1_608' title='bbox 3253 4380 3463 4446; x_wconf 86' lang='grc' dir='ltr'>λεπτῶς</span> <span class='ocrx_word' id='word_1_609' title='bbox 3490 4382 3692 4436; x_wconf 78' lang='grc' dir='ltr'>ἕκαστα</span> 
     </span>
    </p>
   </div>
   <div class='ocr_carea' id='block_1_92' title="bbox 436 4472 2011 4546">
    <p class='ocr_par' dir='ltr' id='par_1_92' title="bbox 436 4472 2011 4546">
     <span class='ocr_line' id='line_1_92' title="bbox 436 4472 2011 4546; baseline -0.006 -17"><span class='ocrx_word' id='word_1_610' title='bbox 436 4491 556 4546; x_wconf 86' lang='lat' dir='ltr'><strong>pter</strong></span> <span class='ocrx_word' id='word_1_611' title='bbox 589 4475 1065 4533; x_wconf 84' lang='lat' dir='ltr'><strong>debacchatiOnem</strong></span> <span class='ocrx_word' id='word_1_612' title='bbox 1098 4474 1148 4528; x_wconf 92' lang='lat' dir='ltr'><strong>in</strong></span> <span class='ocrx_word' id='word_1_613' title='bbox 1200 4473 1473 4527; x_wconf 86' lang='lat' dir='ltr'><strong>Christum</strong></span> <span class='ocrx_word' id='word_1_614' title='bbox 1523 4472 1841 4531; x_wconf 86' lang='lat' dir='ltr'><strong>evenerunt,</strong></span> <span class='ocrx_word' id='word_1_615' title='bbox 1888 4481 2011 4520; x_wconf 90' lang='lat' dir='ltr'><strong>eum</strong></span> 
     </span>
    </p>
   </div>
   <div class='ocr_carea' id='block_1_93' title="bbox 437 4555 2015 4634">
    <p class='ocr_par' dir='ltr' id='par_1_93' title="bbox 437 4555 2015 4634">
     <span class='ocr_line' id='line_1_93' title="bbox 437 4555 2015 4634; baseline -0.005 -15"><span class='ocrx_word' id='word_1_616' title='bbox 437 4568 740 4623; x_wconf 79' lang='lat' dir='ltr'><strong>volentibus</strong></span> <span class='ocrx_word' id='word_1_617' title='bbox 764 4565 983 4634; x_wconf 81' lang='lat' dir='ltr'><strong>.losephi</strong></span> <span class='ocrx_word' id='word_1_618' title='bbox 1025 4564 1307 4619; x_wconf 84' lang='lat' dir='ltr'><strong>historiam</strong></span> <span class='ocrx_word' id='word_1_619' title='bbox 1353 4560 1535 4630; x_wconf 78' lang='lat' dir='ltr'><strong>legere</strong></span> <span class='ocrx_word' id='word_1_620' title='bbox 1567 4557 1750 4622; x_wconf 89' lang='lat' dir='ltr'><strong>liceat,</strong></span> <span class='ocrx_word' id='word_1_621' title='bbox 1786 4566 1838 4609; x_wconf 91' lang='lat' dir='ltr'><strong>et</strong></span> <span class='ocrx_word' id='word_1_622' title='bbox 1889 4555 2015 4611; x_wconf 85' lang='lat' dir='ltr'><strong>inde</strong></span> 
     </span>
    </p>
   </div>
   <div class='ocr_carea' id='block_1_94' title="bbox 437 4646 2016 4727">
    <p class='ocr_par' dir='ltr' id='par_1_94' title="bbox 437 4646 2016 4727">
     <span class='ocr_line' id='line_1_94' title="bbox 437 4646 2016 4727; baseline -0.006 -16"><span class='ocrx_word' id='word_1_623' title='bbox 437 4675 555 4727; x_wconf 62' lang='lat' dir='ltr'><strong>quae</strong></span> <span class='ocrx_word' id='word_1_624' title='bbox 599 4659 817 4713; x_wconf 86' lang='lat' dir='ltr'><strong>libuerit</strong></span> <span class='ocrx_word' id='word_1_625' title='bbox 862 4656 1069 4726; x_wconf 52' lang='lat' dir='ltr'><strong>singula</strong></span> <span class='ocrx_word' id='word_1_626' title='bbox 1122 4664 1375 4708; x_wconf 84' lang='lat' dir='ltr'><strong>accurate</strong></span> <span class='ocrx_word' id='word_1_627' title='bbox 1405 4664 1752 4722; x_wconf 83' lang='lat' dir='ltr'><strong>cognoscere.</strong></span> <span class='ocrx_word' id='word_1_628' title='bbox 1798 4646 2016 4703; x_wconf 81' lang='lat' dir='ltr'><strong>Transit</strong></span> 
     </span>
    </p>
   </div>
   <div class='ocr_carea' id='block_1_95' title="bbox 439 4739 2017 4819">
    <p class='ocr_par' dir='ltr' id='par_1_95' title="bbox 439 4739 2017 4819">
     <span class='ocr_line' id='line_1_95' title="bbox 439 4739 2017 4819; baseline -0.006 -16"><span class='ocrx_word' id='word_1_629' title='bbox 439 4750 600 4819; x_wconf 82' lang='lat' dir='ltr'><strong>igitur</strong></span> <span class='ocrx_word' id='word_1_630' title='bbox 631 4749 698 4804; x_wconf 87' lang='lat' dir='ltr'><strong>ad</strong></span> <span class='ocrx_word' id='word_1_631' title='bbox 740 4763 836 4804; x_wconf 86' lang='lat' dir='ltr'><strong>eos</strong></span> <span class='ocrx_word' id='word_1_632' title='bbox 865 4747 951 4815; x_wconf 85' lang='lat' dir='ltr'><strong>qui</strong></span> <span class='ocrx_word' id='word_1_633' title='bbox 988 4755 1144 4801; x_wconf 82' lang='lat' dir='ltr'><strong>erant</strong></span> <span class='ocrx_word' id='word_1_634' title='bbox 1191 4745 1257 4800; x_wconf 86' lang='lat' dir='ltr'><strong>de</strong></span> <span class='ocrx_word' id='word_1_635' title='bbox 1304 4742 1564 4814; x_wconf 86' lang='lat' dir='ltr'><strong>sanguine</strong></span> <span class='ocrx_word' id='word_1_636' title='bbox 1605 4739 1792 4796; x_wconf 82' lang='lat' dir='ltr'><strong>Israel.</strong></span> <span class='ocrx_word' id='word_1_637' title='bbox 1836 4741 1900 4795; x_wconf 88' lang='lat' dir='ltr'><strong>Et</strong></span> <span class='ocrx_word' id='word_1_638' title='bbox 1931 4740 2017 4794; x_wconf 88' lang='lat' dir='ltr'><strong>Li-</strong></span> 
     </span>
    </p>
   </div>
   <div class='ocr_carea' id='block_1_96' title="bbox 439 4828 2017 4911">
    <p class='ocr_par' dir='ltr' id='par_1_96' title="bbox 439 4828 2017 4911">
     <span class='ocr_line' id='line_1_96' title="bbox 439 4828 2017 4911; baseline -0.004 -18"><span class='ocrx_word' id='word_1_639' title='bbox 439 4843 577 4894; x_wconf 84' lang='lat' dir='ltr'><strong>bano</strong></span> <span class='ocrx_word' id='word_1_640' title='bbox 603 4839 819 4910; x_wconf 80' lang='lat' dir='ltr'><strong>quidem</strong></span> <span class='ocrx_word' id='word_1_641' title='bbox 861 4844 1138 4907; x_wconf 79' lang='lat' dir='ltr'><strong>comparat</strong></span> <span class='ocrx_word' id='word_1_642' title='bbox 1165 4834 1405 4890; x_wconf 62' lang='lat' dir='ltr'><strong>Iudaeam</strong></span> <span class='ocrx_word' id='word_1_643' title='bbox 1436 4851 1451 4886; x_wconf 73' lang='grc' dir='ltr'>ε</span> <span class='ocrx_word' id='word_1_644' title='bbox 1482 4834 1877 4911; x_wconf 81' lang='lat' dir='ltr'><strong>quamobrem?</strong></span> <span class='ocrx_word' id='word_1_645' title='bbox 1922 4828 2017 4886; x_wconf 81' lang='lat' dir='ltr'><strong>Est</strong></span> 
     </span>
    </p>
   </div>
   <div class='ocr_carea' id='block_1_97' title="bbox 440 4925 2016 4986">
    <p class='ocr_par' dir='ltr' id='par_1_97' title="bbox 440 4925 2016 4986">
     <span class='ocr_line' id='line_1_97' title="bbox 440 4925 2016 4986; baseline -0.003 -2"><span class='ocrx_word' id='word_1_646' title='bbox 440 4933 584 4985; x_wconf 78' lang='lat' dir='ltr'><strong>enim</strong></span> <span class='ocrx_word' id='word_1_647' title='bbox 627 4930 868 4986; x_wconf 84' lang='lat' dir='ltr'><strong>Libanus</strong></span> <span class='ocrx_word' id='word_1_648' title='bbox 932 4944 1087 4984; x_wconf 88' lang='lat' dir='ltr'><strong>mons</strong></span> <span class='ocrx_word' id='word_1_649' title='bbox 1139 4929 1352 4984; x_wconf 85' lang='lat' dir='ltr'><strong>decoris</strong></span> <span class='ocrx_word' id='word_1_650' title='bbox 1421 4927 1703 4982; x_wconf 87' lang='lat' dir='ltr'><strong>arboribus</strong></span> <span class='ocrx_word' id='word_1_651' title='bbox 1760 4933 1813 4977; x_wconf 86' lang='lat' dir='ltr'><strong>et</strong></span> <span class='ocrx_word' id='word_1_652' title='bbox 1867 4925 2016 4979; x_wconf 82' lang='lat' dir='ltr'><strong>silvis</strong></span> 
     </span>
    </p>
   </div>
   <div class='ocr_carea' id='block_1_98' title="bbox 439 5018 2017 5090">
    <p class='ocr_par' dir='ltr' id='par_1_98' title="bbox 439 5018 2017 5090">
     <span class='ocr_line' id='line_1_98' title="bbox 439 5018 2017 5090; baseline -0.003 -13"><span class='ocrx_word' id='word_1_653' title='bbox 439 5024 778 5078; x_wconf 86' lang='lat' dir='ltr'><strong>densissimis</strong></span> <span class='ocrx_word' id='word_1_654' title='bbox 810 5021 1152 5090; x_wconf 85' lang='lat' dir='ltr'><strong>conspicuus.</strong></span> <span class='ocrx_word' id='word_1_655' title='bbox 1192 5018 1500 5075; x_wconf 72' lang='lat' dir='ltr'><strong>Iudaeorum</strong></span> <span class='ocrx_word' id='word_1_656' title='bbox 1529 5028 1711 5074; x_wconf 86' lang='lat' dir='ltr'><strong>autem</strong></span> <span class='ocrx_word' id='word_1_657' title='bbox 1742 5019 1886 5088; x_wconf 73' lang='lat' dir='ltr'><strong>regio</strong></span> <span class='ocrx_word' id='word_1_658' title='bbox 1918 5033 2017 5086; x_wconf 83' lang='lat' dir='ltr'><strong>po-</strong></span> 
     </span>
    </p>
   </div>
   <div class='ocr_carea' id='block_1_99' title="bbox 443 5105 2014 5182">
    <p class='ocr_par' dir='ltr' id='par_1_99' title="bbox 443 5105 2014 5182">
     <span class='ocr_line' id='line_1_99' title="bbox 443 5105 2014 5182; baseline -0.002 -19"><span class='ocrx_word' id='word_1_659' title='bbox 443 5112 788 5182; x_wconf 81' lang='lat' dir='ltr'><strong>pulosissima</strong></span> <span class='ocrx_word' id='word_1_660' title='bbox 819 5153 833 5177; x_wconf 93' lang='lat'><strong>,</strong></span> <span class='ocrx_word' id='word_1_661' title='bbox 864 5118 921 5164; x_wconf 90' lang='lat' dir='ltr'><strong>et</strong></span> <span class='ocrx_word' id='word_1_662' title='bbox 952 5106 1445 5163; x_wconf 84' lang='lat' dir='ltr'><strong>inmunerabilibus</strong></span> <span class='ocrx_word' id='word_1_663' title='bbox 1483 5106 1676 5161; x_wconf 91' lang='lat' dir='ltr'><strong>incolis</strong></span> <span class='ocrx_word' id='word_1_664' title='bbox 1710 5105 2014 5176; x_wconf 82' lang='lat' dir='ltr'><strong>frequentis</strong></span> 
     </span>
    </p>
   </div>
   <div class='ocr_carea' id='block_1_100' title="bbox 439 5200 2017 5274">
    <p class='ocr_par' dir='ltr' id='par_1_100' title="bbox 439 5200 2017 5274">
     <span class='ocr_line' id='line_1_100' title="bbox 439 5200 2017 5274; baseline -0.003 -15"><span class='ocrx_word' id='word_1_665' title='bbox 439 5207 600 5272; x_wconf 75' lang='lat' dir='ltr'><strong>sima,</strong></span> <span class='ocrx_word' id='word_1_666' title='bbox 641 5216 693 5260; x_wconf 90' lang='lat' dir='ltr'><strong>et</strong></span> <span class='ocrx_word' id='word_1_667' title='bbox 733 5204 885 5274; x_wconf 83' lang='lat' dir='ltr'><strong>quasi</strong></span> <span class='ocrx_word' id='word_1_668' title='bbox 931 5203 1122 5257; x_wconf 78' lang='lat' dir='ltr'><strong>eedros</strong></span> <span class='ocrx_word' id='word_1_669' title='bbox 1155 5209 1247 5255; x_wconf 88' lang='lat' dir='ltr'><strong>aut</strong></span> <span class='ocrx_word' id='word_1_670' title='bbox 1296 5200 1453 5270; x_wconf 86' lang='lat' dir='ltr'><strong>pinus</strong></span> <span class='ocrx_word' id='word_1_671' title='bbox 1490 5200 1923 5272; x_wconf 78' lang='lat' dir='ltr'><strong>procerissimas,</strong></span> <span class='ocrx_word' id='word_1_672' title='bbox 1963 5208 2017 5254; x_wconf 89' lang='lat' dir='ltr'><strong>et</strong></span> 
     </span>
    </p>
   </div>
   <div class='ocr_carea' id='block_1_101' title="bbox 439 5290 2015 5362">
    <p class='ocr_par' dir='ltr' id='par_1_101' title="bbox 439 5290 2015 5362">
     <span class='ocr_line' id='line_1_101' title="bbox 439 5290 2015 5362; baseline -0.002 -15"><span class='ocrx_word' id='word_1_673' title='bbox 439 5295 561 5350; x_wconf 85' lang='lat' dir='ltr'><strong>aliis</strong></span> <span class='ocrx_word' id='word_1_674' title='bbox 603 5295 772 5362; x_wconf 84' lang='lat' dir='ltr'><strong>magis</strong></span> <span class='ocrx_word' id='word_1_675' title='bbox 814 5293 1084 5357; x_wconf 86' lang='lat' dir='ltr'><strong>visendas,</strong></span> <span class='ocrx_word' id='word_1_676' title='bbox 1137 5292 1469 5358; x_wconf 71' lang='lat' dir='ltr'><strong>sacerdotes,</strong></span> <span class='ocrx_word' id='word_1_677' title='bbox 1522 5292 1761 5361; x_wconf 76' lang='lat' dir='ltr'><strong>inquam,</strong></span> <span class='ocrx_word' id='word_1_678' title='bbox 1804 5299 1858 5345; x_wconf 87' lang='lat' dir='ltr'><strong>et</strong></span> <span class='ocrx_word' id='word_1_679' title='bbox 1903 5290 2015 5344; x_wconf 80' lang='lat' dir='ltr'><strong>suis</strong></span> 
     </span>
    </p>
   </div>
   <div class='ocr_carea' id='block_1_102' title="bbox 441 5381 2020 5454">
    <p class='ocr_par' dir='ltr' id='par_1_102' title="bbox 441 5381 2020 5454">
     <span class='ocr_line' id='line_1_102' title="bbox 441 5381 2020 5454; baseline -0.003 -14"><span class='ocrx_word' id='word_1_680' title='bbox 441 5384 775 5453; x_wconf 83' lang='lat' dir='ltr'><strong>temporibus</strong></span> <span class='ocrx_word' id='word_1_681' title='bbox 809 5398 872 5437; x_wconf 79' lang='lat' dir='ltr'><strong>ex</strong></span> <span class='ocrx_word' id='word_1_682' title='bbox 902 5382 1042 5437; x_wconf 87' lang='lat' dir='ltr'><strong>tribu</strong></span> <span class='ocrx_word' id='word_1_683' title='bbox 1071 5381 1212 5439; x_wconf 88' lang='lat' dir='ltr'><strong>Juda</strong></span> <span class='ocrx_word' id='word_1_684' title='bbox 1258 5393 1570 5454; x_wconf 88' lang='lat' dir='ltr'><strong>regnantes,</strong></span> <span class='ocrx_word' id='word_1_685' title='bbox 1617 5393 1669 5437; x_wconf 92' lang='lat' dir='ltr'><strong>et</strong></span> <span class='ocrx_word' id='word_1_686' title='bbox 1694 5383 1783 5453; x_wconf 84' lang='lat' dir='ltr'><strong>qui</strong></span> <span class='ocrx_word' id='word_1_687' title='bbox 1821 5382 2020 5453; x_wconf 73' lang='lat' dir='ltr'><strong>princi-</strong></span> 
     </span>
    </p>
   </div>
   <div class='ocr_carea' id='block_1_103' title="bbox 434 5474 2013 5546">
    <p class='ocr_par' dir='ltr' id='par_1_103' title="bbox 434 5474 2013 5546">
     <span class='ocr_line' id='line_1_103' title="bbox 434 5474 2013 5546; baseline -0.001 -18"><span class='ocrx_word' id='word_1_688' title='bbox 434 5484 596 5546; x_wconf 81' lang='lat' dir='ltr'><strong>patus</strong></span> <span class='ocrx_word' id='word_1_689' title='bbox 643 5475 976 5531; x_wconf 89' lang='lat' dir='ltr'><strong>ornamentis</strong></span> <span class='ocrx_word' id='word_1_690' title='bbox 1025 5476 1364 5541; x_wconf 88' lang='lat' dir='ltr'><strong>eminentes,</strong></span> <span class='ocrx_word' id='word_1_691' title='bbox 1415 5484 1520 5529; x_wconf 81' lang='lat' dir='ltr'><strong>tota</strong></span> <span class='ocrx_word' id='word_1_692' title='bbox 1566 5475 1843 5545; x_wconf 83' lang='lat' dir='ltr'><strong>provincia</strong></span> <span class='ocrx_word' id='word_1_693' title='bbox 1903 5474 2013 5527; x_wconf 80' lang='grc' dir='ltr'>ιιοιὶ</span> 
     </span>
    </p>
   </div>
   <div class='ocr_carea' id='block_1_104' title="bbox 2111 4468 3692 4544">
    <p class='ocr_par' dir='ltr' id='par_1_104' title="bbox 2111 4468 3692 4544">
     <span class='ocr_line' id='line_1_104' title="bbox 2111 4468 3692 4544; baseline 0 -21"><span class='ocrx_word' id='word_1_694' title='bbox 2111 4468 2220 4523; x_wconf 87' lang='grc' dir='ltr'><strong>τῶν</strong></span> <span class='ocrx_word' id='word_1_695' title='bbox 2249 4468 2671 4540; x_wconf 78' lang='grc' dir='ltr'>συμϐεϐηκότων</span> <span class='ocrx_word' id='word_1_696' title='bbox 2700 4472 2818 4533; x_wconf 84' lang='grc' dir='ltr'>ταῖς</span> <span class='ocrx_word' id='word_1_697' title='bbox 2853 4469 2960 4523; x_wconf 86' lang='grc' dir='ltr'><strong>τῶν</strong></span> <span class='ocrx_word' id='word_1_698' title='bbox 2993 4472 3261 4525; x_wconf 82' lang='grc' dir='ltr'>Ἰουδαίων</span> <span class='ocrx_word' id='word_1_699' title='bbox 3295 4473 3534 4538; x_wconf 71' lang='grc' dir='ltr'>πόλεσιν,</span> <span class='ocrx_word' id='word_1_700' title='bbox 3579 4473 3692 4544; x_wconf 73' lang='grc' dir='ltr'>ἦτοι</span> 
     </span>
    </p>
   </div>
   <div class='ocr_carea' id='block_1_105' title="bbox 2111 4561 3694 4636">
    <p class='ocr_par' dir='ltr' id='par_1_105' title="bbox 2111 4561 3694 4636">
     <span class='ocr_line' id='line_1_105' title="bbox 2111 4561 3694 4636; baseline 0.003 -21"><span class='ocrx_word' id='word_1_701' title='bbox 2111 4561 2326 4632; x_wconf 71' lang='grc' dir='ltr'>δήμοις,</span> <span class='ocrx_word' id='word_1_702' title='bbox 2354 4561 2454 4630; x_wconf 69' lang='grc' dir='ltr'><strong>τῆς</strong></span> <span class='ocrx_word' id='word_1_703' title='bbox 2500 4562 2578 4625; x_wconf 86' lang='grc' dir='ltr'><strong>είς</strong></span> <span class='ocrx_word' id='word_1_704' title='bbox 2622 4562 2855 4632; x_wconf 77' lang='grc' dir='ltr'>Χριστὸν</span> <span class='ocrx_word' id='word_1_705' title='bbox 2890 4562 3053 4617; x_wconf 77' lang='grc' dir='ltr'>ἕνεκα</span> <span class='ocrx_word' id='word_1_706' title='bbox 3085 4565 3394 4636; x_wconf 76' lang='grc' dir='ltr'>παροινίας·</span> <span class='ocrx_word' id='word_1_707' title='bbox 3433 4563 3552 4630; x_wconf 77' lang='grc' dir='ltr'>ἐξὸν</span> <span class='ocrx_word' id='word_1_708' title='bbox 3584 4566 3694 4629; x_wconf 86' lang='grc' dir='ltr'>τοῖς</span> 
     </span>
    </p>
   </div>
   <div class='ocr_carea' id='block_1_106' title="bbox 2113 4652 3693 4727">
    <p class='ocr_par' dir='ltr' id='par_1_106' title="bbox 2113 4652 3693 4727">
     <span class='ocr_line' id='line_1_106' title="bbox 2113 4652 3693 4727; baseline 0.002 -23"><span class='ocrx_word' id='word_1_709' title='bbox 2113 4652 2355 4706; x_wconf 76' lang='grc' dir='ltr'>ἐθέλουσι</span> <span class='ocrx_word' id='word_1_710' title='bbox 2381 4655 2490 4716; x_wconf 76' lang='grc' dir='ltr'>τοῖς</span> <span class='ocrx_word' id='word_1_711' title='bbox 2527 4653 2790 4725; x_wconf 83' lang='grc' dir='ltr'>Ἰωσήπου</span> <span class='ocrx_word' id='word_1_712' title='bbox 2822 4654 3251 4727; x_wconf 70' lang='grc' dir='ltr'>συγγράμμασιν</span> <span class='ocrx_word' id='word_1_713' title='bbox 3276 4657 3540 4726; x_wconf 85' lang='grc' dir='ltr'>ἐντυχεῖν,</span> <span class='ocrx_word' id='word_1_714' title='bbox 3570 4658 3693 4709; x_wconf 85' lang='grc' dir='ltr'>ἁνα-</span> 
     </span>
    </p>
   </div>
   <div class='ocr_carea' id='block_1_107' title="bbox 2117 4743 3691 4815">
    <p class='ocr_par' dir='ltr' id='par_1_107' title="bbox 2117 4743 3691 4815">
     <span class='ocr_line' id='line_1_107' title="bbox 2117 4743 3691 4815; baseline -0.001 -16"><span class='ocrx_word' id='word_1_715' title='bbox 2117 4744 2309 4815; x_wconf 81' lang='grc' dir='ltr'>μαθεῖν</span> <span class='ocrx_word' id='word_1_716' title='bbox 2343 4761 2401 4796; x_wconf 86' lang='grc' dir='ltr'><strong>τε</strong></span> <span class='ocrx_word' id='word_1_717' title='bbox 2433 4743 2640 4812; x_wconf 84' lang='grc' dir='ltr'>σαφῶς,</span> <span class='ocrx_word' id='word_1_718' title='bbox 2685 4743 2826 4815; x_wconf 80' lang='grc' dir='ltr'>ἅπερ</span> <span class='ocrx_word' id='word_1_719' title='bbox 2858 4744 2923 4799; x_wconf 83' lang='grc' dir='ltr'><strong>ἂν</strong></span> <span class='ocrx_word' id='word_1_720' title='bbox 2956 4745 3157 4799; x_wconf 73' lang='grc' dir='ltr'>ἕλοιντο</span> <span class='ocrx_word' id='word_1_721' title='bbox 3184 4745 3415 4810; x_wconf 86' lang='grc' dir='ltr'>λεπτῶς.</span> <span class='ocrx_word' id='word_1_722' title='bbox 3450 4747 3691 4800; x_wconf 63' lang='lat' dir='ltr'><strong>Mesam-</strong></span> 
     </span>
    </p>
   </div>
   <div class='ocr_carea' id='block_1_108' title="bbox 2127 4827 3688 4906">
    <p class='ocr_par' dir='ltr' id='par_1_108' title="bbox 2127 4827 3688 4906">
     <span class='ocr_line' id='line_1_108' title="bbox 2127 4827 3688 4906; baseline -0.001 -20"><span class='ocrx_word' id='word_1_723' title='bbox 2127 4834 2272 4904; x_wconf 72' lang='grc' dir='ltr'>μίξει</span> <span class='ocrx_word' id='word_1_724' title='bbox 2299 4832 2363 4903; x_wconf 85' lang='grc' dir='ltr'>δὴ</span> <span class='ocrx_word' id='word_1_725' title='bbox 2391 4827 2482 4886; x_wconf 80' lang='grc' dir='ltr'><strong>οὖν</strong></span> <span class='ocrx_word' id='word_1_726' title='bbox 2506 4834 2597 4886; x_wconf 76' lang='grc' dir='ltr'><strong>τὸν</strong></span> <span class='ocrx_word' id='word_1_727' title='bbox 2636 4832 2791 4902; x_wconf 80' lang='grc' dir='ltr'>λόγον</span> <span class='ocrx_word' id='word_1_728' title='bbox 2829 4835 2920 4887; x_wconf 76' lang='grc' dir='ltr'>ὲπὶ</span> <span class='ocrx_word' id='word_1_729' title='bbox 2950 4835 3077 4896; x_wconf 74' lang='grc' dir='ltr'>τοὺς</span> <span class='ocrx_word' id='word_1_730' title='bbox 3103 4832 3162 4899; x_wconf 80' lang='grc' dir='ltr'><strong>ἐξ</strong></span> <span class='ocrx_word' id='word_1_731' title='bbox 3193 4833 3424 4906; x_wconf 78' lang='grc' dir='ltr'>αἵματος</span> <span class='ocrx_word' id='word_1_732' title='bbox 3457 4833 3688 4905; x_wconf 79' lang='grc' dir='ltr'>Ἰσραήλ.</span> 
     </span>
    </p>
   </div>
   <div class='ocr_carea' id='block_1_109' title="bbox 2124 4923 3693 4997">
    <p class='ocr_par' dir='ltr' id='par_1_109' title="bbox 2124 4923 3693 4997">
     <span class='ocr_line' id='line_1_109' title="bbox 2124 4923 3693 4997; baseline -0.002 -19"><span class='ocrx_word' id='word_1_733' title='bbox 2124 4926 2233 4978; x_wconf 65' lang='grc' dir='ltr'>Καὶ</span> <span class='ocrx_word' id='word_1_734' title='bbox 2266 4924 2482 4995; x_wconf 77' lang='grc' dir='ltr'>Λιϐάνῳ</span> <span class='ocrx_word' id='word_1_735' title='bbox 2512 4923 2611 4994; x_wconf 78' lang='grc' dir='ltr'><strong>μὲν</strong></span> <span class='ocrx_word' id='word_1_736' title='bbox 2639 4925 2958 4997; x_wconf 78' lang='grc' dir='ltr'>παρεικάζει</span> <span class='ocrx_word' id='word_1_737' title='bbox 2987 4924 3084 4997; x_wconf 83' lang='grc' dir='ltr'><strong>τὴν</strong></span> <span class='ocrx_word' id='word_1_738' title='bbox 3118 4926 3396 4992; x_wconf 87' lang='grc' dir='ltr'>Ἰουδαίαν,</span> <span class='ocrx_word' id='word_1_739' title='bbox 3424 4927 3511 4981; x_wconf 72' lang='grc' dir='ltr'>διὰ</span> <span class='ocrx_word' id='word_1_740' title='bbox 3541 4927 3693 4980; x_wconf 74' lang='grc' dir='ltr'>ποίαν</span> 
     </span>
    </p>
   </div>
   <div class='ocr_carea' id='block_1_110' title="bbox 2126 4999 3693 5090">
    <p class='ocr_par' dir='ltr' id='par_1_110' title="bbox 2126 4999 3693 5090">
     <span class='ocr_line' id='line_1_110' title="bbox 2126 4999 3693 5090; baseline -0.001 -20"><span class='ocrx_word' id='word_1_741' title='bbox 2126 5017 2337 5084; x_wconf 86' lang='grc' dir='ltr'>αἰτίαν;</span> <span class='ocrx_word' id='word_1_742' title='bbox 2386 5015 2622 5085; x_wconf 78' lang='grc' dir='ltr'>Εὕξυλον</span> <span class='ocrx_word' id='word_1_743' title='bbox 2653 5018 2750 5087; x_wconf 74' lang='grc' dir='ltr'><strong>μὲν</strong></span> <span class='ocrx_word' id='word_1_744' title='bbox 2794 5019 2901 5088; x_wconf 79' lang='grc' dir='ltr'><strong>γὰρ</strong></span> <span class='ocrx_word' id='word_1_745' title='bbox 2936 5018 3061 5090; x_wconf 80' lang='grc' dir='ltr'>ὄρος</span> <span class='ocrx_word' id='word_1_746' title='bbox 3086 5021 3113 5073; x_wconf 86' lang='grc' dir='ltr'><strong>ό</strong></span> <span class='ocrx_word' id='word_1_747' title='bbox 3146 5016 3404 5084; x_wconf 87' lang='grc' dir='ltr'>Λίϐανος,</span> <span class='ocrx_word' id='word_1_748' title='bbox 3444 4999 3539 5073; x_wconf 67' lang='grc' dir='ltr'><strong>κάι</strong></span> <span class='ocrx_word' id='word_1_749' title='bbox 3574 5019 3693 5090; x_wconf 86' lang='grc' dir='ltr'>δρυ-</span> 
     </span>
    </p>
   </div>
   <div class='ocr_carea' id='block_1_111' title="bbox 2121 5109 3691 5183">
    <p class='ocr_par' dir='ltr' id='par_1_111' title="bbox 2121 5109 3691 5183">
     <span class='ocr_line' id='line_1_111' title="bbox 2121 5109 3691 5183; baseline -0.001 -21"><span class='ocrx_word' id='word_1_750' title='bbox 2121 5111 2241 5181; x_wconf 84' lang='grc' dir='ltr'>μοῖς</span> <span class='ocrx_word' id='word_1_751' title='bbox 2292 5109 2634 5179; x_wconf 71' lang='grc' dir='ltr'>ἀμφιλαφέσι</span> <span class='ocrx_word' id='word_1_752' title='bbox 2681 5110 3015 5182; x_wconf 79' lang='grc' dir='ltr'>κατάκομον.</span> <span class='ocrx_word' id='word_1_753' title='bbox 3062 5111 3598 5183; x_wconf 83' lang='grc' dir='ltr'>Πολυανθρωποτάτη</span> <span class='ocrx_word' id='word_1_754' title='bbox 3639 5109 3691 5161; x_wconf 77' lang='grc' dir='ltr'>δὲ</span> 
     </span>
    </p>
   </div>
   <div class='ocr_carea' id='block_1_112' title="bbox 2118 5200 3692 5276">
    <p class='ocr_par' dir='ltr' id='par_1_112' title="bbox 2118 5200 3692 5276">
     <span class='ocr_line' id='line_1_112' title="bbox 2118 5200 3692 5276; baseline -0.003 -21"><span class='ocrx_word' id='word_1_755' title='bbox 2118 5202 2212 5255; x_wconf 69' lang='grc' dir='ltr'>καὶ</span> <span class='ocrx_word' id='word_1_756' title='bbox 2242 5202 2275 5272; x_wconf 83' lang='grc' dir='ltr'>ἡ</span> <span class='ocrx_word' id='word_1_757' title='bbox 2309 5200 2415 5255; x_wconf 90' lang='grc' dir='ltr'><strong>τῶν</strong></span> <span class='ocrx_word' id='word_1_758' title='bbox 2451 5201 2722 5256; x_wconf 79' lang='grc' dir='ltr'>Ἰουδαίων</span> <span class='ocrx_word' id='word_1_759' title='bbox 2765 5201 2950 5275; x_wconf 84' lang='grc' dir='ltr'>χώρα,</span> <span class='ocrx_word' id='word_1_760' title='bbox 2997 5203 3090 5256; x_wconf 78' lang='grc' dir='ltr'><strong>καὶ</strong></span> <span class='ocrx_word' id='word_1_761' title='bbox 3130 5201 3366 5276; x_wconf 81' lang='grc' dir='ltr'>ἀριθμοῦ</span> <span class='ocrx_word' id='word_1_762' title='bbox 3416 5202 3692 5274; x_wconf 84' lang='grc' dir='ltr'>κρείττονα</span> 
     </span>
    </p>
   </div>
   <div class='ocr_carea' id='block_1_113' title="bbox 2117 5293 3733 5367">
    <p class='ocr_par' dir='ltr' id='par_1_113' title="bbox 2117 5293 3733 5367">
     <span class='ocr_line' id='line_1_113' title="bbox 2117 5293 3733 5367; baseline 0 -21"><span class='ocrx_word' id='word_1_763' title='bbox 2117 5293 2216 5364; x_wconf 78' lang='grc' dir='ltr'><strong>τὴν</strong></span> <span class='ocrx_word' id='word_1_764' title='bbox 2249 5294 2360 5347; x_wconf 83' lang='grc' dir='ltr'><strong>τῶν</strong></span> <span class='ocrx_word' id='word_1_765' title='bbox 2406 5294 2757 5347; x_wconf 80' lang='grc' dir='ltr'>ἐνοικούντων</span> <span class='ocrx_word' id='word_1_766' title='bbox 2808 5294 3006 5366; x_wconf 74' lang='grc' dir='ltr'>ἔχουσα</span> <span class='ocrx_word' id='word_1_767' title='bbox 3055 5296 3282 5367; x_wconf 77' lang='grc' dir='ltr'>πληθὺν,</span> <span class='ocrx_word' id='word_1_768' title='bbox 3330 5296 3425 5350; x_wconf 73' lang='grc' dir='ltr'><strong>καὶ</strong></span> <span class='ocrx_word' id='word_1_769' title='bbox 3464 5293 3576 5349; x_wconf 76' lang='grc' dir='ltr'>οἷον</span> <span class='ocrx_word' id='word_1_770' title='bbox 3610 5293 3693 5347; x_wconf 79' lang='grc' dir='ltr'><strong>κέ-</strong></span> <span class='ocrx_word' id='word_1_771' title='bbox 3721 5311 3733 5318; x_wconf 89' lang='grc'><strong>·</strong></span> 
     </span>
    </p>
   </div>
   <div class='ocr_carea' id='block_1_114' title="bbox 2118 5384 3693 5458">
    <p class='ocr_par' dir='ltr' id='par_1_114' title="bbox 2118 5384 3693 5458">
     <span class='ocr_line' id='line_1_114' title="bbox 2118 5384 3693 5458; baseline -0.001 -21"><span class='ocrx_word' id='word_1_772' title='bbox 2118 5385 2277 5455; x_wconf 85' lang='grc' dir='ltr'>δρους</span> <span class='ocrx_word' id='word_1_773' title='bbox 2309 5384 2343 5455; x_wconf 81' lang='grc' dir='ltr'>ἢ</span> <span class='ocrx_word' id='word_1_774' title='bbox 2401 5385 2560 5450; x_wconf 84' lang='grc' dir='ltr'>πίτυς</span> <span class='ocrx_word' id='word_1_775' title='bbox 2590 5386 3024 5458; x_wconf 71' lang='grc' dir='ltr'>εὐμηκεστάτας,</span> <span class='ocrx_word' id='word_1_776' title='bbox 3052 5387 3178 5452; x_wconf 85' lang='grc' dir='ltr'>τοὺς</span> <span class='ocrx_word' id='word_1_777' title='bbox 3206 5387 3313 5441; x_wconf 89' lang='grc' dir='ltr'><strong>τῶν</strong></span> <span class='ocrx_word' id='word_1_778' title='bbox 3343 5387 3517 5443; x_wconf 82' lang='grc' dir='ltr'>ἄλλων</span> <span class='ocrx_word' id='word_1_779' title='bbox 3546 5402 3693 5454; x_wconf 82' lang='grc' dir='ltr'>περι-</span> 
     </span>
    </p>
   </div>
   <div class='ocr_carea' id='block_1_115' title="bbox 2124 5475 3693 5549">
    <p class='ocr_par' dir='ltr' id='par_1_115' title="bbox 2124 5475 3693 5549">
     <span class='ocr_line' id='line_1_115' title="bbox 2124 5475 3693 5549; baseline -0.001 -19"><span class='ocrx_word' id='word_1_780' title='bbox 2124 5475 2521 5547; x_wconf 75' lang='grc' dir='ltr'>φανεστέρους,</span> <span class='ocrx_word' id='word_1_781' title='bbox 2569 5477 2749 5547; x_wconf 80' lang='grc' dir='ltr'>ἱερέας</span> <span class='ocrx_word' id='word_1_782' title='bbox 2797 5479 2854 5531; x_wconf 80' lang='grc' dir='ltr'><strong>τέ</strong></span> <span class='ocrx_word' id='word_1_783' title='bbox 2905 5497 3046 5549; x_wconf 76' lang='grc' dir='ltr'>φημι</span> <span class='ocrx_word' id='word_1_784' title='bbox 3096 5480 3187 5533; x_wconf 73' lang='grc' dir='ltr'><strong>καὶ</strong></span> <span class='ocrx_word' id='word_1_785' title='bbox 3236 5480 3362 5543; x_wconf 75' lang='grc' dir='ltr'>τοὺς</span> <span class='ocrx_word' id='word_1_786' title='bbox 3414 5481 3477 5533; x_wconf 81' lang='grc' dir='ltr'>ἐκ</span> <span class='ocrx_word' id='word_1_787' title='bbox 3529 5477 3693 5547; x_wconf 74' lang='grc' dir='ltr'>φυλῆς</span> 
     </span>
    </p>
   </div>
   <div class='ocr_carea' id='block_1_116' title="bbox 517 5636 2114 5726">
    <p class='ocr_par' dir='ltr' id='par_1_116' title="bbox 517 5636 2114 5726">
     <span class='ocr_line' id='line_1_116' title="bbox 517 5636 2114 5726; baseline -0.003 -15"><span class='ocrx_word' id='word_1_788' title='bbox 517 5646 559 5676; x_wconf 74' lang='grc'><strong>’⁷</strong></span> <span class='ocrx_word' id='word_1_789' title='bbox 585 5657 726 5711; x_wconf 68' lang='lat' dir='ltr'><strong>Psul.</strong></span> <span class='ocrx_word' id='word_1_790' title='bbox 760 5659 1081 5726; x_wconf 64' lang='lat' dir='ltr'><strong>cuum—5.</strong></span> <span class='ocrx_word' id='word_1_791' title='bbox 1163 5659 1209 5691; x_wconf 81' lang='grc'><strong>⁸⁸</strong></span> <span class='ocrx_word' id='word_1_792' title='bbox 1232 5658 1394 5714; x_wconf 73' lang='lat' dir='ltr'><strong>Ilcbr.</strong></span> <span class='ocrx_word' id='word_1_793' title='bbox 1429 5675 1486 5723; x_wconf 82' lang='grc' dir='ltr'><strong>ιι,</strong></span> <span class='ocrx_word' id='word_1_794' title='bbox 1524 5636 1604 5711; x_wconf 63' lang='lat' dir='ltr'><strong>lii.</strong></span> <span class='ocrx_word' id='word_1_795' title='bbox 1685 5656 1889 5709; x_wconf 73' lang='lat' dir='ltr'><strong>“l’stl.</strong></span> <span class='ocrx_word' id='word_1_796' title='bbox 1921 5673 2041 5721; x_wconf 65' lang='lat' dir='ltr'><strong>XLV,</strong></span> <span class='ocrx_word' id='word_1_797' title='bbox 2069 5654 2114 5706; x_wconf 78' lang='grc' dir='ltr'>Ι.</span> 
     </span>
    </p>
   </div>
   <div class='ocr_carea' id='block_1_117' title="bbox 1999 5792 2015 5819">
    <p class='ocr_par' dir='ltr' id='par_1_117' title="bbox 1999 5792 2015 5819">
     <span class='ocr_line' id='line_1_117' title="bbox 1999 5792 2015 5819; baseline 0 0"><span class='ocrx_word' id='word_1_798' title='bbox 1999 5792 2015 5819; x_wconf 83' lang='lat'><strong>\</strong></span> 
     </span>
    </p>
   </div>
  </div>
