3934 6318
453 361 556 416 l79

1482 359 1541 413 S.
1587 355 1866 435 ωἰιιιιι
1908 354 2380 411 ΑιΕΧΑΝυιιιΝι
2422 356 2742 412 ΑΙὶΕΗΙΕΡ.

3621 351 3717 407 180

450 493 693 547 tpsorum
749 476 1204 545 magniﬁcentiam
1240 485 1487 531 testatur.
1532 475 1680 533 Facti
1716 489 1841 533 sunt
1882 476 2024 529 cnim

2135 493 2298 547 ρηκεν
2340 480 2372 547 ἡ
2419 475 2764 547 μεγαλοσύνη
2797 470 2997 527 αὐτῶν.
3038 468 3299 535 Γεγόνασι
3343 466 3451 537 γὰρ
3482 467 3715 534 οἰκτροὶ,

453 570 793 624 miserabiles
834 580 890 625 et
922 567 1141 637 abiecti,
1178 569 1474 639 miserique
1496 581 1549 625 et
1583 571 2024 641 despicatissimi,

450 663 698 731 quamvis
737 661 865 716 olim
907 661 1202 716 honoribus
1232 662 1692 717 circuudlucrcnt.
1733 662 2026 732 Postquam

451 756 595 806 enim
641 763 1004 822 apparuerunt
1033 762 1278 821 pastores
1315 769 1409 822 per
1440 755 1738 821 Christum,
1806 756 1907 808 hoc
1945 765 2027 808 est

452 845 616 899 divini
649 845 922 915 discipuli,
957 849 1151 901 merito
1180 845 1436 902 falsorum
1463 861 1739 918 pastorum
1776 850 2026 918 magniﬁ-

453 938 632 991 centia
676 937 894 991 redacta
940 946 1023 991 est
1070 939 1138 991 ad
1194 938 1491 994 miseriam.
1536 940 1839 995 Accusabat
1883 944 2026 994 enim

451 1042 548 1081 eos
596 1026 776 1095 gregis
834 1025 1094 1082 Dominus
1153 1044 1248 1098 per
1306 1031 1595 1099 pr0pltetas
1642 1042 1896 1097 sanctos,
1954 1032 2025 1084 ita

454 1120 681 1188 loquens
708 1138 721 1172 :
763 1139 779 1170 ι
812 1117 858 1175 0
888 1129 1131 1188 pastores
1166 1121 1537 1192 dispergentes
1570 1135 1624 1178 et
1653 1124 2028 1192 disperdentes

452 1227 582 1267 oves
612 1227 826 1281 pascua:
868 1228 1053 1268 eorum
1077 1215 1144 1269 θ’.
1179 1233 1199 1267 ι
1235 1214 1301 1268 Et
1341 1216 1585 1270 iterum:
1620 1234 1639 1268 ι
1673 1216 1807 1283 Quia
1848 1228 2030 1287 pasto-

457 1319 542 1356 res
587 1304 747 1359 stulte
801 1315 1050 1376 egerunt,
1104 1318 1158 1360 et
1205 1307 1488 1361 Dominum
1543 1324 1643 1361 non
1675 1312 2027 1376 quaesierunt,

457 1404 678 1461 propter
712 1394 814 1449 hoc
852 1411 958 1450 non
995 1397 1258 1451 intellexit
1290 1400 1467 1452 omnis
1495 1414 1645 1466 grex,
1678 1410 1730 1454 et
1758 1402 2030 1470 dispersus

420 1484 630 1539 .esl".
673 1503 692 1535 ι
750 1485 1022 1541 Promittit
1085 1496 1266 1541 autem
1322 1488 1669 1542 credentibus
1730 1490 1782 1542 in
1852 1490 2026 1555 ipsum

455 1591 743 1643 germanos
786 1589 1033 1646 pastores
1077 1580 1350 1646 daturum,
1397 1579 1475 1635 sic
1512 1595 1723 1634 rursum
1752 1580 1912 1651 757
1949 1582 2031 1635 di-

455 1684 585 1722 cens
626 1687 691 1723 τι
726 1668 795 1723 Ει
835 1671 1085 1726 inducam
1132 1687 1227 1726 vos
1275 1673 1326 1726 in
1378 1671 1544 1737 Sion,
1604 1682 1658 1727 et
1700 1675 1837 1727 dabo
1883 1674 2033 1729 vobis

456 1769 697 1827 pastores
724 1761 1017 1815 secundum
1046 1779 1138 1817 cor
1168 1779 1368 1829 meum,
1398 1773 1452 1818 et
1484 1776 1704 1830 pascent
1729 1780 1821 1820 vos
1845 1776 2029 1836 pasto-

459 1868 545 1905 rcs
573 1870 693 1906 cum
732 1870 773 1907 s:
796 1854 958 1909 ientia
984 1854 1049 1909 σε.
1087 1874 1104 1907 ι
1148 1857 1375 1923 Quinam
1407 1857 1529 1911 isti?
1558 1858 1732 1912 Divini
1759 1859 2028 1928 discipuli,

455 1955 509 1996 ιιι
557 1945 918 1999 Ευριιιεὶεηυιιι
969 1948 1084 2001 suis
1141 1949 1342 2017 quique
1391 1949 1723 2019 temporibus
1776 1951 2033 2021 prresidcs

455 2046 621 2105 atque
668 2047 929 2101 rectores,
985 2056 1003 2088 ι
1037 2048 1184 2093 recte
1228 2049 1530 2096 tractantes
1570 2042 1789 2096 verbum
1837 2042 2034 2096 verita-

459 2128 614 2192 tis",
648 2147 667 2182 ι
718 2137 772 2183 et
806 2131 898 2198 qui
952 2130 1131 2184 sciant
1173 2132 1479 2202 subjectum
1545 2134 1645 2189 sibi
1692 2149 1910 2205 gregem
1964 2136 2030 2188 ad

457 2222 706 2290 quamvis
761 2220 1046 2275 utilitatem
1107 2222 1443 2292 spiritualetn
1502 2227 1787 2279 deducere.
1848 2224 2032 2294 Itaque

456 2313 728 2367 lamentati
752 2325 876 2368 sunt
901 2314 1018 2369 falsi
1043 2324 1307 2383 pastoreS,
1339 2318 1460 2386 quia
1487 2318 1539 2371 iu
1566 2319 1837 2373 miseriam
1870 2320 2034 2373 vertit

454 2422 642 2461 eorum
688 2407 1117 2482 magnificentia,
1161 2408 1209 2462 id
1252 2411 1392 2479 quod
1434 2411 1588 2465 nobis
1625 2420 1679 2465 et
1722 2411 1826 2465 alio
1872 2414 2030 2467 modo

453 2500 748 2570 signiﬁcat,
774 2500 1096 2568 adjungeus:
1116 2519 1135 2551 ι
1161 2500 1271 2555 Vox
1295 2501 1619 2571 rugientium
1648 2503 1886 2567 leonum,
1905 2506 2028 2571 quia

453 2592 619 2646 miser
672 2590 849 2646 factus
894 2600 978 2645 est
1027 2590 1282 2646 fremitus
1322 2590 1594 2646 Iordanis.
1631 2612 1649 2644 ι
1706 2592 1838 2649 Vere
1885 2596 2028 2649 enim

455 2682 660 2751 rugitus
694 2691 778 2737 est
824 2682 1039 2737 leonum
1083 2697 1210 2746 vos,
1255 2696 1417 2752 quam
1465 2685 1657 2746 edunt,
1692 2696 1911 2754 propter
1960 2688 2032 2741 fa-

452 2789 616 2837 mem,
644 2781 699 2826 et
723 2773 845 2843 quia
884 2773 1007 2828 cibo
1030 2781 1215 2829 carent
1255 2773 1551 2843 plorantes.
1586 2775 1652 2830 Et
1685 2777 1749 2831 de
1783 2778 2030 2835 leonibus

450 2868 615 2922 etiam
648 2867 830 2921 divina
864 2865 1148 2936 Scriptura
1188 2866 1269 2921 sic
1307 2866 1571 2936 loquitur.
1599 2870 1877 2939 Comperti
1906 2885 2031 2927 sunt

452 2960 617 3027 igitur
661 2957 1009 3014 Judaieorum
1040 2959 1293 3015 ordinum
1328 2961 1601 3030 principes
1628 2973 1685 3016 ut
1715 2963 1895 3019 leones
1941 2982 2030 3019 ru-

449 3051 683 3121 gientes,
711 3052 1015 3107 esurientes
1070 3061 1125 3106 et
1146 3053 1443 3122 plorantes,
1470 3060 1610 3125 quod
1641 3072 1744 3111 non
1772 3058 2031 3113 haberent

2134 570 2228 622 καὶ
2264 568 2714 641 κατερῤιμμένοι,
2740 564 2959 620 ἐλεεινοί
2986 580 3043 616 τε
3079 562 3173 616 καὶ
3204 557 3558 629 ἁτιμὼτατοι,
3594 559 3711 612 καί.

2131 678 2212 714 τοι
2260 661 2426 714 πάλαι
2482 658 2957 733 περιφανεστέραν
3017 656 3231 727 ἔχοντες
3276 654 3455 717 δόξαν.
3499 654 3717 723 Ἐπειδὴ

2134 753 2242 824 γὰρ
2277 754 2664 823 ἀνεδείχθησαν
2709 753 2759 805 οἱ
2803 750 2893 804 διὰ
2933 746 3173 819 Χριστοῦ
3225 743 3519 816 ποιμένες,
3565 762 3719 799 τουτο

2135 845 2302 909 ἐστιν,
2331 847 2381 897 oi
2422 845 2696 897 θεσπέσιοι
2743 842 3013 913 μαθηταὶ,
3056 837 3541 908 τεταλαιπὼρηκεν
3574 836 3714 890 εἰκό-

2132 955 2238 1001 τως
2269 941 2302 1009 ἡ
2338 938 2445 991 τῶν
2477 936 2916 1007 ψευδοποιμένων
2963 932 3327 1004 μεγαλοσύνη.
3367 932 3586 1003 ᾘτιᾶτο
3620 930 3718 1000 μὲν

2134 1029 2242 1101 γὰρ
2282 1029 2478 1093 αὐτοὺς
2511 1031 2538 1081 ὁ
2565 1029 2665 1099 τῆς
2696 1028 2895 1098 ἀγέλης
2931 1026 3241 1093 Δεσπότης.
3290 1023 3379 1078 διὰ
3420 1022 3718 1094 προφητῶν

2136 1121 2305 1189 ἁγίων
2346 1120 2487 1174 οὕτω
2519 1120 2724 1187 λέγων·
2766 1138 2785 1171 ι
2812 1114 2883 1170 Ὦ
2913 1119 2963 1171 oi
3010 1115 3271 1187 ποιμένες
3323 1114 3373 1167 oi
3402 1113 3719 1184 διασκορπί-⁴

2132 1212 2317 1278 ζοντες
2361 1214 2457 1266 καὶ
2498 1212 2827 1276 ἀπολλύντες
2872 1211 2943 1265 τὰ
2978 1210 3224 1281 πρόῆατα
3264 1209 3363 1279 τῆς
3405 1207 3576 1278 νομῆς
3624 1206 3721 1259 αύ-

2130 1306 2258 1359 τῶν.
2285 1325 2302 1357 ι
2343 1307 2452 1359 Καὶ
2488 1305 2647 1360 πάλιν
2670 1323 2682 1335 ·
2719 1324 2737 1357 ι
2770 1306 2896 1359 Ὀτι
2924 1304 2977 1356 οί
3007 1301 3265 1373 ποιμένες
3291 1298 3717 1370 ἠφρονεύσαντο,

2134 1398 2226 1450 καὶ
2263 1396 2355 1449 τὸν
2389 1396 2589 1467 Κύριον
2618 1397 2717 1450 οὐκ
2750 1396 3022 1466 ἐζήτησαν
3044 1412 3055 1425 ·
3092 1394 3179 1447 διὰ
3210 1393 3366 1448 τοῦτο
3395 1394 3493 1446 οὐκ
3528 1392 3719 1462 ἐνόησε

2133 1492 2283 1544 πᾶσα
2314 1494 2345 1562 ἡ
2381 1492 2551 1561 νομὴ,
2593 1492 2687 1544 καὶ
2727 1489 3136 1560 διεσκορπίσθη.
3163 1507 3181 1539 ι
3226 1486 3624 1557 Ἐπηγγὲλλετο
3665 1484 3721 1539 δὲ

2133 1586 2244 1649 τοῖς
2273 1586 2350 1647 είς
2393 1583 2557 1637 αὑτὸν
2596 1582 2912 1636 πιστεύουσι
2959 1582 3086 1645 τοὺς
3129 1580 3383 1650 γνησίους
3421 1576 3721 1642 ἀναδείξειν

2134 1677 2414 1748 ποιμένας,
2442 1676 2585 1730 οὕτω
2617 1675 2778 1729 πάλιν
2809 1673 2998 1728 εἰπών·
3038 1693 3056 1726 ι
3085 1674 3195 1726 Καὶ
3226 1671 3426 1736 εἰσάξω
3462 1671 3607 1740 ὑμᾶς
3641 1670 3720 1733 είς

2136 1767 2293 1832 Σιὼν,
2342 1768 2436 1823 καὶ
2483 1767 2638 1821 δώσω
2674 1768 2800 1837 ὑμῖν
2849 1765 3110 1836 ποιμένας
3157 1763 3299 1817 κατά
3345 1764 3443 1832 τὴν
3495 1760 3720 1832 καρδίαν

2139 1878 2262 1931 μου,
2304 1860 2398 1914 καὶ
2442 1857 2800 1930 ποιμανοῦσιν
2834 1858 2978 1927 ὑμᾶς
3023 1854 3401 1925 ποιμαίνοντες
3440 1851 3553 1922 μετ’
3597 1853 3721 1903 ἐπι-

2137 1954 2369 2024 στήμης.
2398 1972 2417 2004 ι
2452 1951 2606 2015 Τίνες
2636 1950 2693 2004 δὲ
2725 1942 2892 2017 οὗτος
2927 1950 2990 2002 0i
3024 1946 3303 2000 θεσπέσιοι
3336 1944 3598 2016 μαθηταὶ,
3629 1943 3721 1995 καὶ

2134 2047 2182 2097 οἱ
2224 2043 2331 2096 τῶν
2387 2042 2721 2111 Ἐκκλησιῶν
2760 2040 2901 2095 κατὰ
2947 2038 3173 2111 καιῳὺς
3225 2036 3539 2108 ἡγούμενοι,
3578 2054 3597 2086 ι
3629 2033 3720 2086 τίον

2132 2137 2234 2206 τῆς
2281 2135 2538 2206 ἀληθείας
2589 2131 3015 2206 όρθοτομοῦντες
3061 2131 3238 2200 λόγον,
3266 2148 3284 2181 ι
3338 2131 3432 2182 καὶ
3479 2128 3559 2190 εἰς
3611 2128 3722 2181 πᾶν

2133 2229 2310 2282 ὁτιοῦν
2356 2228 2462 2281 τῶν
2496 2226 2795 2281 τελούντων
2829 2227 2908 2289 εἰς
2941 2225 3125 2294 ὄνησιν
3171 2223 3268 2293 τὴν
3320 2217 3718 2291 πνευματικὴν,

2133 2323 2491 2393 ἀποκομίζειν
2515 2322 2714 2384 εἰδότες
2740 2323 2808 2374 τὰ
2836 2319 2940 2374 ὑπὸ
2971 2322 3128 2389 χεῖρα
3159 2315 3472 2387 θρέμματα.
3509 2309 3720 2363 Οὐκοῦν

2132 2416 2531 2487 τεθρηνήκασιν
2561 2415 2610 2466 οἱ
2646 2413 3094 2484 ψευδοποίμενες,
3123 2410 3206 2462 ὅτι
3236 2401 3721 2475 τεταλαιπώρηκεν

2134 2510 2165 2577 ἡ
2202 2506 2543 2577 μεγαλοσύνη
2583 2505 2763 2559 αὐτῶν
2791 2522 2804 2536 ·
2856 2503 3111 2576 σημαίνει
3161 2502 3218 2554 δὲ
3260 2498 3417 2553 τοῦτο
3459 2497 3550 2550 καὶ
3595 2494 3719 2547 καθ’

2131 2600 2316 2669 ἕτερον
2362 2599 2565 2670 τρόπον
2598 2600 2750 2669 ἡμῖν,
2797 2598 3074 2668 ἐπιφέρων
3098 2613 3111 2626 ·
3154 2614 3171 2646 ι
3199 2592 3353 2659 Φωνὴ
3388 2589 3721 2671 ὠρυομένων

2132 2692 2377 2758 λεόντων,
2405 2693 2487 2746 ὅτι
2512 2689 2965 2762 τεταλαιπὼρηκε
2998 2689 3058 2744 τὸ
3089 2687 3356 2759 φρύαγμα
3388 2682 3484 2737 τοῦ
3522 2680 3721 2749 Ἰορδά-

2132 2800 2242 2835 νου.
2271 2802 2288 2834 ›
2329 2782 2597 2852 Ὠρυγμὸς
2629 2781 2728 2853 μὲν
2760 2781 2870 2851 γάρ
2899 2782 3014 2833 ἐστι
3044 2778 3249 2850 κυρίως
3281 2778 3312 2846 ἡ
3340 2774 3451 2828 τῶν
3488 2773 3723 2827 λεόντων

2132 2872 2318 2943 φωνὴ,
2360 2873 2427 2943 ἢν
2476 2872 2541 2925 ἂν
2578 2874 2834 2937 ποιοῖντο,
2879 2869 3160 2931 κλαίοντες
3207 2867 3297 2918 ἐπὶ
3344 2861 3486 2934 λιμῷ
3518 2879 3575 2914 τε
3626 2862 3724 2914 καὶ

2133 2965 2337 3036 ἀσιτίᾳ.
2386 2965 2612 3034 Δέχεται
2650 2964 2707 3017 δὲ
2754 2962 2913 3016 τοῦτο
2957 2962 3052 3015 καὶ
3097 2962 3190 3011 ἐπὶ
3244 2958 3471 3010 λεόντων
3509 2957 3542 3026 ἡ
3598 2952 3720 3006 Θεία

2131 3057 2346 3130 Γραφή.
2410 3055 2824 3127 Κατεφωρῶντο
2878 3052 3056 3107 τοίνυν
3130 3053 3179 3103 oi
3234 3049 3343 3101 τῶν
3400 3046 3723 3101 Ἰουδαϊκῶν

449 3160 480 3198 a
538 3145 753 3217 populis
798 3145 1135 3210 oblationes,
1199 3148 1467 3213 decimas,
1519 3149 1828 3220 primitias,
1886 3154 2025 3208 dona

2135 3149 2530 3220 προεστηκότες
2556 3146 2853 3215 ταγμάτων
2882 3145 2957 3207 ὡς
2992 3143 3204 3203 λέοντες
3231 3138 3556 3210 ὠρυόμενοι,
3601 3153 3725 3189 πει-υ

450 3236 590 3306 grati
622 3236 807 3289 animi.
840 3234 1135 3306 Postquam
1175 3239 1320 3292 enim
1357 3257 1573 3311 gregem
1610 3244 1930 3308 amiserunt,
1965 3248 2030 3302 de

451 3336 648 3381 caetero
680 3325 887 3388 fenore.
912 3330 1052 3397 quod
1083 3344 1146 3383 cx
1196 3345 1261 3384 eo
1294 3332 1601 3400 capiebant,
1647 3336 1878 3390 recreati
1923 3354 2027 3391 non

450 3427 595 3470 sunt.

521 3600 674 3664 Quod
717 3599 763 3654 si
808 3601 929 3670 quis
971 3612 1225 3666 censeat,
1268 3604 1429 3658 etiam
1474 3606 1641 3661 instar
1682 3608 1895 3663 leonum
1942 3626 2030 3663 ru-

448 3693 613 3758 giisse
646 3702 837 3748 contra
875 3692 1151 3749 Christum
1192 3695 1415 3752 Scribas
1449 3709 1504 3753 et
1544 3698 1845 3757 Pltarisaeos
1882 3702 2031 3773 (cla-

452 3784 670 3839 mabant
698 3785 843 3841 enim
878 3786 932 3841 in
964 3789 1163 3854 ipsum,
1195 3798 1251 3843 et
1284 3804 1439 3846 voces
1466 3806 1533 3846 ex
1564 3792 1690 3848 odio
1718 3804 1771 3849 et
1804 3795 2027 3859 invidia,

447 3886 502 3931 et
527 3892 673 3931 mers
701 3878 909 3933 insania
934 3879 1224 3945 iaciebant,
1254 3880 1656 3940 Samaritanutn
1679 3886 1744 3955 “,
1770 3896 1825 3943 et
1848 3890 2029 3944 ebrio--

448 3985 590 4034 sum,
604 3977 657 4024 ct
672 3985 736 4024 ex
757 3969 1111 4027 fornicatione
1129 3982 1310 4028 natum
1325 3975 1368 4007 "'
1382 3976 1728 4046 afﬁrmantes,
1745 3988 1799 4035 et
1816 3999 1836 4033 ι
1858 3981 2028 4047 Tolle,

447 4062 603 4126 tolle,
643 4062 899 4133 crucifige
918 4059 979 4127 ⁸⁸,
1028 4082 1047 4117 ι
1084 4066 1390 4141 dicentes),
1433 4070 1798 4127 verisimiliter
1833 4074 2031 4130 sentiet

447 4154 610 4207 etiam
655 4153 761 4208 hic.
800 4153 1184 4211 Verumtamen
1226 4159 1474 4227 quamvis
1516 4175 1680 4230 super
1715 4179 1779 4218 eo
1823 4166 2029 4233 rugitus

445 4244 712 4309 dederint,
742 4243 868 4299 facti
903 4255 1027 4300 sunt
1062 4249 1246 4304 miseri
1282 4266 1386 4304 non
1425 4253 1792 4322 mediocriter,
1830 4272 1849 4306 ι
1892 4257 2026 4321 Quia

447 4337 614 4390 miser
646 4337 822 4392 factus
845 4350 927 4393 est
951 4337 1197 4396 fremitus
1228 4342 1500 4397 Jordanis.
1527 4362 1546 4395 ι
1586 4345 1735 4411 Quod
1772 4346 1898 4416 quid
1924 4348 2026 4403 sibi

446 4430 593 4493 velit,
619 4429 793 4483 dicam
818 4446 1050 4501 quoque.
1081 4434 1397 4489 Prteterlluit
1418 4435 1670 4493 Jordanis
1696 4438 2025 4495 Hierichun-

2137 3242 2334 3305 νῶντές
2362 3258 2420 3293 τε
2447 3240 2540 3293 καὶ
2568 3238 2845 3300 κλαίοντες
2863 3278 2877 3299 ,
2909 3235 3000 3288 διά
3029 3251 3113 3287 τοι
3139 3232 3200 3285 τὸ
3235 3230 3308 3302 μὴ
3343 3229 3488 3299 ἔχειν
3522 3226 3623 3290 τὰς
3656 3228 3725 3279 ὲκ

2133 3337 2243 3390 τῶν
2271 3335 2415 3387 λαῶν
2444 3330 2845 3403 καρποφορίας,
2876 3329 3127 3393 δεκάτας,
3174 3322 3448 3395 ἀπαρχὰς,
3496 3319 3724 3390 εύχαρι-

2136 3429 2354 3499 στήρια.
2397 3423 2613 3494 Ἐπειδὴ
2647 3422 2755 3493 γὰρ
2790 3421 2891 3492 τῆς
2916 3419 3117 3488 ἀγέλης
3150 3412 3588 3476 ὲκπεπτώκασιν,
3618 3409 3725 3462 ούκ

2135 3522 2212 3573 ἔτι
2241 3521 2353 3581 τοῖς
2381 3516 2440 3582 ἐξ
2468 3517 2635 3586 αὐτῆς
2666 3512 3135 3585 κατηυφραίνοντο
3161 3508 3360 3577 τόκοις.

2205 3611 2267 3665 ΕΞ
2295 3610 2352 3663 δὲ
2379 3610 2440 3680 δή
2470 3625 2552 3672 τις
2589 3606 2754 3660 οἴοιτο
2794 3605 2888 3659 καὶ
2929 3604 3005 3679 ὡς
3048 3603 3105 3655 ὲν
3137 3599 3287 3664 τάξει
3316 3598 3546 3651 λεόντων
3585 3612 3722 3647 κατ-

2134 3700 2407 3773 ωρύεσθαι
2444 3698 2537 3751 τοῦ
2577 3696 2814 3769 Χριστοῦ
2845 3694 2972 3758 τοὺς
3010 3692 3364 3764 Γραμματεῖς
3394 3701 3453 3741 τε
3487 3686 3580 3740 καὶ
3610 3687 3722 3738 Φα-

2140 3794 2386 3865 ρισαίους
2424 3789 2975 3862 (κατεκεκράγεισαν
3020 3784 3131 3856 γὰρ
3173 3782 3362 3847 αὑτοῦ,
3397 3783 3491 3834 καὶ
3525 3780 3623 3842 τὰς
3653 3782 3722 3832 ὲκ

2135 3886 2331 3957 φθόνου
2364 3885 2456 3940 καὶ
2497 3883 2795 3955 βασκανίας
2824 3882 2917 3935 καὶ
2944 3879 3188 3951 ἀκράτου
3219 3876 3414 3947 μανίας
3451 3871 3718 3942 κατηφίε-

2138 3998 2237 4034 σαν
2266 3980 2474 4049 φωνὰς,
2514 3976 2862 4048 Σαμαρείτην
2910 3974 3180 4043 λέγοντες,
3220 3970 3451 4042 μέθυσον
3499 3969 3717 4021 ἀποκα-

2135 4069 2354 4133 λοῦντες
2380 4068 2475 4121 καὶ
2510 4069 2573 4119 ὲκ
2602 4065 2860 4137 πορνείας
2889 4063 3310 4133 γεγεννημένον,
3347 4062 3463 4123 καὶ,
3503 4078 3520 4109 ι
3556 4054 3712 4128 Αἶρε,

2135 4156 2278 4231 αἶρε,
2310 4157 2543 4229 σταύρου
2572 4156 2732 4209 αὐτὸν
2752 4195 2766 4220 ,
2809 4174 2827 4206 ι
2861 4152 3154 4226 [βοῶντες]
3176 4154 3193 4220 )
3219 4194 3232 4217 ,
3262 4150 3330 4204 τὰ
3363 4150 3549 4202 εἰκότα
3584 4165 3717 4218 φρο-

2135 4252 2287 4320 νήσει
2318 4248 2412 4302 καὶ⁵
2440 4238 2614 4306 οὗτος.
2648 4244 2792 4315 Πλὴν
2814 4245 2864 4297 εί
2892 4247 2986 4298 καὶ
3018 4243 3356 4316 ὲπωρύοντο,
3378 4240 3720 4294 τεταλαιπω-

2138 4343 2368 4414 ρήκασιν
2427 4340 2488 4393 οὐ
2559 4338 2829 4409 μετρίως,
2893 4357 2912 4391 ι
2955 4339 3077 4390 Ὅτι
3140 4331 3592 4405 τεταλαιπὼρηκε
3656 4332 3719 4383 τὺ

2135 4435 2403 4507 φρύαγμα
2449 4433 2542 4487 τοῦ
2590 4434 2875 4505 Ἰορδάνου.
2913 4451 2932 4485 ι
2984 4431 3094 4486 Καὶ
3138 4428 3189 4483 τί
3235 4426 3499 4499 δὴλτοῦτό
3545 4428 3716 4489 ἐστιν,

448 4530 575 4581 tem.
606 4522 810 4576 circum
841 4540 1000 4594 quem
1036 4541 1224 4595 magna
1259 4527 1338 4580 vis
1369 4527 1579 4581 leonum
1616 4529 1942 4586 horrendum
1973 4533 2024 4587 itt

2135 4525 2244 4599 ἐρῶ
2276 4526 2457 4579 πάλιν.
2506 4526 2793 4598 Παραρρεῖ
2825 4525 2923 4596 μὲν
2957 4525 2985 4577 ό
3024 4522 3294 4594 Ἰορδάνης
3336 4518 3434 4590 τὴν
3481 4514 3716 4588 Ἰεριχὼ,

448 4612 663 4667 modum
710 4617 1067 4686 rugientium,
1109 4627 1164 4673 et
1207 4622 1423 4673 accolas
1468 4620 1770 4675 incredibili
1823 4635 2030 4682 terrore

443 4707 893 4763 concutientiutn.
925 4707 1085 4764 Tales
1112 4718 1269 4764 erant
1303 4713 1541 4766 nroribus
1570 4712 1773 4769 Scriba!
1805 4725 1858 4769 et
1890 4715 2028 4770 Pha-

446 4794 609 4858 risroi,
642 4806 830 4849 contra
868 4798 1105 4866 plebeios
1136 4810 1189 4853 et
1222 4803 1498 4870 gregarios
1532 4804 1825 4873 rugientes,
1864 4816 1920 4861 et
1948 4817 2029 4862 te-

444 4885 662 4959 nuiores
692 4891 949 4958 potentia:
975 4906 1085 4944 suae
1113 4893 1383 4949 terriculis
1409 4905 1842 4952 consternantes.
1876 4918 1893 4950 ι
1929 4902 2028 4955 νυ-

444 4992 564 5031 rum
597 4980 760 5035 miser
787 4979 959 5035 factus
986 4992 1069 5035 est
1099 4982 1312 5037 leonum
1344 4994 1538 5040 terror.
1576 5009 1592 5039 ι
1632 4988 1743 5044 lloe
1770 5002 1849 5045 est
1882 4996 2025 5062 quod

443 5068 550 5136 ait,
591 5088 608 5122 ι
653 5070 899 5127 fremitus
930 5069 1200 5128 Iordanis.
1245 5094 1264 5127 ι
1300 5076 1379 5130 Δι’
1414 5076 1659 5135 fremitus
1697 5083 1913 5152 quidem
1947 5095 2029 5139 est

442 5175 508 5214 ex
539 5177 796 5231 equorum
830 5170 884 5216 et
916 5164 1180 5218 mulorum
1220 5171 1441 5223 naribus
1477 5186 1597 5225 cum
1638 5175 1795 5228 feroci
1833 5179 2024 5246 spiritu

441 5251 676 5306 cutissus
711 5254 954 5317 sonitus;
994 5256 1086 5308 sed
1124 5257 1285 5310 etiam
1319 5260 1372 5313 iu
1409 5262 1475 5315 iis
1510 5264 1707 5319 dicitur
1740 5268 1829 5335 qui
1867 5271 1932 5322 de
1968 5285 2027 5324 se

444 5344 701 5411 prteclare
745 5344 1009 5399 sentiunt.
1056 5346 1191 5403 lliuc
1237 5351 1450 5423 divinus
1500 5355 1663 5409 David
1713 5358 1778 5411 de
1826 5360 1889 5413 iis
1937 5361 2027 5429 qui

514 5524 560 5555 “
579 5522 781 5579 Jerem.
812 5540 965 5593 χχιιι,
996 5528 1047 5583 l.

446 5610 523 5656 ιτ,
567 5596 649 5648 i9.

1123 5527 1167 5558 “
1190 5527 1391 5587 Jeretn.
1428 5549 1478 5595 κ,
1511 5534 1597 5586 Ἥ.

729 5596 772 5626 ⁸⁸
796 5596 951 5652 Joan.
991 5614 1104 5664 xu“,
1144 5598 1225 5653 l5.

514 5778 591 5851 (l)
630 5778 721 5834 Ed.
759 5780 921 5850 Aub.,
955 5782 1230 5854 δείγμασι,
1274 5782 1614 5836 documentis.
1654 5781 1807 5836 Eon.

1678 5536 1721 5567 ⁵⁸
1752 5536 1954 5592 Jerem.
1988 5555 2067 5607 ttt,
2110 5541 2196 5595 15.

2135 4618 2376 4671 πλεῖστοι
2408 4618 2463 4671 δὲ
2498 4618 2611 4671 ὅσοι
2643 4618 2774 4687 περῖ⁹
2817 4616 2979 4672 αὑτὸν
3010 4617 3058 4669 oi
3098 4615 3336 4677 λέοντες,
3374 4609 3721 4680 καταδρυχό-

2136 4711 2286 4783 μενοί
2354 4728 2414 4764 τε
2472 4710 2699 4774 δεινῶς,
2764 4712 2858 4765 καὶ
2913 4710 3185 4781 ἀφόρητον
3242 4710 3357 4770 τοῖς
3414 4702 3719 4756 ἐνοικοῦσιν

2131 4806 2368 4869 ἐνιέντες
2402 4805 2463 4857 τὸ
2492 4803 2675 4874 δεῖμα.
2705 4802 2949 4856 Τοιοῦτοι
2978 4802 3035 4855 δὲ
3063 4797 3203 4870 ἦσαν
3236 4801 3362 4862 τοὺς
3394 4797 3631 4869 τρόπους
3667 4796 3718 4847 οἱ

2130 4900 2484 4969 Γραμματείς
2523 4896 2618 4949 καὶ
2660 4896 2708 4948 oi
2756 4896 3059 4965 Φαρισαῖοι,
3091 4895 3205 4949 τῶν
3234 4889 3503 4961 ἀγελαίων
3549 4904 3720 4940 κατα-

2132 4991 2477 5063 ϐρυχόμενοι,
2506 4989 2732 5050 καὶτοῖς
2765 4988 2830 5039 ἐκ
2862 4988 2961 5057 τῆς
2989 4986 3241 5053 ἐξουσίας
3274 4979 3719 5041 καταπτοοῦντες

2128 5082 2343 5152 δείμασι
2380 5080 2454 5151 (1)
2483 5081 2608 5142 τοὺς
2652 5077 3095 5149 ἀσθενεστέρους.
3133 5094 3152 5128 ι
3190 5074 3353 5129 Ἀλλά
3382 5069 3723 5127 τεταλαιπώ-

2134 5190 2299 5245 ρηκεν
2334 5175 2362 5226 ό
2390 5174 2496 5226 τῶν
2543 5171 2771 5224 λεόντων
2808 5169 2993 5240 φόϐος.
3029 5188 3047 5221 ι
3088 5167 3258 5221 Τοῦτο
3302 5164 3358 5218 δὲ
3402 5160 3541 5217 εἷναί
3580 5176 3719 5232 φησι

2142 5284 2161 5317 ι
2195 5265 2257 5318 τὸ
2297 5264 2562 5336 φρύαγμα
2615 5262 2710 5316 τοῦ
2751 5262 3038 5334 Ἰορδάνου.
3082 5284 3099 5311 ο
3140 5260 3250 5313 Καὶ
3299 5255 3567 5328 φρύαγμα
3619 5252 3718 5323 μὲν

2136 5357 2281 5411 ἔστιν
2326 5360 2357 5425 ἡ
2405 5356 2584 5409 ἵππων
2633 5371 2693 5407 τε
2743 5354 2837 5407 καὶ
2880 5352 3117 5424 ἡμιόνων
3158 5349 3246 5404 διὰ
3283 5346 3577 5421 μυκτήρων
3610 5341 3720 5414 ἠχὴ

3445 5535 3486 5565 ⁸⁷
3521 5531 3720 5587 Matth.

2276 5541 2318 5572 ⁸³
2354 5539 2394 5594 ll
2428 5541 2565 5597 Tim.
2603 5556 2663 5606 ll,
2708 5541 2789 5594 l5.
2870 5540 2914 5573 “
2942 5538 3098 5595 Joan.
3127 5552 3245 5602 vm,
3279 5535 3365 5593 i8.
