3934 6318
249 273 342 328 181

247 479 590 552 λαμϐάνεται
621 481 675 535 δὲ
701 482 795 535 καὶ
824 483 916 535 ἐπὶ
942 481 1036 536 τοῦ
1069 480 1676 554 μεγαλοφρονεῖν.Ἔφη’
1697 485 1826 553 γοῦν

254 578 278 626 ὁ
309 573 604 638 θεσπέσιος
632 573 798 627 Δαδίδ
827 573 956 646 περὶ
982 573 1091 627 τῶν
1119 577 1198 638 είς
1231 576 1465 647 Χριστὸν
1495 593 1825 647 πεπαρῳνη-

253 668 442 720 κότων·
471 665 624 719 ι’Ίνα
654 663 706 718 τί
735 663 1014 735 ἐφρύαξαν
1043 665 1192 736 ἔθνη,
1224 667 1318 720 καὶ
1341 667 1459 720 λαοὶ
1490 666 1828 736 ἐμελέτησαν

252 757 435 824 καινά;
474 775 494 809 ι
538 757 707 811 Ὅταν
749 752 840 810 οὖν
890 757 1156 830 φρύαγμα
1204 757 1297 812 τοῦ
1351 757 1611 827 Ἰορδάνου
1659 758 1825 830 λέγῃ,

249 851 461 919 νοήσεις
493 849 556 902 τὸ
586 848 861 919 φρόνημα,
898 849 992 902 καὶ⁹
1019 851 1140 919 οὐχὶ
1166 850 1386 913 πάντως
1419 849 1513 903 τοῦ
1555 850 1824 921 ποταμοῦ,

247 941 380 994 ἀλλὰ
406 940 520 994 τῶν
551 942 680 1012 περὶ
711 943 874 997 αὑτὸν
921 943 1152 998 λεόντων
1172 958 1187 973 ·
1226 941 1334 997 ἀπὸ
1356 940 1464 1013 γὰρ
1493 941 1675 995 τόπων
1717 939 1842 994 ἐσθ’

247 1036 332 1088 ὅτι
357 1034 432 1088 τὰ
461 1037 521 1088 ὲν
554 1036 837 1108 αὐτοῖς’ση
847 1036 1120 1107 μαίνεται.

321 1126 468 1180 Τάδε
507 1125 668 1196 λέγει
705 1128 921 1196 Κύριος
970 1124 1393 1194 παντοκράτωρ
1417 1142 1430 1156 ·
1478 1125 1828 1195 Harpalus“

247 1216 316 1270 τὰ
347 1219 619 1286 πρόϐατα
646 1215 757 1286 τῆς
785 1217 1032 1288 σφαγῆς
1052 1254 1068 1281 ,
1120 1215 1158 1271 ἃ
1191 1218 1246 1270 οι
1291 1214 1654 1284 κτησάμενοι
1692 1233 1828 1272 κατ-

244 1308 524 1378 έσφαζον,
557 1310 656 1364 καὶ
693 1312 769 1364 οὐ
804 1309 1204 1380 μετεμέλοντο
1225 1347 1238 1370 ,
1272 1307 1373 1362 καὶ
1393 1309 1448 1361 οι
1483 1308 1828 1375 πωλοῦντες

243 1399 414 1463 αὐτὰ,
437 1400 686 1468 ἔλεγον
717 1397 1062 1469 Εὐλογητὸς
1087 1397 1320 1465 Κύριος,
1349 1397 1448 1450 καὶ
1483 1397 1829 1467 πεπλουτή-

244 1506 458 1558 κάμεν,
487 1489 588 1543 καὶ
631 1490 687 1543 οι
719 1486 1002 1558 ποιμένες
1033 1483 1232 1539 αὐτῶν
1264 1485 1375 1538 οὐκ
1425 1483 1702 1552 ἔπασχον
1730 1485 1830 1537 οὑ-

242 1580 344 1633 δὲν
375 1580 470 1633 ἐπ’
499 1581 727 1646 αὐτοῖς.

309 1674 426 1726 OZ'.
467 1672 614 1742 Πρὸς
656 1671 920 1736 αύτοὺς.ὁ
963 1672 1119 1740 λόγος
1147 1673 1274 1736 τοὺς
1319 1673 1652 1744 θρηνοῦντας
1704 1691 1822 1726 nct-

1101 272 1648 332 COMMENTARIUS
1692 279 1754 332 IN
1800 278 2203 336 ZACHARIAM
2245 283 2688 339 PROPill‘ITAM.

249 389 550 460 καθιεμένη
599 407 659 443 τε
702 391 796 443 καὶ
835 391 1013 462 ἀγρίῳ
1040 393 1320 462 φυσήματι
1353 394 1821 449 συνεκπίπτουσα·

1931 400 1980 453 itt
2024 400 2298 456 Christum
2334 413 2456 455 sunt
2491 398 2800 455 debacchati

3410 282 3509 338 l8!

2845 417 2866 452 :.
2901 417 2918 450 ι
2961 399 3137 466 Quare
3179 397 3512 453 fremuerunt

1930 499 2133 555 gentes,
2166 501 2219 545 et
2255 492 2431 560 populi
2472 490 2711 543 meditati
2750 498 2873 542 sunt
2912 490 3088 542 inania
3113 489 3158 520 "
3175 487 3202 542 τ’
3234 509 3252 539 ι
3287 489 3511 554 Quando

1931 581 2095 650 igitur
2135 583 2267 637 dicit
2314 583 2585 637 fremitum
2631 581 2916 646 Jordauis,
2966 581 3224 650 iutellige'
3250 581 3502 650 spiritus,

1931 689 2034 725 non
2064 675 2248 742 utique
2272 672 2526 737 ﬂuminis,
2556 673 2648 727 sed
2679 674 2890 726 leonum
2919 673 3009 744 qui
3037 671 3189 743 juxta
3221 672 3506 726 inveniun-

1933 773 2017 817 tur
2049 784 2060 818 :
2095 780 2121 816 a
2158 765 2290 818 locis
2325 765 2468 818 enim
2507 779 2890 831 nonnunquam
2929 779 3048 833 qua:
3085 764 3137 817 in
3176 762 3242 816 iis
3276 773 3397 817 sunt
3431 763 3507 816 si-

1929 855 2271 923 gnilicantur.

2205 1117 2367 1173 Vsus.
2411 1119 2462 1182 4,
2508 1119 2558 1172 5.
2610 1118 2736 1173 Ha'c
2785 1121 2910 1173 dicit
2967 1120 3218 1175 Dominus
3269 1126 3506 1184 amnipo-

1929 1219 2039 1263 tens
2076 1225 2094 1263 :
2130 1209 2336 1263 Pascite
2368 1227 2484 1264 oves
2518 1211 2818 1274 occisionis,
2855 1228 2986 1279 quas
3022 1214 3110 1281 qui
3147 1214 3504 1280 possederunt,

1930 1303 2344 1370 interﬁciebant,
2380 1314 2428 1358 et
2473 1321 2576 1358 non
2623 1304 2841 1374 agebant
2887 1307 3286 1374 penitentiam,
3326 1317 3374 1361 et
3418 1310 3507 1377 qui

1931 1395 2213 1447 vendebant
2259 1411 2379 1462 eas,
2420 1397 2656 1450 dicebant
2704 1411 2723 1448 :
2772 1397 3087 1452 Benedictus
3132 1398 3416 1464 Dominus,
3459 1409 3506 1453 et

1930 1485 2115 1538 divites
2159 1485 2289 1554 [acti
2331 1502 2542 1550 sumne,
2584 1495 2630 1540 et
2674 1498 2909 1554 pastores
2955 1505 3142 1541 earum
3184 1506 3288 1542 non
3336 1490 3505 1559 patie-

1931 1577 2122 1628 bantur
2145 1577 2430 1645 quidquam
2457 1594 2613 1645 ευμεν
2637 1580 2732 1632 eis.

2003 1668 2256 1726 LXXVII.
2299 1671 2377 1724 Ad
2413 1673 2628 1724 eosdem
2663 1681 2908 1740 pastores
2945 1673 3304 1728 lamentantes
3334 1683 3389 1729 et
3423 1675 3505 1728 itt-

246 1764 428 1834 μένας,
461 1735 558 1818 καὶ
604 1765 663 1817 ὲν
705 1763 857 1831 τάξει
909 1735 1140 1818 λεόντων
1183 1735 1562 1836 ὠρυομένους,
1609 1735 1690 1829 ei:
1724 1766 1818 1819 καὶ

1925 1768 2039 1814 star
2073 1761 2282 1814 leonum
2327 1763 2600 1831 rugientes
2639 1777 2818 1816 sermo
2857 1762 3130 1830 dirigitur,
3170 1765 3368 1833 quibus
3407 1768 3502 1818 ad-

242 1857 455 1927 ἐφίησιν
514 1856 596 1910 ἔτι
637 1855 706 1908 τὰ
756 1856 856 1927 τῆς
903 1859 1120 1928 σφαγῆς
1167 1857 1493 1928 κατανέμειν
1549 1857 1817 1928 πρόϐατα,

241 1947 411 2000 καίτοι
442 1946 913 2018 κατημελημένως
955 1946 1096 2012 λίαν,
1130 1946 1208 2011 ὡς
1252 1950 1720 2019 πιπρασκομένοις
1756 1964 1817 2001 τε

239 2040 330 2091 καὶ
367 2037 733 2109 σφαζομένοις
770 2037 892 2110 μηδ’
925 2039 1048 2092 ὅσον
1072 2041 1246 2093 εἰπεῖν
1277 2039 1584 2110 ὲπαλγῆσαι
1617 2038 1813 2112 βραχύ.

241 2130 450 2200 Ὥσπερ
485 2129 594 2200 γὰρ
637 2130 686 2181 oi
734 2128 845 2182 τῶν
885 2129 1160 2199 ποιμένων
1190 2130 1686 2202 ἀνεπιεικὲστεροι,
1721 2130 1818 2185 καὶ

240 2222 368 2292 πρὸς
417 2221 556 2291 μόνα
607 2220 895 2290 βλέποντες
933 2221 1003 2276 τά
1031 2237 1183 2291 σφισι
1217 2221 1340 2276 καθ’
1392 2221 1609 2293 ἡδονὴν,
1644 2223 1818 2294 μικρὰ

244 2311 618 2381 φροντίζοντες
651 2311 850 2382 κομιδῇ
895 2311 990 2364 τοῦ
1023 2312 1121 2383 τῆς
1164 2313 1370 2385 ἀγέλης
1410 2314 1681 2367 Δεσπότου
1702 2355 1716 2379 ,
1748 2315 1816 2370 τὰ

244 2403 334 2472 μὲν
366 2405 666 2474 σφάζουσιν
707 2404 986 2475 ἀνηλεῶς,
1036 2405 1138 2468 τὰς
1183 2403 1368 2477 θηρῶν
1418 2406 1641 2476 ἐφόδους
1679 2407 1814 2460 ἀπο-

241 2495 581 2565 μιμούμενοι,
615 2494 652 2550 ἃ
681 2496 738 2550 δὲ
762 2495 858 2549 καὶ
895 2495 1321 2568 πιπράσκουσιν,
1349 2496 1524 2560 οὐδὲν,
1552 2497 1628 2558 ὠς
1652 2494 1811 2567 ἔφην,

239 2586 598 2655 ἐπαλγοῦντες
619 2587 774 2652 ὅλως,
795 2587 1054 2655 ἐπιγαννύ
1063 2605 1215 2659 μενοι
1241 2588 1298 2641 δὲ
1317 2590 1430 2652 τοῖς
1450 2587 1560 2641 τῶν
1589 2587 1654 2656 λη
1663 2587 1813 2658 μμά-

238 2694 339 2729 των
371 2677 777 2742 ὲκτοπωτάτοις
803 2719 816 2742 ,
851 2679 946 2731 καὶ
984 2679 1329 2751 φιλοκερδίας
1370 2679 1470 2749 τῆς
1510 2677 1682 2740 οὕτως
1726 2678 1813 2731 αι-

235 2771 401 2840 σχρᾶς
431 2769 738 2841 ἡττώμενοι
759 2787 773 2801 ·
807 2770 952 2824 κατὰ
983 2770 1076 2825 τὸν
1112 2773 1246 2836 ῐσον,
1276 2767 1454 2842 οἶμαι,
1482 2771 1683 2842 τρόπον
1717 2771 1813 2825 καὶ

235 2864 278 2913 σί
316 2861 423 2914 τῶν
459 2861 769 2914 Ἰουδαϊκῶν
797 2862 1092 2933 ἡγούμενοι
1129 2862 1339 2933 δήμων,
1373 2862 1480 2917 τῶν
1513 2863 1602 2915 ὑπ’
1631 2863 1814 2927 αὐτοῖς

234 2954 496 3026 ποιμνίων
526 2955 881 3026 ὴφειδηκότες
905 2955 1082 3010 ἁλοῖεν
1111 2955 1198 3021 ἂν,
1231 2957 1327 3010 καὶ
1357 2955 1680 3022 ἁδρύνοντες
1713 2956 1813 3026 μὲν

242 3047 320 3100 τὸν
353 3047 564 3101 ἑαυτῶν
588 3047 842 3113 πλοῦτον,
870 3047 1294 3119 κατευρύνοντες
1320 3049 1377 3102 δὲ
1409 3048 1600 3121 ῶσπερ
1632 3049 1811 3121 ἀπλή-

236 3156 341 3210 cup
390 3149 535 3210 χειρι
562 3154 631 3192 τά
667 3139 944 3209 βαλάντια.
978 3139 1088 3193 Καὶ
1114 3139 1246 3209 γοῦν
1275 3139 1513 3208 ἔφασκεν
1542 3142 1571 3194 ὁ
1601 3140 1812 3212 Σωτὴρ,

236 3228 503 3293 τοιούτους
539 3231 702 3294 ὄντας
735 3229 1007 3300 ἐλέγχων·
1056 3229 1248 3283 (Oisc).
1282 3231 1434 3301 ὑμῖν,
1459 3231 1814 3302 Γραμματεῖς

234 3323 325 3374 καὶ
388 3323 676 3393 Φαρισαῖοι
749 3322 1083 3394 ὑποκριταὶ,
1139 3323 1222 3376 ὅτι
1291 3323 1688 3377 ἀποδεκατοῦτε
1753 3323 1814 3378 τὸ

239 3413 522 3484 ἡδύοσμον,
560 3416 656 3468 καὶ
693 3414 756 3468 τὸ
785 3414 1005 3484 ἄνηθον,
1055 3415 1152 3468 καὶ
1198 3413 1260 3467 τὸ
1303 3414 1548 3486 κύμινον,
1585 3417 1678 3469 καὶ
1704 3417 1812 3486 ἀφ-

234 3506 402 3574 ήκατε
439 3504 506 3558 τὰ
543 3503 820 3575 βαρύτερα
853 3504 945 3557 τοῦ
992 3503 1182 3574 νόμου,
1219 3504 1317 3575 τὴν
1362 3505 1563 3578 κρίσιν,
1613 3508 1708 3559 καὶ
1751 3506 1813 3559 τὸ

234 3595 393 3660 ἔλεος,
429 3596 526 3648 καὶ
553 3595 651 3666 τὴν
681 3595 883 3649 πίστιν.
920 3614 939 3648 ι
991 3595 1448 3666 Ίσχνολογοῦντες
1480 3597 1588 3667 γὰρ
1617 3595 1808 3662 οὕτως,

233 3687 299 3747 ὡς
326 3686 424 3738 καὶ
465 3686 631 3756 μέχρι
659 3684 768 3738 τῶν
794 3685 1197 3739 εὐτελεστάτων
1231 3689 1341 3749 τοῖς
1371 3686 1445 3756 μὴ
1472 3686 1810 3757 προσάγουσι

242 3775 324 3838 τὰς
350 3777 587 3840 δεκάτας
618 3777 760 3829 κατὰ
786 3777 952 3846 νόμον
990 3778 1251 3849 ἐπιτιμᾷν
1276 3816 1291 3842 ,
1329 3775 1435 3830 τῶν
1467 3777 1808 3848 βαρυτέρων,

236 3868 351 3936 ἦτοι
379 3868 490 3920 τῶν
529 3868 970 3940 ἀναγκαιοτέρων
1003 3870 1097 3922 καὶ
1124 3867 1420 3921 λυσιτελῶν
1459 3870 1541 3922 ὅτι
1577 3869 1810 3940 μάλιστα

237 3959 618 4029 θεσπισμάτων
646 3960 839 4013 οὐδένα
869 3959 1145 4024 παντελῶς
1178 3958 1462 4012 ἐποιοῦντο
1495 3959 1808 4029 λόγον.”υτι

236 4051 286 4103 δὲ
320 4046 461 4121 ἦσαν
491 4051 751 4122 ποιμένες
783 4051 884 4104 οὐκ
921 4051 1114 4120 ἀγαθοὶ
1138 4095 1154 4117 ,
1191 4052 1389 4122 μᾶλλον
1417 4051 1472 4104 δὲ
1504 4052 1641 4123 πρὸς
1676 4053 1812 4122 μόνα

207 4136 524 4210 ’βλέποντες
574 4142 782 4213 κέρδη,
827 4146 1081 4214 σαφηνιεῖ
1127 4143 1302 4212 λέγων
1347 4145 1440 4198 καὶ
1489 4145 1576 4198 διὰ
1627 4144 1813 4216 φωνῆς

210 4257 212 4290 ε
249 4233 534 4304 Ἰεζεχιήλ·
571 4229 669 4286 «Ὦ
693 4234 743 4286 οἱ
776 4235 1032 4305 ποιμένες
1066 4234 1302 4304 Ἰσραὴλ,
1339 4236 1413 4306 μὴ
1443 4235 1730 4304 βόσκουσιν
1761 4236 1812 4287 οἱ

239 4328 492 4398 ποιμένες
522 4326 788 4392 έαυτούς;
817 4327 892 4380 Οὐ
927 4326 994 4380 τά
1021 4309 1271 4399 πρόϐατα
1300 4326 1582 4397 βόσκουσιν
1607 4329 1656 4380 οί
1691 4345 1811 4381 ποι-

240 4421 429 4489 μένες;
471 4420 606 4474 Ἰδοὺ
647 4421 710 4473 τὸ
736 4420 876 4487 γάλα
911 4421 1246 4487 κατεσθίετε,
1285 4422 1379 4473 καὶ
1409 4421 1478 4474 τὰ
1508 4421 1630 4492 ἔρια
1657 4437 1815 4492 περιο

237 4511 521 4574 ϐάλλεσθε,
569 4512 664 4564 καὶ
703 4513 762 4564 τὸ
807 4513 954 4582 παχὺ
991 4512 1247 4581 σφάζετε,
1300 4513 1394 4564 καὶ
1441 4511 1512 4564 τὰ
1561 4511 1813 4583 πρόϐατά

239 4621 328 4672 μου
372 4605 437 4658 οὐ
486 4604 732 4676 βόσκετε.
759 4623 776 4655 ι
809 4635 872 4644 -—
902 4622 918 4654 ι
947 4604 1332 4657 Καταϐόσκετε
1359 4604 1814 4674 τοίνυν,φησ”ι,τὰ

235 4695 480 4764 πρόϐατα
507 4699 608 4768 τῆς
642 4696 878 4766 σφαγῆς,
913 4714 930 4745 ι
967 4695 1262 4759 τουτέστιν,
1298 4695 1330 4766 ἣ
1363 4695 1429 4748 τὰ
1452 4697 1574 4748 ὅσον
1602 4696 1812 4748 οὺδέπω

236 4790 602 4859 τεθνηξόμενα
645 4793 712 4862 τῇ
767 4790 1058 4859 Ῥωμαίων
1109 4789 1284 4860 χειρί·
1335 4789 1502 4858 ἤγουν
1552 4787 1586 4841 ἃ
1656 4789 1812 4858 ὑμεῖς

238 4883 380 4935 αὐτοὶ
439 4880 698 4951 σφάζετε,
749 4881 924 4933 καίτοι
951 4879 1102 4942 τάξιν
1145 4880 1432 4950 ἐπέχοντες
1475 4880 1580 4934 τῶν
1618 4880 1812 4950 ποιμέ-

239 4991 304 5025 νω
325 4996 350 5028 ι.
383 4974 467 5027 Οὐ
487 4973 599 5044 γάρ
627 4990 731 5026 που
765 4973 1029 5042 πάρεστιν
1057 4973 1086 5024 ὁ
1114 4971 1322 5043 καιρὸς,
1357 4971 1477 5024 καθ’
1505 4970 1563 5023 δν
1590 4970 1812 5040 ἥξουσιν

241 5068 307 5127 εἰς
335 5066 578 5135 σφαγήν.
616 5065 771 5120 Μετὰ
803 5066 914 5140 γάρ
955 5081 1040 5116 τοι
1069 5064 1167 5134 τὴν
1197 5063 1289 5116 τοῦ
1327 5064 1577 5134 Σωτῆρος
1621 5063 1809 5134 ἐπιδη-

243 5155 358 5222 μίαν
403 5158 524 5219 τοίς
571 5155 680 5208 τῶν
724 5154 1010 5226 Ῥωμαίων
1069 5153 1272 5222 ξίφεσιν
1319 5156 1350 5223 ἡ
1395 5153 1500 5206 τῶν
1543 5154 1811 5206 Ἰουδαίων

244 5247 447 5318 πληθὺς
471 5247 875 5317 δεδαπάνηται,
915 5246 1090 5299 καίτοι
1125 5245 1244 5297 λίαν
1279 5246 1362 5297 ἐπ’
1405 5246 1587 5307 αὐτοῖς
1634 5244 1806 5308 ἀνεξι-

240 5341 576 5409 κακήσαντος
605 5338 702 5392 τοῦ
727 5337 1015 5391 Θεοῦ-,Ὅτι
1040 5337 1096 5390 δὲ
1120 5337 1226 5390 τῶν
1255 5336 1531 5406 ποιμένων
1557 5336 1813 5404 γεγόνασι

238 5429 433 5498 κλῆρος
479 5431 526 5483 οἱ
558 5430 665 5482 ὑπὸ
704 5432 862 5498 χεῖρα
911 5427 1069 5493 λαοὶ,
1106 5428 1414 5492 κατέδειξεν
1459 5427 1647 5480 εἰπών·
1691 5448 1706 5479 ι
1747 5429 1812 5478 Ἃ

244 5524 286 5574 οἱ
335 5523 669 5594 κτησάμενοι
719 5520 1077 5587 κατέσφαζον,
1125 5521 1218 5573 καὶ
1264 5522 1320 5573 οὐ
1370 5519 1748 5590 κατεμέλοντο.
1790 5539 1805 5569 ›

310 5695 349 5726 ⁶’
387 5702 522 5758 Psal.
553 5719 615 5772 tt,
657 5703 703 5756 Ι.
785 5704 828 5734 ⁷⁰
872 5701 1058 5760 Matth.
1091 5719 1245 5770 nm,
1273 5704 1358 5756 Ξῖ).

1438 5705 1476 5733 τ’
1526 5703 1718 5758 licet-lt.
1755 5717 1940 5767 χχιιι,
1966 5701 2017 5766 ‘3,
2050 5703 2102 5757 ὖ.

1926 1851 2030 1904 huc
2057 1853 2318 1918 permittit
2348 1867 2568 1918 pascere
2593 1867 2724 1907 oves
2754 1853 3063 1916 occisionis,
3092 1855 3304 1910 tametsi
3335 1856 3503 1924 negli-

1923 1940 2256 2010 gentissime,
2297 1950 2353 1994 ιιι
2399 1943 2488 2011 qui
2528 1942 2760 1996 venditis
2802 1953 2859 1997 et
2898 1943 3097 1998 occisis
3144 1943 3248 1999 illis
3294 1962 3392 2002 nec
3436 1949 3501 2000 ad

1925 2040 2252 2085 momentum
2291 2035 2553 2102 temporis
2583 2034 2798 2102 quidem
2836 2033 3104 2088 dolerent.
3135 2035 3500 2103 Quemadmo-

1917 2120 2049 2176 dum
2089 2123 2232 2177 enim
2277 2134 2523 2192 pastores
2563 2125 2883 2194 iniquiures,
2919 2135 2975 2180 et
3018 2127 3164 2182 solas
3200 2127 3499 2196 voluptates

1922 2229 2049 2269 suas
2083 2223 2414 2282 spectantes,
2449 2224 2504 2270 et
2541 2217 2717 2287 gregis
2759 2218 3041 2271 Dominum
3091 2234 3190 2274 nec
3232 2219 3326 2273 ltili
3369 2235 3499 2289 pen-

1921 2305 2130 2372 dentes,
2167 2307 2302 2363 alias
2337 2323 2466 2364 oves
2497 2309 2789 2364 crudeliter
2824 2322 3082 2374 mactant,
3121 2311 3358 2366 ferarum
3397 2312 3500 2366 im-

1921 2409 2078 2469 petus
2103 2399 2401 2462 imitantes,
2427 2400 2562 2454 alias
2583 2402 2838 2466 vendunt,
2865 2403 2996 2456 nihil
3023 2406 3256 2472 penitus,
3280 2413 3340 2458 ut
3364 2404 3497 2468 dixi,

1921 2504 2104 2545 earum
2133 2492 2306 2544 vicem
2336 2491 2600 2556 dolentes,
2632 2494 2723 2546 sed
2757 2494 3172 2562 improbissimis
3201 2496 3499 2563 quzestibus

1921 2584 2234 2654 gaudentes,
2274 2595 2329 2638 et
2366 2583 2644 2652 cupiditati
2688 2586 2821 2638 adeo
2866 2586 3037 2653 turpis
3083 2584 3214 2639 lucri
3258 2603 3500 2641 succum-

1921 2673 2108 2728 benles
2133 2690 2146 2727 :
2172 2673 2362 2727 eodem
2391 2672 2552 2728 modo
2576 2681 2630 2727 ct
2657 2674 2834 2743 populi
2863 2674 3072 2729 Judaici
3106 2675 3499 2743 gubernatores

1919 2779 2107 2836 greges
2154 2780 2284 2819 suos
2327 2764 2466 2818 male
2509 2779 2732 2819 curasse
2779 2765 2994 2830 videas,
3045 2774 3098 2820 et
3145 2782 3501 2837 exaggerasse

1919 2872 2049 2912 suas
2095 2857 2330 2920 divitias,
2380 2867 2433 2911 et
2476 2857 2620 2910 velut
2663 2857 2970 2927 inexplebili
3018 2872 3178 2912 manu
3229 2860 3498 2928 marsupia

1921 2947 2213 3016 ingerendo
2245 2947 2522 3003 dilatasse.
2553 2948 2816 3014 Quocirca
2852 2948 3028 3003 aiebat
3061 2949 3329 3014 Salvator,
3366 2951 3499 3005 tales

1922 3041 2318 3111 reprehendens
2352 3055 2370 3094 :
2409 3058 2427 3091 ι
2468 3040 2556 3096 Vae
2589 3041 2765 3108 vobis,
2798 3040 3003 3098 Scriba:
3032 3052 3084 3099 et
3117 3043 3373 3098 Pharisaei
3407 3045 3501 3113 hy-

1921 3133 2162 3201 pocritte,
2207 3131 2334 3202 quia
2378 3132 2662 3187 decimatis
2709 3143 2971 3198 mentam,
3017 3144 3073 3189 et
3122 3136 3400 3198 anethum,
3445 3149 3501 3188 et

1920 3221 2228 3292 cyminum,
2262 3229 2316 3276 et
2357 3223 2604 3293 graviora
2647 3223 2780 3293 legis
2819 3224 3103 3289 omittitis,
3138 3225 3399 3294 judicium
3443 3239 3498 3281 et

1922 3315 2382 3382 misericordiam,
2415 3326 2470 3371 et
2508 3315 2664 3370 {idem
2687 3317 2758 3373 ⁷⁰.
2797 3335 2815 3368 ι
2851 3315 2986 3372 Tam
3022 3319 3195 3372 eXacti
3232 3318 3375 3373 enim
3399 3361 3414 3384 ,
3447 3332 3499 3374 ct

1921 3407 2166 3460 minutim
2203 3407 2442 3464 rationes
2476 3406 2870 3474 subducentes,
2909 3419 2969 3462 ut
3003 3409 3165 3464 etiam
3209 3425 3385 3464 rerum
3425 3412 3498 3463 vi-

1921 3496 2254 3554 lissimarum.
2298 3499 2535 3554 decimas
2581 3502 2880 3555 secundum
2934 3502 3066 3571 legis
3115 3505 3488 3572 praaseriptu-n

1920 3603 2024 3641 non
2060 3587 2345 3645 oil‘erentes
2384 3589 2761 3660 increparent,
2823 3593 3129 3660 graviorum
3177 3595 3290 3649 sive
3313 3597 3496 3664 magis

1919 3680 2346 3735 necessariorum
2391 3692 2445 3736 et
2502 3684 2909 3738 utilissimorum
2966 3687 3341 3739 mandatorum
3399 3687 3490 3739 Dei

1919 3771 2116 3825 nullam
2158 3775 2378 3828 omnino
2423 3789 2608 3828 curam
2651 3775 3032 3842 suscipiebant.
3081 3775 3268 3830 Fuisse
3312 3785 3489 3830 autem

1919 3871 2161 3931 pastores
2189 3879 2294 3919 non
2325 3866 2514 3929 bonos,
2543 3865 2635 3919 sed
2667 3873 2870 3918 tantum
2903 3865 3046 3920 lucra
3078 3882 3169 3920 sua
3200 3876 3491 3931 sectantes,
3574 3857 3581 3865 ’

1919 3955 2151 4009 declarat
2179 3959 2342 4012 etiam
2374 3973 2469 4028 per
2495 3955 2856 4021 Ezechieletn,
2891 3958 2974 4013 his
3006 3959 3181 4012 verbis
3212 3977 3224 4012 :
3265 3976 3283 4010 ι
3320 3958 3363 4013 Ο
3397 3969 3493 4028 pa“-

1917 4055 2091 4104 stores
2141 4047 2332 4117 Israel,
2387 4064 2512 4103 num
2566 4055 2791 4118 pascunt
2842 4059 3088 4120 pastores
3135 4050 3495 4120 semetip‘os?
3582 4068 3586 4069 ν

1917 4137 2103 4194 Nonne
2135 4149 2380 4206 pastores
2407 4154 2627 4210 pascere
2653 4137 2827 4194 solent
2859 4141 3026 4195 oves?
3059 4141 3195 4195 Ecce
3232 4142 3314 4194 la-c
3344 4157 3493 4194 com-

1919 4233 2098 4297 editis,
2130 4242 2184 4286 et
2213 4233 2348 4290 lanis
2377 4235 2684 4304 operimini,
2714 4247 2766 4291 ct
2796 4237 2937 4306 quod
2967 4252 3209 4291 crassum
3240 4246 3323 4292 est
3351 4237 3492 4292 occi-

1919 4325 2076 4391 ditis,
2111 4335 2164 4380 et
2196 4341 2324 4382 oves
2359 4343 2506 4383 meas
2545 4343 2650 4384 non
2687 4329 2906 4398 pascitis
2930 4330 2997 4381 “.
3039 4348 3058 4380 ι
3101 4329 3276 4399 lnquit
3310 4345 3440 4400 ergo
3479 4348 3491 4383 :

1847 4459 1890 4516 υ
1925 4439 1942 4470 ι
1977 4420 2189 4475 Pascite
2214 4437 2339 4476 oves
2369 4421 2676 4484 occisionis,
2712 4440 2732 4473 ι
2764 4422 2864 4476 hoc
2889 4429 2993 4488 est,
3024 4433 3113 4475 aut
3142 4436 3263 4475 mox
3295 4421 3494 4474 Roma-

1921 4529 2110 4567 norum
2143 4530 2301 4568 manu
2333 4517 2653 4578 morituras,
2683 4523 2771 4567 aut
2802 4529 2936 4582 quas
2970 4513 3184 4582 ipsimet
3215 4515 3458 4568 occiditis
3479 4557 3493 4575 .

1919 4609 2163 4676 quamvis
2188 4616 2459 4676 pastorum
2485 4607 2675 4660 ordine
2699 4616 2749 4660 et
2781 4605 2896 4659 loco
2921 4605 3055 4659 sitis.
3079 4603 3322 4660 Nondum
3348 4606 3490 4660 enim

1919 4699 2072 4753 adest
2096 4708 2303 4766 tempus
2325 4714 2430 4767 quo
2449 4698 2856 4768 jugulabuntur.
2877 4696 3003 4751 Post
3024 4698 3309 4750 adveniunt
3339 4713 3491 4750 nam-

1918 4804 2022 4857 quc
2050 4789 2366 4854 Salvatoris,
2397 4801 2449 4844 et
2479 4791 2788 4844 diuturnam
2825 4787 2914 4840 Dei
2947 4803 3072 4857 erga
3106 4787 3222 4840 illos
3255 4787 3488 4841 tuleran-

1922 4881 2071 4944 tiam,
2100 4879 2463 4935 Romanorum
2495 4882 2686 4953 gladiis
2711 4881 3015 4937 Jud.corum
3048 4881 3331 4934 multitudo
3361 4894 3488 4933 cou-

1921 4981 2129 5039 sutnpta
2164 4981 2266 5026 est.
2299 4970 2579 5024 Pastorum
2617 4983 2792 5026 autem
2829 4982 3028 5024 sortem
3067 4970 3259 5024 factam
3297 4967 3492 5034 quibus

1919 5073 2186 5131 pra-erant
2216 5064 2439 5133 populos
2469 5065 2540 5117 ita
2573 5067 2730 5120 docet
2767 5083 2778 5116 ε
2817 5063 2981 5134 759
3013 5081 3032 5114 ι
3069 5062 3213 5128 Quas
3241 5063 3330 5130 qui
3365 5077 3492 5131 pos-

1921 5154 2208 5218 sederunt,
2243 5154 2672 5218 interliciebant,
2713 5165 2767 5210 et
2808 5171 2910 5209 non
2956 5154 3182 5224 agebant
3226 5153 3495 5223 pwuiten-

1923 5244 2070 5297 tiam.
2109 5264 2132 5296 ι
2161 5246 2310 5300 Sicut
2344 5247 2485 5299 enim
2524 5245 2853 5300 Dominicam
2895 5255 3074 5300 tuente
3110 5243 3490 5314 aspectabilem

1921 5339 2154 5401 vineam,
2187 5338 2457 5404 lsraelem,
2493 5339 2734 5407 inquam,
2762 5340 2872 5392 sive
2909 5339 3176 5393 hominem
3203 5336 3364 5398 Juda,
3401 5351 3489 5390 re-

1922 5446 2048 5484 cens
2091 5429 2377 5497 plantatam
2403 5431 2446 5460 ⁷³
2488 5439 2540 5483 ct
2583 5431 2870 5495 dilectam,
2907 5446 3056 5485 suam
3102 5435 3301 5485 sortem
3345 5428 3489 5482 fece-

1928 5532 2051 5575 runt
2107 5540 2117 5573 :
2171 5522 2242 5574 ita
2301 5532 2353 5574 ct
2410 5537 2598 5591 greges
2654 5525 3048 5590 quodammodo
3101 5523 3499 5592 poz-sc'lcrunt,

2051 5703 2076 5720 ιν

2179 5702 2222 5734 ⁷³
2263 5699 2361 5757 Ιδι.
2390 5716 2438 5770 ν,
2482 5699 2536 5756 '7.
