3934 6318
501 255 600 311 I87

1519 259 1579 317 S.
1621 261 1896 317 CYBILLI
1935 264 2403 320 ALEXANDRINI
2443 262 2758 318 AliClliEP.

3649 254 3738 304 Ιδδ

492 345 618 425 lur:
657 387 677 422 ι
707 367 870 423 Pasce
908 369 1156 438 populum
1183 380 1328 423 tuum
1364 372 1415 426 in
1455 373 1599 444 virga
1622 376 1728 430 ⁸³.)
1793 378 2058 433 Caeterum

2165 382 2311 450 τική.
2341 380 2565 450 Εἴρηται
2603 377 2731 447 γοῦν
2770 373 2927 429 πάλιν
2955 370 3044 424 διὰ
3070 369 3249 438 φωνῆς
3293 365 3571 436 προφήτου
3605 365 3736 436 πρὸς

491 462 546 517 In
587 462 768 517 verbis
801 462 1058 526 recitatis,
1093 462 1256 530 virga:
1287 465 1473 520 modos
1505 469 1794 536 pastoralis
1821 472 2060 526 scientiae

491 554 870 622 geminumque
901 567 1069 622 genus
1125 553 1407 611 laudabilis
1471 558 2061 640 institutionissigniﬁ-

489 653 634 699 cant.
683 644 921 697 Assumit
973 654 1152 699 autem
1197 646 1376 717 virgas
1413 667 1432 700 ι
1491 662 1675 718 pastor
1717 653 1907 718 bonus,
1967 657 2058 724 qui

489 737 638 807 ponit
662 740 898 790 animam
931 751 1080 790 suam
1111 753 1208 807 pro
1233 742 1477 806 ovibus,»
1510 743 1561 797 id
1593 753 1677 799 est
1700 746 1972 812 Christus,
2002 758 2060 804 ut

489 829 541 882 in
575 826 701 894 ipsis
729 837 912 896 pascat
947 843 1075 908 ove‘s
1103 845 1250 884 suas.
1277 831 1414 886 Olim
1452 837 1609 888 -enim
1661 835 1680 906 (
1725 847 1848 906 puta
1905 848 2059 892 ante-

486 935 645 987 quam
688 920 920 982 hominis
949 930 1137 974 natura
1166 937 1225 978 se
1263 925 1523 996 vestiret)
1558 971 1571 993 ,
1602 943 1721 982 cum
1749 939 1890 984 esset
1919 931 2058 986 Deus

485 1019 540 1065 ct
580 1011 868 1079 Iegislator,
899 1029 964 1066 ex
995 1014 1100 1069 Deo
1129 1015 1300 1083 Λόγος
1336 1015 1566 1072 Verbum
1599 1021 1851 1086 pascebat
1881 1020 2057 1076 Israe-

486 1103 612 1165 lem,
648 1103 810 1156 veluti
847 1119 949 1156 una
982 1105 1128 1175 virga
1159 1106 1312 1175 legali
1359 1108 1696 1166 institutione
1734 1120 1911 1166 utens.
1966 1112 2086 1168 Sic'

483 1193 624 1246 enim
660 1207 755 1262 per
787 1194 1100 1262 prophetam
1133 1210 1255 1249 eum
1283 1197 1478 1253 alicubi
1509 1201 1802 1271 alloquitdr
1833 1219 1847 1256 :
1881 1223 1900 1256 ‹
1946 1205 2058 1275 Ego

482 1282 768 1351 pascebant
797 1293 846 1339 te
878 1285 930 1337 in
964 1285 1252 1342 solitudine
1277 1288 1378 1342 ".r
1443 1289 1542 1344 Ast
1603 1301 1888 1362 postquam
1956 1311 2057 1350 no-

486 1372 586 1426 stri
635 1374 825 1427 similis
869 1373 1045 1430 factus
1089 1384 1173 1431 est
1225 1377 1386 1432 homo
1429 1379 1495 1445 “,
1540 1381 1672 1436 duas
1719 1383 1900 1453 virgas
1970 1401 2058 1441 as-

485 1465 731 1530 sumpsit.
765 1463 942 1518 Pascit
969 1466 1137 1530 enim,
1173 1475 1230 1520 ut
1254 1469 1571 1524 adoratores
1594 1487 1742 1538 suos,
1771 1489 1865 1543 per
1898 1476 2055 1531 [idem

483 1556 736 1608 nimirum
774 1557 1098 1625 justiticatos
1131 1567 1185 1613 et
1223 1561 1592 1619 sanctiﬁcatos
1653 1564 1704 1618 in
1742 1567 1932 1635 spiritu
1982 1569 2057 1623 le-

488 1648 688 1715 palibtts
714 1648 873 1702 simul
897 1661 948 1704 et
985 1651 1312 1720 evangelicis
1329 1656 1636 1723 praeceptis,
1669 1672 1772 1710 non
1802 1659 1866 1712 ad
1894 1661 2057 1716 boves

2166 473 2257 525 τὸν
2285 471 2446 524 Υίόνο
2485 490 2503 522 ι
2541 470 2801 538 Ποίμαινε
2833 464 2960 520 λαόν
3002 479 3097 516 σου
3137 462 3193 514 ὲν
3226 457 3426 530 ῥάϐδῳ.
3463 476 3480 509 ι
3523 457 3661 512 Ἀλλ’
3686 458 3738 512 ἐν

2167 579 2229 631 γε
2249 564 2361 626 τοῖς
2384 559 2797 632 προειρημένοις
2833 554 3181 628 σημαίνουσιν
3213 552 3267 604 αἱ
3299 548 3483 620 ῥάϐδοι
3509 548 3739 618 τρόπους

2168 654 2299 724 ἡμῖν
2328 652 2650 720 ποιμενικῆς
2695 649 3024 716 ἐπιστήμης,
3069 642 3163 697 καὶ
3199 640 3376 694 διττὸν
3406 638 3736 701 παιδεύσεως

2165 741 2322 807 εἶδος,
2354 741 2492 796 κατά
2529 757 2592 809 γε
2622 738 2684 792 τὸ
2725 737 3044 807 ἀμωμήτως
3085 733 3230 804 ἔχειν
3261 729 3478 785 δοκοῦν.
3519 730 3735 798 Δέχεται

2163 834 2219 888 δὲ
2243 833 2342 897 τὰς
2375 831 2602 905 ῥάϐδους
2635 849 2654 884 ι
2701 831 2730 882 6
2762 829 2964 899 ποιμὴν
2989 828 3015 880 6
3041 825 3225 889 καλὸς,
3256 826 3284 878 6
3309 823 3408 894 τὴν
3445 821 3622 893 ψυχὴν
3649 822 3738 908 αὐτ

2163 921 2257 976 τοῦ
2288 921 2400 986 θεὶς
2428 922 2566 994 ὑπὲρ
2595 919 2704 973 τῶν
2746 917 3055 988 προϐάτων,
3094 934 3113 967 ι
3166 913 3433 978 τουτέστι,
3482 911 3731 983 Χριστὸς,

2165 1013 2251 1067 ἵνα
2285 1013 2342 1066 ὲν
2375 1013 2566 1075 αὐταῖς
2604 1008 2989 1079 καταποιμάνη
3019 1005 3088 1060 τὰ
3123 1004 3231 1058 ἴδια
3269 1003 3535 1076 πρόϐατα.
3563 1001 3735 1055 Πάλαι

2168 1105 2264 1176 μὲν
2295 1104 2401 1172 γὰρ
2432 1101 2717 1164 (τουτέστι,
2755 1101 2849 1154 καὶ
2889 1099 2994 1170 πρὸ
3015 1098 3124 1152 τῶν
3152 1101 3252 1169 τῆς
3277 1096 3736 1168 ἐνανθρωπὴσεως

2163 1195 2391 1266 χρόνων)
2419 1194 2548 1256 Θεὸς
2571 1192 2668 1259 ὢν,
2703 1191 2797 1245 καὶ
2827 1190 3124 1260 νομοθέτης
3143 1229 3158 1254 ,
3189 1189 3217 1240 6
3257 1189 3324 1241 ἐκ
3361 1187 3495 1241 Θεοῦ
3527 1188 3735 1256 Πατρδς

2163 1285 2338 1353 Λόγος
2381 1283 2681 1338 κατέϐοσκε
2732 1283 2822 1336 τὸν
2885 1280 3136 1351 Ἰσραὴλ,
3196 1279 3358 1332 οἱονεὶ
3410 1280 3591 1350 ῥάϐδῳ
3640 1281 3736 1350 μιᾷ

2163 1374 2463 1447 χρώμενος,
2497 1376 2564 1445 τῇ
2596 1372 2735 1427 κατὰ
2760 1373 2922 1442 νόμον
2954 1369 3351 1440 παιδείᾳ.”Εφη
3385 1369 3492 1440 γάρ
3520 1385 3621 1421 που
3651 1368 3734 1420 διὰ

2165 1469 2440 1539 προφήτου
2469 1467 2653 1536 φωνῆς
2687 1465 2820 1536 πρὸς
2866 1465 3047 1518 αὐτόν·
3083 1482 3102 1515 ι
3146 1461 3286 1531 Ἐγὼ
3321 1462 3638 1532 ἐποίμαινόν
3681 1477 3732 1514 σε

2163 1562 2221 1616 ὲν
2250 1562 2315 1630 τῇ
2345 1560 2554 1630 ἐρήμῳ.
2591 1577 2609 1610 ι
2657 1557 2878 1627 Ἐπειδὴ
2909 1555 2966 1609 δὲ
2988 1555 3179 1624 γέγονε
3210 1553 3332 1606 καθ’
3359 1555 3505 1623 ἡμᾶς
3533 1553 3735 1625 ἄνθρω-

2165 1669 2286 1715 πος.
2334 1651 2428 1704 δύο
2471 1649 2685 1720 δέχεται
2733 1648 2983 1720 ῥάϐδους.
3034 1647 3347 1716 Κατανέμει
3395 1645 3504 1716 γάρ
3551 1647 3735 1718 ὥσπερ

487 1739 834 1796 -mmolandos
868 1742 1167 1812 impellens,
1199 1755 1444 1814 nequeut
1484 1747 1852 1806 oblationibus
1875 1767 2058 1808 secun-

2165 1745 2288 1806 τοὺς
2334 1742 2495 1806 ἰδίους
2529 1740 2930 1812 προσκυνητας,
2962 1739 3088 1801 τοὺς
3112 1737 3200 1790 διὰ
3232 1738 3468 1800 πίστεως
3498 1737 3734 1809 δηλονότι

491 1833 607 1884 ι1ιιιιι
636 1833 806 1901 legem
840 1835 1151 1890 Studeamus
1186 1852 1283 1892 nos
1331 1839 1547 1905 docens,
1577 1841 1669 1895 sed
1722 1841 1919 1910 jubens
1965 1860 2061 1913 po-

482 1924 610 1986 tius,
636 1923 712 1977 uti
747 1924 952 1978 cultum
984 1927 1035 1979 in
1064 1927 1252 1996 spiritu
1282 1937 1538 1999 tanquam
1571 1933 1910 1989 incruentum
1973 1952 2064 1990 sa-

480 2013 742 2069 criﬁcium
769 2014 1124 2072 celebremus.
1150 2016 1422 2074 Conversa
1453 2029 1536 2075 est
1579 2024 1723 2077 enim
1771 2035 1826 2079 et
1886 2036 2064 2082 muta-

482 2113 535 2156 ta
579 2107 768 2159 umbra
800 2106 853 2160 in
897 2107 1223 2163 veritatem:
1257 2121 1310 2164 et
1352 2127 1473 2181 qua
1505 2112 1558 2166 in
1613 2115 1782 2184 tigura
1830 2117 2089 2183 ﬁebant,-

482 2196 874 2263 t-hararterem,
894 2206 944 2252 et
974 2198 1198 2252 formam
1223 2200 1497 2271 elegantiae
1527 2205 1686 2274 762
1709 2204 2062 2272 Christiana),

479 2293 535 2337 et
565 2286 888 2354 evangelica:
947 2289 1070 2343 vitae
1133 2289 1442 2343 induerunt.
1508 2292 1734 2348 Nomina
1803 2309 2062 2365 prmterea

483 2371 646 2440 virgis
679 2383 822 2440 sunt,
851 2375 936 2428 uni
971 2377 1184 2444 quidem
1221 2376 1388 2432 Decor
1403 2395 1521 2448 qua:
1545 2391 1624 2436 est
1652 2382 2060 2440 Testamentum

481 2463 710 2530 Novum,
775 2464 1060 2534 pulchrum
1097 2475 1153 2520 et
1195 2467 1555 2524 admiratione
1619 2473 1866 2544 dignum,
1915 2477 2061 2546 quod

481 2557 594 2626 ipse
630 2557 796 2612 Filius
825 2559 1036 2613 locutus
1069 2566 1189 2625 est,
1226 2577 1246 2612 ι
1275 2559 1564 2632 Speciosus
1593 2580 1701 2633 pra:
1727 2567 1850 2621 ﬁliis
1882 2568 2060 2622 homi-

481 2663 606 2702 num
629 2648 672 2681 ⁸⁷
703 2665 719 2716 ;
764 2668 786 2701 ι
825 2649 982 2705 alteri
1006 2649 1318 2718 Funiculus,
1359 2654 1410 2708 id
1437 2664 1544 2720 est,
1577 2672 1724 2724 pars,
1755 2667 1814 2711 ut
1860 2658 2060 2714 intelli-

478 2752 670 2809 gamus
705 2739 876 2808 legem
899 2740 1109 2795 solitam
1137 2743 1350 2798 erudire
1377 2757 1683 2814 separatum
1744 2749 1854 2802 Deo
1912 2749 2060 2803 futti-

480 2830 681 2884 culum.
744 2829 1020 2899 Scriptum
1066 2839 1150 2886 est
1195 2833 1338 2888 enim
1376 2852 1390 2888 :
1437 2852 1456 2885 ι
1507 2834 1734 2902 Quando
1793 2839 2061 2895 dividebat

482 2923 794 2978 Altissimus
826 2933 1035 2994 gentes,
1063 2935 1118 2978 ut
1153 2925 1486 2995 dispergeret
1515 2928 1652 2982 lilios
1683 2916 1877 2995 Atlatn,
1929 2947 2062 2986 con-

481 3015 656 3070 stituit
684 3015 942 3071 terminos
979 3017 1218 3086 gentium
1240 3017 1391 3087 juxta
1419 3035 1699 3075 numerum
1730 3025 2050 3094 angelorum

486 3107 599 3173 Dei,
617 3116 673 3162 et
699 3105 800 3161 fuit
831 3121 956 3175 pars
993 3107 1201 3163 Domini
1236 3111 1461 3179 populus
1507 3112 1626 3180 ejus
1663 3112 1854 3178 Iacob,
1913 3116 2056 3170 ίιιιιὶ-
2087 3099 2129 3156 C

481 3199 636 3256 culus
671 3201 1004 3256 hereditatis
1033 3201 1150 3268 ejus
1179 3199 1362 3257 Israel.
1397 3222 1416 3256 ι
1456 3203 1616 3260 Hisce
1647 3207 1810 3276 igitur
1836 3210 2046 3265 duabus

485 3290 649 3362 virgis
692 3307 916 3363 magnus
949 3303 1223 3361 pastorum
1257 3295 1507 3364 princeps
1536 3311 1663 3350 oves
1711 3313 1836 3352 suas
1869 3312 2054 3367 pastu-

484 3399 604 3439 rum
637 3386 986 3454 spondet;et
1033 3399 1162 3440 vero
1213 3389 1520 3456 spopondit.
1553 3385 1609 3442 In
1657 3404 1816 3443 unam
1861 3392 2058 3460 quippe

483 3475 694 3530 caulam
716 3477 806 3546 qui
832 3491 898 3533 ex
934 3475 1122 3544 Israel,
1152 3486 1207 3534 et
1238 3478 1330 3548 qui
1364 3493 1431 3534 ex
1459 3478 1706 3549 gentibus
1739 3491 1892 3535 erant
1928 3497 2056 3536 con-

478 3566 656 3634 duxit,
689 3578 746 3624 et
788 3570 892 3624 illis
951 3569 1172 3641 legalem
1225 3571 1700 3642 evangelicamqne
1745 3573 2047 3627 dot-trinam

487 3676 539 3714 ιιι
575 3660 960 3714 nutrimentum
1007 3662 1248 3729 apponit,
1296 3673 1350 3717 et
1405 3663 1559 3731 quasi
1613 3665 1902 3733 quamdam
1943 3665 2054 3733 spi-

487 3754 728 3810 ritualem
753 3756 974 3811 herbam
1005 3754 1282 3811 fruendam
1309 3759 1630 3828 suppeditat,
1648 3769 1701 3814 et
1726 3758 1927 3812 alfatim
1964 3773 2057 3812 eos

486 3848 716 3915 saginat.

2163 1834 2633 1905 δεδικαιωμένους,
2661 1833 2756 1886 καὶ
2789 1831 3155 1902 ήγιασμένους
3192 1834 3248 1884 ὲν
3281 1830 3737 1901 πνεύματι,νομι-

2164 1929 2278 1990 κοῖς
2331 1945 2391 1979 τε
2427 1931 2540 1996 ἅμα
2573 1926 2665 1978 καὶ
2705 1924 3078 1993 εὐαγγελικοῖς
3113 1923 3496 1994 θεσπίσμασιν,
3521 1923 3583 1976 οὑ
3622 1923 3737 1994 βου-

2163 2019 2340 2072 θυτεῖν
2372 2017 2702 2080 ἀναπείθων,
2735 2016 2860 2070 οὔτε
2895 2017 3003 2088 μὴν
3031 2018 3150 2080 ταῖς
3200 2017 3340 2070 κατὰ
3367 2016 3531 2087 νόμον
3571 2033 3739 2087 προσ-

2163 2116 2406 2183 αγωγαίς
2441 2112 2802 2186 προσκεῖσθαι
2836 2113 3134 2166 διδάσκων·
3169 2110 3442 2166 ποιεῖσθαι
3463 2111 3517 2164 δὲ
3540 2110 3736 2182 μᾶλλον

2163 2203 2549 2277 προστεταχὼς
2580 2204 2679 2274 τῆς
2715 2205 2772 2258 ἐν
2807 2203 3080 2274 πνεύματι
3109 2203 3364 2272 λατρείας
3386 2204 3483 2275 τὴν
3510 2202 3739 2272 δύναμιν

2163 2297 2242 2359 εἰς
2265 2294 2606 2365 άναιμάκτου
2637 2293 2832 2357 θυσίας
2863 2293 3085 2364 τρόπον.
3120 2292 3515 2346 Μετατέθειται
3556 2291 3667 2363 γὰρ
3705 2291 3736 2360 ή

2165 2387 2293 2441 σκιὰ
2338 2387 2474 2459 πρὸς
2526 2386 2815 2458 ἀλήθειαν.
2874 2385 2969 2438 καὶ
3025 2386 3502 2456 μετακεχάρακται
3550 2385 3625 2439 τὰ
3686 2385 3740 2437 ὲν

2161 2479 2352 2543 τύποις
2380 2481 2458 2543 είς
2485 2480 2808 2550 άστειότητα
2861 2477 3132 2540 πολιτείας
3163 2479 3262 2548 τῆς
3305 2479 3363 2531 ἐν
3410 2475 3638 2548 Χριστῷ
3683 2492 3740 2528 τε

2163 2572 2257 2626 καὶ
2295 2570 2676 2640 εὐαγγελικῆς.
2724 2569 2992 2640 Ὀνόματα
3030 2569 3086 2622 δὲ
3113 2569 3206 2622 καὶ
3237 2570 3360 2630 ταῖς
3389 2567 3630 2638 ῥάϐδοις,
3677 2567 3740 2638 τῇ

2164 2663 2266 2734 μὲν
2304 2665 2404 2734 μιᾷ
2427 2661 2658 2728 Κάλλος,
2694 2661 2815 2732 ἥτις
2860 2661 2978 2714 ἐστὶ
3026 2658 3270 2731 Διαθήκη
3312 2661 3444 2724 Νέα,
3479 2659 3620 2730 καλὴ
3653 2660 3743 2713 καὶ

2162 2754 2615 2825 ἁξιοθαύμαστος,
2636 2753 2702 2824 ἢν
2728 2752 2890 2816 αὐτὸς
2922 2753 3218 2823 λελάληκεν
3245 2754 3274 2805 6
3301 2753 3450 2818 Υἱὸς,
3487 2771 3505 2802 ι
3529 2743 3746 2823 Ὠραίος

2162 2846 2345 2901 κάλλει
2391 2847 2542 2916 παρὰ
2579 2846 2705 2908 τοὺς
2734 2845 2880 2908 υἱοὺς
2914 2845 3023 2898 τῶν
3071 2843 3399 2914 ἀνθρώπων·
3428 2863 3447 2896 ι
3471 2844 3506 2914 ἦ
3537 2860 3606 2912 γε
3645 2843 3746 2913 μὴν

2161 2938 2323 3008 ἑτέρα
2370 2939 2685 3009 Σχοίνισμα,
2719 2937 2964 2991 τουτέστι
3013 2939 3202 3008 μερὶς,
3255 2937 3342 2990 ἵνα
3387 2936 3606 3004 νοῶμεν
3661 2937 3747 2990 τὸν

2162 3031 2348 3100 νόμον,
2371 3031 2430 3082 τὸ
2461 3029 2752 3100 ἀφορισθέν
2780 3027 2855 3098 τῷ
2895 3027 3014 3098 Θεῷ
3044 3026 3331 3097 σχοίνισμα
3375 3027 3748 3096 παιδαγωγεῖν

2163 3120 2410 3176 εἰωθότα.
2442 3121 2754 3190 Γέγραπται
2779 3119 2916 3190 γάρ·
2959 3120 3121 3171 ιὌτε
3152 3116 3461 3188 διεμέριζεν
3479 3118 3748 3189 ’Ὑψιστος

2164 3212 2325 3282 ἔθνη,
2377 3213 2452 3273 ὡς
2497 3211 2802 3280 διέσπειρεν
2865 3211 3011 3273 υἱοὺς
3071 3210 3286 3280 Ἀδὰμ,
3328 3208 3555 3280 ἔστησεν
3631 3213 3748 3282 ὅρια

2163 3299 2332 3354 ἐθνῶν
2397 3299 2539 3354 κατὰ
2588 3301 2820 3371 ἀριθμὸν
2868 3299 3117 3369 ἀγγέλων
3165 3298 3322 3367 Θεοῦ,
3373 3301 3465 3354 καὶ
3509 3301 3748 3374 ἐγενήθη

2165 3393 2323 3464 μερὶς
2351 3391 2556 3464 Κυρίου
2605 3392 2733 3456 λαὸς
2763 3392 2928 3447 αὐτοῦ
2971 3391 3185 3456 Ἰακὼϐ,
3223 3392 3511 3466 σχοίνισμα
3542 3395 3748 3465 κληρο-

2162 3482 2355 3550 νομίας
2402 3481 2565 3534 αὑτοῦ
2609 3481 2850 3554 Ἰσραήλ.
2889 3502 2906 3532 ι
2954 3481 3195 3546 Ταύταις
3243 3482 3307 3555 δὴ
3341 3479 3434 3536 οὖν
3464 3487 3587 3548 ταῖς
3625 3483 3746 3537 δυσὶ

2165 3574 2378 3646 ῥάϐδοις
2407 3575 2435 3627 ὁ
2467 3574 2637 3644 μέγας
2662 3575 2998 3645 ἁρχιποίμην
3037 3576 3440 3644 κατανεμήσειν
3468 3573 3745 3643 ἐπαγγέλ-

2162 3666 2312 3718 λεται
2346 3667 2414 3718 τὰ
2442 3663 2606 3717 αὑτοῦ
2639 3664 2912 3734 πρόϐατα,
2941 3665 3034 3718 καὶ
3067 3664 3305 3737 ἀτρεκὴς
3339 3667 3366 3718 6
3391 3664 3570 3732 λόγος.
3613 3665 3745 3716 Συν-

2163 3758 2384 3829 εκόμισε
2413 3756 2520 3827 γὲιρ
2553 3757 2632 3818 εἰς
2663 3756 2792 3826 μίαν
2826 3755 2995 3826 αὐλὴν
3024 3754 3149 3820 τούς
3182 3773 3237 3808 τε
3278 3755 3338 3819 ἐξ
3381 3753 3618 3826 Ἰσραὴλ,
3650 3754 3742 3807 καὶ

2168 3850 2349 3920 μέντοι
2376 3849 2500 3912 τοὺς
2535 3847 2594 3914 ἐξ
2643 3845 2834 3910 ἐθνῶν,
2863 3848 3093 3918 νομικήν
3133 3865 3192 3901 τε
3236 3845 3353 3916 ἅμα
3388 3847 3478 3899 καὶ
3507 3846 3742 3913 εὐαγγε-

485 3939 642 4011 λικὴν
683 3941 962 3998 παίδευσιν
998 3943 1179 4007 αὐτοῖς
1207 3945 1526 4016 παρατιθεὶς
1559 3947 1638 4010 εἰς
1681 3944 1918 4016 τροςὴν,
1961 3943 2054 3996 καὶ
2093 3937 2180 3994 οἷά
2241 3960 2360 3994 τινα
2425 3942 2561 3994 πόαν
2593 3940 2970 4011 πνευματικὴν
2999 3938 3249 4012 χορηγῶν
3273 3940 3352 4003 εἰς
3377 3935 3617 4009 μέθεξιν,
3654 3941 3745 3993 καὶ

485 4032 855 4087 καταπιαίνων
895 4033 1182 4099 πλουσίως.

522 4145 527 4151 ·
559 4125 716 4180 VEns.
751 4126 782 4180 8
810 4166 824 4192 ,
876 4128 929 4180 9.
995 4126 1061 4180 Et
1125 4127 1362 4196 auferam
1397 4138 1500 4181 tres
1542 4138 1772 4197 pastores
1807 4128 1859 4178 in
1897 4139 2066 4177 mense

486 4232 610 4282 uno,
642 4225 690 4270 et
719 4217 1026 4284 gravabitur
1077 4219 1257 4270 anima
1321 4233 1431 4270 mea
1475 4233 1632 4284 super
1693 4233 1798 4269 eos.
1853 4215 2061 4266 Etenim

484 4309 673 4362 anima:
701 4324 878 4362 eorum
947 4311 1216 4379 rugiebaut
1263 4326 1418 4378 super
1458 4325 1555 4362 me.
1597 4307 1660 4361 Et
1724 4308 1874 4360 dixi:
1935 4304 2057 4358 Non

483 4417 694 4470 pascam
733 4417 840 4454 t'os.
868 4400 1019 4466 Quod
1053 4403 1274 4454 moritur
1299 4402 1578 4460 moriatur,
1600 4408 1646 4452 et
1709 4400 1848 4468 quod
1876 4398 2055 4464 deﬁt-it

483 4497 774 4564 tleﬁciat,et
797 4498 995 4565 reliqua
1026 4495 1292 4561 devorent,
1328 4496 1679 4564 unusquisque
1711 4508 1891 4544 carnes
1934 4508 2056 4556 pra-

481 4603 608 4641 πιιιιι
635 4604 738 4644 ειη.

553 4763 764 4820 LXXX.
793 4766 960 4820 Dante
995 4768 1137 4820 enim
1171 4781 1230 4820 se
1254 4765 1364 4835 jam
1413 4765 1464 4819 in
1517 4774 1869 4832 conspectum
1927 4777 2055 4816 vero

481 4865 536 4910 et
563 4857 704 4912 bono
731 4868 969 4928 pastore,
1017 4860 1390 4927 arqnissimum
1421 4867 1538 4912 erat
1597 4858 1804 4926 utique,
1864 4855 1970 4909 imo
2002 4863 2055 4908 et

485 4951 849 5002 necessarium
887 4947 1254 5002 mercenarius
1305 4959 1357 5000 ct
1387 4946 1550 5000 falsos
1597 4957 1841 5014 pistores
1873 4959 2052 4999 remo-

483 5041 618 5105 veri,
647 5041 747 5095 hoc
771 5049 873 5105 est,
914 5037 1222 5093 Juda‘orum
1261 5039 1557 5093 secundum
1592 5039 1765 5108 legem
1814 5038 1976 5091 duces
2001 5045 2057 5090 et

485 5131 802 5200 lll35l5lr032
830 5144 1060 5199 Quorum
1090 5130 1179 5183 alii
1220 5131 1539 5184 occidebant
1570 5145 1718 5191 oves,
1776 5144 1873 5183 nec
1927 5145 2053 5194 age-

485 5222 609 5274 bant
641 5221 1038 5290 paanitentiam:
1068 5223 1268 5277 aliieas
1296 5223 1586 5276 renitentes
1600 5221 1848 5274 dicebant
1874 5239 1886 5274 :
1913 5240 1930 5272 ι
1952 5219 2050 5273 Bc-

486 5313 728 5364 umlit-tns
797 5310 1069 5376 Dominus,
1111 5323 1160 5367 ct
1197 5312 1309 5378 jam
1351 5313 1543 5367 divites
1598 5312 1725 5366 lacti
1778 5326 1984 5368 sumus.
2029 5330 2045 5360 ι

482 5401 601 5455 .1;ιιιι
643 5417 772 5456 vero
797 5417 928 5472 quos
955 5405 1168 5458 nomine
1201 5406 1357 5458 trium
1395 5417 1668 5476 pastorum
1701 5405 1924 5476 appellet
1951 5446 1963 5468 ,
1997 5413 2052 5458 ct

557 5600 605 5628 ⁸³
634 5601 786 5658 biit-li.
825 5621 919 5671 ιιι,
964 5606 975 5658 Ι
1004 5607 1040 5661 i.

493 5670 542 5738 Β,
572 5675 626 5726 li.

1120 5609 1159 5636 ελ
1193 5607 1348 5661 .luan.
1385 5625 1432 5673 κ,
1471 5609 1550 5660 lii.

1630 5609 1673 5638 ⁸⁵
1708 5608 1843 5664 0m:
1876 5623 1987 5671 xm,
2031 5605 2080 5659 Ei.

2244 4113 2354 4167 Kal
2392 4110 2588 4178 ἐξειμῶ
2633 4112 2772 4177 τοὺς
2810 4112 2967 4180 τρεῖς
3006 4113 3292 4182 ποιμένας
3331 4115 3402 4169 ἐν
3440 4119 3591 4186 μηνὶ
3629 4123 3743 4189 ἐνὶ,

2168 4205 2268 4259 καὶ
2291 4203 2742 4274 ,Βαρυνθήσεται
2784 4205 2821 4273 ἠ
2861 4205 3030 4274 ψυχή
3068 4224 3187 4275 μου
3222 4207 3316 4260 ἐπ’
3346 4210 3591 4278 αὐτούς.
3633 4216 3739 4268 Kal

2166 4296 2275 4366 γὰρ
2324 4299 2382 4349 αἱ
2421 4295 2612 4365 ψυχαὶ
2675 4294 2874 4349 αὐτῶν
2930 4296 3269 4367 ἐπωρύοντο
3318 4299 3412 4353 ἐπ’
3456 4303 3578 4372 ἐμέ.
3632 4307 3739 4360 Kal

2165 4387 2337 4444 εἶπαο
2379 4393 2459 4445 Οὐ
2504 4388 2774 4459 ποιμανῶ
2816 4391 2989 4459 ὑμᾶς.
3041 4391 3115 4446 Τὸ
3164 4394 3558 4462 ἀποθνῆσκον
3597 4399 3742 4452 ἁ.το-

2165 4483 2503 4551 ονησκέτω,
2545 4482 2640 4536 καὶ
2678 4485 2745 4534 τὸ
2779 4483 3064 4536 ἐκλεῖπον
3111 4485 3500 4553 exin-rasere),
3543 4490 3642 4542 καὶ
3672 4491 3740 4544 τὰ

2165 4576 2500 4631 ualedicunt
2529 4574 3008 4628 κατεσθίέτωσαν
3028 4620 3042 4642 ,
3073 4577 3330 4646 ἕκαστος
3365 4581 3470 4647 τὰς
3507 4583 3740 4650 σάρκας

2164 4668 2272 4723 τοῦ
2300 4669 2566 4735 πλησίον
2587 4667 2793 4722 αὐτοῦ.

2225 4762 2305 4814 Π’.
2349 4758 2782 4830 Ἀναδειχθέντος
2821 4762 2928 4830 γὰρ
2978 4761 3078 4832 ἤδη
3127 4761 3222 4814 τοῦ
3256 4762 3510 4834 ἀληθινοῦ
3546 4781 3605 4817 τε
3649 4764 3739 4818 καὶ

2152 4849 2358 4920 ἀγαθοῦ
2411 4853 2687 4922 ποιμένος,
2729 4846 2796 4923 ἦν
2825 4853 2998 4924 δήπου
3037 4855 3128 4907 καὶ
3165 4854 3308 4926 μάλα
3343 4857 3509 4920 εἰκὸς.
3541 4860 3740 4927 μᾶλλην

2151 4943 2207 4996 δὲ
2254 4944 2352 5017 ἤδη
2399 4943 2493 4997 καὶ
2537 4944 2857 5012 ἀναγκαῖον,
2910 4947 2974 4999 ὲκ
3027 4947 3190 5015 μέσου
3246 4947 3502 5015 γενέσθαι
3555 4948 3738 5001 λοιπὸν

2151 5035 2276 5097 τοὶ-ς
2311 5033 2616 5102 μισθωτοὺς
2662 5035 2751 5087 καὶ
2788 5034 3249 5106 ψευδοποίμενας,
3285 5039 3554 5102 τουτέστι,
3615 5042 3739 5102 τοὺς

2161 5123 2266 5176 τῶν
2303 5122 2570 5177 Ἰουδαίων
2621 5125 2762 5178 κατὰ
2810 5127 2972 5194 νόμον
3021 5127 3335 5198 καθηγητάς
3363 5144 3376 5158 ⁸
3422 5123 3495 5182 ὧν
3545 5130 3594 5181 οἱ
3644 5129 3740 5198 μὲν

2161 5213 2502 5284 κατέσφαζον
2534 5217 2600 5268 τά
2633 5215 2899 5286 πρόϐατα,
2943 5217 3035 5268 καὶ
3065 5218 3124 5269 οὐ
3157 5220 3550 5288 μετεμέλοντο⁶
3599 5221 3647 5272 οἱ
3686 5220 3739 5272 δὲ

2158 5309 2222 5379 δὴ
2249 5309 2552 5372 πωλοῦντες
2579 5308 2717 5361 αὐτὰ
2748 5308 2960 5376 ἔλεγον
3005 5330 3021 5360 ι
3048 5309 3351 5381 Εὐλογητὸς
3390 5311 3612 5383 Κύριος,
3650 5312 3741 5364 καὶ

2163 5400 2635 5471 πεπλουτήκαμεν.
2674 5422 2688 5450 ι
2729 5397 2856 5454 Εἶτα
2900 5399 2951 5451 τε
2995 5401 3055 5472 δή
3095 5421 3222 5458 ποτε
3259 5404 3350 5457 καὶ
3379 5405 3510 5475 φαίη
3550 5421 3636 5468 τις
3679 5405 3741 5457 ἂν

3294 5602 3338 5632 ⁸⁸
3365 5603 3519 5657 Deut.
3561 5617 3736 5666 usti,

2161 5605 2203 5631 πθ
2237 5601 2465 5673 l‘hililib.
2509 5618 2568 5668 ιι,
2598 5602 2647 5654 ’7.
2731 5603 2772 5632 ⁸⁷
2809 5602 2950 5658 l‘sal.
2985 5619 3125 5667 κων,
3161 5603 3211 5657 δ·
