3934 6318
212 242 298 295 189
1027 259 1576 322 COMMENTARIUS
1619 267 1684 324 IN
1730 269 2129 327 Z.\Cll.-\lll.—\M
2171 275 2611 336 PllOPllETAM.
3368 287 3465 342 illo

205 364 452 435 ποιμένας
509 369 715 435 αὐτοὺς
767 372 1023 443 ὀνομάζει
1067 380 1256 448 τρεῖς,
1310 380 1432 434 τίνα
1479 381 1536 435 δὲ
1583 384 1758 455 τρόποπ

1913 403 2125 458 [uenatu
2164 393 2321 446 modo
2352 396 2691 460 aul‘erantur,
2719 407 2773 450 ut
2796 397 2946 462 dicit,
2986 415 3168 453 mense
3198 416 3326 466 uno,
3368 418 3466 470 age

203 458 525 561 ἐξαίρονται,
558 461 706 515 καθά
731 480 919 535 φησιν,
949 467 1008 519 ὲν
1039 469 1170 539 μηνὶ
1204 472 1308 536 ἐνὶ,
1341 474 1475 544 φέρε
1515 475 1579 546 δὴ
1609 477 1752 546 λέγω

1912 483 1952 536 ιιι
1989 483 2146 538 fidem
2174 487 2562 543 conciliandam
2601 491 2785 545 locise
2815 505 2971 545 sacra
3008 490 3284 561 Scriptura
3339 507 3465 561 pro-

207 567 314 654 μεν,
342 550 413 604 τὰ
557 553 668 607 τῶν
699 555 859 627 ἱερῶν
891 557 1242 630 Γραμμάτων
1273 567 1668 636 παρατιθέντες
1701 572 1760 622 εἰς

1913 576 2007 628 alis
2033 577 2381 633 disseramus.
2418 580 2684 635 Existimo
2719 583 2881 652 igitur
2909 592 3018 636 tres
3067 593 3313 651 pastores
3371 598 3466 638 no-

205 641 398 695 πίστιν.
433 639 612 714 Οἶμαι
656 646 720 718 δὴ
747 645 862 714 οὖν,
898 649 982 704 ὅτι
1018 656 1167 723 τρεῖς
1196 656 1453 727 ὀνομάζει
1490 662 1757 730 ποιμένας

1912 668 2076 722 ninari
2107 680 2202 726 :et
2229 672 2530 728 sacerdotio
2565 676 2842 744 fungentes
2868 675 3159 730 secundum
3194 676 3380 745 legem,
3410 687 3465 731 ct

197 737 318 799 τούς
345 753 402 788 τε
434 737 579 792 κατὰ
603 741 766 811 νόμον
799 743 1197 813 ἱερατεύοντας,
1231 751 1324 802 καὶ
1355 753 1480 816 τοὺς
1505 755 1749 823 τεταγμέ

1908 759 2088 814 udices
2117 762 2294 830 populi
2322 766 2670 829 constitutos,
2703 775 2756 820 et
2805 776 3002 836 prmter
3039 765 3136 819 hos
3183 767 3461 820 sacrarum

194 842 316 892 νους
366 830 565 899 κριτὰς
607 832 700 886 τοῦ
752 833 914 888 λαοῦ’
968 839 1062 891 καὶ
1117 842 1342 910 προσέτι
1389 845 1597 909 τούτοις
1650 848 1744 900 τοῦ

1909 851 2206 906 .itterarutn
2242 854 2582 924 interpretes,
2609 866 2701 909 aut
2727 857 2901 927 legunt
2933 858 3135 924 peritos
3167 873 3182 920 ;
3209 857 3260 910 hi
3292 858 3462 926 siqui-

190 927 852 1018 ypajtpatoetfaywysic,
901 929 1022 999 ῆτοι
1052 932 1180 995 τοὺς
1219 932 1509 1004 νομικούς·
1555 936 1743 991 κατὲὁι

1908 944 2002 1005 lem
2035 943 2284 1000 lsraelem
2331 949 2642 1017 pascebant.
2677 947 2744 1002 Et
2773 949 2990 1018 quidem
3034 949 3124 1016 qui
3177 950 3461 1004 sacerdotii

191 1027 320 1110 σκον
358 1012 474 1110 γὰρ
512 1009 658 1077 οὗτοι
697 1015 789 1070 τὸν
831 1019 1070 1092 Ἰσραήλ.
1108 1024 1219 1076 Καὶ
1253 1027 1300 1078 οἱ
1335 1025 1434 1095 μὲν
1477 1029 1742 1098 ἱερωσύνη

1908 1051 2112 1092 ιοηοτθε
2140 1040 2420 1106 gerebant,
2451 1055 2514 1094 ex
2546 1041 2659 1095 sola
2693 1042 2833 1094 tribu
2879 1039 3006 1095 Levi
3061 1056 3230 1110 genus
3293 1041 3461 1095 duce-

189 1104 406 1173 ιχοντες
431 1105 616 1171 δόξαν,
651 1107 716 1162 ἑκ
743 1107 911 1180 μόνης
942 1107 1084 1182 ἦσαν
1121 1115 1220 1185 τῆς
1255 1115 1431 1186 φυλῆς
1470 1117 1638 1182 Λευῖ,
1679 1137 1742 1174 κα

1910 1136 2030 1189 ant,
2054 1141 2117 1180 ac
2147 1127 2214 1181 de
2244 1128 2310 1182 iis
2349 1129 2551 1182 dictum
2578 1141 2659 1184 est
2700 1147 2728 1183 a
2757 1129 3015 1184 Malachia
3044 1147 3057 1183 :
3083 1148 3101 1181 ι
3144 1129 3311 1184 Labia
3374 1146 3463 1185 sa.

188 1196 319 1266 περὶ
352 1197 540 1252 αὐτῶν
568 1197 669 1270 ἔφη
702 1201 989 1272 Μαλαχίας
1010 1220 1025 1235 ·
1059 1223 1078 1257 ι
1115 1207 1282 1277 Χείλη
1319 1209 1504 1280 ἱερέως
1537 1211 1740 1279 φυλάξε

1910 1221 2113 1274 erdotis
2143 1221 2450 1275 custodient
2479 1222 2784 1286 scientiam,
2805 1232 2858 1276 et
2892 1225 3062 1292 legem
3093 1223 3372 1291 requirent
3393 1236 3461 1276 ex

183 1303 272 1342 ται
331 1290 542 1360 κρίσιν,
593 1293 690 1346 καὶ
737 1293 899 1364 νόμον
947 1294 1340 1369 ἐκζητήσωσιν
1397 1303 1462 1356 ὲκ
1505 1303 1736 1374 στόματο

1909 1325 1966 1364 re
1999 1310 2116 1378 ejus
2148 1312 2214 1364 υ.
2248 1331 2266 1363 ι
2290 1312 2390 1378 Qui
2420 1325 2600 1368 autem
2632 1314 2907 1383 judicandi
2950 1290 3274 1385 potestatem
3319 1315 3462 1370 ohti-

183 1379 377 1433 αὑτοῦ.
403 1399 423 1432 ›
458 1383 524 1434 Οἱ
554 1381 610 1436 δὲ
641 1383 707 1454 δὴ
734 1384 987 1455 λαχόντες
1013 1386 1108 1441 τοῦ
1137 1388 1345 1460 κρίνειν
1373 1392 1472 1464 τὴν
1498 1393 1736 1458 ἐξουσίαι

1906 1402 2212 1471 ιθΙ›;ιιιι,ἰρεί
2239 1419 2454 1474 quoque
2485 1406 2702 1472 delecti,
2728 1422 2915 1461 verum
2983 1423 3054 1461 ex
3115 1407 3262 1461 omni
3316 1408 3459 1475 tribu

183 1472 483 1527 ἀπόλεκτοι
531 1474 631 1546 μὲν
668 1477 762 1530 καὶ
801 1478 955 1532 αὐτοὶ
978 1519 993 1543 ,
1043 1479 1184 1552 πλὴν
1229 1483 1294 1536 ὲκ
1343 1485 1524 1555 πάσης
1565 1487 1736 1540 ἀνεδεί

1907 1495 2313 1552 reabantur.Ad
2349 1499 2832 1553 emmlemmudum
2901 1510 3178 1554 Saerarum
3230 1499 3460 1552 Littera-

183 1581 380 1618 κνυντο
409 1565 604 1638 φυλῆς.
627 1566 782 1622 Κατὰ
813 1569 904 1622 τὸν
935 1570 1047 1624 ίσον
1080 1571 1157 1637 δὲ,
1186 1569 1363 1644 οἶμαι,
1382 1576 1580 1648 τρόπον
1607 1580 1699 1632 καὶ
1723 1597 1736 1632 ι

1904 1609 1990 1645 um
2029 1593 2366 1662 interpretes,
2410 1595 2542 1656 sive,
2573 1603 2631 1647 ut
2661 1596 2826 1646 modo
2859 1594 2994 1656 dixi,
3028 1592 3188 1662 763
3230 1591 3457 1661 legiSpe-

181 1665 833 1754 γραμματοεισαγωγεῖς,
865 1665 1054 1735 ῆγουν,
1082 1666 1335 1739 καθάπερ
1373 1669 1509 1740 ἔφην
1543 1670 1734 1740 ἀρτίως

1907 1684 1987 1751 iti,
2019 1686 2111 1754 qui
2139 1684 2411 1750 judieibus
2438 1702 2653 1754 semper
2679 1686 3008 1747 assidentes,
3049 1687 3099 1737 in
3132 1698 3457 1751 unaquaque

179 1752 226 1806 οἱ
267 1755 510 1823 νομικοὶ,
534 1758 649 1819 τοῖς
673 1757 753 1820 εἱς
774 1758 836 1811 τὺ
858 1759 1066 1830 κρίνειν
1095 1763 1450 1831 τεταγμένοις
1486 1764 1574 1816 ἀεὶ
1601 1782 1732 1835 προσ

1905 1790 2036 1829 ausa
2064 1777 2226 1831 verba
2279 1778 2410 1847 legis
2454 1779 2520 1830 ad
2579 1776 3046 1832 confirmationem
3091 1773 3453 1828 adducebant.

181 1846 496 1918 εδρεύοντες
517 1888 532 1911 ,
569 1850 664 1902 καὶ
689 1847 760 1903 τὰ
792 1851 886 1904 τοῦ
915 1853 1080 1922 νόμου
1120 1853 1428 1925 γράμματα
1462 1873 1734 1927 παρακομι

1902 1867 2146 1922 lnistros
2185 1869 2348 1936 igitur
2380 1883 2572 1924 sacros
2599 1868 2912 1921 divinorum
2963 1867 3350 1936 mysteriorum
3390 1879 3455 1917 ex

183 1939 368 2032 ζοντες
397 1940 480 2003 είς
504 1940 781 2006 ἀπόδειξιν
807 1946 906 2014 τὴν
937 1945 1022 2012 ἐφ’
1050 1946 1269 2016 ἑκάστῳ
1307 1947 1614 2018 πράγματι.
1637 1949 1736 2002 Ὅτ

1902 1961 1985 2016 ola
2014 1961 2152 2015 tribu
2183 1961 2309 2016 Levi
2342 1963 2629 2032 proditsse,
2677 1961 3054 2014 demonstrare
3081 1956 3211 2012 nihil
3244 1956 3455 2009 attinet.

187 2029 282 2099 μὲν
309 2026 426 2094 οὖν,
458 2030 534 2095 ὼς
555 2032 712 2103 ἔφην,
743 2035 852 2088 τῶν
884 2036 1045 2090 θείων
1077 2039 1390 2109 μυστηρίων
1408 2041 1456 2092 οί
1493 2042 1740 2112 ἱερουργο

1901 2055 1944 2108 Ix
1977 2056 2227 2109 omnibus
2251 2026 2426 2109 autem
2459 2053 2704 2108 trilmbus
2726 2053 2957 2107 selectos
3005 2051 3174 2105 fuisse
3229 2049 3454 2111 iudices,

184 2121 246 2172 ἑκ
267 2119 438 2190 μόνης
459 2116 600 2190 ἦσαν
629 2122 730 2191 τῆς
752 2123 847 2176 τοῦ
876 2125 1006 2178 Λευῒ
1036 2125 1230 2196 φυλῆς,
1258 2127 1471 2192 οὐδενὸς
1499 2130 1564 2182 ἂν
1592 2130 1735 2184 δέοιτ

1909 2156 1928 2199 ι
1960 2146 2120 2199 etiam
2156 2147 2286 2214 legis
2312 2159 2531 2214 gnaros,
2552 2144 2766 2199 docebit
2795 2144 2952 2214 plane
2977 2142 3152 2196 Moses
3183 2142 3234 2196 in
3265 2142 3459 2195 Dente-

187 2214 321 2284 πρὸς
363 2213 640 2281 ἀπόδειξιν
673 2215 852 2284 λόγου.
882 2218 1002 2270 "Ott
1040 2217 1097 2271 δὲ
1123 2219 1186 2270 ὲκ
1215 2220 1396 2289 πάσης
1426 2221 1599 2291 φυλῆς
1628 2222 1740 2274 ἀπὸ

1905 2238 2141 2300 nnnmio,
2172 2239 2240 2292 ita
2270 2239 2453 2292 dicens
2493 2237 2618 2292 filiis
2648 2234 2814 2290 Israel
2842 2253 2854 2290 :
2889 2255 2906 2287 ι
2932 2233 3152 2290 Iudices
3179 2245 3231 2287 ct
3287 2235 3458 2304 magi-

189 2305 364 2358 λεκτοι
396 2307 447 2358 οἱ
491 2306 790 2378 κρίνοντες,
841 2309 916 2372 ὡς
968 2310 1320 2380 νομομαθεῖς,
1373 2312 1741 2383 ἐλαμϐάνοντο

1904 2337 2009 2382 tros
2039 2329 2338 2383 constitues
2369 2327 2462 2382 tibi
2499 2329 2550 2380 in
2585 2327 2837 2380 omnibus
2873 2326 3103 2379 urbibus
3144 2324 3271 2388 tuis,
3319 2337 3457 2392 quas

191 2399 590 2472 πληροφορήσει
662 2400 836 2470 λέγων
888 2403 916 2455 ὁ
973 2405 1245 2474 μακάριος
1306 2407 1510 2477 Μωσῆς
1577 2410 1633 2462 ἐν
1685 2407 1744 2478 tt]

1903 2420 2128 2476 tominus
2164 2420 2300 2474 Deus
2332 2430 2454 2473 tuus
2486 2420 2577 2473 dat
2629 2419 2720 2473 tibi
2763 2434 2858 2487 per
2914 2417 3105 2480 tribus,
3141 2425 3195 2470 et
3244 2415 3456 2484 judica-

191 2495 584 2564 Διυτερονομίῳ
647 2499 764 2559 τοῖς
827 2498 964 2561 υἱοῖς
1021 2499 1267 2570 Ἰσραήλ·
1346 2517 1364 2550 ι
1398 2501 1608 2570 Κριτάς
1669 2503 1744 2554 κα

1900 2523 2005 2566 utut
2035 2514 2288 2583 pepulum
2313 2513 2573 2582 judicium
2597 2513 2821 2582 justum.
2855 2509 2967 2563 Non
2996 2508 3345 2563 declinabunt
3365 2507 3453 2576 juo

192 2589 814 2657 γραμματοεισαγωγεὶς
862 2591 1233 2660 καταστήσεις
1262 2591 1442 2662 ἐαυτῷ
1472 2595 1530 2645 ἐν
1560 2594 1745 2655 πάσαις

1907 2604 2067 2656 icium
2096 2595 2322 2670 justum,
2356 2616 2461 2654 non
2518 2607 2846 2669 cognoscent
2902 2611 3213 2668 personam,
3281 2610 3456 2661 neque

190 2681 300 2742 ταῖς
332 2679 517 2733 πόλεσί
565 2698 683 2746 σου,
715 2678 803 2746 αἷς
849 2682 1052 2753 Κύριος
1096 2687 1125 2737 ὁ
1159 2684 1291 2750 Θεός
1334 2703 1428 2738 σου
1459 2686 1641 2740 δίδωσί
1680 2705 1740 2740 σο

1902 2694 2426 2760 ccipientmuuera:
2469 2707 2590 2746 nam
2659 2705 2881 2744 munera
2949 2695 3224 2743 exca'cant
3269 2685 3455 2739 oculos

191 2773 323 2826 κατά
353 2771 544 2840 φυλὰς,
581 2772 677 2826 καὶ
709 2773 952 2843 κρινοῦσι
985 2775 1078 2828 τὸν
1122 2775 1250 2828 λαὸν
1299 2777 1481 2847 κρίσιν
1520 2776 1738 2830 δικαίαν

1899 2787 2170 2855 apieututn
2203 2826 2218 2850 ,
2261 2794 2314 2838 et
2385 2784 2577 2839 tollunt
2639 2785 2804 2837 verba
2855 2778 3214 2849 justorum“.
3261 2796 3280 2829 ι
3316 2776 3451 2830 Tres

190 2865 293 2916 οὐκ
317 2864 625 2919 ἑκκλινοῦσι
657 2865 858 2936 κρίσιν,
892 2868 993 2920 οὐκ
1022 2867 1414 2937 ἐπι-γνώσονται
1445 2870 1736 2941 πρόσωπον

1902 2878 2034 2949 gitur
2067 2887 2313 2949 pastores
2351 2888 2478 2933 sunt
2500 2877 2830 2938 sacerdotes.
2863 2885 2921 2929 et
2948 2871 3174 2943 judices,
3207 2879 3258 2925 et
3282 2869 3455 2938 legum

189 2957 298 3011 οὐδὲ
327 2959 611 3030 λήψονταιο
642 2959 710 3013 τὰ
741 2959 848 3031 γὰρ
881 2960 1030 3032 δῶρα
1061 2961 1420 3030 ἐκτυφλοῦσιν
1447 2963 1760 3035 ὀφθαλμοὺς
1868 2971 2038 3025 docti.

190 3046 376 3114 σοφῶν,
411 3048 508 3101 καὶ
535 3047 742 3120 ἐξαίρει
767 3049 963 3118 λόγους
988 3049 1233 3104 δικαίων,
1275 3069 1294 3104 ›
1327 3052 1490 3124 Τρεῖς
1553 3051 1646 3108 οὖν
1711 3055 1820 3128 ἄρα
1884 3059 2162 3130 ποιμένες,
2210 3062 2374 3133 ἱερεῖς
2420 3079 2481 3114 τε
2521 3061 2616 3115 καὶ
2661 3059 2850 3131 κριταὶ
2921 3057 3017 3114 καὶ
3062 3057 3171 3112 τῶν
3212 3054 3456 3126 νομικῶν

188 3144 521 3216 γραμμάτων
548 3144 932 3215 ἐπιστήμονες,
967 3146 1248 3199 τουτέστιν
1275 3148 1321 3200 οἱ
1351 3151 1586 3219 νομικοὶ.

250 3238 568 3308 Εύρήσομεν
596 3237 655 3291 δὲ
681 3237 776 3291 καὶ
806 3237 970 3290 αὑτὸν
998 3237 1090 3292 τὸν
1121 3237 1326 3310 Κύριον
1354 3242 1515 3312 ἡμῶν
1552 3243 1760 3314 Ἰησοῦν
1788 3250 1803 3304 t

1935 3243 2116 3297 Palam
2179 3259 2340 3313 porro
2362 3255 2442 3298 est
2504 3253 2560 3299 et
2620 3242 2907 3297 Dominum
2977 3253 3222 3296 nostrum
3265 3240 3450 3296 Jesutn

186 3329 266 3382 τὸν
294 3330 530 3402 Χριστὸν
579 3329 934 3396 ταλανίζοντα
969 3332 1318 3404 διῃρημένως
1344 3335 1674 3404 Φαρισαίους
1704 3354 1734 3388 τ

1898 3336 2146 3390 lhristum
2179 3337 2487 3407 deplorasse
2529 3337 2786 3390 distincte
2816 3333 3120 3389 Pharisaros
3141 3345 3194 3388 et
3231 3334 3451 3389 Seribas

184 3423 271 3475 xui.
301 3423 658 3495 Γραμματεϊς
687 3423 782 3476 καὶ
813 3424 1348 3494 νομικούς.Ἕφασκε
1383 3419 1522 3499 γάρ’
1579 3445 1596 3478 ι
1631 3429 1737 3481 Οὺα

1899 3437 1924 3480 ηι
1947 3425 2305 3494 legisperitos.
2340 3425 2431 3480 Sic
2462 3441 2690 3494 namque
2713 3426 2785 3479 ait
2816 3443 2830 3479 :
2873 3424 3005 3480 «Vae
3035 3423 3204 3490 vobis,
3249 3423 3452 3478 Scriba:

182 3517 324 3585 ὑμῖν,
354 3516 713 3587 Γραμματεῖς
739 3515 832 3569 καὶ
863 3517 1167 3587 Φαρισαῖοι,
1203 3538 1220 3570 ι
1256 3519 1441 3571 Ταῦτα
1469 3519 1523 3571 δὲ
1550 3520 1735 3588 λέγοντ

1898 3530 1926 3573 τι
1961 3520 2228 3582 ,1³11³τίεωί
2257 3520 2324 3573 ⁸⁸.
2363 3538 2382 3569 ι
2427 3519 2550 3573 llaec
2581 3520 2846 3574 dicentem
2882 3518 3101 3588 quidam
3151 3517 3234 3572 his
3272 3517 3451 3572 verbis

180 3611 539 3679 προσηπήντα
569 3624 654 3670 τις
683 3606 832 3677 αὐτῷ
856 3607 965 3661 τῶν
1009 3608 1269 3678 νομικῶν,
1298 3610 1504 3678 λέγων’
1557 3629 1574 3660 ι
1609 3609 1733 3663 Διδά

1896 3613 2232 3682 nterpellavit
2267 3633 2280 3668 :
2310 3631 2328 3664 ι
2370 3612 2649 3682 Magister,
2689 3613 2802 3665 haec
2835 3610 3026 3665 dicens
3079 3611 3243 3664 etiam
3295 3609 3449 3662 nobis

182 3699 363 3763 σκαλε,
395 3697 571 3752 ταῦτα
596 3698 773 3768 λέγων
805 3699 898 3752 καὶ
923 3700 1071 3770 ἡμᾶς
1110 3699 1374 3770 ὑϐρίζεις.
1437 3702 1494 3753 Ὀ
1534 3700 1591 3753 δὲ
1621 3694 1735 3752 εἷπε

1897 3701 2118 3769 njuriatn
2152 3702 2301 3756 facis.
2337 3705 2404 3756 At
2451 3703 2537 3754 ille
2583 3702 2692 3763 ait,
2721 3701 2896 3768 inquit
2938 3719 2952 3752 ι
2988 3697 3052 3752 Ει
3095 3700 3243 3754 vobis
3291 3697 3450 3765 legis-

180 3793 342 3863 φησί·
391 3793 501 3845 Καὶ
559 3793 690 3862 ὑμῖν
743 3794 855 3856 τοῖς
899 3794 1146 3862 νομικοῖς
1173 3793 1332 3856 Οὐαὶ,
1370 3794 1450 3846 ὅτι
1481 3792 1733 3864 φορτίζετ

1897 3793 2056 3847 teritis
2080 3808 2176 3858 vae,
2204 3795 2329 3862 quia
2357 3793 2596 3846 oneratis
2631 3793 2873 3845 homines
2893 3791 3150 3844 oneribus
3182 3806 3300 3858 quae
3329 3805 3450 3857 por—

177 3887 284 3950 τοῖς
331 3885 642 3956 ἀνθρώποις
694 3886 888 3956 φορτία
931 3883 1336 3950 δυσϐάστακτα,
1369 3887 1461 3940 καὶ
1497 3889 1650 3941 αὐτοὶ
1684 3890 1730 3942 ἐκ

1892 3900 1985 3938 are
2015 3898 2119 3938 non
2164 3892 2408 3951 possunt,
2434 3893 2489 3935 et
2517 3882 2616 3949 ipsi
2644 3896 2749 3934 uno
2773 3881 2942 3950 digito
2970 3892 3151 3933 veStro
3183 3893 3289 3932 non
3324 3888 3444 3932 tan-

177 3978 279 4031 τῶν
320 3978 604 4032 δακτύλων
655 3978 812 4049 ὑμῶν
855 3978 916 4030 οὐ
961 3978 1306 4050 προσψαύετε
1332 3980 1538 4044 αὐτοῖς.
1578 4002 1595 4032 ι
1632 3976 1730 4034 Οἷδ

1903 3977 1992 4031 itis
2018 3993 2081 4032 ea
2117 3979 2218 4032 θ’.»
2255 3975 2370 4030 Non
2429 3993 2514 4028 me
2563 3975 2700 4040 fugit
2736 3974 2893 4028 etiam
2955 3971 3246 4042 aliquando
3297 3987 3448 4041 reges

183 4069 274 4138 μὲν
304 4065 393 4123 οὖν
419 4071 503 4123 ὅτι
534 4069 630 4122 καὶ
657 4069 706 4122 οἱ
738 4068 1118 4140 βασιλεύοντες
1145 4071 1288 4125 κατὰ
1314 4074 1539 4143 καιροὺς
1564 4075 1620 4126 ὲν
1649 4077 1736 4127 τοῖς

1893 4067 2256 4139 lierosolymis
2282 4067 2346 4120 de
2377 4066 2515 4120 tribu
2559 4063 2694 4118 Juda
2721 4063 2966 4128 subjecto
3010 4062 3203 4132 populo
3260 4070 3446 4129 pasto-

189 4159 576 4236 Ἰεροσολύμοις
595 4147 671 4216 «ἐκ
696 4163 793 4233 τῆς
830 4162 997 4217 Ἰούδα
1023 4165 1198 4235 φυλῆς
1222 4165 1375 4231 τάξιν
1405 4167 1620 4235 ἀπεπλή
1633 4183 1742 4237 ρουι

1897 4177 1983 4216 unt
2013 4175 2206 4214 munus
2241 4158 2553 4228 praestitisse
2575 4157 2640 4209 ⁵³.
2674 4157 2742 4210 At
2775 4165 3059 4224 postquam
3118 4154 3333 4208 Christo
3358 4171 3450 4208 na-

184 4256 446 4326 ποιμένων
474 4258 589 4318 τοῖς
630 4254 734 4308 ὑπὸ
767 4257 924 4328 χεῖρα
952 4256 1120 4321 λαοῖς.
1139 4258 1355 4330 Ἐπειδὴ
1383 4259 1438 4312 δὲ
1468 4258 1726 4329 γεννηθέν

1893 4268 2116 4324 o,genus
2145 4267 2330 4321 regum
2363 4246 2583 4313 defecit,
2612 4263 2707 4304 seu
2731 4248 3040 4316 principatu
3097 4246 3326 4315 ejectum
3363 4255 3446 4301 est

185 4364 266 4412 τος
299 4347 536 4421 Χριστοῦ
560 4347 621 4402 τδ
641 4348 752 4402 τῶν
773 4348 1038 4420 βασιλέων
1060 4349 1363 4404 ἐκλελοίπει
1384 4352 1558 4419 γένος,
1591 4352 1738 4420 ῆγουτ

1909 4347 2208 4417 regnabant
2236 4344 2532 4400 euimtunc
2565 4340 2821 4396 inJuilaea
2883 4340 3121 4396 Herodes
3177 4342 3443 4407 Antipatri

189 4441 467 4512 ἑκϐἐὸλητο
511 4441 610 4512 τῆς
655 4441 950 4512 ἡγεμονίας
997 4439 1197 4514 (ἦρχον
1229 4443 1338 4515 γὰρ
1364 4444 1462 4513 τῆς
1497 4443 1742 4509 Ἰουδαίας

1901 4442 2000 4494 lius
2025 4438 2353 4500 Ascalonita,
2375 4445 2426 4490 et
2454 4433 2678 4489 Pontius
2720 4433 2970 4503 Pilatus),
3003 4434 3067 4488 de
3121 4435 3258 4486 tribu
3306 4431 3444 4486 Juda

189 4534 423 4602 τηνικάδε
461 4532 708 4605 Ἡρώδης
729 4551 790 4587 τε
806 4535 1165 4607 Ἀντιπάτρου
1191 4539 1320 4600 παῖς
1335 4536 1742 4608 Ἀσκαλωνίτης,

1889 4545 2014 4598 eges
2051 4529 2228 4583 nullos
2255 4527 2615 4582 nominamus.
2645 4525 2919 4580 Defeeisse
2951 4524 3096 4576 enim
3123 4523 3241 4577 illos
3279 4524 3441 4578 Chri-

193 4599 272 4677 καὶ
298 4626 517 4690 Πόντιος
534 4599 835 4696 ἰηιλάτος),
869 4599 1243 4699 σεσιγήκαμεν
1295 4629 1607 4698 ἀναγκαίως
1633 4599 1746 4696 τοὺς

1886 4635 1948 4678 .to
1977 4624 2028 4677 in
2054 4624 2226 4676 lucem
2287 4621 2450 4684 edito,
2480 4628 2688 4674 certum
2749 4627 2834 4672 est
2865 4632 2896 4671 e
2935 4616 3236 4685 Scriptura.
3275 4633 3293 4664 ι
3325 4615 3439 4668 Non

197 4717 248 4769 ἐκ
286 4717 380 4789 τῆς
419 4717 588 4772 Ἰούδα
618 4719 941 4791 φυλῆς.”οτι
976 4721 1084 4792 γὰρ
1124 4721 1531 4775 ὲκλελοὶπεισαν
1568 4739 1750 4794 γεννη-

1884 4713 2072 4769 leliciet
2108 4714 2356 4783 princeps
2377 4726 2440 4765 ex
2465 4711 2629 4776 Juda,
2656 4721 2714 4766 et
2744 4709 2851 4764 dux
2889 4709 2956 4763 de
2983 4707 3278 4762 femoribus
3301 4706 3437 4774 ejus,

200 4807 355 4874 θέντος
371 4811 630 4881 Χριστοῦ,
656 4811 1142 4885 πληροφορήσειτὺ
1171 4816 1576 4886 γεγραμμένον
1596 4833 1615 4866 ι
1642 4816 1753 4869 ούκ

1887 4809 2031 4862 lonec
2066 4805 2283 4860 veniant
2318 4806 2552 4873 reposita
2579 4805 2654 4867 ei,
2680 4814 2736 4859 et
2769 4804 2885 4872 ipse
2917 4801 3253 4869 exspectatio
3308 4815 3440 4869 gen-

204 4897 411 4970 ἑκλείψει
444 4902 630 4974 ἅρχων
658 4902 717 4970 te
750 4904 940 4969 Ἰούδα,
972 4907 1067 4959 καὶ
1093 4907 1397 4977 ἡγούμενος
1425 4908 1491 4960 ἐκ
1516 4907 1624 4960 τῶν
1651 4925 1755 4979 μη-

1886 4901 1994 4953 ium
2033 4897 2132 4951 “.t
2172 4897 2434 4963 Quocirca
2466 4907 2752 4967 postquam
2811 4896 3050 4956 advenit,
3083 4904 3136 4948 et
3167 4903 3291 4946 nata
3356 4901 3438 4947 est

207 4991 294 5061 ρῶν
324 4994 502 5058 αὐτοῦ,
534 4997 640 5054 ἕως
680 4994 748 5050 ἂν
794 4996 924 5071 ἔλθῃ
967 4998 1035 5052 τὰ
1081 4999 1416 5069 ἀποκείμενα
1447 4999 1615 5070 αὐτῷ,
1657 4999 1750 5052 καὶ

1912 5009 1922 5045 ι
1955 4999 2150 5045 cmtero
2171 4993 2504 5059 exspectatio
2537 4989 2798 5058 gentium,
2835 4986 2887 5041 id
2917 4996 2999 5040 est
3029 4986 3299 5048 Christus,
3340 4985 3465 5037 ne-’

207 5081 336 5146 αὐτὸς
357 5085 650 5156 προσδοκία
681 5085 870 5139 ἐθνῶν.
907 5105 924 5136 ι
957 5085 1166 5140 Οὐκοῦν
1193 5087 1492 5157 ἐπειδήπερ
1527 5087 1746 5155 ἀφῖκτο,

1882 5082 2094 5137 :essario
2123 5099 2144 5134 ι
2185 5083 2438 5151 princeps
2471 5094 2536 5134 ex
2571 5077 2731 5143 Iuda,
2759 5089 2813 5132 et
2848 5078 2956 5131 dux
3017 5091 3081 5129 ex
3142 5075 3435 5130 femoribus

210 5173 280 5227 καὶ
309 5179 593 5250 γεγέννητο
623 5177 814 5232 λοιπὸν
843 5180 876 5250 ἡ
911 5178 1020 5231 τῶν
1047 5177 1216 5232 ἐθνῶν
1246 5179 1563 5251 προσδοκία,
1595 5197 1750 5232 τουτ-

1883 5173 1975 5243 ejus
2013 5174 2229 5230 defecit.
2258 5192 2276 5225 ι
2312 5173 2446 5228 Tres
2478 5173 2659 5243 itaque
2687 5168 3170 5241 pastores,utdixi,
3195 5178 3321 5222 sunt
3347 5182 3436 5221 sa-

210 5261 297 5318 ἐστι
339 5269 593 5339 Χριστὸς,
655 5287 674 5321 ι
704 5267 1014 5322 ἐκλέλοιπεν
1089 5270 1402 5337 ἀναγκαίως
1458 5269 1641 5341 ἄρχων
1692 5269 1750 5336 ἐξ

1880 5265 2368 5334 :erdotes,judices,
2401 5266 2529 5334 legis
2557 5265 2822 5324 doctores,
2850 5262 2938 5328 qui
2976 5271 3029 5313 et
3075 5259 3433 5327 principatum

218 5355 369 5428 Ἰούδα,
403 5363 494 5418 καὶ
525 5360 837 5435 ἡγούμενος
865 5362 930 5415 ὲκ
961 5361 1070 5415 τῶν
1101 5363 1292 5433 μηρῶν
1322 5363 1504 5416 αὑτοῦ.
1538 5383 1555 5414 ι
1585 5363 1749 5434 Τρεῖς

1875 5373 2036 5420 suum,
2070 5359 2184 5412 sive
2231 5358 2472 5410 ordinem
2524 5364 2579 5410 et
2632 5355 2806 5407 locum
2844 5367 3016 5419 usque
3077 5351 3142 5403 ad
3187 5362 3428 5414 tempora

202 5449 242 5504 δὲ
263 5448 360 5522 οὖν,
388 5455 460 5522 ὡς
492 5455 654 5526 ἔφην,
694 5451 971 5524 ποιμένες,
1005 5454 1171 5525 ἱερεῖς
1209 5471 1266 5507 τε
1292 5455 1387 5508 καὶ
1420 5454 1622 5527 κριταὶ,
1653 5454 1747 5507 καὶ

1876 5449 2115 5503 tdventus
2145 5449 2345 5503 Christi
2377 5454 2686 5502 tenuerunt.
2731 5445 2790 5498 lli
2846 5460 3060 5499 summo
3097 5444 3220 5514 jure
3279 5446 3429 5497 aute-

216 5629 495 5690 ”M-tlacn.
544 5653 609 5699 ll,
636 5634 692 5685 7.
774 5635 816 5665 "
859 5635 1008 5690 Deut.
1046 5650 1156 5699 xvt,
1196 5634 1280 5700 18,
1317 5633 1393 5688 l9.
1474 5633 1513 5663 ’-"
1545 5633 1676 5687 L-tc.
1717 5647 1766 5687 χι

1872 5634 1905 5686 5.
1986 5627 2433 5691 "ibit..l3,t6.
2512 5624 3113 5694 "tvtt«-g.wu.3‘5.
3195 5624 3238 5652 “
3289 5621 3425 5677 “m-

185 5716 299 5772 tttx,
343 5710 422 5761 ll'.
