3934 6318
545 315 646 372 195

1575 311 1632 364 S.
1674 310 1945 366 CYlilllJ
1986 307 2455 364 ALEXANDIHNI
2498 308 2816 363 ARCHIEP.

3708 307 3799 361 £99

538 434 792 499 reddidit,
819 441 871 486 et
897 434 1022 502 quid
1060 447 1161 486 non
1192 432 1453 486 bonorum
1488 432 1701 486 tandem
1739 432 1891 485 nobis
1946 434 2101 486 dona-

2221 430 2451 483 θανάτου
2474 430 2711 499 δεσμῶν,
2732 428 3038 501 ἀπήλλαξεν
3061 429 3172 498 ἅμα
3184 428 3357 498 ρτίας,
3388 426 3534 490 υἱοὺς
3560 426 3799 496 ἀπέφηνε

535 525 652 579 vit?
679 526 1038 593 Coguovimns
1079 532 1335 592 praeterea
1368 538 1464 578 uos
1519 534 1725 592 emptos
1777 540 1915 591 esse,
1954 543 1971 574 ι
2011 539 2117 577 nou

539 616 985 683 corruptibilihus
1070 630 1203 668 auro
1248 616 1328 667 vel
1382 623 1651 683 argento,
1734 621 1828 668 sed
1884 615 2119 682 pretioso

538 707 801 775 sanguine
840 707 993 775 quasi
1058 708 1178 775 agni
1232 706 1640 759 incontaminati
1690 718 1743 762 et
1787 708 2115 761 itumaculati

537 801 735 853 Chiisti
760 799 802 862 ⁸,
831 817 848 850 ι
877 809 1038 867 atque
1075 800 1144 854 ita
1182 799 1371 853 deinde
1402 801 1559 853 vitam
1591 810 1825 854 nostram
1846 801 1894 854 ei
1923 800 2119 854 debere

536 892 825 956 cmpinius.
862 909 879 941 ι
926 892 980 943 Si
1040 892 1180 944 enim
1231 906 1367 945 unus
1412 907 1509 960 pro
1566 895 1817 947 omnibus
1876 902 2118 948 mortuus

534 994 637 1046 est,
673 998 800 1050 ergo
829 997 1018 1038 omnes
1044 983 1119 1036 illi
1155 984 1349 1036 mortui
1387 992 1531 1049 sunt,
1554 1003 1570 1035 ι
1600 994 1660 1038 et
1685 986 1795 1048 jam
1834 1001 1938 1039 non
1964 986 2117 1039 nobis

534 1076 669 1142 ipsis
703 1078 887 1129 vivere
930 1076 1207 1137 debemus,
1235 1076 1277 1129 si
1302 1088 1444 1130 recte
1495 1079 1882 1131 ratiocinamur
1910 1119 1924 1141 ,
1967 1097 1985 1129 σ
2020 1079 2113 1133 δοιά

533 1171 579 1221 ei
612 1169 702 1238 qui
743 1185 839 1236 pro
881 1169 1035 1223 nobis
1088 1181 1332 1222 mortuus
1393 1180 1494 1233 est,
1555 1180 1608 1223 et
1666 1172 2037 1224 resurrexit”.
2091 1189 2109 1221 ι

534 1261 713 1326 Quare
740 1261 950 1327 inquit:
987 1279 1006 1311 ‹
1034 1260 1091 1315 Si
1132 1263 1328 1314 bonum
1361 1273 1443 1315 est
1466 1262 1517 1314 iu
1550 1270 1842 1331 conspectu
1877 1272 2108 1324 vestro,»

535 1352 721 1420 utique
758 1351 1075 1405 oeconomia:
1109 1353 1290 1406 carnis
1345 1353 1683 1422 mysterium,
1713 1354 1755 1405 si
1798 1369 1892 1421 per
1939 1354 2110 1422 ipsum

530 1444 718 1497 salvati
770 1445 921 1507 estis,
969 1452 1022 1495 et
1063 1445 1198 1496 bene
1248 1443 1400 1497 vobis
1424 1451 1527 1505 est,
1578 1453 1631 1496 et
1662 1442 1991 1511 cogn0vistis
2028 1457 2113 1497 me

530 1535 869 1588 Salvatorem
896 1549 958 1587 ac
988 1533 1423 1602 Redemptorem,
1458 1543 1506 1589 et
1541 1549 1637 1600 pro
1706 1535 1944 1587 omnium
2003 1534 2109 1587 vita

529 1636 823 1689 tuortmnn,
872 1642 890 1674 ι
930 1623 1060 1676 Date
1097 1633 1452 1688 statuentes”
1491 1625 1591 1678 huc
1647 1633 1749 1689 est,
1794 1624 2110 1678 deﬁnientes

531 1715 875 1766 slliCl'CCtielll
932 1728 1126 1778 meam,
1186 1721 1275 1765 aut
1339 1713 1621 1781 quiescite.
1658 1732 1676 1765 ι
1728 1712 2107 1767 Verumtamen

2222 522 2390 576 Θεοῦ·
2452 522 2545 573 καὶ
2597 520 2649 573 τί
2700 520 2808 591 γάρ
2852 520 2972 590 οὐχί
3023 518 3322 590 δεδώρηται
3379 518 3489 571 τῶν
3540 518 3796 586 ἀγαῦῶνς

2235 612 2584 682 Ἐγνώκαμεν
2606 612 2663 664 δὲ
2695 611 2830 681 πρὸς
2857 610 3089 673 τούτοις,
3122 611 3204 663 ὅτι
3253 610 3349 662 καὶ
3389 609 3556 678 τιμῆς
3600 611 3803 680 ἠγορά-

2223 705 2417 776 σμεθα,
2453 724 2471 755 ‹
2503 688 2562 757 οῦ
2594 703 2875 775 φθαρτοῖς,
2907 703 3177 773 ἀργυρίῳ,
3224 702 3257 773 ἢ
3296 702 3502 773 χρυσίῳ
3523 718 3537 732 ο
3561 701 3698 755 ἀλλὰ
3722 720 3798 754 τι-

2223 803 2330 872 μίῳ
2366 802 2558 870 αἵματι
2589 800 2664 862 ὼς
2694 798 2889 869 ἀμνοῦ,
2927 799 3020 853 καί⁵
3052 796 3281 850 ἀσπίλου
3308 795 3569 868 Χριστοῦ·
3600 816 3619 848 ›
3660 797 3799 851 οὕτω

2215 911 2276 946 τε
2306 893 2490 945 λοιπὸν
2516 891 2665 960 αὐτῷ
2695 891 2793 962 τὴν
2821 890 3025 943 οἰκείαν
3057 889 3463 958 ὲπωφλήσαμεν
3490 888 3657 959 ζωήν.
3690 908 3707 940 ι
3742 888 3799 940 El

2217 986 2327 1057 γάρ
2369 980 2448 1048 εἷς
2483 986 2620 1055 ὑπὲρ
2655 985 2871 1038 πάντων
2904 982 3194 1044 ἀπέθανεν,
3227 982 3336 1052 ἄρα
3376 982 3425 1035 οἱ
3476 981 3678 1044 πάντες
3706 983 3801 1034 ἀπ-

2217 1077 2405 1129 έθανον
2437 1074 2607 1145 αὐτῷ,
2641 1094 2659 1126 ι
2693 1074 2789 1128 καί¹
2825 1074 2922 1145 ζῇν
2951 1073 3238 1144 ὀφείλομεν
3281 1072 3492 1136 ἑαυτοῖς
3520 1073 3619 1143 μὲν
3673 1075 3799 1126 οίρκ⁴

2216 1169 2319 1231 ἐτι,
2351 1168 2492 1220 κατά
2539 1184 2603 1235 γε
2646 1167 2737 1220 τὸν
2783 1166 2967 1219 εἰκότα
3019 1164 3114 1219 καὶ
3160 1163 3338 1235 ὀρθῶς
3380 1163 3571 1235 ἔχοντα
3622 1163 3797 1231 λόγον,

2220 1278 2239 1309 ‹
2273 1258 2471 1328 μᾶλλον
2522 1259 2579 1311 δὲ
2621 1258 2697 1329 τῷ
2746 1259 2885 1329 ὑπὲρ
2934 1257 3093 1329 ἡμῶν
3123 1258 3469 1318 ἀποθανόντι,
3502 1258 3598 1311 καὶ
3647 1260 3801 1327 ἐγερο

2214 1351 2379 1403 θέντι.
2417 1350 2721 1423 »Ταύτῃτοί
2751 1368 2918 1423 φησιν
2940 1367 2951 1379 ·
2973 1370 2992 1401 ι
3027 1351 3087 1404 El
3119 1349 3279 1404 καλὸν
3310 1349 3542 1403 ἐνώπιον
3577 1351 3790 1420 ὑμῶν,ι

2212 1440 2373 1510 δῆλον
2400 1442 2456 1494 δὲ
2485 1441 2545 1494 τὸ
2576 1442 2677 1511 τῆς
2716 1443 2851 1512 μετὰ
2896 1442 3098 1513 σαρκδς
3123 1443 3435 1513 οἰκονομίας
3473 1446 3794 1515 μυστήριον,

2211 1534 2261 1584 εἰ
2294 1532 2533 1585 σὲσωσθε
2579 1534 2646 1586 δι’
2679 1533 2866 1600 αὐτοῦ,
2895 1534 2989 1588 καὶ
3026 1535 3346 1605 πεπράχατε
3381 1534 3593 1600 δεξιῶς,
3629 1535 3794 1602 ἐγνώο

2213 1640 2344 1676 κατε
2374 1624 2430 1676 δέ
2461 1641 2528 1693 με
2560 1624 2786 1695 Σωτῆρα
2815 1625 2908 1679 καὶ
2937 1625 3250 1696 Λυτρωτὴν,
3284 1625 3378 1679 καί⁵
3408 1625 3498 1677 τὸν
3531 1625 3667 1697 ὑπὲρ
3699 1626 3791 1695 τῆς

2212 1716 2429 1770 πάντων
2455 1717 2600 1787 ζωῆς
2632 1717 2936 1771 ἀνατλάντα
2960 1717 3209 1780 θάνατον,
3241 1737 3259 1768 ί
3284 1719 3413 1771 Δότε
3438 1720 3784 1788 στήσαντες,ι

528 1806 662 1873 grati
698 1804 915 1858 luerunt
944 1803 1033 1873 qtti
1064 1819 1125 1857 ex
1152 1802 1403 1874 gentibus
1431 1804 1676 1856 c0nversi
1713 1811 1854 1857 sunt.
1891 1803 2101 1857 Statue-

2208 1806 2505 1874 τουτέστιν,
2524 1808 2827 1879 ὁρίσαντες,
2859 1826 2876 1859 ι
2900 1809 2988 1861 τὸν
3016 1807 3204 1878 μισθόν
3228 1825 3352 1878 μου,
3371 1809 3404 1880 ἢ
3425 1808 3751 1862 ἀπείπασθε.
3770 1831 3785 1859 ο

525 1907 643 1949 ruat
677 1897 818 1949 enim
854 1898 1177 1959 mercedem,
1224 1896 1368 1948 nullo
1399 1896 1613 1963 quidem
1639 1896 1794 1949 modo
1821 1895 2103 1964 tequaletn,

524 1989 616 2041 sed
650 1988 1046 2056 quadamtenus
1076 2002 1283 2056 aequam
1316 1987 1594 2041 beneﬁciis
1650 1988 1716 2040 ab
1754 2002 1818 2040 eo
1851 1988 2103 2056 acceptis.

525 2079 989 2144 Qumuadinodnm
1032 2080 1174 2133 enim
1206 2080 1317 2147 ipse
1341 2096 1437 2147 pro
1486 2081 1639 2135 nobis
1682 2091 1927 2136 mortuus
1975 2091 2055 2134 est
2088 2122 2103 2146 ,

522 2171 595 2222 ita
620 2181 673 2223 et
706 2187 800 2223 nos
833 2173 1044 2225 animas
1078 2173 1357 2242 posuimus
1400 2188 1498 2241 pro
1522 2173 1836 2227 sinceritate
1893 2182 1948 2228 et
1976 2174 2105 2227 cha-

524 2265 686 2317 ritate
738 2279 862 2333 erga
899 2265 1108 2332 ipsum;
1141 2274 1476 2334 possuntque
1513 2267 1695 2320 dicere
1725 2269 1895 2320 sancti
1958 2283 2103 2321 mar-

527 2365 675 2424 tyres
720 2369 731 2406 :
775 2373 793 2405 ι
835 2357 965 2422 Quis
1015 2372 1112 2410 nos
1159 2358 1431 2426 separabit
1482 2374 1507 2410 a
1545 2358 1810 2412 charitate
1853 2359 2105 2413 Christi?

521 2445 822 2501 Trihulatio
850 2488 865 2513 ,
901 2461 965 2501 an
989 2449 1233 2516 angustia
1262 2487 1277 2512 ,
1313 2464 1378 2501 au
1409 2448 1597 2515 fames,
1637 2466 1703 2503 an
1754 2452 2058 2518 persecutio
2085 2493 2098 2514 ,

521 2554 587 2591 an
623 2538 833 2592 uuditas
864 2578 880 2603 ,
916 2552 980 2591 an
1014 2539 1312 2607 periculum
1340 2580 1353 2602 ,
1391 2556 1456 2593 au
1504 2542 1714 2609 gladius
1746 2541 1788 2571 ¹⁰
1822 2541 1845 2593 ?
1880 2561 1898 2592 ι
1961 2542 2103 2595 Νηιίί

518 2633 661 2685 enim
698 2630 749 2684 iu
821 2632 1024 2684 sanctis
1069 2631 1237 2685 animi
1306 2631 1673 2685 fortitudinem
1725 2632 1871 2686 vicit.
1920 2632 2102 2702 Itaque

518 2724 719 2778 Christi
758 2724 1036 2777 nobiscum
1063 2723 1359 2777 similitudo
1391 2725 1796 2792 quodammodo
1852 2725 2101 2777 subindi-

518 2826 696 2877 catur,
729 2815 855 2868 dum
891 2815 1107 2880 dicitur,
1138 2816 1294 2869 datos
1352 2829 1473 2869 esse
1525 2816 1576 2868 in
1632 2816 1934 2883 mercedem
1985 2817 2101 2885 ejus

521 2908 740 2977 triginta
782 2917 1086 2975 argenteos.
1124 2906 1378 2961 Proditor
1403 2907 1570 2971 enim,
1594 2915 1648 2960 et
1680 2890 1804 2961 vere
1857 2909 2099 2961 omniuut

520 3002 754 3056 maxime
778 3002 1145 3056 exsecrandus
1195 3016 1258 3055 ac
1296 3000 1404 3055 Deo
1438 3016 1634 3055 exosus
1675 2999 1839 3054 Judas
1867 3039 1881 3065 ,
1937 3002 2098 3073 767

517 3094 739 3162 triginta
777 3093 1014 3147 denariis
1045 3093 1304 3161 acceptis,
1355 3092 1630 3147 Christum
1660 3092 1947 3147 homicidis
1989 3105 2099 3146 tra-

2210 1899 2358 1969 Πλὴν
2391 1899 2734 1970 εὐγνώμονες
2767 1902 2815 1954 οἰ
2846 1900 2905 1965 ἐξ
2937 1899 3413 1973 ὲθνῶν.¹Ἐστησαν
3438 1901 3547 1971 γὰρ
3573 1901 3666 1954 τὸν
3704 1920 3790 1972 μι-

2210 1987 2336 2041 σθὸν
2366 1988 2766 2061 παρισούμενον
2797 1989 2895 2058 μὲν
2927 1989 3209 2058 οὐδαμῶς’
3241 1991 3456 2043 ἐοικότα
3481 1992 3537 2044 δέ
3563 2009 3680 2054 πως
3712 1987 3788 2054 οἷς

2208 2080 2523 2149 ἐσχήκαμεν
2562 2080 2690 2151 παρ’
2723 2078 3125 2150 αὑτοῦ.Ὢσπερ
3176 2078 3283 2153 γὰρ
3332 2080 3605 2135 ἀπέθανεν
3650 2082 3788 2152 ὑπὲρ

2207 2173 2240 2241 ὴ
2250 2170 2386 2240 μῶν,
2404 2169 2546 2224 οὕτω
2568 2171 2660 2223 καὶ
2687 2172 2850 2241 ἡμεῖς
2874 2169 3197 2241 τεθείκαμεν
3218 2171 3317 2235 τὰς
3332 2170 3508 2241 ψυχὰς
3531 2172 3668 2243 ὑπὲρ
3693 2173 3789 2240 τῆς

2207 2264 2287 2325 εἰς
2332 2263 2495 2316 αὑτὸν
2545 2261 2900 2331 γνησιότητος
2942 2262 3036 2314 καὶ
3087 2261 3347 2334 ἀγάπηςο
3391 2263 3590 2332 πρέποι
3640 2264 3685 2316 δ’
3726 2265 3789 2316 ἂν

2205 2353 2385 2421 λέγειν
2416 2356 2529 2417 τοῖς
2561 2353 2735 2421 ἁγίοις
2766 2353 2999 2422 μάρτυσι
3025 2370 3038 2385 ·
3078 2371 3095 2404 ι
3131 2354 3232 2417 Τις
3255 2355 3402 2425 ἡμᾶς
3431 2355 3653 2425 χωρίσει
3682 2356 3789 2409 ἀπὸ

2205 2445 2303 2514 τῆς
2337 2444 2558 2513 ἀγάπης
2594 2443 2687 2495 τοῦ
2729 2442 3004 2512 Χριστοῦ;
3053 2443 3262 2513 Θλίψις,
3294 2444 3326 2515 ἧ
3366 2444 3717 2515 στενοχωρία,
3754 2446 3785 2513 ἢ

2204 2535 2380 2605 λιμὲς,
2417 2535 2447 2605 ἢ
2484 2534 2801 2605 διωγμὸς,ἧ
2835 2534 3189 2605 γυμνότης,ἢ
3229 2534 3489 2600 κίνδυνος,
3523 2534 3555 2605 ἢ
3588 2537 3788 2605 μάχαι-

2206 2643 2306 2698 ρα;
2339 2646 2357 2679 ι
2410 2625 2678 2695 Νενίκηκε
2705 2625 2812 2696 γὰρ
2848 2627 3000 2679 οὐδὲν
3026 2626 3135 2679 τῶν
3175 2627 3344 2696 ἁγίων
3376 2626 3473 2697 τὴν
3500 2627 3786 2697 εὐψυχίαν.

2202 2716 2415 2770 Οὔκοῦν
2440 2718 2473 2787 ἡ
2500 2716 2606 2769 τῶν
2637 2717 2788 2788 παρὰ
2821 2717 3058 2788 Χριστοῦ
3093 2718 3173 2782 εἰς
3195 2719 3343 2789 ἡμᾶς
3370 2720 3625 2789 ὁμοιότης
3653 2721 3791 2772 ὑπο-

2203 2808 2452 2877 φαίνεταί
2495 2826 2613 2871 πως
2670 2810 2756 2862 διὰ
2795 2808 2891 2861 τοῦ
2940 2809 3184 2863 δεδόσθαι
3236 2810 3416 2879 λέγειν
3468 2813 3547 2875 εἰς
3598 2809 3794 2881 μισθὸν

2202 2900 2369 2953 αὑτοῦ
2420 2900 2716 2970 τριάκοντα
2765 2900 3163 2971 ἁργυρίους.’0
3200 2902 3299 2970 μὲν
3344 2904 3452 2974 γὰρ
3496 2902 3790 2974 προδότης,

2202 2990 2296 3043 καὶ
2343 2978 2745 3061 βδελυρώτατος
2792 2990 3050 3060 ἀληθῶς,
3103 2992 3197 3044 καὶ
3240 2993 3500 3063 θεομισὴς
3542 2994 3743 3057 Ἰούδας
3773 3036 3791 3059 ,

2200 3079 2493 3149 τριάκοντα
2545 3078 2775 3150 δηνάρια
2820 3078 2997 3132 λαϐὼν
3024 3119 3038 3145 ,
3096 3079 3375 3151 προύδωκε
3420 3085 3534 3144 τοῖς
3588 3085 3792 3153 φονῶσι

517 3185 673 3247 didit,
717 3194 772 3239 et
805 3195 1081 3237 auctorem
1124 3183 1316 3237 salutis
1360 3193 1557 3236 nostra:
1587 3184 1830 3237 scelestis
1869 3184 2101 3237 homini-

2207 3170 2460 3241 Χριστὸν,
2501 3170 2595 3225 καὶ
2622 3170 2713 3223 τὸν
2743 3170 2839 3239 τῆς
2871 3171 3145 3242 σωτηρίας
3169 3175 3201 3242 ὴ
3213 3172 3328 3243 μῶν
3359 3174 3796 3246 καταπέπρακεν

516 3276 617 3329 bus
651 3275 1001 3328 venumdedit
1030 3275 1094 3327 “.
1118 3274 1278 3327 Allati
1307 3284 1433 3328 sunt
1475 3284 1654 3327 autem
1679 3290 1707 3327 a
1741 3276 1991 3345 gentibus
2046 3277 2098 3331 in

518 3367 819 3421 mercedem
841 3364 956 3432 ejus
973 3368 1190 3436 triginta
1214 3366 1567 3436 argenteiqui
1594 3368 2097 3438 etiam,l)eojubeu-

531 3468 604 3522 te,
640 3459 691 3512 in
729 3457 1099 3513 conﬂatorium
1132 3458 1494 3526 deponuntur,
1529 3459 1689 3512 etiam
1748 3469 1907 3522 atque
1938 3461 2097 3513 etiam

518 3552 805 3621 probandi,
842 3552 984 3604 sicut
1025 3560 1075 3602 et
1104 3550 1217 3619 ipse
1254 3550 1505 3603 Christus
1536 3566 1633 3619 pro
1668 3550 1820 3603 nobis
1845 3551 2101 3619 probatus

515 3652 617 3697 est.
641 3642 757 3697 Non
780 3643 922 3697 enim
953 3644 1067 3695 sine
1096 3642 1445 3709 inquisitione
1475 3643 1615 3709 apud
1665 3642 1826 3695 Deum
1858 3643 2097 3695 omnium

516 3737 775 3789 scientem
810 3735 977 3788 abibit
1011 3733 1142 3787 ﬁdes
1191 3744 1415 3787 nostra:
1452 3747 1626 3799 neque
1676 3733 1811 3785 citra
1872 3746 2097 3786 examen

516 3828 773 3890 vit:r,sed
810 3827 949 3880 sicut
976 3835 1061 3878 est
1091 3808 1231 3894 apud
1278 3826 1490 3877 beatum
1525 3824 1745 3877 Paulum
1783 3842 1796 3878 :
1850 3844 1867 3876 ι
1897 3825 2099 3880 Unius-

523 3918 787 3986 cujusque
815 3931 949 3984 opus
973 3916 1131 3985 quale
1152 3916 1240 3984 sit,
1264 3916 1402 3986 ignis
1418 3917 1665 3985 probabit
1694 3918 1756 3969 ¹².
1778 3934 1799 3967 ι
1827 3914 2095 3985 Scriptum

477 4066 491 4081 η
517 4018 599 4063 est
631 4019 808 4061 autem
847 4010 911 4063 de
944 4009 1157 4064 Christo
1186 4024 1199 4060 :
1235 4029 1253 4059 ε
1284 4010 1552 4074 Quoniam
1594 4012 1774 4064 statim
1820 4010 2000 4063 veniet
2044 4014 2095 4062 iu

478 4086 481 4091 ’
520 4100 775 4169 templum
815 4115 971 4154 suum
1009 4114 1166 4169 quem
1197 4115 1294 4153 vos
1328 4101 1592 4169 quaeritis,
1629 4110 1680 4153 et
1710 4100 1946 4168 Angelus
2006 4110 2098 4154 te—

516 4190 768 4243 stamenti
799 4204 956 4258 quem
984 4205 1077 4244 vos
1102 4190 1280 4244 vultis.
1319 4188 1458 4243 Ecce
1495 4191 1658 4253 venit,
1690 4189 2096 4244 dicitDomimts

515 4281 881 4348 omnipotens,
919 4291 973 4334 et
1001 4283 1122 4349 quis
1153 4281 1443 4334 sustinebit
1471 4279 1613 4333 diem
1649 4281 1899 4334 introitus
1936 4280 2098 4349 ejus?

517 4372 764 4439 Autquis
796 4371 1085 4425 sustinebit
1112 4372 1163 4424 in
1201 4371 1408 4424 visione
1436 4370 1597 4436 eius?
1651 4369 1787 4435 Quia
1845 4372 1958 4439 ipse
2008 4372 2094 4425 in-

517 4464 759 4533 greditur
788 4465 939 4532 quasi
970 4464 1109 4532 ignis
1132 4463 1454 4526 coullalorii,
1489 4473 1545 4516 ut
1583 4462 1743 4517 herba
1772 4463 2090 4530 lavantium,

2204 3264 2444 3333 ἀρχηγὸν
2491 3265 2602 3325 τοῖς
2647 3262 2964 3332 ἀλιτηρίοις.
3001 3263 3522 3335 Προσεκομίσθησαν
3550 3267 3608 3319 δὲ
3638 3268 3796 3339 παρά

2202 3355 2308 3406 τῶν
2338 3353 2508 3407 ἐθνῶν
2539 3356 2618 3417 εἰς
2650 3354 2841 3424 μισθὸν
2871 3353 3037 3407 αὐτοῦ
3085 3356 3379 3425 τριάκοντα
3419 3358 3703 3429 ἁργύριοι,
3738 3360 3794 3411 οἳ

2203 3450 2296 3501 καὶ
2339 3449 2619 3501 καθίενται
2650 3448 2786 3502 Θεοῦ
2827 3449 3255 3519 προστάττοντος
3287 3451 3367 3512 εἰς
3414 3449 3476 3504 τὸ
3509 3453 3796 3524 χωνευτή·

2204 3557 2336 3610 ριον,
2366 3536 2423 3593 εὖ
2477 3541 2620 3610 μάλα
2667 3540 3109 3611 δοκιμαζόμενοι,
3162 3540 3347 3606 καθὼς
3402 3544 3497 3597 καὶ
3550 3544 3715 3607 αὐτος
3762 3545 3795 3595 ὁ

2202 3632 2434 3704 Χριστὸς
2482 3632 2815 3703 ἐδοκιμάσθη
2867 3632 3007 3703 ὑπὲρ
3058 3633 3438 3703 ἡμῶν.¹¹Εσται
3473 3635 3581 3703 γὰρ
3630 3634 3795 3706 ἡμῶν

2201 3724 2301 3776 οὐκ
2329 3724 2595 3794 ἀζήτητος
2624 3726 2656 3793 ή
2684 3724 2865 3787 πίστις
2896 3724 3048 3795 παρά
3069 3741 3132 3792 γε
3162 3723 3241 3794 τῷ
3264 3725 3439 3778 πάντα
3463 3724 3622 3777 εἰδότι
3646 3725 3790 3795 Θεῷ·

2200 3815 2325 3869 οὔτε
2373 3817 2479 3886 μὴν
2508 3818 2869 3879 ἀϐασάνιστος
2898 3818 2926 3869 6
2954 3816 3097 3886 βίος·
3130 3816 3246 3869 ἀλλ’
3348 3832 3510 3885 φησιν
3537 3818 3564 3868 6
3602 3817 3788 3886 μακά-

2204 3924 2317 3977 ριος
2351 3905 2583 3970 Παῦλος,
2620 3926 2637 3958 ι
2662 3906 2925 3960 Ἑκάστου
2956 3907 3017 3959 τὸ
3043 3906 3203 3979 ἔργον
3226 3906 3408 3960 ὁποῖόν
3436 3907 3571 3969 ἐστι,
3589 3906 3647 3958 τὸ
3675 3906 3791 3978 πῦρ

2198 3996 2505 4066 δοκιμάσει.
2537 4017 2555 4048 ι
2611 3996 2926 4068 Γέγραπται
2977 3996 3033 4050 δὲ
3082 3997 3177 4050 καὶ
3222 3996 3348 4066 περὶ
3395 3994 3658 4065 Χριστοῦ,
3708 3997 3788 4049 ὅτι

2206 4106 2224 4137 ¢
2250 4086 2534 4156 Ἐξαίφνης
2562 4086 2682 4156 ἥξει
2712 4088 2791 4148 εἰς
2813 4086 2901 4138 τὸν
2923 4086 3048 4139 ναὸν
3071 4086 3255 4150 αὑτοῦ,
3285 4087 3344 4139 ὃν
3369 4087 3524 4157 ὑμεῖς
3547 4085 3783 4158 ζητεῖτε,

2198 4180 2293 4231 καὶ
2342 4180 2369 4230 6
2416 4179 2648 4248 ἄγγελος
2692 4179 2790 4249 τῆς
2824 4178 3107 4250 διαθήκης,
3142 4179 3201 4233 ὃν
3243 4180 3400 4249 ὑμεῖς
3432 4178 3785 4232 θέλετε.Ἰδου

2198 4270 2438 4340 ἔρχεται,
2461 4268 2829 4340 λέγειΚύριος
2857 4270 3272 4341 παντοκράτωρ,
3291 4271 3384 4323 καὶ
3413 4270 3494 4334 τίς
3522 4270 3786 4341 ὑπομενεί

2197 4364 2416 4437 ἡμέραν
2459 4362 2663 4415 εἰσόδου
2713 4362 2914 4426 αὖτοῦ;
2952 4363 3023 4414 Ἢ
3067 4362 3153 4425 τίς
3198 4362 3559 4433 ὑποστήσεται
3613 4364 3672 4415 ὲν
3720 4366 3782 4433 τῇ

2196 4457 2433 4526 ὀπτασίᾳ
2483 4455 2688 4520 αὐτοῦ;
2736 4456 2884 4507 Διότι
2932 4456 3093 4517 αὐτὸς
3124 4453 3501 4525 εἰσπορεύεται
3548 4453 3625 4518 ὠς
3672 4455 3788 4526 πῦρ

517 4562 571 4607 et
600 4553 809 4607 sedebit
835 4556 1076 4608 conﬂatis
1117 4563 1170 4607 ct
1206 4555 1507 4607 emundaus
1541 4565 1593 4607 ιιι
1620 4567 1925 4625 argentum,
1960 4565 2096 4609 etut

2207 4546 2591 4617 χωνευτηρίου,
2625 4545 2702 4609 ὡς
2749 4547 2854 4598 πόα
2891 4546 3219 4606 πλυνόντων,
3250 4546 3343 4598 καὶ
3373 4546 3643 4598 καθιεῖται
3676 4564 3789 4616 χω-

519 4660 710 4698 aurum
736 4646 833 4699 ¹³.›
862 4644 1048 4700 Psallit
1075 4645 1360 4700 ctdiviuus
1387 4644 1553 4697 David
1580 4646 1631 4699 in
1665 4661 1889 4716 persona
1908 4647 2093 4714 cujus-

519 4737 599 4790 vis
635 4736 685 4788 iu
711 4735 982 4790 Christum
1015 4736 1309 4797 credentis,
1356 4746 1405 4790 et
1454 4736 1741 4807 Evangelio
1775 4738 2097 4791 convenien-

519 4836 602 4879 lcr
628 4827 806 4879 vivere
840 4826 1143 4894 cupientis:
1184 4843 1201 4875 ‹
1238 4824 1412 4879 Proba
1456 4840 1558 4889 me,
1589 4827 1834 4889 Domine,
1860 4837 1911 4880 et
1948 4837 2092 4880 tenta

521 4933 625 4979 uie,
657 4933 750 4969 ure
786 4931 941 4970 renes
958 4931 1106 4970 meos
1148 4926 1201 4969 et
1231 4931 1325 4970 cur
1359 4932 1533 4971 meum
1555 4918 1651 4970 “.i
1677 4919 1939 4971 Ceterum
1966 4933 2096 4971 cou-

520 5008 786 5061 llalorium
822 5008 872 5059 iu
903 5010 1061 5061 domo
1093 5007 1300 5062 Domini
1325 5025 1444 5062 eSse
1472 5010 1726 5079 prOpheta
1786 5010 1937 5062 dicit.
1992 5011 2095 5064 Ec-

519 5098 681 5152 clesia
714 5099 855 5151 enim
886 5096 1087 5151 Christi
1109 5098 1368 5169 cujusque
1393 5115 1571 5155 mores
1622 5109 1677 5154 et
1730 5100 2094 5154 sinceritatem

522 5186 823 5241 dilectionis
846 5201 973 5255 erga
1019 5186 1293 5242 Christum
1330 5190 1668 5259 explorat,et
1712 5190 2092 5244 discretionem

521 5280 727 5332 habens
778 5279 1063 5345 spirituum
1106 5282 1168 5343 ³⁸,
1204 5282 1368 5348 probe
1405 5283 1570 5348 novit,
1624 5282 1744 5350 quis
1792 5282 1841 5335 in
1890 5282 2092 5352 Spiritu

520 5376 712 5421 sancto
746 5367 995 5437 loquatur
1026 5372 1307 5423 Dominum
1336 5369 1522 5425 Jesum
1556 5372 1862 5438 nominans,
1896 5372 2093 5441 etquis

521 5458 573 5511 in
619 5458 897 5514 Beelzean
957 5462 1129 5530 ipsum
1179 5464 1464 5516 anathema
1517 5463 1692 5527 dicat,
1730 5473 1783 5517 et
1847 5462 1938 5532 qui
1986 5464 2095 5515 sint

595 5661 655 5715 ⁸1
697 5662 835 5721 Petr.
869 5680 904 5723 I.
943 5666 1027 5728 18.
1070 5668 1149 5721 l9.

1262 5668 1280 5696 ‘
1311 5666 1349 5718 ll
1378 5666 1500 5720 Cur.
1540 5681 1585 5727 ν,
1625 5664 1709 5728 l-l,
1749 5664 1828 5718 l5.

529 5724 569 5756 υ
594 5732 816 5789 Malaclt.
864 5752 942 5802 Ill,
982 5724 1089 5792 1L5.

1174 5737 1212 5767 ⁵³
1255 5737 1392 5795 Paul.
1431 5752 1556 5797 XH',
1584 5736 1634 5787 ‘2.

1902 5665 1952 5701 λ¹⁰
1989 5664 2141 5717 Rom.
2196 5682 2311 5729 \‘lll,
2352 5666 2440 5718 bii.

1720 5736 1760 5765 ”
1796 5737 1811 5788 l
1849 5735 1970 5788 Cur.
2013 5752 2109 5800 xu,
2160 5737 2240 5787 ιιι.

2202 4638 2394 4701 νεύων,
2424 4640 2517 4691 καὶ⁵
2560 4638 2870 4709 καθαρίζων
2916 4640 2990 4702 ὡς
3039 4639 3101 4691 τὸ
3145 4638 3428 4709 ἀργύριον,
3464 4640 3556 4690 καὶ
3600 4638 3676 4702 ὡς
3729 4640 3790 4690 τ’)

2201 4731 2443 4799 χρυσίον.
2471 4748 2489 4779 ι
2526 4729 2732 4783 Ψάλλει
2759 4729 2814 4783 δέ
2848 4748 2948 4782 που
2980 4731 3074 4783 καὶ
3104 4730 3130 4781 ὁ
3168 4729 3453 4791 θεσπέσιος
3487 4729 3675 4790 Δαΰὶδ,
3712 4731 3790 4793 ὡς

2202 4824 2266 4876 ὲκ
2307 4822 2602 4892 προσώπου
2648 4822 2844 4885 παντὸς
2873 4822 2964 4875 τοῦ
3000 4823 3385 4886 πιστεύσαντος
3424 4824 3499 4887 εἰς
3529 4823 3788 4891 Χριστὸν,

2204 4914 2297 4967 καὶ
2348 4914 2446 4985 ζῇν
2491 4913 2764 4977 ἐθέλοντος
2812 4914 3211 4982 εὐαγγελικῶς·
3273 4934 3288 4964 ε
3323 4913 3626 4983 Δοκίμασύν
3675 4931 3791 4983 με,

2205 5005 2398 5077 Κύριε,
2430 5008 2521 5059 καὶ
2549 5004 2815 5075 πείρασόν
2852 5022 2941 5075 με,
2972 5007 3224 5077 πύρωσον
3259 5006 3382 5069 τοὺς
3404 5003 3635 5076 νεφρούς
3685 5022 3788 5075 μου

2204 5098 2299 5151 καὶ
2332 5098 2428 5168 τὴν
2458 5097 2686 5165 καρδίαν
2720 5114 2841 5167 μου.
2876 5115 2893 5146 ι
2935 5096 3080 5168 Πλὴν
3118 5097 3197 5150 ὅτι
3244 5096 3303 5150 τὸ
3337 5092 3703 5168 χωνευτήριον
3733 5100 3793 5151 ἐν

2200 5190 2335 5259 οίκῳ
2380 5190 2607 5260 Κυρίου,
2643 5190 2805 5258 φησιν
2854 5191 2881 5242 6
2934 5191 3240 5261 προφήτης.
3272 5190 3566 5260 Δοκιμάζει
3617 5189 3728 5260 γὰρ
3756 5191 3792 5260 ἡ

2215 5280 2511 5349 Ἐκκλησία
2541 5281 2777 5352 Χριστοῦ
2811 5281 2901 5334 τὸν
2927 5282 3157 5335 ἑκάστου
3193 5286 3414 5353 τρόπον,
3448 5285 3540 5336 καὶ
3578 5282 3679 5352 τῆς
3710 5284 3793 5344 εἰς

2203 5373 2435 5444 Χριστὸν
2480 5375 2699 5443 ἀγάπης
2748 5374 2808 5426 τὸ
2852 5375 3098 5444 γνήσιον,
3132 5375 3225 5427 καὶ
3255 5375 3553 5444 διακρίσεις
3591 5374 3795 5443 ἔχουσα

2206 5465 2553 5533 πνευμάτων,
2589 5462 2725 5517 οἶδεν
2774 5465 3035 5535 ἀκριϐῶς,
3066 5465 3148 5529 τίς
3185 5466 3283 5536 μὲν
3320 5468 3458 5536 ἁγίῳ
3509 5466 3793 5532 “vadunt

2560 5667 2599 5697 ’ί
2641 5666 2828 5722 Matth.
2885 5685 3033 5733 xxvi,
3105 5669 3190 5725 15.
3272 5671 3313 5701 ¹²
3354 5666 3525 5722 ICm.
3562 5683 3643 5735 ιιι,
3700 5668 3783 5721 15-
