3934 6318
191 314 283 373 I9'I
504 328 529 344 ⁶

1019 313 1571 371 COMMENTARIUS
1610 317 1672 371 IN
1718 317 2123 373 ZACIIABIAM
2166 321 2612 382 PROPIIETAM.

3358 340 3467 394 I98

196 427 351 494 λαλεῖ,
386 429 601 500 Κύριον
651 429 929 501 ὀνομάζων
976 431 1211 501 Ἰησοῦν·
1263 434 1347 496 τίς
1388 434 1443 487 δὲ
1485 434 1548 505 δὴ
1586 436 1679 487 καὶ
1713 437 1770 487 ὲν

1879 437 1985 491 veri
2017 440 2332 496 atloratores
2362 444 2432 509 ",
2472 444 2631 513 etqui
2668 459 2877 500 rursum
2904 445 3032 521 lupi,
3057 452 3106 504 in
3134 451 3463 510 vestimentis

198 521 542 585 Βεελζεϐοὒλ,
577 522 824 591 ἀνάθεμα
850 522 1025 589 λέγων
1057 523 1220 575 αὐτόν
1246 540 1258 554 ⁸
1294 525 1387 578 καὶ
1427 525 1570 589 τίνες
1604 528 1703 595 μὲν
1736 528 1784 578 οἱ

200 613 432 684 ἀληθινοῖ
484 615 883 684 προσκυνηταὶ,
915 614 1059 675 τίνες
1092 614 1148 667 δὲ
1195 610 1263 669 αὖ
1322 618 1369 669 οἱ
1417 617 1490 680 ὡς
1525 618 1782 687 ἐνδύμασι

204 705 482 771 προϐάτων
515 706 651 774 πρὸς
679 705 825 773 ἡμᾶς
859 704 1145 773 ἐρχόμενοι
1179 704 1352 759 λύκοι.

263 795 371 849 Καὶ
413 794 721 863 ἁπέρῤιψα
771 795 887 862 τὴν
919 795 1150 861 ῥάϐδον
1198 796 1315 865 τὴν
1354 798 1659 866 δευτέραν,
1716 801 1780 853 τὸ

197 888 547 953 Σχοίνισμα,
593 886 699 939 τοῦ
735 884 1133 940 διασκεδάσαι
1168 887 1283 955 τὴν
1312 888 1605 957 διαθήκην
1637 892 1780 945 ἀνα-

186 981 380 1042 μέσον
412 977 520 1030 τοῦ
559 976 774 1039 Ἰούδα,
805 977 904 1030 καὶ
935 978 1248 1047 ἀναμέσον
1276 980 1382 1033 τοῦ
1418 982 1689 1048 Ἰσραήλ.

264 1069 387 1121 III“.
442 1068 696 1130 Ῥάϐδους
726 1067 830 1138 ἔφη
861 1068 954 1122 δύο
980 1070 1244 1140 λήψεσθαι
1270 1072 1527 1142 Χριστὸν,
1557 1074 1697 1126 οὕτω
1719 1093 1776 1129 τε

191 1156 593 1226 κατανεμὴσειν
620 1156 677 1208 ὲν
706 1157 897 1219 αὑταῖς
935 1159 1001 1211 τὰ
1030 1161 1201 1212 οἰκεῖα
1243 1160 1511 1231 πρόϐατα,
1540 1164 1694 1233 δῆλον
1720 1164 1773 1216 δὲ

188 1250 267 1299 δτι
295 1248 405 1299 τῶν
434 1248 522 1301 διὰ
558 1247 794 1310 πίστεως
844 1249 1194 1319 κεκλημένων
1223 1253 1321 1321 τὴν
1350 1254 1511 1320 ἁγίαν
1540 1255 1771 1324 πληθύν.

190 1341 297 1393 Καὶ
331 1341 526 1409 ῥάϐδον
568 1340 667 1410 μὲν
702 1338 841 1394 εἶναι
882 1342 981 1413 τὴν
1025 1342 1195 1414 καλὴν
1230 1344 1488 1415 ἐλέγομεν
1515 1349 1613 1418 τὴν
1646 1365 1773 1402 παι-

184 1432 351 1495 δείαν,
404 1432 523 1502 ἤτοι
551 1432 610 1484 τὸ
649 1433 907 1503 κήρυγμα
939 1433 1002 1486 τὸ
1030 1436 1403 1504 εὐαγγελικὸν,
1437 1440 1537 1509 τήν
1566 1456 1627 1507 γε
1664 1441 1771 1511 μὴν

185 1523 380 1593 ἑτέραν
435 1524 533 1592 τὴν
590 1524 832 1577 Παλαιὰν
879 1526 1185 1595 Διαθήκην,
1232 1530 1513 1595 τουτέστι,
1549 1532 1648 1601 τὴν
1694 1533 1770 1601 τῷ

197 1612 415 1681 Ἰσραὴλ
453 1612 698 1666 δοθεῖσαν
723 1616 801 1677 είς
831 1614 1100 1685 βοήθειαν,
1135 1619 1275 1672 κατὰ
1305 1619 1401 1689 τὴν
1431 1620 1522 1673 τοῦ
1556 1624 1765 1695 προφή-

182 1721 274 1756 του
315 1705 522 1775 φωνήν.
562 1724 579 1755 ι
611 1705 793 1775 Νόμον
832 1706 958 1776 γὰρ,
999 1710 1181 1778 φησὶν,
1213 1712 1292 1772 είς
1328 1710 1579 1781 βοήθειαν
1605 1713 1767 1767 δέδω-

1889 530 2067 583 ovium
2100 535 2165 585 ad
2207 550 2302 588 nos
2328 536 2606 590 venientes
2643 536 2705 589 ".

1960 794 2025 848 Et
2051 796 2218 865 abjeci
2250 797 2443 866 virgam
2486 815 2651 852 meum
2699 800 2984 853 secundant
3019 818 3136 870 qua'
3170 803 3463 871 appellatur

1886 882 2201 949 Funiculus,
2235 897 2288 939 ut
2348 889 2658 957 dissiparem
2690 899 3051 944 testamentum
3086 893 3219 946 inter
3264 893 3461 948 Judum

1879 983 1928 1026 et
1953 971 2144 1026 Israel.

1949 1065 2234 1119 LXXXIII.
2293 1067 2436 1122 Duas
2495 1068 2671 1138 virgas
2716 1069 2993 1124 Christum
3055 1082 3460 1137 assumptnrum

1878 1157 2332 1226 uarravit,atqne
2401 1157 2473 1209 ita
2538 1157 2588 1210 in
2643 1158 2758 1226 ipso
2819 1172 2946 1211 oves
2987 1172 3111 1212 suas
3162 1170 3460 1226 pastorum,

1878 1244 2018 1297 haud
2056 1245 2275 1299 dubium
2318 1248 2445 1313 quin
2494 1262 2590 1315 per
2639 1247 2797 1300 fidem
2852 1259 3163 1302 vocatorum
3218 1259 3460 1301 sanrtam

1876 1336 2293 1390 utnltitmlinem.
2326 1337 2389 1389 Et
2413 1339 2615 1408 virgam
2645 1339 2858 1405 quidem
2914 1340 3194 1407 pulchram
3245 1341 3461 1394 diceba-

1876 1441 1994 1479 mus
2025 1441 2144 1480 esse
2176 1427 2497 1491 doctrinam,
2530 1444 2630 1491 seu
2686 1428 3123 1498 praedicationem
3181 1431 3424 1500 evangt-li
3448 1461 3461 1471 -

1873 1529 2029 1569 caui:
2075 1516 2299 1570 alteram
2365 1518 2529 1572 Vetus
2592 1518 3020 1585 Testamentum,
3071 1537 3266 1589 nempe
3318 1524 3462 1591 quod

1870 1603 2055 1660 Israeli
2082 1610 2266 1661 datum
2293 1620 2375 1663 est
2405 1612 2454 1663 in
2486 1612 2740 1665 auxilium
2763 1612 2911 1680 juxta
2932 1613 3204 1681 propheta:
3251 1628 3460 1666 vocem.

1870 1694 2052 1764 quuit
2078 1698 2221 1749 enim
2256 1714 2269 1750 :
2311 1716 2329 1749 ‹
2353 1698 2550 1769 Legem
2585 1701 2634 1754 in
2663 1702 2994 1771 adjutorium
3039 1702 3272 1756 dedit“.
3301 1721 3319 1754 ι
3356 1702 3461 1772 Igi-

185 1813 302 1849 κεν.
336 1814 354 1846 ι
386 1796 512 1849 Ὀτι
558 1797 738 1850 τοίνυν
781 1798 901 1867 οὐχὶ
936 1800 999 1868 δὴ
1036 1800 1216 1869 μόνοις
1252 1778 1363 1865 τοίς
1400 1778 1772 1873 εὐαγγελικοῖς

1880 1794 1964 1839 tur
2027 1788 2263 1854 gentium
2334 1790 2727 1845 multitudinem
2769 1807 2873 1845 non
2948 1800 3154 1844 tantum
3211 1791 3457 1845 doctrina

182 1886 551 1957 παιδεύμασιν
592 1890 625 1959 ἡ
674 1888 779 1943 τῶν
832 1891 999 1943 ἐθνῶν
1047 1891 1241 1962 ἔμελλε
1297 1896 1771 1964 παιδαγωγεῖσθαι

182 1980 414 2048 πληθὺς,
445 1979 582 2033 ἀλλὰ
610 1979 719 2050 γὰρ
756 1982 851 2034 καὶ
898 1984 1087 2047 αὐταῖς
1125 1987 1242 2047 ταῖς
1277 1986 1443 2039 πάλαι
1474 2004 1531 2040 τε
1563 1988 1657 2041 καὶ
1685 1988 1772 2042 διὰ

183 2070 428 2134 ιίωσέως
457 2069 727 2135 δοθείσαις
759 2073 1017 2136 ἐντολαῖς,
1056 2075 1569 2147 μεταπλαττομένης
1589 2078 1773 2146 δηλον-

182 2163 260 2215 ότι
311 2163 415 2232 τῆς
453 2164 510 2215 ὲν
541 2162 693 2234 νόμῳ
735 2165 893 2227 σκιᾶς
936 2167 1016 2228 εἰς
1068 2167 1347 2236 ἀλήθειαν,
1379 2168 1473 2220 καὶ
1526 2169 1614 2221 διὰ
1666 2170 1772 2223 τῶν

183 2255 567 2324 προκειμένων
617 2259 750 2327 ἡμῖν
800 2258 1120 2327 καθίστησιν
1161 2260 1408 2330 ἐναργές.
1442 2262 1551 2315 Καὶ
1584 2261 1773 2333 ὥσπερ

183 2348 556 2417 ἁποῤῥιφῆναι
606 2348 701 2399 καὶ
733 2348 1093 2418 σκεδασθῆναι
1122 2351 1220 2406 τὴν
1244 2351 1413 2420 καλὴν
1447 2351 1547 2421 ἔφη
1578 2353 1772 2423 ῥάϐδον

185 2439 472 2510 (διεσπάρη
505 2440 614 2510 γὰρ
650 2439 837 2510 ὥσπερ
862 2442 918 2493 ὲν
940 2444 1057 2504 ταῖς
1088 2442 1195 2494 τῶν
1227 2444 1548 2496 Χαναναίων
1568 2443 1772 2513 χώραις

184 2533 214 2599 ἡ
250 2529 586 2600 εύαγγελικὴ
623 2531 925 2595 παίδευσις,
972 2533 1381 2603 περιενεχθεῖσα
1416 2534 1655 2604 δηλονότι
1684 2536 1771 2589 διὰ

186 2615 284 2668 τῶν
321 2616 492 2684 ἁγίων
531 2610 906 2688 ἀποστόλων),
954 2619 1095 2673 οὕτω
1142 2622 1233 2673 καὶ
1278 2624 1503 2693 ήέτέρα
1553 2625 1767 2692 ῥάϐδος,

185 2718 298 2775 ητοι
328 2707 637 2771 παίδευσις,
660 2709 924 2773 τουτέστι,
940 2710 997 2762 τὸ
1016 2711 1328 2780 Σχοίνισμα,
1351 2714 1515 2783 ἤγουν
1538 2717 1566 2766 6
1587 2715 1767 2783 νόμος,

186 2798 212 2849 6
235 2798 291 2850 ὲν
313 2797 467 2863 τάξει
493 2798 759 2869 διαθήκης
799 2800 952 2871 παρὰ
990 2800 1124 2874 Θεοᾷ
1163 2802 1341 2863 τεθεὶς
1369 2804 1644 2872 ἁναμέσον
1673 2803 1769 2857 τοῦ

199 2888 382 2953 Ἰούδα,
413 2889 509 2942 κα)⁸
552 2890 822 2960 ἀναμέσον
868 2891 962 2943 τοῦ
1003 2891 1237 2962 Ἰσραὴλ,
1266 2894 1533 2955 τουτέστι,
1572 2895 1770 2958 παντὸς

187 2981 272 3035 τοῦ
303 2983 497 3050 γένους
525 2982 616 3035 τοῦ
644 2980 702 3046 ἐξ
731 2983 947 3053 Ἰσραήλ
968 3000 981 3013 ·
1023 2983 1225 3037 Ἰούδαν
1256 2985 1351 3054 μὲν
1380 2986 1489 3056 γὰρ
1516 2986 1769 3057 ὀνομάζει

186 3074 277 3135 τὰς
349 3075 408 3125 ἐν
477 3076 590 3136 τοῖς
648 3074 1044 3144 Ἰεροσολύμοις
1099 3074 1189 3127 δύο
1234 3076 1443 3143 imm“
1489 3078 1659 3147 αὐτὴν
1710 3096 1768 3133 τε

1873 1875 2203 1944 eVangelica,
2234 1877 2325 1929 sed
2359 1878 2486 1945 ipsis
2512 1879 2676 1932 etiam
2706 1880 2943 1948 antiquis
2983 1889 3037 1935 et
3064 1896 3095 1933 a
3145 1880 3292 1935 Mosa
3343 1891 3454 1933 tra-

1873 1965 2003 2019 ditis
2041 1970 2323 2035 prmceptis
2349 1969 2612 2023 imbutum
2646 1971 2733 2034 iri,
2784 1971 2976 2025 umbra
3024 1972 3275 2025 videlicet
3322 1972 3455 2042 legis

1875 2059 2227 2112 inveritatem
2263 2069 2644 2129 transmutata,
2702 2062 2881 2117 verbis
2933 2064 3229 2132 propositis
3304 2064 3458 2119 nobis

1872 2150 2131 2203 declarat.
2163 2151 2327 2220 768
2347 2152 2409 2205 Et
2444 2168 2549 2217 quo
2580 2154 2737 2207 modo
2760 2154 3025 2225 abjectam
3051 2165 3103 2209 et
3138 2155 3454 2223 dissipatura

1873 2241 2149 2308 pulchram
2188 2243 2390 2311 virgam
2423 2244 2555 2297 dixit
2586 2244 2763 2314 (quasi
2792 2247 2935 2301 enim
2992 2262 3089 2314 per
3122 2246 3454 2301 Chaunumo-

1873 2347 1991 2385 rum
2028 2334 2273 2401 regioaes
2331 2334 2575 2402 dispersa
2646 2345 2732 2390 est
2795 2336 3059 2391 institutio
3123 2337 3453 2407 evangelica,

1873 2424 2184 2477 circumlata
2221 2424 2474 2478 nimirum
2503 2441 2597 2495 per
2641 2437 2861 2481 sanctos
2905 2428 3222 2498 apostolos),
3282 2430 3352 2482 ila
3399 2440 3453 2479 et

1872 2513 2037 2566 altera
2073 2515 2244 2582 virga,
2282 2526 2406 2583 puta
2439 2515 2754 2579 Fonticulus,
2808 2517 2921 2569 sive
2973 2517 3079 2582 lex,
3134 2517 3251 2571 loco
3295 2526 3456 2571 testa-

1873 2604 2037 2656 menti
2059 2620 2087 2656 a
2114 2604 2221 2657 Deo
2250 2606 2541 2661 constituta
2569 2605 2706 2659 inter
2736 2606 2928 2660 .Iutlam
2990 2617 3044 2661 et
3075 2606 3259 2672 Israel,
3309 2610 3459 2663 idest

1878 2696 2189 2749 universum
2224 2713 2389 2764 genus
2423 2696 2628 2751 Israel:
2675 2698 2867 2753 .Iudam
2906 2701 3048 2755 enim
3086 2703 3220 2757 ditas
3263 2703 3457 2758 lliero-

1874 2788 2098 2859 solymis
2138 2790 2327 2854 tribus,
2356 2789 2707 2859 ipsamJuda,
2746 2792 2990 2861 inquam,
3051 2803 3105 2847 et
3152 2793 3455 2864 Bonjamin,

1873 2883 2036 2937 Israel
2071 2892 2251 2937 autem
2287 2884 2521 2953 reliquas
2552 2885 2735 2939 decem
2772 2885 2826 2939 in
2847 2885 3094 2941 Samaria
3150 2904 3272 2943 cum
3296 2887 3454 2944 .lero-

1870 2976 2027 3027 boam
2070 2974 2276 3029 locatas
2304 2976 2558 3045 appellat.
2590 2974 2725 3029 Data
2775 2986 2858 3029 est
2908 2977 3072 3047 igitur
3122 2977 3451 3035 Chanauaeis

1872 3065 2035 3118 etiam
2062 3064 2144 3118 lex
2182 3065 2473 3133 :legalibus
2492 3067 2634 3121 enim
2663 3077 2717 3123 et
2769 3068 3100 3138 evangelicis
3121 3070 3355 3126 decretis
3375 3072 3461 3127 iu-

298 3122 471 3219 Ἰούδα
491 3122 642 3234 ἰέξμι
668 3122 1097 3234 νὴενίαμίν,
1115 3122 1327 3236 Ἰσροίὴλ
1360 3122 1548 3229 δῖὲττὰς
1577 3122 1768 3236 ἐξέρας

1879 3156 2137 3211 formatus
2169 3159 2655 3225 csl.Quamobrem
2706 3170 2763 3214 et
2810 3161 3060 3216 Salvator
3086 3163 3265 3217 aiebat
3301 3178 3317 3218 :
3357 3164 3456 3219 No-

185 3257 328 3320 δέκα,
357 3256 459 3319 τὰς
485 3258 542 3308 ὲν
567 3259 631 3327 τῇ
661 3256 942 3326 Σαμαρείᾳ
965 3256 1313 3325 διακειμένας
1337 3256 1471 3327 ὁμοῦ
1500 3257 1577 3326 τῷ
1604 3258 1769 3326 Ἰερο-

186 3349 341 3419 ϐοάμ.
379 3348 599 3401 Δέδοται
638 3347 702 3419 δὴ
735 3344 828 3401 οὖν
862 3350 973 3411 τοῖς
1011 3350 1073 3401 ἐκ
1104 3350 1340 3418 Χαναὰμ
1376 3350 1468 3401 καὶ
1514 3351 1542 3402 6
1584 3350 1764 3419 νόμος,

188 3434 710 3505 μυσταγωγούμενος
771 3436 898 3504 γὰρ,
952 3435 1027 3498 ὡς
1072 3435 1229 3506 ἔφην,
1277 3440 1521 3506 νομικοῖς
1576 3455 1636 3491 τε
1676 3439 1768 3491 καὶ

183 3526 557 3595 εὐαγγελικοῖς
612 3525 963 3595 θεσπίσμασι,
998 3527 1267 3597 Ἰάύτητοι
1318 3529 1411 3581 καὶ
1455 3528 1693 3597 ἔφασκεν
1740 3530 1768 3581 6

183 3620 406 3690 Σωτήρ·
456 3636 473 3669 ι
509 3617 601 3687 Μὴ
656 3618 937 3688 νομίσητε,
975 3619 1055 3672 ὅτι
1112 3615 1274 3690 ἦλθον
1331 3620 1630 3674 καταλῦσαι
1678 3620 1767 3673 τὸν

184 3710 363 3779 νόμον.
397 3710 514 3763 Οὐκ
540 3705 704 3781 ἦλθον
744 3710 1063 3776 καταλῦσαι,
1096 3711 1231 3765 ἀλλὰ
1263 3711 1571 3782 πληρῶσαι.
1612 3714 1768 3781 Λέγω

184 3800 285 3873 γὰρ
316 3803 468 3871 ύμῖν,
500 3803 606 3864 ἕως
635 3803 698 3855 ἂν
738 3801 980 3873 παρέλθῃ
1002 3804 1028 3856 6
1055 3802 1303 3875 οὐρανὸς,
1339 3804 1433 3855 καὶ
1460 3804 1491 3872 ἡ
1522 3806 1611 3873 γῆ.
1637 3804 1768 3856 ίῶτα

183 3894 257 3959 ἰν,
287 3894 317 3965 ἢ
352 3893 450 3963 μία
487 3893 685 3962 κεραία
714 3895 773 3946 οὐ
816 3893 890 3965 μὴ
918 3893 1164 3965 παρέλθῃ
1194 3894 1301 3946 ἀπὸ
1329 3894 1424 3946 τοῦ
1455 3895 1640 3963 νόμου,
1666 3894 1769 3958 ἕως

184 3987 245 4038 ἂν
286 3986 466 4038 πάντα
498 3986 743 4054 γένηται.
772 4004 789 4037 ι
824 3985 1028 4055 Πληροῖ
1064 3986 1172 4055 γὰρ
1198 3985 1289 4037 τὸν
1318 3986 1481 4053 νόμον
1504 3984 1769 4038 διδάσκων

181 4075 245 4126 τὰ
281 4074 423 4144 ὑπὲρ
454 4074 637 4144 νόμον,
676 4075 766 4126 καὶ
804 4075 902 4126 ούκ
933 4074 1039 4140 ἔξω
1066 4074 1231 4144 νόμου
1267 4073 1435 4137 τιθεὶς
1475 4075 1563 4127 τὸν
1612 4073 1767 4127 παιδ-

182 4166 400 4234 αγωγού
411 4183 594 4237 μενον,
616 4166 688 4229 dx,
720 4166 777 4219 ἐν
807 4183 870 4235 γε
890 4166 974 4236 ’τῷ
1004 4166 1168 4234 φάναι
1196 4167 1356 4236 τυχόν
1374 4182 1388 4194 ·
1431 4186 1448 4217 ι
1473 4166 1769 4219 Ἠκούσατε

181 4256 261 4309 ὅτι
308 4256 511 4327 ἒρῤέθη
564 4260 676 4319 τοῖς
730 4258 1009 4328 ἀρχαίοις·
1061 4258 1134 4310 Ού
1172 4258 1472 4326 φονεύσεις·
1525 4258 1581 4321 ὃς
1629 4258 1674 4310 δ’
1703 4258 1770 4311 ἂν

180 4347 438 4418 φονεύσῃ,
472 4347 655 4417 ἔνοχος
684 4346 835 4401 ἔσται
863 4351 927 4418 τῇ
958 4346 1155 4418 κρίσει.
1175 4346 1315 4415 Ἐγὼ
1346 4348 1401 4400 δὲ
1438 4348 1575 4415 λέγω
1601 4349 1732 4418 ὑμῖν
1752 4365 1765 4378 ·

1874 3249 1964 3303 lite
1985 3260 2195 3317 putare,
2223 3252 2478 3319 quoniam
2505 3253 2625 3306 veni
2676 3253 2887 3309 solvere
2938 3254 3129 3323 legem.
3175 3253 3291 3310 Non
3327 3261 3451 3312 veni

1870 3340 2103 3406 Solvere,
2166 3342 2259 3394 sed
2311 3341 2628 3411 adimplere.
2688 3342 2817 3398 Dico
2864 3345 3009 3399 enim
3063 3346 3237 3412 vobis,
3285 3350 3457 3405 donec

1874 3440 2109 3485 transeat
2137 3432 2333 3485 ccelnm
2366 3444 2420 3486 et
2449 3443 2589 3488 terra
2612 3473 2626 3498 ,
2655 3434 2759 3489 iota
2797 3452 2984 3502 unum,
3012 3447 3099 3490 aut
3137 3454 3273 3493 unus
3320 3456 3455 3509 apex

1872 3538 1975 3575 non
2002 3524 2297 3590 praeteribit
2323 3541 2351 3577 a
2378 3525 2513 3593 lege,
2549 3527 2719 3579 donec
2751 3528 2935 3579 omnia
2964 3526 3093 3582 Iiaut
3123 3530 3188 3581 ".
3220 3547 3239 3578 ι
3270 3528 3457 3582 Adim-

1871 3613 1981 3682 plet
2012 3615 2153 3667 enim
2185 3614 2379 3683 legem,
2414 3616 2611 3669 docens
2634 3630 2755 3686 quae
2782 3625 2906 3669 stult
2937 3632 3097 3687 supra
3130 3618 3326 3688 legem,
3355 3632 3455 3674 nec

1870 3706 2065 3774 excipit
2105 3722 2131 3757 a
2167 3706 2281 3773 lege
2303 3722 2424 3760 eum
2454 3707 2545 3777 qui
2574 3708 2815 3771 docetur,
2845 3718 2904 3762 ut
2936 3724 3056 3762 cum
3096 3710 3246 3773 dicit,
3268 3724 3453 3764 exem-

1872 3795 1940 3864 pli
1991 3810 2194 3849 causa:
2232 3816 2250 3846 ι
2297 3786 2537 3850 Audistis
2594 3797 2717 3865 quia
2785 3797 2988 3850 dictum
3024 3805 3108 3851 est
3153 3799 3389 3867 antiquis
3425 3818 3439 3851 :

1870 3887 1984 3941 Non
2004 3887 2219 3940 occides
2250 3901 2264 3939 :
2296 3887 2385 3955 qni
2418 3896 2595 3941 autem
2627 3887 2907 3955 occiderit,
2938 3903 3059 3943 reus
3091 3888 3196 3943 erit
3226 3888 3455 3958 judicio.

1871 3977 1983 4047 Ego
2007 3987 2183 4030 autem
2213 3979 2333 4031 dico
2367 3976 2522 4032 vobis
2558 3995 2571 4031 :
2608 3979 2799 4033 Omnis
2835 3979 2926 4049 qui
2989 3979 3242 4033 irascitur
3301 3981 3455 4036 I'ratri

1870 4084 1969 4124 suo
1999 4070 2113 4124 sine
2139 4084 2325 4132 causa,
2377 4083 2500 4125 reus
2554 4071 2657 4126 erit
2692 4070 2895 4139 judicio
2930 4071 2998 4125 ”.
3040 4090 3061 4123 ι
3093 4072 3159 4125 Ει
3195 4073 3393 4126 Iterum
3433 4090 3448 4124 :

1879 4178 1898 4211 ε
1941 4160 2185 4215 Audistis
2220 4160 2343 4229 quia
2374 4160 2579 4215 dictum
2609 4172 2693 4215 est
2725 4180 2739 4216 :
2784 4161 2900 4217 Non
2928 4165 3311 4219 tumelialieris.
3341 4164 3456 4236 Ego

1872 4264 2052 4307 autem
2078 4253 2198 4308 dico
2216 4253 2388 4321 vobis,
2427 4258 2551 4323 quia
2582 4257 2757 4310 omnis
2780 4256 2869 4325 qni
2892 4257 3037 4312 videt
3066 4258 3349 4313 mulierem
3384 4259 3453 4314 ad

1873 4346 2521 4416 concupiscendum,jam
2560 4350 2860 4403 tumeliatus
2891 4360 2977 4405 est
3013 4365 3131 4403 eam
3181 4351 3234 4405 in
3283 4352 3459 4407 corde

184 4436 307 4490 Ὀτι
342 4440 453 4499 πᾶς
502 4438 529 4490 6
582 4438 935 4507 ὀργιζόμενος
961 4436 1037 4507 τῷ
1067 4436 1281 4507 ἀδελφῷ
1313 4437 1479 4489 αὐτοῦ
1513 4439 1655 4509 είκῆ,
1686 4439 1769 4491 ἓν·

1879 4455 1976 4493 sno
2003 4442 2069 4494 “.
2106 4459 2125 4491 ι
2153 4440 2406 4508 Impletur
2430 4441 2573 4494 enim
2625 4440 2774 4507 illud,
2816 4458 2836 4492 ι
2890 4440 3005 4497 Non
3053 4444 3291 4507 occides,
3326 4461 3347 4495 ι
3404 4445 3456 4498 si

181 4546 303 4596 οχος
333 4529 493 4581 ἔσται
539 4531 605 4599 τῇ
643 4528 836 4597 κρίσει.
871 4545 887 4577 ι
942 4528 1049 4579 Καὶ
1085 4528 1275 4581 πάλιν·
1311 4547 1328 4578 ι
1354 4528 1648 4581 Ἠκούσατε
1687 4530 1769 4581 ὅτι

184 4619 383 4689 ἐρρέθη
408 4635 419 4647 ⁸
470 4619 546 4671 Ού
585 4619 909 4688 μοιχεύσεις.
930 4617 1071 4686 Ἐγὼ
1110 4618 1167 4670 δὲ
1205 4617 1349 4687 λέγω
1381 4620 1507 4687 ὑμῖν
1541 4621 1620 4671 δτι
1660 4621 1767 4684 πᾶς

184 4712 211 4761 6
243 4712 456 4779 βλέπων
487 4700 887 4781 γυναῖκαᾟτρδς
920 4710 981 4762 τὸ
1014 4694 1369 4779 ἐπιθυμῆσαι,
1393 4711 1489 4781 ἥδη
1518 4712 1767 4781 ἐμοίχευ-

191 4818 277 4853 σεν
304 4803 476 4872 αὐτὴν
508 4804 564 4855 ὲν
597 4804 661 4871 τῇ
693 4802 891 4872 καρδίᾳ
928 4800 1114 4855 αὐτοῦ.
1148 4821 1163 4851 ι
1189 4802 1633 4870 Ἀποπερσίνεται
1662 4802 1767 4872 γὰρ

190 4894 264 4953 τὸ,
310 4912 327 4943 ι
362 4893 437 4945 Ού
472 4893 773 4959 φονεύσεις,
802 4912 821 4943 ι
854 4892 927 4955 ὡς
959 4892 1015 4945 ἕν
1058 4909 1119 4961 γε
1150 4892 1225 4960 τῷ
1260 4892 1642 4961 παραιτεῖσθαι
1668 4893 1767 4963 τὴν

194 4981 373 5052 ὀργὴν,
404 4985 437 5052 ἢ
464 4982 592 5053 ῥίζα
618 4982 679 5035 τέ
726 4985 841 5035 ἔστι
885 4982 977 5034 τοῦ
1014 4983 1174 5050 φόνου
1206 4984 1298 5035 καὶ
1342 4984 1573 5050 γένεσις.
1614 4984 1685 5035 Τὸ
1711 4984 1765 5037 δὲ

1878 4530 1968 4584 ira:
1996 4531 2168 4583 locum
2203 4546 2307 4585 non
2332 4530 2622 4599 relinquas.
2670 4546 2790 4600 qute
2828 4533 2989 4586 cmdis
3017 4533 3169 4585 radix
3195 4544 3251 4586 et
3283 4545 3454 4586 mater

1876 4630 1977 4674 est.
2009 4622 2349 4675 lixeludendo
2394 4633 2572 4675 autem
2604 4637 2793 4677 omnes
2847 4622 3193 4692 cupiditates,
3219 4638 3313 4676 seu
3356 4640 3455 4675 ea-

1875 4713 2125 4780 stigando
2157 4713 2479 4780 voluptates,
2544 4728 2765 4781 prorsus
2814 4714 2976 4766 etiam
3036 4713 3280 4767 adulterii
3321 4726 3448 4781 per-

1883 4804 2129 4871 petramli
2159 4804 2325 4857 libido
2359 4804 2563 4858 tollitur
2591 4823 2603 4857 :
2639 4805 2777 4858 sicut
2804 4806 3056 4860 videlicet
3102 4820 3223 4860 cum
3259 4806 3458 4859 radici-

1883 4896 1982 4948 lms
2012 4895 2134 4949 imlc
2159 4896 2473 4951 exsistentia
2515 4897 2758 4968 germina
2805 4911 3047 4952 marcere
3102 4894 3451 4961 aﬂirmamus,

1875 4999 1994 5053 quae
2031 4987 2207 5054 potius
2246 4988 2389 5041 nulla
2419 4990 2638 5043 omnino
2672 4998 3022 5043 enascuntur.

201 5076 310 5143 μηδ’
340 5077 475 5139 ὅλως
511 5076 849 5147 εἰσδέχεσθαι
872 5078 969 5139 τὰς
1010 5077 1326 5146 ἐπιθυμίας,
1354 5078 1517 5147 ἤγουν
1542 5077 1790 5141 κολάζειν
1829 5078 1926 5141 τὰς
1958 5079 2172 5149 ἡδονὰς,
2209 5080 2610 5151 συναναιρεῖται
2674 5098 2775 5133 που
2836 5080 3054 5141 πάντως
3086 5078 3182 5147 τῆς
3212 5076 3455 5145 μοιχείχς

200 5172 225 5221 6
270 5173 484 5243 τρόπος,
520 5171 778 5243 καθάπερ
819 5174 1008 5242 ἀμέλει
1060 5172 1154 5225 καὶ
1202 5172 1377 5242 ῥίζαις
1415 5174 1986 5244 συναπομαραίνεσθαί
2032 5192 2213 5245 φαμεν
2256 5174 2324 5228 τὰ
2364 5175 2422 5240 ἐξ
2494 5175 2675 5230 αὐτῶν
2742 5174 3115 5244 βλαστήματα,
3161 5171 3360 5243 μᾶλλον
3396 5173 3456 5225 δὲ

202 5265 311 5318 οὐδε
339 5266 625 5336 ἀνάσχοιεν
656 5266 810 5329 ὅλως.

265 5363 363 5415 Καὶ
396 5361 528 5417 εἷπε
583 5365 800 5430 Κύριος
851 5367 999 5430 πρός
1042 5380 1148 5433 με·
1188 5364 1308 5415 Ἔτι
1350 5363 1494 5415 λάϐε
1537 5361 1771 5427 σεαυτῷ

201 5458 375 5523 σκεύη
426 5456 748 5527 ποιμενικὰ
793 5456 1074 5525 ποιμένος
1119 5456 1389 5523 ἀπείρου,
1438 5455 1585 5509 διότι
1642 5454 1767 5507 ἰδοὺ

192 5547 295 5615 ἐγὼ
339 5551 624 5621 affers/pm
653 5548 906 5617 ποιμένα
950 5549 1196 5617 ἄπειρον
1229 5548 1326 5601 ἐπὶ
1374 5546 1488 5614 τὴν
1524 5546 1656 5616 γῆν.
1699 5548 1766 5600 Τὸ

186 5639 558 5710 fugacis-or
586 5640 659 5691 οὐ
681 5637 765 5707 μὴ
804 5638 1221 5706 ἐπισκέεἰηται,
1254 5637 1346 5691 καὶ
1378 5636 1443 5689 τὸ
1494 5636 1765 5702 διεσκορ-

242 5731 465 5787 "Joau.
490 5747 568 5797 tv,
603 5727 698 5782 9.5.
778 5731 815 5761 ¹⁷
852 5728 1040 5782 Matth.
1076 5746 1170 5794 vn,
1196 5729 1275 5783 I5.
1357 5726 1797 5791 "Galat.|tt,2l.

1954 5364 2117 5419 Vens.
2155 5364 2241 5427 I5,
2280 5364 2365 5420 l6.
2421 5364 2489 5418 Et
2522 5367 2656 5418 dixit
2705 5365 2961 5418 Dominus
3024 5368 3091 5418 ad
3114 5384 3192 5419 me
3223 5383 3240 5420 :
3273 5366 3455 5417 Adhuc

1876 5456 2137 5507 sumetibi
2199 5472 2322 5509 vasa
2387 5458 2699 5523 pastoralia,
2762 5458 2988 5524 pastoris
3032 5458 3278 5526 imperiti,
3329 5460 3453 5523 quia

1874 5562 1988 5598 erce
2004 5563 2093 5614 ego
2123 5551 2591 5614 suscitapastorcm
2624 5564 2777 5617 super
2807 5560 3023 5602 terram.
3054 5549 3318 5618 Deﬁcicns
3352 5566 3451 5599 nou

1876 5635 2126 5697 risimbit,
2153 5647 2197 5688 et
2230 5637 2525 5703 dispersum
2550 5655 2649 5690 non
2686 5640 2931 5708 requiret,
2971 5654 3013 5693 et
3045 5641 3325 5692 contritum
3350 5654 3452 5686 non

1878 5727 1919 5757 "
1945 5726 2200 5792 Mutth.\',
2236 5731 2316 5791 I7,
2354 5731 2432 5783 l8.
2512 5731 2702 5786 "Ibid.
2733 5732 2821 5795 21,
2849 5732 2937 5785 22.
3015 5733 3056 5763 ¹¹
3095 5728 3329 5791 Ιὺίά.27,
3358 5720 3446 5777 '38-
