3934 6318
167 381 257 433 201
967 388 1521 449 COMMENTARIUS
1561 393 1628 449 IN
1667 395 2068 453 ZACHARIAM
2110 397 2547 456 PROPHETAM.

3290 414 3395 468 2οΞ

172 492 275 545 ἔστι
300 489 363 543 τὰ
399 492 574 563 σκεύη
617 493 683 547 τὰ
726 501 1013 568 ποιμενικὰ
1046 504 1138 555 τοῦ
1180 505 1412 577 ἀπείρου
1463 510 1716 579 ποιμένος

184 581 464 600 ωλι...
616 586 628 600 .
836 589 1066 600 .-_-
1177 596 1277 600 _-

1843 528 1945 568 non
1978 514 2258 583 subjectis,
2294 517 2494 573 idcirco
2522 519 2632 572 ait:
2674 537 2691 569 ι
2731 518 2868 575 Ecce
2901 536 3001 592 ego
3032 526 3277 584 excitabo
3311 547 3403 600 pa-

184 581 384 652 Ἐπειδὴ
416 582 474 635 δὲ
500 586 640 639 κατὰ
673 589 893 657 καιροὺς
920 590 1141 659 ἔμελλεν
1167 596 1195 645 6
1221 596 1318 665 τῆς
1362 600 1588 669 ἀνομίας
1618 602 1731 665 υἱὸς

171 674 256 743 τὴν
305 671 555 741 βασιλίδα
607 680 771 749 τιμὴν
810 684 1209 754 περικείμενος,
1241 687 1416 741 δοκεῖν
1474 692 1531 744 ἐν
1579 692 1730 756 τάξει

172 764 415 833 ποιμένος
460 767 938 839 ἀναδειχθήσεσθαι
967 778 1078 837 τοῖς
1108 778 1201 830 ἐπὶ
1231 779 1330 849 τῆς
1360 780 1483 850 γῆς,
1519 784 1732 851 φειδοῦς

170 873 225 925 γε
253 856 358 925 μὴν
388 857 646 927 οὐδεμιᾶς
676 860 859 927 ἀξιοῦν
892 865 1017 927 τοὺς
1047 866 1152 919 ὑπὸ
1184 871 1338 939 χεῖρα
1365 870 1599 942 λαοὺς,ἢ
1636 875 1729 927 καὶ

169 948 277 1009 τοὺς
302 947 411 1013 ἔξω
439 949 639 1020 χειρὸς,
666 951 836 1025 ταύτῃ
858 971 940 1006 τοι
977 957 1169 1025 φησίν-
1208 977 1231 1009 t-
1251 959 1379 1012 Ἰδοὺ
1415 960 1524 1028 ἐγὼ
1556 963 1730 1033 ἐγερῶ

171 1032 389 1101 ποιμένα
421 1035 515 1087 ὲττὶ
542 1037 638 1105 τὴν
664 1039 779 1107 γῆν.
793 1040 865 1092 Τὸ
892 1042 1225 1112 ὲκλιμπάνον
1252 1047 1312 1099 οὐ
1338 1048 1411 1118 μὴ
1428 1032 1730 1121 ὲπισκέψνη-

169 1138 260 1174 ται.
290 1124 553 1192 »Ὅμοιον
581 1125 656 1189 ὡς
686 1129 737 1179 εί
766 1128 936 1198 λέγοι*
953 1134 1025 1185 Τὸ
1050 1134 1343 1205 ὀλισθῆσαν
1375 1140 1453 1201 είς
1485 1139 1728 1207 ὀλιγοπι-

170 1211 329 1275 στίαν,
372 1213 472 1264 οὐκ
512 1214 577 1267 ἂν
627 1216 950 1289 ἐπιρρώσειε
990 1227 1109 1287 ταῖς
1144 1229 1572 1297 μυσταγωγίαις.
1609 1249 1627 1282 ι
1656 1232 1729 1286 Τὸ

166 1302 215 1354 δὲ
238 1304 686 1374 ἐσκορπισμένον,
719 1310 779 1361 οὺ
808 1310 882 1382 μὴ
910 1311 1138 1385 ζητήσῃ.
1161 1335 1179 1367 ι
1213 1317 1284 1369 Τὸ
1312 1319 1725 1391 ὲκπεφοιτηκός,

168 1395 310 1462 φησὶ,
346 1398 447 1465 τῆς
478 1398 693 1461 εὐθείας
721 1401 862 1466 ὀδοῦ,
896 1405 988 1455 καὶ
1019 1405 1116 1476 τὴς
1150 1408 1349 1479 ἀγέλης
1391 1410 1727 1481 ἀποσκιρτᾷν

167 1486 361 1551 εἰωθὸς,
399 1488 460 1538 οὐ
508 1488 581 1559 μὴ
624 1490 852 1563 ζητήσῃ,
880 1495 1155 1548 τουτέστιν
1210 1499 1310 1551 οὐκ
1356 1499 1423 1552 ἂν
1468 1501 1725 1572 μεταθείη

168 1578 288 1647 πρὸς
316 1579 380 1631 τὺ
414 1580 634 1647 ἄμεινόν
661 1599 720 1635 τε
752 1584 846 1635 καὶ
874 1583 993 1654 ἕχον
1024 1586 1217 1655 ὀρθῶς.
1255 1606 1272 1638 ι
1303 1589 1375 1641 Τὸ
1404 1606 1728 1662 συντετριμ-

170 1672 315 1738 μένον
334 1673 396 1724 οὐ
412 1673 541 1745 [
568 1675 802 1745 ἰάσηται.
817 1696 834 1728 t
855 1678 1204 1748 Συντρίὸεται
1226 1680 1282 1733 δέ
1312 1682 1464 1752 τις,ἢ
1489 1685 1729 1753 πονηρᾶς

167 1762 345 1831 ἡδονῆς
390 1764 722 1834 ἡττώμενος,
754 1767 846 1819 καὶ
879 1763 989 1822 οἷον
1017 1770 1078 1823 οῦ
1105 1770 1286 1841 φέρων
1328 1772 1427 1840 τῆς
1470 1773 1727 1845 φιλοσαρο

1834 613 2033 660 storem
2060 622 2221 676 super
2257 617 2476 664 terram.
2510 610 2659 676 Quod
2690 611 2885 668 defecit
2929 630 3032 670 non
3080 619 3337 677 visitabit.
3375 642 3393 676 ι

1834 693 2063 751 Perinde
2087 711 2149 752 ac
2169 698 2211 752 si
2242 699 2403 761 dicat,
2441 701 2583 768 quod
2614 702 2919 772 prolapsum
2943 716 3025 761 est
3058 708 3109 762 in
3158 709 3401 767 imbecil-

1833 785 2033 840 litatem
2074 788 2217 853 ﬁdei,
2246 789 2490 844 doctrina
2516 806 2667 846 sacra
2730 808 2836 848 non
2878 798 3242 859 conﬁrmabit.
3277 820 3295 854 ι
3336 804 3402 858 Et

1832 874 1971 941 quod
2004 877 2301 943 dispersum
2335 886 2437 941 est,
2476 895 2582 935 non
2613 883 2871 951 requiret.
2904 904 2923 936 ι
2952 885 3103 952 Quod
3172 904 3202 943 a
3254 901 3397 948 recta

1830 962 1913 1014 via
1946 962 2217 1028 discessit,
2249 965 2444 1034 inquit,
2501 976 2556 1021 et
2612 985 2640 1022 a
2678 986 2840 1039 grege
2866 974 3075 1029 resilire
3107 977 3263 1045 solet,
3290 996 3396 1037 non

1832 1054 2089 1120 requiret,
2122 1055 2221 1109 hoc
2248 1069 2352 1119 est,
2377 1058 2441 1109 ad
2472 1065 2668 1112 statum
2691 1062 2969 1117 meliorem
3010 1076 3059 1119 et
3109 1069 3392 1136 probatum

1831 1157 1935 1196 non
1958 1145 2254 1198 revocabit.
2291 1166 2308 1198 ι
2342 1147 2493 1214 Quod
2523 1151 2812 1205 contritum
2834 1163 2919 1208 est
2952 1170 3055 1210 non
3104 1160 3337 1214 sanabit.
3374 1178 3393 1211 ι

1829 1232 2141 1289 Conteritur
2166 1247 2344 1292 autem
2364 1241 2505 1309 quis,
2525 1252 2612 1295 aut
2636 1242 2913 1312 voluptate
2938 1262 3100 1315 prava
3125 1266 3399 1321 expugna-

1832 1333 1918 1380 tus
1944 1335 1999 1380 et
2033 1328 2429 1396 quodammodo
2467 1335 2667 1390 amoris
2704 1351 2884 1391 rerum
2912 1340 3212 1395 carnalium
3262 1359 3395 1412 pon-

1828 1413 1930 1468 dus
1961 1433 2063 1471 non
2105 1420 2379 1475 sustinens
2409 1461 2423 1487 ,
2476 1434 2568 1478 aut
2598 1434 2745 1480 certe
2782 1427 3066 1496 impiorum
3115 1432 3397 1490 haeretico-

1830 1521 1947 1559 rum
1978 1508 2385 1578 deceptionibus
2418 1528 2523 1568 una
2544 1515 2797 1585 abreptus
2825 1528 2880 1572 et
2906 1521 2972 1573 ad
3000 1530 3147 1577 recte
3173 1527 3399 1581 creden-

1829 1598 1952 1651 dum
2010 1614 2139 1653 sana
2183 1612 2361 1656 mente
2404 1604 2712 1662 destitutus.
2770 1608 2955 1665 Talem
3010 1628 3198 1668 rursus
3241 1626 3400 1670 sanat

1827 1699 2011 1758 pastor
2043 1691 2237 1745 bonus.
2296 1694 2579 1764 Imperitos
2610 1708 2788 1752 autem
2840 1717 2859 1751 ι
2923 1702 3063 1769 quod
3125 1704 3394 1775 integrum

1829 1787 2040 1834 estnon
2066 1781 2279 1851 diriget,
2335 1794 2389 1839 et
2446 1800 2637 1842 carnes
2679 1788 2975 1845 electorum
2997 1792 3297 1861 devorabit,
3343 1807 3397 1850 ct

167 1852 274 1914 κίας
325 1854 389 1908 τὺ
439 1855 632 1926 βάρος·
670 1858 836 1929 ἡγσυν
872 1861 991 1921 ταῖς
1021 1861 1129 1912 τῶν
1176 1863 1403 1915 ἀνοσίων
1437 1865 1721 1933 αἱρετικῶν

1832 1870 1969 1925 talos
1989 1887 2177 1926 eorum
2209 1884 2502 1943 pervertet.
2538 1896 2557 1930 ›
2586 1878 2927 1950 Oppugnabit
2983 1883 3130 1937 enim
3179 1895 3397 1941 sanctos

166 1943 389 2006 ἀπάταις
424 1947 891 2017 συνηρπασμένος,
922 1950 1015 2002 καὶ
1045 1951 1172 2018 ὑγιᾶ
1195 1953 1284 2003 τὸν
1312 1952 1435 2005 νοῦν
1466 1954 1565 2005 οὐκ
1586 1953 1723 2024 ἔχων

164 2034 231 2095 είς
285 2051 344 2100 γε
394 2035 455 2086 τὸ
504 2038 698 2108 χρῆναι
753 2040 1025 2094 πιστεύειν
1052 2042 1243 2111 ὀρθῶς.
1276 2043 1475 2096 Τοῦτον
1505 2045 1664 2097 πάλιν
1696 2048 1724 2098 6

164 2122 355 2187 ἁγαθὶς
405 2126 544 2178 Ξίῑται
593 2129 890 2197 ποιμήν.Ὂ
917 2148 981 2197 γε
1022 2131 1129 2202 μὴν
1168 2131 1412 2203 ἄπειρος,
1447 2153 1464 2185 ι
1494 2135 1566 2187 Τὸ
1610 2135 1723 2187 ὀλὸ-

164 2212 353 2282 κληρον
378 2215 437 2265 οὐ
468 2215 541 2286 μὴ
571 2219 895 2293 κατευθύνῃ,
926 2222 1021 2275 καὶ
1054 2222 1122 2277 τὰ
1154 2224 1289 2293 κρέα
1320 2226 1425 2279 τῶν
1451 2227 1722 2282 ἐκλεκτῶν

164 2304 549 2372 καταφάγεται,
583 2308 677 2361 καὶ
712 2312 837 2374 τοὺς
872 2312 1246 2383 ἀστραγάλους
1289 2317 1467 2371 αὐτῶν
1506 2321 1724 2391 ἐκστρέ-

164 2392 263 2461 ψει.
302 2414 319 2445 ι
362 2396 661 2469 Πολεμήσει
692 2397 799 2469 γὰρ
824 2404 934 2465 τοῖς
965 2403 1137 2469 ἁγίοις
1159 2406 1186 2457 6
1210 2405 1307 2476 τῆς
1341 2408 1564 2476 ἀνομίας
1587 2411 1723 2477 υίὸς,

167 2484 248 2534 καὶ
302 2485 549 2554 ἀχάλινον
600 2489 780 2553 αὐτοῖς
835 2491 1064 2559 ἐπαφεὶς
1097 2492 1194 2562 τὴν
1227 2494 1412 2565 ὀργὴν,
1442 2501 1725 2570 μονονουχὶ

168 2580 249 2630 καὶ
284 2580 673 2650 κρεωνομήσει,
702 2581 797 2633 καὶ
830 2584 1208 2651 καταφάγεται
1229 2584 1395 2656 θηρὸς
1425 2588 1615 2659 ἀγρίου
1644 2592 1724 2643 δί-

168 2683 277 2736 κην.
298 2669 609 2739 Ἐκστρέψει
640 2671 696 2723 δὲ
729 2672 822 2724 καὶ
848 2674 973 2737 τοὺς
1001 2676 1394 2745 ἀστραγάλους,
1426 2680 1511 2733 ἵνα
1538 2682 1614 2751 μή
1638 2699 1720 2746 τις

168 2755 268 2825 ἔχοι
320 2759 377 2811 τὸ
428 2760 738 2828 ὀρθοποδεῖν
796 2763 1075 2819 δύνασθαι.
1139 2768 1549 2824 Καταϐιάσεται
1612 2772 1720 2843 γὰρ

168 2845 477 2916 προσκυνεῖν
542 2853 687 2923 αὐτῷ
724 2892 738 2917 ,
800 2856 1193 2924 καταπλήττων
1243 2860 1356 2922 τοῖς
1402 2860 1673 2931 θαύμασιν
1702 2879 1716 2893 ⁸

174 2940 346 3008 ιἘχει
368 2940 474 3010 γὰρ
502 2941 598 3012 τὴν
632 2943 932 3013 παρουσίαν
964 2947 1083 2997 κατ’
1110 2947 1388 3017 ἐνέργειαν
1424 2950 1517 3004 τοῦ
1548 2952 1721 3005 Σατα-

171 3121 201 3153 τ

1830 1961 1974 2017 ﬁlius
2030 1964 2353 2033 iniquitatis,
2378 1976 2435 2023 et
2458 1971 2536 2023 ira
2560 1972 2826 2027 indomita
2865 1987 2957 2029 eos
2983 1974 3241 2032 invadens
3267 1992 3396 2047 pro-

1828 2056 2110 2121 pemodum
2153 2058 2450 2124 dilaniabit,
2470 2070 2523 2115 et
2551 2063 2720 2118 instar
2740 2066 3057 2122 truculentae
3094 2068 3280 2123 bestiae
3300 2071 3396 2125 de-

1830 2148 2060 2201 vorabit.
2093 2148 2373 2206 Pervertet
2400 2154 2561 2208 etiam
2593 2155 2834 2223 talos,ne
2875 2158 2997 2228 quis
3054 2168 3203 2215 recto
3230 2176 3390 2231 passu

1830 2236 2039 2305 ingredi
2063 2249 2244 2306 queat.
2269 2242 2436 2313 Coget
2462 2245 2616 2300 enim
2645 2260 2703 2301 se
2730 2247 2957 2303 adorare
3011 2250 3166 2306 miris
3213 2254 3396 2323 operi-

1828 2328 1927 2381 bus
1947 2327 2365 2397 obstupcfactos.
2394 2353 2413 2385 ι
2446 2335 2609 2406 Cujus
2642 2339 2902 2395 adventus
2930 2341 3223 2396 secundum
3252 2359 3385 2414 ope-

1829 2417 2092 2473 rationem
2119 2419 2354 2489 Satanac,
2379 2432 2434 2478 et
2466 2425 2520 2480 in
2572 2425 2855 2484 Beelzebul
2884 2430 3006 2484 edet
3036 2439 3281 2499 portenta
3316 2436 3388 2502 ’⁸,

1830 2515 1889 2560 ιιι
1917 2508 1969 2560 in
1992 2523 2228 2565 errorem
2268 2513 2563 2579 induceret,
2612 2518 2659 2571 si
2706 2518 2820 2573 lieri
2843 2534 3044 2591 posset,
3094 2528 3256 2581 etiam
3284 2529 3395 2583 ele-

1794 2668 1799 2675 ν
1829 2602 1944 2649 ctos
1973 2598 2048 2661 ης
2081 2617 2099 2648 ι
2134 2608 2188 2653 et
2221 2609 2277 2653 ut
2299 2601 2374 2654 ait
2404 2601 2674 2670 Salvator,
2719 2623 2740 2657 ι
2764 2621 2870 2661 non
2906 2608 3060 2666 ﬁeret
3089 2614 3233 2669 salva
3275 2632 3393 2671 om-

1828 2683 1913 2738 nis
1943 2698 2071 2740 caro
2104 2686 2169 2753 ³ο,
2213 2706 2232 2739 ι
2267 2688 2412 2744 illius
2460 2694 2697 2760 potentia
2725 2704 2912 2750 contra
2942 2712 3135 2757 omnes
3161 2702 3390 2761 furente.

1832 2792 1850 2825 ι
1884 2774 2109 2845 Propter
2126 2779 2325 2835 electos
2351 2791 2530 2837 autem
2585 2785 2968 2844 breviabuntur
2995 2791 3112 2847 dies
3167 2794 3241 2849 illi
3262 2796 3325 2850 ³⁸.
3367 2816 3387 2849 ι

1827 2895 1899 2904 -
1937 2887 1955 2918 σ
1992 2868 2284 2925 luterliciet
2334 2873 2476 2927 enim
2531 2874 2681 2930 illum
2749 2877 3008 2937 Dominus
3046 2884 3238 2953 spiritu
3278 2888 3392 2943 oris

1828 2958 1935 3023 eui,
1971 2969 2025 3013 et
2054 2963 2299 3018 destruet
2323 2964 2679 3022 illustratione
2714 2969 2976 3029 adventus
3000 2975 3081 3029 sui
3123 2975 3190 3030 “.
3224 2994 3245 3028 ι

168 3034 246 3095 νᾶ,
277 3032 365 3084 καὶ
392 3033 449 3109 έν
480 3033 805 3096 Βεελζεϐοὺλ
844 3037 1057 3105 ποιήσει
1090 3038 1312 3107 τέρατα,
1381 3040 1520 3117 ᾤστε
1588 3044 1879 3117 πλανῆσαι,
1913 3051 1962 3102 εί
2031 3053 2275 3119 δυνατὸν,
2304 3058 2396 3110 καὶ
2449 3059 2574 3122 τοὺς
2599 3060 2907 3129 ἐκλεκτοὺς,
2937 3082 2955 3116 ι
2993 3061 3147 3141 καὶῇ
3180 3086 3343 3141 φησιν
3365 3073 3393 3125 6

171 3120 333 3141 «τμη
455 3123 542 3141 ,η
614 3123 634 3137 η
724 3123 857 3141 ειη
1001 3129 1025 3141 ..
1188 3130 1277 3141 ..
1606 3134 1617 3141 .
1871 3139 1878 3141 _

171 3120 361 3191 Σωτὴρ,
402 3142 419 3174 ι
454 3123 567 3176 Οὐκ
609 3123 673 3177 ἂν
719 3123 896 3194 ἐσώθη
952 3129 1097 3179 πᾶσα
1144 3130 1299 3200 σὰρξ,
1332 3149 1351 3182 ι
1389 3134 1719 3203 μαινομένης
1754 3139 1894 3193 κατά
1960 3142 2174 3196 πάντων
2206 3146 2307 3214 τῆς
2375 3120 2581 3201 ἐκείνου
2625 3120 2952 3217 πλεονεξίας.
3006 3172 3026 3205 ι
3057 3120 3155 3209 Διά
3184 3120 3395 3222 ὲὲῖὲξὺξ

170 3214 436 3279 ἐκλεκτοὺς
482 3216 941 3287 κολοϐωθήσονται
991 3221 1047 3273 αί
1092 3222 1292 3292 ἡμέραι
1344 3226 1614 3279 ἐκεῖναι.»
1649 3256 1716 3268 —-
1756 3248 1775 3282 ι
1798 3232 2002 3287 Ἀνελεῖ
2063 3237 2171 3305 γὰρ
2234 3238 2398 3291 αὐτδν
2437 3242 2465 3292 6
2505 3240 2709 3310 Κύριος
2735 3214 3129 3316 ’τῷ-πνεύματι,
3165 3250 3257 3303 καὶ
3296 3214 3394 3304 xu:

169 3309 410 3378 ταργήσει
439 3311 506 3379 τῇ
534 3309 824 3380 ἐπιφανείᾳ
851 3310 949 3380 τῆς
980 3314 1279 3381 παρουσίας
1308 3316 1495 3369 αὑτοῦ.
1526 3335 1544 3365 ι

230 3439 292 3495 Ὦ
327 3448 377 3497 ol
417 3446 835 3513 ποιμαίνοντες
885 3447 956 3500 τὰ
981 3448 1229 3517 μάταια,
1262 3452 1358 3503 καὶ
1386 3455 1438 3505 οἱ
1474 3457 1721 3507 καταλε-

1899 3458 2063 3514 Vens.
2112 3461 2197 3513 17.
2233 3461 2277 3515 0
2311 3464 2398 3531 qui
2428 3465 2641 3530 pascitis
2685 3481 2838 3531 vana,
2871 3478 2918 3521 et
2991 3470 3082 3538 qui
3106 3472 3389 3543 reliquistis

173 3532 423 3597 λοιπότες
451 3532 522 3585 τὰ
552 3535 832 3599 πρόϐατα,
858 3536 1119 3605 μάχαιρα
1150 3539 1245 3591 ἐπὶ
1268 3540 1373 3592 τοῦ
1392 3541 1720 3610 βραχίονος

173 3622 357 3686 αὑτοῦ,
390 3624 483 3676 καί
508 3623 609 3675 ἐπὶ
641 3625 749 3677 τὸν
785 3627 1102 3696 ὀφθαλμὸν
1137 3629 1245 3683 τὸν
1279 3630 1481 3694 δεξιὸν
1510 3634 1716 3687 αὐτοῦ.

184 3712 237 3763 Ὀ
252 3713 513 3782 βραχίων
538 3715 731 3770 αὐτοῦ
775 3717 1202 3787 ξηραινόμενος
1241 3721 1677 3791 ξηρανθήσεται
1702 3766 1715 3786 ,

178 3805 641 3876 καίόόφθαλμός
702 3812 735 3862 ό
785 3809 981 3876 δεξιὸς
1027 3813 1211 3866 αὐτοῦ
1239 3813 1719 3883 ἐκτυφλούμενος

178 3894 675 3966 ἑχτυφλωθήσεται
688 3942 699 3955 .

235 4029 343 4084 HE’.
391 4032 679 4099 Γεγονὸτος
738 4034 884 4102 ἅπαξ
939 4038 1029 4089 τοῦ
1076 4038 1232 4107 λόγου
1286 4040 1413 4111 περὶ
1466 4042 1719 4111 ποιμένος

180 4120 391 4191 ἀπείρου,
434 4125 716 4195 μονονουχὶ
743 4127 836 4179 καὶ
862 4129 1244 4197 ὲπιστυγνάζει
1271 4130 1454 4183 λοιπὸν
1486 4135 1596 4195 τοῖς
1643 4133 1717 4203 μὴ

182 4214 366 4280 ἀγαθοῖς
392 4220 637 4288 ποιμέσι,
676 4221 768 4272 καὶ
800 4222 1160 4289 γενικώτατον
1201 4242 1322 4278 τινα
1367 4226 1563 4293 τρόπον
1584 4227 1717 4297 χρῆ-

183 4308 511 4381 ται-τῷλόγῳ,
570 4312 639 4365 τὰ
688 4315 801 4376 τοῖς
831 4307 931 4367 ὧδε
974 4314 1198 4385 γνώμης
1234 4316 1412 4384 ἔχουσι
1444 4317 1718 4386 συμϐησό-

184 4413 289 4463 μενα
309 4402 731 4470 προαναφωνῶν.
751 4404 939 4474 Ἀθρει
963 4404 1069 4475 γὰρ
1092 4405 1166 4466 ὡς
1189 4405 1288 4475 ήδη
1311 4405 1407 4468 τὰς
1434 4405 1531 4474 τῆς
1555 4406 1720 4477 ρᾳθυ-

184 4487 281 4555 u'm
302 4492 676 4545 ἁποτιννύουσι
716 4494 870 4558 δίκας
920 4495 1059 4565 τάχα
1106 4512 1211 4547 που
1247 4497 1338 4548 καὶ
1370 4496 1626 4563 συναλγεῖ
1652 4498 1716 4548 δι’

182 4576 382 4645 ἔμφυτον
411 4583 748 4651 ἡμερότητα,
779 4585 872 4637 καὶ
910 4586 1250 4637 καταιτιᾶται
1284 4584 1401 4654 μὲν,
1425 4585 1505 4636 ὅτι
1527 4586 1717 4654 ποιμέ-

182 4682 249 4729 νες
268 4671 512 4739 γεγόνασι
534 4672 642 4725 τῶν
672 4675 936 4743 ματαίων,
956 4675 1196 4727 τουτέστι
1231 4674 1340 4726 τῶν
1369 4675 1716 4744 προσκαίρων

1823 3566 1961 3615 oves,
1980 3552 2186 3621 gladius
2218 3569 2374 3620 super
2404 3555 2673 3608 brae/tium
2710 3555 2844 3625 ejus,
2896 3567 2944 3611 et
3000 3577 3155 3629 super
3182 3566 3390 3620 oculum

1821 3642 2089 3695 dexterum
2167 3642 2298 3711 ejus.
2368 3643 2651 3699 Bracltt'um
2717 3648 2831 3714 ejus
2905 3650 3158 3705 siccatum
3218 3656 3387 3711 sicca-

1822 3731 1979 3795 bitur,
2035 3743 2078 3785 et
2116 3734 2296 3786 oculus
2358 3735 2542 3787 dexter
2587 3737 2700 3804 ejus
2752 3750 3042 3794 excreeatus
3106 3748 3389 3801 exctecabi-

1820 3831 1921 3874 ιιιν.

1891 4037 2149 4092 LXXXV.
2181 4038 2440 4107 Suscepto
2463 4040 2626 4095 semel
2648 4055 2900 4099 sermone
2928 4046 2994 4100 de
3032 4056 3251 4115 pastore
3281 4051 3383 4104 im-

1820 4124 2014 4193 perito,
2039 4127 2391 4179 contristatur
2416 4128 2689 4196 quasijam
2723 4144 2884 4199 super
2916 4136 3224 4201 pastoribus
3273 4154 3379 4193 non

1821 4216 1994 4281 bonis,
2023 4226 2073 4269 et
2109 4217 2393 4271 admodum
2439 4221 2735 4287 generatim
2787 4222 3043 4292 loquitur,
3084 4227 3157 4280 ita
3205 4231 3386 4284 animo

1819 4306 2025 4362 all'ectis
2051 4318 2305 4364 eventura
2332 4311 2718 4375 praenuntiatus.
2752 4312 2882 4367 Vide
2924 4326 3102 4370 autem
3125 4323 3385 4387 quemad-

1821 4398 2034 4451 modum
2066 4414 2208 4453 nunc
2255 4415 2445 4469 pmnas
2506 4403 2715 4458 inertiae
2769 4406 3065 4471 pendentes
3138 4410 3387 4468 fortassis

1818 4484 1979 4537 etiam
2016 4486 2444 4550 commiseratur,
2473 4497 2692 4556 propter
2736 4489 2952 4545 insitam
3006 4500 3383 4553 mansuetudi-

1820 4591 1941 4632 nem
1980 4596 1992 4630 :
2058 4593 2366 4649 quanquam
2390 4588 2607 4635 accusat
2634 4583 2919 4652 eos,77l
2956 4588 3095 4652 quod
3139 4598 3384 4655 pastores

1821 4687 2079 4727 vanorum
2108 4672 2233 4728 facti
2256 4674 2383 4738 sint,
2411 4674 2510 4727 hoc
2528 4684 2629 4739 est,
2658 4677 3031 4744 temporalium
3056 4690 3383 4750 satagentes,

182 4756 494 4831 ἐπιμεληταὶ,
522 4764 752 4834 ῥᾴθυμοι
782 4765 836 4817 δὲ
870 4764 1060 4829 οὕτως,
1088 4764 1162 4826 ὠς
1193 4763 1578 4831 ὲπιγάννυσθαι
1606 4768 1717 4826 τοῖς

1827 4764 1957 4814 adeo
1993 4772 2168 4815 autem
2199 4763 2473 4825 socordes,
2498 4772 2555 4816 ut
2576 4764 2737 4818 ctiam
2770 4780 2933 4833 super
2971 4768 3163 4823 ovibus
3190 4771 3387 4825 misere

183 4850 435 4915 προϐάτοις
464 4853 665 4916 ἀθλίως
690 4855 1014 4908 διολωλόσιν.
1065 4856 1126 4907 Ol
1167 4855 1263 4924 μὲν
1289 4855 1397 4923 γὰρ
1419 4854 1717 4916 πωλοῦντες

185 4936 349 5007 ελεγον·
385 4963 404 4995 ι
439 4944 746 5015 Εὐλογητὸς
779 4947 1001 5016 Κύριος,
1042 4948 1135 4999 καὶ
1177 4947 1653 5016 πεπλουτήκαμεν.
1693 4966 1712 4997 ι

184 5027 231 5081 Οἱ
251 5032 300 5084 δὲ
328 5026 667 5105 κατέσφαζον
706 5055 762 5090 τε
796 5039 888 5091 καὶ
919 5041 1018 5091 οὐκ
1048 5038 1285 5108 ἔπασχον
1322 5039 1471 5090 οὐδὲν
1505 5040 1589 5090 ἐπ’
1624 5039 1720 5090 αὑ-

182 5123 285 5183 τθῖς·
329 5127 418 5179 τοῦ
463 5128 573 5198 γὰρ
612 5130 810 5200 χρῆναι
848 5130 1157 5199 ποιμαίνειν
1202 5129 1398 5200 ὀρθῶς,
1427 5129 1602 5192 οὐδεὶς
1650 5125 1718 5199 ἦν

183 5213 287 5280 παρ’
313 5217 481 5280 αὐτοῖς
502 5219 677 5286 λόγος.
709 5220 951 5273 Τοιοῦτοι
984 5222 1040 5274 δὲ
1067 5218 1205 5291 ἦσαν
1227 5225 1273 5274 οἱ
1300 5223 1407 5275 τῶν
1453 5223 1717 5276 Ἰουδαίων

183 5303 474 5377 καθηγηταί,
507 5310 773 5373 κλείοντές
803 5329 862 5363 τε
895 5313 992 5382 τὴν
1018 5313 1296 5382 βασιλείαν
1320 5313 1428 5366 τῶν
1452 5314 1713 5381 οὐρανῶν,

183 5393 298 5447 κειθά
322 5415 477 5467 φησιν
508 5402 537 5453 6
564 5402 818 5470 Χριστὸς,
855 5423 873 5453 ι
918 5405 1027 5456 Καὶ
1064 5405 1200 5473 μήτε
1226 5405 1376 5456 αὐτοὶ
1405 5403 1717 5474 εἰσερχόμε-

182 5494 260 5546 νθίν
288 5490 412 5556 μήτε
447 5491 551 5561 μὴν
580 5493 796 5560 ἐτέρους
822 5494 1069 5559 ἀφιέντες
1098 5495 1373 5546 εἰσελθεῖν·
1398 5493 1533 5545 ἀλλὰ
1562 5511 1716 5565 περι-

183 5568 371 5641 άγοντες
404 5581 499 5649 μὲν
522 5582 622 5652 τὴν
668 5582 942 5635 θάλασσαν
977 5585 1068 5636 καὶ
1094 5584 1190 5654 τὴν
1223 5583 1412 5654 ξηρὰν,
1442 5584 1527 5636 ἵνα
1560 5586 1715 5655 ποιή-

1825 4852 2171 4920 pereuntibus
2196 4852 2528 4906 laetarentur.
2559 4854 2661 4908 Alii
2687 4870 2917 4925 namque
2962 4860 3253 4914 vendentes
3293 4875 3386 4915 eas

1825 4942 2074 4997 dicebant
2108 4961 2121 4997 :
2188 4961 2206 4995 ι
2242 4944 2561 4999 Benedictus
2583 4945 2862 5011 Dominus,
2889 4956 2937 5002 et
2969 4949 3160 5003 divites
3202 4951 3384 5007 evasi-

1827 5050 1944 5089 mus
1974 5035 2038 5088 ³³.
2070 5054 2090 5088 ι
2116 5035 2218 5090 Alii
2245 5051 2371 5092 vero
2404 5036 2739 5102 occidebant,
2764 5053 2863 5092 nec
2891 5039 3183 5107 quidquam
3233 5055 3385 5095 com-

1828 5127 2179 5181 movebantur
2207 5143 2221 5189 ;
2257 5142 2380 5179 nam
2407 5137 2465 5180 ut
2498 5138 2645 5182 recte
2678 5140 2979 5197 pascerent,
3021 5129 3070 5182 id
3117 5143 3249 5184 sane
3278 5145 3383 5185 non

1826 5219 2104 5273 curabant.
2163 5218 2322 5273 Tales
2358 5234 2517 5286 porro
2551 5228 2705 5273 erant
2757 5219 3002 5273 doctores
3048 5218 3383 5288 Judaaorum,

1832 5329 1849 5358 ‹
1872 5311 2179 5365 claudentes
2203 5326 2425 5380 regnum
2450 5312 2762 5376 caelorum,»
2786 5312 2926 5366 sicut
2942 5312 3016 5366 ait
3033 5313 3280 5371 Christus
3304 5316 3350 5349 ³*
3369 5358 3386 5385 ,

1831 5419 1849 5450 ι
1883 5410 1937 5454 et
1967 5415 2142 5471 neque
2160 5402 2260 5469 ipsi
2287 5403 2682 5468 intrantes,nec
2715 5401 3074 5459 aliosintrare
3102 5407 3343 5465 sitientes
3371 5427 3384 5465 γ

1823 5492 1914 5545 sed
1945 5493 2340 5546 circumeuntes
2367 5506 2515 5546 mare
2540 5501 2595 5546 et
2624 5493 2852 5559 aridam,
2905 5502 2962 5548 ut
2993 5494 3195 5551 faciant
3220 5514 3384 5553 unum

1820 5582 2166 5652 proselytum.
2183 5583 2272 5651 qui
2296 5598 2414 5637 cum
2440 5565 2613 5639 factus
2640 5583 2821 5652 fuerit,
2846 5585 3049 5641 faciunt
3070 5603 3190 5643 eum
3219 5588 3383 5643 lilium

311 5688 345 5742 ll
376 5692 563 5747 Thess.
607 5710 683 5756 11,
714 5696 867 5749 5-H.
940 5697 984 5728 ²⁹
1022 5696 1208 5751 Matth.
1252 5712 1398 5760 XXIV,
1429 5696 1518 5750 24.
1598 5697 1642 5728 ³⁰
1670 5695 1801 5752 Ibid.
1834 5696 1922 5750 22.
2002 5698 2041 5729 ⁸¹
2078 5695 2210 5751 Ibid.
2289 5698 2331 5729 ³¹
2363 5697 2405 5751 ll
2438 5697 2629 5754 Thess.
2664 5714 2723 5766 tt,
2757 5698 2809 5753 8.
2890 5701 2932 5732 ³³
2966 5702 3190 5758 Zachar.
3219 5716 3297 5769 x1,
3324 5700 3376 5757 ὅ.

184 5749 218 5783 ³⁸
243 5755 411 5814 Matth.
436 5779 593 5821 χχιιι.
628 5749 713 5815 l3.

464 5855 736 5918 PATROL.
787 5858 900 5917 Gn.
953 5854 1193 5920 LXXII.

2964 5859 2996 5920 7
