3934 6318
493 375 596 428 Qui}

1479 371 1535 426 S.
1582 369 1856 425 CYNLIJ
1896 371 2364 425 ALEXANDRINI
2404 373 2720 430 ARCIIIEP.

3648 377 3751 429 204

491 493 747 563 gehennze
773 493 984 561 duplum
1021 506 1180 560 quam
1231 491 1328 558 ipsi
1372 491 1584 544 sunt”.
1630 510 1646 542 ι
1712 492 1848 556 Quid
1904 493 2047 562 igitut

2169 510 2300 544 σωσι
2340 494 2434 544 ἕνα
2475 495 2830 564 προσήλυτον,
2894 497 2939 546 εἰ
2988 494 3042 546 δὲ
3073 493 3136 562 δὴ
3202 493 3432 560 γένοιτο,
3467 494 3750 558 ποιοῦντες
3786 493 3788 499 ’

491 587 625 640 adeo
658 586 912 653 improbis
968 583 1275 650 pastoribus
1331 584 1588 637 eveniet?
1641 604 1657 635 ι
1697 585 1946 646 Gladius.
1983 586 2061 637 iu-

489 679 623 746 quit,
651 690 810 744 super
835 675 1112 729 brachium
1139 673 1326 743 ipsius,
1358 683 1411 728 et
1439 690 1602 744 super
1632 679 1845 729 oculum
1876 677 2062 730 tlextev

487 785 603 822 rum
630 769 761 836 ejus.
802 785 820 818 ι
853 767 1129 820 Bruchium
1153 781 1246 835 pro
1266 768 1472 822 viribus
1524 777 1578 822 et
1615 776 1736 838 typo
1765 768 2061 822 cllicieutize

487 859 778 926 spiritualis
800 859 1081 928 accipitur.
1113 857 1295 926 Itaque
1330 860 1394 912 de
1426 860 1756 912 animalibus
1783 860 1979 912 occisis
2009 859 2057 910 in

487 964 641 1004 sacro
689 947 1031 1003 tabernaculo
1069 948 1266 1003 selecta
1310 947 1464 1002 altari
1521 958 1708 1003 saneto
1753 965 1875 1018 pars
1933 949 2059 1002 bra-
2103 950 2117 963 ’

486 1040 688 1102 chium,
713 1054 806 1094 seu
841 1054 1026 1093 armus
1054 1048 1189 1104 erat,
1242 1049 1297 1094 et
1341 1054 1558 1095 sacrum
1609 1040 1893 1093 donarium
1930 1041 2057 1100 Deo,

484 1131 800 1184 ostemlcntc
825 1131 1122 1200 Scriptura,
1151 1140 1207 1184 ut
1237 1131 1509 1194 existimo,
1532 1132 1633 1185 sub
1665 1133 1892 1200 quodam
1919 1135 2057 1186 intc-

486 1227 761 1287 gumento,
820 1221 929 1275 Deo
983 1222 1228 1298 proprias
1275 1223 1519 1289 corporis
1581 1231 1634 1275 et
1657 1223 1880 1291 spiritus
1915 1223 2056 1278 vires

483 1312 790 1365 cot‘tsccrari
838 1320 1106 1381 oportere.
1167 1311 1455 1366 Bracbium
1521 1322 1700 1365 autem
1755 1313 2060 1381 signiﬁcare

486 1404 646 1468 vires,
683 1404 971 1457 testabitur
1001 1404 1218 1472 quidam
1238 1412 1570 1466 sanctorum,
1617 1403 1782 1458 Deum
1838 1407 2056 1458 univcr-

483 1511 665 1547 sorum
695 1496 1014 1563 alloquens:
1055 1514 1073 1546 ί
1123 1495 1492 1564 Magnitudinc
1523 1495 1728 1547 brachii
1782 1494 1860 1568 ιμὶ
1923 1495 2056 1547 ﬁant

484 1597 539 1638 ut
578 1587 784 1654 lapides
812 1586 878 1641 ³⁸.
914 1604 932 1635 ›
987 1585 1186 1640 Oculus
1236 1594 1416 1639 autem
1483 1585 1680 1638 mentis
1734 1585 1910 1654 imago
1949 1594 2054 1638 est.

480 1673 727 1728 Patietur
786 1674 968 1744 itaque
1024 1675 1112 1743 qui
1165 1690 1273 1728 non
1325 1683 1468 1728 recte
1527 1674 1703 1744 pascit
1736 1674 1946 1729 brachii
2001 1684 2054 1729 et

481 1766 618 1820 oculi
654 1766 1070 1830 mutilationem,
1097 1766 1197 1821 hoc
1217 1776 1320 1829 est,
1351 1776 1405 1822 et
1427 1780 1455 1819 a
1486 1780 1748 1836 corporeo
1792 1775 1848 1820 et
1886 1781 1916 1820 a
1948 1766 2056 1835 spi-

2173 584 2332 638 αὑτὸν
2367 586 2481 637 υἱὸν
2519 586 2743 655 γεέννης
2775 586 3103 658 διπλώτερον
3144 585 3372 639 ἑαυτῶν.
3414 605 3432 637 ι
3476 587 3541 639 Τί
3564 587 3628 656 δὴ
3658 583 3748 639 οὖν

2169 679 2275 747 ἄρα
2307 681 2419 741 τοῖς
2446 678 2588 730 οὕτω
2620 682 2873 750 πονηροῖς
2897 681 3121 749 ποιμέσι
3167 678 3508 748 συμϐήσεται
3535 695 3549 742 ;
3585 698 3602 729 ι
3628 680 3750 732 Μά-

2165 787 2350 839 χαιρα,
2377 771 2562 839 φησὶν,
2592 771 2685 823 ἐπὶ
2713 771 2805 824 τοῦ
2864 771 3149 841 βραχίονος
3195 769 3382 836 αὑτοῦ,
3418 771 3510 823 καὶ
3535 771 3628 822 ἐπὶ
3657 772 3750 823 τὸν

2164 867 2437 936 ὀφθαλμὸν
2463 867 2553 920 τὸν
2575 866 2745 930 δεξιον
2778 866 2964 920 αὐτοῦ.
3005 886 3023 918 ι
3061 866 3408 936 Λαμὸάνεται
3453 864 3510 917 δὲ
3543 869 3574 916 ό
3594 865 3746 932 βρα-

2163 961 2311 1026 χίων
2352 961 2430 1020 εἰς
2473 958 2704 1028 δύναμίν
2759 975 2818 1011 τε
2885 959 2980 1011 καὶ
3007 959 3178 1012 τύπον
3217 957 3316 1028 τῆς
3367 958 3747 1027 πνευματικῆς

2162 1048 2463 1115 ἐνεργείας.
2499 1047 2609 1100 Καὶ
2665 1045 2796 1114 γοῦν
2846 1047 2955 1099 τῶν
3009 1045 3365 1115 σφαζομένων
3390 1045 3548 1110 ζώων
3578 1049 3637 1099 ὲν
3677 1049 3744 1114 τῇ

2161 1140 2290 1209 ἁγία
2339 1141 2509 1209 σκηνῇ
2543 1138 2842 1192 ἀπόλεκτον
2868 1137 2944 1208 τῷ
2975 1138 3105 1208 θείῳ
3151 1137 3521 1207 θυσιαστηρίῳ
3558 1138 3744 1207 μέρος,

2157 1231 2187 1284 ὁ
2219 1230 2457 1301 βραχίων
2483 1225 2571 1302 ἦν,
2601 1232 2694 1284 καὶ
2723 1231 2864 1300 ἱερὸν
2891 1229 3148 1300 ἀνάθημα
3191 1229 3270 1299 τῷ
3292 1229 3430 1299 Θεῷ,
3461 1231 3746 1300 ύπεμφαί-

2159 1339 2358 1384 νοντος,
2400 1320 2575 1391 οἶμαι,
2603 1321 2696 1374 τοῦ
2732 1321 2891 1388 λόγου
2923 1321 2988 1373 δι’
3024 1321 3365 1389 αἰνίγματος,
3409 1321 3490 1374 ὅτι
3516 1322 3593 1390 τῷ
3626 1319 3748 1390 Θεῷ

2157 1414 2254 1482 τὴν
2289 1414 2424 1466 ἰδίαν
2477 1415 2771 1467 ἀναθετέον
2835 1415 2988 1481 ἰσχὺν
3042 1412 3138 1480 τὴν
3180 1415 3498 1482 σωματικήν
3555 1429 3614 1464 τε
3653 1414 3748 1464 καὶ

2159 1506 2552 1574 πνευματικήν.
2598 1505 2718 1556 ’Ὁτι
2751 1504 2806 1556 δὲ
2858 1505 2886 1556 6
2941 1503 3178 1573 βραχίων
3217 1503 3616 1572 κατασημαίνει
3646 1503 3744 1570 τήν

2156 1595 2404 1664 δύναμιν,
2438 1594 2769 1650 πιστώσεταί
2803 1613 2886 1659 τις
2939 1595 3046 1648 τῶν
3108 1597 3298 1663 ἁγίων,
3333 1596 3410 1664 τῷ
3461 1596 3570 1647 τῶν
3608 1595 3746 1646 ὅλων

2157 1688 2275 1757 θεῷ
2320 1687 2825 1758 προσπεφωνηκὼς’
2862 1705 2881 1738 t
2905 1687 3139 1756 Μεγέθει
3174 1687 3455 1757 βραχίονός
3494 1704 3585 1739 σου
3616 1688 3746 1738 ἀποο

2157 1780 2564 1850 λιθωθήτωσαν.
2604 1799 2622 1830 ι
2710 1781 2767 1833 '0
2813 1780 2870 1834 δέ
2922 1797 2984 1847 γε
3036 1779 3313 1849 ὀφθαλμὸς
3355 1781 3416 1832 ὲκ
3445 1778 3537 1832 νοῦ
3571 1778 3742 1831 τύπον

483 1858 876 1919 ritualirobore
896 1860 1195 1913 deseretur.
1227 1857 1340 1912 Non
1409 1859 1551 1914 enim
1603 1858 1881 1928 quidpiam
1936 1859 2040 1913 bon

2165 1871 2515 1940 λαμϐάνεται.
2548 1871 2799 1924 Πείσεται
2826 1871 2888 1942 δὴ
2923 1869 3017 1924 οὖν
3043 1874 3074 1923 ὁ
3103 1871 3176 1940 μὴ
3234 1872 3538 1941 ποιμαίνων
3566 1870 3743 1941 ὀρθῶς

481 1952 740 2017 praestare
762 1947 981 2016 poterit,
1022 1948 1128 2003 Deo
1171 1949 1318 2003 illum
1349 1964 1454 2004 non
1495 1949 1880 2004 corroborante
1923 1964 1936 1998 :
2001 1957 2056 2002 et

479 2041 661 2094 animo
675 2040 1076 2106 obscurabitur,
1092 2041 1182 2110 qui
1209 2040 1374 2095 divini
1397 2039 1616 2094 luminis
1631 2054 1825 2110 expers
1840 2048 2023 2094 autest
2037 2080 2052 2104 ,

479 2143 572 2186 aut
599 2143 876 2188 censetur.
897 2132 1056 2198 ,llaud
1089 2135 1233 2190 enim
1262 2149 1384 2188 cmn
1421 2132 1611 2187 ﬁducia
1637 2131 1816 2186 dicet:
1857 2149 1877 2182 ‹
1907 2129 2052 2197 Quo-

479 2224 621 2278 niam
659 2235 709 2279 tu
759 2226 1084 2280 illuminabis
1111 2225 1385 2280 lucernam
1419 2223 1883 2287 meam,Domiue;
1915 2223 2055 2277 Deus

478 2331 652 2382 meus,
687 2316 1013 2370 illuminabis
1047 2315 1294 2370 tenebras
1333 2315 1559 2369 nicas”.
1584 2332 1602 2364 ›
1641 2314 1927 2366 Dexterum
1959 2326 2055 2364 au-

479 2418 585 2462 tem
618 2409 896 2463 brachium
923 2406 1169 2476 estquod
1200 2407 1379 2477 gladio
1410 2405 1738 2474 prteciditur,
1771 2415 1827 2458 et.
1855 2403 2050 2459 oculus

475 2506 664 2556 dexter
693 2503 787 2570 qui
835 2511 1165 2555 excaecatum
1218 2500 1364 2552 Nihil
1423 2498 1565 2553 cnim
1594 2499 1875 2551 dexterum
1907 2499 2050 2565 apud

475 2595 724 2665 populum
750 2593 1080 2658 Judaeorutn,
1105 2606 1208 2645 non
1239 2593 1382 2645 actio
1405 2593 1616 2644 bona...
1651 2627 1664 2642 .
1694 2589 1928 2653 Etenim,
1993 2597 2051 2640 ut

473 2698 554 2742 est
587 2687 729 2756 apud
781 2686 1028 2751 Paulum,
1065 2701 1084 2735 ι
1149 2683 1330 2752 Usque
1376 2683 1535 2738 hodie
1590 2683 1806 2748 quando
1858 2679 2052 2749 leg'tur

476 2780 669 2844 Moses,
699 2777 942 2832 velamen
974 2790 1135 2844 super
1160 2790 1256 2829 cer
1287 2789 1474 2836 eorum
1537 2775 1771 2843 positum
1800 2781 1881 2826 est
1906 2772 1970 2823 ³⁸.
2027 2790 2044 2820 ι

474 2871 660 2925 Psallit
701 2877 756 2924 et
810 2867 1005 2922 alicubi
1060 2866 1225 2940 David
1263 2866 1328 2920 de
1381 2865 1514 2934 ipsis
1551 2885 1563 2918 :
1601 2883 1618 2915 ‹
1679 2863 2052 2920 Obscureutur

473 2963 612 3017 oculi
642 2975 829 3014 eorum
864 2975 932 3013 ne
950 2958 1165 3013 videant
1191 2958 1257 3010 '9.
1298 2976 1316 3007 ι
1348 2956 1541 3012 Omnia
1594 2956 1760 3026 igitur
1833 2956 2046 3010 illorum

474 3053 714 3115 sinistra,
743 3049 854 3104 sive
883 3050 1142 3118 cogitata,
1167 3048 1281 3102 sive
1311 3061 1490 3102 mores
1520 3047 1688 3112 dicas,
1733 3047 1846 3100 sive
1903 3044 2049 3100 aliud

473 3158 658 3198 eorum
682 3156 799 3212 qua:
827 3141 932 3196 illis
963 3141 1152 3196 adesse
1173 3138 1380 3194 credita
1403 3146 1551 3192 sunt.
1575 3139 1654 3193 Ac
1699 3138 2044 3192 sinistrorum

2161 1962 2444 2032 βραχίονός
2462 1979 2520 2014 τε
2545 1963 2634 2014 καὶ
2666 1960 2947 2032 ὀφθαλμοῦ
2976 1961 3073 2028 τὴν
3135 1965 3403 2033 πήρωσιν,
3438 1960 3740 2025 τουτέστιν,

2157 2052 2364 2123 ἕρημος
2416 2053 2569 2105 ἔσται
2606 2053 2924 2122 σωματικῆς
2989 2054 3082 2106 καὶ
3127 2054 3504 2124 πνευματικῆς
3536 2055 3737 2124 ἰσχύος.

2157 2140 2232 2194 Οὐ
2257 2143 2366 2212 γὰρ
2423 2142 2711 2212 δυνήσεταί
2763 2160 2816 2195 τι
2851 2142 3196 2214 κατορθῶσαι
3239 2143 3348 2198 τῶν
3408 2145 3631 2213 ἀγαθῶν
3664 2145 3744 2215 μὴ

2155 2234 2496 2305 ὲνισχύοντος
2546 2233 2710 2288 Θεοῦ·
2759 2235 3319 2306 κατασκοτισθήσεται
3384 2235 3441 2289 δὲ
3497 2237 3589 2288 καὶ
3648 2235 3740 2288 τὸν

2154 2325 2301 2388 νοῦν,
2349 2326 2614 2395 ἀμέτοχος
2645 2326 2740 2379 τοῦ
2801 2326 2945 2379 θείου
3011 2328 3190 2396 φωτὸς
3241 2326 3503 2398 ὑπάρχων
3555 2344 3613 2380 τε
3648 2329 3740 2380 καὶ

2154 2419 2463 2488 νοούμενος.
2503 2420 2576 2471 Οὐ
2604 2418 2715 2490 γὰρ.
2740 2418 3029 2488 δυνήσεται
3053 2419 3235 2487 λέγειν
3269 2421 3332 2472 ὲκ
3387 2421 3738 2490 παρῤησίας’

2161 2533 2178 2561 ι
2214 2513 2342 2565 Ὅτι
2379 2513 2444 2564 σὺ
2468 2513 2690 2580 φωτιεῖς
2745 2511 2937 2580 λύχνον
2967 2528 3092 2582 μου,
3125 2511 3318 2580 Κύριετ
3348 2513 3376 2565 6
3422 2512 3552 2575 Θεός
3609 2529 3736 2581 μου,

2154 2605 2376 2673 φωτιεῖς
2410 2603 2469 2655 τὸ
2505 2603 2694 2666 σκότος
2754 2619 2874 2673 μου.
2905 2621 2924 2653 ι
2961 2601 3143 2667 Δεξιδς
3176 2602 3233 2656 δὲ
3259 2603 3287 2655 6
3327 2603 3566 2672 βραχίων
3608 2605 3636 2654 6
3669 2605 3736 2672 τῇ

2161 2695 2412 2764 μαχαίρᾳ
2459 2693 2824 2762 τεμνόμενος,
2872 2693 2968 2745 καὶ
3012 2691 3118 2764 μὴν
3144 2691 3240 2746 καὶ
3277 2692 3551 2762 ὀφθαλμὸς
3575 2693 3602 2744 6
3639 2709 3738 2744 τυ-

2152 2785 2472 2854 φλούμενος.
2504 2783 2686 2848 Δεξιδν
2717 2783 2826 2855 γὰρ
2875 2783 3026 2837 οὐδὲν
3084 2784 3234 2853 παρά
3291 2786 3406 2846 τοῖς
3464 2783 3740 2836 Ἰουδαίων

2149 2877 2364 2946 δήμοις,
2425 2873 2486 2927 ού
2532 2872 2970 2946 πρᾶξιςάγαθή.
3051 2914 3066 2930 .
3147 2917 3161 2930 .
3241 2918 3253 2931 .
3333 2917 3348 2930 .
3429 2917 3443 2929 .
3526 2918 3539 2930 .
3620 2917 3633 2930 .
3719 2915 3732 2928 .

2139 2968 2226 3030 Ὠς
2247 2967 2358 3038 γὰρ
2386 2968 2415 3020 6
2445 2964 2656 3030 Παῦλός
2687 2984 2873 3036 φησιν,
2937 2985 2956 3018 t
2992 2967 3150 3038 ’Ἄχρι
3183 2969 3423 3039 σ’ήμερον
3472 2968 3636 3038 ήνίκα
3669 2969 3738 3021 ἂν

2151 3055 2588 3124 ἀναγινώσκηται
2647 3055 2871 3124 Μωσῆς,
2927 3055 3192 3125 κάλυμμα
3249 3056 3342 3108 ἐπὶ
3375 3057 3474 3127 τὴν
3503 3058 3736 3127 καρδίαν

2148 3145 2326 3202 αὐτῶν
2349 3148 2543 3200 κεῖται.
2567 3164 2584 3197 ›
2615 3145 2823 3199 Ψάλλει
2850 3147 2906 3198 δέ
2946 3164 3047 3199 που
3076 3146 3170 3200 καὶ
3203 3148 3230 3200 6
3259 3148 3426 3201 Aa6‘t6
3451 3149 3584 3220 περὶ
3635 3151 3734 3202 αύ-

387 3285 390 3287 .
471 3236 685 3304 quidem
721 3232 1049 3286 ablationem
1076 3231 1381 3286 conducere
1403 3242 1581 3297 posse,
1614 3241 1732 3282 eam
1770 3229 2043 3284 sustinen-

2154 3239 2276 3290 τῶν·
2339 3257 2357 3289 ‹
2397 3237 2846 3308 Σκοτισθήτωσαν
2877 3236 2928 3289 οἰ
2975 3235 3244 3308 ὀφθαλμοὶ
3284 3238 3466 3293 αὐτῶν
3517 3213 3612 3294 τοῦ
3659 3243 3738 3311 μὴ

473 3324 636 3389 tibus,
669 3338 775 3376 nou
821 3337 905 3376 me
935 3321 1086 3375 latet.
1139 3319 1268 3373 Nam
1323 3318 1559 3388 abjectio
1596 3319 1838 3374 stultitire
1893 3320 2042 3373 omni

471 3413 623 3482 culpa
663 3422 717 3468 et
745 3411 940 3482 probro
963 3424 1055 3465 eos
1085 3409 1385 3464 liberaverit
1416 3427 1431 3474 ;
1487 3410 1646 3479 772
1690 3419 1877 3466 contra
1937 3426 2040 3487 nou

471 3503 814 3560 mediocriter
901 3501 1096 3556 laeserit
1153 3501 1462 3556 dextrorqu
1519 3501 2044 3556 amissiozomniue

470 3595 612 3648 enim
640 3594 706 3648 ad
734 3593 1018 3647 inhonesta
1069 3600 1124 3647 et
1164 3593 1396 3647 maxime
1418 3594 1773 3648 exsecrabilia
1805 3594 2036 3649 deducit.

471 3685 574 3741 Sed
602 3685 816 3740 Judacos
849 3686 1060 3748 deceat,
1093 3693 1159 3738 et-
1179 3699 1435 3753 perquam
1462 3685 1866 3751 convenienter,
1917 3701 2044 3756 spot-

469 3776 626 3830 liatos
662 3774 871 3829 dextris
931 3783 1303 3843 paupertatem
1367 3762 1654 3843 perferre:
1705 3789 1804 3831 nos
1842 3787 2042 3836 ,autem

468 3868 556 3935 qui
611 3880 797 3920 sumus
828 3865 881 3919 in
911 3863 1151 3927 Christo,
1187 3864 1407 3918 sinistra
1429 3865 1698 3932 amittere,
1720 3875 1773 3920 et
1840 3867 2043 3921 dextris

467 3957 707 4025 gloriari.

2153 3328 2391 3398 βλέπειν.
2420 3346 2438 3378 ι
2466 3327 2640 3381 Σκαιά
2658 3326 2722 3397 δὴ
2765 3321 2858 3381 οὖν
2897 3326 3109 3381 ἅπαντα
3135 3327 3202 3380 τὰ
3251 3329 3380 3400 παρ’
3404 3329 3608 3395 αὐτοῖς,
3630 3333 3734 3384 κᾶν

2151 3419 2346 3489 νόημα,
2371 3417 2472 3472 κᾶν
2510 3418 2708 3489 τρόπον
2730 3417 2892 3490 εἴπῃς
2911 3459 2926 3481 ,
2953 3419 3057 3471 κᾶν
3106 3419 3291 3490 ἕτερόν
3339 3438 3390 3473 τι
3419 3421 3528 3474 τῶν
3558 3439 3731 3493 προσ-

2153 3512 2290 3563 εῖναι
2337 3507 2804 3579 πεπιστευμένων.
2861 3506 2983 3561 Τῶν
3052 3509 3153 3578 μὲν
3189 3510 3297 3581 γὰρ
3339 3511 3647 3583 ἀριστερῶν
3694 3517 3725 3582 ή

2152 3600 2442 3671 ἀφαίρεσις
2488 3599 2730 3670 ὀνήσειεν
2763 3599 2829 3652 ἂν
2886 3593 2980 3652 οἷδ’
3022 3600 3104 3653 ὅτι
3133 3603 3261 3664 τοὺς
3334 3602 3730 3673 ὑπομένοντας.

2162 3689 2427 3759 Ἀποϐολὴ
2453 3690 2562 3758 γὰρ
2593 3688 2909 3757 σκαιότητος
2934 3688 3111 3751 αἰτίας
3156 3707 3212 3742 τε
3245 3690 3336 3742 καὶ
3367 3691 3560 3761 μώμου
3592 3709 3728 3746 παν-

2146 3779 2235 3843 τὸς
2286 3779 2645 3843 ἀπαλλάξειεν
2707 3779 2772 3834 ἂν
2835 3779 3052 3844 αὐτούς.
3107 3781 3408 3853 Ἀδικήσειε
3461 3784 3506 3836 δ’
3536 3783 3604 3837 ἂν
3665 3786 3729 3837 ού

2151 3871 2386 3941 μετρίως
2446 3873 2478 3941 ή
2533 3871 2639 3924 τῶν
2681 3870 2872 3935 δεξιῶν
2928 3873 3217 3939 ἀπόδειξις.
3284 3875 3572 3946 Ἀποφέρει
3616 3877 3728 3947 γὰρ

2149 3960 2366 4022 πάντως
2398 3962 2476 4022 εἰς
2506 3960 2572 4012 τὰ
2604 3960 2820 4029 αἰσχίω,
2853 3963 2944 4014 καὶ
2975 3962 3370 4034 βδελυρώτατοι.
3410 3965 3548 4017 Ἀλλ’
3598 3967 3728 4019 Ἰου-

465 4052 633 4113 δαίοις
663 4049 860 4120 πρέποι
894 4047 978 4112 ἂν,
1020 4047 1112 4100 καὶ
1150 4045 1292 4116 μάλα
1333 4046 1580 4109 εἰκότως,
1610 4047 1672 4100 τὸ
1703 4049 1760 4099 ὲν
1823 4049 2073 4118 στερήσει
2115 4049 2369 4104 πένεσθαι
2427 4052 2533 4104 τῶν
2595 4051 2803 4116 δεξιῶν⁸
2837 4055 2966 4122 ἡμῖν
3034 4055 3090 4107 δὲ
3121 4059 3234 4120 τοῖς
3270 4059 3331 4111 ἐν
3360 4058 3581 4128 Χριστῷ
3629 4059 3732 4126 τὴν

466 4141 736 4211 ἀποϐολὴν
784 4138 1037 4208 γενέσθαι
1079 4135 1418 4208 σκαιότητος,
1454 4141 1547 4193 καὶ
1602 4141 1716 4201 τοῖς
1733 4137 1923 4201 δεξιοῖς
1953 4137 2362 4209 ἐναϐρύνεσθαι.

714 4291 1118 4384 TOMUS
1202 4290 1774 4394 QUINTUS.

1101 4441 1252 4499 CAP.
1287 4441 1403 4496 ΧΠ.

537 4558 701 4614 Vens.
731 4559 778 4612 l.
829 4559 1124 4628 Assumptio
1173 4555 1317 4610 uerbi
1374 4552 1586 4607 Domini
1638 4567 1792 4620 super
1840 4550 2032 4604 Israel.

467 4653 613 4707 Dixit
641 4651 894 4705 Dominus
919 4651 1196 4705 extendens
1227 4647 1438 4710 caelum,
1463 4654 1512 4698 et
1553 4644 1784 4711 fundens
1815 4652 2032 4712 terram,

463 4753 509 4800 et
527 4743 724 4812 ﬁngens
759 4743 996 4812 spiritum
1016 4740 1241 4795 hominis
1276 4739 1330 4790 in
1351 4753 1425 4792 eo.

531 4854 815 4910 LXXXVI.
844 4851 1290 4922 Postquamquod
1331 4847 1558 4905 sulﬁciat
1597 4849 2033 4905 commodissime

463 4947 721 5001 disseruit
763 4947 829 5001 de
875 4960 1000 4998 vero
1052 4951 1287 5012 pastore,
1340 4942 1440 4996 hoc
1480 4949 1562 4995 est
1609 4939 2032 5009 Cbristo,atque

460 5037 626 5091 etiam
669 5037 736 5090 de
776 5035 1046 5104 imperito,
1103 5041 1157 5087 et
1216 5031 1606 5096 crudelissimo,
1659 5039 1714 5084 et
1776 5029 2031 5084 carniﬁce

460 5125 665 5190 ovium,
691 5139 851 5194 quem
898 5121 1289 5179 Antichristum
1350 5136 1471 5176 esse
1520 5119 1768 5187 dicimus,
1825 5119 2029 5174 utiliter

459 5215 622 5269 etiam
654 5214 957 5275 futurarum
997 5212 1284 5281 aliquando
1343 5213 1774 5280 persecutionum
1838 5219 2024 5267 contra

457 5306 808 5370 lsraelem,et
829 5303 1136 5372 neutiquam
1177 5304 1389 5373 quidem
1455 5303 1664 5358 lsraelis
1719 5302 2024 5368 secundum

457 5411 699 5462 carnem,
727 5395 820 5450 sed
852 5394 1206 5464 intelligibilis
1239 5395 1382 5450 illius
1415 5405 1471 5449 et
1535 5409 1662 5449 vere
1715 5402 1914 5451 sanctae
1935 5392 2025 5449 Je-

458 5485 712 5550 rusalem,
738 5499 858 5555 quae
885 5493 969 5541 est
998 5506 1016 5536 ι
1052 5487 1293 5543 Ecclesia
1348 5486 1436 5540 Dei
1473 5486 1702 5542 viventis
1729 5487 1774 5518 ⁸ο
1793 5505 1841 5552 ,ι
1872 5501 2022 5540 meu-

459 5578 893 5635 tioneminducit.
923 5580 1073 5635 Sicut
1107 5583 1247 5637 enim
1277 5581 1570 5636 asserimus
1618 5596 1740 5636 esse
1766 5579 2018 5648 intelligi—

2425 4287 2808 4372 ΤΟΜΟΣ
2869 4289 3450 4377 ΠΕΜΠΤΟΣ.

2734 4438 2980 4494 ΚΕΦΑΛ.
3022 4440 3116 4496 IB'.

2212 4539 2428 4616 Λῆμμα
2453 4551 2641 4618 λόγου
2679 4551 2900 4619 Κυρίου
2957 4552 3056 4606 ἐπὶ
3105 4554 3212 4608 τὸν
3258 4557 3508 4625 Ἰσραήλ.
3547 4563 3726 4629 Λέγει

2144 4639 2380 4707 Κύριος,
2406 4640 2686 4695 ἐκτείνων
2714 4644 2992 4712 οὐρανὸν,
3023 4645 3118 4697 καὶ
3146 4648 3431 4715 θεμελιὼν
3456 4651 3592 4719 γῆν,
3619 4655 3720 4705 καὶ

2142 4729 2442 4783 πλίὶσσων
2474 4732 2707 4801 πνεῦμα
2736 4734 3049 4802 ἀνθρώπου
3070 4736 3140 4789 ἐν
3165 4738 3344 4805 αὐτῷ.

2213 4845 2355 4911 HG".
2437 4845 2786 4916 Ἀποχρῶσαν
2849 4842 2910 4900 εὖ
2973 4849 3118 4918 μάλα
3173 4852 3558 4922 -ποιησάμενος
3618 4855 3722 4925 τὴν

2135 4935 2410 5006 ἀφήγησιν
2441 4937 2539 5007 τὴν
2588 4938 2681 4990 ἐπί
2729 4954 2790 5006 γε
2846 4938 2924 5008 τῷ
2955 4938 3144 5010 ἁγαθῷ
3181 4941 3434 5010 ποιμένι,
3469 4943 3721 4997 τουτέστι

2133 5027 2370 5098 Χριστῷ,
2429 5030 2524 5082 καὶ¹
2579 5028 2676 5098 μέν
2727 5047 2808 5082 τοι
2854 5031 2950 5100 τὴν
3013 5032 3108 5084 ἐπὶ
3160 5032 3234 5102 τῷ
3286 5017 3499 5104 ἀπείρῳ
3526 5051 3584 5087 τε
3621 5037 3720 5089 καὶ

2132 5119 2416 5188 ὠμοτάτῳ,
2448 5120 2540 5172 καὶ
2601 5121 3001 5190 κρεωνομοῦντι
3029 5123 3097 5176 τὰ
3129 5124 3396 5194 πρόϐατα,
3425 5125 3610 5178 τοῦτον
3657 5127 3721 5180 δὲ

2130 5203 2266 5260 εἷναί
2296 5225 2475 5278 φαμεν
2503 5209 2594 5261 τὸν
2629 5209 3011 5279 Ἀντίχριστον,
3044 5213 3407 5284 ὅιαμέμνηται
3427 5217 3719 5285 χρησίμως

2136 5299 2230 5351 καὶ⁹
2259 5299 2364 5353 τῶν
2417 5298 2691 5368 ἐσομένων
2725 5301 2867 5354 κατὰ
2894 5305 3118 5372 καιροὺς
3156 5304 3434 5375 διωγμῶν,
3474 5307 3617 5360 κατά
3647 5324 3716 5375 γε

2134 5389 2226 5441 τοῦ
2271 5390 2503 5459 Ἰσραὴλ,
2546 5393 2638 5444 καὶ
2668 5393 2789 5462 οὐχὶ
2837 5393 2900 5463 δὴ
2935 5394 3149 5458 πάντως
3197 5395 3293 5448 τοῦ
3324 5398 3465 5451 κατὰ
3499 5398 3717 5466 σάρκα,

2137 5478 2336 5548 μᾶλλον
2355 5479 2411 5531 δὲ
2442 5478 2534 5531 τοῦ
2585 5479 2798 5551 νοητοῦ,
2835 5483 2926 5534 καὶ
2958 5482 3056 5552 τῆς
3111 5484 3269 5550 ἁγίας
3299 5484 3466 5548 ὄντως
3508 5485 3714 5554 Ἰερου-

2134 5571 2335 5641 σαλὴμ,
2358 5571 2478 5641 ἥτις
2511 5573 2657 5625 ἐστὶν
2687 5591 2703 5624 t
2738 5573 3032 5644 Ἐκκλησία
3057 5574 3191 5627 Θεοῦ
3223 5575 3475 5639 ζῶντος.»
3501 5575 3717 5647 Ὠσπερ

528 5693 570 5723 ³³
604 5693 786 5753 Matth.
813 5713 961 5754 xvut.
1001 5699 1081 5753 l5.
1144 5699 1188 5729 ³⁸
1225 5697 1397 5752 Exod.
1435 5713 1522 5763 xv,
1551 5695 1631 5749 l6.
1687 5696 1728 5727 ³⁷
1755 5694 1894 5749 Psal.
1932 5708 2040 5747 xvii

2154 5691 2189 5741 ι.
2269 5685 2314 5717 ⁸⁸
2345 5683 2387 5738 ll
2421 5685 2545 5739 Cor.
2576 5701 2660 5754 ιιι,
2694 5688 2780 5743 15.
2839 5688 2881 5722 ³³
2909 5687 3050 5744 Psal.
3086 5703 3272 5754 vattt,
3307 5687 3396 5742 Ἡ.
3444 5688 3530 5742 “l
3563 5687 3711 5747 Tim.

457 5783 534 5829 ιιι,
573 5766 654 5821 l5.
