3934 6318
195 395 301 450 205

1018 393 1567 453 COMMENTARIUS
1604 395 1671 450 IN
1711 392 2111 451 ZACHARIAM
2146 386 2588 449 PROPHETAM.

3340 394 3445 449 206

200 507 306 579 γὰρ
339 504 483 561 εἷναί
520 525 702 578 φαμεν
737 507 924 579 νοητὸν
964 510 1231 575 Ἰουδαῖον,
1282 510 1375 563 τὸν
1403 509 1594 579 ἔχοντα
1626 526 1773 578 περι-

1883 507 2039 562 bilem
2060 505 2325 572 Judmum,
2350 505 2637 559 habentem
2673 499 3139 558 circumcisionem
3189 501 3241 556 in
3290 504 3450 558 corde

202 600 371 670 τομὴν
393 602 454 653 ὲν
485 599 706 671 καρδίᾳ,
730 600 829 671 τὴν
852 600 940 653 διὰ
964 600 1056 653 τοῦ
1085 601 1413 670 πνεύματος,
1444 600 1537 654 καὶ
1574 600 1689 670 οὐχὶ
1711 600 1775 667 δὴ

203 690 418 753 πάντως
444 688 545 758 τὴν
574 690 633 742 ὲν
664 689 826 758 σαρκὶ
852 688 940 741 διὰ
994 690 1340 760 γράμματος·
1375 689 1515 742 οὕτω
1545 690 1639 743 καλ⁸
1673 689 1773 740 Ἰσ-

204 778 339 849 ραὴλ
365 778 608 831 νοεῖσθαι
639 777 767 847 φαίη
819 792 905 840 τις
939 778 1027 841 ἂν,
1057 780 1179 847 οὐχὶ
1231 779 1447 840 πάντως
1473 778 1565 831 τὸν
1596 776 1655 840 ἐξ
1689 777 1773 829 αἴ·-

204 882 372 935 ματος
397 866 640 938 Ἰσραὴλ,
657 867 865 919 ἐκεῖνον
894 867 950 919 δὲ
977 866 1197 936 μᾶλλον,
1213 866 1271 929 ὃς
1294 867 1402 936 ἔχει
1425 866 1547 919 νοῦν
1567 865 1774 936 ὁρῶντα

189 955 352 1012 Θεόν.
384 954 633 1010 Τοιοῦτος.
659 958 716 1010 δὲ
750 958 966 1020 πάντως
985 957 1136 1009 οἱδιὰ
1160 957 1394 1020 πίστεως
1416 957 1514 1026 τῆς
1534 959 1612 1019 είς
1640 957 1775 1027 Χρι-

199 1049 324 1102 στὸν
360 1048 691 1120 κεκλημένοι
750 1049 886 1120 πρὸς
922 1048 1225 1118 ἀγιασμὺν,
1279 1049 1579 1117 ἐγνωκότες
1622 1065 1680 1101 τε
1706 1047 1773 1101 δι’

196 1141 385 1207 αὐτοῦ,
422 1141 517 1195 καὶ
543 1142 601 1193 ἐν
646 1140 793 1211 αὑτῷ
814 1141 904 1193 τὸν
932 1140 1064 1193 Θεὸν
1123 1140 1216 1193 καὶ
1242 1138 1478 1209 Πατέρα.
1507 1138 1773 1202 Θεοπτίας

194 1230 308 1300 γὰρ
346 1233 533 1284 οὑτοσὶ
557 1226 757 1302 τρόπος
797 1232 1037 1302 ἀτρεκὴς
1065 1232 1157 1284 καὶ
1213 1228 1507 1300 ἐξαίρετος,
1546 1229 1775 1299 Λαμϐά-

193 1339 349 1375 νεται
375 1323 559 1375 τοίνυν
578 1323 606 1374 ὀ
634 1321 791 1391 λόγος
818 1323 911 1375 ἐπὶ
946 1321 1037 1375 τδν
1078 1321 1280 1392 ἀρτίως
1326 1323 1458 1391 ἡμῖν
1485 1320 1772 1392 εἰρημένον

202 1416 449 1487 Ἰσραήλ.
480 1416 603 1469 Ὀτι
641 1415 701 1468 δέ
757 1417 872 1467 ὲστι
898 1413 1177 1483 παναλκὴς
1203 1415 1230 1466 ὁ
1256 1413 1364 1466 τῶν
1390 1413 1527 1467 ὅλων
1563 1412 1714 1477 Θεὸς,
1742 1415 1773 1467 ό

192 1506 260 1559 τὰ
284 1506 381 1557 ἐπὶ
417 1503 630 1567 τούτοις
659 1505 792 1574 ἡμῖν
818 1502 1140 1573 ποιούμενος
1170 1502 1612 1573 πρωνάρρησιν,
1636 1502 1771 1556 ἀπο-

190 1595 398 1664 φαίνει,
451 1594 643 1663 λέγων·
701 1612 720 1645 ι
755 1590 1038 1648 Ἐκτείνων
1065 1592 1313 1664 οὐρανὸν,
1367 1594 1461 1646 καὶ
1507 1592 1771 1664 θεμελιῶν

194 1683 317 1757 γῆν,
377 1684 472 1738 καὶ
517 1686 773 1739 πλάσσων
826 1683 1042 1755 πνεῦμα
1085 1684 1373 1756 ἀνθρώπου
1420 1686 1483 1736 ὲν
1540 1684 1709 1755 αὐτῷ,
1747 1704 1765 1737 ι

193 1779 416 1848 Δέχεται
449 1777 577 1848 γὰρ,
604 1777 787 1849 φησὶν,
819 1776 912 1829 ἐπὶ
957 1775 1049 1830 τὸν
1086 1775 1300 1847 Ἰσραὴλ
1344 1775 1406 1828 τδ
1452 1777 1645 1848 λῆμμα
1672 1777 1768 1831 τοῦ

192 1843 351 1938 λόγου
380 1843 591 1933 Calig-6
618 1843 824 1923 utich
880 1867 1099 1939 ἰσχύων,
1219 1843 1327 1923 Καὶ
1373 1843 1627 1923 ἐκτείνων
1670 1870 1768 1940 μὲν
1803 1843 1844 1898 Β

193 1963 322 2015 ὡσεὶ
344 1960 532 2033 δέρριν
558 1960 651 2012 τὸν
678 1958 927 2031 οὐρανὸν,
971 1977 989 2010 ι
1029 1956 1168 2011 κατὰ
1206 1958 1304 2028 τὴν
1342 1959 1435 2011 τοῦ
1473 1954 1767 2029 ψάλλοντος

187 2053 396 2124 φωνὴν,
433 2052 784 2122 ὲδραιοτάτην
827 2050 884 2103 δὲ
918 2050 1089 2113 οὕτως
1138 2049 1424 2120 ἀποφήνας
1468 2050 1567 2121 τὴν
1620 2051 1764 2121 γῆν,

188 2146 265 2208 ὡς
289 2144 378 2197 ἀεί
421 2162 483 2197 τε
520 2144 614 2198 καὶ
663 2140 956 2205 ἅαπαεηῦς
998 2141 1308 2212 ἀκλονήτως
1355 2141 1532 2211 ἔχειν,
1590 2142 1768 2197 καίτοι

190 2235 665 2306 τεθεμελιωμένην
690 2235 784 2286 ἐπὶ
814 2228 1119 2287 θαλασσῶν.
1163 2228 1309 2303 Ἔφη
1355 2234 1464 2303 γὰρ
1511 2234 1683 2297 οὕτως
1726 2236 1763 2305 ἡ

190 2325 548 2388 θεόπνευστος
602 2325 642 2376 Γ
647 2324 816 2396 ραφή·
871 2338 889 2375 t
936 2319 1048 2377 Καὶ
1102 2322 1356 2378 πλάσσων
1412 2323 1627 2394 πνεῦμα
1675 2325 1769 2378 ἀν-

187 2414 409 2487 θρώπου
434 2418 493 2469 ὲν
524 2415 691 2485 αὐτῷ.
719 2433 738 2467 ι
779 2416 839 2469 '0
866 2414 922 2467 δὲ
947 2414 1009 2485 δὴ
1039 2413 1180 2468 οὕτω
1207 2414 1457 2486 μεγάλων
1504 2415 1767 2488 δημιουρ-

190 2508 283 2577 τὸς
330 2506 427 2562 καὶ
458 2506 729 2579 τεχνίτης,
760 2502 878 2571 πῶς
930 2507 1029 2559 οὐκ
1066 2506 1337 2577 ἀνιδρωτὶ,
1382 2506 1477 2561 καὶ
1503 2506 1649 2576 μάλα,
1677 2508 1767 2560 εὐ.

192 2600 364 2664 κόλως
391 2600 455 2654 τδ
490 2599 638 2670 αὐτῷ
668 2599 861 2653 δοκοῦν
921 2599 1259 2667 ἀποπερανει
1281 2615 1296 2664 ;
1318 2594 1327 2601 ’
1348 2598 1659 2651 Πλάσσεται
1698 2600 1768 2653 δὲ

190 2691 408 2762 πνεῦμα
445 2692 737 2763 ἀνθρώπου
771 2694 828 2745 ὲν
854 2689 1023 2763 αὐτῷ,
1054 2692 1154 2743 οὐκ
1176 2691 1255 2754 εἰς
1284 2688 1459 2760 ἀρχὰς
1492 2691 1588 2743 τοῦ
1626 2686 1765 2744 εἶναι

188 2784 547 2852 καλούμενον,
572 2784 621 2835 εί
660 2782 754 2835 καὶ
780 2782 971 2851 γέγονε
1010 2780 1078 2835 δι’
1107 2776 1293 2843 αὐτοῦ,
1321 2776 1567 2834 ἀλλνοῖον
1598 2794 1766 2851 μετα-

187 2876 591 2948 μορφούμενον,
623 2874 681 2940 se
701 2872 980 2937 ἀσθενείας
1014 2873 1094 2936 εις
1119 2871 1368 2941 δύναμιν,
1396 2872 1455 2935 ἐξ
1482 2872 1767 2949 ἀνανδρίας

187 2968 261 3029 εἰς
292 2965 597 3036 ὑπομονὴν,
625 2965 719 3018 καὶ
750 2964 1106 3029 ἁπαξαπλῶς,
1144 2964 1211 3017 ἐκ
1234 2965 1342 3016 τῶν
1373 2964 1662 3033 αἰσχιόνων
1687 2964 1768 3028 είς

185 3059 250 3112 τὰ
270 3058 491 3127 ἀμείνω
552 3056 1125 3127 μεταστοιχειούμενον
1180 3056 1406 3125 νοητῶς.
1465 3048 1671 3109 Ψᾶλλει
1709 3056 1767 3109 δὲ

1882 613 1975 666 per
2005 598 2280 668 spiritum,
2320 604 2372 651 et
2395 595 2618 649 minime
2656 602 2775 649 eam
2800 602 2920 661 qua:
2950 596 3034 647 est
3068 591 3121 645 in
3146 604 3309 648 carne
3355 606 3447 647 se-

1881 690 2115 743 cundum
2148 687 2382 742 litteram
2415 702 2429 740 :
2467 687 2553 742 ita
2573 693 2627 742 et
2671 685 2923 741 lsraelem
2978 683 3201 754 intelligi
3253 684 3451 740 dixerit

1879 779 2171 849 quispiam,
2197 794 2305 834 non
2323 778 2507 847 utique
2529 777 2621 848 qui
2653 779 2822 832 estde
2852 775 3111 846 sanguine
3138 774 3327 843 Israel,
3353 777 3449 831 sed

1880 869 2027 923 illum
2062 870 2238 939 potius
2272 869 2363 937 qui
2428 868 2591 924 habet
2641 874 2873 922 mentem
2937 860 3205 922 videntem
3256 864 3445 920 Deum.

1879 960 2035 1015 Tales
2066 961 2198 1015 citra
2222 959 2647 1014 controversiam
2682 966 2808 1013 sunt
2836 966 2932 1025 per
2977 952 3137 1011 ﬁdem
3195 954 3250 1008 in
3290 954 3448 1010 Chri—

1878 1061 2019 1105 stum
2047 1049 2221 1106 vocati
2246 1049 2313 1104 ad
2341 1048 2851 1115 sanctiﬁcationem,
2883 1048 3089 1117 quique
3144 1059 3240 1116 per
3265 1047 3442 1117 ipsum

1876 1152 1931 1198 et
1988 1142 2039 1197 in
2074 1143 2191 1212 ipso
2240 1140 2456 1198 Patrem
2478 1148 2868 1211 cognoverunt.
2903 1138 3003 1194 Hic
3052 1139 3197 1194 enim
3252 1140 3447 1194 modus

1876 1234 2073 1289 divinat
2093 1234 2316 1290 visionis
2352 1247 2516 1289 verus
2570 1242 2625 1287 et
2642 1231 2881 1288 eximius
2900 1236 3002 1288 est.
3036 1226 3444 1302 Inter-pretends

1875 1326 2043 1395 igitur
2072 1333 2198 1381 sunt
2237 1326 2351 1381 hinc
2377 1327 2538 1382 verba
2573 1325 2639 1381 de
2661 1323 2878 1390 Israéle,
2910 1325 2976 1381 de
3022 1339 3131 1394 quo
3176 1324 3287 1394 jam
3308 1322 3445 1379 diii-

1874 1430 2013 1470 mus.
2047 1416 2424 1472 Fortissimum
2449 1426 2628 1470 autem
2651 1428 2773 1470 esse
2822 1414 2989 1468 Deum
3045 1413 3442 1475 universorum,

1873 1508 1963 1579 qui
1998 1508 2152 1563 nobis
2176 1507 2458 1577 sequentia
2508 1506 2773 1576 praedicit,
2815 1505 3177 1570 demonstrat,
3211 1504 3396 1559 dicetis
3425 1519 3439 1556 :

1877 1620 1898 1652 ‹
1928 1601 2236 1656 Extendeus
2261 1598 2481 1663 ctutum,
2526 1605 2581 1654 et
2606 1597 2835 1654 fundans
2878 1606 3100 1662 terram,
3136 1606 3190 1652 et
3205 1596 3446 1651 formans

1872 1692 2120 1763 spiritum
2153 1691 2387 1747 hominis
2416 1690 2471 1745 in
2514 1690 2647 1761 ipso.
2680 1708 2699 1741 ι
2757 1688 2967 1759 Accipit
3010 1687 3175 1755 enim,
3248 1687 3443 1757 inquit,

1874 1794 2036 1854 super
2057 1776 2222 1838 Israel
2263 1782 2686 1853 assumptionem
2742 1782 2889 1838 verbi
2946 1780 3085 1836 Dcus
3140 1780 3233 1850 qui
3270 1788 3445 1850 potest

1871 1874 2078 1941 omnia,
2100 1895 2121 1929 ‹
2149 1886 2204 1932 et
2226 1876 2523 1933 extendens
2551 1874 2747 1930 coelum
2772 1873 2912 1928 sicut
2944 1871 3137 1942 pellem
3161 1870 3261 1935 “,r
3290 1869 3443 1941 juxta

1870 1980 2057 2025 vocem
2078 1967 2404 2034 Psalmistae,
2431 1965 2796 2021 ﬁrmissimam
2828 1974 3009 2018 autem
3059 1962 3298 2017 reddens
3338 1969 3446 2014 ter-

1872 2075 1985 2115 ram
2005 2068 2076 2115 aut
2111 2072 2327 2129 semper
2356 2067 2412 2114 et
2441 2058 2798 2127 undequaque
2815 2054 2884 2111 sit
2908 2053 3221 2121 immobilis,
3249 2066 3444 2122 quam-

1872 2151 1953 2208 vis
1980 2153 2202 2207 fundata
2244 2163 2409 2221 super
2426 2149 2619 2205 maria.
2662 2147 2943 2216 Quomodo
2968 2148 3043 2202 ait
3075 2144 3332 2201 divinitus
3358 2144 3441 2198 in-

1870 2246 2073 2313 spirata
2105 2242 2385 2313 Scriptura
2421 2258 2433 2296 :
2465 2260 2484 2293 t
2524 2239 2590 2294 Et
2640 2239 2848 2309 ﬁngens
2900 2237 3152 2306 spiritum
3206 2234 3444 2291 hominis

1870 2337 2087 2406 inuipso.
2121 2354 2140 2387 ι
2183 2334 2332 2390 Adeo
2360 2333 2502 2389 enim
2530 2346 2843 2401 magnarum
2870 2342 3050 2387 rerum
3086 2328 3343 2385 conditor
3388 2340 3446 2382 et

1867 2428 2069 2499 opifex,
2088 2428 2356 2498 quomodo
2374 2440 2479 2480 nou
2494 2425 2642 2480 citra
2665 2424 2915 2479 sudorem
2943 2429 2999 2478 et
3020 2419 3279 2476 facillime
3299 2421 3442 2486 quod

1869 2520 2098 2576 voluerit
2128 2518 2417 2575 conﬁciet?
2450 2516 2699 2586 Fingitur
2735 2522 2916 2569 autem
2955 2514 3176 2582 spiritus
3207 2511 3443 2565 hominis

1870 2613 1923 2668 in
1970 2612 2103 2681 ipso,
2168 2616 2289 2665 non'
2334 2609 2402 2664 ad
2464 2608 2677 2662 initium
2719 2606 2972 2661 essentia:
3027 2618 3138 2657 suae
3196 2611 3439 2667 vocatus,

1869 2703 2113 2774 quamvis
2143 2717 2237 2773 per
2284 2701 2457 2770 ipsum
2508 2698 2682 2752 factus
2726 2697 2797 2752 sit
2846 2712 2861 2750 :
2928 2693 3088 2769 773
3137 2694 3230 2751 sed
3286 2696 3441 2763 quasi

1870 2794 2307 2857 transformatus,
2333 2806 2398 2846 ex
2430 2788 2795 2845 imbecillitate
2815 2787 2884 2844 ad
2907 2790 3181 2851 virtutem,
3202 2802 3265 2842 ex
3288 2789 3443 2858 igna-

1869 2887 1955 2942 via
1987 2888 2053 2942 ad
2087 2886 2428 2957 patientiam,
2452 2890 2507 2938 et
2566 2882 2830 2947 absolute,
2864 2896 2931 2935 ex
2986 2878 3320 2951 turpioribus
3373 2881 3441 2934 ad

1870 2978 2201 3044 honestiora,
2221 2973 2513 3030 secundum
2547 2972 2691 3042 quod
2726 2969 3066 3041 intelligitur,
3095 2966 3436 3025 reformatus.

1870 3066 2129 3124 Psallitet
2156 3066 2369 3120 divinus
2402 3062 2601 3117 David:
2634 3079 2654 3113 ‹
2686 3059 2794 3116 Cor
2825 3059 3081 3114 mundum
3110 3072 3233 3116 crea
3251 3057 3304 3115 in
3332 3074 3441 3126 me,

192 3150 280 3201 καὶ
326 3150 357 3200 ὀ
425 3147 716 3209 θεσπέσιος
743 3146 921 3200 Δαὸίδ⁸
963 3145 1243 3215 «Καρδίαν
1276 3145 1525 3215 καθαρὰν
1582 3146 1767 3200 κτίσον

1876 3159 2034 3225 Deus,
2102 3165 2159 3212 et
2208 3156 2457 3226 spiritum
2512 3160 2722 3208 rectum
2768 3148 2965 3205 innova
3016 3149 3071 3203 in
3141 3151 3442 3204 visceribus

190 3242 244 3294 ἐν
265 3240 425 3311 ἐμοὶ,
453 3241 481 3292 ό
509 3238 663 3306 Θεὸς,
696 3239 789 3291 καὶ
820 3237 1034 3308 πνεῦμα
1056 3237 1207 3300 esse;
1232 3238 1540 3305 ἐγκαίνισον
1573 3239 1631 3290 ὲν
1655 3240 1769 3301 τοῖς

189 3334 600 3402 ὲγκάτοιςμου.
635 3351 655 3383 ›
692 3331 802 3385 Καὶ
838 3330 899 3384 οὐ
951 3330 1015 3401 δή
1065 3346 1171 3382 που
1218 3329 1353 3399 φαίη
1382 3346 1467 3392 τις
1495 3329 1584 3394 ἂν,
1614 3330 1768 3399 εἴπερ

189 3422 306 3475 νοῦν
328 3421 473 3492 ἔχει,
500 3420 729 3492 καρδίαν
774 3420 807 3490 ἢ
858 3418 1074 3489 πνεῦμα
1120 3417 1409 3489 βούλεσθαι
1443 3418 1627 3471 λαϐεῖν
1648 3458 1661 3482 ,
1694 3418 1770 3481 ὡς

184 3515 282 3566 οὒκ
303 3514 509 3583 ἔχοντα
533 3513 631 3582 τὴν
660 3512 856 3582 ἀρχήν·
889 3510 1100 3580 οἰηθείη
1130 3510 1175 3563 δ’
1199 3512 1265 3564 ἂν
1299 3511 1503 3581 μᾶλλον
1535 3513 1593 3563 ὲν
1622 3509 1771 3579 αὐτῷ

190 3604 474 3667 κτίζεσθαι
504 3603 845 3674 παρακαλεῖν
879 3602 1106 3673 καρδίαν
1129 3601 1397 3673 καθαρὰν,
1425 3601 1520 3654 καὶ
1554 3600 1771 3671 πνεῦμα

186 3696 359 3759 εὑθὲς.
435 3695 546 3748 Καὶ
581 3694 744 3747 τοῦτό
787 3696 933 3748 ἐστιν
983 3695 1011 3746 ὁ
1062 3692 1469 3763 μεταπλασμός.
1522 3691 1680 3752 Ἔθος
1712 3691 1770 3742 δὲ

186 3791 295 3850 τοῖς
330 3786 519 3855 ἁγίοις
558 3787 882 3856 προφήταις,
914 3785 964 3836 εί
1009 3784 1073 3855 δὴ
1129 3784 1371 3855 μέλλοιεν
1398 3783 1498 3836 οὐκ
1541 3783 1771 3834 εὐκατα-

191 3882 478 3951 φμνῇτων
507 3879 849 3949 πραγμάτων
876 3876 1144 3930 ποιεῖσθαι
1200 3876 1606 3948 προαφήγησιν,
1635 3888 1770 3926 παν-

189 3974 349 4041 σθενῆ
384 3990 453 4026 τε
486 3972 581 4025 καὶ
608 3969 987 4041 ἀλκιμώτατον
1021 3970 1444 4039 προαναφαίνειν
1474 3967 1770 4039 πειρᾶσθαι

187 4064 274 4116 τὸν
294 4064 437 4118 ὅλων
472 4063 630 4129 Θεὸν,
660 4061 745 4115 δα
804 4061 1137 4133 πανταχόθεν
1172 4061 1201 4113 ὁ
1253 4058 1410 4128 λόγος
1461 4059 1644 4123 αὐτοῖς
1673 4058 1769 4130 ἔχῃ

185 4156 243 4208 τὸ
269 4155 496 4225 βέϐαιον
522 4156 601 4217 εἰς
642 4154 845 4219 πίστιν,
904 4150 1007 4207 κᾶν
1058 4150 1106 4205 εί
1154 4150 1365 4219 λέγοιεν
1399 4150 1511 4204 τῶν
1542 4148 1772 4203 ἐλπίδων

188 4248 466 4311 ἐπέκεινα,
502 4246 599 4299 καὶ
624 4244 746 4297 ὅσον
795 4242 918 4315 ἥκει
972 4242 1144 4297 εἰπεῖν
1200 4243 1279 4304 είς
1332 4241 1539 4295 ἔννοιαν
1588 4241 1685 4312 τὴν
1713 4242 1773 4293 ἐν

188 4340 333 4409 ἡμῖν,
373 4338 488 4401 ἔξω
522 4334 619 4389 τοῦ
641 4337 798 4405 λόγου
826 4336 918 4390 καὶ
952 4331 1346 4402 ἀπιστούμενα.

263 4428 416 4482 Ἰδοὺ
446 4427 568 4497 ἐγὼ
593 4427 790 4495 τίθημι
816 4425 929 4494 τὴν
951 4422 1340 4493 Ἰερουσαλὴμ
1371 4422 1450 4486 ὡς
1482 4422 1766 4489 πρόθυρα,

1873 3251 2008 3306 meis
2036 3249 2101 3302 δ’.
2137 3267 2155 3301 ›
2193 3246 2378 3317 Neque
2408 3244 2547 3300 dicet
2584 3242 2846 3312 quispiam
2876 3242 3072 3297 mentis
3104 3252 3326 3311 compos
3377 3240 3443 3293 ii-

1872 3344 1981 3397 lum
2017 3340 2153 3397 velle
2179 3356 2275 3395 cor
2320 3347 2374 3393 et
2408 3337 2654 3406 spiritum
2702 3332 2949 3403 adipisci,
3011 3333 3167 3403 quasi
3221 3345 3444 3402 prorsus

1872 3451 1976 3490 non
1997 3432 2231 3488 habeat:
2266 3431 2358 3486 sed
2378 3429 2798 3499 putabitpotius
2854 3438 3063 3496 rogare,
3108 3434 3167 3479 ut
3230 3426 3281 3479 in
3327 3426 3444 3495 ipso

1870 3542 1967 3580 cor
1988 3525 2243 3579 mundum
2277 3532 2332 3577 et
2369 3521 2594 3590 spiritus
2628 3529 2812 3575 rectus
2834 3526 3068 3574 creetur.
3116 3518 3292 3586 Atque
3330 3519 3443 3571 haec

1870 3626 1953 3669 est
1981 3611 2409 3667 transformatio.
2434 3609 2845 3666 Consueverunt
2871 3618 3051 3662 autem
3081 3607 3254 3662 saneti
3312 3620 3439 3676 pro-

1872 3708 2046 3777 pltetze
2076 3720 2180 3760 non
2245 3703 2483 3771 vulgaria
2542 3701 2874 3773 prtedicturi,
2927 3700 3078 3768 prius
3116 3701 3324 3763 conari,
3385 3710 3445 3752 ut

1874 3796 2040 3852 Deum
2076 3794 2455 3849 universorum
2489 3793 2693 3846 viribus
2737 3790 3164 3845 valentissimum
3195 3798 3250 3844 et
3280 3789 3444 3845 robu-

1874 3889 2167 3945 stissimum
2192 3886 2499 3950 ostendant,
2522 3900 2627 3955 quo
2642 3899 2826 3939 eorum
2841 3884 3015 3939 oratio
3034 3898 3099 3939 ex
3123 3884 3267 3938 omni
3291 3893 3443 3953 parte

1873 3982 2119 4039 stabilem
2152 3981 2310 4036 ﬁdem
2333 3988 2717 4049 consequatur,
2745 3976 2993 4046 quamvis
3011 3990 3107 4046 spe
3138 3975 3345 4044 majora
3361 3986 3437 4041 et,

1872 4078 1915 4131 si
1951 4090 2062 4130 rem
2085 4073 2419 4144 cogitatione
2455 4072 2687 4126 humana
2724 4068 3033 4134 metiantur,
3076 4075 3293 4138 captum
3347 4081 3441 4122 no-

1872 4178 2044 4225 suum
2071 4164 2388 4222 excedentia
2418 4174 2471 4218 et
2493 4160 2829 4217 incredibilia
2862 4158 3061 4214 dicant.

1946 4424 2107 4481 Vsus.
2145 4426 2201 4492 Ξ,
2238 4423 2291 4479 5.
2327 4422 2460 4477 Ecce
2484 4437 2577 4492 ego
2604 4435 2740 4491 pono
2777 4414 3075 4473 Jerusalem
3099 4419 3235 4473 sicut
3278 4420 3439 4474 vesti~

182 4522 579 4589 σαλευόμενα
607 4517 758 4573 πᾶσι
812 4517 936 4583 τοῖς
972 4514 1142 4581 λαοῖς
1184 4515 1408 4578 κύκλῳ,
1450 4512 1548 4566 καὶ
1588 4513 1658 4566 ἐν
1692 4511 1768 4581 τῇ

1876 4518 2015 4583 bula,
2044 4533 2160 4588 qua:
2181 4522 2449 4571 moventur
2475 4512 2714 4568 omnibus
2760 4509 2964 4581 populis
2997 4510 3051 4564 in
3088 4511 3314 4565 circuitu
3338 4528 3357 4565 :
3390 4516 3442 4564 et

196 4612 465 4677 Ἰουδαίᾳ
513 4608 687 4663 ἔσται
742 4606 991 4678 περιοχὴ
1040 4605 1141 4684 ,ἐπὶ
1195 4602 1601 4673 Ἰερουσαλήμ.
1656 4601 1767 4655 Καὶ

179 4705 348 4757 ἔσται
378 4703 457 4755 ἐν
508 4698 586 4765 τῇ
626 4698 818 4769 ἡμέρᾳ
850 4698 1074 4766 ἐκείνῃ,
1113 4695 1369 4764 θήσομαι
1404 4692 1517 4762 τὴν
1551 4693 1768 4760 Ἰερου-

177 4792 393 4860 σαλὴμ
434 4789 620 4845 λίθον
658 4787 1184 4856 καταπατούμενον
1207 4784 1356 4839 πᾶσι
1384 4782 1506 4847 τοῖς
1541 4782 1764 4835 ἔθνεσι.

181 4882 300 4948 Πᾶς
325 4885 361 4937 ὀ
413 4876 785 4935 καταπατῶν
838 4878 1034 4945 αὐτὴν
1058 4874 1354 4945 ἐμπαίζων
1386 4872 1730 4941 ἐμπαίει-ται
1750 4912 1766 4936 ,

184 4974 273 5024 καί
315 4969 831 5038 συναχθήσονται
879 4967 972 5019 ἐπ’
1010 4964 1204 5032 αὐτὴν
1261 4962 1456 5015 πάντα
1508 4959 1580 5013 τὰ
1630 4959 1773 5027 ἔθνη

182 5062 281 5131 τῆς
307 5061 448 5133 fﬁc-

247 5157 375 5210 IIZ'.
414 5154 517 5208 Ἐν
544 5153 658 5216 τοῖς
682 5152 781 5221 ήδη
833 5148 1375 5222 προαπηγγελμένοις
1424 5146 1452 5198 ὀ
1498 5144 1637 5199 κατὰ
1674 5142 1775 5210 γῆς

188 5247 456 5312 Ἰουδαίας
485 5242 730 5315 πόλεμος
742 5243 836 5297 διὰ
857 5242 957 5312 τῆς
999 5240 1283 5311 Ῥωμαίων
1324 5239 1579 5308 ἐσόμενος
1608 5249 1772 5305 στρα-

178 5342 295 5404 τιᾶς
330 5341 536 5409 εἴρητο
574 5336 781 5405 σαφῶς.
816 5334 925 5387 Καὶ
951 5332 1080 5402 γοῦν
1139 5331 1365 5401 ἔφασκε·
1408 5348 1427 5380 t
1461 5327 1614 5398 Φωνὴ
1640 5327 1770 5398 θρη-

179 5431 415 5486 νούντων
479 5428 781 5496 ποιμένων,
835 5426 918 5479 ὅτι
966 5420 1442 5490 τεταλαιπώρηκεν
1499 5420 1532 5488 ἡ
1596 5433 1767 5487 μεγα-

1873 4612 1927 4665 ἱη
1952 4610 2145 4665 ludam
2162 4611 2265 4662 erit
2288 4609 2492 4661 obsidio
2517 4621 2673 4676 super
2699 4602 3013 4659 Jerusalem.
3042 4603 3110 4656 Et
3138 4603 3234 4657 erit
3278 4603 3333 4656 in
3357 4603 3444 4656 die

1874 4702 2195 4769 illa,ponam
2225 4699 2520 4753 Jerusalem
2578 4697 2803 4767 lapidem
2833 4693 3195 4750 conculcalum
3240 4694 3441 4746 cunctis

1871 4792 2124 4863 gentibus.
2158 4789 2346 4842 Onmt's
2368 4788 2583 4842 calcans
2603 4802 2737 4851 eam,
2760 4786 2982 4840 illudens
3003 4784 3209 4850 illudsi,
3235 4793 3283 4839 et
3314 4797 3442 4836 con-

1872 4885 2226 4953 gregabuntur
2249 4897 2405 4949 super
2437 4896 2551 4934 eam
2575 4895 2748 4934 omnes
2774 4888 2949 4948 gentes
2974 4887 3158 4932 terrm.

1936 5142 2338 5226 LXXXViiJn
2386 5141 2820 5211 pradictionibus
2867 5137 3196 5204 antegressis
3243 5131 3440 5187 bellum

1870 5223 2122 5292 Judzeaea
2156 5233 2397 5289 Romano
2419 5232 2658 5287 exercitu
2696 5227 3032 5284 inferendum
3068 5223 3298 5278 dilucide
3328 5236 3442 5276 me-

1880 5336 2143 5384 moratur.
2167 5325 2387 5381 Dicebst
2408 5324 2569 5393 igitur
2592 5334 2756 5391 supra
2779 5336 2791 5372 :
2818 5338 2837 5369 ‹
2880 5318 2991 5373 Vox
3029 5314 3441 5372 lamentantium

1876 5408 2174 5488 pastorum,
2199 5414 2453 5483 quoniam
2481 5411 2677 5466 misera
2725 5408 2864 5463 facta
2905 5415 2990 5462 est
3042 5402 3439 5475 tnaguillceutia

180 5523 373 5594 λοσύνη
404 5519 621 5574 αὐτῶν.
658 5538 679 5572 ι
715 5519 825 5572 Καὶ
859 5518 974 5590 μεθ’
1002 5517 1162 5586 ἕτερα
1205 5513 1384 5567 πάλιν·
1419 5532 1437 5564 ‹
1472 5510 1569 5564 Διὰ
1613 5509 1769 5561 τοῦτο

1876 5510 2111 5579 ipsorum
2137 5505 2202 5557 ⁸³.
2238 5523 2256 5556 ι
2290 5503 2355 5558 Ει
2385 5501 2545 5573 paulo
2599 5510 2758 5571 post:
2802 5518 2822 5551 ι
2887 5501 3112 5568 Propter
3175 5498 3278 5552 hoc
3333 5508 3440 5548 nou

180 5617 235 5669 οὐ
259 5615 535 5686 φείσομαι
565 5612 638 5665 ἔτι
672 5611 766 5665 ἐπὶ
785 5610 907 5675 τοὺς
932 5606 1310 5670 κατοικοῦντας
1345 5605 1443 5676 τὴν
1465 5604 1589 5673 γῆν,
1618 5602 1766 5671 λέγει

1877 5611 2094 5669 parcam
2130 5609 2290 5664 super
2343 5591 2648 5651 habitantes
2713 5602 2937 5657 terram,
2987 5588 3116 5646 dicit
3162 5585 3440 5642 Dominus.

246 5796 285 5826 “
316 5794 471 5851 Psal.
503 5804 631 5853 ctu,
658 5788 713 5842 ‘2.
789 5791 831 5821 δ’
868 5788 1010 5868 Psal.
1040 5804 1093 5854 ι,
1132 5785 1217 5841 12.
1294 5787 1340 5817 ⁸³
1369 5782 1595 5838 Zacbar.
1632 5796 1705 5845 tu,
1736 5777 1789 5832 5.
