3934 6318
375 436 382 445 ι
477 353 580 409 207

1489 352 1554 406 ὃ.
1595 353 1865 409 CYRILLI
1903 355 2374 411 ALEXANDRINI
2416 359 2736 416 ARCHlEP.

3627 372 3731 429 208

474 472 542 528 Et
561 485 688 526 ecce
713 483 811 538 ego
845 469 998 523 trado
1017 466 1296 530 “homines,
1321 482 1756 541 unumquemque
1789 475 1841 528 in
1857 489 2026 529 manu:

2153 475 2373 545 Κύριος.
2409 478 2516 531 Καὶ
2559 479 2664 532 ἰδοὺ
2709 478 2819 547 ἐγὼ
2851 480 3194 550 παραδίδωμι
3219 481 3343 546 τούς
3389 483 3728 557 ἀνθρώπους,
3768 513 3770 527 ε

473 559 846 630 proximi-sui,
878 567 933 611 ct
959 559 1010 610 in
1039 571 1232 610 manus
1262 558 1403 627 regis
1452 561 1589 626 ejus.
1645 561 1710 615 Et
1757 565 2043 619 concident

475 660 699 716 terram,
726 657 772 702 et
808 663 914 701 non
949 661 1134 701 eruam
1158 647 1226 701 de
1253 663 1412 702 manu
1442 664 1630 705 eorum
1659 652 1724 706 ‘5.
1764 672 1784 704 ι
1810 654 1866 708 ln
1922 671 2044 709 ver-

472 745 557 798 his
589 751 766 796 autem
799 740 957 796 modo
995 739 1161 794 illatis
1209 742 1483 797 institutas
1522 757 1712 800 contra
1743 745 2040 803 Ecclesiam

470 833 880 902 persecutiones
904 831 1110 901 liquido
1153 833 1504 888 vaticinatur.
1558 835 1833 892 Vexarunt
1899 840 2041 894 enim

471 923 758 978 credentes
790 922 843 976 in
863 922 1138 977 Christum
1170 940 1279 993 pra:
1309 925 1430 980 aliis
1471 928 1721 984 omnibus
1767 931 2043 998 principes

473 1014 770 1086 Synagogae
793 1013 1127 1079 Judteorum,
1152 1015 1533 1074 denuntiantes
1557 1022 1758 1075 sanctis
1786 1023 2045 1092 apostolis

471 1120 538 1159 ne
580 1107 932 1173 loquerentur
983 1104 1035 1158 in
1093 1106 1310 1160 nomine
1357 1105 1558 1162 Christi
1582 1109 1658 1176 “;
1712 1110 2043 1180 ﬂagellantes

469 1210 686 1263 quoque
727 1194 846 1249 illos
871 1195 922 1248 in
951 1195 1199 1250 conciliis
1221 1198 1289 1260 ⁸⁸,
1321 1206 1372 1250 et
1403 1207 1664 1266 praeterea
1694 1199 1920 1270 lapidari
1943 1216 2040 1256 cn-

470 1286 735 1351 rantes",
756 1295 810 1341 et
844 1287 970 1355 quid
997 1302 1100 1341 non
1131 1289 1344 1343 tandem
1369 1290 1843 1358 sceleratissimum
1868 1292 1921 1346 in
1949 1305 2043 1348 eos

467 1379 708 1432 dicentes
745 1392 807 1430 ac
835 1376 1136 1432 facientes?
1191 1377 1483 1448 Postquam
1547 1389 1723 1435 autem
1779 1395 1876 1450 per
1919 1396 2043 1451 gen-

466 1465 600 1516 tium
638 1479 850 1534 quoque
880 1465 1127 1534 regiones
1158 1479 1339 1520 sermo
1364 1467 1429 1520 de
1452 1466 1672 1523 Christo
1706 1470 2038 1538 percrebuit,

465 1557 517 1601 et
543 1549 802 1616 indigena:
834 1547 1161 1619 evangelicis
1183 1549 1657 1620 praedicationibus
1706 1554 2042 1622 obtempera-

465 1638 792 1710 rtmt,774
826 1655 1035 1694 rursum
1065 1640 1183 1694 aliae
1215 1643 1622 1710 persecutiones
1641 1642 1891 1698 excitatae
1913 1652 2041 1698 sunt

464 1744 559 1797 per
593 1743 709 1791 eos,
741 1730 827 1798 qui
856 1731 1200 1785 successione
1263 1743 1650 1799 regnaverunt,
1686 1744 1742 1788 et
1773 1733 2040 1803 impuram

473 1836 534 1873 ac
566 1821 938 1874 detestandam
1017 1820 1379 1876 idololatriam
1427 1823 1706 1878 vindicare
1753 1833 2032 1889 conantes,
2069 1816 2109 1874 Β

461 1907 843 1980 tliubolicmue
868 1911 1159 1979 impietatis
1193 1911 1426 1966 ministri
1483 1912 1637 1976 tacti,
1681 1923 1900 1968 sanctos
1969 1915 2037 1968 ad

461 2002 755 2070 martyrica
787 2001 1088 2054 certamina
1130 2012 1390 2057 vocantes
1449 2003 1861 2058 interemerunt.
1906 2002 2032 2058 Visa

459 2101 544 2147 est
565 2103 742 2147 autem
777 2093 1018 2148 Ecclesia
1049 2103 1351 2163 opportuna
1393 2093 1625 2163 injuriis,
1688 2096 1907 2149 nemine
1941 2096 2034 2150 de-

458 2182 735 2248 Tendente,
753 2193 805 2238 et
832 2182 1028 2239 similis
1050 2183 1331 2240 vestibulis
1357 2184 1573 2254 agitatis
1614 2195 1677 2239 et
1709 2187 2031 2254 labentibus,

457 2284 548 2328 aut
577 2276 740 2328 etiam
773 2275 934 2344 lapidi
975 2274 1310 2330 conculcato.
1345 2270 1555 2330 Etenim
1584 2270 1833 2330 Salvator
1879 2292 2031 2332 com-

456 2365 655 2430 munis,
680 2381 798 2418 cum
825 2365 982 2419 facile
1012 2375 1194 2436 posset
1226 2365 1422 2420 bellum
1470 2381 1632 2422 omne
1681 2367 1894 2432 sedare,
1921 2368 2030 2422 imo

455 2465 510 2510 et
529 2456 596 2510 ab
616 2456 788 2526 ipsum
822 2458 1216 2512 honorantibus
1245 2472 1546 2522 removere,
1572 2473 1772 2528 eosque
1794 2458 1860 2511 ah
1882 2460 2026 2514 omni

452 2549 751 2604 tcntatione
782 2548 1052 2603 immunes
1103 2547 1448 2618 hostiumque
1468 2549 1675 2604 viribus
1715 2551 2028 2620 superiores

453 2649 715 2709 prmstare
750 2679 766 2704 ,
829 2653 926 2701 sua
984 2637 1165 2694 divina
1219 2640 1555 2708 providentia
1603 2655 1698 2710 per
1763 2656 1922 2696 casus
1972 2651 2028 2698 et

449 2728 998 2784 arrumnasillustrari
1030 2730 1293 2796 permisit,
1319 2738 1380 2782 ut
1406 2729 1509 2785 sibi
1541 2729 1847 2786 conformes
1911 2733 2027 2787 red-

448 2820 568 2883 diti,
599 2834 706 2872 una
747 2817 1188 2888 glorilicarentur
1217 2825 1270 2870 et
1296 2828 1715 2886 conregnarent.
1757 2839 1776 2871 ι
1802 2820 1856 2874 Si
1877 2821 2020 2874 enim

448 2909 830 2979 compatitnur,
847 2918 901 2962 et
921 2907 1369 2979 conreguabimus
1388 2907 1484 2976 illi,
1505 2919 1562 2963 ut
1579 2909 1836 2979 scriptum
1857 2910 2020 2978 est",

446 3000 585 3054 etsi
629 2999 760 3054 socii
821 2997 1136 3069 passionum
1194 3013 1406 3064 sumus,
1469 3000 1634 3056 etiam
1693 3001 1875 3072 gloriae
1914 2999 2022 3058 eri-

449 3107 569 3146 mus
593 3091 661 3146 ".
699 3110 719 3144 ι
755 3091 844 3146 Ait
871 3104 1038 3161 ergo:
1076 3107 1096 3142 ι
1131 3089 1272 3145 Ecce
1299 3105 1400 3162 ego
1425 3107 1564 3162 pono
1591 3091 1894 3150 Jerusalem
1961 3105 2020 3151 ut

450 3182 710 3238 vestibula
742 3189 1066 3239 commota.)
1100 3173 1325 3249 Quod'si
1357 3181 1471 3251 fiat,
1503 3184 1770 3254 cingetur,
1787 3186 1888 3242 hoc
1937 3195 2019 3242 est

443 3273 779 3329 obsidebitur
811 3274 877 3327 ab
911 3272 1162 3327 omnibus
1193 3288 1208 3326 :
1259 3281 1311 3327 et
1346 3289 1469 3328 cum
1497 3273 1771 3330 videbitur
1799 3291 1918 3332 esse
1960 3284 2022 3336 ut

445 3367 586 3435 lapis
614 3358 990 3428 conculcatus,
1036 3372 1160 3419 tunc
1187 3365 1363 3419 omnis
1389 3362 1620 3420 illudens
1643 3365 1850 3422 illudct.
1876 3369 2021 3422 Con-

445 3457 567 3526 tigit
629 3455 753 3523 hoc,
802 3455 944 3510 sicut
991 3457 1152 3526 paulo
1194 3464 1319 3511 ante
1365 3455 1635 3522 dicebam,
1681 3458 2014 3527 singulorum

442 3556 741 3615 temporum
776 3545 1259 3614 persecutionibus.
1280 3546 1466 3602 Adorti
1496 3554 1620 3601 sunt
1637 3549 1778 3602 enim
1800 3562 2018 3606 sanctos

443 3637 626 3692 multis
665 3637 840 3691 modis
865 3651 961 3692 eos
990 3637 1322 3706 cruciantes,
1351 3648 1406 3694 et
1483 3640 1834 3696 morientibus
1882 3637 2019 3698 torte

440 3729 603 3783 etiam
636 3727 1180 3785 insultantesmiseri.
1211 3727 1537 3785 Nesciehant
1570 3731 1713 3786 enim
1776 3731 2018 3801 profecto

439 3830 639 3888 quanta
665 3835 730 3874 ex
754 3814 1134 3878 afﬂictionibus
1162 3822 1473 3893 proveniret
1527 3822 1719 3893 gloria,
1756 3833 1810 3878 et
1873 3826 2020 3881 delo-

439 3927 554 3966 rem
588 3911 694 3966 illis
727 3922 1041 3983 perpetuam
1075 3913 1242 3967 animi
1313 3914 1636 3970 hilaritatem
1693 3918 2014 3986 periturum.

445 4003 728 4072 Perpende
759 4017 939 4072 porro,
966 4004 1235 4073 quomodo
1258 3999 1368 4060 'non
1397 4007 1559 4075 dicat,
1579 4024 1716 4078 opus
1740 4025 1858 4064 esse
1890 4027 2019 4080 gen-

440 4096 570 4148 tium
598 4095 873 4163 potentiae,
917 4090 1174 4151 Ecclesiae
1233 4093 1726 4164 conculcatioﬁem,
1778 4101 1871 4154 sed
1907 4117 2016 4156 sum:

434 4187 728 4240 voluntatis
786 4195 838 4238 et
865 4185 1099 4242 consilii.
1128 4184 1291 4257 Cupit
1320 4188 1486 4252 enim,
1523 4197 1581 4242 ut
1628 4190 1759 4255 dixi,
1827 4193 2017 4246 adora-

435 4287 582 4332 tores
631 4291 758 4332 suos
803 4277 961 4332 rebus
1017 4280 1256 4333 adversis
1288 4279 1470 4348 perlici
1531 4288 1583 4334 et
1633 4284 2015 4337 consummari.

432 4369 527 4423 Ait
561 4383 794 4438 namque
827 4389 839 4422 :
878 4389 895 4421 ι
935 4371 1046 4440 Ego
1095 4385 1239 4439 pono
1282 4369 1588 4424 Jerusalem
1643 4380 1702 4423 ut
1747 4374 2014 4429 vestibula

2149 567 2374 622 ἕκαστον
2403 571 2482 633 εἰς
2507 572 2691 644 χεῖρας
2723 571 2815 624 τοῦ
2843 572 3069 642 πλησίον
3088 573 3276 640 αὐτοῦ,
3308 576 3402 629 καὶ
3431 580 3512 640 εἰς
3541 582 3728 649 χεῖρας

2149 646 2410 725 βασιλέως
2442 657 2629 714 αὐτοῦ.
2664 660 2774 713 Καὶ
2831 664 3199 734 κατακόψουσι
3247 665 3344 737 τὴν
3375 669 3498 737 γῆν,
3527 670 3624 722 καὶ
3666 673 3727 724 οὐ

2149 745 2224 816 μὴ
2258 746 2526 819 ἐξέλωμαι
2549 751 2611 804 ὲκ
2656 751 2838 824 χειρὸς
2866 753 3064 808 αὐτῶν.
3103 774 3120 805 ι
3167 755 3255 810 Ἐν
3275 757 3329 810 δέ
3359 777 3422 826 γε
3453 764 3566 824 τοῖς
3599 780 3731 834 προσ

2145 837 2411 908 κειμένοις
2438 883 2452 906 ,
2506 842 2631 905 τοὺς
2694 843 2835 896 κατὰ
2886 846 2984 916 τῆς
3053 848 3378 920 Ἐκκλησίας
3440 857 3730 923 γεγονότας

2144 928 2419 999 διωγμοὺς
2451 937 2844 1005 προαφηγεῖται
2887 937 3091 1004 σαφῶς.
3141 941 3560 1014 Πεπολεμήκασι
3623 949 3732 1020 γὰρ

2144 1023 2256 1083 τοῖς
2303 1022 2662 1078 πιστεύσασιν
2703 1027 2782 1088 εἰς
2834 1029 3086 1099 Χριστὸν,
3144 1031 3252 1103 πρὸ
3301 1035 3399 1103 μὲν
3421 1036 3530 1090 τῶν
3555 1039 3730 1093 ἄλλων

2144 1110 2400 1165 ἁπάντων
2428 1115 2477 1166 οἰ
2531 1115 2629 1185 τῆς
2688 1116 2955 1172 Ἰουδαίων
3013 1122 3340 1194 Συναγωγῆς
3395 1128 3728 1199 ἡγούμενοι,

2145 1205 2612 1273 παραγγέλλοντες
2637 1209 2733 1277 μὲν
2754 1211 2865 1274 τοῖς
2891 1212 3063 1278 ἁγίοις
3095 1213 3407 1280 ἀποστόλοις
3451 1218 3525 1289 μὴ
3547 1219 3730 1276 λαλεῖν

2143 1293 2235 1345 ἐπὶ
2261 1293 2338 1364 τῷ
2358 1295 2582 1365 ὀνόματι
2624 1298 2717 1351 τοῦ
2765 1301 3023 1370 Χριστοῦ,
3064 1302 3414 1372 μαστίζοντες
3463 1307 3520 1360 δὲ
3552 1310 3644 1361 καὶ
3671 1312 3727 1364 ὲν

2145 1386 2439 1455 συνεδρίοις
2464 1387 2679 1453 αὐτοὺς,
2715 1389 3102 1446 λιθοδολεῖσθαι
3121 1393 3177 1446 δὲ
3207 1397 3300 1449 καὶ
3323 1397 3524 1467 ἑτέρως
3547 1417 3726 1472 παρα-

2146 1477 2534 1544 σκευάζοντες,
2586 1481 2684 1535 καὶ
2741 1483 2794 1536 τί
2842 1483 2950 1554 γὰρ
3011 1485 3130 1555 οὐχὶ
3184 1488 3292 1540 τῶν
3348 1491 3726 1548 ἀνοσιωτάτων

2141 1567 2375 1638 δρῶντες
2426 1569 2520 1624 καὶ
2554 1571 2841 1640 λέγοντεςς
2896 1576 3110 1648 Ἐπειδὴ
3139 1577 3196 1631 δὲ
3249 1580 3343 1632 καὶ
3371 1581 3428 1634 ἐν
3470 1585 3588 1647 ταῖς
3617 1584 3726 1638 τῶν

2141 1656 2312 1710 ἐθνῶν
2337 1657 2542 1729 χώραις
2566 1663 2963 1734 ὲκπεφοίτηκεν
2991 1668 3018 1720 ὁ
3047 1666 3225 1736 λόγος,
3250 1672 3278 1723 ὁ
3309 1672 3437 1740 περὶ
3461 1673 3720 1743 Χριστοῦ,

2142 1751 2237 1804 καὶ
2263 1752 2373 1806 τῶν
2395 1755 2763 1823 εὐαγγελικῶν
2802 1759 3172 1828 κηρυγμάτων
3207 1763 3464 1832 κατήκοοι
3494 1766 3722 1834 γεγόνα-

2139 1861 2223 1898 σιν
2252 1845 2302 1896 οἱ
2333 1844 2392 1897 ἐν
2423 1846 2634 1911 αὐταῖς,
2661 1848 2823 1902 πάλιν
2857 1849 3142 1918 γεγόνασιν
3169 1853 3346 1923 ἕτεροι
3371 1855 3602 1926 διωγμοὶ
3634 1858 3721 1914 διὰ

2137 1932 2244 1985 τῶν
2268 1934 2411 1986 κατὰ
2441 1937 2666 2006 καιροὺς
2705 1936 3188 2009 βεϐασιλευκότων,
3225 1943 3274 1995 οἳ
3322 1947 3422 2015 τῆς
3490 1948 3720 2020 βεόἠλου

2136 2021 2521 2096 καὶ’βδελνρᾶς
2567 2028 3009 2100 εἰδωλολατρείας
3051 2036 3458 2103 μεταποιεῖσθαι
3486 2041 3720 2094 σπουδά-

2135 2112 2338 2179 ζοντες,
2380 2118 2475 2170 καὶ
2501 2117 2812 2190 διαϐολικῆς
2841 2121 3183 2192 ἀνοσιότητος
3214 2127 3476 2198 ὑπουργοὶ
3501 2133 3718 2200 γεγονό-

2133 2224 2244 2269 τες,
2277 2208 2605 2263 ἀπεκτόνασι
2634 2212 2760 2275 τοὺς
2791 2213 2978 2281 ἁγίους
3001 2216 3081 2279 είς
3113 2216 3238 2279 τοὺς
3266 2219 3358 2272 ἐπὶ
3408 2223 3522 2286 τοῖς
3572 2241 3716 2294 μαρ-

2131 2299 2338 2369 τυρίοις
2373 2301 2666 2366 καλοῦντες
2698 2304 2938 2372 ἀγῶνας..
2973 2307 3160 2372 Ἔδοξε
3182 2309 3240 2362 δέ
3266 2329 3380 2375 πως
3407 2314 3439 2383 ή
3483 2314 3714 2386 Ἐκκλη-

2134 2393 2245 2457 σία,
2299 2396 2394 2448 καὶ
2443 2397 2674 2466 πάσχειν
2724 2399 2990 2465 εὐκόλως,
3051 2401 3420 2473 ἐπαμύνοντος
3480 2407 3714 2478 οὐδενὸς,

2129 2484 2364 2540 ἐοικέναι
2400 2505 2459 2540 τε
2481 2488 2772 2560 προθύροις
2796 2490 3024 2545 σεσαλευ
3033 2491 3236 2562 μένοις,
3270 2496 3365 2550 καὶ
3387 2496 3677 2553 πίπτουσιν
3694 2543 3713 2564 ,

2129 2576 2289 2646 ἢκαὶ
2333 2578 2470 2649 ’λίθῳ
2516 2581 3002 2654 καταπατουμένῳ.
3053 2584 3247 2639 Καίτοι
3292 2586 3402 2656 γὰρ
3453 2588 3653 2659 ἰσχύων
3684 2592 3716 2642 ό

2125 2669 2235 2721 τῶν
2289 2670 2426 2724 ὅλων
2477 2671 2664 2743 Σωτὴρ
2715 2673 2810 2727 καὶ
2859 2674 3036 2729 πάντα
3091 2675 3326 2747 πόλεμον
3380 2684 3712 2738 κατευνάσαι

2128 2757 2344 2828 ῥᾳδίως,
2375 2759 2575 2830 μᾶλλον
2607 2761 2665 2814 δὲ
2692 2762 2787 2816 καὶ
2827 2762 3135 2835 ἀποστῆσαι
3177 2766 3456 2830 παντελῶς
3487 2768 3594 2822 τῶν
3625 2787 3713 2824 σε-

2125 2847 2368 2918 ϐομένων
2407 2849 2483 2920 (1)
2521 2851 2707 2916 αὐτὸν,
2765 2853 2861 2906 καὶ
2897 2853 3156 2923 ἀμείνους
3181 2856 3457 2928 ἀποφῆναι
3509 2860 3709 2924 παντὸς

2125 2939 2457 3010 πειρασμοῦ,
2512 2940 2608 2994 καὶ
2657 2941 2758 3012 τῆς
2796 2941 2905 2997 τῶν
2937 2943 3148 3014 ἐχθρῶν
3175 2949 3710 3018 κατευμεγεθοῦντας

2124 3029 2327 3101 χειρὸς,
2375 3033 2578 3104 ἐφῆκεν
2624 3033 2980 3104 οἰκονομικῶς
3022 3035 3579 3108 καταλαμπρύνεσθαι
3617 3043 3709 3096 διὰ

2124 3118 2482 3192 παθημάτων,
2513 3120 2599 3173 ἵνα
2629 3121 2941 3193 σύμμορφοι
2975 3122 3259 3190 γεγονότες
3305 3125 3474 3196 αὐτῷ,
3517 3129 3708 3182 συνδο-

2122 3206 2369 3276 ξασθεῖέν
2391 3226 2452 3262 τε
2496 3209 2591 3264 καὶ
2644 3208 3152 3280 συμϐασιλεύσειαν.
3185 3230 3205 3263 ‹
3243 3212 3306 3265 Εἰ
3336 3213 3444 3284 γὰρ
3486 3218 3709 3286 συμπά-

2120 3317 2346 3374 σχομεν,
2364 3302 2461 3358 καὶ
2484 3302 2987 3376 συμϐασιλεύσομεν
3015 3305 3184 3376 αὐτῷ,
3201 3305 3340 3360 κατὰ
3365 3306 3425 3360 τὸ
3455 3325 3706 3380 γεγραμο

2124 3391 2302 3462 μένον,
2338 3392 2434 3447 καὶ
2468 3391 2520 3447 εἰ
2539 3393 2789 3450 κοινωνοὶ
2814 3394 2925 3450 τῶν
2957 3395 3296 3467 παθημάτων
3323 3395 3508 3468 ἐσμὲν,
3563 3400 3705 3454 ἀλλὰ

2120 3482 2214 3535 καὶ
2241 3481 2341 3550 τῆς
2367 3481 2524 3551 δόξης
2539 3482 2941 3553 ὲσόμεθα.›-‹
2962 3486 3091 3540 Ἰδοὺ
3110 3487 3304 3552 τοίνυν,
3331 3489 3482 3558 φησὶ,
3510 3490 3706 3562 τίθημι

2118 3573 2216 3643 τὴν
2253 3573 2628 3645 Ἰερουσαλὴμ,
2659 3573 2732 3639 ὡς
2755 3575 3004 3648 πρόθυρα
3025 3577 3378 3648 σαλευόμενα.
3409 3597 3426 3630 ι
3460 3581 3523 3633 Εἰ
3556 3581 3613 3634 δὲ
3635 3582 3702 3653 δὴ

2117 3663 2275 3719 τοῦτο
2334 3665 2564 3735 γένοιτο,
2620 3666 2918 3738 καταχθείη
2983 3669 3112 3740 περὶ
3164 3669 3394 3740 αὐτὴνὴ
3442 3673 3698 3742 περιοχὴ,

2119 3753 2419 3818 τουτέστιν,
2450 3755 2482 3826 ή
2527 3753 2680 3826 παρὰ
2703 3755 2918 3810 πάντων
2946 3756 3248 3830 πολιορκία⁹
3281 3761 3373 3813 καὶ
3398 3761 3527 3814 ὅταν
3555 3757 3699 3816 εἶναι

2117 3843 2318 3908 δόξειεν
2341 3844 2415 3908 ὡς
2434 3845 2578 3909 λίθος
2607 3847 3110 3921 καταπατούμενος,
3143 3852 3264 3904 τότε
3310 3853 3417 3916 πᾶς
3445 3853 3472 3906 ὁ
3497 3855 3704 3924 ἐμπαί-

2119 3931 2227 3996 ξων
2258 3933 2602 4004 ὲμπαίξεται.
2635 3936 2953 4008 Πέπρακται
2979 3938 3037 3993 δὲ
3073 3939 3250 4006 τοῦτο,
3284 3941 3536 4015 καθάπερ
3561 3943 3702 4014 ἔφην

2120 4023 2341 4093 ἀρτίως,
2377 4027 2434 4080 ὲν
2462 4029 2573 4090 τοῖς
2607 4029 2747 4082 κατά
2773 4032 2998 4102 καιροὺς
3041 4031 3322 4102 διωγμοῖς.
3366 4033 3703 4105 Ἐπεφύοντο

2118 4113 2228 4184 γὰρ
2249 4117 2360 4178 τοῖς
2388 4115 2583 4184 ἁγίοις,
2612 4119 2756 4172 κατὰ
2807 4119 3034 4184 πολλοὺς
3093 4122 3393 4188 αἰκίζοντες
3422 4124 3698 4194 τρόπους,

2119 4206 2212 4260 καὶ
2241 4207 2380 4277 τάχα
2416 4225 2520 4262 που
2569 4209 2664 4264 καὶ
2721 4211 3153 4282 ἀποθνήσκουσιν
3208 4215 3618 4285 ὲπιμειδιῶντες
3647 4219 3701 4270 οἱ

2117 4297 2362 4363 τάλανες.
2408 4301 2482 4353 Οὐ
2531 4300 2640 4373 γὰρ
2693 4304 2910 4376 ᾔδεσαν,
2965 4307 3104 4361 κατά
3136 4306 3196 4360 τὸ
3220 4308 3384 4373 εἰκὸς,
3411 4307 3473 4362 τὸ
3501 4311 3563 4362 ἐκ
3596 4311 3700 4363 τοῦ

2118 4389 2306 4445 παθεῖν
2325 4391 2565 4458 εὐκλεὲς,
2620 4395 2714 4449 καὶ
2760 4396 2842 4450 ὅτι
2894 4397 3029 4468 πρὸς
3075 4397 3339 4470 εὐθυμίας
3367 4400 3548 4463 αὐτοῖς
3595 4401 3700 4470 τῆς

431 4469 698 4514 commota
723 4461 974 4516 omnibus
997 4461 1208 4531 populis
1230 4461 1284 4514 in
1319 4461 1569 4516 circuitu.
1595 4478 1614 4512 ι
1640 4460 1792 4516 llaud
1817 4463 1999 4519 diver-

2128 4482 2386 4551 ῖιηνεκοῦς
2407 4482 2561 4537 ἔσται
2610 4484 2673 4556 δὴ
2717 4460 2988 4550 πάντως-ό
3011 4460 3432 4560 νπόνοςίἋθρει
3456 4489 3510 4545 δὲ
3529 4460 3700 4555 tam;

431 4566 548 4605 sum
573 4551 700 4607 illud
725 4554 1069 4622 est,-opinor,
1099 4552 1243 4620 quod
1267 4565 1298 4604 a
1345 4548 1628 4605 salvatore
1659 4551 1725 4605 ad
1766 4551 1998 4608 Pilatum

429 4640 668 4696 dicitur:
707 4660 727 4694 ι
758 4641 872 4696 Non
910 4642 1136 4696 haberes
1170 4647 1492 4710 potestatem
1580 4642 1868 4697 adversum
1917 4661 2000 4700 me

2105 4571 2164 4623 οὐ
2204 4573 2304 4641 τῆς
2334 4572 2442 4628 τῶν
2465 4574 2633 4628 ἐθνῶν
2659 4576 2854 4647 ἰσχύος
2877 4577 3036 4646 ἔργον
3071 4574 3208 4632 εἶναί
3235 4597 3387 4650 φησι,
3427 4581 3487 4634 τὸ
3520 4597 3701 4636 καταο

2108 4663 2521 4734 πατηθήσεσθαι
2555 4668 2652 4734 τὴν
2692 4663 3044 4741 Ἐκκλησίαν,
3080 4671 3214 4724 ἀλλά
3235 4672 3334 4741 τῆς
3365 4672 3529 4726 αὐτοῦ
3563 4673 3697 4742 βου-

429 4732 613 4799 ullam,
634 4734 736 4788 nisi
763 4734 855 4786 tibi
886 4735 1069 4787 datum
1093 4738 1236 4786 esset
1264 4730 1492 4798 desuper
1519 4731 1587 4788 ⁸ο.
1637 4752 1655 4784 ι
1689 4733 1778 4788 Sic
1809 4738 2002 4792 merito

2128 4753 2220 4820 ἧς.
2243 4730 2502 4824 -Ἐ-φίεται
2535 4730 2665 4830 γὰρ,
2693 4760 2768 4823 ὡς
2798 4730 2955 4832 ἕφῆν,
2978 4730 3065 4816 διά
3089 4730 3430 4834 παθημάτων
3460 4730 3701 4818 τελειοῦ-
3759 4799 3761 4801 ι

426 4824 587 4877 etiam
618 4825 944 4892 dicatquam
993 4822 1203 4876 animus
1265 4822 1522 4890 intuetur
1574 4821 1892 4892 Jerusalem,
1944 4829 1997 4882 id

2101 4843 2223 4898 σθαι
2261 4848 2388 4911 τοὺς
2423 4849 2586 4914 ἰδίους
2643 4855 3042 4923 προπυνητάς.
3088 4873 3106 4906 ι
3151 4854 3282 4907 Ίδού
3325 4855 3456 4926 γὰρ,
3487 4856 3692 4925 φησὶν,

423 4924 507 4969 est
547 4914 810 4978 Ecclesia,
870 4914 1210 4983 persequenti
1261 4913 1504 4967 mundo:
1553 4933 1571 4965 ι
1610 4913 1728 4970 Νοιι
1764 4917 1998 4974 haberes

2131 4933 2212 5003 γὼ
2243 4937 2435 5010 τίθημι
2456 4913 2936 5013 τὴνῚερουσαλὴμ
2959 4913 3038 5009 ως
3071 4946 3319 5017 πρόθυρα
3337 4913 3692 5017 ’σαλεύόμενσ

422 5015 746 5074 potestatem
779 5016 971 5060 contra
998 5020 1083 5060 me
1114 5005 1299 5070 ullam,
1345 5005 1449 5059 nisi
1484 5005 1669 5059 datum
1700 5017 1845 5062 esset
1901 5012 1993 5064 tibi

422 5098 670 5168 desuper.
703 5118 723 5152 ι

2103 5026 2236 5077 πᾶσι
2265 5030 2376 5090 τοῖς
2405 5029 2552 5094 λαοῖς
2586 5033 2790 5104 κύκλῳ.
2820 5054 2838 5085 ι
2861 5033 3048 5104 Τούτῳ
3080 5037 3460 5107 παραπλήσιον
3485 5039 3694 5099 ἐκεῖνο,

2101 5109 2274 5185 οἶμαι,
2307 5117 2422 5172 ἐστι
2445 5121 2504 5173 τὸ
2534 5121 2620 5174 διὰ
2647 5123 2744 5193 τῆς
2771 5123 2866 5176 τοῦ
2895 5124 3143 5195 Σωτῆρος
3174 5125 3358 5195 φωνῆς
3394 5126 3698 5196 εἰρημένον

421 5188 559 5286 πρὸς
603 5189 850 5286 ΠξλάτοΨ
878 5206 923 5286 ι(
1129 5182 1568 5286 εἷὶςξςνούδεξιίαν
1596 5192 1844 5258 ἐξουσίαν
1899 5203 2017 5254 κατ’
2055 5182 2212 5274 ἐμοί’),
2253 5211 2302 5262 εἰ
2347 5211 2421 5281 μὴ
2468 5207 2535 5282 ἦν
2575 5182 2856 5284 δεδομένον
2899 5232 2979 5268 σοι
3031 5182 3253 5271 ἀνωθεν.
3287 5182 3469 5286 aliain
3504 5182 3571 5270 ἓν
3606 5221 3698 5272 εἰ·-

421 5279 594 5338 κότως
651 5280 684 5348 ἡ
742 5277 904 5348 νοητὴ
953 5279 1117 5332 πάλιν
1201 5279 1573 5353 ἰερονσαλὴμτ
1633 5287 1908 5342 τουτέστιν
1955 5295 1988 5362 ή
2043 5297 2355 5368 Ἐκκλησία,
2413 5303 2490 5372 τῷ
2533 5304 2780 5358 διώκοντι
2834 5309 3042 5380 κόσμῳ·
3093 5330 3111 5359 ι
3181 5309 3293 5361 Οὐκ
3367 5304 3512 5378 εἶχες
3560 5311 3696 5364 κατ’

419 5369 554 5438 ἐμοῦ
611 5368 859 5434 ἐξουσίαν
914 5369 1186 5436 οὐδεμίαν,
1252 5374 1300 5424 εἰ
1368 5373 1440 5443 μὴ
1472 5370 1540 5443 ἦν
1569 5376 1848 5449 δεδομένον
1910 5402 1990 5438 σοι
2028 5387 2254 5446 ἄνωθεν.
2287 5411 2305 5442 ι

466 5489 535 5613 :u
564 5528 860 5613 amcam,
891 5527 978 5613 ο.-
1023 5529 1216 5613 ιιι-ρῳ.
1285 5507 1364 5598 tv,
1392 5533 1602 5613 47.__"-
1637 5538 1757 5592 Act.
1792 5558 1902 5608 xw,
1931 5544 2021 5597 se.

2128 5546 2286 5601 'Act.
2317 5564 2429 5613 xw,
2466 5551 2549 5606 18.

419 5598 504 5655 12.
581 5601 625 5632 ⁸³
654 5597 698 5651 ll
730 5597 855 5653 Cor.
889 5616 926 5662 ι,
947 5599 1022 5697 7..
1077 5599 1123 5630 ⁸⁰
1148 5597 1304 5656 Ιυιιη.
1334 5597 1446 5669 tux,
1477 5604 1562 5659 ll.

2649 5553 2693 5584 ⁵⁸
2724 5552 2881 5608 Rom.
2945 5571 3064 5621 vm,
3104 5553 3275 5622 17;"
3308 5555 3447 5608 Tim.
3485 5571 3546 5622 Ir,
3590 5557 3697 5632 Η,

488 5732 561 5803 (l)
595 5735 685 5792 Sic
732 5734 1112 5807 corrigendum
1146 5747 1329 5795 monet
1382 5737 1680 5796 Cotelerius
1713 5738 1994 5811 (Monum.

2128 5746 2182 5803 τί.
2230 5747 2322 5803 Gr.
2351 5747 2413 5815 ΙΙ,
2441 5749 2568 5820 605)
2606 5768 2701 5822 pro
2734 5755 2880 5824 vulg.
2915 5758 3241 5827 σευομένων.
3275 5758 3435 5815 Eutr.
