3934 6318
158 353 258 411 203

162 583 289 635 τωρ,
311 565 562 630 πατάξω
601 564 798 620 πάντα
845 568 1032 621 ἵππον
1056 569 1126 622 ἐν
1161 569 1470 634 ἐκστάσει,
1505 571 1601 624 καὶ
1643 567 1748 622 τὸν

163 656 463 724 ἀναϐάτην
511 658 701 712 αὑτοῦ
752 660 822 712 ἐν
871 660 1352 730 παράφρων-ἧσεν
1403 662 1502 716 ἐπὶ
1544 661 1612 714 δὲ
1639 661 1749 713 τὸν

162 745 322 803 οἶκον
371 749 563 803 Ἰούδα
591 750 872 815 διανοίξω
915 751 1060 817 τοὺς
1106 753 1457 821 ὀφθαλμούς
1480 770 1619 822 μου,
1648 751 1746 804 καὶ

163 839 390 906 πάντας
434 840 581 907 τοὺς
610 842 837 909 ἵππους
887 842 1009 897 τῶν
1031 843 1200 902 λαιῶν
1242 843 1486 909 πατάξω
1509 845 1580 898 ἑν
1600 845 1747 898 ἀπο-

164 931 486 1001 τυφλώσει.

229 1024 599 1078 Ilﬂ'."01tx:zi
620 1025 795 1079 πάντα
818 1027 1140 1082 κατευνάσει
1160 1029 1417 1100 πόλεμον,
1443 1029 1536 1083 καὶ
1567 1029 1746 1099 ἀπρά-

163 1134 317 1180 κτους
355 1118 624 1186 ἀποφανεῖ
654 1119 753 1182 τὰς
791 1119 900 1173 τῶν
935 1120 1239 1175 διωκόντων
1289 1111 1533 1191 ἐφόδδυς,
1565 1122 1746 1176 δίδωσι

161 1211 318 1272 νοεῖν,
347 1209 514 1263 ἵππον
538 1211 632 1264 καὶ
659 1210 938 1283 ἀναϐάτην
967 1214 1234 1279 πατάξειν
1264 1214 1432 1269 εἰπὼν
1459 1217 1514 1268 ἐν
1547 1217 1748 1270 ἐκστά-

159 1315 242 1350 σει
262 1317 323 1351 τε
355 1301 452 1353 καὶ
486 1303 921 1373 παραφρονήσει,
957 1305 1046 1358 καὶ
1083 1308 1189 1377 μὴν
1215 1307 1309 1359 καὶ
1342 1306 1743 1376 ἀποτυφλὼσει.

163 1389 317 1442 Ἔστι
342 1390 420 1453 δὲ,
449 1387 623 1462 οἶμαι,
641 1394 838 1447 ταυτὸν
858 1394 919 1448 τὺ
942 1395 1134 1451 παθεῖν
1154 1396 1254 1468 τὴν
1276 1396 1556 1465 ἔκστασιν,
1580 1399 1672 1453 καὶ
1687 1399 1747 1453 τὸ

159 1481 449 1551 ὑπομεῖναι
473 1483 574 1552 τὴν
603 1485 1038 1558 παραφρόνησιν.
1073 1487 1148 1540 Τὸ
1201 1487 1310 1558 γὰρ
1342 1488 1447 1554 ἔξω
1491 1489 1746 1558 γενέσθαι

163 1571 376 1642 φρενὸς,
409 1572 668 1638 ἔκστασις
693 1574 758 1629 ἂν
782 1579 974 1644 νοοῖτο,
994 1578 1088 1631 καὶ
1123 1577 1268 1648 μάλα
1299 1579 1546 1644 εἰκότως.
1581 1573 1656 1634 Οὗ
1682 1581 1746 1652 δὴ

164 1662 463 1731 γεγονότος,
503 1665 596 1719 καὶ
624 1668 734 1730 τοῖς
773 1667 972 1735 φονῶσι
999 1667 1428 1739 συμϐεϐηκότος,
1461 1670 1746 1741 περιέσται

165 1769 264 1804 που
298 1752 518 1822 πάντως
562 1757 674 1818 τοῖς
736 1755 912 1825 ἁγίοις
947 1759 1121 1811 εἰπεῖν
1163 1759 1421 1830 περὶτῶν
1455 1776 1605 1829 σφισι
1645 1778 1742 1829 μεο

990 355 1547 418 COMMENTARIUS
1587 358 1649 414 IN
1689 360 2090 417 '[..\CII.-\RIAM
2130 358 2578 416 PBOPIIETAM.

238 473 331 526 Ἐν
373 472 452 541 τῇ
478 472 672 543 ἡμέρᾳ
691 473 916 545 ἐκείνῃ,
948 478 1109 548 λέγει
1141 479 1352 548 Κύριος
1404 480 1735 550 παντοκρὰ-
1773 486 1813 541 Α

3331 364 3438 423 210

1919 465 2358 538 Vr.us.1i.lndie
2416 478 2534 544 illa,
2603 477 2730 530 dicit
2786 474 3044 530 Dominus
3091 470 3434 546 omnipotens,

1848 574 2138 641 percutiant
2163 587 2364 625 omnem
2402 585 2590 638 equum
2629 570 2683 622 in
2733 577 2964 638 stupore,
3009 577 3056 622 et
3109 583 3434 622 ascensorem

1851 662 1969 731 ejus
2002 664 2055 715 iu
2079 662 2306 715 amentia
2331 677 2348 714 :
2370 677 2526 730 super
2549 660 2761 714 domum
2794 670 2967 715 autem
2995 658 3139 713 Iuda
3199 657 3436 726 aperiam

1849 751 2026 805 oculos
2054 767 2213 816 meos,
2245 762 2290 804 et
2325 765 2501 805 omnes
2521 765 2680 819 equos
2712 749 3029 818 populorum
3051 749 3347 817 percutiam
3381 748 3435 802 in

1846 845 2101 901 ccecitate.

1922 1017 2084 1089 775
2109 1013 2884 1082 LXXXVIII.Compositnrum
2904 1026 3061 1065 omne
3077 1011 3295 1078 bellum,
3335 1013 3434 1067 ho-

1846 1109 2107 1176 stilesque
2132 1107 2382 1159 incursus
2423 1111 2830 1172 persecuturum
2848 1097 3154 1154 ineﬂlcaces
3179 1111 3231 1153 et
3248 1100 3437 1154 inanes

1848 1201 2182 1256 redditurum
2210 1206 2414 1264 monet,
2453 1197 2580 1250 dum
2607 1194 2758 1259 dicit,
2807 1207 3011 1262 equum
3065 1201 3120 1246 et
3175 1205 3435 1247 ascenso-

1851 1310 1964 1350 rem
2000 1305 2389 1365 percussurum
2425 1289 2477 1343 in
2508 1296 2732 1357 stupore
2759 1293 2812 1340 et
2841 1284 3076 1339 amentia
3115 1293 3168 1339 et
3195 1283 3449 1339 caecitate

1851 1386 2092 1455 insuper.
2140 1384 2234 1441 Est
2276 1390 2476 1447 autem,
2537 1387 2599 1434 ut
2658 1378 2918 1442 arbitror,
2949 1377 3111 1441 idem,
3159 1384 3436 1446 stuporem

1849 1477 1958 1547 pati
1990 1486 2045 1531 et
2075 1484 2348 1530 amentem
2391 1486 2534 1526 esse.
2577 1469 2712 1524 Nam
2749 1468 3013 1525 discessio
3045 1483 3073 1522 a
3106 1476 3290 1522 mente
3329 1482 3435 1522 non
3513 1457 3516 1460 ”

1851 1567 1991 1623 maIe
2025 1579 2211 1637 stupor
2245 1564 2468 1634 intelligi
2516 1570 2698 1632 queat.
2729 1559 2885 1627 Quod
2925 1575 3048 1617 cum
3083 1558 3284 1613 factum
3316 1552 3456 1612 ine?

1851 1660 1941 1725 rit,
1977 1667 2029 1712 et
2062 1658 2116 1712 in
2143 1657 2291 1712 crede
2329 1652 2707 1722 grassantibus
2741 1650 3054 1720 contigerit,
3091 1648 3277 1703 licebit
3314 1662 3429 1702 om-

1852 1751 1980 1805 nino
1997 1748 2203 1805 sanctis
2226 1748 2408 1801 dicere
2425 1745 2491 1800 de
2513 1742 2980 1814 oppugnatoribus
3003 1741 3117 1795 suis
3145 1758 3157 1794 :
3183 1756 3200 1790 ι
3225 1738 3436 1793 Inimici

167 1844 519 1914 μαχημένων’
563 1864 580 1897 ι
615 1847 677 1900 Oi
727 1847 910 1919 ἐχθροὶ
954 1849 1113 1920 ἡμῶν
1163 1850 1400 1922 ἀνόητοι.
1433 1871 1452 1905 ι
1497 1852 1606 1905 Καὶ
1643 1852 1749 1924 μὴν

1864 1843 2024 1899 nostri
2077 1840 2400 1910 insipientes
2425 1837 2494 1890 ".
2549 1856 2568 1890 ι
2611 1836 2788 1904 Atque
2833 1833 2996 1888 etiam
3033 1830 3168 1886 illa:
3210 1850 3230 1883 ‹
3274 1830 3336 1884 1ιί
3383 1831 3436 1884 in

166 1936 287 1989 καί·
323 1956 340 1988 ι
374 1928 534 1991 Οὗτοι
568 1939 626 1992 ἐν
666 1938 894 2010 ἀρμασι,
949 1942 1044 1995 καὶ
1071 1935 1214 1996 οὗτοι
1237 1942 1293 1995 ἐν
1339 1942 1548 2006 ἵπποις,
1589 1944 1751 2014 ἡμεῖς

163 2027 292 2082 δὲέν
317 2029 544 2100 ὀνόματι
598 2032 804 2103 Κυρίου
837 2032 971 2087 Θεοῦ
1000 2035 1157 2106 ἡμῶν
1207 2035 1746 2106 μεγαλυνθησόμεθα.

164 2122 325 2174 Αὐτοὶ
361 2115 846 2195 συνεποδίσθησαν,
870 2127 965 2178 καὶ
1004 2125 1220 2180 ἔπεσον·
1246 2127 1408 2197 ἡμεῖς
1440 2127 1498 2180 δὲ
1522 2129 1752 2199 ἀνέστη-

168 2229 286 2279 μεν,
326 2211 427 2264 καὶ
462 2212 889 2285 ἀνωρθώθημεν.
926 2236 942 2268 ι
989 2218 1443 2290 Παραφρονήσειε
1482 2219 1526 2272 δ’
1559 2218 1624 2272 ἂν
1658 2223 1751 2272 καὶ

168 2305 382 2374 ἑτέρως,
420 2307 449 2357 ὁ
478 2309 595 2370 ταῖς
619 2306 730 2360 τῶν
760 2308 931 2376 ἁγίων
964 2309 1337 2374 ἀνεξικακίαις
1371 2311 1599 2375 ἀνοσίως
1629 2314 1744 2365 ἐπι-

170 2396 368 2467 πηδῶν,
395 2399 490 2450 καὶ
516 2397 778 2470 ἀδόκητον
815 2401 1076 2469 ὑπομενεῖ
1142 2400 1241 2470 τὴν
1307 2400 1583 2465 ἔκστασιν,
1631 2401 1750 2474 ἢτοι

169 2487 220 2539 τὸ
240 2487 448 2558 θαῦμα,
472 2489 799 2561 τεθεαμένος
831 2493 911 2545 ὅτι
936 2492 1162 2546 νικῶσιν
1194 2495 1250 2546 ἐν
1290 2497 1617 2565 συμφοραῖς,
1657 2496 1752 2548 καὶ

170 2576 460 2644 φανοῦνται
482 2580 758 2644 πεσόντες,
787 2580 882 2634 καὶ
919 2581 1007 2634 ὅτε
1043 2581 1310 2652 ἡττῆσθαι
1351 2583 1578 2652 δοκεῖεν,
1630 2581 1750 2636 τότε

168 2667 225 2736 δὴ
253 2668 490 2737 μάλιστα
519 2669 784 2741 κρατοῦσι
828 2671 1113 2744 μειζόνως
1159 2675 1318 2745 εἴπερ
1360 2676 1508 2729 ἐστὶν
1529 2676 1747 2747 ἀληθὲς,

171 2759 237 2822 ὡς
261 2759 319 2812 εν
350 2777 414 2828 γε
449 2762 514 2832 δὴ
547 2762 778 2833 μάλιστα
829 2765 906 2834 τῷ
946 2763 1139 2819 παθεῖν
1176 2767 1374 2831 αὐτοὺς
1403 2766 1638 2837 ὁρῶνται
1665 2767 1753 2822 εὐο

172 2849 366 2917 κλεεῖς,
402 2851 498 2904 καὶ
529 2852 609 2923 τῷ
649 2854 870 2924 μεγέθει
898 2854 1005 2908 τῶν
1037 2855 1216 2910 πόνων
1253 2856 1754 2927 συμπαρομαρτοῦ-

175 2957 263 2994 σαν
286 2940 476 3013 ἔχουσι
507 2943 606 3014 τὴν
655 2945 863 3000 ἀνωθεν
897 2947 1074 3017 χάριν.
1117 2943 1250 3000 Εἶτα
1273 2947 1390 3011 πῶς
1422 2947 1523 3000 οὐκ
1560 2947 1625 3005 ἂν
1656 2963 1754 3000 κα-

173 3032 502 3104 ταπλήξειαν
530 3036 656 3100 τοὺς
705 3039 1129 3108 μεμαχημένους
1161 3041 1209 3091 οἱ
1246 3039 1507 3112 μακάριοι
1545 3040 1755 3113 μάρτυ-

177 3137 280 3190 ρες,
311 3123 410 3176 καὶ
441 3123 606 3177 αὑτὸν
628 3124 889 3190 νικῶντες
932 3125 1026 3180 τὸν
1082 3127 1348 3194 Σατανᾶν,
1376 3130 1470 3182 καὶ
1496 3133 1773 3202 πονηροῖς,

177 3215 288 3284 μὲν,
322 3214 420 3268 καὶ
451 3215 784 3294 ἀκαθάρτοις
818 3217 1180 3290 ἐπιτιμῶντες
1219 3220 1512 3292 πνεύμασι,
1539 3221 1672 3277 πολὺ
1700 3221 1754 3282 δὲ

178 3305 440 3377 ὼθαῦμα
476 3311 574 3378 τῆς
600 3310 828 3381 ἐνούσης
879 3311 1128 3376 εὐκλείας
1151 3313 1337 3376 αὐτοῖς
1381 3314 1614 3378 ἐνιέντες
1643 3314 1753 3368 ἐσθ’

173 3396 259 3458 ᾖτε
283 3399 382 3452 καὶ
416 3399 603 3463 αὐτοῖς
633 3404 746 3464 τοῖς
767 3403 1138 3476 ἀνῃρηκόσιη
1167 3404 1378 3474 ¹Οὐκοῦν
1427 3406 1661 3479 ἱππότην
1697 3423 1756 3459 τε

176 3487 286 3560 ἅμα
317 3491 415 3544 καὶ
443 3491 612 3545 ἵππον
639 3492 900 3558 πατάξειν
952 3495 1370 3565 ἐπαγγέλλεται·
1411 3496 1500 3552 ἵνα
1545 3497 1758 3568 νοῶμεν

176 3579 267 3644 τὰς
286 3580 396 3634 τῶν
419 3580 695 3663 πολεμίων
722 3583 1028 3652 φάλαγγας,
1061 3587 1182 3650 ταῖς
1230 3585 1339 3640 τῶν
1389 3586 1560 3656 ἁγίων
1587 3588 1760 3642 ἐπιει-

181 3671 346 3736 κείαις
369 3673 855 3745 ἀντιτεταγμένας.
888 3676 1009 3729 Ἐπλ⁵
1027 3676 1084 3731 δὲ
1113 3677 1203 3731 τὸν
1230 3675 1376 3733 οἷκον
1419 3679 1590 3732 Ἰούδα
1617 3681 1760 3734 ἀνοί-

183 3761 284 3826 ξειν
307 3763 568 3842 ἔφηιτοὺς
590 3765 925 3837 ὀφθαλμούς.
951 3768 1062 3822 Καὶ
1103 3768 1304 3822 Ἰούδαν
1341 3769 1437 3839 μὲν
1471 3771 1530 3824 ἐν
1553 3769 1761 3835 τούτοις

183 3855 348 3910 τὸνέκ
380 3857 540 3928 ῥίζης
580 3859 798 3927 Ἰεσσαὶ,
835 3860 1055 3933 καὶτῆς
1090 3848 1259 3915 Ἰούδα
1287 3861 1462 3933 φυλῆς
1486 3863 1764 3935 πεφηνότα

184 3948 416 4032 Χριστὸν
454 3950 736 4022 ὀνομάζει,
767 3951 916 4012 οἷκον
936 3953 1205 4017 δὲαύτοῠ,
1237 3947 1336 4026 τὴν
1401 3955 1762 4025 Ἐκκλησίαν,

183 4041 297 4110 ἦτοι
317 4041 440 4108 ,τῶν
470 4043 528 4096 ἐν
551 4043 733 4096 πίστει
755 4043 1192 4116 δεδικαιωμένων
1214 4046 1311 4117 τὴν
1343 4044 1504 4115 ἁγίαν
1531 4047 1762 4119 πληθύν.

186 4132 292 4205 τὴν
323 4134 381 4188 δέ
414 4152 479 4204 γε
500 4135 610 4189 τῶν
643 4135 940 4206 ὀφθαλμῶν
986 4136 1243 4204 διὰνοιξιν
1270 4141 1446 4193 ἐκεῖνο
1484 4135 1636 4210 οἴμαι
1670 4140 1768 4212 δη-

185 4222 326 4292 λοῦν,
359 4227 443 4279 ὅτι
484 4225 619 4280 πολὺ
672 4226 1136 4300 λίανάμφιλαφῆ,
1172 4227 1264 4282 καὶ
1298 4222 1410 4282 οἷον
1462 4229 1568 4300 ὅλῳ
1601 4229 1768 4301 βλέμ-

190 4335 315 4401 ματι
343 4320 769 4389 κατασκέψεται,
802 4322 1026 4392 σημεῖον
1056 4321 1100 4376 δ’
1133 4320 1198 4376 ἂν
1245 4321 1456 4391 γένοιτο
1480 4323 1640 4377 τοῦτο
1673 4340 1778 4377 σα-.

187 4408 281 4476 φὶς
307 4411 406 4480 τῆς
436 4411 524 4464 ἐπ’
551 4411 722 4483 αὐτῆς
762 4411 1068 4482 εὐμενείας,
1118 4414 1212 4466 καὶ
1253 4413 1352 4483 μέν
1385 4431 1467 4466 τοι
1512 4414 1726 4483 φειδοῦς
1752 4458 1765 4478 ,

1851 1933 2123 2000 curribus,
2150 1941 2205 1987 et
2231 1931 2284 1986 hi
2328 1929 2380 1985 in
2413 1929 2592 2000 cquis,
2638 1941 2736 1982 nos
2766 1934 2947 1980 autem
2991 1926 3044 1978 in
3077 1922 3297 1978 nomine
3343 1921 3438 1976 Dei

1853 2026 2020 2081 nostri
2073 2021 2565 2094 magniﬁcabimur.
2604 2019 2706 2090 Ipsi
2743 2017 3000 2073 inﬁrmati
3034 2023 3160 2071 sunt
3211 2023 3264 2069 et
3296 2016 3438 2070 ceci-

1853 2117 2084 2180 derunt;
2133 2127 2230 2167 nos
2268 2122 2447 2166 autem
2487 2110 2827 2167 surreximus
2865 2118 2918 2163 et
2942 2108 3105 2162 erecti
3128 2122 3316 2162 sumus
3334 2105 3434 2162 ⁸⁸.»

1853 2207 1970 2262 Alio
2022 2207 2150 2260 item
2215 2203 2376 2259 modo
2440 2201 2740 2272 desipnerit
2817 2207 3130 2256 sanctorum
3199 2197 3441 2252 toleran-

1855 2300 1941 2354 tia:
1985 2297 2256 2352 insultans
2302 2295 2466 2365 impie
2512 2303 2569 2350 et
2615 2291 2670 2348 in
2719 2293 3071 2362 improvisum
3133 2301 3438 2361 stuporem,

1853 2389 1966 2446 sive
1991 2389 2408 2444 admirationem
2440 2385 2666 2452 incidet,
2704 2400 2826 2440 eum
2863 2383 3061 2438 viderit
3097 2397 3189 2438 eos
3217 2381 3442 2437 calami-

1856 2484 2054 2538 tatibus
2083 2482 2246 2538 nullis
2282 2481 2477 2537 cedere
2509 2489 2563 2534 et
2606 2478 2858 2534 coronari
2900 2477 3178 2541 cadentes,
3220 2491 3283 2530 ac
3329 2485 3438 2528 tum

1855 2575 2090 2630 maxime
2113 2575 2348 2638 vincere,
2376 2581 2428 2626 et
2451 2571 2681 2640 majores
2712 2575 2991 2637 reportare
3012 2566 3290 2633 victorias,
3317 2582 3443 2635 cum

1855 2670 1981 2723 victi
2009 2667 2310 2738 potuissent
2338 2676 2604 2734 apparere
2639 2679 2652 2715 :
2688 2658 2955 2730 siquidem
3000 2667 3204 2728 certum
3235 2643 3328 2713 est.
3347 2671 3440 2712 eos

1854 2761 2193 2832 potissimum
2220 2757 2275 2812 in
2311 2752 2827 2832 patiendo_inclytos
2861 2750 3200 2822 conspici,et
3232 2751 3439 2821 ntagui~

1855 2853 2022 2908 tudini
2049 2851 2292 2914 laborum
2334 2847 2587 2913 comitem
2615 2834 2818 2900 habere
2861 2843 3133 2941 cgalestem
3181 2843 3432 2912 gratiam.

1858 2943 2081 3008 Deinde,
2113 2941 2361 3012 quinam
2394 2945 2796 3010 oppugnatores
2826 2931 2953 2990 suos
2993 2949 3099 2987 non
3126 2931 3438 3000 obstupefa-

1856 3037 2014 3096 ciant.
2042 3035 2187 3092 beati
2223 3041 2517 3108 martyres,
2565 3029 2656 3098 qui
2689 3029 2865 3098 ipsum
2916 3037 3130 3098 quoque
3175 3021 3434 3077 Satanam

1858 3128 2245 3200 pessumdant,
2271 3124 2649 3198 malignosque
2669 3129 2722 3176 et
2745 3119 3056 3176 immundos
3087 3117 3310 3187 Spiritus
3354 3117 3440 3169 in-

1860 3230 2109 3290 crepant,
2140 3227 2195 3278 et
2227 3230 2615 3287 nonnunquam
2653 3227 2847 3284 magna
2881 3211 3065 3282 gloria:
3112 3223 3226 3264 sua:
3276 3211 3445 3264 admi—

1863 3313 2072 3368 ratione
2119 3313 2266 3382 ipsos
2311 3311 2475 3368 etiam
2531 3306 2914 3363 interfectores
2978 3319 3106 3359 suos
3164 3300 3450 3356 afﬁciunt?

1861 3407 2041 3473 Quare
2061 3406 2298 3475 equitem
2326 3402 2486 3458 simul
2538 3410 2594 3456 et
2615 3415 2810 3470 equum
2838 3413 3222 3469 percussurnm
3243 3409 3300 3451 se
3323 3411 3451 3467 pro-

1864 3500 2048 3566 mittit,
2079 3509 2138 3553 ut
2160 3499 2400 3554 hostium
2431 3496 2728 3566 phalangas
2753 3503 3070 3551 sanctorum
3116 3491 3302 3545 virtuti
3347 3491 3442 3543 ad-

1863 3601 2144 3645 versantes
2187 3589 2588 3659 intelligamus.
2628 3584 2804 3656 Super
2832 3587 3049 3641 domum
3084 3591 3262 3636 autem
3305 3579 3446 3635 Juda

1866 3691 2180 3750 aperturum
2205 3694 2263 3734 se
2293 3679 2480 3734 oculos
2513 3678 2605 3738 ait.
2635 3675 2834 3736 Judatn
2873 3675 2976 3729 hoc
3009 3675 3131 3728 loco
3165 3674 3230 3726 de
3268 3671 3450 3724 radice

1865 3771 2019 3828 Jesse
2069 3781 2120 3826 et
2156 3772 2298 3830 tribu
2327 3770 2464 3825 Juda
2490 3769 2770 3824 Christum
2795 3769 3145 3823 exsistentem
3181 3764 3445 3829 nominat,

1868 3866 2085 3918 domum
2124 3872 2302 3917 autem
2325 3862 2444 3934 ejus
2468 3860 2787 3926 Et-clesiam,
2823 3859 2937 3913 sive
2981 3857 3033 3910 in
3095 3855 3315 3910 Christo
3357 3854 3448 3925 ju-

1869 3951 2948 4012 stiﬁeatorumsanetam'multitudinem.
3006 3949 3219 4020 Aperiri
3267 3957 3448 4002 autem

1867 4049 2056 4105 oculos
2087 4046 2216 4102 illud
2266 4046 2373 4102 sibi
2421 4045 2557 4100 velle
2604 4044 2878 4111 existimo,
2921 4042 3063 4112 quod
3113 4040 3450 4109 amplissime

1869 4150 1922 4194 et
1947 4149 2058 4194 toto
2079 4139 2225 4194 velut
2254 4147 2475 4209 aspectu
2500 4135 2780 4206 respiciet,
2815 4134 2957 4204 quod
2992 4148 3104 4188 suae
3133 4147 3262 4201 erga
3300 4129 3450 4185 illum

1871 4231 2284 4296 benevolentiae,
2311 4246 2374 4285 ac
2401 4239 2664 4301 praeterea
2694 4227 3042 4296 indulgentiae
3074 4235 3128 4282 et
3165 4225 3452 4280 charitatis

1874 4324 2232 4381 indubitatum
2261 4323 2366 4378 erit
2421 4322 2704 4378 indicium.
2767 4319 3041 4389 Scriptum
3096 4327 3180 4373 est
3233 4318 3377 4372 enim
3429 4330 3446 4368 :

1879 4432 1897 4465 ι
1945 4411 2098 4472 Oculi
2121 4411 2336 4466 Domini
2365 4426 2528 4482 super
2554 4408 2804 4480 iustos".
2836 4428 2854 4462 ι
2885 4409 2948 4463 Ει
2973 4422 3108 4479 quos
3133 4406 3453 4484 respexerit,

185 4500 286 4564 καὶ,
310 4503 554 4572 ἀγάπης.
578 4501 892 4573 Γέγραπται
922 4503 1032 4574 γὰρ
1058 4505 1150 4572 ὅτι¹
1171 4523 1190 4556 ι
1238 4503 1537 4577 Ὀφθαλμοὶ
1561 4507 1773 4578 Κυρίου.

1874 4525 1968 4562 eos
2014 4506 2170 4576 plane
2213 4503 2559 4560 beatissimos
2618 4501 2822 4570 efﬁcit;
2856 4498 3292 4572 quandoquidem
3350 4512 3456 4557 non

185 4591 272 4642 ἐπὶ
296 4591 565 4655 δικαίους.
605 4610 624 4643 ι
664 4593 775 4645 Καὶ
805 4592 899 4657 οὒς
943 4594 1009 4648 ἂν
1040 4595 1376 4664 ἐπιϐλέψειε,
1434 4597 1659 4662 τούτους
1701 4598 1768 4669 δὴ

186 4683 404 4746 πάντως
455 4685 893 4755 τρισμακαρίους
940 4685 1357 4753 ἀποδείκνυσιν,
1415 4688 1574 4760 εἴπερ
1622 4688 1768 4742 ἔστιν

186 4774 358 4826 εἰπεῖν
391 4775 452 4827 οὐ
483 4775 906 4847 διεψευσμένως,
964 4778 1038 4841 ὡς
1081 4777 1296 4845 κολάζει
1334 4781 1433 4852 μὲν
1477 4783 1598 4844 ταῖς
1638 4782 1771 4836 ἁπο-

188 4870 451 4942 στροιφαῖς
476 4867 566 4921 τὸν
589 4868 852 4940 ὑϐριστήν
873 4887 934 4922 τε
952 4871 1044 4924 καὶ
1072 4872 1371 4946 ἀλιτήριον,
1386 4872 1772 4944 κατευφραίνει

189 4972 244 5022 γε
277 4957 390 5030 μὴν
424 4961 546 5022 ταῖς
568 4961 888 5031 ἐπισκέψεσι
926 4962 1014 5016 τὸν
1061 4963 1281 5034 εὐσεϐῆ,
1317 4965 1410 5018 καὶ
1459 4963 1768 5035 φιλάρετον.

191 5047 293 5100 Καὶ
336 5049 473 5117 γοῦν
515 5051 544 5103 ό
608 5049 893 5117 θεσπέσιος
942 5054 1126 5121 Δαϐὶδ,
1169 5046 1388 5127 καΐτὴν
1414 5058 1478 5110 ἐκ
1499 5057 1597 5127 τῆς
1636 5057 1764 5110 ἁπο-

191 5143 433 5212 στροφῆς
464 5142 691 5214 ζημίαν,
727 5145 819 5199 καὶ
853 5145 913 5198 τὸ
941 5145 1005 5198 ἐκ
1034 5146 1131 5216 τῆς
1169 5147 1547 5218 ἐπιστρέψεως
1587 5147 1774 5218 κέρδος

189 5229 435 5299 ἐμφανὲς
463 5233 750 5298 καθιστὰς,
799 5234 944 5302 ποτὲ,
980 5234 1082 5304 μὲν
1131 5235 1370 5305 ἔφασκε·
1432 5257 1450 5289 ι
1487 5237 1578 5308 Μὴ
1637 5238 1773 5290 ἀπο·

191 5323 436 5396 στρέψῃς
496 5325 558 5378 τὸ
607 5325 898 5396 πρόσωπόν
940 5345 1034 5380 σου
1074 5328 1168 5383 ἀπ’
1219 5328 1378 5399 ἐμοῦ,
1421 5330 1515 5382 καὶ
1575 5327 1650 5400 μὴ
1682 5331 1772 5382 ἐκ·

188 5413 384 5489 “huc
410 5416 467 5468 ἐν
497 5415 636 5485 ὀργῇ
691 5415 798 5467 ἀπδ
847 5415 937 5469 τοῦ
968 5415 1153 5470 δούλου
1206 5434 1320 5470 σουσ
1359 5436 1377 5472 ι
1443 5417 1573 5470 ποτέ
1619 5417 1676 5471 δὲ
1709 5417 1773 5488 δὴ

1877 4599 2009 4654 false
2041 4597 2147 4652 diei
2188 4605 2400 4665 potest,
2430 4610 2554 4650 eum
2587 4592 2964 4649 aversionibus
3004 4590 3136 4653 suis,
3162 4589 3456 4658 superbum

1877 4701 1931 4748 et
1963 4698 2299 4760 peccatorem
2351 4688 2576 4758 punire,
2623 4685 3249 4745 visitationibus_autem
3308 4680 3456 4750 pium

1879 4794 1934 4838 et
1974 4781 2193 4836 virtutis
2250 4779 2552 4836 studiosum
2613 4777 2944 4832 exhilarare.
3003 4775 3182 4841 Quare
3238 4771 3456 4825 divinus

1880 4876 2007 4929 item
2038 4873 2232 4937 David,
2262 4880 2315 4926 et
2339 4886 2405 4925 ex
2437 4869 2722 4924 aversione
2745 4867 3026 4932 damnum,
3048 4875 3102 4921 et
3125 4881 3188 4919 cx
3231 4877 3458 4918 conver-

1877 4966 2034 5020 sione
2097 4964 2436 5018 commodum
2490 4961 2682 5031 776”
2709 4959 3102 5024 manifestans,
3164 4953 3456 5023 aliquando

1877 5057 2092 5112 dicebat
2123 5070 2137 5110 :
2177 5074 2197 5108 ι
2235 5054 2312 5110 Ne
2337 5063 2552 5109 avertas
2583 5053 2776 5114 faciem
2808 5061 2954 5107 tuam
2985 5067 3014 5104 a
3041 5064 3145 5115 me,
3186 5056 3241 5102 et
3266 5061 3332 5100 ne
3360 5047 3455 5100 de-

1877 5149 2049 5204 clines
2081 5148 2134 5202 in
2170 5148 2248 5202 ira
2279 5161 2488 5203 aservo
2534 5154 2626 5202 tuo
2651 5144 2743 5214 ‘3";
2789 5163 2807 5196 ›
2857 5141 3148 5212 aliquando
3201 5151 3456 5193 rursum:

1885 5257 1903 5289 ι
1942 5237 2173 5308 Respice
2209 5237 2262 5290 in
2292 5252 2402 5302 me,
2445 5243 2500 5291 et
2526 5236 2788 5300 miserere
2819 5233 2922 5287 mei
2945 5232 3010 5284 ⁵⁸.
3049 5247 3068 5280 ι
3105 5228 3459 5282 Aversionem

1881 5340 2115 5394 namque
2144 5327 2246 5391 ira,
2276 5335 2331 5380 et
2358 5341 2476 5394 quae
2509 5325 2576 5381 ab
2608 5325 2747 5378 irato
2783 5322 3095 5392 iniliguntur
3125 5333 3301 5390 poenae
3328 5359 3344 5384 ,
3374 5331 3456 5372 re-

1879 5426 2123 5485 spectum
2148 5426 2328 5475 autem
2352 5417 2565 5484 adeptio
2590 5412 2980 5469 misericordiae
3013 5414 3329 5467 comitatur.

191 5500 280 5558 ιῦο
311 5525 333 5557 ι
373 5506 700 5575 Ἐπίϐλεψον
731 5507 815 5559 ἐπ’
874 5507 1116 5574 ὲμὲ,καὶ
1140 5509 1360 5581 ἐλέησόν
1403 5527 1490 5581 με.
1535 5529 1553 5562 ι
1586 5511 1814 5580 Ἕψεται
1874 5509 1982 5581 γὰρ
2039 5511 2160 5574 ταῖς
2201 5510 2570 5578 ἀποστροφαῖς
2622 5509 2650 5560 ὁ
2709 5505 2900 5578 θυμὸς,
2951 5511 3046 5562 καὶ
3069 5506 3139 5560 τὰ
3185 5504 3244 5571 ἐξ
3295 5501 3462 5559 αὐτοῦ

193 5596 588 5669 συμϐαίνοντα·
622 5596 701 5669 τῷ
727 5614 787 5667 γε
818 5599 922 5669 μὴν
951 5600 1240 5672 ἐπιϐλέψαι
1274 5601 1332 5654 τὸ
1359 5601 1555 5673 χρῆναι
1585 5602 1768 5667 λαϐεῖν
1807 5601 1896 5656 τὸν
1928 5602 2095 5655 ἔλεον.

262 5780 308 5812 ⁸³
342 5780 491 5838 Psal.
525 5797 679 5849 xxvi,
714 5782 766 5834 ‘2.

843 5784 886 5814 “
914 5781 1057 5838 Psal.
1098 5796 1208 5847 xix,
1235 5779 1286 5846 8,
1319 5779 1371 5834 9.
1449 5780 1493 5812 ⁵³
1523 5778 1667 5834 Psal.
1706 5794 1894 5847 xxxiii,
1936 5779 2017 5834 l6.

2097 5778 2140 5811 "‘
2169 5777 2313 5835 Psal.
2347 5793 2496 5847 τινι,
2524 5777 2578 5836 9.
2657 5779 2700 5811 ⁵³
2736 5777 2877 5834 Psal.
2912 5791 3059 5842 xxw,
3093 5773 3175 5830 16.
