3934 6318
470 297 575 355 ΞΗ-

1487 317 1545 371 S.
1585 318 1855 378 CYRILLI
1895 323 2355 382 ALEXANDRINI
2394 328 2714 387 ARCHIEP.

3598 339 3708 397 212'

549 409 715 468 Vsus.
752 413 805 467 5.
850 415 916 470 Et
957 418 1131 473 dicent
1157 422 1353 476 tribuni
1392 423 1535 480 Juda
1566 446 1739 486 omnes
1767 434 1823 489 in
1860 436 2031 489 cordi-

2204 442 2313 495 Καί
2347 443 2591 512 ἐροῦσιν
2628 445 2927 516 χιλίαρχοι
2975 447 3171 507 Ἰούδα
3213 447 3435 516 πάντες
3463 450 3534 504 ἐν
3577 455 3702 522 ταῖς

470 511 563 560 bus
594 508 701 560 suis
727 524 746 562 :
780 508 1102 564 Inveniemus
1128 512 1275 565 nobis
1299 513 1592 573 habitantes
1630 521 1943 593 Jerusalem,
1974 529 2027 580 in

470 599 695 654 Domino
723 603 1065 669 omnipotente
1098 602 1203 657 Deo
1224 621 1423 661 eorum.

538 779 830 835 LXXXIX.
865 781 1231 851 Chiliarcltas,
1255 799 1346 841 seu
1375 787 1618 845 tribunos
1641 788 1777 846 Iuda
1813 800 2033 848 sanctos

466 873 737 942 apostolos
767 874 1069 943 appellatos
1097 890 1498 946 asseveramus,
1518 881 1755 938 delectos
1774 891 2029 953 tanquam

465 965 631 1020 duces
655 981 685 1019 a
710 964 949 1034 Christo,
982 976 1037 1022 et
1054 968 1410 1039 principatum
1437 972 1490 1026 in
1541 970 1735 1029 ludam
1762 978 2027 1047 radeptos,

466 1056 569 1110 hoc
591 1065 692 1122 est,
725 1054 778 1111 in
808 1070 901 1111 eos
929 1057 1019 1126 qui
1061 1059 1127 1114 ad
1151 1058 1515 1117 conﬁtendum
1588 1072 1644 1119 et
1702 1064 2030 1121 laudandum

465 1147 642 1202 vocati
703 1155 827 1203 sunt
858 1167 871 1204 :
902 1147 1068 1205 ludas
1117 1151 1261 1205 enim
1322 1152 1444 1208 laus
1505 1155 1789 1213 redditur:
1830 1159 1920 1228 qui
1966 1174 2031 1213 ex

466 1238 717 1309 gentibus
758 1240 945 1317 utique
1000 1240 1223 1309 fuerint,
1266 1245 1461 1314 quibus
1492 1255 1548 1305 et
1576 1247 1790 1305 divinus
1846 1232 2034 1305 Cantor

466 1332 708 1400 mandat,
738 1332 817 1391 uti
849 1333 1250 1393 Emmanuelem
1288 1336 1586 1405 celebrent,
1616 1339 1804 1396 dicens
1833 1341 1884 1396 ln
1917 1341 2030 1412 spi-

466 1426 576 1488 ritu
610 1444 623 1481 :
665 1445 684 1479 ι
720 1424 1055 1499 Benedicite,
1073 1437 1283 1500 gentes,
1305 1432 1470 1487 Deum
1492 1441 1758 1500 nostrum,
1803 1442 1859 1491 et
1883 1436 2035 1490 audi—

467 1527 576 1577 tam
627 1517 792 1574 facite
822 1534 1008 1576 vocem
1069 1520 1246 1577 laudis
1301 1522 1420 1593 ejus
1471 1524 1539 1578 ”.
1579 1541 1598 1577 ι
1641 1523 1809 1581 Judas
1875 1525 2037 1595 igitur

464 1607 571 1665 hoc
596 1606 715 1664 loco
732 1619 857 1669 sunt
880 1622 973 1685 per
985 1608 1144 1665 ﬁdem
1168 1612 1233 1666 ad
1249 1611 1607 1668 laudationem
1659 1622 1714 1671 et
1740 1614 2036 1671 confessio-

465 1714 584 1755 nem
612 1702 786 1763 vocati
810 1717 825 1760 :
868 1700 1065 1763 tribuni
1088 1702 1361 1773 veroipsis
1381 1705 2037 1774 constituti,centuriones

366 1872 369 1873 ν
462 1806 518 1853 et
536 1798 719 1864 duces,
753 1797 1202 1868 divinidiscipuii.
1220 1798 1521 1865 Observare
1547 1810 1630 1857 est
1644 1815 1773 1873 ergo
1796 1816 1889 1858 eos
1915 1801 2037 1858 Sal-
2064 1777 2109 1860 ,Β

463 1886 667 1955 vatoris
690 1887 1062 1943 adoratoribus
1081 1889 1224 1945 velut
1243 1891 1562 1963 quibusdam
1581 1891 1842 1949 militibus
1859 1891 2039 1948 accla-

466 1983 677 2037 mantes
694 1984 747 2041 et
773 1976 1015 2041 dicentes
1048 1995 1063 2034 :
1101 1997 1120 2032 ι
1155 1978 1308 2035 State
1334 1981 1496 2057 igitur
1530 1982 1790 2043 succincti
1821 1982 2032 2041 lumbos

467 2074 674 2123 vestros
689 2068 742 2123 in
756 2068 1003 2136 veritate,
1015 2078 1067 2127 et
1079 2069 1248 2125 induti
1266 2069 1486 2127 loriCam
1496 2071 1739 2143 justitiae,
1750 2082 1803 2128 et
1817 2073 2037 2129 calceati

465 2159 631 2229 pedes
658 2157 710 2214 in
741 2160 1186 2230 praeparationem
1208 2161 1485 2233 Evangelii
1511 2164 1681 2233 pacis,
1710 2165 1765 2218 in
1789 2167 2039 2220 omnibus

465 2238 742 2307 sumentes
766 2260 979 2308 scutum
1045 2253 1196 2320 ﬁdei,
1226 2255 1280 2308 in
1310 2269 1419 2324 quo
1447 2256 1695 2327 poteritis
1724 2259 1906 2313 omnia
1935 2258 2036 2313 tela

467 2344 784 2416 nequissimi
814 2345 980 2415 ignita
1010 2347 1360 2417 exstinguere
1390 2348 1457 2403 "’.
1497 2367 1516 2401 ι
1553 2348 1690 2405 Sunt
1714 2361 1841 2425 ergo
1872 2349 2036 2405 divini

466 2436 714 2507 discipuli
744 2438 964 2505 tribuni,
992 2447 1048 2493 et
1081 2438 1613 2505 convenientissime,
1652 2458 1672 2493 ι
1710 2440 1813 2507 Qui
1854 2448 1910 2495 et
1957 2439 2038 2493 di-

467 2534 614 2593 cent,
642 2526 840 2599 inquit,
882 2526 938 2582 in
989 2528 1244 2587 cordibus
1266 2529 1379 2585 suis
1420 2546 1434 2582 :
1490 2527 1833 2585 Inveniemus
1880 2530 2037 2585 nobis

467 2619 601 2689 ipsis
633 2602 939 2674 habitantes
964 2618 1017 2672 in
1048 2617 1369 2676 Jerusalem.
1411 2618 1850 2678 rDesiderabant
1890 2620 2034 2674 enim

467 2709 643 2771 sancti
684 2708 933 2778 discipuli
965 2723 1094 2765 vere
1146 2716 1391 2765 sanctam
1444 2708 1767 2776 Jerusalem,
1818 2710 1872 2764 id
1929 2717 2032 2774 est,

467 2798 786 2864 Ecclesiam,
816 2798 1072 2870 repletam
1113 2799 1260 2855 cerni
1291 2800 1694 2866 adoratoribus,
1757 2812 1813 2855 et
1865 2800 2033 2855 veluti

469 2890 657 2951 urbem
717 2890 1033 2959 quamdam‘
1058 2888 1359 2946 incolarum
1414 2889 1718 2961 frequentia
1767 2890 2032 2962 insignem

468 2978 815 3035 meritissime
845 2979 1084 3049 gloriari.
1119 2980 1379 3047 Quocirca
1412 2979 1825 3050 promulgabant
1848 2982 2033 3046 ﬁdem,

466 3069 904 3140 evangelizanles
953 3068 1163 3171 Iesum,
1210 3071 1487 3142 signisque
1525 3072 2030 3171 etprodigiisdicta
2057 3110 2101 3171 α

466 3176 563 3216 sua
596 3161 1005 3218 conﬁrmantes.
1035 3161 1433 3218 Verumtamen
1454 3178 1559 3219 non
1607 3163 2025 3234 persuadebant.

466 3251 780 3309 Obdurabat
800 3252 944 3307 enim
975 3253 1205 3322 populus
1238 3252 1567 3321 inﬂexibilis,
1610 3263 1663 3310 et
1682 3256 1827 3311 velut
1861 3270 2033 3327 equus

466 3343 762 3413 indomitus
781 3341 933 3400 frena
959 3346 1265 3401 recusabat.
1289 3345 1778 3418 Idcirco-deinceps
1822 3357 2029 3404 sanctae

466 3435 703 3493 civitatis
733 3436 1145 3493 babitatoresin
1184 3456 1202 3490 ι
1245 3439 1472 3495 1)οωίηο
1504 3440 1873 3511 omnipotente
1923 3440 2034 3497 Deo

464 3530 733 3603 ipsorum,
780 3549 801 3582 ι
844 3531 947 3587 hoc
987 3541 1094 3599 est,
1147 3532 1201 3586 in
1256 3531 1495 3600 Christo,
1544 3532 1649 3589 sibi
1696 3532 2031 3601 quazrebant.

465 3626 606 3699 Quin
638 3635 693 3680 et
723 3625 791 3681 ad
837 3637 1023 3697 gentes
1072 3629 1543 3697 convertebantur,
1586 3626 1891 3682 Iudaeorum
1944 3638 2033 3695 po-

463 3716 594 3784 pulo
631 3716 944 3775 occinentes
973 3737 985 3773 :
1017 3718 1178 3791 777
1217 3737 1237 3770 ι
1260 3719 1427 3774 Vobis
1456 3719 1743 3789 oportebat
1795 3718 2030 3789 primum

464 3792 613 3881 loqui
641 3806 866 3863 verbum
899 3807 1013 3861 Dei.
1046 3807 1308 3873 Quoniam
1357 3818 1537 3864 autem
1576 3807 1842 3879 repellitis
1877 3806 2030 3874 illud,

464 3906 521 3959 et
550 3898 801 3967 indignos
835 3913 931 3954 vos
957 3898 1214 3966 iudicatis
1251 3901 1360 3955 vita
1390 3910 1617 3969 aeterna,
1647 3915 1775 3956 ecce
1806 3914 2033 3955 conver-

466 3988 634 4051 timur
655 3985 722 4043 ad
748 3997 938 4060 gentes
965 4006 980 4043 ε
1012 3988 1092 4045 sic
1110 3989 1253 4053 enim
1280 3990 1436 4047 nobis
1458 3992 1728 4046 mandavit
1746 3991 1887 4048 Deus
1914 3990 1979 4045 ⁵⁸.
2007 4009 2029 4044 ι

465 4076 598 4134 lnde
626 4077 774 4143 cives
805 4077 1062 4135 Ecclesia:
1088 4080 1517 4149 conquisierunt,
1545 4081 1700 4153 cujus
1728 4090 1784 4137 et
1820 4081 2032 4137 divinus

466 4167 638 4225 David
666 4169 932 4236 meminit,
961 4168 1209 4239 inquiens
1241 4189 1255 4226 :
1295 4189 1317 4224 ι
1360 4171 1605 4228 Gloriosa
1637 4171 1779 4227 dicta
1806 4178 1931 4231 sunt
1967 4171 2035 4227 de

469 4270 541 4327 te,
571 4258 762 4323 civitas
782 4257 877 4315 Dei
912 4258 979 4313 ⁸⁸.
1014 4278 1033 4312 ι
1074 4257 1148 4316 Iis
1177 4261 1440 4331 quaesitis,
1475 4269 1697 4337 propter
1745 4274 2029 4317 numerum

468 4349 971 4424 multitudinemque
1005 4352 1452 4409 innumerabilem
1492 4351 1647 4409 ditati
1695 4361 1839 4407 sunt.
1889 4351 2029 4419 Quin

2135 534 2399 605 καρδίαις
2422 534 2639 590 αὐτῶν·
2670 538 3029 612 Εὐρήσομεν
3064 540 3301 610 ἑαυτοῖς
3346 542 3487 611 τοὺς
3510 562 3704 601 κατοι-

2133 626 2393 690 κοῦντας
2418 627 2486 681 ἐν
2512 628 2923 703 Ἰερουσαλὴμ,
2958 631 3026 685 ἐν
3046 634 3243 702 Κυρίῳ
3273 635 3705 707 παντοκράτορι

2136 715 2255 782 Θεῷ
2282 717 2496 775 αὐτῶν.

2204 808 2329 863 ΠΘ¹.
2364 810 2690 882 Χιλιάρχους
2718 812 2819 883 μὲν
2863 812 3031 869 Ἰούδα
3080 815 3207 880 τοὺς
3253 817 3440 886 ἁγίους
3475 820 3702 879 ἀποστό-

2133 896 2255 985 λους
2282 899 2699 969 κατωνομασθαι
2720 904 2918 973 φαμὲν,
2953 904 3078 966 τοὺς
3098 899 3208 959 οἷον
3239 907 3297 961 ἐν
3317 908 3470 974 τάξει
3498 912 3563 981 τῇ
3599 910 3713 963 τῶν

2136 994 2455 1063 στρατηγῶν
2502 996 3047 1067 κεχειροτονημένους
3093 1001 3253 1072 παρὰ.
3286 1000 3526 1071 Χριστοῦ
3549 1040 3565 1067 ,
3615 1003 3702 1054 καὶ

2135 1080 2493 1152 καθηγεῖσθαι
2549 1084 2814 1155 λαχόντας
2868 1088 2962 1145 τοῦ
3025 1089 3238 1160 Ἰούδα,
3286 1092 3535 1146 τουτέστι
3592 1093 3698 1146 τῶν

2134 1172 2482 1242 κεκλημένων
2508 1176 2588 1239 εἰς
2614 1176 2995 1255 ἐξομολόγησίν
3015 1198 3073 1233 τε
3102 1182 3197 1236 καὶ
3224 1177 3392 1235 αἶνον*
3417 1179 3587 1253 αἶνος
3602 1185 3702 1256 γάρ

2133 1265 2163 1315 ὁ
2195 1263 2395 1329 Ἰούδας
2422 1266 2805 1338 ἑρμηνεύεται.
2836 1264 2959 1323 Εἶεν
3000 1272 3044 1324 δ’
3074 1271 3140 1326 ἂν
3168 1266 3311 1329 οὗτοι
3345 1274 3546 1338 πάντες
3569 1276 3619 1327 οἰ
3648 1276 3716 1343 ἐξΔ

2135 1354 2323 1420 ἐθνῶν,
2354 1350 2436 1419 οἷς
2462 1358 2556 1415 καὶ
2586 1359 2646 1415 τὸ
2675 1359 2871 1429 χρῆναι
2899 1361 3198 1432 δοξολογεῖν
3226 1362 3315 1417 τὸν
3356 1365 3706 1437 Ἐμμανουὴλ

2134 1447 2162 1498 ὁ
2187 1447 2464 1511 θεσπέσιος
2500 1449 2751 1521 Μελῳδὸς
2781 1452 3055 1508 ἐπιτάττει
3110 1454 3283 1527 λέγων
3323 1456 3381 1517 ἐν
3412 1458 3702 1528 πνεύματι·

2141 1556 2159 1587 ι
2196 1536 2502 1606 Εὗλογεῖτε,
2525 1537 2681 1610 ἔθνη,
2707 1540 2796 1596 τὸν
2824 1542 2968 1596 Θεὸν
2992 1545 3170 1615 ἡμῶν,
3210 1544 3304 1600 καὶ
3346 1546 3704 1601 ἀκουτίσασθε

2134 1626 2233 1696 τὴν
2260 1629 2442 1701 φωνὴν
2491 1630 2590 1701 τῆς
2616 1632 2873 1697 αἰνέσεως
2917 1634 3104 1689 αὐτοῦ.
3143 1654 3163 1690 ι
3211 1636 3413 1701 Ἰούδας
3437 1638 3617 1691 τοίνυν
3648 1639 3719 1691 ἐν

2135 1723 2344 1788 τούτοις
2379 1726 2429 1779 οἱ
2460 1724 2549 1779 διὰ
2578 1726 2809 1789 πίστεως
2858 1727 3180 1798 κεκλημένοι
3223 1729 3359 1801 πρὸς
3399 1731 3602 1784 αῖνεσίν
3646 1748 3705 1784 τε

2138 1815 2235 1869 καὶ
2293 1815 2694 1893 ἐξομολόγησιν·
2754 1817 3021 1893 χιλίαρχοί
3070 1835 3134 1893 γε
3176 1819 3283 1892 μὴν
3310 1822 3360 1877 οἰ
3413 1821 3499 1873 ἐπ’
3528 1821 3705 1887 αὐτοῖς

2138 1908 2480 1978 τεταγμένοι,
2511 1908 2792 1983 ταξίαρχοί
2812 1927 2873 1963 τε
2905 1913 2999 1965 καί
3028 1911 3315 1983 ἡγεμόνες,
3345 1912 3393 1965 οἱ
3429 1912 3703 1965 θεσπέσιοι

2143 2000 2397 2071 μαθηταί.
2429 2001 2583 2054 Ἐστι
2618 2002 2745 2069 γοῦν
2778 2004 2905 2057 ἰδεῖν
2926 2000 3014 2058 οἷά
3044 2020 3156 2058 τισι
3189 2004 3569 2077 στρατιώταις,
3594 2006 3703 2069 τοῖς

2138 2090 2230 2144 τοῦ
2258 2092 2507 2163 Σωτῆρος
2538 2096 2938 2167 πῳσκυνηταῖς
2966 2095 3395 2167 διακεκραγότας
3420 2113 3479 2149 τε
3506 2096 3599 2149 καὶ
3618 2097 3703 2150 λέ-

2138 2199 2351 2251 γονταςο
2388 2202 2406 2235 ι
2446 2183 2615 2256 Στῆτε
2642 2180 2734 2238 οὖν
2766 2186 3200 2257 περιζωσάμενοι
3232 2187 3332 2259 τὴν
3358 2187 3529 2256 ὀσφὺν
3553 2187 3702 2257 ὑμῶν

2137 2274 2193 2326 ἐν
2216 2274 2460 2344 ἀληθείᾳ,
2494 2275 2588 2329 καὶ
2636 2276 2985 2347 ἐνδυσάμενοι
3041 2279 3131 2333 τὸν
3186 2276 3410 2350 θώρακα
3469 2277 3571 2348 τῆς
3629 2279 3704 2331 δι-

2137 2363 2448 2434 καιοσύνης,
2475 2365 2568 2418 καὶ
2603 2366 2999 2441 ὑποδησάμενοι
3031 2369 3158 2433 τοὺς
3208 2370 3375 2434 πόδας
3397 2369 3456 2422 ἐν
3485 2371 3704 2440 ἐτοιμα-

2139 2452 2229 2523 σία
2256 2452 2350 2506 τοῦ
2373 2452 2699 2522 Εὐαγγελίου
2750 2456 2849 2527 τῆς
2898 2458 3142 2529 εἰρήνης,
3201 2459 3294 2512 ἐπὶ
3325 2460 3488 2512 πᾶσιν
3517 2460 3705 2514 ἀναλα-

2136 2542 2322 2606 ϐόντες
2364 2542 2455 2601 τὸν
2504 2543 2696 2616 θυρεὸν
2746 2546 2844 2617 τῆς
2878 2547 3143 2613 πίστεως,
3197 2549 3254 2603 ἐν
3316 2542 3360 2617 ᾧ
3411 2549 3704 2623 δυνήσεσθε

2136 2627 2313 2682 πάντα
2337 2629 2403 2683 τὰ
2424 2630 2551 2701 βέλη
2582 2630 2674 2691 τοῦ
2700 2634 2938 2705 πονηροῦ
2972 2635 3040 2689 τὰ
3064 2638 3433 2709 πεπυρωμένα
3461 2638 3709 2693 σϐέσαι.)

2134 2719 2412 2791 Χιλίαρχοι
2441 2721 2505 2793 δὴ
2556 2718 2669 2788 οὖν,
2728 2725 2821 2778 καὶ
2860 2726 3004 2796 μάλα
3062 2729 3307 2797 εἰκότως,
3347 2732 3395 2785 οἰ
3426 2731 3703 2786 θεσπέσιοι

2139 2810 2397 2882 μαθηταὶ,
2425 2833 2444 2868 ι
2472 2815 2536 2868 Οἳ
2566 2816 2662 2871 καὶ
2709 2815 2913 2888 ἐροῦσι,
2940 2820 3125 2892 φησὶν,
3181 2825 3238 2877 ἐν
3298 2825 3417 2888 ταῖς
3455 2825 3717 2895 καρδίαις

2133 2902 2329 2979 αὐτῶν·
2361 2904 2681 2977 Εὑρὴσομεν
2707 2908 2915 2973 ἑαυτοῖς
2939 2910 3065 2975 τοὺς
3094 2915 3479 2979 κατοικοῦντας
3511 2918 3571 2970 ἐν
3609 2918 3709 2971 'ls-

2136 2993 2437 3064 ρουσαλήμ.
2481 3013 2502 3048 ι
2549 2996 2885 3069 Ἐπεθύμουν
2920 3000 3019 3070 μέν
3046 3002 3154 3074 γὰρ
3178 3005 3226 3059 οἰ
3267 3005 3541 3059 θεσπέσιοι
3596 3024 3703 3077 μαι

2135 3081 2295 3153 θηται
2320 3082 2417 3153 τὴν
2445 3084 2606 3152 ἁγίαν
2664 3085 2831 3151 ὄντως
2865 3088 3236 3164 Ἰερουσαλὴμ,
3294 3096 3560 3163 τουτέστι,
3607 3095 3707 3167 τὴν

2148 3171 2472 3259 Ἐκκλησίαν
2523 3179 2951 3250 μεμεστωμὲνην
3000 3182 3227 3253 ὁρᾶσθαι
3280 3188 3702 3259 προσκυνητιῖΝ,

2134 3263 2228 3317 καὶ
2256 3258 2345 3318 οἷά
2367 3281 2489 3318 τινα
2518 3266 2671 3322 πόλιν
2695 3274 2965 3344 περιφανῆ
2997 3274 3199 3343 πληθύῖ
3222 3276 3331 3331 τῶν
3346 3258 3708 3334 ἐνοικούντων

2134 3350 2303 3423 αὐτὴν
2339 3346 2399 3406 εὖ
2433 3353 2577 3423 μάλα
2635 3360 3151 3430 κατασεμνύνεσθαιι
3179 3366 3295 3419 Καὶ
3343 3368 3473 3436 γοῦν
3516 3370 3706 3442 διεκή-

2138 3459 2324 3514 ρυττον
2346 3443 2445 3515 τὴν
2475 3446 2675 3515 πίστιν,
2702 3449 3175 3531 εὐαγγελιζόμενοι
3214 3455 3305 3510 τὸν
3344 3457 3573 3527 Ἰησοῦν,
3604 3478 3704 3531 ση-
3746 3448 3749 3451 Δ

2137 3532 2308 3605 μείοις
2339 3552 2397 3589 τε
2435 3537 2527 3591 καί
2547 3538 2771 3611 τέρασιν
2809 3542 3298 3615 ἐπισφραγίζοντες
3324 3550 3451 3615 τοὺς
3493 3551 3709 3605 ἑαυτῶν

2132 3623 2340 3694 λόγους.
2376 3625 2521 3699 Πλὴν
2544 3628 2644 3682 οὐκ
2671 3629 2904 3685 ἔπειθον⁸
2939 3634 3215 3705 μεμένηκε
3241 3635 3347 3707 γὰρ
3381 3637 3707 3709 σκληρόςτε

2134 3717 2227 3771 καὶ
2246 3719 2527 3790 ἀκαμπὴς,
2567 3722 2660 3775 καὶ
2680 3717 2790 3776 οἷον
2815 3724 2979 3790 ἵππος
3013 3724 3239 3803 ἐξήνιος.
3271 3728 3453 3801 Ταύτῃ
3481 3747 3567 3784 τοι
3590 3731 3706 3785 λοι-

2134 3808 2233 3864 πὸν
2289 3808 2513 3883 ἐζήτουν
2542 3813 2756 3878 ἑαυτοῖς
2798 3815 2923 3880 τοὺς
2976 3818 3362 3885 κατοικοῦντας
3396 3822 3495 3893 τὴν
3539 3824 3711 3893 ἁγίαν

2133 3899 2285 3955 πόλιν
2317 3919 2335 3954 ι
2371 3902 2430 3958 ὲν
2462 3903 2653 3976 Κυρίῳ
2681 3908 3080 3980 παντοκράτορι
3129 3910 3247 3979 Θεῷ
3274 3913 3471 3980 αὐτῶν,
3512 3933 3532 3967 ι
3575 3932 3707 3970 του-

2132 3991 2280 4045 τέστι
2325 3994 2385 4046 ἐν
2415 3993 2654 4065 Χριστῷ.
2709 3996 2819 4053 Καὶ
2864 3996 2929 4068 δὴ
2982 3999 3075 4052 καὶ
3122 4000 3419 4071 ἐτράποντο
3454 4005 3596 4075 πρὸς
3640 4008 3722 4063 τὰς

2133 4080 2282 4152 ἔθνη,
2319 4084 2432 4146 τοῖς
2480 4085 2742 4143 Ἰουδαίων
2761 4086 2953 4159 δήμοις
2990 4089 3454 4164 ἐπιφωνήσαντες·
3487 4112 3507 4145 ι
3544 4096 3723 4166 Ὑμῖν.

2131 4166 2199 4243 ἦν
2229 4173 2524 4240 ἀναγκαῖον
2549 4176 2765 4247 πρῶτον
2792 4177 3088 4251 λαληθῆναι
3124 4182 3214 4237 τὸν
3236 4183 3392 4254 λόγον
3411 4184 3508 4239 τοῦ
3541 4188 3709 4247 Θεοῦ.

2145 4261 2362 4335 Ἐπειδὴ
2387 4264 2445 4318 δέ
2468 4265 2770 4322 ἀπωθεῖσθε
2809 4270 2991 4338 αὑτὸν,
3039 4273 3133 4327 καὶ
3164 4274 3264 4329 οὐκ
3287 4264 3468 4342 ἀξίους
3488 4278 3711 4348 κρίνετε

2133 4352 2361 4417 ἑαυτοὺς
2375 4354 2474 4424 τῆς
2501 4356 2718 4410 αἰωνίου
2751 4357 2894 4429 ζωῆς
2918 4401 2932 4426 ,
2978 4362 3087 4416 ἰδοὺ
3136 4366 3479 4438 στρεφόμεθα
3507 4371 3593 4432 εἰς
3639 4370 3715 4423 τὰ

468 4452 522 4498 et
545 4442 695 4498 aiunt
740 4453 943 4500 sancta
984 4442 1238 4500 civitati:
1276 4460 1311 4495 ι
1352 4443 1525 4499 Dilata
1575 4442 1753 4499 locum
1815 4443 2032 4500 tentorii

2138 4446 2285 4518 ἐθνηο
2311 4446 2454 4501 οὕτω
2480 4448 2589 4520 γὰρ
2608 4451 2738 4521 ἡμῖν
2788 4451 3098 4509 ἐντέταλται
3135 4457 3163 4508 ὁ
3212 4457 3362 4525 Θεός.
3395 4477 3413 4510 ι
3461 4459 3726 4514 Ἐκεῖθεν

469 4532 566 4600 ιυῐ,
595 4541 649 4588 et
678 4532 1141 4590 tabernaculorum
1199 4543 1431 4589 tuorum.
1488 4533 1640 4610 Fige,
1707 4549 1776 4591 ne
1819 4549 2030 4605 parcas.

466 4618 735 4677 Protendo
780 4620 1049 4679 iuniculos
1086 4632 1209 4681 tuos
1276 4631 1330 4678 et
1368 4623 1552 4678 clavos
1604 4632 1746 4689 tuos,
1787 4624 2031 4680 conforta

465 4715 645 4771 adhuc
672 4716 725 4770 in
749 4716 978 4782 dextris,
999 4725 1056 4772 et
1077 4716 1129 4770 in
1152 4716 1369 4771 sinistra
1394 4718 1625 4771 extende
1650 4716 1715 4771 '°.
1747 4716 1882 4770 rllla
1904 4731 2032 4772 vero

467 4803 808 4860 multitudine
836 4805 1133 4861 incolarum
1157 4818 1377 4859 suorum
1428 4805 1683 4871 exsultat,
1772 4815 1826 4861 et
1875 4807 2032 4876 quasi

468 4894 745 4953 admirans
774 4912 996 4952 suorum
1038 4897 1268 4952 ﬁliorum
1311 4895 1696 4967 frequentiam,
1720 4899 1834 4953 ait:
1858 4902 1884 4949 ι
1915 4898 2028 4966 Ego

468 4993 647 5041 autem
692 4987 810 5042 sine
840 4987 984 5052 ﬁliis,
1018 4995 1074 5042 et
1101 4986 1304 5054 vidua;
1342 4988 1476 5043 istos
1496 5004 1628 5044 vero
1675 4989 1805 5057 quis
1844 4990 2030 5059 genuit

468 5077 639 5132 mihi?
667 5079 754 5134 isti
782 5087 962 5134 autem
985 5078 1074 5134 ubi
1110 5078 1239 5133 mihi
1263 5089 1417 5133 erant
1442 5079 1483 5111 ⁶¹
1506 5080 1531 5133 ?
1558 5098 1577 5133 ι

2133 4539 2406 4611 ἐζήτησαν
2456 4541 2583 4603 τοὺς
2626 4542 2726 4613 τῆς
2786 4543 3109 4617 Ἐκκλησίας
3156 4548 3397 4615 πολίτας,
3431 4543 3499 4621 ἦς
3559 4552 3716 4605 καὶὸ

2134 4630 2420 4696 θεσπέσιος
2449 4632 2611 4688 Δαόἰδ
2639 4634 3024 4706 διαμέμνηται,
3054 4638 3243 4708 λέγων’
3283 4658 3302 4691 ι
3329 4641 3716 4713 Δεδοξασμὲνα

2134 4722 2367 4793 ἐλαλήθη
2390 4724 2519 4797 περὶ
2544 4724 2657 4790 σοῦ,
2690 4728 2725 4798 ἡ
2776 4728 2930 4792 πόλις
2969 4728 3062 4783 τοῦ
3088 4732 3241 4786 Θεοῦ.
3279 4751 3298 4784 ι
3361 4735 3718 4805 Ζητήσαντες

2132 4812 2189 4866 δὲ
2218 4814 2645 4884 πεπλουτήκασι,
2666 4819 3021 4888 συνεκόμισαν
3035 4838 3093 4873 τε
3113 4822 3320 4893 πληθὺν
3348 4824 3445 4896 τὴν
3467 4826 3713 4896 ἀριθμοῦ

2134 4903 2435 4973 κρείττονα.
2468 4906 2578 4957 Καὶ
2631 4906 2695 4979 δὴ
2731 4909 2824 4962 καί
2855 4926 2985 4979 φασι
3032 4913 3099 4981 τῇ
3131 4912 3260 4983 ἁγία
3300 4914 3472 4967 πόλειο
3507 4935 3525 4965 ι
3565 4916 3719 4971 Πλά-

2136 5011 2290 5047 τυνον
2316 4994 2409 5047 τὸν
2457 4995 2618 5049 τόπον
2671 4999 2768 5068 τῆς
2822 5002 3023 5071 σκηνῆς
3066 5020 3181 5069 σου,
3222 5005 3313 5059 καὶ
3334 5005 3442 5058 τῶν
3465 5006 3717 5060 αὑλαιῶν

2139 5100 2254 5139 σου.
2289 5084 2487 5153 Πῆξον,
2535 5086 2608 5157 μὴ
2655 5087 2833 5160 φείσῃ.
2882 5091 3172 5162 Μάκρυνον
3218 5093 3286 5146 τὰ
3348 5096 3717 5166 σχοινίσματὰ

468 5186 583 5238 σου,
619 5170 711 5223 καὶ
747 5170 871 5233 τοὺς
901 5169 1207 5233 πασσάλους
1237 5180 1350 5237 σου,
1382 5170 1702 5242 κατίσχυσον
1728 5172 1805 5223 ἔτι
1836 5172 1913 5235 εἰς
1938 5174 2003 5227 τὰ
2028 5173 2196 5241 δεξιὰ,
2229 5177 2320 5231 καὶ
2351 5179 2428 5242 εἰς
2451 5177 2516 5230 τὰ
2542 5178 2800 5249 ἀριστερὰ
2827 5182 3175 5236 ἐκπέτασον.»
3222 5183 3285 5236 Ἦ
3312 5183 3368 5237 δὲ
3392 5184 3470 5254 τῷ
3510 5187 3717 5259 πλήθει

466 5262 578 5315 τῶν
628 5260 1022 5314 κατοικούντων
1061 5260 1230 5332 αὐτὴν
1271 5263 1644 5332 ἐπιγάννυται,
1672 5264 1855 5335 ’μόνον
1892 5265 1947 5319 δὲ
1991 5268 2111 5337 οὐχὶ
2149 5268 2643 5338 καταθαυμάζουσα
2684 5270 2793 5324 τῶν
2835 5272 2979 5325 ίδίων
3029 5273 3233 5330 τέκνων
3272 5276 3367 5345 τὴν
3401 5278 3715 5351 ὁμήγυριν,

466 5352 628 5426 φησίν
653 5370 665 5383 ·
703 5371 723 5403 ι
761 5352 900 5420 Ἐγὼ
927 5353 982 5405 δέ
1005 5354 1248 5422 ἄτεκνος,
1303 5357 1395 5410 καί
1449 5358 1612 5429 χήραν
1648 5358 1868 5424 τούτους
1911 5359 1967 5412 δὲ
1999 5361 2081 5424 τίς
2110 5361 2365 5432 ἐγέννησέ
2395 5380 2505 5433 μοι;
2540 5355 2685 5415 οὗτοι
2716 5364 2771 5416 δέ
2813 5383 2900 5436 μοι
2926 5364 3230 5439 ποῦ’ῆσαν;
3274 5388 3291 5420 ι

539 5447 702 5501 Vens.
729 5448 781 5502 6.
816 5446 881 5500 In
902 5448 987 5503 die
1033 5449 1127 5504 illa
1170 5468 1361 5520 ponam
1415 5452 1650 5507 tribunos
1692 5454 1837 5509 Iuda
1884 5456 2020 5509 sicut

536 5642 581 5669 ³⁸
612 5638 749 5694 Psal.
784 5657 904 5706 va,
937 5644 988 5698 8.

1105 5648 1148 5679 ⁵⁷
1182 5647 1375 5718 Ephes.
1405 5666 1472 5717 vn,
1513 5651 1691 5705 lii-18.

539 5709 577 5739 ‘“
610 5707 711 5765 lsa.
744 5728 886 5772 χιιι,
915 5715 1002 5769 ‘21.

1800 5652 1845 5683 ⁸⁸
1876 5653 1997 5706 Act.
2037 5666 2153 5714 xm,
2188 5651 2273 5719 46,
2310 5651 2394 5706 47.

2215 5455 2415 5555 Ἐνιτῇ
2448 5454 2635 5526 ἡμέρᾳ
2664 5457 3154 5529 ἐκείνηθήσομαι
3180 5464 3319 5529 τοὺς
3350 5465 3717 5535 χιλιάρχους

2535 5656 2579 5687 δθ
2610 5654 2751 5712 Psal.
2784 5673 2997 5726 Luxu,
3035 5660 3085 5712 ’5.
3196 5661 3239 5692 ⁶⁰
3270 5662 3369 5717 lsa.
3408 5678 3514 5729 ων,
3545 5664 3610 5733 2,
3658 5668 3715 5720 ὗ.
