3934 6318
213 244 319 299 ’ἱιὸ

1041 238 1588 297 COMMENTARIUS
1631 241 1694 296 IN
1738 233 2145 294 ZACIIARIAM
2184 232 2629 291 PROPIIETAM.

3380 237 3485 293 2M

231 360 423 417 Ἰούδα
453 360 536 426 ὡς
576 359 766 414 δειλὸν
803 361 992 429 πυρὸς
1022 359 1090 413 ἐν
1131 361 1361 428 ξύλοις,
1398 364 1502 436 καὶ
1539 363 1616 430 ὡς
1652 366 1799 431 λαμ-

1914 367 2096 410 torrem
2129 357 2260 426 ignis
2295 356 2349 407 in
2381 354 2560 422 lignis,
2616 361 2662 405 el
2709 352 2840 404 sicut
2889 349 3185 420 lampadem
3249 353 3382 421 ignis
3432 359 3484 410 in

226 451 379 507 πόδα
443 451 640 518 πυρός
701 450 769 503 ἐν
849 449 1123 519 καλάμῃ,
1217 452 1661 524 καταφάγονται
1737 453 1803 504 ἐκ

225 544 432 609 δεξιῶν
487 543 588 596 καὶ
638 541 706 607 ἐξ
758 543 1078 612 εὐωνύμων
1147 543 1379 609 πάντας
1435 544 1574 611 τοὺς
1616 543 1804 610 λαοὺς

227 635 539 690 κυκλόθεν.

292 731 362 794 ιί.
403 727 737 797 Χιλιάρχους
759 725 858 797 μὲν
893 726 1080 792 Ἰούδα,
1113 727 1366 800 καθάπερ
1388 729 1486 800 ἤδη
1523 731 1803 798 προεῖπον,

226 818 347 882 τοὺς
381 817 571 886 ἁγίους
609 818 962 882 ἀποστόλους,
1000 819 1032 889 ἢ
1065 820 1157 872 καὶ
1184 821 1429 885 ἅπαντας
1461 821 1647 885 ἁπλῶς
1680 823 1804 886 τοὺς

222 911 329 967 τῶν
362 910 533 979 ἁγίων
583 911 920 982 Ἐκκλησιῶν
959 913 1298 983 ἡγουμένους
1352 913 1634 969 ἀποκαλεῖ.
1668 915 1808 967 Κατ·

220 1003 616 1075 ευμεγεθήσειν
659 1021 716 1056 τε
765 1003 908 1057 οὕτω
945 1007 1040 1075 τῆς
1084 1005 1192 1060 τῶν
1241 1006 1409 1061 ἐθνῶν
1461 1006 1686 1078 καρδίας
1716 1007 1806 1061 τὸν

222 1095 350 1166 παρτ
379 1095 561 1149 αὐτῶν
589 1095 693 1166 ἔφη
725 1095 902 1163 λόγον,
936 1097 1104 1166 ἤγουν
1151 1098 1247 1169 τὴν
1293 1099 1700 1170 μυσταγωῨίαν,
1729 1102 1805 1166 ὼς

217 1185 395 1240 δοκεῖν
425 1187 584 1239 δαλὸν
616 1187 713 1257 μὲν
749 1185 928 1250 ξύλοις
967 1189 1410 1256 ἐμπεπτωκέναι,
1439 1191 1700 1262 λαμπάδα
1743 1210 1804 1260 γε

221 1277 330 1348 μὴν
371 1279 454 1340 εὶς
499 1279 752 1349 καλάμην
797 1278 897 1350 τὴν
942 1279 1411 1352 εὐκατάπρηστον.
1472 1303 1490 1334 ι
1543 1285 1804 1352 Καταφὰ-

218 1386 407 1436 γονται
435 1369 565 1440 γὰρ,
595 1369 751 1440 φησι,
783 1370 1000 1442 πάντας,
1023 1373 1149 1433 τοὺς
1182 1371 1342 1437 λαοὺς
1379 1375 1444 1426 ἐκ
1488 1373 1680 1439 δεξιῶν
1713 1376 1804 1428 καὶ

218 1459 277 1524 ἐξ
308 1459 607 1530 εὐωνύμων
658 1461 940 1541 κυκλόθεν,
978 1481 995 1513 I
1028 1463 1302 1517 τουτέστιν
1348 1457 1519 1536 οὗπερ
1551 1466 1616 1521 ἀν
1669 1465 1804 1521 ἱέναι

219 1549 537 1619 βούλωνται,
572 1550 751 1622 πάντη
795 1568 854 1605 τε
907 1552 1002 1605 καὶ
1052 1553 1268 1616 πάντως
1321 1556 1436 1606 ἐκεῖ
1465 1554 1800 1625 δυνήσονται,

219 1641 510 1705 καλοῦντες
541 1643 622 1707 εἰς
655 1643 930 1714 αἴσθησιν,
965 1645 1078 1712 καὶ,
1109 1641 1220 1700 οἷον
1264 1648 1397 1718 πυρὶ
1430 1647 1506 1718 τῷ
1552 1648 1681 1719 θείῳ
1713 1649 1804 1702 καὶ

215 1732 414 1804 νοητῷ,
443 1734 888 1799 καταθάλποντες
934 1738 1060 1801 τοὺς
1089 1738 1532 1810 ἀπεψυγμένους.
1578 1742 1723 1810 Ἔφη
1753 1759 1804 1794 τι

216 1826 456 1880 τοιοῦτον
498 1829 527 1881 6
573 1827 683 1882 τῶν
729 1829 867 1883 ὅλων
894 1829 1046 1896 Θεὸς,
1081 1832 1176 1885 καὶ
1226 1831 1362 1901 πρὸς
1393 1831 1484 1884 τὸν
1537 1833 1806 1904 μακάριον

217 1921 508 1991 προφήτην
542 1920 809 1993 Ἱερεμίαν
830 1939 842 1952 ·
877 1940 896 1975 ι
941 1924 1069 1977 Ἰδοὺ
1092 1923 1303 1976 δέδωκα
1333 1924 1459 1985 τοὺς
1488 1923 1679 1993 λόγους
1703 1941 1804 1994 μου

215 2014 290 2074 εὶς
312 2011 374 2064 τὸ
410 2012 590 2082 στόμα
621 2030 714 2068 σου
744 2013 874 2084 πῦρ,
910 2014 1003 2068 καὶ
1039 2015 1130 2068 τὸν
1156 2014 1281 2068 λαὸν
1307 2014 1496 2068 τοῦτον
1531 2015 1682 2082 ξύλα,
1714 2017 1806 2068 καὶ

217 2103 597 2171 καταφάγεται
643 2105 859 2168 αὐτοὺς,
897 2124 916 2158 I
955 2106 1076 2160 ἀντὶ
1110 2107 1228 2174 τοῦ,
1261 2107 1495 2162 Καλέσει
1538 2107 1673 2177 πρὸς
1722 2107 1807 2161 αῖ-

219 2193 436 2265 σθησιν,
494 2197 590 2250 καὶ
622 2199 1047 2270 ἀπεψυγμένους
1099 2201 1178 2265 εἰς
1225 2201 1524 2271 ἁμαρτίαν,
1567 2200 1806 2270 θερμοὺς

216 2288 276 2357 δὴ
323 2290 493 2344 πάλιν
533 2292 853 2346 ἀποτελέσει
890 2292 968 2363 τῷ
998 2293 1292 2364 πνεύματι.
1343 2294 1679 2363 ’Δπέψυκται
1709 2295 1805 2364 μὲν

218 2382 320 2452 γὰρ
365 2384 400 2453 ἡ
446 2381 559 2436 τῶν
605 2385 974 2455 πλανωμένων
1008 2385 1226 2455 καρδία,
1277 2386 1370 2439 καὶ
1399 2385 1589 2454 νεκρὸν
1625 2384 1805 2454 έχουσι

219 2477 303 2528 τὸν
354 2475 504 2538 νοῦν,
560 2474 995 2546 προσκυνοῦντες
1036 2480 1102 2548 τῇ
1152 2476 1326 2531 κτίσει
1380 2475 1534 2546 παρὰ
1569 2475 1663 2529 τὸν
1694 2475 1806 2530 κτί-

222 2583 385 2620 σαντα
431 2566 602 2631 Θεὸν,
653 2568 822 2631 λίθοις
875 2585 935 2621 τε
979 2569 1073 2622 καὶ
1129 2568 1306 2634 ξύλοις
1353 2567 1699 2630 ἀνατιθέντες
1745 2568 1806 2621 τὸ

221 2657 400 2720 σέϐας.
445 2658 588 2711 Ἀλλ’
616 2659 672 2711 οῖ
716 2674 779 2727 γε
812 2660 1006 2730 τοιοίδε
1033 2658 1269 2726 ζέοντες,
1311 2659 1386 2722 ὡς
1417 2659 1573 2728 ἔφην,
1610 2660 1798 2712 ἀποτε-

221 2749 436 2804 λοῦνται
464 2747 544 2820 τῷ
573 2751 867 2821 πνεύματι,
917 2751 1109 2821 θερμοὶ
1144 2752 1279 2822 πρὸς
1315 2749 1682 2822 δικαιοσύνην,
1714 2752 1807 2804 mi.

222 2841 360 2896 καθά
401 2858 570 2912 φησιν
598 2843 627 2894 6
656 2843 938 2908 θεσπέσιος
977 2844 1252 2915 Ἰωάννης,
1284 2863 1302 2896 ι
1333 2843 1611 2914 Πνεύματι
1643 2845 1802 2915 ἁγίῳ,

221 2935 308 2988 καὶ
346 2935 485 3005 πυρὶ
530 2934 609 3004 τῷ
658 2935 834 3006 νοητῷ
882 2935 1256 3005 βαπτίζονται,
1315 2955 1334 2988 I
1387 2935 1637 3007 καθάπερ
1686 2937 1808 2990 τινὰ

222 3023 487 3093 συρφετὸν
528 3021 774 3093 δαπανᾷν
819 3023 1052 3090 εἰωθότι,
1091 3023 1190 3094 τὴν
1222 3026 1343 3087 ταῖς
1380 3024 1674 3095 ἡμετέραις
1701 3024 1804 3094 ψυ-
1833 3053 1878 3117 C

222 3116 333 3182 χαῖς
357 3113 695 3184 ὲνιζήσασαν
735 3115 1029 3186 ἁμαρτίαν,
1059 3115 1154 3170 καὶ
1176 3115 1301 3180 τοὺς
1321 3116 1422 3187 τῆς
1453 3118 1807 3191 φιλοσαρκίας

222 3206 510 3276 ἑκτήκοντι
566 3207 794 3276 ῥύπους.
854 3206 1084 3278 Εἴρηται
1137 3207 1268 3276 γοῦν
1329 3210 1423 3262 καὶ
1473 3210 1560 3264 διὰ
1623 3211 1807 3282 φωνῆς

233 3296 484 3352 Ἡσαΐουο
531 3301 748 3370 «Ἔχεις
770 3299 1050 3371 ἄνθρακας
1089 3301 1278 3372 πυρὸς,
1314 3301 1549 3374 κάθησαι
1579 3303 1665 3356 ἐπ’
1693 3304 1794 3357 αὑ-

221 3393 378 3456 τοὺς,
439 3385 589 3445 οὗτοι
637 3390 852 3444 ἔσονταί
913 3407 997 3445 σοι
1058 3391 1263 3462 βοηθοι.
1323 3411 1341 3444 ι
1397 3394 1508 3447 Καὶ
1560 3396 1668 3466 μὴν
1714 3395 1808 3448 καὶ

223 3482 379 3544 αὐτὸς
395 3481 529 3551 περὶ
545 3482 740 3534 ἑαυτοῦ
780 3497 945 3552 φησι·
987 3500 1004 3534 ι
1046 3484 1155 3536 Καὶ
1183 3484 1463 3554 ἀπεστάλη
1490 3486 1626 3556 πρός
1653 3504 1720 3556 με
1751 3487 1808 3540 ἓν

224 3575 322 3626 τῶν
360 3575 639 3645 Σεραφὶμ,
683 3575 776 3628 καὶ
802 3577 858 3628 ὲν
883 3578 948 3646 τῇ
985 3575 1127 3646 χειρὶ
1159 3573 1302 3647 εἶχεν
1330 3577 1578 3648 ἄνθρακα
1614 3581 1804 3650 πυρὸς,

223 3665 277 3716 ὃν
297 3669 363 3735 τῇ
394 3663 573 3718 λαὸίδι
603 3665 793 3720 ἔλαϐεν
820 3665 928 3720 ἀπὸ
952 3665 1047 3719 τοῦ
1083 3666 1491 3739 θυσιαστηρίου,
1517 3671 1610 3723 καὶ
1635 3671 1809 3740 ἥψατο

224 3758 312 3812 τοῦ
344 3757 616 3828 στόματός
649 3773 772 3827 μου,
808 3759 901 3811 καὶ
933 3754 1086 3811 εἶπεν
1106 3774 1118 3786 ⁸
1165 3759 1295 3813 Ἰδοὺ
1323 3759 1479 3813 τοῦτο
1504 3761 1680 3830 ἥψατο
1700 3763 1807 3817 τῶν

229 3849 446 3919 χειλέων
497 3863 614 3916 σου,
651 3850 747 3902 καὶ
794 3849 986 3918 ἀφελεῖ
1017 3849 1116 3914 τὰς
1167 3851 1396 3921 ἀνομίας
1435 3869 1548 3915 σου,
1579 3855 1672 3906 καὶ
1708 3854 1808 3919 τὰς

226 3939 502 4009 ἁμαρτίας
537 3955 633 3992 σου
669 3940 802 4008 πυρὶ
835 3940 1104 4013 καθαριεῖ,
1177 3957 1200 3994 ι
1235 3942 1484 4013 ἄνθρακά
1517 3961 1641 4010 που,
1669 3945 1811 4000 κατά

228 4049 286 4098 γε
313 4032 375 4084 τὸ
409 4031 581 4095 εἰκὸς,
625 4032 718 4085 τὸν
753 4031 897 4085 θεῖόν
932 4049 994 4085 τε
1028 4033 1124 4087 καὶ
1161 4033 1472 4104 ἱερώτατον,
1503 4035 1599 4088 καὶ
1631 4036 1810 4107 ἀμαρ-

226 4125 340 4188 τίας
368 4124 677 4194 ἐκτήκοντα
723 4123 958 4194 Χριστὸν
988 4121 1130 4178 εἶναι
1178 4125 1372 4194 λέγων.
1405 4126 1614 4180 Οὐκοῦν
1652 4127 1810 4196 γεγό-

229 4232 344 4266 νασι
395 4215 497 4284 μὲν
536 4215 615 4278 ὡς
643 4215 800 4279 δαλὸς
834 4217 1006 4288 πυρὸς
1042 4218 1122 4280 εἰς
1167 4219 1420 4288 καλάμην
1456 4221 1506 4272 οἱ
1535 4217 1810 4274 θεσπέσιοι

233 4308 487 4378 μαθηταὶ,
517 4308 615 4362 καὶ
639 4305 948 4378 κατέφαγον
973 4310 1074 4382 μὲν
1101 4310 1170 4364 τὰ
1199 4311 1327 4380 ἔθνη
1359 4311 1639 4366 κυκλόθεν.
1665 4312 1810 4384 Πλὴν

1906 445 2120 512 stipula,
2154 456 2198 498 et
2228 443 2549 498 deuorabuut
2581 460 2610 495 ιι
2651 441 2847 495 (lustris
2901 452 2946 494 et
2977 459 3005 494 ιι
3031 441 3257 495 sinistris
3313 460 3486 497 omnes

1906 537 2124 608 populos
2159 553 2249 606 per
2279 535 2580 592 circuitum.

1980 709 2090 766 XC.
2128 708 2401 766 Tribunos
2430 707 2590 776 Juda,
2625 715 2683 762 ut
2715 718 2839 763 ante
2876 709 3055 774 docui,
3100 719 3315 764 sanctos
3361 727 3489 777 apo-

1908 804 2222 870 stolos,'~ant
2252 804 2420 859 etiam
2448 817 2640 856 omnes
2671 800 2995 870 simpliciter
3038 810 3346 856 sanctarum
3385 803 3485 856 Ec—

1911 895 2197 951 clesiarum
2235 895 2553 966 praepositos
2583 894 2845 949 nominat.
2887 893 3035 947 Adeo
3061 905 3241 949 autem
3275 910 3489 951 εει-ωσι

1911 1002 2052 1053 nem,
2079 989 2191 1042 sive
2213 1003 2424 1043 sacram
2457 986 2758 1042 doctrinam
2798 984 3036 1054 ipsorum
3086 987 3356 1042 mentibus
3386 989 3488 1040 im-

1909 1085 2213 1148 peraturam
2235 1077 2485 1144 alIirmat,
2520 1088 2575 1130 ut
2599 1077 2759 1131 torris
2776 1078 2827 1131 in
2850 1076 3014 1146 ligna,
3032 1088 3118 1130 aut
3147 1077 3229 1130 fax
3248 1080 3300 1131 in
3322 1081 3492 1148 stipu-

1911 1171 2013 1224 lam
2050 1185 2170 1240 qua:
2194 1170 2448 1226 facillime
2467 1172 2640 1240 ignem
2661 1169 2916 1240 concipit,
2940 1170 3193 1225 incidisse
3218 1173 3486 1229 videatur.

1915 1283 1932 1316 ι
1977 1263 2504 1328 Devorabuntenim,
2527 1263 2720 1332 inquit,
2744 1278 2935 1318 omnes
2955 1263 3183 1333 pepulos
3207 1279 3234 1315 a
3261 1266 3488 1328 dextris,

1908 1364 1961 1408 et
1990 1372 2017 1408 a
2045 1356 2282 1410 sinistris
2317 1357 2368 1410 in
2400 1355 2656 1420 circuitu,
2697 1374 2713 1407 ι
2761 1356 2863 1410 hoc
2894 1363 3001 1420 est,
3046 1370 3367 1425 quocunque
3413 1358 3491 1411 ire

1909 1449 2198 1516 voluerint,
2251 1449 2356 1503 illic
2393 1449 2720 1503 omnimodis
2770 1449 3046 1513 valebunt,
3113 1459 3369 1502 vocantes
3424 1450 3489 1500 ad

1911 1541 2263 1610 agnitionem,
2293 1549 2346 1595 et
2373 1549 2631 1610 tanquam
2665 1540 2775 1609 igni
2810 1540 2994 1594 divino
3032 1549 3085 1594 ct
3141 1540 3486 1593 intellectuali

1911 1633 2132 1703 frigidos
2167 1632 2568 1688 Calefacientes.
2612 1633 2757 1690 Dixit
2790 1633 3046 1701 quiddam
3082 1633 3346 1702 ejusmodi
3404 1643 3484 1685 to-

1840 1721 1878 1772 Β
1911 1724 2016 1778 tius
2051 1733 2257 1779 natura:
2294 1725 2433 1780 Deus
2468 1726 2636 1780 etiam
2677 1727 2836 1780 beato
2864 1727 3143 1795 propheta:
3189 1726 3441 1782 Jeremiac
3475 1746 3484 1780 :

1915 1834 1933 1865 ι
1975 1815 2114 1871 Ecce
2138 1816 2260 1871 dedi
2293 1817 2453 1872 verba
2503 1833 2618 1872 mea
2645 1819 2698 1872 in
2732 1833 2794 1874 os
2827 1827 2975 1873 tuum
3012 1821 3210 1889 ignem,
3242 1828 3491 1889 ct-popu-

1909 1905 2018 1960 lum
2047 1908 2205 1962 istum
2232 1907 2398 1979 ligna,
2427 1919 2481 1965 et
2503 1910 2786 1964 devorabit
2813 1926 2905 1965 eos
2933 1913 2997 1977 θ’,
3046 1930 3064 1963 I
3105 1928 3221 1981 pro,
3274 1913 3489 1968 vocabit

1908 1997 1972 2048 ad
2002 1999 2362 2067 agnitionem,
2405 1998 2794 2070 etfrigefactos
2845 2001 2896 2055 in
2953 2013 3234 2070 peccatum
3295 2005 3489 2058 iterum

1909 2088 2098 2156 Spil‘ilu
2129 2089 2430 2145 calefaciet.
2467 2093 2629 2163 Alget
2672 2095 2816 2147 enim
2884 2095 3189 2148 errantium
3260 2110 3376 2159 cor,
3436 2107 3490 2151 et

1910 2191 2177 2236 mortuam
2212 2183 2414 2239 habent
2447 2193 2702 2249 mentem,
2749 2195 3057 2242 creaturam
3113 2189 3291 2255 potius
3325 2202 3485 2256 quam

1909 2286 2215 2330 creatorem
2289 2276 2455 2330 Deum
2522 2278 2933 2345 adorantes",
2996 2279 3378 2349 lapidibusque
3435 2291 3490 2333 ct

1911 2368 2071 2439 lignis
2101 2354 2342 2426 divinum
2381 2371 2580 2424 cultum
2613 2373 2935 2427 tribuentes.
2963 2371 3065 2427 Sed
3094 2374 3248 2437 tales,
3273 2383 3326 2428 ut
3355 2373 3487 2434 dixi.

1910 2463 2182 2518 ferventes
2209 2465 2402 2532 spiritu
2431 2464 2732 2519 elliciuntur
2755 2466 2821 2530 ⁵⁵⁵,
2851 2466 3090 2521 calentes
3109 2468 3174 2518 ad
3198 2467 3485 2534 justitiam,

1907 2565 1984 2619 et,
2025 2565 2084 2610 ut
2111 2555 2284 2626 inquit
2312 2556 2527 2612 divinus
2555 2556 2814 2622 Joannes,
2869 2575 2888 2609 ι
2922 2559 3124 2626 Spiritu
3173 2569 3384 2624 sancto,
3437 2572 3490 2615 et

1908 2644 2032 2712 igne
2051 2646 2313 2712 spirituali
2338 2646 2749 2716 baptizautur“,
2781 2667 2798 2699 I
2827 2648 2992 2717 778
3010 2649 3098 2717 qui
3121 2663 3218 2703 ceu
3239 2648 3486 2718 quisqui;—

1912 2740 2012 2794 llas
2037 2741 2300 2809 quasdam
2333 2744 2619 2798 animabus
2672 2745 2871 2798 nostris
2925 2746 3168 2801 insidens
3205 2755 3488 2814 peccatum

1908 2848 2255 2898 consumere,
2314 2843 2368 2888 ct
2417 2835 2604 2889 sordes
2654 2835 2993 2890 carnalitatis
3040 2852 3272 2893 exurere
3331 2839 3482 2893 solet.

1913 2925 2126 2982 Dictum
2159 2937 2241 2981 est
2293 2927 2457 2998 igitur
2502 2938 2557 2981 et
2607 2929 2675 2982 ab
2708 2928 2842 2983 Isaia
2878 2943 2894 2984 :
2933 2945 2954 2981 ι
2989 2929 3165 2985 [labes
3221 2934 3489 2989 car-hones

1913 3018 2073 3088 ignis,
2108 3020 2239 3075 sede
2264 3035 2429 3090 super
2444 3034 2556 3086 eos,
2586 3020 2637 3074 lii
2657 3030 2819 3074 erunt
2841 3021 2932 3075 tibi
2959 3021 3009 3075 iu
3037 3020 3484 3092 adjutorium“.»

1909 3112 2051 3178 Quin
2079 3112 2219 3167 idem
2248 3113 2314 3168 de
2343 3127 2403 3168 se
2433 3112 2551 3182 ipso
2578 3131 2591 3166 :
2631 3130 2649 3163 ι
2685 3113 2751 3167 Ει
2782 3114 2980 3169 missus
3009 3117 3186 3170 estad
3234 3133 3318 3172 me
3354 3133 3492 3171 unus

1911 3204 1976 3259 de
2007 3205 2319 3274 Serapbim,
2352 3205 2486 3261 etin
2519 3219 2694 3259 manu,
2716 3205 2952 3260 habebat
2985 3207 3276 3262 carbonem
3323 3210 3487 3280 ignis,

1909 3310 2070 3364 quem
2099 3295 2305 3367 forcipe
2337 3298 2458 3351 tulit
2493 3297 2560 3353 de
2587 3297 2766 3362 altari,
2803 3306 2857 3354 et
2891 3298 3066 3368 tetigit
3095 3313 3160 3354 os
3191 3315 3391 3366 meum,
3434 3313 3488 3355 et

1911 3388 2046 3442 dixit
2085 3405 2097 3442 :
2130 3387 2270 3445 Ecce
2311 3389 2489 3458 tetigit
2512 3390 2616 3445 hoc
2659 3389 2800 3444 labia
2831 3397 2942 3455 tua,
2975 3390 3261 3446 et‘auferet
3289 3392 3489 3461 iniqui-

1915 3490 2056 3536 tates
2085 3487 2227 3547 tuas,
2255 3490 2311 3536 et
2341 3491 2563 3551 peccata
2613 3489 2702 3536 tua
2732 3482 2839 3550 igni
2897 3482 3178 3536 mundabit
3207 3485 3274 3547 ⁸⁷,
3316 3505 3333 3536 I
3364 3499 3485 3538 car-

1913 3573 2126 3641 bouem,
2155 3583 2215 3628 ut
2236 3574 2532 3630 verisimile
2555 3581 2658 3638 est,
2675 3574 2941 3639 divinum,
2959 3583 3014 3629 et
3033 3576 3487 3640 sacratissimum,

1911 3674 1968 3718 et
2003 3676 2222 3734 peccata
2277 3676 2686 3721 consumentcm
2732 3665 2908 3735 ignem
2943 3665 3221 3721 Christum
3259 3682 3380 3719 esse
3411 3666 3492 3719 di-

1911 3767 2061 3809 cens.
2096 3757 2462 3821 Quamobrem
2489 3756 2654 3809 divini
2686 3755 2939 3822 discipttli
2974 3767 3030 3810 ut
3068 3757 3228 3810 torris
3266 3757 3406 3826 ignis
3437 3759 3490 3812 in

1911 3845 2109 3914 stipula
2139 3847 2379 3910 fuerunt,
2409 3859 2462 3902 et
2491 3857 2677 3917 gentes
2709 3849 2926 3916 quidem
2962 3848 3013 3902 in
3042 3849 3274 3902 circuitu
3311 3852 3476 3903 devo-

1915 3947 2132 4003 rarunt;
2166 3947 2538 3994 verumtamen
2575 3955 2682 3994 non
2725 3943 2941 4008 penitus
2977 3939 3350 4008 perdiderunt,
3391 3941 3484 3995 sed

1914 4030 2094 4099 petius
2117 4029 2265 4085 falsa:
2301 4031 2352 4085 in
2385 4032 2519 4101 ipsis
2562 4032 2807 4088 scientiae
2841 4033 3165 4087 detestanda
3197 4042 3250 4087 et
3281 4018 3518 4103 impura-

1913 4126 2164 4194 dogmata
2222 4127 2597 4189 ineenderunt,
2648 4125 2954 4194 veterisque
3007 4123 3236 4178 fallacia:
3302 4126 3492 4179 sordes

1913 4217 2351 4288 absumpserunt,
2377 4227 2433 4272 et
2459 4217 2672 4272 animos
2705 4231 2896 4270 eorum
2948 4216 3041 4286 qui
3097 4217 3266 4271 semel
3318 4217 3494 4271 credi-

1915 4311 2127 4376 derant,
2149 4310 2214 4366 ad
2243 4310 2606 4380 insipientiam
2624 4317 2678 4364 et
2704 4306 3064 4364 temeritatem
3096 4307 3352 4378 frigeiieri
3378 4323 3495 4362 am-

229 4401 285 4453 οὺ
318 4401 673 4464 δαπανῶντες
717 4403 795 4466 εἰς
826 4401 1079 4473 ὄλεθρον,
1115 4403 1549 4472 καταφλέγοντες
1583 4405 1639 4458 δὲ
1674 4406 1810 4476 μᾶλ-

1917 4404 2056 4474 plius
2081 4403 2226 4472 passi
2257 4417 2364 4458 non
2415 4410 2560 4467 sunt,
2618 4411 2676 4455 ut
2733 4401 2790 4455 in
2825 4414 2885 4454 se
2931 4399 3066 4470 ipsis
3130 4401 3494 4464 exsultantes,

230 4494 315 4546 λον
335 4493 435 4564 τῆς
464 4494 524 4546 ὲν
560 4494 740 4556 αὐτοῖς
787 4493 1137 4566 ψευδωνύμου
1165 4493 1418 4564 γνώσεως
1450 4496 1518 4548 τὰ
1549 4497 1722 4566 μιαρά
1751 4515 1809 4551 τε

233 4585 322 4636 καὶ
360 4585 568 4655 βέϐηλα
614 4584 881 4656 δόγματα,
927 4587 1146 4658 καὶτῆς
1187 4588 1420 4658 ἀρχαίας
1466 4588 1682 4659 ἀπάτης
1717 4590 1809 4644 τὸν

234 4677 397 4744 ῥύπον
453 4681 802 4748 ὲκτήκοντες,
835 4677 1212 4749 ἀποψύχεσθαί
1246 4697 1305 4732 τε
1337 4680 1437 4732 οὐκ
1487 4679 1681 4744 ὲῶντες
1725 4681 1807 4734 ἔτι

240 4769 333 4822 τῶν
363 4769 517 4835 ἅπαξ
559 4771 1006 4826 πεπιστευκότων
1055 4772 1145 4824 τὸν
1191 4770 1316 4826 νοῦν
1364 4772 1500 4842 πρὸς
1548 4773 1808 4844 ἀνοήτους

236 4863 644 4927 είκαιοϐουλίας,
676 4864 750 4928 ὡς
767 4863 858 4916 ἐπί
896 4863 960 4932 γέ
1010 4880 1190 4932 σφισιν
1221 4864 1406 4926 αὐτοῖς
1437 4863 1809 4935 ἀνασκιρτῶν-

244 4974 326 5020 εας
350 4959 531 5026 λέγειν
561 4957 699 5028 πρὸς
719 4956 812 5009 τὸν
833 4956 941 5009 τῶν
961 4956 1096 5009 ὅλων
1121 4957 1351 5027 Σωτῆρα
1379 4955 1642 5025 Χριστόν*
1667 4976 1684 5007 ι
1710 4957 1811 5010 Πε-

239 5051 556 5122 πυρωμένον
587 5049 647 5102 τὸ
690 5048 870 5117 λόγιόν
910 5066 1002 5138 aqu
1055 5047 1277 5118 σφόδρα,
1314 5046 1407 5100 καὶ
1439 5049 1467 5101 6
1499 5047 1684 5110 δοῦλός
1718 5065 1810 5101 σου

241 5144 514 5216 ἠγάπησεν
547 5143 700 5196 αὑτό.
745 5161 762 5194 I
801 5140 923 5194 ’Ότι
964 5141 1073 5212 γάρ
1108 5143 1224 5194 ἐστι
1258 5140 1479 5212 θερμὸς,
1516 5140 1609 5193 καὶ
1629 5140 1811 5211 τομὼ-

239 5255 387 5301 τατος
413 5239 442 5291 ὸ
471 5235 568 5289 τοῦ
599 5233 734 5289 Θεοῦ
762 5234 940 5303 λόγος,
981 5235 1149 5304 σαφὲς
1189 5231 1254 5287 ἂν
1283 5233 1510 5302 γένοιτο,
1544 5233 1682 5304 πρὸς
1721 5234 1815 5287 Ἱε-

240 5330 424 5399 ρεμίαν
457 5329 714 5397 λέγοντος
741 5327 934 5382 αὑτοῦ·
971 5345 989 5378 ι
1031 5328 1093 5380 0i
1123 5327 1268 5394 λόγοι
1308 5343 1408 5396 μου
1435 5326 1511 5389 ὡς
1545 5325 1654 5395 πῦρ
1685 5325 1813 5393 φλέ-

241 5438 348 5488 γον,
371 5425 520 5492 λέγει
551 5421 781 5490 Κύριος,
825 5423 917 5474 καὶ
951 5421 1026 5484 ὼς
1061 5419 1228 5484 πέλυξ
1257 5420 1472 5472 κόπτων
1507 5419 1731 5488 πέτραν.
1790 5436 1808 5468 ι

306 5625 346 5654 ⁸³
377 5624 584 5678 Jcrcm.
618 5638 655 5682 I,
688 5623 740 5675 9.
821 5621 864 5651 ⁸³
903 5619 1056 5674 Ront.
1094 5637 1128 5686 I,
1160 5621 1248 5673 ‘25.
1327 5621 1373 5650 “
1416 5619 1569 5672 ilum.
1610 5633 1706 5678 Im,
1749 5620 1826 5672 ll.

243 5692 288 5754 6,
327 5696 374 5746 7.
458 5695 501 5722 *⁸
549 5693 689 5747 l’sal.
723 5706 909 5753 CXVIII,
943 5692 1060 5745 lli).
1139 5691 1180 5722 δελ
1217 5691 1416 5745 .Icrcm.
1454 5704 1608 5748 χλιιι,
1644 5689 1734 5741 25).

1917 4496 2292 4551 universorum
2322 4495 2588 4550 Salvatori
2622 4492 2841 4550 Christo
2885 4491 3168 4547 dicereut:
3207 4511 3228 4544 ι
3266 4492 3494 4562 Ignitum

1914 4584 2187 4654 eloquium
2224 4594 2375 4639 tuum
2411 4587 2784 4650 vehementer,
2811 4590 2865 4639 et
2910 4595 3109 4638 servus.
3147 4591 3270 4635 tuus
3301 4581 3492 4634 dilexit

1917 4677 2047 4730 illud
2089 4677 2155 4732 “.
2195 4695 2214 4730 ι
2257 4678 2388 4732 Esse
2430 4679 2575 4734 enim
2629 4677 2892 4732 fervidum
2965 4683 3020 4731 et
3070 4673 3136 4728 ad
3190 4673 3485 4728 secandum

1918 4768 2292 4823 acutissimum
2321 4769 2414 4823 Dei
2446 4769 2694 4836 verbum,
2740 4769 2957 4838 planum
3007 4765 3067 4820 fit
3106 4770 3176 4820 ex
3230 4777 3295 4818 eo
3347 4763 3492 4831 quod

1918 4861 2170 4916 Jeremiae
2201 4860 2331 4915 dicit
2366 4878 2378 4914 :
2416 4879 2434 4913 ι
2470 4859 2645 4915 Verba
2668 4872 2786 4913 mea
2818 4859 2957 4913 sicut
2981 4856 3119 4926 ignis
3147 4852 3490 4916 c’umburcns,

1919 4963 1974 5008 et
1998 4952 2140 5008 sicut
2172 4953 2380 5008 securis
2403 4953 2649 5008 incidens
2672 4961 2878 5023 petram
2917 4951 2981 5004 ⁸³.
3015 4968 3034 5000 I
3067 4949 3163 5004 Est
3191 4945 3336 4999 enim
3369 4959 3491 5012 per-

1919 5061 2084 5116 quam
2123 5047 2348 5102 idoneus
2377 5046 2469 5102 Dei
2504 5060 2685 5103 sermo
2729 5053 2789 5100 ut
2835 5043 3008 5113 possit
3052 5049 3106 5095 et
3161 5037 3304 5108 quod
3331 5036 3502 5107 frige-

1922 5141 2122 5194 factum
2147 5149 2230 5194 est
2261 5140 2312 5193 in
2336 5148 2556 5208 peccato
2587 5136 2967 5201 reacccndere,
3003 5139 3057 5185 et
3094 5144 3214 5199 quae
3234 5127 3383 5182 velut
3409 5127 3496 5181 in-

1923 5227 2220 5281 duruerunt
2253 5235 2306 5282 et
2339 5234 2614 5281 eoarctata
2653 5233 2780 5278 sunt
2820 5237 2922 5277 non
2949 5218 3166 5276 dillicile
3191 5217 3491 5286 explicare.

1921 5319 2016 5372 Est
2046 5335 2279 5388 namque
2309 5336 2326 5370 ι
2353 5320 2507 5373 vivus
2530 5327 2581 5373 et
2606 5315 2812 5383 elﬁcax,
2845 5323 2899 5368 et
2934 5310 3319 5383 penetrabilior
3345 5308 3495 5364 omni

1922 5413 2098 5482 gladio
2149 5413 2393 5481 ancipiti,
2448 5410 2766 5479 perveniens
2822 5419 2995 5475 usque
3049 5405 3114 5457 ad
3173 5403 3492 5458 divisionem

1946 5619 1988 5662 θ’
2020 5613 2205 5669 Matth.
2240 5611 2434 5678 1H,“.
2531 5610 2572 5639 ’³⁵
2606 5605 2736 5674 lino,
2767 5607 2963 5661 Ezet-h.
2995 5621 3046 5673 τι,
3073 5603 3127 5656 2.
3207 5603 3248 5633 δ”
3280 5600 3382 5654 lsa.
3418 5611 3488 5656 vr,
