  <div class='ocr_page' id='page_1' title='image "/cluster/home/n/w/nwhite01/storage/ocr_20150623/72/pst.000005712731/123.png"; bbox 0 0 3934 6318; ppageno 0'>
   <div class='ocr_carea' id='block_1_1' title="bbox 491 276 3727 366">
    <p class='ocr_par' dir='ltr' id='par_1_1' title="bbox 491 276 3727 366">
     <span class='ocr_line' id='line_1_1' title="bbox 491 276 3727 366; baseline 0.01 -34"><span class='ocrx_word' id='word_1_1' title='bbox 491 279 602 363; x_wconf 63' lang='grc' dir='ltr'><strong>ἳίᾷ</strong></span> <span class='ocrx_word' id='word_1_2' title='bbox 1098 342 1109 346; x_wconf 42' lang='grc'><strong>,</strong></span> <span class='ocrx_word' id='word_1_3' title='bbox 1478 284 1534 340; x_wconf 83' lang='lat' dir='ltr'><strong>S.</strong></span> <span class='ocrx_word' id='word_1_4' title='bbox 1576 285 1843 343; x_wconf 80' lang='lat' dir='ltr'><strong>CYRILLI</strong></span> <span class='ocrx_word' id='word_1_5' title='bbox 1880 276 2348 354; x_wconf 48' lang='lat' dir='ltr'><strong>ALEXANDRINI</strong></span> <span class='ocrx_word' id='word_1_6' title='bbox 2392 298 2716 356; x_wconf 80' lang='lat' dir='ltr'><strong>ARCHIEP.</strong></span> <span class='ocrx_word' id='word_1_7' title='bbox 3620 308 3727 366; x_wconf 71' lang='grc'><strong>216</strong></span> 
     </span>
    </p>
   </div>
   <div class='ocr_carea' id='block_1_2' title="bbox 494 395 2034 491">
    <p class='ocr_par' dir='ltr' id='par_1_2' title="bbox 494 395 2034 479">
     <span class='ocr_line' id='line_1_2' title="bbox 494 395 2034 479; baseline 0.012 -32"><span class='ocrx_word' id='word_1_8' title='bbox 494 395 689 449; x_wconf 69' lang='lat' dir='ltr'><strong>anima:</strong></span> <span class='ocrx_word' id='word_1_9' title='bbox 718 403 773 448; x_wconf 91' lang='lat' dir='ltr'><strong>et</strong></span> <span class='ocrx_word' id='word_1_10' title='bbox 800 396 1047 463; x_wconf 79' lang='lat' dir='ltr'><strong>spiritus,</strong></span> <span class='ocrx_word' id='word_1_11' title='bbox 1079 397 1431 452; x_wconf 86' lang='lat' dir='ltr'><strong>medullarum</strong></span> <span class='ocrx_word' id='word_1_12' title='bbox 1464 416 1700 472; x_wconf 91' lang='lat' dir='ltr'><strong>quoque,</strong></span> <span class='ocrx_word' id='word_1_13' title='bbox 1747 416 1802 462; x_wconf 89' lang='lat' dir='ltr'><strong>et</strong></span> <span class='ocrx_word' id='word_1_14' title='bbox 1829 424 2034 479; x_wconf 83' lang='lat' dir='ltr'><strong>compa-</strong></span> 
     </span>
    </p>
   </div>
   <div class='ocr_carea' id='block_1_3' title="bbox 2139 395 3726 491">
    <p class='ocr_par' dir='ltr' id='par_1_3' title="bbox 2157 414 3726 491">
     <span class='ocr_line' id='line_1_3' title="bbox 2157 414 3726 491; baseline 0.007 -25"><span class='ocrx_word' id='word_1_15' title='bbox 2157 414 2308 484; x_wconf 82' lang='grc' dir='ltr'>Ἔχει</span> <span class='ocrx_word' id='word_1_16' title='bbox 2354 416 2480 487; x_wconf 85' lang='grc' dir='ltr'>γὰρ,</span> <span class='ocrx_word' id='word_1_17' title='bbox 2517 420 2612 472; x_wconf 68' lang='grc' dir='ltr'><strong>καῖ⁵</strong></span> <span class='ocrx_word' id='word_1_18' title='bbox 2658 420 2803 489; x_wconf 87' lang='grc' dir='ltr'>μάλα</span> <span class='ocrx_word' id='word_1_19' title='bbox 2833 420 3171 491; x_wconf 75' lang='grc' dir='ltr'>ἐπιτηδείως,</span> <span class='ocrx_word' id='word_1_20' title='bbox 3195 423 3223 473; x_wconf 89' lang='grc' dir='ltr'><strong>ό</strong></span> <span class='ocrx_word' id='word_1_21' title='bbox 3265 420 3357 474; x_wconf 81' lang='grc' dir='ltr'><strong>τοῦ</strong></span> <span class='ocrx_word' id='word_1_22' title='bbox 3391 422 3526 476; x_wconf 87' lang='grc' dir='ltr'>Θεοῦ</span> <span class='ocrx_word' id='word_1_23' title='bbox 3571 424 3726 490; x_wconf 80' lang='grc' dir='ltr'><strong>λόγος</strong></span> 
     </span>
    </p>
   </div>
   <div class='ocr_carea' id='block_1_4' title="bbox 493 487 2034 583">
    <p class='ocr_par' dir='ltr' id='par_1_4' title="bbox 493 487 2034 558">
     <span class='ocr_line' id='line_1_4' title="bbox 493 487 2034 558; baseline 0.016 -25"><span class='ocrx_word' id='word_1_24' title='bbox 493 499 641 551; x_wconf 82' lang='lat' dir='ltr'><strong>gum,</strong></span> <span class='ocrx_word' id='word_1_25' title='bbox 666 495 720 540; x_wconf 86' lang='lat' dir='ltr'><strong>ct</strong></span> <span class='ocrx_word' id='word_1_26' title='bbox 752 487 1019 543; x_wconf 91' lang='lat' dir='ltr'><strong>discretor</strong></span> <span class='ocrx_word' id='word_1_27' title='bbox 1050 490 1428 558; x_wconf 75' lang='lat' dir='ltr'><strong>cogitationum</strong></span> <span class='ocrx_word' id='word_1_28' title='bbox 1460 502 1511 547; x_wconf 89' lang='lat' dir='ltr'><strong>et</strong></span> <span class='ocrx_word' id='word_1_29' title='bbox 1544 494 1900 554; x_wconf 90' lang='lat' dir='ltr'><strong>intentionum</strong></span> <span class='ocrx_word' id='word_1_30' title='bbox 1931 517 2034 557; x_wconf 90' lang='lat' dir='ltr'><strong>cor-</strong></span> 
     </span>
    </p>
   </div>
   <div class='ocr_carea' id='block_1_5' title="bbox 2139 487 3724 583">
    <p class='ocr_par' dir='ltr' id='par_1_5' title="bbox 2150 487 3724 583">
     <span class='ocr_line' id='line_1_5' title="bbox 2150 487 3724 583; baseline 0.006 -27"><span class='ocrx_word' id='word_1_31' title='bbox 2150 503 2229 567; x_wconf 78' lang='grc' dir='ltr'><strong>είς</strong></span> <span class='ocrx_word' id='word_1_32' title='bbox 2270 522 2333 572; x_wconf 90' lang='grc' dir='ltr'><strong>γε</strong></span> <span class='ocrx_word' id='word_1_33' title='bbox 2391 508 2453 560; x_wconf 85' lang='grc' dir='ltr'>τὸ</span> <span class='ocrx_word' id='word_1_34' title='bbox 2507 487 2766 563; x_wconf 84' lang='grc' dir='ltr'>δύνασθαι</span> <span class='ocrx_word' id='word_1_35' title='bbox 2790 510 2882 563; x_wconf 76' lang='grc' dir='ltr'><strong>καὶ</strong></span> <span class='ocrx_word' id='word_1_36' title='bbox 2905 487 3286 581; x_wconf 82' lang='grc' dir='ltr'>ἀπεψυγμένον</span> <span class='ocrx_word' id='word_1_37' title='bbox 3316 514 3373 565; x_wconf 84' lang='grc' dir='ltr'>ὲν</span> <span class='ocrx_word' id='word_1_38' title='bbox 3406 487 3724 583; x_wconf 69' lang='grc' dir='ltr'>ἁμαρτίαις,</span> 
     </span>
    </p>
   </div>
   <div class='ocr_carea' id='block_1_6' title="bbox 495 574 2034 674">
    <p class='ocr_par' dir='ltr' id='par_1_6' title="bbox 495 574 2034 653">
     <span class='ocr_line' id='line_1_6' title="bbox 495 574 2034 653; baseline 0.012 -26"><span class='ocrx_word' id='word_1_39' title='bbox 495 574 578 629; x_wconf 83' lang='lat' dir='ltr'><strong>dis</strong></span> <span class='ocrx_word' id='word_1_40' title='bbox 608 576 672 629; x_wconf 83' lang='lat'><strong>&quot;°.</strong></span> <span class='ocrx_word' id='word_1_41' title='bbox 715 597 733 629; x_wconf 85' lang='grc'>›</span> <span class='ocrx_word' id='word_1_42' title='bbox 774 577 980 631; x_wconf 80' lang='lat' dir='ltr'><strong>Dictum</strong></span> <span class='ocrx_word' id='word_1_43' title='bbox 1000 588 1082 633; x_wconf 88' lang='lat' dir='ltr'><strong>est</strong></span> <span class='ocrx_word' id='word_1_44' title='bbox 1114 580 1240 634; x_wconf 91' lang='lat' dir='ltr'><strong>item</strong></span> <span class='ocrx_word' id='word_1_45' title='bbox 1266 596 1397 637; x_wconf 91' lang='lat' dir='ltr'><strong>voce</strong></span> <span class='ocrx_word' id='word_1_46' title='bbox 1424 586 1811 653; x_wconf 85' lang='lat' dir='ltr'><strong>pr0phctarum</strong></span> <span class='ocrx_word' id='word_1_47' title='bbox 1866 591 2034 646; x_wconf 89' lang='lat' dir='ltr'><strong>immi-</strong></span> 
     </span>
    </p>
   </div>
   <div class='ocr_carea' id='block_1_7' title="bbox 2139 574 3725 674">
    <p class='ocr_par' dir='ltr' id='par_1_7' title="bbox 2151 574 3725 674">
     <span class='ocr_line' id='line_1_7' title="bbox 2151 574 3725 674; baseline 0.007 -27"><span class='ocrx_word' id='word_1_48' title='bbox 2151 595 2613 668; x_wconf 73' lang='grc' dir='ltr'>ἀναζωπυρῆσαιο</span> <span class='ocrx_word' id='word_1_49' title='bbox 2662 603 2755 654; x_wconf 79' lang='grc' dir='ltr'><strong>καὶ</strong></span> <span class='ocrx_word' id='word_1_50' title='bbox 2802 602 2963 656; x_wconf 87' lang='grc' dir='ltr'>οἱονεί</span> <span class='ocrx_word' id='word_1_51' title='bbox 3175 574 3582 674; x_wconf 70' lang='grc' dir='ltr'>ἀπεσκληκότα,</span> <span class='ocrx_word' id='word_1_52' title='bbox 3634 574 3725 658; x_wconf 56' lang='grc' dir='ltr'><strong>καί</strong></span> 
     </span>
    </p>
   </div>
   <div class='ocr_carea' id='block_1_8' title="bbox 496 663 2034 764">
    <p class='ocr_par' dir='ltr' id='par_1_8' title="bbox 496 663 2025 734">
     <span class='ocr_line' id='line_1_8' title="bbox 496 663 2025 734; baseline 0.014 -22"><span class='ocrx_word' id='word_1_53' title='bbox 496 663 636 717; x_wconf 83' lang='lat' dir='ltr'><strong>tibus</strong></span> <span class='ocrx_word' id='word_1_54' title='bbox 668 673 722 718; x_wconf 88' lang='lat' dir='ltr'><strong>et</strong></span> <span class='ocrx_word' id='word_1_55' title='bbox 774 667 1181 722; x_wconf 86' lang='lat' dir='ltr'><strong>contumacibus</strong></span> <span class='ocrx_word' id='word_1_56' title='bbox 1207 667 1455 726; x_wconf 62' lang='lat' dir='ltr'><strong>Judaais:</strong></span> <span class='ocrx_word' id='word_1_57' title='bbox 1516 692 1533 724; x_wconf 74' lang='grc' dir='ltr'><strong>ι</strong></span> <span class='ocrx_word' id='word_1_58' title='bbox 1582 674 2025 734; x_wconf 86' lang='lat' dir='ltr'><strong>Circumcidimin</strong></span> 
     </span>
    </p>
   </div>
   <div class='ocr_carea' id='block_1_9' title="bbox 2139 663 3725 764">
    <p class='ocr_par' dir='ltr' id='par_1_9' title="bbox 2154 663 3725 764">
     <span class='ocr_line' id='line_1_9' title="bbox 2154 663 3725 764; baseline 0.006 -25"><span class='ocrx_word' id='word_1_59' title='bbox 2154 663 2522 758; x_wconf 78' lang='grc' dir='ltr'>πεπιλημένον</span> <span class='ocrx_word' id='word_1_60' title='bbox 2550 691 2833 759; x_wconf 82' lang='grc' dir='ltr'>διαπτύξαι</span> <span class='ocrx_word' id='word_1_61' title='bbox 2868 663 3234 763; x_wconf 33' lang='grc' dir='ltr'>ρᾳδίωςίΚαὶ</span> <span class='ocrx_word' id='word_1_62' title='bbox 3256 694 3365 764; x_wconf 86' lang='grc' dir='ltr'><strong>γάρ</strong></span> <span class='ocrx_word' id='word_1_63' title='bbox 3408 663 3523 747; x_wconf 52' lang='grc' dir='ltr'>ἐστι</span> <span class='ocrx_word' id='word_1_64' title='bbox 3617 695 3725 758; x_wconf 82' lang='grc' dir='ltr'>ζῶν</span> 
     </span>
    </p>
   </div>
   <div class='ocr_carea' id='block_1_10' title="bbox 491 752 2034 852">
    <p class='ocr_par' dir='ltr' id='par_1_10' title="bbox 491 752 1269 819">
     <span class='ocr_line' id='line_1_10' title="bbox 491 752 1269 819; baseline 0.01 -15"><span class='ocrx_word' id='word_1_65' title='bbox 491 752 599 806; x_wconf 87' lang='lat' dir='ltr'><strong>Deo</strong></span> <span class='ocrx_word' id='word_1_66' title='bbox 630 762 828 819; x_wconf 85' lang='lat' dir='ltr'><strong>vestro,</strong></span> <span class='ocrx_word' id='word_1_67' title='bbox 862 757 960 809; x_wconf 86' lang='lat' dir='ltr'><strong>viri</strong></span> <span class='ocrx_word' id='word_1_68' title='bbox 988 756 1126 811; x_wconf 85' lang='lat' dir='ltr'><strong>Juda</strong></span> <span class='ocrx_word' id='word_1_69' title='bbox 1148 759 1212 814; x_wconf 85' lang='grc'><strong>⁷¹.</strong></span> <span class='ocrx_word' id='word_1_70' title='bbox 1247 778 1269 812; x_wconf 77' lang='grc' dir='ltr'><strong>ι</strong></span> 
     </span>
    </p>
   </div>
   <div class='ocr_carea' id='block_1_11' title="bbox 2139 752 3721 852">
    <p class='ocr_par' dir='ltr' id='par_1_11' title="bbox 2156 752 3721 852">
     <span class='ocr_line' id='line_1_11' title="bbox 2156 752 3721 852; baseline 0.006 -28"><span class='ocrx_word' id='word_1_71' title='bbox 2156 791 2214 825; x_wconf 88' lang='grc' dir='ltr'><strong>τε</strong></span> <span class='ocrx_word' id='word_1_72' title='bbox 2236 775 2331 827; x_wconf 72' lang='grc' dir='ltr'>καὶ</span> <span class='ocrx_word' id='word_1_73' title='bbox 2346 752 2599 850; x_wconf 60' lang='grc' dir='ltr'>ένεργὴς,</span> <span class='ocrx_word' id='word_1_74' title='bbox 2628 781 2722 834; x_wconf 77' lang='grc' dir='ltr'>καὶ</span> <span class='ocrx_word' id='word_1_75' title='bbox 2747 752 3060 850; x_wconf 69' lang='grc' dir='ltr'>τομώτατος</span> <span class='ocrx_word' id='word_1_76' title='bbox 3078 782 3218 852; x_wconf 76' lang='grc' dir='ltr'>ὑπὲρ</span> <span class='ocrx_word' id='word_1_77' title='bbox 3241 752 3421 836; x_wconf 75' lang='grc' dir='ltr'>πᾶσαν</span> <span class='ocrx_word' id='word_1_78' title='bbox 3449 752 3721 852; x_wconf 68' lang='grc' dir='ltr'>μάχαιραν</span> 
     </span>
    </p>
   </div>
   <div class='ocr_carea' id='block_1_12' title="bbox 486 842 3723 940">
    <p class='ocr_par' dir='ltr' id='par_1_12' title="bbox 486 842 3723 940">
     <span class='ocr_line' id='line_1_12' title="bbox 486 842 3723 940; baseline 0.009 -45"><span class='ocrx_word' id='word_1_79' title='bbox 486 842 754 913; x_wconf 85' lang='grc' dir='ltr'>δίστομον,</span> <span class='ocrx_word' id='word_1_80' title='bbox 784 845 1151 917; x_wconf 86' lang='grc' dir='ltr'>διικνούμενός</span> <span class='ocrx_word' id='word_1_81' title='bbox 1179 866 1237 900; x_wconf 89' lang='grc' dir='ltr'><strong>τε</strong></span> <span class='ocrx_word' id='word_1_82' title='bbox 1268 850 1429 920; x_wconf 79' lang='grc' dir='ltr'>μέχρι</span> <span class='ocrx_word' id='word_1_83' title='bbox 1463 854 1730 924; x_wconf 80' lang='grc' dir='ltr'><strong>μερισμοῦ</strong></span> <span class='ocrx_word' id='word_1_84' title='bbox 1792 855 1967 927; x_wconf 84' lang='grc' dir='ltr'>ψυχῆς</span> <span class='ocrx_word' id='word_1_85' title='bbox 2023 857 2117 911; x_wconf 75' lang='grc' dir='ltr'>καὶ</span> <span class='ocrx_word' id='word_1_86' title='bbox 2156 861 2423 932; x_wconf 88' lang='grc' dir='ltr'>σώματος,</span> <span class='ocrx_word' id='word_1_87' title='bbox 2449 842 2655 938; x_wconf 68' lang='grc' dir='ltr'>ἀρμῶν</span> <span class='ocrx_word' id='word_1_88' title='bbox 2683 887 2742 922; x_wconf 88' lang='grc' dir='ltr'><strong>τε</strong></span> <span class='ocrx_word' id='word_1_89' title='bbox 2770 842 2866 923; x_wconf 69' lang='grc' dir='ltr'><strong>καὶ</strong></span> <span class='ocrx_word' id='word_1_90' title='bbox 2895 870 3127 940; x_wconf 84' lang='grc' dir='ltr'>μυελῶν,</span> <span class='ocrx_word' id='word_1_91' title='bbox 3162 842 3255 923; x_wconf 75' lang='grc' dir='ltr'><strong>καὶ</strong></span> <span class='ocrx_word' id='word_1_92' title='bbox 3284 842 3723 939; x_wconf 43' lang='grc' dir='ltr'>κριτικὸς-ἐνθυ-</span> 
     </span>
    </p>
   </div>
   <div class='ocr_carea' id='block_1_13' title="bbox 489 937 3721 1037">
    <p class='ocr_par' dir='ltr' id='par_1_13' title="bbox 489 937 3721 1037">
     <span class='ocr_line' id='line_1_13' title="bbox 489 937 3721 1037; baseline 0.01 -48"><span class='ocrx_word' id='word_1_93' title='bbox 489 937 741 1007; x_wconf 85' lang='grc' dir='ltr'>μήσεων,</span> <span class='ocrx_word' id='word_1_94' title='bbox 801 941 893 993; x_wconf 78' lang='grc' dir='ltr'><strong>καὶ</strong></span> <span class='ocrx_word' id='word_1_95' title='bbox 957 942 1173 995; x_wconf 81' lang='grc' dir='ltr'>ἐννοιῶν</span> <span class='ocrx_word' id='word_1_96' title='bbox 1237 945 1480 1013; x_wconf 85' lang='grc' dir='ltr'><strong>καρδίας.</strong></span> <span class='ocrx_word' id='word_1_97' title='bbox 1527 966 1545 998; x_wconf 76' lang='grc' dir='ltr'><strong>ι</strong></span> <span class='ocrx_word' id='word_1_98' title='bbox 1602 948 1829 1019; x_wconf 80' lang='grc' dir='ltr'><strong>Εἴρηται</strong></span> <span class='ocrx_word' id='word_1_99' title='bbox 1876 950 1932 1002; x_wconf 90' lang='grc' dir='ltr'><strong>δέ</strong></span> <span class='ocrx_word' id='word_1_100' title='bbox 1980 967 2082 1003; x_wconf 84' lang='grc' dir='ltr'><strong>που</strong></span> <span class='ocrx_word' id='word_1_101' title='bbox 2135 956 2228 1007; x_wconf 77' lang='grc' dir='ltr'><strong>καὶ</strong></span> <span class='ocrx_word' id='word_1_102' title='bbox 2286 958 2372 1011; x_wconf 84' lang='grc' dir='ltr'>διὰ</span> <span class='ocrx_word' id='word_1_103' title='bbox 2427 937 2611 1032; x_wconf 71' lang='grc' dir='ltr'>φωνῆς</span> <span class='ocrx_word' id='word_1_104' title='bbox 2663 937 2957 1035; x_wconf 83' lang='grc' dir='ltr'>προφητῶν</span> <span class='ocrx_word' id='word_1_105' title='bbox 3029 964 3166 1035; x_wconf 82' lang='grc' dir='ltr'>πρὸς</span> <span class='ocrx_word' id='word_1_106' title='bbox 3224 937 3334 1018; x_wconf 14' lang='grc' dir='ltr'>τδνή</span> <span class='ocrx_word' id='word_1_107' title='bbox 3368 966 3554 1037; x_wconf 80' lang='grc' dir='ltr'>ἀπηνῆ</span> <span class='ocrx_word' id='word_1_108' title='bbox 3625 969 3721 1020; x_wconf 69' lang='grc' dir='ltr'><strong>καὶ</strong></span> 
     </span>
    </p>
   </div>
   <div class='ocr_carea' id='block_1_14' title="bbox 484 1030 2572 1117">
    <p class='ocr_par' dir='ltr' id='par_1_14' title="bbox 484 1030 2572 1117">
     <span class='ocr_line' id='line_1_14' title="bbox 484 1030 2572 1117; baseline 0.01 -34"><span class='ocrx_word' id='word_1_109' title='bbox 484 1030 743 1097; x_wconf 78' lang='grc' dir='ltr'>ἄτεγκτον</span> <span class='ocrx_word' id='word_1_110' title='bbox 786 1032 1065 1086; x_wconf 84' lang='grc' dir='ltr'>Ἰουδαῖον·</span> <span class='ocrx_word' id='word_1_111' title='bbox 1125 1052 1143 1084; x_wconf 85' lang='grc'><strong>‹</strong></span> <span class='ocrx_word' id='word_1_112' title='bbox 1203 1035 1521 1117; x_wconf 82' lang='grc' dir='ltr'>Τετμήθητε</span> <span class='ocrx_word' id='word_1_113' title='bbox 1572 1038 1649 1107; x_wconf 85' lang='grc' dir='ltr'>τῷ</span> <span class='ocrx_word' id='word_1_114' title='bbox 1696 1039 1813 1109; x_wconf 87' lang='grc' dir='ltr'><strong>Θεῴ</strong></span> <span class='ocrx_word' id='word_1_115' title='bbox 1870 1041 2040 1111; x_wconf 83' lang='grc' dir='ltr'>ὑμῶν,</span> <span class='ocrx_word' id='word_1_116' title='bbox 2081 1042 2271 1115; x_wconf 80' lang='grc' dir='ltr'>ἄνδρες</span> <span class='ocrx_word' id='word_1_117' title='bbox 2322 1050 2510 1106; x_wconf 86' lang='grc' dir='ltr'>Ἰούδα.</span> 
     </span>
    </p>
   </div>
   <div class='ocr_carea' id='block_1_15' title="bbox 556 1115 2034 1217">
    <p class='ocr_par' dir='ltr' id='par_1_15' title="bbox 556 1115 2034 1185">
     <span class='ocr_line' id='line_1_15' title="bbox 556 1115 2034 1185; baseline 0.011 -17"><span class='ocrx_word' id='word_1_118' title='bbox 556 1115 701 1172; x_wconf 71' lang='lat' dir='ltr'><strong>Vens</strong></span> <span class='ocrx_word' id='word_1_119' title='bbox 741 1119 793 1175; x_wconf 88' lang='lat'><strong>7.</strong></span> <span class='ocrx_word' id='word_1_120' title='bbox 832 1120 901 1173; x_wconf 82' lang='lat' dir='ltr'><strong>Et</strong></span> <span class='ocrx_word' id='word_1_121' title='bbox 929 1123 1180 1176; x_wconf 84' lang='lat' dir='ltr'><strong>habitabit</strong></span> <span class='ocrx_word' id='word_1_122' title='bbox 1224 1123 1515 1179; x_wconf 68' lang='lat' dir='ltr'><strong>Jerusalem</strong></span> <span class='ocrx_word' id='word_1_123' title='bbox 1558 1128 1729 1183; x_wconf 84' lang='lat' dir='ltr'><strong>adhuc</strong></span> <span class='ocrx_word' id='word_1_124' title='bbox 1768 1131 1823 1184; x_wconf 87' lang='lat' dir='ltr'><strong>in</strong></span> <span class='ocrx_word' id='word_1_125' title='bbox 1866 1141 2034 1185; x_wconf 43' lang='lat' dir='ltr'><strong>semet‘</strong></span> 
     </span>
    </p>
   </div>
   <div class='ocr_carea' id='block_1_16' title="bbox 2139 1115 3713 1217">
    <p class='ocr_par' dir='ltr' id='par_1_16' title="bbox 2219 1141 3713 1217">
     <span class='ocr_line' id='line_1_16' title="bbox 2219 1141 3713 1217; baseline 0.007 -24"><span class='ocrx_word' id='word_1_126' title='bbox 2219 1141 2326 1193; x_wconf 85' lang='grc' dir='ltr'><strong>Καὶ</strong></span> <span class='ocrx_word' id='word_1_127' title='bbox 2360 1144 2701 1212; x_wconf 81' lang='grc' dir='ltr'><strong>κατοικήσει</strong></span> <span class='ocrx_word' id='word_1_128' title='bbox 2756 1145 3141 1215; x_wconf 78' lang='grc' dir='ltr'>Ἰερουσαλὴμ</span> <span class='ocrx_word' id='word_1_129' title='bbox 3178 1145 3266 1201; x_wconf 77' lang='grc' dir='ltr'>ἔτι</span> <span class='ocrx_word' id='word_1_130' title='bbox 3303 1148 3432 1202; x_wconf 82' lang='grc' dir='ltr'>καθ’</span> <span class='ocrx_word' id='word_1_131' title='bbox 3471 1149 3713 1217; x_wconf 78' lang='grc' dir='ltr'>ἑαυτὴν,</span> 
     </span>
    </p>
   </div>
   <div class='ocr_carea' id='block_1_17' title="bbox 485 1210 2034 1307">
    <p class='ocr_par' dir='ltr' id='par_1_17' title="bbox 485 1210 2034 1279">
     <span class='ocr_line' id='line_1_17' title="bbox 485 1210 2034 1279; baseline 0.01 -19"><span class='ocrx_word' id='word_1_132' title='bbox 485 1210 671 1274; x_wconf 80' lang='lat' dir='ltr'><strong>ipsam,</strong></span> <span class='ocrx_word' id='word_1_133' title='bbox 718 1221 764 1264; x_wconf 87' lang='lat' dir='ltr'><strong>et</strong></span> <span class='ocrx_word' id='word_1_134' title='bbox 796 1212 1011 1266; x_wconf 81' lang='lat' dir='ltr'><strong>salvabit</strong></span> <span class='ocrx_word' id='word_1_135' title='bbox 1038 1214 1294 1279; x_wconf 76' lang='lat' dir='ltr'><strong>Dominus</strong></span> <span class='ocrx_word' id='word_1_136' title='bbox 1337 1217 1677 1272; x_wconf 82' lang='lat' dir='ltr'><strong>tabernacula</strong></span> <span class='ocrx_word' id='word_1_137' title='bbox 1723 1221 1866 1275; x_wconf 82' lang='lat' dir='ltr'><strong>Juda</strong></span> <span class='ocrx_word' id='word_1_138' title='bbox 1905 1224 2034 1276; x_wconf 80' lang='lat' dir='ltr'><strong>sicut</strong></span> 
     </span>
    </p>
   </div>
   <div class='ocr_carea' id='block_1_18' title="bbox 2139 1210 3716 1307">
    <p class='ocr_par' dir='ltr' id='par_1_18' title="bbox 2151 1210 3716 1307">
     <span class='ocr_line' id='line_1_18' title="bbox 2151 1210 3716 1307; baseline 0.009 -26"><span class='ocrx_word' id='word_1_139' title='bbox 2151 1231 2248 1284; x_wconf 75' lang='grc' dir='ltr'>καὶ</span> <span class='ocrx_word' id='word_1_140' title='bbox 2280 1232 2465 1287; x_wconf 84' lang='grc' dir='ltr'>σώσει</span> <span class='ocrx_word' id='word_1_141' title='bbox 2496 1210 2712 1302; x_wconf 75' lang='grc' dir='ltr'>Κύριος</span> <span class='ocrx_word' id='word_1_142' title='bbox 2756 1210 2833 1290; x_wconf 64' lang='grc' dir='ltr'>τά</span> <span class='ocrx_word' id='word_1_143' title='bbox 2872 1210 3232 1306; x_wconf 50' lang='grc' dir='ltr'>σκηνώματα</span> <span class='ocrx_word' id='word_1_144' title='bbox 3279 1239 3490 1305; x_wconf 83' lang='grc' dir='ltr'>Ἰούδα,</span> 
     </span>
    </p>
   </div>
   <div class='ocr_carea' id='block_1_19' title="bbox 485 1302 2034 1398">
    <p class='ocr_par' dir='ltr' id='par_1_19' title="bbox 485 1302 2034 1378">
     <span class='ocr_line' id='line_1_19' title="bbox 485 1302 2034 1378; baseline 0.009 -26"><span class='ocrx_word' id='word_1_145' title='bbox 485 1317 517 1351; x_wconf 89' lang='grc' dir='ltr'><strong>α</strong></span> <span class='ocrx_word' id='word_1_146' title='bbox 546 1302 820 1369; x_wconf 81' lang='lat' dir='ltr'><strong>principio,</strong></span> <span class='ocrx_word' id='word_1_147' title='bbox 848 1313 901 1357; x_wconf 85' lang='lat' dir='ltr'><strong>ut</strong></span> <span class='ocrx_word' id='word_1_148' title='bbox 928 1321 1029 1358; x_wconf 86' lang='lat' dir='ltr'><strong>non</strong></span> <span class='ocrx_word' id='word_1_149' title='bbox 1066 1307 1435 1375; x_wconf 81' lang='lat' dir='ltr'><strong>magniﬁcetttr</strong></span> <span class='ocrx_word' id='word_1_150' title='bbox 1477 1310 1723 1378; x_wconf 78' lang='lat' dir='ltr'><strong>gloriatio</strong></span> <span class='ocrx_word' id='word_1_151' title='bbox 1770 1313 1963 1377; x_wconf 86' lang='lat' dir='ltr'><strong>David,</strong></span> <span class='ocrx_word' id='word_1_152' title='bbox 1998 1328 2034 1366; x_wconf 88' lang='lat' dir='ltr'><strong>et</strong></span> 
     </span>
    </p>
   </div>
   <div class='ocr_carea' id='block_1_20' title="bbox 2139 1302 3718 1398">
    <p class='ocr_par' dir='ltr' id='par_1_20' title="bbox 2150 1302 3718 1398">
     <span class='ocr_line' id='line_1_20' title="bbox 2150 1302 3718 1398; baseline 0.007 -24"><span class='ocrx_word' id='word_1_153' title='bbox 2150 1320 2250 1374; x_wconf 78' lang='grc' dir='ltr'>ἀπ’</span> <span class='ocrx_word' id='word_1_154' title='bbox 2278 1321 2486 1392; x_wconf 83' lang='grc' dir='ltr'>ἀρχῆς,</span> <span class='ocrx_word' id='word_1_155' title='bbox 2519 1325 2677 1390; x_wconf 81' lang='grc' dir='ltr'>ὅπως</span> <span class='ocrx_word' id='word_1_156' title='bbox 2695 1325 2780 1394; x_wconf 77' lang='grc' dir='ltr'>μὴ</span> <span class='ocrx_word' id='word_1_157' title='bbox 2801 1302 3206 1396; x_wconf 39' lang='lat' dir='ltr'><strong>perdid/neat</strong></span> <span class='ocrx_word' id='word_1_158' title='bbox 3238 1302 3523 1398; x_wconf 76' lang='grc' dir='ltr'>καύχημα</span> <span class='ocrx_word' id='word_1_159' title='bbox 3548 1302 3718 1385; x_wconf 60' lang='grc' dir='ltr'>οἶκοι)</span> 
     </span>
    </p>
   </div>
   <div class='ocr_carea' id='block_1_21' title="bbox 485 1390 2034 1491">
    <p class='ocr_par' dir='ltr' id='par_1_21' title="bbox 485 1390 1846 1476">
     <span class='ocr_line' id='line_1_21' title="bbox 485 1390 1846 1476; baseline 0.01 -33"><span class='ocrx_word' id='word_1_160' title='bbox 485 1390 734 1445; x_wconf 77' lang='lat' dir='ltr'><strong>elationes</strong></span> <span class='ocrx_word' id='word_1_161' title='bbox 754 1394 1102 1476; x_wconf 75' lang='lat' dir='ltr'><strong>habitantium</strong></span> <span class='ocrx_word' id='word_1_162' title='bbox 1136 1396 1432 1453; x_wconf 71' lang='lat' dir='ltr'><strong>Jerusalem</strong></span> <span class='ocrx_word' id='word_1_163' title='bbox 1452 1417 1606 1469; x_wconf 80' lang='lat' dir='ltr'><strong>super</strong></span> <span class='ocrx_word' id='word_1_164' title='bbox 1628 1401 1846 1457; x_wconf 77' lang='lat' dir='ltr'><strong>ludam.</strong></span> 
     </span>
    </p>
   </div>
   <div class='ocr_carea' id='block_1_22' title="bbox 2139 1390 3718 1491">
    <p class='ocr_par' dir='ltr' id='par_1_22' title="bbox 2150 1390 3718 1491">
     <span class='ocr_line' id='line_1_22' title="bbox 2150 1390 3718 1491; baseline 0.008 -26"><span class='ocrx_word' id='word_1_165' title='bbox 2150 1390 2361 1479; x_wconf 74' lang='grc' dir='ltr'>Δαϐὶδ,</span> <span class='ocrx_word' id='word_1_166' title='bbox 2380 1390 2477 1469; x_wconf 72' lang='grc' dir='ltr'>καὶ</span> <span class='ocrx_word' id='word_1_167' title='bbox 2506 1390 2931 1485; x_wconf 29' lang='grc' dir='ltr'>ἐπάρσειξγτῶιο</span> <span class='ocrx_word' id='word_1_168' title='bbox 2950 1390 3390 1475; x_wconf 49' lang='grc' dir='ltr'>κατοικούντωῖ</span> <span class='ocrx_word' id='word_1_169' title='bbox 3418 1390 3718 1491; x_wconf 38' lang='grc' dir='ltr'>’Ἰερουσα-</span> 
     </span>
    </p>
   </div>
   <div class='ocr_carea' id='block_1_23' title="bbox 2150 1506 2785 1575">
    <p class='ocr_par' dir='ltr' id='par_1_23' title="bbox 2150 1506 2785 1575">
     <span class='ocr_line' id='line_1_23' title="bbox 2150 1506 2785 1575; baseline 0.009 -17"><span class='ocrx_word' id='word_1_170' title='bbox 2150 1506 2273 1575; x_wconf 72' lang='grc' dir='ltr'><strong>λὴμ</strong></span> <span class='ocrx_word' id='word_1_171' title='bbox 2304 1507 2401 1560; x_wconf 73' lang='grc' dir='ltr'><strong>ἐπὶ</strong></span> <span class='ocrx_word' id='word_1_172' title='bbox 2427 1508 2535 1562; x_wconf 83' lang='grc' dir='ltr'><strong>τὸν</strong></span> <span class='ocrx_word' id='word_1_173' title='bbox 2573 1510 2785 1565; x_wconf 82' lang='grc' dir='ltr'>Ἰούδα.</span> 
     </span>
    </p>
   </div>
   <div class='ocr_carea' id='block_1_24' title="bbox 544 1564 2044 1643">
    <p class='ocr_par' dir='ltr' id='par_1_24' title="bbox 544 1564 2044 1643">
     <span class='ocr_line' id='line_1_24' title="bbox 544 1564 2044 1643; baseline 0.009 -26"><span class='ocrx_word' id='word_1_174' title='bbox 544 1564 674 1619; x_wconf 78' lang='lat' dir='ltr'><strong>XCI.</strong></span> <span class='ocrx_word' id='word_1_175' title='bbox 704 1565 818 1622; x_wconf 88' lang='lat' dir='ltr'><strong>Non</strong></span> <span class='ocrx_word' id='word_1_176' title='bbox 839 1582 1051 1639; x_wconf 88' lang='lat' dir='ltr'><strong>semper</strong></span> <span class='ocrx_word' id='word_1_177' title='bbox 1070 1571 1364 1626; x_wconf 74' lang='lat' dir='ltr'><strong>Ecclesium</strong></span> <span class='ocrx_word' id='word_1_178' title='bbox 1387 1573 1699 1629; x_wconf 88' lang='lat' dir='ltr'><strong>tumultibus</strong></span> <span class='ocrx_word' id='word_1_179' title='bbox 1718 1577 2044 1643; x_wconf 78' lang='lat' dir='ltr'><strong>exagitatum</strong></span> 
     </span>
    </p>
   </div>
   <div class='ocr_carea' id='block_1_25' title="bbox 482 1656 2040 1733">
    <p class='ocr_par' dir='ltr' id='par_1_25' title="bbox 482 1656 2040 1733">
     <span class='ocr_line' id='line_1_25' title="bbox 482 1656 2040 1733; baseline 0.008 -22"><span class='ocrx_word' id='word_1_180' title='bbox 482 1656 675 1722; x_wconf 77' lang='lat' dir='ltr'><strong>iri;uec</strong></span> <span class='ocrx_word' id='word_1_181' title='bbox 690 1659 806 1713; x_wconf 90' lang='lat' dir='ltr'><strong>sine</strong></span> <span class='ocrx_word' id='word_1_182' title='bbox 835 1660 939 1715; x_wconf 85' lang='lat' dir='ltr'><strong>tine</strong></span> <span class='ocrx_word' id='word_1_183' title='bbox 952 1664 1349 1730; x_wconf 83' lang='lat' dir='ltr'><strong>persecutiones</strong></span> <span class='ocrx_word' id='word_1_184' title='bbox 1372 1679 1650 1733; x_wconf 90' lang='lat' dir='ltr'><strong>passuram</strong></span> <span class='ocrx_word' id='word_1_185' title='bbox 1667 1668 1994 1723; x_wconf 90' lang='lat' dir='ltr'><strong>vaticinatur</strong></span> <span class='ocrx_word' id='word_1_186' title='bbox 2028 1689 2040 1724; x_wconf 91' lang='lat'>:</span> 
     </span>
    </p>
   </div>
   <div class='ocr_carea' id='block_1_26' title="bbox 482 1750 2043 1823">
    <p class='ocr_par' dir='ltr' id='par_1_26' title="bbox 482 1750 2043 1823">
     <span class='ocr_line' id='line_1_26' title="bbox 482 1750 2043 1823; baseline 0.008 -20"><span class='ocrx_word' id='word_1_187' title='bbox 482 1750 575 1804; x_wconf 89' lang='lat' dir='ltr'><strong>sed</strong></span> <span class='ocrx_word' id='word_1_188' title='bbox 607 1752 909 1819; x_wconf 84' lang='lat' dir='ltr'><strong>quieturam</strong></span> <span class='ocrx_word' id='word_1_189' title='bbox 941 1753 1248 1823; x_wconf 88' lang='lat' dir='ltr'><strong>aliquando,</strong></span> <span class='ocrx_word' id='word_1_190' title='bbox 1282 1764 1334 1810; x_wconf 91' lang='lat' dir='ltr'><strong>et</strong></span> <span class='ocrx_word' id='word_1_191' title='bbox 1361 1757 1723 1813; x_wconf 80' lang='lat' dir='ltr'><strong>ltaltitaturatn</strong></span> <span class='ocrx_word' id='word_1_192' title='bbox 1759 1762 1812 1814; x_wconf 90' lang='lat' dir='ltr'><strong>in</strong></span> <span class='ocrx_word' id='word_1_193' title='bbox 1837 1771 2043 1817; x_wconf 88' lang='lat' dir='ltr'><strong>semet-</strong></span> 
     </span>
    </p>
   </div>
   <div class='ocr_carea' id='block_1_27' title="bbox 480 1841 2043 1923">
    <p class='ocr_par' dir='ltr' id='par_1_27' title="bbox 480 1841 2043 1923">
     <span class='ocr_line' id='line_1_27' title="bbox 480 1841 2043 1923; baseline 0.008 -28"><span class='ocrx_word' id='word_1_194' title='bbox 480 1841 616 1910; x_wconf 87' lang='lat' dir='ltr'><strong>ipsa,</strong></span> <span class='ocrx_word' id='word_1_195' title='bbox 659 1856 753 1897; x_wconf 90' lang='lat' dir='ltr'><strong>seu</strong></span> <span class='ocrx_word' id='word_1_196' title='bbox 786 1848 837 1897; x_wconf 91' lang='lat' dir='ltr'><strong>in</strong></span> <span class='ocrx_word' id='word_1_197' title='bbox 867 1845 982 1900; x_wconf 88' lang='lat' dir='ltr'><strong>loco</strong></span> <span class='ocrx_word' id='word_1_198' title='bbox 1015 1861 1133 1911; x_wconf 87' lang='lat' dir='ltr'><strong>suo,</strong></span> <span class='ocrx_word' id='word_1_199' title='bbox 1165 1848 1268 1902; x_wconf 93' lang='lat' dir='ltr'><strong>ltoc</strong></span> <span class='ocrx_word' id='word_1_200' title='bbox 1294 1856 1394 1912; x_wconf 86' lang='lat' dir='ltr'><strong>est,</strong></span> <span class='ocrx_word' id='word_1_201' title='bbox 1436 1848 1762 1917; x_wconf 78' lang='lat' dir='ltr'><strong>seiunctam,</strong></span> <span class='ocrx_word' id='word_1_202' title='bbox 1793 1852 1959 1923; x_wconf 71' lang='lat'><strong>779</strong></span> <span class='ocrx_word' id='word_1_203' title='bbox 1989 1863 2043 1908; x_wconf 88' lang='lat' dir='ltr'><strong>et</strong></span> 
     </span>
    </p>
   </div>
   <div class='ocr_carea' id='block_1_28' title="bbox 479 1932 2042 2005">
    <p class='ocr_par' dir='ltr' id='par_1_28' title="bbox 479 1932 2042 2005">
     <span class='ocr_line' id='line_1_28' title="bbox 479 1932 2042 2005; baseline 0.009 -20"><span class='ocrx_word' id='word_1_204' title='bbox 479 1932 672 1998; x_wconf 90' lang='lat' dir='ltr'><strong>solam,</strong></span> <span class='ocrx_word' id='word_1_205' title='bbox 700 1934 947 1999; x_wconf 77' lang='lat' dir='ltr'><strong>turbante</strong></span> <span class='ocrx_word' id='word_1_206' title='bbox 1003 1937 1255 2005; x_wconf 81' lang='lat' dir='ltr'><strong>nemine,</strong></span> <span class='ocrx_word' id='word_1_207' title='bbox 1285 1954 1391 1994; x_wconf 90' lang='lat' dir='ltr'><strong>non</strong></span> <span class='ocrx_word' id='word_1_208' title='bbox 1445 1941 1844 1997; x_wconf 82' lang='lat' dir='ltr'><strong>tribulationem</strong></span> <span class='ocrx_word' id='word_1_209' title='bbox 1896 1945 2042 1999; x_wconf 78' lang='lat' dir='ltr'><strong>exci-</strong></span> 
     </span>
    </p>
   </div>
   <div class='ocr_carea' id='block_1_29' title="bbox 408 2016 2040 2097">
    <p class='ocr_par' dir='ltr' id='par_1_29' title="bbox 408 2016 2040 2097">
     <span class='ocr_line' id='line_1_29' title="bbox 408 2016 2040 2097; baseline 0.009 -22"><span class='ocrx_word' id='word_1_210' title='bbox 408 2016 417 2063; x_wconf 75' lang='grc' dir='ltr'>ῗ</span> <span class='ocrx_word' id='word_1_211' title='bbox 479 2030 649 2089; x_wconf 89' lang='lat' dir='ltr'><strong>tante,</strong></span> <span class='ocrx_word' id='word_1_212' title='bbox 696 2039 805 2080; x_wconf 91' lang='lat' dir='ltr'><strong>non</strong></span> <span class='ocrx_word' id='word_1_213' title='bbox 842 2034 1103 2083; x_wconf 85' lang='lat' dir='ltr'><strong>terrorem</strong></span> <span class='ocrx_word' id='word_1_214' title='bbox 1151 2029 1495 2097; x_wconf 79' lang='lat' dir='ltr'><strong>immittente,</strong></span> <span class='ocrx_word' id='word_1_215' title='bbox 1536 2048 1639 2087; x_wconf 91' lang='lat' dir='ltr'><strong>non</strong></span> <span class='ocrx_word' id='word_1_216' title='bbox 1684 2035 2040 2090; x_wconf 86' lang='lat' dir='ltr'><strong>tentatiouum</strong></span> 
     </span>
    </p>
   </div>
   <div class='ocr_carea' id='block_1_30' title="bbox 479 2118 2040 2183">
    <p class='ocr_par' dir='ltr' id='par_1_30' title="bbox 479 2118 2040 2183">
     <span class='ocr_line' id='line_1_30' title="bbox 479 2118 2040 2183; baseline 0.01 -16"><span class='ocrx_word' id='word_1_217' title='bbox 479 2130 745 2173; x_wconf 82' lang='lat' dir='ltr'><strong>maerores</strong></span> <span class='ocrx_word' id='word_1_218' title='bbox 788 2118 1162 2175; x_wconf 88' lang='lat' dir='ltr'><strong>accumulante</strong></span> <span class='ocrx_word' id='word_1_219' title='bbox 1188 2140 1201 2176; x_wconf 91' lang='lat'><strong>:</strong></span> <span class='ocrx_word' id='word_1_220' title='bbox 1230 2140 1249 2175; x_wconf 83' lang='lat' dir='ltr'><strong>t</strong></span> <span class='ocrx_word' id='word_1_221' title='bbox 1292 2122 1531 2179; x_wconf 78' lang='lat' dir='ltr'><strong>Salvabit</strong></span> <span class='ocrx_word' id='word_1_222' title='bbox 1584 2126 1726 2180; x_wconf 90' lang='lat' dir='ltr'><strong>enim</strong></span> <span class='ocrx_word' id='word_1_223' title='bbox 1781 2127 2040 2183; x_wconf 86' lang='lat' dir='ltr'><strong>Dominus</strong></span> 
     </span>
    </p>
   </div>
   <div class='ocr_carea' id='block_1_31' title="bbox 481 2196 2042 2288">
    <p class='ocr_par' dir='ltr' id='par_1_31' title="bbox 481 2196 2042 2288">
     <span class='ocr_line' id='line_1_31' title="bbox 481 2196 2042 2288; baseline 0.008 -26"><span class='ocrx_word' id='word_1_224' title='bbox 481 2209 825 2265; x_wconf 82' lang='lat' dir='ltr'><strong>tabernacula</strong></span> <span class='ocrx_word' id='word_1_225' title='bbox 874 2196 1039 2279; x_wconf 63' lang='lat' dir='ltr'><strong>Juda,</strong></span> <span class='ocrx_word' id='word_1_226' title='bbox 1098 2214 1239 2270; x_wconf 84' lang='lat' dir='ltr'><strong>sicut</strong></span> <span class='ocrx_word' id='word_1_227' title='bbox 1292 2230 1322 2270; x_wconf 91' lang='lat' dir='ltr'><strong>a</strong></span> <span class='ocrx_word' id='word_1_228' title='bbox 1376 2217 1663 2288; x_wconf 88' lang='lat' dir='ltr'><strong>principio.</strong></span> <span class='ocrx_word' id='word_1_229' title='bbox 1718 2236 1737 2271; x_wconf 73' lang='grc' dir='ltr'><strong>ι</strong></span> <span class='ocrx_word' id='word_1_230' title='bbox 1769 2218 2042 2275; x_wconf 86' lang='lat' dir='ltr'><strong>Ecclesias</strong></span> 
     </span>
    </p>
   </div>
   <div class='ocr_carea' id='block_1_32' title="bbox 478 2302 2041 2382">
    <p class='ocr_par' dir='ltr' id='par_1_32' title="bbox 478 2302 2041 2382">
     <span class='ocr_line' id='line_1_32' title="bbox 478 2302 2041 2382; baseline 0.007 -26"><span class='ocrx_word' id='word_1_231' title='bbox 478 2317 627 2368; x_wconf 86' lang='lat' dir='ltr'><strong>suas,</strong></span> <span class='ocrx_word' id='word_1_232' title='bbox 656 2302 1142 2362; x_wconf 76' lang='lat' dir='ltr'><strong>sive-tabernacula</strong></span> <span class='ocrx_word' id='word_1_233' title='bbox 1196 2322 1294 2364; x_wconf 88' lang='lat' dir='ltr'><strong>sua</strong></span> <span class='ocrx_word' id='word_1_234' title='bbox 1336 2310 1409 2363; x_wconf 87' lang='lat' dir='ltr'><strong>ita</strong></span> <span class='ocrx_word' id='word_1_235' title='bbox 1463 2318 1728 2381; x_wconf 79' lang='lat' dir='ltr'><strong>proteget,</strong></span> <span class='ocrx_word' id='word_1_236' title='bbox 1784 2319 1843 2366; x_wconf 89' lang='lat' dir='ltr'><strong>ut</strong></span> <span class='ocrx_word' id='word_1_237' title='bbox 1888 2326 2041 2382; x_wconf 69' lang='lat' dir='ltr'><strong>teque</strong></span> 
     </span>
    </p>
   </div>
   <div class='ocr_carea' id='block_1_33' title="bbox 478 2395 2037 2472">
    <p class='ocr_par' dir='ltr' id='par_1_33' title="bbox 478 2395 2037 2472">
     <span class='ocr_line' id='line_1_33' title="bbox 478 2395 2037 2472; baseline 0.007 -25"><span class='ocrx_word' id='word_1_238' title='bbox 478 2409 726 2463; x_wconf 87' lang='lat' dir='ltr'><strong>magnam</strong></span> <span class='ocrx_word' id='word_1_239' title='bbox 752 2395 980 2467; x_wconf 77' lang='lat' dir='ltr'><strong>gratiam</strong></span> <span class='ocrx_word' id='word_1_240' title='bbox 1014 2398 1068 2453; x_wconf 93' lang='lat' dir='ltr'><strong>in</strong></span> <span class='ocrx_word' id='word_1_241' title='bbox 1099 2414 1191 2454; x_wconf 85' lang='lat' dir='ltr'><strong>eas</strong></span> <span class='ocrx_word' id='word_1_242' title='bbox 1222 2401 1481 2467; x_wconf 77' lang='lat' dir='ltr'><strong>conferat,</strong></span> <span class='ocrx_word' id='word_1_243' title='bbox 1507 2416 1668 2472; x_wconf 87' lang='lat' dir='ltr'><strong>quam</strong></span> <span class='ocrx_word' id='word_1_244' title='bbox 1704 2402 1757 2457; x_wconf 89' lang='lat' dir='ltr'><strong>itt</strong></span> <span class='ocrx_word' id='word_1_245' title='bbox 1784 2402 2037 2460; x_wconf 12' lang='lat' dir='ltr'><strong>lsra‘elem</strong></span> 
     </span>
    </p>
   </div>
   <div class='ocr_carea' id='block_1_34' title="bbox 474 2485 2036 2560">
    <p class='ocr_par' dir='ltr' id='par_1_34' title="bbox 474 2485 2036 2560">
     <span class='ocr_line' id='line_1_34' title="bbox 474 2485 2036 2560; baseline 0.007 -22"><span class='ocrx_word' id='word_1_246' title='bbox 474 2485 722 2551; x_wconf 89' lang='lat' dir='ltr'><strong>contulit,</strong></span> <span class='ocrx_word' id='word_1_247' title='bbox 751 2501 909 2555; x_wconf 90' lang='lat' dir='ltr'><strong>quem</strong></span> <span class='ocrx_word' id='word_1_248' title='bbox 940 2503 1005 2541; x_wconf 83' lang='lat' dir='ltr'><strong>ex</strong></span> <span class='ocrx_word' id='word_1_249' title='bbox 1035 2487 1270 2560; x_wconf 63' lang='lat' dir='ltr'><strong>IEgypto</strong></span> <span class='ocrx_word' id='word_1_250' title='bbox 1314 2489 1586 2546; x_wconf 81' lang='lat' dir='ltr'><strong>liberavit.</strong></span> <span class='ocrx_word' id='word_1_251' title='bbox 1637 2492 1837 2549; x_wconf 80' lang='lat' dir='ltr'><strong>Eduxit</strong></span> <span class='ocrx_word' id='word_1_252' title='bbox 1893 2494 2036 2551; x_wconf 89' lang='lat' dir='ltr'><strong>enim</strong></span> 
     </span>
    </p>
   </div>
   <div class='ocr_carea' id='block_1_35' title="bbox 474 2573 2041 2651">
    <p class='ocr_par' dir='ltr' id='par_1_35' title="bbox 474 2573 2041 2651">
     <span class='ocr_line' id='line_1_35' title="bbox 474 2573 2041 2651; baseline 0.009 -25"><span class='ocrx_word' id='word_1_253' title='bbox 474 2573 622 2628; x_wconf 90' lang='lat' dir='ltr'><strong>illum</strong></span> <span class='ocrx_word' id='word_1_254' title='bbox 660 2594 678 2628; x_wconf 75' lang='grc' dir='ltr'><strong>ι</strong></span> <span class='ocrx_word' id='word_1_255' title='bbox 707 2577 910 2632; x_wconf 89' lang='lat' dir='ltr'><strong>edomo</strong></span> <span class='ocrx_word' id='word_1_256' title='bbox 938 2579 1234 2645; x_wconf 79' lang='lat' dir='ltr'><strong>servitutis,</strong></span> <span class='ocrx_word' id='word_1_257' title='bbox 1256 2591 1311 2636; x_wconf 93' lang='lat' dir='ltr'><strong>et</strong></span> <span class='ocrx_word' id='word_1_258' title='bbox 1331 2595 1361 2636; x_wconf 90' lang='lat' dir='ltr'><strong>e</strong></span> <span class='ocrx_word' id='word_1_259' title='bbox 1386 2580 1610 2638; x_wconf 85' lang='lat' dir='ltr'><strong>fornace</strong></span> <span class='ocrx_word' id='word_1_260' title='bbox 1631 2582 1873 2651; x_wconf 56' lang='lat' dir='ltr'><strong>ferrea,»</strong></span> <span class='ocrx_word' id='word_1_261' title='bbox 1897 2587 2041 2642; x_wconf 84' lang='lat' dir='ltr'><strong>sicut</strong></span> 
     </span>
    </p>
   </div>
   <div class='ocr_carea' id='block_1_36' title="bbox 472 2669 2036 2736">
    <p class='ocr_par' dir='ltr' id='par_1_36' title="bbox 472 2669 2036 2736">
     <span class='ocr_line' id='line_1_36' title="bbox 472 2669 2036 2736; baseline 0.007 -16"><span class='ocrx_word' id='word_1_262' title='bbox 472 2670 731 2736; x_wconf 87' lang='lat' dir='ltr'><strong>scriptum</strong></span> <span class='ocrx_word' id='word_1_263' title='bbox 760 2678 845 2724; x_wconf 88' lang='lat' dir='ltr'><strong>est</strong></span> <span class='ocrx_word' id='word_1_264' title='bbox 880 2669 925 2702; x_wconf 80' lang='grc'><strong>⁷¹</strong></span> <span class='ocrx_word' id='word_1_265' title='bbox 950 2670 984 2735; x_wconf 82' lang='grc'>⁸,</span> <span class='ocrx_word' id='word_1_266' title='bbox 1022 2679 1075 2724; x_wconf 92' lang='lat' dir='ltr'><strong>et</strong></span> <span class='ocrx_word' id='word_1_267' title='bbox 1109 2685 1157 2724; x_wconf 54' lang='lat' dir='ltr'><strong>e&#39;</strong></span> <span class='ocrx_word' id='word_1_268' title='bbox 1199 2672 1477 2728; x_wconf 89' lang='lat' dir='ltr'><strong>dominatu</strong></span> <span class='ocrx_word' id='word_1_269' title='bbox 1528 2674 1854 2732; x_wconf 85' lang='lat' dir='ltr'><strong>intolerabili</strong></span> <span class='ocrx_word' id='word_1_270' title='bbox 1912 2678 2036 2732; x_wconf 87' lang='lat' dir='ltr'><strong>uni-</strong></span> 
     </span>
    </p>
   </div>
   <div class='ocr_carea' id='block_1_37' title="bbox 472 2760 2039 2824">
    <p class='ocr_par' dir='ltr' id='par_1_37' title="bbox 472 2760 2039 2824">
     <span class='ocr_line' id='line_1_37' title="bbox 472 2760 2039 2824; baseline 0.008 -14"><span class='ocrx_word' id='word_1_271' title='bbox 472 2772 751 2813; x_wconf 82' lang='lat' dir='ltr'><strong>versorum</strong></span> <span class='ocrx_word' id='word_1_272' title='bbox 782 2760 943 2823; x_wconf 88' lang='lat' dir='ltr'><strong>Deus,</strong></span> <span class='ocrx_word' id='word_1_273' title='bbox 988 2779 1005 2811; x_wconf 82' lang='lat' dir='ltr'><strong>t</strong></span> <span class='ocrx_word' id='word_1_274' title='bbox 1029 2761 1080 2816; x_wconf 91' lang='lat' dir='ltr'><strong>in</strong></span> <span class='ocrx_word' id='word_1_275' title='bbox 1108 2777 1267 2817; x_wconf 88' lang='lat' dir='ltr'><strong>manu</strong></span> <span class='ocrx_word' id='word_1_276' title='bbox 1286 2764 1409 2819; x_wconf 83' lang='lat' dir='ltr'><strong>forti</strong></span> <span class='ocrx_word' id='word_1_277' title='bbox 1434 2775 1488 2820; x_wconf 89' lang='lat' dir='ltr'><strong>et</strong></span> <span class='ocrx_word' id='word_1_278' title='bbox 1527 2766 1581 2820; x_wconf 92' lang='lat' dir='ltr'><strong>in</strong></span> <span class='ocrx_word' id='word_1_279' title='bbox 1614 2766 1836 2823; x_wconf 88' lang='lat' dir='ltr'><strong>brachio</strong></span> <span class='ocrx_word' id='word_1_280' title='bbox 1859 2770 2039 2824; x_wconf 76' lang='lat' dir='ltr'><strong>excel-</strong></span> 
     </span>
    </p>
   </div>
   <div class='ocr_carea' id='block_1_38' title="bbox 474 2851 2039 2927">
    <p class='ocr_par' dir='ltr' id='par_1_38' title="bbox 474 2851 2039 2927">
     <span class='ocr_line' id='line_1_38' title="bbox 474 2851 2039 2927; baseline 0.006 -22"><span class='ocrx_word' id='word_1_281' title='bbox 474 2866 537 2905; x_wconf 88' lang='lat' dir='ltr'><strong>so</strong></span> <span class='ocrx_word' id='word_1_282' title='bbox 571 2851 637 2917; x_wconf 85' lang='lat'><strong>&quot;,</strong></span> <span class='ocrx_word' id='word_1_283' title='bbox 673 2868 693 2904; x_wconf 74' lang='grc' dir='ltr'><strong>ι</strong></span> <span class='ocrx_word' id='word_1_284' title='bbox 730 2852 946 2921; x_wconf 88' lang='lat' dir='ltr'><strong>quando</strong></span> <span class='ocrx_word' id='word_1_285' title='bbox 1000 2864 1376 2920; x_wconf 85' lang='lat' dir='ltr'><strong>persecutores</strong></span> <span class='ocrx_word' id='word_1_286' title='bbox 1433 2857 1551 2927; x_wconf 85' lang='lat' dir='ltr'><strong>ejus</strong></span> <span class='ocrx_word' id='word_1_287' title='bbox 1604 2876 1623 2909; x_wconf 77' lang='grc' dir='ltr'><strong>ι</strong></span> <span class='ocrx_word' id='word_1_288' title='bbox 1680 2859 1939 2914; x_wconf 86' lang='lat' dir='ltr'><strong>demersit</strong></span> <span class='ocrx_word' id='word_1_289' title='bbox 1984 2862 2039 2915; x_wconf 90' lang='lat' dir='ltr'><strong>in</strong></span> 
     </span>
    </p>
   </div>
   <div class='ocr_carea' id='block_1_39' title="bbox 472 2940 2039 3015">
    <p class='ocr_par' dir='ltr' id='par_1_39' title="bbox 472 2940 2039 3015">
     <span class='ocr_line' id='line_1_39' title="bbox 472 2940 2039 3015; baseline 0.01 -22"><span class='ocrx_word' id='word_1_290' title='bbox 472 2941 609 2995; x_wconf 88' lang='lat' dir='ltr'><strong>mari</strong></span> <span class='ocrx_word' id='word_1_291' title='bbox 636 2940 839 3009; x_wconf 82' lang='lat' dir='ltr'><strong>Rubro,</strong></span> <span class='ocrx_word' id='word_1_292' title='bbox 856 2953 1016 3013; x_wconf 84' lang='lat' dir='ltr'><strong>ponto</strong></span> <span class='ocrx_word' id='word_1_293' title='bbox 1030 2946 1307 3014; x_wconf 85' lang='lat' dir='ltr'><strong>cooperuit</strong></span> <span class='ocrx_word' id='word_1_294' title='bbox 1321 2963 1434 3015; x_wconf 86' lang='lat' dir='ltr'><strong>eos,</strong></span> <span class='ocrx_word' id='word_1_295' title='bbox 1453 2958 1509 3004; x_wconf 90' lang='lat' dir='ltr'><strong>et</strong></span> <span class='ocrx_word' id='word_1_296' title='bbox 1524 2950 1920 3007; x_wconf 87' lang='lat' dir='ltr'><strong>descenderunt</strong></span> <span class='ocrx_word' id='word_1_297' title='bbox 1933 2953 2039 3010; x_wconf 90' lang='lat' dir='ltr'><strong>sic-</strong></span> 
     </span>
    </p>
   </div>
   <div class='ocr_carea' id='block_1_40' title="bbox 2187 1599 3716 1674">
    <p class='ocr_par' dir='ltr' id='par_1_40' title="bbox 2187 1599 3716 1674">
     <span class='ocr_line' id='line_1_40' title="bbox 2187 1599 3716 1674; baseline 0.005 -23"><span class='ocrx_word' id='word_1_298' title='bbox 2187 1600 2304 1664; x_wconf 69' lang='grc' dir='ltr'>ιιΛο.</span> <span class='ocrx_word' id='word_1_299' title='bbox 2344 1599 2456 1652; x_wconf 84' lang='grc' dir='ltr'>Οὐκ</span> <span class='ocrx_word' id='word_1_300' title='bbox 2488 1600 2573 1654; x_wconf 80' lang='grc' dir='ltr'><strong>ἀεὶ</strong></span> <span class='ocrx_word' id='word_1_301' title='bbox 2592 1600 2689 1671; x_wconf 84' lang='grc' dir='ltr'>τὴν</span> <span class='ocrx_word' id='word_1_302' title='bbox 2738 1600 3062 1672; x_wconf 81' lang='grc' dir='ltr'>Ἐκκλησίαν</span> <span class='ocrx_word' id='word_1_303' title='bbox 3099 1603 3156 1655; x_wconf 79' lang='grc' dir='ltr'>ἐν</span> <span class='ocrx_word' id='word_1_304' title='bbox 3185 1602 3435 1674; x_wconf 88' lang='grc' dir='ltr'>θορύϐοις</span> <span class='ocrx_word' id='word_1_305' title='bbox 3458 1604 3716 1673; x_wconf 84' lang='grc' dir='ltr'>γενέσθαι</span> 
     </span>
    </p>
   </div>
   <div class='ocr_carea' id='block_1_41' title="bbox 2151 1688 3716 1763">
    <p class='ocr_par' dir='ltr' id='par_1_41' title="bbox 2151 1688 3716 1763">
     <span class='ocr_line' id='line_1_41' title="bbox 2151 1688 3716 1763; baseline 0.004 -22"><span class='ocrx_word' id='word_1_306' title='bbox 2151 1689 2338 1757; x_wconf 73' lang='grc' dir='ltr'>φησὶν,</span> <span class='ocrx_word' id='word_1_307' title='bbox 2366 1688 2490 1742; x_wconf 79' lang='grc' dir='ltr'>οὗτε</span> <span class='ocrx_word' id='word_1_308' title='bbox 2517 1689 2624 1762; x_wconf 85' lang='grc' dir='ltr'>μὴν</span> <span class='ocrx_word' id='word_1_309' title='bbox 2661 1690 3047 1762; x_wconf 86' lang='grc' dir='ltr'>ἀτελευτήτους</span> <span class='ocrx_word' id='word_1_310' title='bbox 3094 1693 3381 1763; x_wconf 84' lang='grc' dir='ltr'>ὑπομεῖναι</span> <span class='ocrx_word' id='word_1_311' title='bbox 3424 1694 3552 1757; x_wconf 83' lang='grc' dir='ltr'>τοὺς</span> <span class='ocrx_word' id='word_1_312' title='bbox 3593 1695 3716 1747; x_wconf 85' lang='grc' dir='ltr'>διω-</span> 
     </span>
    </p>
   </div>
   <div class='ocr_carea' id='block_1_42' title="bbox 2150 1780 3715 1854">
    <p class='ocr_par' dir='ltr' id='par_1_42' title="bbox 2150 1780 3715 1854">
     <span class='ocr_line' id='line_1_42' title="bbox 2150 1780 3715 1854; baseline 0.004 -23"><span class='ocrx_word' id='word_1_313' title='bbox 2150 1780 2321 1849; x_wconf 91' lang='grc' dir='ltr'>γμούς</span> <span class='ocrx_word' id='word_1_314' title='bbox 2340 1795 2355 1810; x_wconf 76' lang='grc' dir='ltr'><strong><em>ο</em></strong></span> <span class='ocrx_word' id='word_1_315' title='bbox 2389 1781 2504 1834; x_wconf 88' lang='grc' dir='ltr'>ἀλλ’</span> <span class='ocrx_word' id='word_1_316' title='bbox 2533 1782 2831 1851; x_wconf 78' lang='grc' dir='ltr'>ἠρεμήσειν</span> <span class='ocrx_word' id='word_1_317' title='bbox 2861 1799 2921 1835; x_wconf 90' lang='grc' dir='ltr'><strong>τε</strong></span> <span class='ocrx_word' id='word_1_318' title='bbox 2962 1783 3107 1837; x_wconf 87' lang='grc' dir='ltr'>κατὰ</span> <span class='ocrx_word' id='word_1_319' title='bbox 3133 1784 3376 1854; x_wconf 83' lang='grc' dir='ltr'>καιροὺς,</span> <span class='ocrx_word' id='word_1_320' title='bbox 3409 1785 3501 1837; x_wconf 78' lang='grc' dir='ltr'><strong>καὶ</strong></span> <span class='ocrx_word' id='word_1_321' title='bbox 3528 1802 3715 1838; x_wconf 85' lang='grc' dir='ltr'>κατοι-</span> 
     </span>
    </p>
   </div>
   <div class='ocr_carea' id='block_1_43' title="bbox 2144 1868 3719 1943">
    <p class='ocr_par' dir='ltr' id='par_1_43' title="bbox 2144 1868 3719 1943">
     <span class='ocr_line' id='line_1_43' title="bbox 2144 1868 3719 1943; baseline 0.004 -23"><span class='ocrx_word' id='word_1_322' title='bbox 2144 1869 2333 1938; x_wconf 88' lang='grc' dir='ltr'>κήσειν</span> <span class='ocrx_word' id='word_1_323' title='bbox 2379 1868 2500 1922; x_wconf 80' lang='grc' dir='ltr'>καθ’</span> <span class='ocrx_word' id='word_1_324' title='bbox 2546 1870 2762 1942; x_wconf 77' lang='grc' dir='ltr'>ἑαυτὴν,</span> <span class='ocrx_word' id='word_1_325' title='bbox 2811 1872 3056 1925; x_wconf 84' lang='grc' dir='ltr'>τουτέστι</span> <span class='ocrx_word' id='word_1_326' title='bbox 3109 1872 3445 1943; x_wconf 77' lang='grc' dir='ltr'>καταμόνας,</span> <span class='ocrx_word' id='word_1_327' title='bbox 3490 1874 3591 1927; x_wconf 81' lang='grc' dir='ltr'><strong>οὐκ</strong></span> <span class='ocrx_word' id='word_1_328' title='bbox 3631 1875 3719 1928; x_wconf 74' lang='grc' dir='ltr'><strong>ὲνο</strong></span> 
     </span>
    </p>
   </div>
   <div class='ocr_carea' id='block_1_44' title="bbox 2143 1957 3716 2030">
    <p class='ocr_par' dir='ltr' id='par_1_44' title="bbox 2143 1957 3716 2030">
     <span class='ocr_line' id='line_1_44' title="bbox 2143 1957 3716 2030; baseline 0.003 -19"><span class='ocrx_word' id='word_1_329' title='bbox 2143 1957 2419 2028; x_wconf 85' lang='grc' dir='ltr'>οχλοῦντός</span> <span class='ocrx_word' id='word_1_330' title='bbox 2446 1976 2619 2023; x_wconf 89' lang='grc' dir='ltr'>τινος,</span> <span class='ocrx_word' id='word_1_331' title='bbox 2646 1960 2704 2012; x_wconf 84' lang='grc' dir='ltr'><strong>οὐ</strong></span> <span class='ocrx_word' id='word_1_332' title='bbox 2732 1959 2907 2030; x_wconf 80' lang='grc' dir='ltr'>θλίψιν</span> <span class='ocrx_word' id='word_1_333' title='bbox 2959 1961 3270 2028; x_wconf 73' lang='grc' dir='ltr'>ἐπάγοντος,</span> <span class='ocrx_word' id='word_1_334' title='bbox 3329 1963 3428 2015; x_wconf 81' lang='grc' dir='ltr'><strong>οὐκ</strong></span> <span class='ocrx_word' id='word_1_335' title='bbox 3482 1962 3716 2026; x_wconf 74' lang='grc' dir='ltr'>ὲνιέγτος</span> 
     </span>
    </p>
   </div>
   <div class='ocr_carea' id='block_1_45' title="bbox 2142 2050 3716 2124">
    <p class='ocr_par' dir='ltr' id='par_1_45' title="bbox 2142 2050 3716 2124">
     <span class='ocr_line' id='line_1_45' title="bbox 2142 2050 3716 2124; baseline 0.003 -22"><span class='ocrx_word' id='word_1_336' title='bbox 2142 2050 2394 2121; x_wconf 82' lang='grc' dir='ltr'>δεῖμα,οὑ</span> <span class='ocrx_word' id='word_1_337' title='bbox 2429 2050 2528 2114; x_wconf 80' lang='grc' dir='ltr'>τὰς</span> <span class='ocrx_word' id='word_1_338' title='bbox 2556 2051 2663 2104; x_wconf 88' lang='grc' dir='ltr'><strong>τῶν</strong></span> <span class='ocrx_word' id='word_1_339' title='bbox 2681 2052 3000 2123; x_wconf 77' lang='grc' dir='ltr'>πειρασμῶν</span> <span class='ocrx_word' id='word_1_340' title='bbox 3025 2052 3324 2124; x_wconf 78' lang='grc' dir='ltr'>δυσθυμίας</span> <span class='ocrx_word' id='word_1_341' title='bbox 3353 2053 3716 2123; x_wconf 84' lang='grc' dir='ltr'>ὲπισωρεύον-</span> 
     </span>
    </p>
   </div>
   <div class='ocr_carea' id='block_1_46' title="bbox 2142 2143 3716 2216">
    <p class='ocr_par' dir='ltr' id='par_1_46' title="bbox 2142 2143 3716 2216">
     <span class='ocr_line' id='line_1_46' title="bbox 2142 2143 3716 2216; baseline 0 -18"><span class='ocrx_word' id='word_1_342' title='bbox 2142 2158 2261 2207; x_wconf 75' lang='grc' dir='ltr'>τοςο</span> <span class='ocrx_word' id='word_1_343' title='bbox 2301 2161 2319 2194; x_wconf 77' lang='grc' dir='ltr'><strong>ι</strong></span> <span class='ocrx_word' id='word_1_344' title='bbox 2356 2143 2524 2197; x_wconf 86' lang='grc' dir='ltr'>Σώσει</span> <span class='ocrx_word' id='word_1_345' title='bbox 2551 2144 2659 2214; x_wconf 83' lang='grc' dir='ltr'>γὰρ</span> <span class='ocrx_word' id='word_1_346' title='bbox 2690 2143 2894 2212; x_wconf 82' lang='grc' dir='ltr'>Κύριος</span> <span class='ocrx_word' id='word_1_347' title='bbox 2917 2143 2986 2198; x_wconf 84' lang='grc' dir='ltr'>τὰ</span> <span class='ocrx_word' id='word_1_348' title='bbox 3017 2143 3351 2216; x_wconf 83' lang='grc' dir='ltr'>σκηνώματα</span> <span class='ocrx_word' id='word_1_349' title='bbox 3388 2145 3578 2210; x_wconf 84' lang='grc' dir='ltr'>Ἰούδα,</span> <span class='ocrx_word' id='word_1_350' title='bbox 3615 2163 3716 2199; x_wconf 86' lang='grc' dir='ltr'>κα·-</span> 
     </span>
    </p>
   </div>
   <div class='ocr_carea' id='block_1_47' title="bbox 2143 2233 3716 2305">
    <p class='ocr_par' dir='ltr' id='par_1_47' title="bbox 2143 2233 3716 2305">
     <span class='ocr_line' id='line_1_47' title="bbox 2143 2233 3716 2305; baseline -0.001 -17"><span class='ocrx_word' id='word_1_351' title='bbox 2143 2233 2250 2298; x_wconf 88' lang='grc' dir='ltr'>θὼς</span> <span class='ocrx_word' id='word_1_352' title='bbox 2297 2234 2390 2287; x_wconf 85' lang='grc' dir='ltr'>ἀπ’</span> <span class='ocrx_word' id='word_1_353' title='bbox 2434 2234 2629 2305; x_wconf 82' lang='grc' dir='ltr'>ἀρχῆς.</span> <span class='ocrx_word' id='word_1_354' title='bbox 2677 2252 2697 2286; x_wconf 76' lang='grc' dir='ltr'><strong>ι</strong></span> <span class='ocrx_word' id='word_1_355' title='bbox 2753 2233 3204 2303; x_wconf 78' lang='grc' dir='ltr'>’Υπερασπιεῖται</span> <span class='ocrx_word' id='word_1_356' title='bbox 3250 2233 3391 2288; x_wconf 80' lang='grc' dir='ltr'>οὕτω</span> <span class='ocrx_word' id='word_1_357' title='bbox 3421 2233 3531 2287; x_wconf 83' lang='grc' dir='ltr'><strong>τῶν</strong></span> <span class='ocrx_word' id='word_1_358' title='bbox 3568 2235 3716 2287; x_wconf 76' lang='grc' dir='ltr'>ἰδίων</span> 
     </span>
    </p>
   </div>
   <div class='ocr_carea' id='block_1_48' title="bbox 2155 2325 3715 2398">
    <p class='ocr_par' dir='ltr' id='par_1_48' title="bbox 2155 2325 3715 2398">
     <span class='ocr_line' id='line_1_48' title="bbox 2155 2325 3715 2398; baseline -0.001 -18"><span class='ocrx_word' id='word_1_359' title='bbox 2155 2327 2504 2398; x_wconf 89' lang='grc' dir='ltr'>Ἐκκλησιῶν,</span> <span class='ocrx_word' id='word_1_360' title='bbox 2533 2326 2650 2396; x_wconf 72' lang='grc' dir='ltr'>ἦτοι</span> <span class='ocrx_word' id='word_1_361' title='bbox 2682 2325 2787 2379; x_wconf 88' lang='grc' dir='ltr'><strong>τῶν</strong></span> <span class='ocrx_word' id='word_1_362' title='bbox 2833 2326 3027 2379; x_wconf 81' lang='grc' dir='ltr'>ἑαυτοῦ</span> <span class='ocrx_word' id='word_1_363' title='bbox 3055 2326 3450 2398; x_wconf 83' lang='grc' dir='ltr'>σκηνωμάτων,</span> <span class='ocrx_word' id='word_1_364' title='bbox 3487 2326 3562 2391; x_wconf 83' lang='grc' dir='ltr'><strong>ὡς</strong></span> <span class='ocrx_word' id='word_1_365' title='bbox 3591 2326 3715 2397; x_wconf 79' lang='grc' dir='ltr'>ῐσην</span> 
     </span>
    </p>
   </div>
   <div class='ocr_carea' id='block_1_49' title="bbox 2140 2415 3711 2489">
    <p class='ocr_par' dir='ltr' id='par_1_49' title="bbox 2140 2415 3711 2489">
     <span class='ocr_line' id='line_1_49' title="bbox 2140 2415 3711 2489; baseline 0.001 -21"><span class='ocrx_word' id='word_1_366' title='bbox 2140 2416 2321 2478; x_wconf 83' lang='grc' dir='ltr'>αὐτοῖς</span> <span class='ocrx_word' id='word_1_367' title='bbox 2364 2415 2656 2485; x_wconf 83' lang='grc' dir='ltr'>ἀπονέμειν</span> <span class='ocrx_word' id='word_1_368' title='bbox 2704 2417 2957 2487; x_wconf 87' lang='grc' dir='ltr'>φροντίδα</span> <span class='ocrx_word' id='word_1_369' title='bbox 3019 2420 3085 2488; x_wconf 80' lang='grc' dir='ltr'>τῇ</span> <span class='ocrx_word' id='word_1_370' title='bbox 3142 2417 3309 2472; x_wconf 84' lang='grc' dir='ltr'>πάλαι</span> <span class='ocrx_word' id='word_1_371' title='bbox 3361 2417 3711 2489; x_wconf 80' lang='grc' dir='ltr'>δεδωρημένῃ</span> 
     </span>
    </p>
   </div>
   <div class='ocr_carea' id='block_1_50' title="bbox 2139 2506 3713 2581">
    <p class='ocr_par' dir='ltr' id='par_1_50' title="bbox 2139 2506 3713 2581">
     <span class='ocr_line' id='line_1_50' title="bbox 2139 2506 3713 2581; baseline 0.001 -20"><span class='ocrx_word' id='word_1_372' title='bbox 2139 2506 2484 2579; x_wconf 86' lang='grc' dir='ltr'>λυτρουμένῳ</span> <span class='ocrx_word' id='word_1_373' title='bbox 2518 2507 2577 2572; x_wconf 76' lang='grc' dir='ltr'><strong>ἐξ</strong></span> <span class='ocrx_word' id='word_1_374' title='bbox 2607 2509 2893 2577; x_wconf 71' lang='grc' dir='ltr'>Αἰγύπτου,</span> <span class='ocrx_word' id='word_1_375' title='bbox 2911 2508 2991 2580; x_wconf 85' lang='grc' dir='ltr'>τῷ</span> <span class='ocrx_word' id='word_1_376' title='bbox 3031 2510 3265 2581; x_wconf 87' lang='grc' dir='ltr'>Ἰσραήλ.</span> <span class='ocrx_word' id='word_1_377' title='bbox 3313 2509 3578 2580; x_wconf 81' lang='grc' dir='ltr'>Ἐξήγαγε</span> <span class='ocrx_word' id='word_1_378' title='bbox 3599 2510 3713 2580; x_wconf 83' lang='grc' dir='ltr'>γὰρ</span> 
     </span>
    </p>
   </div>
   <div class='ocr_carea' id='block_1_51' title="bbox 2138 2597 3711 2669">
    <p class='ocr_par' dir='ltr' id='par_1_51' title="bbox 2138 2597 3711 2669">
     <span class='ocr_line' id='line_1_51' title="bbox 2138 2597 3711 2669; baseline 0.001 -18"><span class='ocrx_word' id='word_1_379' title='bbox 2138 2597 2229 2652; x_wconf 76' lang='grc' dir='ltr'><strong>τὸν</strong></span> <span class='ocrx_word' id='word_1_380' title='bbox 2267 2597 2481 2669; x_wconf 81' lang='grc' dir='ltr'>Ἰσραὴλ</span> <span class='ocrx_word' id='word_1_381' title='bbox 2514 2617 2532 2649; x_wconf 77' lang='grc' dir='ltr'><strong>ι</strong></span> <span class='ocrx_word' id='word_1_382' title='bbox 2567 2598 2624 2665; x_wconf 75' lang='grc' dir='ltr'><strong>ἐξ</strong></span> <span class='ocrx_word' id='word_1_383' title='bbox 2654 2598 2803 2652; x_wconf 70' lang='grc' dir='ltr'>οἴκου</span> <span class='ocrx_word' id='word_1_384' title='bbox 2834 2599 3094 2664; x_wconf 81' lang='grc' dir='ltr'>δουλείας,</span> <span class='ocrx_word' id='word_1_385' title='bbox 3130 2599 3224 2655; x_wconf 71' lang='grc' dir='ltr'><strong>καὶ</strong></span> <span class='ocrx_word' id='word_1_386' title='bbox 3254 2600 3318 2652; x_wconf 83' lang='grc' dir='ltr'>ὲκ</span> <span class='ocrx_word' id='word_1_387' title='bbox 3345 2600 3577 2669; x_wconf 85' lang='grc' dir='ltr'>καμίνου</span> <span class='ocrx_word' id='word_1_388' title='bbox 3627 2618 3711 2653; x_wconf 85' lang='grc' dir='ltr'>σι-</span> 
     </span>
    </p>
   </div>
   <div class='ocr_carea' id='block_1_52' title="bbox 2140 2689 3713 2762">
    <p class='ocr_par' dir='ltr' id='par_1_52' title="bbox 2140 2689 3713 2762">
     <span class='ocr_line' id='line_1_52' title="bbox 2140 2689 3713 2762; baseline 0 -18"><span class='ocrx_word' id='word_1_389' title='bbox 2140 2691 2330 2761; x_wconf 82' lang='grc' dir='ltr'>δηρᾶς,</span> <span class='ocrx_word' id='word_1_390' title='bbox 2363 2689 2506 2743; x_wconf 89' lang='grc' dir='ltr'><strong>καθά</strong></span> <span class='ocrx_word' id='word_1_391' title='bbox 2531 2690 2857 2759; x_wconf 82' lang='grc' dir='ltr'>γέγραπται,</span> <span class='ocrx_word' id='word_1_392' title='bbox 2897 2710 2915 2743; x_wconf 81' lang='lat' dir='ltr'><strong>t</strong></span> <span class='ocrx_word' id='word_1_393' title='bbox 2959 2691 3053 2744; x_wconf 72' lang='grc' dir='ltr'>καὶ</span> <span class='ocrx_word' id='word_1_394' title='bbox 3101 2690 3173 2757; x_wconf 78' lang='grc' dir='ltr'>ἐξ,</span> <span class='ocrx_word' id='word_1_395' title='bbox 3202 2692 3473 2762; x_wconf 87' lang='grc' dir='ltr'>ἀφορήτου</span> <span class='ocrx_word' id='word_1_396' title='bbox 3520 2691 3713 2746; x_wconf 87' lang='grc' dir='ltr'>πλεον-</span> 
     </span>
    </p>
   </div>
   <div class='ocr_carea' id='block_1_53' title="bbox 2140 2776 3713 2855">
    <p class='ocr_par' dir='ltr' id='par_1_53' title="bbox 2140 2776 3713 2855">
     <span class='ocr_line' id='line_1_53' title="bbox 2140 2776 3713 2855; baseline 0 -18"><span class='ocrx_word' id='word_1_397' title='bbox 2140 2776 2286 2849; x_wconf 75' lang='grc' dir='ltr'>εξίας</span> <span class='ocrx_word' id='word_1_398' title='bbox 2314 2785 2342 2837; x_wconf 87' lang='grc' dir='ltr'><strong>ό</strong></span> <span class='ocrx_word' id='word_1_399' title='bbox 2375 2785 2483 2839; x_wconf 90' lang='grc' dir='ltr'><strong>τῶν</strong></span> <span class='ocrx_word' id='word_1_400' title='bbox 2527 2785 2661 2837; x_wconf 84' lang='grc' dir='ltr'>ὅλων</span> <span class='ocrx_word' id='word_1_401' title='bbox 2692 2784 2844 2850; x_wconf 84' lang='grc' dir='ltr'>Θεὸς,</span> <span class='ocrx_word' id='word_1_402' title='bbox 2888 2803 2908 2836; x_wconf 71' lang='grc' dir='ltr'><strong>ι</strong></span> <span class='ocrx_word' id='word_1_403' title='bbox 2944 2786 3003 2837; x_wconf 81' lang='grc' dir='ltr'>ὲν</span> <span class='ocrx_word' id='word_1_404' title='bbox 3039 2785 3182 2855; x_wconf 75' lang='grc' dir='ltr'>χειρὶ</span> <span class='ocrx_word' id='word_1_405' title='bbox 3213 2787 3467 2855; x_wconf 80' lang='grc' dir='ltr'>κραταιᾷ,</span> <span class='ocrx_word' id='word_1_406' title='bbox 3516 2784 3612 2838; x_wconf 80' lang='grc' dir='ltr'><strong>καὶ</strong></span> <span class='ocrx_word' id='word_1_407' title='bbox 3654 2786 3713 2837; x_wconf 83' lang='grc' dir='ltr'>ἐν</span> 
     </span>
    </p>
   </div>
   <div class='ocr_carea' id='block_1_54' title="bbox 2142 2873 3713 2947">
    <p class='ocr_par' dir='ltr' id='par_1_54' title="bbox 2142 2873 3713 2947">
     <span class='ocr_line' id='line_1_54' title="bbox 2142 2873 3713 2947; baseline -0.004 -14"><span class='ocrx_word' id='word_1_408' title='bbox 2142 2876 2384 2947; x_wconf 82' lang='grc' dir='ltr'>βραχίονι</span> <span class='ocrx_word' id='word_1_409' title='bbox 2420 2875 2628 2945; x_wconf 84' lang='grc' dir='ltr'>ὑψηλῷ,</span> <span class='ocrx_word' id='word_1_410' title='bbox 2669 2892 2688 2927; x_wconf 77' lang='grc' dir='ltr'><strong>ι</strong></span> <span class='ocrx_word' id='word_1_411' title='bbox 2722 2876 2811 2929; x_wconf 84' lang='grc' dir='ltr'><strong>ὅτε</strong></span> <span class='ocrx_word' id='word_1_412' title='bbox 2841 2876 2967 2939; x_wconf 79' lang='grc' dir='ltr'>τοὺς</span> <span class='ocrx_word' id='word_1_413' title='bbox 2993 2873 3283 2938; x_wconf 85' lang='grc' dir='ltr'>διώκοντας</span> <span class='ocrx_word' id='word_1_414' title='bbox 3321 2894 3340 2926; x_wconf 70' lang='grc' dir='ltr'><strong>ι</strong></span> <span class='ocrx_word' id='word_1_415' title='bbox 3390 2877 3713 2930; x_wconf 84' lang='grc' dir='ltr'>κατεπόντι-</span> 
     </span>
    </p>
   </div>
   <div class='ocr_carea' id='block_1_55' title="bbox 2141 2966 3719 3041">
    <p class='ocr_par' dir='ltr' id='par_1_55' title="bbox 2141 2966 3719 3041">
     <span class='ocr_line' id='line_1_55' title="bbox 2141 2966 3719 3041; baseline -0.001 -18"><span class='ocrx_word' id='word_1_416' title='bbox 2141 2986 2233 3023; x_wconf 88' lang='grc' dir='ltr'><strong>σεν</strong></span> <span class='ocrx_word' id='word_1_417' title='bbox 2266 2970 2325 3021; x_wconf 80' lang='grc' dir='ltr'>ὲν</span> <span class='ocrx_word' id='word_1_418' title='bbox 2365 2968 2599 3039; x_wconf 83' lang='grc' dir='ltr'>Ἐρυθρᾷ</span> <span class='ocrx_word' id='word_1_419' title='bbox 2647 2967 2907 3041; x_wconf 83' lang='grc' dir='ltr'>θαλάσσῃ,</span> <span class='ocrx_word' id='word_1_420' title='bbox 2955 2966 3160 3022; x_wconf 86' lang='grc' dir='ltr'>πόντων</span> <span class='ocrx_word' id='word_1_421' title='bbox 3189 2966 3457 3037; x_wconf 78' lang='grc' dir='ltr'>ἐκάλυψεν</span> <span class='ocrx_word' id='word_1_422' title='bbox 3489 2968 3719 3035; x_wconf 61' lang='grc' dir='ltr'>αὐτοὺς,</span> 
     </span>
    </p>
   </div>
   <div class='ocr_carea' id='block_1_56' title="bbox 477 3032 2034 3132">
    <p class='ocr_par' dir='ltr' id='par_1_56' title="bbox 477 3032 2034 3108">
     <span class='ocr_line' id='line_1_56' title="bbox 477 3032 2034 3108; baseline 0.011 -23"><span class='ocrx_word' id='word_1_423' title='bbox 477 3041 535 3086; x_wconf 92' lang='lat' dir='ltr'><strong>ut</strong></span> <span class='ocrx_word' id='word_1_424' title='bbox 561 3032 833 3101; x_wconf 90' lang='lat' dir='ltr'><strong>plumbum</strong></span> <span class='ocrx_word' id='word_1_425' title='bbox 877 3036 929 3091; x_wconf 92' lang='lat' dir='ltr'><strong>in</strong></span> <span class='ocrx_word' id='word_1_426' title='bbox 976 3053 1117 3107; x_wconf 89' lang='lat' dir='ltr'><strong>aqua</strong></span> <span class='ocrx_word' id='word_1_427' title='bbox 1149 3039 1476 3108; x_wconf 86' lang='lat' dir='ltr'><strong>vehementi,</strong></span> <span class='ocrx_word' id='word_1_428' title='bbox 1516 3052 1571 3098; x_wconf 89' lang='lat' dir='ltr'><strong>et</strong></span> <span class='ocrx_word' id='word_1_429' title='bbox 1614 3045 1943 3101; x_wconf 87' lang='lat' dir='ltr'><strong>transierunt</strong></span> <span class='ocrx_word' id='word_1_430' title='bbox 1973 3047 2034 3102; x_wconf 92' lang='lat' dir='ltr'><strong>li-</strong></span> 
     </span>
    </p>
   </div>
   <div class='ocr_carea' id='block_1_57' title="bbox 2139 3032 3712 3132">
    <p class='ocr_par' dir='ltr' id='par_1_57' title="bbox 2140 3032 3712 3132">
     <span class='ocr_line' id='line_1_57' title="bbox 2140 3032 3712 3132; baseline -0.001 -19"><span class='ocrx_word' id='word_1_431' title='bbox 2140 3061 2234 3114; x_wconf 75' lang='grc' dir='ltr'><strong>και</strong></span> <span class='ocrx_word' id='word_1_432' title='bbox 2266 3032 2458 3112; x_wconf 51' lang='grc' dir='ltr'>ἔδυσαν</span> <span class='ocrx_word' id='word_1_433' title='bbox 2485 3032 2616 3112; x_wconf 68' lang='grc' dir='ltr'><strong>ὼξςὲι</strong></span> <span class='ocrx_word' id='word_1_434' title='bbox 2646 3032 2891 3130; x_wconf 67' lang='grc' dir='ltr'>μόλιϐδος</span> <span class='ocrx_word' id='word_1_435' title='bbox 2932 3060 2988 3113; x_wconf 84' lang='grc' dir='ltr'>ὲν</span> <span class='ocrx_word' id='word_1_436' title='bbox 3019 3059 3169 3114; x_wconf 77' lang='grc' dir='ltr'>ὕδατι</span> <span class='ocrx_word' id='word_1_437' title='bbox 3200 3032 3412 3132; x_wconf 79' lang='grc' dir='ltr'>σφοδρῷ</span> <span class='ocrx_word' id='word_1_438' title='bbox 3433 3102 3449 3127; x_wconf 88' lang='grc'><strong>,</strong></span> <span class='ocrx_word' id='word_1_439' title='bbox 3493 3060 3588 3113; x_wconf 79' lang='grc' dir='ltr'>καὶ</span> <span class='ocrx_word' id='word_1_440' title='bbox 3627 3032 3712 3113; x_wconf 53' lang='lat' dir='ltr'><strong>si;</strong></span> 
     </span>
    </p>
   </div>
   <div class='ocr_carea' id='block_1_58' title="bbox 471 3126 2037 3209">
    <p class='ocr_par' dir='ltr' id='par_1_58' title="bbox 471 3126 2037 3209">
     <span class='ocr_line' id='line_1_58' title="bbox 471 3126 2037 3209; baseline 0.01 -29"><span class='ocrx_word' id='word_1_441' title='bbox 471 3126 644 3181; x_wconf 88' lang='lat' dir='ltr'><strong>berati</strong></span> <span class='ocrx_word' id='word_1_442' title='bbox 679 3128 745 3182; x_wconf 80' lang='grc'><strong>⁷⁸.</strong></span> <span class='ocrx_word' id='word_1_443' title='bbox 776 3147 809 3181; x_wconf 54' lang='grc' dir='ltr'><strong>λι</strong></span> <span class='ocrx_word' id='word_1_444' title='bbox 843 3129 1101 3186; x_wconf 86' lang='lat' dir='ltr'><strong>Columna</strong></span> <span class='ocrx_word' id='word_1_445' title='bbox 1134 3145 1312 3188; x_wconf 90' lang='lat' dir='ltr'><strong>autem</strong></span> <span class='ocrx_word' id='word_1_446' title='bbox 1344 3134 1482 3205; x_wconf 83' lang='lat' dir='ltr'><strong>ignis</strong></span> <span class='ocrx_word' id='word_1_447' title='bbox 1509 3150 1602 3191; x_wconf 90' lang='lat' dir='ltr'><strong>eos</strong></span> <span class='ocrx_word' id='word_1_448' title='bbox 1624 3145 1787 3193; x_wconf 91' lang='lat' dir='ltr'><strong>noctu</strong></span> <span class='ocrx_word' id='word_1_449' title='bbox 1835 3154 2037 3209; x_wconf 84' lang='lat' dir='ltr'><strong>praece-</strong></span> 
     </span>
    </p>
   </div>
   <div class='ocr_carea' id='block_1_59' title="bbox 473 3218 2037 3301">
    <p class='ocr_par' dir='ltr' id='par_1_59' title="bbox 473 3218 2037 3301">
     <span class='ocr_line' id='line_1_59' title="bbox 473 3218 2037 3301; baseline 0.01 -31"><span class='ocrx_word' id='word_1_450' title='bbox 473 3218 607 3273; x_wconf 89' lang='lat' dir='ltr'><strong>dens</strong></span> <span class='ocrx_word' id='word_1_451' title='bbox 633 3218 772 3273; x_wconf 80' lang='lat' dir='ltr'><strong>viam</strong></span> <span class='ocrx_word' id='word_1_452' title='bbox 797 3221 1068 3291; x_wconf 81' lang='lat' dir='ltr'><strong>signabat,</strong></span> <span class='ocrx_word' id='word_1_453' title='bbox 1101 3231 1154 3278; x_wconf 89' lang='lat' dir='ltr'><strong>et</strong></span> <span class='ocrx_word' id='word_1_454' title='bbox 1188 3239 1281 3293; x_wconf 89' lang='lat' dir='ltr'><strong>per</strong></span> <span class='ocrx_word' id='word_1_455' title='bbox 1307 3225 1446 3280; x_wconf 90' lang='lat' dir='ltr'><strong>diem</strong></span> <span class='ocrx_word' id='word_1_456' title='bbox 1474 3228 1645 3284; x_wconf 89' lang='lat' dir='ltr'><strong>nubes</strong></span> <span class='ocrx_word' id='word_1_457' title='bbox 1675 3244 1835 3297; x_wconf 90' lang='lat' dir='ltr'><strong>supra</strong></span> <span class='ocrx_word' id='word_1_458' title='bbox 1875 3242 2037 3301; x_wconf 85' lang='lat' dir='ltr'><strong>caput</strong></span> 
     </span>
    </p>
   </div>
   <div class='ocr_carea' id='block_1_60' title="bbox 472 3309 2034 3387">
    <p class='ocr_par' dir='ltr' id='par_1_60' title="bbox 472 3309 2034 3387">
     <span class='ocr_line' id='line_1_60' title="bbox 472 3309 2034 3387; baseline 0.011 -26"><span class='ocrx_word' id='word_1_459' title='bbox 472 3309 579 3362; x_wconf 80' lang='lat' dir='ltr'><strong>dux</strong></span> <span class='ocrx_word' id='word_1_460' title='bbox 629 3309 972 3380; x_wconf 85' lang='lat' dir='ltr'><strong>impendebat</strong></span> <span class='ocrx_word' id='word_1_461' title='bbox 997 3313 1063 3366; x_wconf 72' lang='grc'><strong>⁷⁵.</strong></span> <span class='ocrx_word' id='word_1_462' title='bbox 1097 3333 1116 3366; x_wconf 74' lang='grc' dir='ltr'><strong>ι</strong></span> <span class='ocrx_word' id='word_1_463' title='bbox 1151 3314 1354 3372; x_wconf 87' lang='lat' dir='ltr'><strong>Deinde</strong></span> <span class='ocrx_word' id='word_1_464' title='bbox 1374 3332 1568 3387; x_wconf 85' lang='lat' dir='ltr'><strong>panem</strong></span> <span class='ocrx_word' id='word_1_465' title='bbox 1598 3319 1666 3374; x_wconf 84' lang='lat' dir='ltr'><strong>de</strong></span> <span class='ocrx_word' id='word_1_466' title='bbox 1690 3321 1829 3376; x_wconf 67' lang='lat' dir='ltr'><strong>coelo</strong></span> <span class='ocrx_word' id='word_1_467' title='bbox 1883 3338 2034 3379; x_wconf 87' lang='lat' dir='ltr'><strong>com-</strong></span> 
     </span>
    </p>
   </div>
   <div class='ocr_carea' id='block_1_61' title="bbox 473 3402 2034 3484">
    <p class='ocr_par' dir='ltr' id='par_1_61' title="bbox 473 3402 2034 3484">
     <span class='ocr_line' id='line_1_61' title="bbox 473 3402 2034 3484; baseline 0.01 -28"><span class='ocrx_word' id='word_1_468' title='bbox 473 3402 701 3456; x_wconf 90' lang='lat' dir='ltr'><strong>ederunt</strong></span> <span class='ocrx_word' id='word_1_469' title='bbox 743 3404 811 3468; x_wconf 81' lang='grc'>⁷⁸,</span> <span class='ocrx_word' id='word_1_470' title='bbox 858 3413 915 3460; x_wconf 86' lang='lat' dir='ltr'><strong>et</strong></span> <span class='ocrx_word' id='word_1_471' title='bbox 989 3407 1042 3460; x_wconf 88' lang='lat' dir='ltr'><strong>in</strong></span> <span class='ocrx_word' id='word_1_472' title='bbox 1115 3408 1402 3465; x_wconf 87' lang='lat' dir='ltr'><strong>solitudine</strong></span> <span class='ocrx_word' id='word_1_473' title='bbox 1461 3426 1672 3468; x_wconf 88' lang='lat' dir='ltr'><strong>morsus</strong></span> <span class='ocrx_word' id='word_1_474' title='bbox 1723 3425 2034 3484; x_wconf 90' lang='lat' dir='ltr'><strong>serpentum</strong></span> 
     </span>
    </p>
   </div>
   <div class='ocr_carea' id='block_1_62' title="bbox 472 3494 2037 3566">
    <p class='ocr_par' dir='ltr' id='par_1_62' title="bbox 472 3494 2037 3566">
     <span class='ocr_line' id='line_1_62' title="bbox 472 3494 2037 3566; baseline 0.012 -21"><span class='ocrx_word' id='word_1_475' title='bbox 472 3502 761 3548; x_wconf 84' lang='lat' dir='ltr'><strong>evaserunt</strong></span> <span class='ocrx_word' id='word_1_476' title='bbox 793 3495 860 3549; x_wconf 83' lang='lat'><strong>&quot;.</strong></span> <span class='ocrx_word' id='word_1_477' title='bbox 897 3494 1156 3553; x_wconf 88' lang='lat' dir='ltr'><strong>Vicerunt</strong></span> <span class='ocrx_word' id='word_1_478' title='bbox 1187 3499 1458 3566; x_wconf 86' lang='lat' dir='ltr'><strong>inimicos,</strong></span> <span class='ocrx_word' id='word_1_479' title='bbox 1493 3504 1822 3559; x_wconf 90' lang='lat' dir='ltr'><strong>transierunt</strong></span> <span class='ocrx_word' id='word_1_480' title='bbox 1847 3504 2037 3563; x_wconf 87' lang='lat' dir='ltr'><strong>Jorda-</strong></span> 
     </span>
    </p>
   </div>
   <div class='ocr_carea' id='block_1_63' title="bbox 470 3585 2036 3666">
    <p class='ocr_par' dir='ltr' id='par_1_63' title="bbox 470 3585 2036 3666">
     <span class='ocr_line' id='line_1_63' title="bbox 470 3585 2036 3666; baseline 0.011 -30"><span class='ocrx_word' id='word_1_481' title='bbox 470 3598 593 3637; x_wconf 92' lang='lat' dir='ltr'><strong>nent</strong></span> <span class='ocrx_word' id='word_1_482' title='bbox 618 3585 685 3651; x_wconf 87' lang='lat'><strong>&quot;,</strong></span> <span class='ocrx_word' id='word_1_483' title='bbox 716 3586 1019 3643; x_wconf 88' lang='lat' dir='ltr'><strong>circumcisi</strong></span> <span class='ocrx_word' id='word_1_484' title='bbox 1048 3598 1193 3655; x_wconf 89' lang='lat' dir='ltr'><strong>sunt,</strong></span> <span class='ocrx_word' id='word_1_485' title='bbox 1217 3602 1478 3647; x_wconf 85' lang='lat' dir='ltr'><strong>venerunt</strong></span> <span class='ocrx_word' id='word_1_486' title='bbox 1505 3594 1557 3649; x_wconf 86' lang='lat' dir='ltr'><strong>in</strong></span> <span class='ocrx_word' id='word_1_487' title='bbox 1580 3603 1776 3650; x_wconf 89' lang='lat' dir='ltr'><strong>terram</strong></span> <span class='ocrx_word' id='word_1_488' title='bbox 1807 3598 2036 3666; x_wconf 89' lang='lat' dir='ltr'><strong>promis-</strong></span> 
     </span>
    </p>
   </div>
   <div class='ocr_carea' id='block_1_64' title="bbox 470 3670 2031 3752">
    <p class='ocr_par' dir='ltr' id='par_1_64' title="bbox 470 3670 2031 3752">
     <span class='ocr_line' id='line_1_64' title="bbox 470 3670 2031 3752; baseline 0.01 -27"><span class='ocrx_word' id='word_1_489' title='bbox 470 3670 639 3728; x_wconf 89' lang='lat' dir='ltr'><strong>sionis</strong></span> <span class='ocrx_word' id='word_1_490' title='bbox 668 3672 734 3729; x_wconf 79' lang='lat'><strong>&#39;°.</strong></span> <span class='ocrx_word' id='word_1_491' title='bbox 766 3673 893 3730; x_wconf 75' lang='lat' dir='ltr'><strong>Haec</strong></span> <span class='ocrx_word' id='word_1_492' title='bbox 917 3676 1138 3732; x_wconf 85' lang='lat' dir='ltr'><strong>donabit</strong></span> <span class='ocrx_word' id='word_1_493' title='bbox 1160 3678 1406 3736; x_wconf 88' lang='lat' dir='ltr'><strong>Christus</strong></span> <span class='ocrx_word' id='word_1_494' title='bbox 1436 3687 1804 3752; x_wconf 73' lang='lat' dir='ltr'><strong>quaerentibus</strong></span> <span class='ocrx_word' id='word_1_495' title='bbox 1848 3688 2031 3743; x_wconf 91' lang='lat' dir='ltr'><strong>taber-</strong></span> 
     </span>
    </p>
   </div>
   <div class='ocr_carea' id='block_1_65' title="bbox 470 3762 2032 3844">
    <p class='ocr_par' dir='ltr' id='par_1_65' title="bbox 470 3762 2032 3844">
     <span class='ocr_line' id='line_1_65' title="bbox 470 3762 2032 3844; baseline 0.011 -29"><span class='ocrx_word' id='word_1_496' title='bbox 470 3762 683 3829; x_wconf 86' lang='lat' dir='ltr'><strong>nacula,</strong></span> <span class='ocrx_word' id='word_1_497' title='bbox 715 3765 819 3821; x_wconf 88' lang='lat' dir='ltr'><strong>hoc</strong></span> <span class='ocrx_word' id='word_1_498' title='bbox 864 3777 967 3831; x_wconf 71' lang='lat' dir='ltr'><strong>eet,</strong></span> <span class='ocrx_word' id='word_1_499' title='bbox 1007 3767 1307 3826; x_wconf 87' lang='lat' dir='ltr'><strong>Ecclesiam</strong></span> <span class='ocrx_word' id='word_1_500' title='bbox 1345 3774 1470 3827; x_wconf 88' lang='lat' dir='ltr'><strong>:sic</strong></span> <span class='ocrx_word' id='word_1_501' title='bbox 1515 3784 1571 3829; x_wconf 90' lang='lat' dir='ltr'><strong>et</strong></span> <span class='ocrx_word' id='word_1_502' title='bbox 1624 3776 1752 3844; x_wconf 87' lang='lat' dir='ltr'><strong>ipsis</strong></span> <span class='ocrx_word' id='word_1_503' title='bbox 1804 3777 2032 3833; x_wconf 89' lang='lat' dir='ltr'><strong>salutem</strong></span> 
     </span>
    </p>
   </div>
   <div class='ocr_carea' id='block_1_66' title="bbox 473 3855 2036 3935">
    <p class='ocr_par' dir='ltr' id='par_1_66' title="bbox 473 3855 2036 3935">
     <span class='ocr_line' id='line_1_66' title="bbox 473 3855 2036 3935; baseline 0.013 -29"><span class='ocrx_word' id='word_1_504' title='bbox 473 3855 740 3920; x_wconf 87' lang='lat' dir='ltr'><strong>restituet,</strong></span> <span class='ocrx_word' id='word_1_505' title='bbox 788 3858 1048 3914; x_wconf 86' lang='lat' dir='ltr'><strong>diabolica</strong></span> <span class='ocrx_word' id='word_1_506' title='bbox 1075 3862 1336 3919; x_wconf 88' lang='lat' dir='ltr'><strong>servitute</strong></span> <span class='ocrx_word' id='word_1_507' title='bbox 1371 3867 1653 3935; x_wconf 86' lang='lat' dir='ltr'><strong>exemptis,</strong></span> <span class='ocrx_word' id='word_1_508' title='bbox 1705 3877 1758 3923; x_wconf 89' lang='lat' dir='ltr'><strong>et</strong></span> <span class='ocrx_word' id='word_1_509' title='bbox 1838 3870 2036 3926; x_wconf 69' lang='lat' dir='ltr'><strong>daemo-</strong></span> 
     </span>
    </p>
   </div>
   <div class='ocr_carea' id='block_1_67' title="bbox 470 3945 2033 4027">
    <p class='ocr_par' dir='ltr' id='par_1_67' title="bbox 470 3945 2033 4027">
     <span class='ocr_line' id='line_1_67' title="bbox 470 3945 2033 4027; baseline 0.012 -29"><span class='ocrx_word' id='word_1_510' title='bbox 470 3945 622 4000; x_wconf 86' lang='lat' dir='ltr'><strong>niaca</strong></span> <span class='ocrx_word' id='word_1_511' title='bbox 675 3947 1039 4005; x_wconf 87' lang='lat' dir='ltr'><strong>dominatione</strong></span> <span class='ocrx_word' id='word_1_512' title='bbox 1082 3951 1345 4025; x_wconf 84' lang='lat' dir='ltr'><strong>liberatis,</strong></span> <span class='ocrx_word' id='word_1_513' title='bbox 1397 3966 1452 4012; x_wconf 88' lang='lat' dir='ltr'><strong>et</strong></span> <span class='ocrx_word' id='word_1_514' title='bbox 1500 3973 1599 4027; x_wconf 84' lang='lat' dir='ltr'><strong>per</strong></span> <span class='ocrx_word' id='word_1_515' title='bbox 1652 3960 2033 4017; x_wconf 89' lang='lat' dir='ltr'><strong>distractiones</strong></span> 
     </span>
    </p>
   </div>
   <div class='ocr_carea' id='block_1_68' title="bbox 469 4034 2034 4118">
    <p class='ocr_par' dir='ltr' id='par_1_68' title="bbox 469 4034 2034 4118">
     <span class='ocr_line' id='line_1_68' title="bbox 469 4034 2034 4118; baseline 0.009 -26"><span class='ocrx_word' id='word_1_516' title='bbox 469 4034 628 4106; x_wconf 87' lang='lat' dir='ltr'><strong>hujus</strong></span> <span class='ocrx_word' id='word_1_517' title='bbox 661 4036 781 4096; x_wconf 69' lang='lat' dir='ltr'><strong>vitm</strong></span> <span class='ocrx_word' id='word_1_518' title='bbox 811 4046 866 4097; x_wconf 85' lang='lat' dir='ltr'><strong>et</strong></span> <span class='ocrx_word' id='word_1_519' title='bbox 893 4040 1073 4098; x_wconf 84' lang='lat' dir='ltr'><strong>turbas</strong></span> <span class='ocrx_word' id='word_1_520' title='bbox 1122 4042 1311 4101; x_wconf 88' lang='lat' dir='ltr'><strong>inanes</strong></span> <span class='ocrx_word' id='word_1_521' title='bbox 1373 4048 1520 4103; x_wconf 85' lang='lat' dir='ltr'><strong>velut</strong></span> <span class='ocrx_word' id='word_1_522' title='bbox 1569 4064 1664 4118; x_wconf 89' lang='lat' dir='ltr'><strong>per</strong></span> <span class='ocrx_word' id='word_1_523' title='bbox 1719 4065 1868 4106; x_wconf 88' lang='lat' dir='ltr'><strong>mare</strong></span> <span class='ocrx_word' id='word_1_524' title='bbox 1925 4061 2034 4106; x_wconf 87' lang='lat' dir='ltr'><strong>tra-</strong></span> 
     </span>
    </p>
   </div>
   <div class='ocr_carea' id='block_1_69' title="bbox 470 4133 2037 4208">
    <p class='ocr_par' dir='ltr' id='par_1_69' title="bbox 470 4133 2037 4208">
     <span class='ocr_line' id='line_1_69' title="bbox 470 4133 2037 4208; baseline 0.008 -22"><span class='ocrx_word' id='word_1_525' title='bbox 470 4133 688 4199; x_wconf 90' lang='lat' dir='ltr'><strong>ductis;</strong></span> <span class='ocrx_word' id='word_1_526' title='bbox 757 4134 1061 4192; x_wconf 90' lang='lat' dir='ltr'><strong>columnam</strong></span> <span class='ocrx_word' id='word_1_527' title='bbox 1096 4153 1313 4208; x_wconf 91' lang='lat' dir='ltr'><strong>quoque</strong></span> <span class='ocrx_word' id='word_1_528' title='bbox 1360 4149 1416 4193; x_wconf 89' lang='lat' dir='ltr'><strong>et</strong></span> <span class='ocrx_word' id='word_1_529' title='bbox 1463 4140 1863 4197; x_wconf 84' lang='lat' dir='ltr'><strong>ﬁrmamentum</strong></span> <span class='ocrx_word' id='word_1_530' title='bbox 1916 4144 2037 4199; x_wconf 82' lang='lat' dir='ltr'><strong>illu-</strong></span> 
     </span>
    </p>
   </div>
   <div class='ocr_carea' id='block_1_70' title="bbox 469 4225 2033 4299">
    <p class='ocr_par' dir='ltr' id='par_1_70' title="bbox 469 4225 2033 4299">
     <span class='ocr_line' id='line_1_70' title="bbox 469 4225 2033 4299; baseline 0.006 -20"><span class='ocrx_word' id='word_1_531' title='bbox 469 4234 584 4280; x_wconf 87' lang='lat' dir='ltr'><strong>stre</strong></span> <span class='ocrx_word' id='word_1_532' title='bbox 621 4225 856 4295; x_wconf 82' lang='lat' dir='ltr'><strong>seipsum</strong></span> <span class='ocrx_word' id='word_1_533' title='bbox 905 4227 1010 4283; x_wconf 87' lang='lat' dir='ltr'><strong>illis</strong></span> <span class='ocrx_word' id='word_1_534' title='bbox 1048 4229 1099 4283; x_wconf 92' lang='lat' dir='ltr'><strong>itt</strong></span> <span class='ocrx_word' id='word_1_535' title='bbox 1129 4230 1237 4284; x_wconf 88' lang='lat' dir='ltr'><strong>alto</strong></span> <span class='ocrx_word' id='word_1_536' title='bbox 1297 4240 1581 4299; x_wconf 84' lang='lat' dir='ltr'><strong>proponet,</strong></span> <span class='ocrx_word' id='word_1_537' title='bbox 1635 4232 2033 4289; x_wconf 83' lang='lat' dir='ltr'><strong>illuntiuatttem</strong></span> 
     </span>
    </p>
   </div>
   <div class='ocr_carea' id='block_1_71' title="bbox 466 4315 2031 4394">
    <p class='ocr_par' dir='ltr' id='par_1_71' title="bbox 466 4315 2031 4394">
     <span class='ocr_line' id='line_1_71' title="bbox 466 4315 2031 4394; baseline 0.01 -28"><span class='ocrx_word' id='word_1_538' title='bbox 466 4323 743 4369; x_wconf 80' lang='lat' dir='ltr'><strong>versantes</strong></span> <span class='ocrx_word' id='word_1_539' title='bbox 775 4315 828 4370; x_wconf 92' lang='lat' dir='ltr'><strong>in</strong></span> <span class='ocrx_word' id='word_1_540' title='bbox 856 4319 1116 4385; x_wconf 89' lang='lat' dir='ltr'><strong>tenebris,</strong></span> <span class='ocrx_word' id='word_1_541' title='bbox 1141 4327 1195 4374; x_wconf 89' lang='lat' dir='ltr'><strong>et</strong></span> <span class='ocrx_word' id='word_1_542' title='bbox 1227 4320 1401 4373; x_wconf 88' lang='lat' dir='ltr'><strong>instar</strong></span> <span class='ocrx_word' id='word_1_543' title='bbox 1440 4322 1599 4376; x_wconf 90' lang='lat' dir='ltr'><strong>nubis</strong></span> <span class='ocrx_word' id='word_1_544' title='bbox 1637 4322 1854 4379; x_wconf 70' lang='lat' dir='ltr'><strong>roribus</strong></span> <span class='ocrx_word' id='word_1_545' title='bbox 1895 4340 2031 4394; x_wconf 92' lang='lat' dir='ltr'><strong>quos</strong></span> 
     </span>
    </p>
   </div>
   <div class='ocr_carea' id='block_1_72' title="bbox 470 4404 2105 4485">
    <p class='ocr_par' dir='ltr' id='par_1_72' title="bbox 470 4404 2105 4485">
     <span class='ocr_line' id='line_1_72' title="bbox 470 4404 2105 4485; baseline 0.009 -26"><span class='ocrx_word' id='word_1_546' title='bbox 470 4405 649 4461; x_wconf 87' lang='lat' dir='ltr'><strong>animo</strong></span> <span class='ocrx_word' id='word_1_547' title='bbox 678 4409 969 4477; x_wconf 89' lang='lat' dir='ltr'><strong>cernimus,</strong></span> <span class='ocrx_word' id='word_1_548' title='bbox 1002 4410 1318 4481; x_wconf 87' lang='lat' dir='ltr'><strong>irrigantem</strong></span> <span class='ocrx_word' id='word_1_549' title='bbox 1345 4426 1358 4474; x_wconf 93' lang='lat'><strong>;</strong></span> <span class='ocrx_word' id='word_1_550' title='bbox 1386 4408 1563 4465; x_wconf 78' lang='lat' dir='ltr'><strong>factus</strong></span> <span class='ocrx_word' id='word_1_551' title='bbox 1588 4412 1715 4466; x_wconf 92' lang='lat' dir='ltr'><strong>item</strong></span> <span class='ocrx_word' id='word_1_552' title='bbox 1738 4413 1843 4469; x_wconf 87' lang='lat' dir='ltr'><strong>illis</strong></span> <span class='ocrx_word' id='word_1_553' title='bbox 1875 4418 2030 4485; x_wconf 87' lang='lat' dir='ltr'><strong>panis</strong></span> <span class='ocrx_word' id='word_1_554' title='bbox 2063 4404 2105 4457; x_wconf 82' lang='grc' dir='ltr'>Ῑ)</span> 
     </span>
    </p>
   </div>
   <div class='ocr_carea' id='block_1_73' title="bbox 466 4499 2027 4571">
    <p class='ocr_par' dir='ltr' id='par_1_73' title="bbox 466 4499 2027 4571">
     <span class='ocr_line' id='line_1_73' title="bbox 466 4499 2027 4571; baseline 0.008 -20"><span class='ocrx_word' id='word_1_555' title='bbox 466 4499 588 4552; x_wconf 69' lang='lat' dir='ltr'><strong>vitae</strong></span> <span class='ocrx_word' id='word_1_556' title='bbox 639 4501 1080 4570; x_wconf 86' lang='lat' dir='ltr'><strong>serpentiumque</strong></span> <span class='ocrx_word' id='word_1_557' title='bbox 1135 4504 1233 4556; x_wconf 90' lang='lat' dir='ltr'><strong>sub</strong></span> <span class='ocrx_word' id='word_1_558' title='bbox 1272 4501 1675 4571; x_wconf 83' lang='lat' dir='ltr'><strong>intelligentiam</strong></span> <span class='ocrx_word' id='word_1_559' title='bbox 1721 4507 2027 4564; x_wconf 87' lang='lat' dir='ltr'><strong>cadentium</strong></span> 
     </span>
    </p>
   </div>
   <div class='ocr_carea' id='block_1_74' title="bbox 467 4589 2031 4667">
    <p class='ocr_par' dir='ltr' id='par_1_74' title="bbox 467 4589 2031 4667">
     <span class='ocr_line' id='line_1_74' title="bbox 467 4589 2031 4667; baseline 0.007 -25"><span class='ocrx_word' id='word_1_560' title='bbox 467 4604 678 4645; x_wconf 87' lang='lat' dir='ltr'><strong>morsus</strong></span> <span class='ocrx_word' id='word_1_561' title='bbox 723 4590 1018 4647; x_wconf 88' lang='lat' dir='ltr'><strong>imbecilles</strong></span> <span class='ocrx_word' id='word_1_562' title='bbox 1047 4600 1101 4646; x_wconf 89' lang='lat' dir='ltr'><strong>et</strong></span> <span class='ocrx_word' id='word_1_563' title='bbox 1129 4590 1312 4644; x_wconf 90' lang='lat' dir='ltr'><strong>irritos</strong></span> <span class='ocrx_word' id='word_1_564' title='bbox 1337 4589 1563 4657; x_wconf 79' lang='lat' dir='ltr'><strong>faciens,</strong></span> <span class='ocrx_word' id='word_1_565' title='bbox 1604 4594 1889 4651; x_wconf 91' lang='lat' dir='ltr'><strong>traducens</strong></span> <span class='ocrx_word' id='word_1_566' title='bbox 1935 4613 2031 4667; x_wconf 89' lang='lat' dir='ltr'><strong>per</strong></span> 
     </span>
    </p>
   </div>
   <div class='ocr_carea' id='block_1_75' title="bbox 465 4681 2025 4755">
    <p class='ocr_par' dir='ltr' id='par_1_75' title="bbox 465 4681 2025 4755">
     <span class='ocr_line' id='line_1_75' title="bbox 465 4681 2025 4755; baseline 0.005 -21"><span class='ocrx_word' id='word_1_567' title='bbox 465 4681 773 4746; x_wconf 68' lang='lat' dir='ltr'><strong>Iordanem,</strong></span> <span class='ocrx_word' id='word_1_568' title='bbox 801 4690 855 4736; x_wconf 89' lang='lat' dir='ltr'><strong>et</strong></span> <span class='ocrx_word' id='word_1_569' title='bbox 878 4681 1289 4735; x_wconf 88' lang='lat' dir='ltr'><strong>circumcisione</strong></span> <span class='ocrx_word' id='word_1_570' title='bbox 1317 4681 1540 4750; x_wconf 90' lang='lat' dir='ltr'><strong>spiritus</strong></span> <span class='ocrx_word' id='word_1_571' title='bbox 1570 4699 1732 4752; x_wconf 91' lang='lat' dir='ltr'><strong>puros</strong></span> <span class='ocrx_word' id='word_1_572' title='bbox 1773 4688 2025 4755; x_wconf 86' lang='lat' dir='ltr'><strong>reddens,</strong></span> 
     </span>
    </p>
   </div>
   <div class='ocr_carea' id='block_1_76' title="bbox 465 4770 2029 4841">
    <p class='ocr_par' dir='ltr' id='par_1_76' title="bbox 465 4770 2029 4841">
     <span class='ocr_line' id='line_1_76' title="bbox 465 4770 2029 4841; baseline 0.007 -18"><span class='ocrx_word' id='word_1_573' title='bbox 465 4779 519 4824; x_wconf 85' lang='lat' dir='ltr'><strong>et</strong></span> <span class='ocrx_word' id='word_1_574' title='bbox 564 4770 617 4824; x_wconf 92' lang='lat' dir='ltr'><strong>in</strong></span> <span class='ocrx_word' id='word_1_575' title='bbox 666 4786 887 4841; x_wconf 86' lang='lat' dir='ltr'><strong>regnum</strong></span> <span class='ocrx_word' id='word_1_576' title='bbox 914 4774 1171 4826; x_wconf 75' lang='lat' dir='ltr'><strong>cmlorum</strong></span> <span class='ocrx_word' id='word_1_577' title='bbox 1203 4772 1569 4830; x_wconf 89' lang='lat' dir='ltr'><strong>introducens.</strong></span> <span class='ocrx_word' id='word_1_578' title='bbox 1605 4775 1728 4831; x_wconf 70' lang='lat' dir='ltr'><strong>Haec</strong></span> <span class='ocrx_word' id='word_1_579' title='bbox 1776 4780 1889 4833; x_wconf 90' lang='lat' dir='ltr'><strong>suis</strong></span> <span class='ocrx_word' id='word_1_580' title='bbox 1932 4781 2029 4834; x_wconf 90' lang='lat' dir='ltr'><strong>ad-</strong></span> 
     </span>
    </p>
   </div>
   <div class='ocr_carea' id='block_1_77' title="bbox 464 4862 2028 4937">
    <p class='ocr_par' dir='ltr' id='par_1_77' title="bbox 464 4862 2028 4937">
     <span class='ocr_line' id='line_1_77' title="bbox 464 4862 2028 4937; baseline 0.008 -23"><span class='ocrx_word' id='word_1_581' title='bbox 464 4862 771 4917; x_wconf 88' lang='lat' dir='ltr'><strong>oratoribus</strong></span> <span class='ocrx_word' id='word_1_582' title='bbox 797 4862 1071 4930; x_wconf 83' lang='lat' dir='ltr'><strong>largietur,</strong></span> <span class='ocrx_word' id='word_1_583' title='bbox 1124 4863 1458 4933; x_wconf 82' lang='lat' dir='ltr'><strong>salvabitquc</strong></span> <span class='ocrx_word' id='word_1_584' title='bbox 1498 4881 1591 4921; x_wconf 85' lang='lat' dir='ltr'><strong>eos</strong></span> <span class='ocrx_word' id='word_1_585' title='bbox 1615 4868 1813 4924; x_wconf 88' lang='lat' dir='ltr'><strong>talibus</strong></span> <span class='ocrx_word' id='word_1_586' title='bbox 1836 4871 2028 4937; x_wconf 87' lang='lat' dir='ltr'><strong>modis,</strong></span> 
     </span>
    </p>
   </div>
   <div class='ocr_carea' id='block_1_78' title="bbox 470 4953 2031 5026">
    <p class='ocr_par' dir='ltr' id='par_1_78' title="bbox 470 4953 2031 5026">
     <span class='ocr_line' id='line_1_78' title="bbox 470 4953 2031 5026; baseline 0.01 -24"><span class='ocrx_word' id='word_1_587' title='bbox 470 4972 487 5002; x_wconf 72' lang='grc' dir='ltr'><strong>ε</strong></span> <span class='ocrx_word' id='word_1_588' title='bbox 526 4962 584 5006; x_wconf 93' lang='lat' dir='ltr'><strong>ut</strong></span> <span class='ocrx_word' id='word_1_589' title='bbox 607 4967 712 5007; x_wconf 92' lang='lat' dir='ltr'><strong>non</strong></span> <span class='ocrx_word' id='word_1_590' title='bbox 746 4953 1119 5022; x_wconf 79' lang='lat' dir='ltr'><strong>magnificetur</strong></span> <span class='ocrx_word' id='word_1_591' title='bbox 1155 4954 1403 5022; x_wconf 87' lang='lat' dir='ltr'><strong>gloriatio</strong></span> <span class='ocrx_word' id='word_1_592' title='bbox 1424 4957 1618 5013; x_wconf 89' lang='lat' dir='ltr'><strong>domus</strong></span> <span class='ocrx_word' id='word_1_593' title='bbox 1642 4960 1828 5026; x_wconf 87' lang='lat' dir='ltr'><strong>David,</strong></span> <span class='ocrx_word' id='word_1_594' title='bbox 1873 4981 1891 5013; x_wconf 75' lang='grc' dir='ltr'><strong>ι</strong></span> <span class='ocrx_word' id='word_1_595' title='bbox 1930 4963 2031 5017; x_wconf 90' lang='lat' dir='ltr'><strong>hoc</strong></span> 
     </span>
    </p>
   </div>
   <div class='ocr_carea' id='block_1_79' title="bbox 464 5040 2025 5115">
    <p class='ocr_par' dir='ltr' id='par_1_79' title="bbox 464 5040 2025 5115">
     <span class='ocr_line' id='line_1_79' title="bbox 464 5040 2025 5115; baseline 0.008 -20"><span class='ocrx_word' id='word_1_596' title='bbox 464 5040 890 5105; x_wconf 64' lang='lat' dir='ltr'><strong>csl,Judazoruut</strong></span> <span class='ocrx_word' id='word_1_597' title='bbox 938 5042 1251 5112; x_wconf 89' lang='lat' dir='ltr'><strong>principes:</strong></span> <span class='ocrx_word' id='word_1_598' title='bbox 1309 5062 1407 5100; x_wconf 90' lang='lat' dir='ltr'><strong>nec</strong></span> <span class='ocrx_word' id='word_1_599' title='bbox 1436 5048 1698 5105; x_wconf 86' lang='lat' dir='ltr'><strong>elationes</strong></span> <span class='ocrx_word' id='word_1_600' title='bbox 1761 5054 1892 5115; x_wconf 92' lang='lat' dir='ltr'><strong>sint,</strong></span> <span class='ocrx_word' id='word_1_601' title='bbox 1934 5068 2025 5107; x_wconf 91' lang='lat' dir='ltr'><strong>seu</strong></span> 
     </span>
    </p>
   </div>
   <div class='ocr_carea' id='block_1_80' title="bbox 464 5132 2026 5205">
    <p class='ocr_par' dir='ltr' id='par_1_80' title="bbox 464 5132 2026 5205">
     <span class='ocr_line' id='line_1_80' title="bbox 464 5132 2026 5205; baseline 0.008 -19"><span class='ocrx_word' id='word_1_602' title='bbox 464 5132 712 5187; x_wconf 85' lang='lat' dir='ltr'><strong>elationis</strong></span> <span class='ocrx_word' id='word_1_603' title='bbox 736 5133 951 5187; x_wconf 88' lang='lat' dir='ltr'><strong>occasio</strong></span> <span class='ocrx_word' id='word_1_604' title='bbox 985 5144 1171 5188; x_wconf 89' lang='lat' dir='ltr'><strong>contra</strong></span> <span class='ocrx_word' id='word_1_605' title='bbox 1201 5134 1413 5205; x_wconf 83' lang='lat' dir='ltr'><strong>Judam,</strong></span> <span class='ocrx_word' id='word_1_606' title='bbox 1465 5139 1835 5198; x_wconf 86' lang='lat' dir='ltr'><strong>habitantibus</strong></span> <span class='ocrx_word' id='word_1_607' title='bbox 1866 5143 2026 5198; x_wconf 81' lang='lat' dir='ltr'><strong>Jeru-</strong></span> 
     </span>
    </p>
   </div>
   <div class='ocr_carea' id='block_1_81' title="bbox 463 5224 2024 5298">
    <p class='ocr_par' dir='ltr' id='par_1_81' title="bbox 463 5224 2024 5298">
     <span class='ocr_line' id='line_1_81' title="bbox 463 5224 2024 5298; baseline 0.008 -19"><span class='ocrx_word' id='word_1_608' title='bbox 463 5224 650 5289; x_wconf 85' lang='lat' dir='ltr'><strong>salem,</strong></span> <span class='ocrx_word' id='word_1_609' title='bbox 680 5238 841 5292; x_wconf 86' lang='lat' dir='ltr'><strong>quam</strong></span> <span class='ocrx_word' id='word_1_610' title='bbox 876 5240 1067 5282; x_wconf 90' lang='lat' dir='ltr'><strong>sensus</strong></span> <span class='ocrx_word' id='word_1_611' title='bbox 1105 5229 1353 5298; x_wconf 88' lang='lat' dir='ltr'><strong>percipit,</strong></span> <span class='ocrx_word' id='word_1_612' title='bbox 1412 5240 1467 5285; x_wconf 90' lang='lat' dir='ltr'><strong>et</strong></span> <span class='ocrx_word' id='word_1_613' title='bbox 1508 5241 1845 5289; x_wconf 88' lang='lat' dir='ltr'><strong>terrestrem.</strong></span> <span class='ocrx_word' id='word_1_614' title='bbox 1882 5236 2024 5291; x_wconf 72' lang='lat' dir='ltr'><strong>Elie-</strong></span> 
     </span>
    </p>
   </div>
   <div class='ocr_carea' id='block_1_82' title="bbox 465 5315 2028 5390">
    <p class='ocr_par' dir='ltr' id='par_1_82' title="bbox 465 5315 2028 5390">
     <span class='ocr_line' id='line_1_82' title="bbox 465 5315 2028 5390; baseline 0.012 -25"><span class='ocrx_word' id='word_1_615' title='bbox 465 5316 655 5367; x_wconf 86' lang='lat' dir='ltr'><strong>rehant</strong></span> <span class='ocrx_word' id='word_1_616' title='bbox 679 5315 876 5383; x_wconf 88' lang='lat' dir='ltr'><strong>quippe</strong></span> <span class='ocrx_word' id='word_1_617' title='bbox 905 5331 988 5382; x_wconf 88' lang='lat' dir='ltr'><strong>se,</strong></span> <span class='ocrx_word' id='word_1_618' title='bbox 1015 5327 1069 5373; x_wconf 87' lang='lat' dir='ltr'><strong>et.</strong></span> <span class='ocrx_word' id='word_1_619' title='bbox 1100 5322 1348 5390; x_wconf 88' lang='lat' dir='ltr'><strong>superbia</strong></span> <span class='ocrx_word' id='word_1_620' title='bbox 1384 5327 1865 5380; x_wconf 86' lang='lat' dir='ltr'><strong>tumebatttcontra</strong></span> <span class='ocrx_word' id='word_1_621' title='bbox 1910 5344 2028 5382; x_wconf 88' lang='lat' dir='ltr'><strong>cre-</strong></span> 
     </span>
    </p>
   </div>
   <div class='ocr_carea' id='block_1_83' title="bbox 464 5404 2027 5486">
    <p class='ocr_par' dir='ltr' id='par_1_83' title="bbox 464 5404 2027 5486">
     <span class='ocr_line' id='line_1_83' title="bbox 464 5404 2027 5486; baseline 0.012 -32"><span class='ocrx_word' id='word_1_622' title='bbox 464 5404 651 5457; x_wconf 89' lang='lat' dir='ltr'><strong>dentes</strong></span> <span class='ocrx_word' id='word_1_623' title='bbox 688 5404 739 5457; x_wconf 89' lang='lat' dir='ltr'><strong>in</strong></span> <span class='ocrx_word' id='word_1_624' title='bbox 775 5406 1070 5477; x_wconf 86' lang='lat' dir='ltr'><strong>Christum,</strong></span> <span class='ocrx_word' id='word_1_625' title='bbox 1115 5411 1401 5482; x_wconf 84' lang='lat' dir='ltr'><strong>ipsumque</strong></span> <span class='ocrx_word' id='word_1_626' title='bbox 1449 5413 1874 5481; x_wconf 85' lang='lat' dir='ltr'><strong>Etnmanueleut,</strong></span> <span class='ocrx_word' id='word_1_627' title='bbox 1930 5434 2027 5486; x_wconf 90' lang='lat' dir='ltr'><strong>per</strong></span> 
     </span>
    </p>
   </div>
   <div class='ocr_carea' id='block_1_84' title="bbox 529 5605 2034 5691">
    <p class='ocr_par' dir='ltr' id='par_1_84' title="bbox 529 5605 2034 5691">
     <span class='ocr_line' id='line_1_84' title="bbox 529 5605 2034 5691; baseline 0.006 -30"><span class='ocrx_word' id='word_1_628' title='bbox 529 5605 575 5691; x_wconf 48' lang='grc' dir='ltr'><strong>έθ</strong></span> <span class='ocrx_word' id='word_1_629' title='bbox 603 5605 765 5691; x_wconf 56' lang='lat' dir='ltr'><strong>llebr.</strong></span> <span class='ocrx_word' id='word_1_630' title='bbox 803 5627 873 5691; x_wconf 56' lang='grc' dir='ltr'>μί,</span> <span class='ocrx_word' id='word_1_631' title='bbox 906 5614 986 5669; x_wconf 76' lang='grc'><strong>12.</strong></span> <span class='ocrx_word' id='word_1_632' title='bbox 1064 5614 1437 5691; x_wconf 76' lang='lat' dir='ltr'><strong>7_&#39;__Jcr_c_nt_._tv,</strong></span> <span class='ocrx_word' id='word_1_633' title='bbox 1472 5618 1521 5669; x_wconf 69' lang='grc'>4.</span> <span class='ocrx_word' id='word_1_634' title='bbox 1602 5619 1671 5691; x_wconf 65' lang='lat'><strong>7‘:</strong></span> <span class='ocrx_word' id='word_1_635' title='bbox 1706 5619 1852 5691; x_wconf 84' lang='lat' dir='ltr'><strong>Deut.</strong></span> <span class='ocrx_word' id='word_1_636' title='bbox 1878 5636 1958 5691; x_wconf 57' lang='lat' dir='ltr'><strong>ttj,</strong></span> <span class='ocrx_word' id='word_1_637' title='bbox 1991 5620 2034 5670; x_wconf 66' lang='lat'><strong>21</strong></span> 
     </span>
    </p>
   </div>
   <div class='ocr_carea' id='block_1_85' title="bbox 2139 5605 3189 5691">
    <p class='ocr_par' dir='ltr' id='par_1_85' title="bbox 2157 5621 3189 5691">
     <span class='ocr_line' id='line_1_85' title="bbox 2157 5621 3189 5691; baseline 0.01 -21"><span class='ocrx_word' id='word_1_638' title='bbox 2157 5622 2201 5651; x_wconf 73' lang='grc' dir='ltr'>η</span> <span class='ocrx_word' id='word_1_639' title='bbox 2233 5621 2384 5691; x_wconf 66' lang='lat' dir='ltr'><strong>Deut.</strong></span> <span class='ocrx_word' id='word_1_640' title='bbox 2428 5636 2477 5687; x_wconf 91' lang='lat' dir='ltr'><strong>v,</strong></span> <span class='ocrx_word' id='word_1_641' title='bbox 2514 5622 2598 5691; x_wconf 69' lang='lat' dir='ltr'><strong>is.</strong></span> <span class='ocrx_word' id='word_1_642' title='bbox 2676 5625 2720 5654; x_wconf 64' lang='grc' dir='ltr'>τι</span> <span class='ocrx_word' id='word_1_643' title='bbox 2751 5625 2916 5678; x_wconf 69' lang='lat' dir='ltr'><strong>Exod.</strong></span> <span class='ocrx_word' id='word_1_644' title='bbox 2950 5642 3035 5691; x_wconf 81' lang='lat' dir='ltr'><strong>xv,</strong></span> <span class='ocrx_word' id='word_1_645' title='bbox 3077 5627 3189 5680; x_wconf 74' lang='lat' dir='ltr'><strong>a-t.</strong></span> 
     </span>
    </p>
   </div>
   <div class='ocr_carea' id='block_1_86' title="bbox 462 5672 2034 5763">
    <p class='ocr_par' dir='ltr' id='par_1_86' title="bbox 462 5672 2034 5746">
     <span class='ocr_line' id='line_1_86' title="bbox 462 5672 2034 5746; baseline 0.006 -11"><span class='ocrx_word' id='word_1_646' title='bbox 462 5672 553 5729; x_wconf 58' lang='grc' dir='ltr'><strong>τε.</strong></span> <span class='ocrx_word' id='word_1_647' title='bbox 627 5679 671 5711; x_wconf 78' lang='grc' dir='ltr'><strong>τυ</strong></span> <span class='ocrx_word' id='word_1_648' title='bbox 710 5672 876 5741; x_wconf 74' lang='lat' dir='ltr'><strong>Exod;</strong></span> <span class='ocrx_word' id='word_1_649' title='bbox 925 5687 1150 5746; x_wconf 60' lang='lat'><strong>“1.15.</strong></span> <span class='ocrx_word' id='word_1_650' title='bbox 1230 5685 1274 5715; x_wconf 72' lang='grc' dir='ltr'>τε</span> <span class='ocrx_word' id='word_1_651' title='bbox 1316 5672 1469 5741; x_wconf 80' lang='lat' dir='ltr'><strong>Num.</strong></span> <span class='ocrx_word' id='word_1_652' title='bbox 1505 5687 1762 5746; x_wconf 65' lang='lat' dir='ltr'><strong>meo.</strong></span> <span class='ocrx_word' id='word_1_653' title='bbox 1843 5672 2034 5744; x_wconf 76' lang='grc' dir='ltr'>ττιὸευ</span> 
     </span>
    </p>
   </div>
   <div class='ocr_carea' id='block_1_87' title="bbox 2139 5672 2947 5763">
    <p class='ocr_par' dir='ltr' id='par_1_87' title="bbox 2139 5672 2947 5763">
     <span class='ocr_line' id='line_1_87' title="bbox 2139 5672 2947 5763; baseline 0.01 -21"><span class='ocrx_word' id='word_1_654' title='bbox 2139 5706 2180 5757; x_wconf 80' lang='grc' dir='ltr'><strong>ι,</strong></span> <span class='ocrx_word' id='word_1_655' title='bbox 2216 5672 2398 5745; x_wconf 81' lang='lat' dir='ltr'><strong>H-l7.</strong></span> <span class='ocrx_word' id='word_1_656' title='bbox 2464 5672 2710 5747; x_wconf 51' lang='lat' dir='ltr'><strong>&#39;&quot;dosue</strong></span> 
     </span>
    </p>
   </div>
   <div class='ocr_carea' id='block_1_88' title="bbox 2141 3148 3717 3220">
    <p class='ocr_par' dir='ltr' id='par_1_88' title="bbox 2141 3148 3717 3220">
     <span class='ocr_line' id='line_1_88' title="bbox 2141 3148 3717 3220; baseline 0 -16"><span class='ocrx_word' id='word_1_657' title='bbox 2141 3148 2505 3218; x_wconf 83' lang='grc' dir='ltr'>εϐιϐάσθησαν</span> <span class='ocrx_word' id='word_1_658' title='bbox 2541 3148 2706 3218; x_wconf 75' lang='grc' dir='ltr'>μὲνοὶ</span> <span class='ocrx_word' id='word_1_659' title='bbox 2734 3148 3144 3220; x_wconf 86' lang='grc' dir='ltr'>λελυτρωμένοι.</span> <span class='ocrx_word' id='word_1_660' title='bbox 3169 3168 3188 3201; x_wconf 75' lang='grc' dir='ltr'><strong>ι</strong></span> <span class='ocrx_word' id='word_1_661' title='bbox 3220 3149 3417 3214; x_wconf 87' lang='grc' dir='ltr'>Στύλος</span> <span class='ocrx_word' id='word_1_662' title='bbox 3439 3150 3496 3203; x_wconf 79' lang='grc' dir='ltr'>δὲ</span> <span class='ocrx_word' id='word_1_663' title='bbox 3527 3151 3717 3205; x_wconf 84' lang='grc' dir='ltr'>αὐτῶν</span> 
     </span>
    </p>
   </div>
   <div class='ocr_carea' id='block_1_89' title="bbox 2137 3240 3712 3313">
    <p class='ocr_par' dir='ltr' id='par_1_89' title="bbox 2137 3240 3712 3313">
     <span class='ocr_line' id='line_1_89' title="bbox 2137 3240 3712 3313; baseline 0.001 -20"><span class='ocrx_word' id='word_1_664' title='bbox 2137 3243 2324 3312; x_wconf 86' lang='grc' dir='ltr'>ἠγεῖτο</span> <span class='ocrx_word' id='word_1_665' title='bbox 2379 3241 2550 3312; x_wconf 86' lang='grc' dir='ltr'>πυρὸς</span> <span class='ocrx_word' id='word_1_666' title='bbox 2595 3240 2694 3311; x_wconf 84' lang='grc' dir='ltr'>τὴν</span> <span class='ocrx_word' id='word_1_667' title='bbox 2741 3240 2931 3304; x_wconf 85' lang='grc' dir='ltr'>νύκτα,</span> <span class='ocrx_word' id='word_1_668' title='bbox 2977 3241 3377 3297; x_wconf 88' lang='grc' dir='ltr'>καταδεικνύων</span> <span class='ocrx_word' id='word_1_669' title='bbox 3426 3242 3526 3313; x_wconf 81' lang='grc' dir='ltr'>τὴν</span> <span class='ocrx_word' id='word_1_670' title='bbox 3565 3243 3712 3310; x_wconf 83' lang='grc' dir='ltr'>ὁδὸν,</span> 
     </span>
    </p>
   </div>
   <div class='ocr_carea' id='block_1_90' title="bbox 2137 3329 3717 3403">
    <p class='ocr_par' dir='ltr' id='par_1_90' title="bbox 2137 3329 3717 3403">
     <span class='ocr_line' id='line_1_90' title="bbox 2137 3329 3717 3403; baseline 0.001 -20"><span class='ocrx_word' id='word_1_671' title='bbox 2137 3330 2482 3401; x_wconf 80' lang='grc' dir='ltr'>ὲπεκρέματο</span> <span class='ocrx_word' id='word_1_672' title='bbox 2499 3330 2557 3384; x_wconf 82' lang='grc' dir='ltr'>δὲ</span> <span class='ocrx_word' id='word_1_673' title='bbox 2584 3331 2677 3383; x_wconf 72' lang='grc' dir='ltr'><strong>καὶ</strong></span> <span class='ocrx_word' id='word_1_674' title='bbox 2709 3332 2766 3385; x_wconf 79' lang='grc' dir='ltr'>ἐν</span> <span class='ocrx_word' id='word_1_675' title='bbox 2793 3331 2974 3403; x_wconf 75' lang='grc' dir='ltr'>ἡμέρᾳ</span> <span class='ocrx_word' id='word_1_676' title='bbox 3003 3333 3220 3403; x_wconf 83' lang='grc' dir='ltr'>νεφέλη.</span> <span class='ocrx_word' id='word_1_677' title='bbox 3253 3329 3385 3386; x_wconf 76' lang='grc' dir='ltr'>Εἶτα</span> <span class='ocrx_word' id='word_1_678' title='bbox 3416 3334 3506 3387; x_wconf 79' lang='grc' dir='ltr'><strong>τὸν</strong></span> <span class='ocrx_word' id='word_1_679' title='bbox 3535 3334 3594 3397; x_wconf 78' lang='grc' dir='ltr'>ἐξ</span> <span class='ocrx_word' id='word_1_680' title='bbox 3621 3335 3717 3386; x_wconf 80' lang='grc' dir='ltr'>ού-</span> 
     </span>
    </p>
   </div>
   <div class='ocr_carea' id='block_1_91' title="bbox 2140 3421 3713 3497">
    <p class='ocr_par' dir='ltr' id='par_1_91' title="bbox 2140 3421 3713 3497">
     <span class='ocr_line' id='line_1_91' title="bbox 2140 3421 3713 3497; baseline 0.001 -21"><span class='ocrx_word' id='word_1_681' title='bbox 2140 3421 2303 3493; x_wconf 83' lang='grc' dir='ltr'>ρανοῦ</span> <span class='ocrx_word' id='word_1_682' title='bbox 2362 3421 2778 3492; x_wconf 85' lang='grc' dir='ltr'>κατεδηδόκασιν</span> <span class='ocrx_word' id='word_1_683' title='bbox 2834 3423 3029 3491; x_wconf 80' lang='grc' dir='ltr'>ἄρτον,</span> <span class='ocrx_word' id='word_1_684' title='bbox 3088 3424 3182 3478; x_wconf 80' lang='grc' dir='ltr'><strong>καὶ</strong></span> <span class='ocrx_word' id='word_1_685' title='bbox 3229 3424 3483 3494; x_wconf 80' lang='grc' dir='ltr'>διέφυγον</span> <span class='ocrx_word' id='word_1_686' title='bbox 3530 3427 3589 3478; x_wconf 84' lang='grc' dir='ltr'>ὲν</span> <span class='ocrx_word' id='word_1_687' title='bbox 3646 3428 3713 3497; x_wconf 80' lang='grc' dir='ltr'>τῇ</span> 
     </span>
    </p>
   </div>
   <div class='ocr_carea' id='block_1_92' title="bbox 2136 3513 3716 3589">
    <p class='ocr_par' dir='ltr' id='par_1_92' title="bbox 2136 3513 3716 3589">
     <span class='ocr_line' id='line_1_92' title="bbox 2136 3513 3716 3589; baseline 0.004 -25"><span class='ocrx_word' id='word_1_688' title='bbox 2136 3514 2330 3585; x_wconf 80' lang='grc' dir='ltr'>ἐρήμῳ</span> <span class='ocrx_word' id='word_1_689' title='bbox 2357 3514 2425 3566; x_wconf 90' lang='grc' dir='ltr'><strong>τά</strong></span> <span class='ocrx_word' id='word_1_690' title='bbox 2464 3513 2569 3566; x_wconf 88' lang='grc' dir='ltr'><strong>τῶν</strong></span> <span class='ocrx_word' id='word_1_691' title='bbox 2612 3513 2789 3582; x_wconf 78' lang='grc' dir='ltr'>ὄφεων</span> <span class='ocrx_word' id='word_1_692' title='bbox 2824 3514 3096 3585; x_wconf 85' lang='grc' dir='ltr'>δήγματα.</span> <span class='ocrx_word' id='word_1_693' title='bbox 3131 3513 3589 3589; x_wconf 75' lang='grc' dir='ltr'>Κρείττουςῆσαν</span> <span class='ocrx_word' id='word_1_694' title='bbox 3621 3520 3716 3588; x_wconf 82' lang='grc' dir='ltr'><strong>ὲχ-</strong></span> 
     </span>
    </p>
   </div>
   <div class='ocr_carea' id='block_1_93' title="bbox 2138 3605 3715 3680">
    <p class='ocr_par' dir='ltr' id='par_1_93' title="bbox 2138 3605 3715 3680">
     <span class='ocr_line' id='line_1_93' title="bbox 2138 3605 3715 3680; baseline 0.003 -21"><span class='ocrx_word' id='word_1_695' title='bbox 2138 3605 2301 3678; x_wconf 88' lang='grc' dir='ltr'>θρῶν,</span> <span class='ocrx_word' id='word_1_696' title='bbox 2340 3606 2754 3678; x_wconf 84' lang='grc' dir='ltr'>διεϐιϐἀσθησαν</span> <span class='ocrx_word' id='word_1_697' title='bbox 2782 3607 2873 3661; x_wconf 82' lang='grc' dir='ltr'><strong>τὸν</strong></span> <span class='ocrx_word' id='word_1_698' title='bbox 2925 3608 3212 3679; x_wconf 85' lang='grc' dir='ltr'>Ἰορδάνην,</span> <span class='ocrx_word' id='word_1_699' title='bbox 3260 3610 3715 3680; x_wconf 84' lang='grc' dir='ltr'>περιετμήθησαν</span> 
     </span>
    </p>
   </div>
   <div class='ocr_carea' id='block_1_94' title="bbox 2140 3695 3717 3771">
    <p class='ocr_par' dir='ltr' id='par_1_94' title="bbox 2140 3695 3717 3771">
     <span class='ocr_line' id='line_1_94' title="bbox 2140 3695 3717 3771; baseline 0.002 -20"><span class='ocrx_word' id='word_1_700' title='bbox 2140 3698 2435 3769; x_wconf 84' lang='grc' dir='ltr'>μαχαίραις</span> <span class='ocrx_word' id='word_1_701' title='bbox 2467 3698 2762 3770; x_wconf 85' lang='grc' dir='ltr'>πετρίναις,</span> <span class='ocrx_word' id='word_1_702' title='bbox 2799 3695 2958 3770; x_wconf 85' lang='grc' dir='ltr'>ἦλθον</span> <span class='ocrx_word' id='word_1_703' title='bbox 2985 3701 3063 3764; x_wconf 84' lang='grc' dir='ltr'><strong>είς</strong></span> <span class='ocrx_word' id='word_1_704' title='bbox 3090 3700 3187 3771; x_wconf 82' lang='grc' dir='ltr'>τὴν</span> <span class='ocrx_word' id='word_1_705' title='bbox 3216 3701 3317 3771; x_wconf 83' lang='grc' dir='ltr'>γῆν</span> <span class='ocrx_word' id='word_1_706' title='bbox 3345 3702 3442 3770; x_wconf 84' lang='grc' dir='ltr'>τῆς</span> <span class='ocrx_word' id='word_1_707' title='bbox 3476 3703 3717 3770; x_wconf 80' lang='grc' dir='ltr'>ἐπαγγε-</span> 
     </span>
    </p>
   </div>
   <div class='ocr_carea' id='block_1_95' title="bbox 2134 3790 3713 3865">
    <p class='ocr_par' dir='ltr' id='par_1_95' title="bbox 2134 3790 3713 3865">
     <span class='ocr_line' id='line_1_95' title="bbox 2134 3790 3713 3865; baseline 0.003 -22"><span class='ocrx_word' id='word_1_708' title='bbox 2134 3790 2267 3854; x_wconf 88' lang='grc' dir='ltr'>λίας.</span> <span class='ocrx_word' id='word_1_709' title='bbox 2302 3790 2488 3844; x_wconf 87' lang='grc' dir='ltr'>Ταῦτα</span> <span class='ocrx_word' id='word_1_710' title='bbox 2516 3794 2786 3862; x_wconf 86' lang='grc' dir='ltr'>χαριεῖται</span> <span class='ocrx_word' id='word_1_711' title='bbox 2814 3790 3047 3862; x_wconf 82' lang='grc' dir='ltr'>Χριστὸς</span> <span class='ocrx_word' id='word_1_712' title='bbox 3075 3793 3186 3854; x_wconf 82' lang='grc' dir='ltr'>τοῖς</span> <span class='ocrx_word' id='word_1_713' title='bbox 3216 3790 3438 3863; x_wconf 81' lang='grc' dir='ltr'>ζητοῦσι</span> <span class='ocrx_word' id='word_1_714' title='bbox 3469 3793 3541 3846; x_wconf 85' lang='grc' dir='ltr'>τὰ</span> <span class='ocrx_word' id='word_1_715' title='bbox 3570 3810 3713 3865; x_wconf 68' lang='grc' dir='ltr'>σκητ</span> 
     </span>
    </p>
   </div>
   <div class='ocr_carea' id='block_1_96' title="bbox 2136 3879 3713 3951">
    <p class='ocr_par' dir='ltr' id='par_1_96' title="bbox 2136 3879 3713 3951">
     <span class='ocr_line' id='line_1_96' title="bbox 2136 3879 3713 3951; baseline 0.003 -18"><span class='ocrx_word' id='word_1_716' title='bbox 2136 3880 2361 3950; x_wconf 84' lang='grc' dir='ltr'>νώματα</span> <span class='ocrx_word' id='word_1_717' title='bbox 2393 3880 2578 3947; x_wconf 84' lang='grc' dir='ltr'>αὑτοῦ,</span> <span class='ocrx_word' id='word_1_718' title='bbox 2611 3879 2857 3933; x_wconf 84' lang='grc' dir='ltr'>τουτέστι</span> <span class='ocrx_word' id='word_1_719' title='bbox 2891 3879 2988 3951; x_wconf 84' lang='grc' dir='ltr'><strong>τὴν</strong></span> <span class='ocrx_word' id='word_1_720' title='bbox 3031 3880 3352 3951; x_wconf 85' lang='grc' dir='ltr'>Ἐκκλησίαν</span> <span class='ocrx_word' id='word_1_721' title='bbox 3376 3901 3391 3915; x_wconf 78' lang='grc' dir='ltr'><strong><em>ο</em></strong></span> <span class='ocrx_word' id='word_1_722' title='bbox 3424 3882 3568 3937; x_wconf 79' lang='grc' dir='ltr'>οὕτω</span> <span class='ocrx_word' id='word_1_723' title='bbox 3615 3884 3713 3938; x_wconf 71' lang='grc' dir='ltr'><strong>καὶ</strong></span> 
     </span>
    </p>
   </div>
   <div class='ocr_carea' id='block_1_97' title="bbox 2135 3972 3713 4047">
    <p class='ocr_par' dir='ltr' id='par_1_97' title="bbox 2135 3972 3713 4047">
     <span class='ocr_line' id='line_1_97' title="bbox 2135 3972 3713 4047; baseline 0.001 -20"><span class='ocrx_word' id='word_1_724' title='bbox 2135 3974 2331 4036; x_wconf 81' lang='grc' dir='ltr'>αὐτοὺς</span> <span class='ocrx_word' id='word_1_725' title='bbox 2349 3972 2640 4036; x_wconf 87' lang='grc' dir='ltr'>ἀνασώσει,</span> <span class='ocrx_word' id='word_1_726' title='bbox 2658 3972 2902 4035; x_wconf 86' lang='grc' dir='ltr'>δουλείας</span> <span class='ocrx_word' id='word_1_727' title='bbox 2937 3973 3035 4043; x_wconf 83' lang='grc' dir='ltr'><strong>μὲν</strong></span> <span class='ocrx_word' id='word_1_728' title='bbox 3051 3972 3359 4038; x_wconf 78' lang='grc' dir='ltr'>ἀπαλλάξας</span> <span class='ocrx_word' id='word_1_729' title='bbox 3370 3976 3468 4045; x_wconf 84' lang='grc' dir='ltr'>τῆς</span> <span class='ocrx_word' id='word_1_730' title='bbox 3492 3976 3598 4028; x_wconf 76' lang='grc' dir='ltr'>ὑπὸ</span> <span class='ocrx_word' id='word_1_731' title='bbox 3626 3977 3713 4047; x_wconf 80' lang='grc' dir='ltr'>τῷ</span> 
     </span>
    </p>
   </div>
   <div class='ocr_carea' id='block_1_98' title="bbox 2135 4063 3709 4135">
    <p class='ocr_par' dir='ltr' id='par_1_98' title="bbox 2135 4063 3709 4135">
     <span class='ocr_line' id='line_1_98' title="bbox 2135 4063 3709 4135; baseline 0.003 -17"><span class='ocrx_word' id='word_1_732' title='bbox 2135 4065 2365 4135; x_wconf 86' lang='grc' dir='ltr'>διαϐόλῳ</span> <span class='ocrx_word' id='word_1_733' title='bbox 2393 4065 2555 4134; x_wconf 73' lang='grc' dir='ltr'>φημὶ,</span> <span class='ocrx_word' id='word_1_734' title='bbox 2576 4065 2669 4117; x_wconf 75' lang='grc' dir='ltr'><strong>καὶ</strong></span> <span class='ocrx_word' id='word_1_735' title='bbox 2703 4063 3084 4135; x_wconf 81' lang='grc' dir='ltr'>δαιμονιὼδους</span> <span class='ocrx_word' id='word_1_736' title='bbox 3130 4066 3440 4133; x_wconf 84' lang='grc' dir='ltr'>πλεονεξίας</span> <span class='ocrx_word' id='word_1_737' title='bbox 3483 4068 3709 4135; x_wconf 78' lang='grc' dir='ltr'>ἐξελὼν,</span> 
     </span>
    </p>
   </div>
   <div class='ocr_carea' id='block_1_99' title="bbox 2134 4155 3712 4230">
    <p class='ocr_par' dir='ltr' id='par_1_99' title="bbox 2134 4155 3712 4230">
     <span class='ocr_line' id='line_1_99' title="bbox 2134 4155 3712 4230; baseline 0.002 -21"><span class='ocrx_word' id='word_1_738' title='bbox 2134 4155 2450 4218; x_wconf 82' lang='grc' dir='ltr'>διαϐιϐάσας</span> <span class='ocrx_word' id='word_1_739' title='bbox 2463 4155 2520 4208; x_wconf 77' lang='grc' dir='ltr'><strong>δὲ</strong></span> <span class='ocrx_word' id='word_1_740' title='bbox 2541 4155 2728 4226; x_wconf 87' lang='grc' dir='ltr'>ῶσπερ</span> <span class='ocrx_word' id='word_1_741' title='bbox 2750 4156 2839 4209; x_wconf 82' lang='grc' dir='ltr'>διὰ</span> <span class='ocrx_word' id='word_1_742' title='bbox 2854 4156 3131 4228; x_wconf 80' lang='grc' dir='ltr'>θαλάσσης</span> <span class='ocrx_word' id='word_1_743' title='bbox 3145 4158 3253 4211; x_wconf 84' lang='grc' dir='ltr'><strong>τῶν</strong></span> <span class='ocrx_word' id='word_1_744' title='bbox 3274 4160 3331 4213; x_wconf 79' lang='grc' dir='ltr'><strong>ὲν</strong></span> <span class='ocrx_word' id='word_1_745' title='bbox 3347 4158 3486 4229; x_wconf 78' lang='grc' dir='ltr'>τῷδε</span> <span class='ocrx_word' id='word_1_746' title='bbox 3508 4159 3587 4228; x_wconf 83' lang='grc' dir='ltr'>τῷ</span> <span class='ocrx_word' id='word_1_747' title='bbox 3607 4160 3712 4230; x_wconf 80' lang='grc' dir='ltr'><strong>βίῳ</strong></span> 
     </span>
    </p>
   </div>
   <div class='ocr_carea' id='block_1_100' title="bbox 2134 4245 3713 4316">
    <p class='ocr_par' dir='ltr' id='par_1_100' title="bbox 2134 4245 3713 4316">
     <span class='ocr_line' id='line_1_100' title="bbox 2134 4245 3713 4316; baseline 0.004 -19"><span class='ocrx_word' id='word_1_748' title='bbox 2134 4245 2552 4315; x_wconf 87' lang='grc' dir='ltr'>περισπασμῶν,</span> <span class='ocrx_word' id='word_1_749' title='bbox 2595 4246 2688 4298; x_wconf 65' lang='grc' dir='ltr'><strong>καῖ¹</strong></span> <span class='ocrx_word' id='word_1_750' title='bbox 2726 4245 2933 4316; x_wconf 86' lang='grc' dir='ltr'>τύρϐης</span> <span class='ocrx_word' id='word_1_751' title='bbox 2973 4246 3206 4311; x_wconf 77' lang='grc' dir='ltr'>εἰκαίας,</span> <span class='ocrx_word' id='word_1_752' title='bbox 3242 4248 3431 4301; x_wconf 80' lang='grc' dir='ltr'>στύλον</span> <span class='ocrx_word' id='word_1_753' title='bbox 3485 4249 3561 4313; x_wconf 82' lang='grc' dir='ltr'>δὲ,</span> <span class='ocrx_word' id='word_1_754' title='bbox 3613 4251 3713 4304; x_wconf 75' lang='grc' dir='ltr'>καὶ</span> 
     </span>
    </p>
   </div>
   <div class='ocr_carea' id='block_1_101' title="bbox 2136 4336 3714 4409">
    <p class='ocr_par' dir='ltr' id='par_1_101' title="bbox 2136 4336 3714 4409">
     <span class='ocr_line' id='line_1_101' title="bbox 2136 4336 3714 4409; baseline 0.004 -21"><span class='ocrx_word' id='word_1_755' title='bbox 2136 4336 2413 4408; x_wconf 78' lang='grc' dir='ltr'>ἑδραίωμα</span> <span class='ocrx_word' id='word_1_756' title='bbox 2442 4336 2693 4406; x_wconf 88' lang='grc' dir='ltr'>λαμπρὸν</span> <span class='ocrx_word' id='word_1_757' title='bbox 2718 4337 2906 4391; x_wconf 79' lang='grc' dir='ltr'>ἑαυτὸν</span> <span class='ocrx_word' id='word_1_758' title='bbox 2928 4337 3108 4403; x_wconf 85' lang='grc' dir='ltr'>αὐτοῖς</span> <span class='ocrx_word' id='word_1_759' title='bbox 3136 4338 3374 4402; x_wconf 80' lang='grc' dir='ltr'>ἀναθεὶς,</span> <span class='ocrx_word' id='word_1_760' title='bbox 3401 4340 3714 4409; x_wconf 81' lang='grc' dir='ltr'>φωτίζοντα</span> 
     </span>
    </p>
   </div>
   <div class='ocr_carea' id='block_1_102' title="bbox 2136 4418 3715 4499">
    <p class='ocr_par' dir='ltr' id='par_1_102' title="bbox 2136 4418 3715 4499">
     <span class='ocr_line' id='line_1_102' title="bbox 2136 4418 3715 4499; baseline 0.003 -21"><span class='ocrx_word' id='word_1_761' title='bbox 2136 4427 2261 4489; x_wconf 82' lang='grc' dir='ltr'>τοὺς</span> <span class='ocrx_word' id='word_1_762' title='bbox 2290 4427 2347 4479; x_wconf 84' lang='grc' dir='ltr'>ὲν</span> <span class='ocrx_word' id='word_1_763' title='bbox 2375 4424 2573 4491; x_wconf 89' lang='grc' dir='ltr'>σκότει,</span> <span class='ocrx_word' id='word_1_764' title='bbox 2595 4424 2688 4477; x_wconf 75' lang='grc' dir='ltr'>καὶ</span> <span class='ocrx_word' id='word_1_765' title='bbox 2723 4418 2810 4478; x_wconf 73' lang='grc' dir='ltr'>οἷα</span> <span class='ocrx_word' id='word_1_766' title='bbox 2831 4425 3058 4496; x_wconf 81' lang='grc' dir='ltr'>νεφέλην</span> <span class='ocrx_word' id='word_1_767' title='bbox 3101 4429 3222 4490; x_wconf 88' lang='grc' dir='ltr'>ταῖς</span> <span class='ocrx_word' id='word_1_768' title='bbox 3255 4430 3472 4497; x_wconf 88' lang='grc' dir='ltr'>νοηταῖς</span> <span class='ocrx_word' id='word_1_769' title='bbox 3504 4430 3715 4499; x_wconf 79' lang='grc' dir='ltr'>κατάρ-</span> 
     </span>
    </p>
   </div>
   <div class='ocr_carea' id='block_1_103' title="bbox 2137 4516 3714 4590">
    <p class='ocr_par' dir='ltr' id='par_1_103' title="bbox 2137 4516 3714 4590">
     <span class='ocr_line' id='line_1_103' title="bbox 2137 4516 3714 4590; baseline 0.001 -18"><span class='ocrx_word' id='word_1_770' title='bbox 2137 4519 2293 4572; x_wconf 85' lang='grc' dir='ltr'>δοντα</span> <span class='ocrx_word' id='word_1_771' title='bbox 2309 4518 2534 4588; x_wconf 77' lang='grc' dir='ltr'>δρόσοις·</span> <span class='ocrx_word' id='word_1_772' title='bbox 2554 4516 2791 4586; x_wconf 87' lang='grc' dir='ltr'>γεγονὼς</span> <span class='ocrx_word' id='word_1_773' title='bbox 2805 4518 2859 4571; x_wconf 83' lang='grc' dir='ltr'><strong>δὲ</strong></span> <span class='ocrx_word' id='word_1_774' title='bbox 2887 4519 3064 4583; x_wconf 88' lang='grc' dir='ltr'>αὐτοῖς</span> <span class='ocrx_word' id='word_1_775' title='bbox 3083 4520 3173 4572; x_wconf 72' lang='grc' dir='ltr'><strong>καὶ</strong></span> <span class='ocrx_word' id='word_1_776' title='bbox 3190 4519 3351 4590; x_wconf 84' lang='grc' dir='ltr'>ἄρτος</span> <span class='ocrx_word' id='word_1_777' title='bbox 3368 4518 3511 4588; x_wconf 80' lang='grc' dir='ltr'>ζωῆς</span> <span class='ocrx_word' id='word_1_778' title='bbox 3528 4521 3714 4590; x_wconf 81' lang='grc' dir='ltr'>ἄπρα-</span> 
     </span>
    </p>
   </div>
   <div class='ocr_carea' id='block_1_104' title="bbox 2137 4607 3715 4679">
    <p class='ocr_par' dir='ltr' id='par_1_104' title="bbox 2137 4607 3715 4679">
     <span class='ocr_line' id='line_1_104' title="bbox 2137 4607 3715 4679; baseline -0.001 -16"><span class='ocrx_word' id='word_1_779' title='bbox 2137 4611 2242 4663; x_wconf 87' lang='grc' dir='ltr'><strong>κτά</strong></span> <span class='ocrx_word' id='word_1_780' title='bbox 2264 4628 2323 4663; x_wconf 86' lang='grc' dir='ltr'><strong>τε</strong></span> <span class='ocrx_word' id='word_1_781' title='bbox 2352 4609 2445 4662; x_wconf 69' lang='grc' dir='ltr'><strong>καὶ</strong></span> <span class='ocrx_word' id='word_1_782' title='bbox 2472 4608 2673 4679; x_wconf 84' lang='grc' dir='ltr'>ἀδρανῆ</span> <span class='ocrx_word' id='word_1_783' title='bbox 2707 4608 2775 4661; x_wconf 74' lang='grc' dir='ltr'>τὰ</span> <span class='ocrx_word' id='word_1_784' title='bbox 2817 4607 2925 4663; x_wconf 88' lang='grc' dir='ltr'><strong>τῶν</strong></span> <span class='ocrx_word' id='word_1_785' title='bbox 2954 4610 3156 4678; x_wconf 85' lang='grc' dir='ltr'>νοητῶν</span> <span class='ocrx_word' id='word_1_786' title='bbox 3201 4610 3375 4679; x_wconf 76' lang='grc' dir='ltr'>ὄφεων</span> <span class='ocrx_word' id='word_1_787' title='bbox 3418 4611 3715 4679; x_wconf 79' lang='grc' dir='ltr'>ἀποδείξας</span> 
     </span>
    </p>
   </div>
   <div class='ocr_carea' id='block_1_105' title="bbox 2136 4697 3714 4771">
    <p class='ocr_par' dir='ltr' id='par_1_105' title="bbox 2136 4697 3714 4771">
     <span class='ocr_line' id='line_1_105' title="bbox 2136 4697 3714 4771; baseline 0.001 -18"><span class='ocrx_word' id='word_1_788' title='bbox 2136 4700 2408 4771; x_wconf 87' lang='grc' dir='ltr'>δήγματα,</span> <span class='ocrx_word' id='word_1_789' title='bbox 2442 4699 2534 4751; x_wconf 73' lang='grc' dir='ltr'>καὶ</span> <span class='ocrx_word' id='word_1_790' title='bbox 2565 4697 2881 4762; x_wconf 85' lang='grc' dir='ltr'>διαϐιϐάσας</span> <span class='ocrx_word' id='word_1_791' title='bbox 2906 4698 2997 4751; x_wconf 82' lang='grc' dir='ltr'><strong>τὸν</strong></span> <span class='ocrx_word' id='word_1_792' title='bbox 3039 4697 3326 4768; x_wconf 83' lang='grc' dir='ltr'>Ἰορδάνην,</span> <span class='ocrx_word' id='word_1_793' title='bbox 3369 4700 3464 4753; x_wconf 67' lang='grc' dir='ltr'><strong>καὶΙ</strong></span> <span class='ocrx_word' id='word_1_794' title='bbox 3511 4703 3578 4771; x_wconf 73' lang='grc' dir='ltr'>τῇ</span> <span class='ocrx_word' id='word_1_795' title='bbox 3618 4701 3714 4755; x_wconf 77' lang='grc' dir='ltr'>διὰ</span> 
     </span>
    </p>
   </div>
   <div class='ocr_carea' id='block_1_106' title="bbox 2133 4791 3711 4861">
    <p class='ocr_par' dir='ltr' id='par_1_106' title="bbox 2133 4791 3711 4861">
     <span class='ocr_line' id='line_1_106' title="bbox 2133 4791 3711 4861; baseline 0 -17"><span class='ocrx_word' id='word_1_796' title='bbox 2133 4791 2441 4861; x_wconf 81' lang='grc' dir='ltr'>πνεύματος</span> <span class='ocrx_word' id='word_1_797' title='bbox 2477 4793 2742 4861; x_wconf 85' lang='grc' dir='ltr'>περιτομῇ</span> <span class='ocrx_word' id='word_1_798' title='bbox 2784 4791 3058 4861; x_wconf 85' lang='grc' dir='ltr'>καθαροὺς</span> <span class='ocrx_word' id='word_1_799' title='bbox 3085 4791 3423 4859; x_wconf 87' lang='grc' dir='ltr'>ἀποφαίνων,</span> <span class='ocrx_word' id='word_1_800' title='bbox 3453 4791 3711 4859; x_wconf 80' lang='grc' dir='ltr'>εἰσκομί-</span> 
     </span>
    </p>
   </div>
   <div class='ocr_carea' id='block_1_107' title="bbox 2132 4879 3715 4951">
    <p class='ocr_par' dir='ltr' id='par_1_107' title="bbox 2132 4879 3715 4951">
     <span class='ocr_line' id='line_1_107' title="bbox 2132 4879 3715 4951; baseline 0.002 -17"><span class='ocrx_word' id='word_1_801' title='bbox 2132 4882 2238 4945; x_wconf 78' lang='grc' dir='ltr'>ζων</span> <span class='ocrx_word' id='word_1_802' title='bbox 2270 4881 2325 4932; x_wconf 86' lang='grc' dir='ltr'>δὲ</span> <span class='ocrx_word' id='word_1_803' title='bbox 2359 4881 2453 4933; x_wconf 72' lang='grc' dir='ltr'><strong>καὶ</strong></span> <span class='ocrx_word' id='word_1_804' title='bbox 2489 4881 2567 4943; x_wconf 80' lang='grc' dir='ltr'>εἰς</span> <span class='ocrx_word' id='word_1_805' title='bbox 2603 4880 2879 4948; x_wconf 81' lang='grc' dir='ltr'>βασιλείαν</span> <span class='ocrx_word' id='word_1_806' title='bbox 2912 4879 3174 4950; x_wconf 77' lang='grc' dir='ltr'>οὐρανῶν.</span> <span class='ocrx_word' id='word_1_807' title='bbox 3209 4880 3392 4933; x_wconf 84' lang='grc' dir='ltr'>Ταῦτα</span> <span class='ocrx_word' id='word_1_808' title='bbox 3432 4885 3715 4951; x_wconf 80' lang='grc' dir='ltr'>χαριεῖται</span> 
     </span>
    </p>
   </div>
   <div class='ocr_carea' id='block_1_108' title="bbox 2129 4970 3713 5042">
    <p class='ocr_par' dir='ltr' id='par_1_108' title="bbox 2129 4970 3713 5042">
     <span class='ocr_line' id='line_1_108' title="bbox 2129 4970 3713 5042; baseline 0.003 -17"><span class='ocrx_word' id='word_1_809' title='bbox 2129 4975 2240 5034; x_wconf 88' lang='grc' dir='ltr'>τοῖς</span> <span class='ocrx_word' id='word_1_810' title='bbox 2274 4972 2423 5035; x_wconf 81' lang='grc' dir='ltr'>ἰδίοις</span> <span class='ocrx_word' id='word_1_811' title='bbox 2454 4975 2873 5042; x_wconf 88' lang='grc' dir='ltr'>προσκυνηταίς,</span> <span class='ocrx_word' id='word_1_812' title='bbox 2901 4970 3155 5025; x_wconf 87' lang='grc' dir='ltr'>διασώσει</span> <span class='ocrx_word' id='word_1_813' title='bbox 3189 4989 3248 5025; x_wconf 85' lang='grc' dir='ltr'><strong>τε</strong></span> <span class='ocrx_word' id='word_1_814' title='bbox 3299 4973 3496 5036; x_wconf 85' lang='grc' dir='ltr'>αὐτοὺς</span> <span class='ocrx_word' id='word_1_815' title='bbox 3561 4975 3713 5030; x_wconf 80' lang='grc' dir='ltr'>κατὰ</span> 
     </span>
    </p>
   </div>
   <div class='ocr_carea' id='block_1_109' title="bbox 2128 5060 3711 5131">
    <p class='ocr_par' dir='ltr' id='par_1_109' title="bbox 2128 5060 3711 5131">
     <span class='ocr_line' id='line_1_109' title="bbox 2128 5060 3711 5131; baseline 0.001 -17"><span class='ocrx_word' id='word_1_816' title='bbox 2128 5062 2365 5114; x_wconf 89' lang='grc' dir='ltr'>τοιούσδε</span> <span class='ocrx_word' id='word_1_817' title='bbox 2417 5061 2569 5124; x_wconf 76' lang='grc' dir='ltr'>τινὰς</span> <span class='ocrx_word' id='word_1_818' title='bbox 2621 5061 2873 5130; x_wconf 89' lang='grc' dir='ltr'>τρόπους,</span> <span class='ocrx_word' id='word_1_819' title='bbox 2924 5080 2941 5110; x_wconf 76' lang='grc' dir='ltr'><strong>ι</strong></span> <span class='ocrx_word' id='word_1_820' title='bbox 2992 5063 3139 5122; x_wconf 83' lang='grc' dir='ltr'>ὅπως</span> <span class='ocrx_word' id='word_1_821' title='bbox 3200 5061 3273 5130; x_wconf 86' lang='grc' dir='ltr'>μὴ</span> <span class='ocrx_word' id='word_1_822' title='bbox 3331 5060 3711 5131; x_wconf 87' lang='grc' dir='ltr'>μεγαλύνηται</span> 
     </span>
    </p>
   </div>
   <div class='ocr_carea' id='block_1_110' title="bbox 2133 5150 3714 5222">
    <p class='ocr_par' dir='ltr' id='par_1_110' title="bbox 2133 5150 3714 5222">
     <span class='ocr_line' id='line_1_110' title="bbox 2133 5150 3714 5222; baseline 0.001 -16"><span class='ocrx_word' id='word_1_823' title='bbox 2133 5153 2391 5222; x_wconf 87' lang='grc' dir='ltr'>καύχημα</span> <span class='ocrx_word' id='word_1_824' title='bbox 2421 5152 2566 5205; x_wconf 76' lang='grc' dir='ltr'>οἴκου</span> <span class='ocrx_word' id='word_1_825' title='bbox 2602 5153 2782 5217; x_wconf 74' lang='grc' dir='ltr'>Δαϐὶδ,</span> <span class='ocrx_word' id='word_1_826' title='bbox 2821 5172 2839 5203; x_wconf 76' lang='grc' dir='ltr'><strong>ι</strong></span> <span class='ocrx_word' id='word_1_827' title='bbox 2877 5151 3172 5215; x_wconf 79' lang='grc' dir='ltr'>τουτέστιν,</span> <span class='ocrx_word' id='word_1_828' title='bbox 3207 5153 3253 5203; x_wconf 84' lang='grc' dir='ltr'>οἱ</span> <span class='ocrx_word' id='word_1_829' title='bbox 3288 5151 3394 5203; x_wconf 90' lang='grc' dir='ltr'><strong>τῶν</strong></span> <span class='ocrx_word' id='word_1_830' title='bbox 3439 5150 3714 5207; x_wconf 85' lang='grc' dir='ltr'>Ἰουδαίων</span> 
     </span>
    </p>
   </div>
   <div class='ocr_carea' id='block_1_111' title="bbox 2130 5238 3711 5314">
    <p class='ocr_par' dir='ltr' id='par_1_111' title="bbox 2130 5238 3711 5314">
     <span class='ocr_line' id='line_1_111' title="bbox 2130 5238 3711 5314; baseline 0.001 -18"><span class='ocrx_word' id='word_1_831' title='bbox 2130 5244 2447 5314; x_wconf 67' lang='grc' dir='ltr'>ἡγούμενον</span> <span class='ocrx_word' id='word_1_832' title='bbox 2484 5243 2618 5313; x_wconf 89' lang='grc' dir='ltr'>μήτε</span> <span class='ocrx_word' id='word_1_833' title='bbox 2671 5242 2776 5312; x_wconf 85' lang='grc' dir='ltr'>μὴν</span> <span class='ocrx_word' id='word_1_834' title='bbox 2806 5243 3064 5313; x_wconf 85' lang='grc' dir='ltr'>ἐπάρσεις</span> <span class='ocrx_word' id='word_1_835' title='bbox 3091 5238 3200 5295; x_wconf 75' lang='grc' dir='ltr'>εἷεν</span> <span class='ocrx_word' id='word_1_836' title='bbox 3227 5243 3389 5312; x_wconf 74' lang='grc' dir='ltr'>ἤγουν</span> <span class='ocrx_word' id='word_1_837' title='bbox 3413 5243 3711 5313; x_wconf 82' lang='grc' dir='ltr'>ὲπάρσεως</span> 
     </span>
    </p>
   </div>
   <div class='ocr_carea' id='block_1_112' title="bbox 2130 5333 3713 5408">
    <p class='ocr_par' dir='ltr' id='par_1_112' title="bbox 2130 5333 3713 5408">
     <span class='ocr_line' id='line_1_112' title="bbox 2130 5333 3713 5408; baseline 0.003 -24"><span class='ocrx_word' id='word_1_838' title='bbox 2130 5334 2374 5401; x_wconf 75' lang='grc' dir='ltr'>ἀφορμαὶ</span> <span class='ocrx_word' id='word_1_839' title='bbox 2416 5336 2526 5395; x_wconf 87' lang='grc' dir='ltr'>τοῖς</span> <span class='ocrx_word' id='word_1_840' title='bbox 2572 5333 2917 5386; x_wconf 83' lang='grc' dir='ltr'>κατοικοῦσιν</span> <span class='ocrx_word' id='word_1_841' title='bbox 2966 5334 3319 5404; x_wconf 83' lang='grc' dir='ltr'>Ἰερουσαλὴμ</span> <span class='ocrx_word' id='word_1_842' title='bbox 3372 5333 3471 5405; x_wconf 83' lang='grc' dir='ltr'>τὴν</span> <span class='ocrx_word' id='word_1_843' title='bbox 3509 5335 3713 5408; x_wconf 76' lang='grc' dir='ltr'>αἰσθη-</span> 
     </span>
    </p>
   </div>
   <div class='ocr_carea' id='block_1_113' title="bbox 2128 5422 3714 5499">
    <p class='ocr_par' dir='ltr' id='par_1_113' title="bbox 2128 5422 3714 5499">
     <span class='ocr_line' id='line_1_113' title="bbox 2128 5422 3714 5499; baseline 0.006 -27"><span class='ocrx_word' id='word_1_844' title='bbox 2128 5422 2246 5492; x_wconf 83' lang='grc' dir='ltr'>τὴν,</span> <span class='ocrx_word' id='word_1_845' title='bbox 2297 5423 2389 5474; x_wconf 82' lang='grc' dir='ltr'><strong>καὶ</strong></span> <span class='ocrx_word' id='word_1_846' title='bbox 2426 5422 2663 5490; x_wconf 82' lang='grc' dir='ltr'>ἐπίγειον</span> <span class='ocrx_word' id='word_1_847' title='bbox 2695 5423 2835 5479; x_wconf 68' lang='grc' dir='ltr'>κατὰ</span> <span class='ocrx_word' id='word_1_848' title='bbox 2880 5423 2972 5481; x_wconf 81' lang='grc' dir='ltr'><strong>τοῦ</strong></span> <span class='ocrx_word' id='word_1_849' title='bbox 3022 5422 3203 5477; x_wconf 81' lang='grc' dir='ltr'>Ἰούδα.</span> <span class='ocrx_word' id='word_1_850' title='bbox 3256 5425 3549 5494; x_wconf 83' lang='grc' dir='ltr'>Ἐφρόνουν</span> <span class='ocrx_word' id='word_1_851' title='bbox 3601 5426 3714 5499; x_wconf 70' lang='grc' dir='ltr'><strong>μὲν</strong></span> 
     </span>
    </p>
   </div>
   <div class='ocr_carea' id='block_1_114' title="bbox 3296 5627 3719 5704">
    <p class='ocr_par' dir='ltr' id='par_1_114' title="bbox 3296 5627 3719 5704">
     <span class='ocr_line' id='line_1_114' title="bbox 3296 5627 3719 5704; baseline 0.017 -24"><span class='ocrx_word' id='word_1_852' title='bbox 3296 5627 3339 5659; x_wconf 67' lang='grc'><strong>⁷⁸</strong></span> <span class='ocrx_word' id='word_1_853' title='bbox 3362 5627 3533 5683; x_wconf 76' lang='lat' dir='ltr'><strong>Exod.</strong></span> <span class='ocrx_word' id='word_1_854' title='bbox 3571 5645 3719 5704; x_wconf 69' lang='lat' dir='ltr'><strong>xm,</strong></span> 
     </span>
    </p>
   </div>
  </div>
