3934 6318
182 315 277 371 2n

1001 318 1549 379 COMMENTARIUS
1587 320 1651 377 IN
1693 321 2091 381 ZACIIARMM
2132 327 2574 386 PROPHETAM.

3315 321 3426 378 2|8

187 431 291 500 γὰρ
335 428 574 499 μεγάλα,
617 430 710 484 καὶ
743 434 1124 504 κατωφρύοντο
1174 436 1293 490 λίαν
1320 437 1428 491 τῶν
1473 456 1789 498 πεπιστευο,

1879 441 2040 497 tiesen
2069 447 2341 501 veteribus
2365 444 2616 501 muniﬁce
2665 442 2862 498 collata
2918 430 3080 497 ιθὼς
3133 437 3425 508 iactantes,

194 523 357 576 κὸτων
379 523 456 584 είς
475 522 732 592 Χριστὸν,
759 524 850 576 καὶ
871 525 1036 578 αὑτοῦ
1061 527 1117 579 δὲ
1137 527 1230 582 τοῦ
1256 530 1624 602 Ἐμμανουὴλ,
1643 532 1755 585 ἀνω

190 631 246 668 τε
283 615 376 669 καὶ
413 614 564 667 κάτω
604 614 672 667 τὰ
707 614 794 668 διὰ
828 616 1072 680 Μωσέως
1114 621 1225 683 τοῖς
1253 622 1498 693 ἀρχαίοις
1523 622 1759 693 δεδωρη-

194 707 324 779 μένα
373 706 764 777 προτείνοντες,
819 709 910 762 καὶ
955 710 1056 780 τὴν
1104 715 1215 776 τοῖς
1263 715 1531 784 πατράσιν
1580 713 1758 766 αὐτῶν

191 797 585 868 έκνεμηθεῖσαν
608 799 772 866 φειδὼ
795 801 1195 872 προϊσχόμενοι.
1219 805 1326 857 Καὶ
1343 803 1474 872 γοῦν
1499 804 1755 872 ἔφασκον,

192 889 319 942 ποτὲ
354 891 486 958 μέν·
521 907 540 940 ι
593 888 658 941 Τί
687 883 781 942 οὖν
819 893 992 953 ποιεῖς
1033 893 1096 944 σὺ
1127 895 1368 962 σημεῖον,
1418 894 1503 946 ἵνα
1537 894 1756 964 ίδωμεν,

193 981 284 1034 καὶ
322 979 738 1050 πιστεύσωμεν;
778 980 831 1033 τί
866 982 930 1034 σὺ
960 983 1164 1052 ἐργάζῃ
1188 1001 1203 1048 ;
1231 985 1294 1037 Ol
1329 984 1571 1052 Πατέρες
1601 986 1758 1055 ἡμῶν

192 1069 392 1139 ἔφαγον
429 1069 489 1122 τὸ
518 1071 689 1140 μάννα
717 1071 775 1123 ὲν
806 1074 871 1142 τῇ
918 1071 1129 1143 ἐρήμῳ,
1159 1073 1340 1137 καθώς
1367 1075 1484 1127 ἐστι
1509 1091 1760 1146 γεγραμ-

195 1161 376 1232 μένον,
395 1163 593 1231 Ἄρτον
613 1163 675 1214 ὲκ
699 1159 791 1214 τοῦ
823 1162 1052 1231 οὐρανοῦ
1079 1163 1276 1216 ἔδωκεν
1305 1164 1488 1228 αὐτοῖς
1511 1168 1755 1232 φαγεῖνοι

192 1253 321 1306 ποτὲ
357 1251 413 1305 δὲ
443 1252 505 1321 δή
530 1267 544 1281 ⁸
578 1270 596 1303 ι
648 1251 836 1321 Ἡμεῖς
874 1251 1096 1322 οἴδαμεν
1122 1253 1203 1306 ὄτι
1239 1255 1428 1307 Μωσεῖ
1467 1253 1762 1323 λελάληκεν

189 1345 219 1399 ὁ
246 1344 404 1406 Θεὸς,
450 1342 638 1396 τοῦτον
664 1344 719 1397 δὲ
739 1344 840 1396 οὐκ
866 1344 1084 1414 οἴδαμεν
1126 1345 1288 1398 πόθεν
1325 1345 1461 1400 ἐστί.
1497 1365 1518 1396 ι
1556 1347 1762 1413 Τερατ-

191 1435 452 1504 ουργήσει
483 1432 548 1502 δὴ
575 1428 687 1498 οὖν,
742 1434 926 1502 φησὶν,
967 1434 1096 1503 ἡμῖν
1131 1435 1164 1486 ὁ
1188 1435 1295 1487 τῶν
1333 1434 1467 1488 ὅλων
1505 1434 1658 1499 Θεὸς,
1713 1435 1763 1488 εἰ

193 1524 286 1577 καὶ
319 1522 394 1592 μὴ
423 1523 698 1592 ἐμφανῶς,
730 1521 977 1592 καθάπερ
1007 1523 1202 1592 ἀμέλει
1226 1525 1320 1576 καὶ
1348 1523 1492 1588 τότε,
1535 1519 1766 1576 ἀλλὀὖν

195 1614 420 1685 νοητῶς,
463 1612 608 1665 οὓτω
635 1629 694 1665 τε
718 1614 865 1683 ἡμᾶς
889 1611 1162 1666 άνασώσει
1201 1616 1326 1678 τοὺς
1371 1616 1429 1667 ὲν
1470 1616 1583 1678 τοῖς
1615 1614 1766 1677 ίδίοις

197 1702 569 1774 σκηνῶμασιν,
601 1702 688 1754 ἵνα
729 1701 803 1771 μὴ
835 1703 974 1772 μέγα
1015 1702 1254 1770 φρονῶσι
1285 1701 1405 1756 καθ’
1432 1701 1589 1772 ἡμῶν
1641 1702 1766 1755 ’1ου-

193 1796 356 1860 δαίοι,
399 1795 575 1863 ῆγθυν,
613 1795 662 1846 οἱ
711 1793 840 1863 παρ’
875 1794 1058 1856 αὐτοῖς
1105 1792 1416 1863 ἡγούμενοι.
1451 1794 1630 1847 Ταυτὸ
1659 1793 1766 1864 γὰρ
1799 1791 1852 1851 Β

195 1882 343 1956 οἶμαι
374 1884 568 1956 δηλοῦν
603 1903 622 1936 s
655 1885 716 1938 τὸ
740 1884 1000 1955 καύχημα
1024 1883 1118 1936 τοῦ
1151 1884 1302 1937 οῐκου
1333 1883 1515 1937 Δα6ίδ.
1563 1903 1584 1936 s

263 1975 373 2028 Kal
404 1975 578 2028 ἔσται
607 1975 678 2029 ἐν
711 1973 787 2043 τῇ
817 1974 1008 2043 ἡμέρᾳ
1033 1974 1622 2043 ἐκείνῃ,ὑπερασπιεῖ
1649 1976 1758 2030 Κύ-

189 2085 315 2134 ριος
341 2066 496 2133 ὑπὲρ
537 2063 658 2119 τῶν
686 2066 1123 2119 κατοικούντων
1181 2066 1594 2136 Ἰερουσαλήμ.
1651 2067 1765 2121 Καὶ

193 2160 362 2212 ἔσται
385 2161 419 2212 ὁ
448 2156 722 2213 ἀσθενῶν
751 2158 820 2210 ἐν
847 2156 1051 2224 αὐτοῖς
1074 2159 1144 2211 ἐν
1166 2157 1367 2228 ἐκείνη
1390 2158 1463 2228 τῇ
1483 2160 1670 2228 ἡμέρᾳ
1689 2161 1768 2227 ὡς

195 2245 358 2314 οἶκος
395 2247 592 2313 Δαϐίδ,
619 2251 652 2302 ό
680 2246 748 2300 δὲ
767 2244 934 2312 οἶκος
955 2247 1152 2311 Δαϐὶδ,
1191 2248 1272 2315 ὠς
1298 2244 1463 2315 οῖκος
1494 2247 1663 2314 Θεοῦ,
1688 2249 1768 2314 ὡς

196 2340 448 2409 ἀττελος
479 2337 702 2406 Κυρίου
728 2337 984 2393 ἐνώπιον
1017 2337 1234 2392 αὐτῶν.
1443 2357 1448 2364 ·

262 2429 378 2496 ιιθν.
426 2449 445 2482 ι
501 2430 690 2500 Ὅπλῳ
723 2429 820 2500 μὲν
871 2431 1016 2500 ἡμᾶς
1071 2429 1317 2492 εὐδοκίας
1341 2430 1770 2498 ἐστεφάνωσενό

197 2521 323 2583 Θεὸς
354 2521 450 2573 καὶ⁹
497 2521 704 2590 Πατήρ.
748 2539 774 2572 ι.
801 2520 1008 2574 Δέδωκε
1040 2519 1150 2588 γάρ
1178 2521 1309 2589 ἡμῖν
1335 2519 1427 2573 τὸν
1457 2521 1586 2574 ἴδιον
1618 2520 1766 2585 Υἱὸν,

199 2610 597 2682 προασπιστὴν,
634 2611 726 2664 καὶ
754 2610 1056 2680 πρόμαχον,
1092 2610 1158 2662 δι’
1208 2603 1268 2662 οὗ
1299 2611 1393 2664 καὶ
1423 2609 1766 2681 σεσώσμεθα,

203 2697 398 2758 παντὸς
432 2696 533 2766 μὲν
569 2696 804 2759 εὐκόλως
828 2697 1189 2760 διεκδύνοντες
1237 2699 1566 2770 πειρασμοῦ,
1607 2698 1770 2753 πολέ-

203 2804 298 2857 μου
341 2787 402 2840 δὲ
449 2786 546 2841 τοῦ
595 2789 724 2858 παρ’
751 2788 979 2859 ἐχθρῶν,
1027 2790 1123 2842 καὶ
1174 2790 1273 2859 τῆς
1311 2790 1418 2843 τῶν
1467 2791 1770 2844 διωκόντων

201 2881 519 2952 σκαιότητος
556 2879 974 2950 κατευμεγεθείν
995 2881 1264 2945 εἰωθότες.
1311 2881 1449 2934 Ἀλλ’
1482 2881 1540 2935 ἐν
1566 2899 1629 2950 γε
1658 2885 1772 2945 τοῖς

201 2971 581 3041 προκειμένοις
605 2971 858 3042 δηλοῦται
883 2973 983 3044 μέν
1009 2991 1061 3026 τι
1083 2973 1342 3036 τοιοῦτον,
1366 2973 1509 3043 πλὴν
1534 2973 1772 3044 ἀσαφείᾳ

200 3061 362 3132 πολλῇ
405 3062 870 3132 κατεσκιασμένον
918 3061 1008 3116 τὸν
1038 3062 1192 3130 λόγον
1230 3063 1325 3115 ίδοι
1365 3080 1447 3125 τις
1487 3063 1572 3117 ἄν.
1624 3063 1768 3132 Ἔφη

205 3154 294 3222 μὲν
333 3153 446 3224 γὰρ
501 3154 858 3224 ὑπερασπιεῖν
890 3155 918 3206 ὁ
962 3154 1070 3206 τῶν
1104 3155 1240 3208 ὅλων
1278 3154 1407 3217 Θεὸς
1448 3155 1556 3206 τῶν
1598 3170 1773 3207 κατοι-

203 3246 437 3298 κούντων
453 3245 831 3317 Ἰερουσαλὴμ,
863 3245 958 3298 καὶ
983 3245 1103 3316 οὐχὶ
1130 3246 1194 3316 δὴ
1232 3247 1430 3316 μᾶλλον
1456 3245 1565 3299 τῶν
1591 3262 1778 3312 παροι-

205 3336 435 3388 κούντων
463 3335 653 3406 αὐτήν.
690 3335 798 3388 Καὶ
829 3339 1030 3389 νοεῖται
1058 3335 1155 3406 μὲν
1191 3336 1634 3406 ὁμολογουμένως
1679 3337 1775 3388 Ἱε-

208 3428 485 3498 ῳυσαλὴμ
511 3427 569 3478 ὲν
591 3426 799 3490 τούτοις
828 3429 860 3498 ἡ
903 3426 1196 3498 Ἐκκλησία
1224 3429 1480 3498 Χριστοῦ,
1517 3427 1782 3498 [impetusi-

204 3518 260 3574 δὲ,
283 3518 450 3589 αὐτὴν
477 3520 507 3571 ὁ
537 3518 612 3588 μὴ
640 3517 759 3570 λίαν
787 3517 1052 3588 ἀσφαλὴς,
1086 3519 1308 3570 σεσαλευ
1317 3518 1475 3588 μένος
1504 3518 1560 3571 δὲ
1585 3518 1773 3588 ὥσπερ

206 3611 292 3662 καὶ
322 3609 686 3676 εὐπάροιστος
716 3607 932 3678 κομιδῇ,
967 3605 1102 3677 πρὸς
1129 3608 1189 3660 τὸ
1234 3607 1311 3679 μὴ
1357 3607 1480 3678 ἕχον
1502 3607 1699 3678 ὀρθῶς,
1739 3608 1779 3677 ἢ

209 3703 294 3751 καὶ
324 3699 504 3762 ἄλλως
533 3698 773 3770 ῥᾴθυμος
811 3701 892 3762 είς
935 3698 1308 3769 φιλομάθειαν.
1338 3701 1599 3753 Κατοικεῖ
1625 3699 1682 3752 δὲ
1711 3695 1789 3754 αὖ-

207 3791 232 3839 ὁ
259 3788 526 3857 βεϐηκὼς,
579 3790 674 3844 καὶ⁵
721 3789 1109 3860 ἐρηρεισμένος
1155 3790 1234 3852 εἰς
1274 3789 1497 3860 ἀγάπην
1535 3789 1634 3860 τὴν
1689 3789 1784 3841 ἐπὶ

209 3879 438 3950 Χριστῷ,
466 3882 563 3932 καὶ
585 3882 703 3942 ταῖς
728 3881 792 3935 ἐκ
812 3879 917 3932 τῶν
945 3879 1103 3932 θείων
1129 3879 1466 3950 μαθημάτων
1491 3879 1780 3946 ὠφελείαις

209 3971 291 4024 ἀεὶ
318 3971 737 4042 προσκείμενος,
771 3971 912 4024 ὥστε
939 3970 1203 4025 δύνασθαι
1245 3970 1425 4038 λέγειν
1461 3971 1548 4024 διὰ
1597 3969 1782 4039 φωνῆς

209 4061 297 4114 τοῦ
336 4063 533 4114 Δαϐίδ·
580 4080 599 4113 ‹
646 4063 734 4125 Ὠς
781 4062 984 4130 γλυκέα
1003 4062 1082 4132 τῷ
1108 4061 1344 4133 λάρυγγί
1387 4079 1491 4132 μου
1529 4061 1598 4114 τά
1629 4061 1792 4130 λόγιά-

213 4161 334 4212 σουί
389 4159 536 4228 ὑπὲρ
586 4158 727 4228 μέλι,
773 4159 867 4212 καὶ
911 4158 1103 4228 κηρίον
1136 4157 1214 4228 τῷ
1259 4157 1486 4228 στόματί
1541 4174 1662 4227 μου.
1710 4185 1785 4197 —

223 4253 581 4321 Ὑπερασπιεῖ
626 4249 828 4315 τοίνυν,
877 4249 1032 4318 φησὶ,
1071 4249 1179 4302 τῶν
1223 4249 1642 4310 κατοικούντων,
1689 4249 1783 4301 καὶ

211 4345 400 4397 ἔσταιὸ
414 4341 658 4396 ἀσθενῶν
683 4343 740 4395 ὲν
753 4342 936 4404 αὐτοῖς
946 4341 1004 4392 ὲν
1019 4343 1086 4410 τῇ
1107 4341 1288 4411 ἡμέρᾳ
1314 4340 1518 4412 ἐκείνῃ,
1536 4339 1611 4402 ὼς
1636 4335 1784 4402 οἶκος

1861 543 1915 586 et
1947 536 2197 590 trilmtam
2230 541 2476 607 patribus
2526 537 2766 606 ipsorum
2817 531 3204 600 indulgentiam
3237 524 3430 585 obten-

1865 628 2071 683 deutes.
2101 631 2277 695 Quare
2305 629 2573 692 dicebant,
2611 641 2753 682 nunc
2785 625 3042 694 quidem:
3079 643 3097 676 ι
3140 622 3292 688 Quod
3322 621 3426 690 igi-

1864 728 1952 772 tur
1980 720 2188 788 signum
2235 730 2288 774 tu
2335 717 2486 782 facis,
2538 727 2597 772 ut
2649 717 2946 780 videamus,
2998 722 3054 769 et
3099 710 3430 767 credamus?

1865 811 1992 879 quid
2014 812 2290 880 operaris?
2339 810 2526 865 Patres
2552 809 2718 863 nostri
2751 807 3100 861 comederunt
3135 818 3330 858 manna
3375 803 3429 856 in

1867 904 2100 968 deserto,
2124 904 2262 957 sicut
2299 903 2556 971 scriptum
2591 909 2708 964 est,
2746 899 2944 952 Panem
2977 898 3042 951 de
3069 895 3232 970 780
3291 895 3433 949 caelo

1867 995 2010 1049 dedit
2043 995 2120 1048 eis
2165 995 2487 1048 manducare
2518 993 2604 1059 ";
2652 1010 2670 1043 ι
2713 1005 2856 1044 nunc
2881 1003 3010 1043 vero
3049 1005 3062 1042 :
3098 1006 3116 1038 ι
3154 987 3262 1041 N03
3320 985 3431 1040 sci-

1868 1101 1986 1140 mus
2009 1086 2134 1154 quia
2169 1085 2301 1139 Mosi
2348 1085 2561 1138 locutus
2588 1091 2672 1138 est
2717 1083 2876 1146 Deus,
2909 1080 3054 1134 hunc
3103 1087 3282 1132 autem
3339 1090 3434 1130 ne-

1869 1177 2070 1231 scimus
2098 1176 2239 1231 uude
2260 1177 2328 1230 sit
2348 1175 2419 1229 ⁸⁸.
2435 1194 2452 1227 ι
2476 1173 2654 1243 Inquit
2673 1173 2871 1244 igitur:
2892 1169 3078 1225 Faciet
3099 1168 3253 1223 vobis
3270 1167 3434 1221 mira-

1868 1270 1995 1323 bilia
2027 1270 2398 1324 universorum
2428 1271 2588 1333 Deus,
2617 1269 2716 1322 etsi
2788 1281 2896 1321 non
2942 1263 3250 1325 manifeste,
3300 1275 3435 1329 quo-

1869 1361 2028 1414 modo
2076 1359 2323 1414 videlicet
2359 1360 2509 1423 olim,
2561 1358 2653 1413 sed
2705 1368 2882 1412 tamen
2948 1370 3067 1426 quae
3129 1352 3436 1408 intellectus

1871 1450 2070 1515 videat,
2096 1458 2150 1505 et
2171 1449 2251 1504 sic
2290 1463 2385 1502 vos
2420 1447 2650 1502 salvabit
2684 1447 2774 1516 qui
2802 1447 2933 1501 estis
3007 1445 3060 1497 in
3104 1441 3220 1510 ejus
3255 1439 3437 1492 tabero

1873 1543 2100 1606 naculis,
2138 1556 2205 1596 ne
2237 1541 2531 1610 glorientur
2561 1550 2746 1592 contra
2793 1552 2890 1592 vos
2939 1534 3130 1596 Judaei,
3183 1533 3297 1588 sive
3342 1529 3434 1597 qui

1873 1652 2057 1693 eorum
2097 1633 2459 1706 gubernacula
2509 1638 2708 1687 tenent.
2745 1632 2888 1684 idem
2947 1641 3182 1695 namque
3242 1623 3437 1694 opinor

1874 1726 2177 1798 signiﬁcare
2209 1743 2229 1777 ι
2259 1723 2632 1792 gloriationem
2657 1723 2850 1778 domus
2874 1719 3062 1774 David.
3106 1737 3126 1770 ι

1940 1988 2102 2043 Vens.
2124 1986 2177 2042 8.
2221 1985 2285 2039 Et
2309 1987 2409 2041 erit
2433 1986 2483 2038 in
2505 1983 2589 2037 die
2614 1982 2730 2048 illa,
2759 1987 2985 2050 proteget
3009 1976 3265 2032 Dominus
3288 1988 3442 2039 super

1870 2078 2148 2132 incolentes
2175 2075 2488 2130 Jerusalem.
2518 2071 2581 2126 Et
2601 2072 2700 2126 erit
2751 2069 2840 2140 qui
2905 2067 3207 2137 infirmatur
3251 2064 3310 2117 in
3365 2062 3444 2114 eis

1869 2170 1960 2223 illa
1987 2169 2071 2222 die
2098 2179 2153 2222 ut
2181 2167 2369 2222 domus
2397 2165 2586 2230 David,
2610 2163 2795 2216 domus
2827 2155 3004 2213 autem
3035 2157 3224 2220 David,
3260 2161 3316 2206 ut
3347 2153 3444 2206 do-

1870 2277 1984 2316 mus
2005 2260 2119 2325 Dei,
2146 2268 2202 2313 ut
2227 2257 2443 2330 angelus
2476 2254 2682 2309 Domini
2715 2253 2772 2307 in
2792 2259 3071 2321 conspectu
3103 2262 3304 2302 eorum.

1943 2432 2100 2489 XCII.
2139 2449 2164 2483 ι-
2191 2429 2371 2485 Armis
2397 2429 2553 2484 bona:
2582 2426 2878 2483 volun-tatis
2897 2437 3010 2480 suae
3041 2427 3320 2478 coronavit
3343 2433 3441 2475 eos

1873 2527 2014 2582 Deus
2045 2534 2097 2581 et
2125 2525 2284 2579 Pater
2312 2521 2382 2577 δ’.
2414 2540 2432 2572 ι
2472 2519 2626 2575 Dedit
2652 2519 2798 2574 enim
2829 2517 2986 2572 nobis
3032 2515 3228 2569 Filium
3280 2528 3438 2567 suum

1873 2617 2208 2674 defensorem
2251 2622 2305 2668 et
2346 2611 2896 2681 antesignanum,per
2942 2620 3101 2675 quem
3153 2614 3206 2659 et
3247 2604 3442 2658 salvati

1871 2722 2075 2771 sumus,
2131 2721 2196 2760 ex
2248 2703 2394 2758 omni
2435 2701 2729 2756 tentatioue
2782 2697 2939 2752 facile
2989 2702 3351 2764 emergentes,
3393 2702 3449 2747 et

1871 2815 1901 2854 a
1959 2797 2101 2854 bello
2150 2797 2342 2865 quovis
2399 2791 2624 2856 hostili,
2683 2799 2740 2843 et
2788 2803 2817 2842 a
2881 2786 3314 2858 persequentium
3363 2785 3448 2838 fu—

1875 2904 1995 2946 rore
2042 2901 2256 2957 semper
2311 2883 2516 2938 invieti.
2569 2881 2635 2939 Et
2688 2880 2869 2935 verbis
2915 2878 3129 2948 quidem
3199 2877 3448 2946 proposi-

1875 2981 1941 3036 tis
1995 2978 2098 3033 tale
2150 2975 2403 3046 quiddam
2456 2971 2742 3035 iudicatur,-
2775 2983 2903 3038 quae
2943 2975 3123 3021 tamen
3153 2965 3318 3019 multa
3354 2963 3452 3019 ob-

1872 3070 2133 3125 scuritate
2187 3067 2426 3122 involuta
2479 3064 2683 3120 videas.
2736 3063 2826 3117 Ait
2866 3062 3034 3126 enim,
3067 3059 3448 3114 universorum

1875 3163 2042 3217 Deum
2094 3168 2468 3231 protecturum
2532 3153 2830 3211 incolentes
2865 3149 3194 3215 Jerusalem,
3240 3159 3302 3202 ει·
3344 3164 3448 3202 non

1877 3255 2054 3327 potius
2088 3252 2394 3308 accolentes
2430 3264 2570 3304 eam.
2626 3248 2699 3300 Et-
2741 3245 3039 3302 Ierusalem
3093 3242 3306 3312 quidem
3350 3240 3452 3293 hoc

1877 3348 1991 3403 loco
2037 3346 2155 3400 sine
2211 3342 2580 3397 controversia
2623 3339 2866 3396 Ecclesia
2928 3335 3140 3392 Christi
3196 3332 3451 3401 intelligi-

1879 3449 1984 3493 tur.
2013 3435 2221 3491 Aecolit
2243 3442 2419 3488 autem
2454 3432 2598 3486 illam
2657 3445 2761 3484 non
2813 3428 2972 3482 valde
3024 3433 3171 3480 tutus
3214 3432 3269 3479 et
3294 3437 3451 3478 secu-

1879 3544 1991 3592 rus,
2009 3527 2101 3583 sed
2116 3525 2272 3595 quasi
2303 3524 2534 3593 agitatus
2557 3520 2829 3583 ﬂuetibus,
2850 3529 2904 3572 et
2921 3517 3262 3572 vehementer
3282 3512 3452 3566 mobi-

1883 3621 1948 3675 lis
1970 3620 2035 3674 ad
2059 3617 2280 3681 malum,
2318 3625 2411 3670 aut
2440 3614 2643 3682 alioqui
2679 3612 2824 3666 iners
2874 3610 2940 3663 ad
2988 3606 3325 3663 discendum.
3365 3601 3452 3655 ln-

1880 3713 2009 3768 colit
2057 3711 2194 3764 ﬁxus
2233 3716 2286 3762 et
2323 3707 2568 3761 ﬁrmatus
2615 3705 2669 3758 in
2710 3701 2976 3757 charitate
3000 3714 3124 3768 erga
3153 3696 3452 3755 Christum,

1878 3799 2298 3857 et'utilitatibus
2355 3812 2423 3850 ex
2468 3794 2713 3848 doctrina
2775 3789 2953 3844 divina
3008 3783 3454 3856 promanantibus

1881 3907 2095 3961 semper
2139 3889 2385 3952 deditus,
2459 3894 2520 3939 ut
2587 3883 2770 3938 dicere
2814 3878 2980 3948 possit
3025 3892 3146 3932 cum
3205 3875 3450 3930 Davide:

1887 4004 1907 4038 ι
1945 3985 2114 4050 Quam
2156 3978 2335 4034 dulcia
2400 3975 2646 4030 faucibus
2683 3971 2820 4026 meis
2848 3969 3057 4038 eloquia
3108 3969 3240 4022 tual-
3292 3982 3456 4036 super

1882 4076 1989 4132 mel
2012 4085 2064 4130 et
2103 4075 2283 4126 favum
2328 4070 2408 4124 ori
2460 4081 2578 4121 meo
2607 4067 2673 4120 δ’.
2713 4084 2731 4118 ι
2761 4063 2939 4132 luquit
2969 4076 3101 4129 ergo
3135 4073 3150 4111 :
3189 4076 3207 4109 ι
3268 4059 3455 4111 Prote-

1885 4177 1974 4237 get
2005 4164 2323 4229 incolentes,
2344 4170 2399 4216 et
2429 4160 2536 4215 erit
2561 4159 2867 4213 inﬁrmatus
2909 4155 3048 4208 inter
3094 4153 3239 4221 ipsos
3289 4150 3341 4203 iu
3368 4148 3457 4203 die

1885 4257 1976 4310 illa
1998 4257 2142 4311 sicut
2168 4255 2358 4308 domus
2398 4249 2587 4304 David.
2630 4266 2648 4300 ι
2693 4247 2920 4300 Domum
2973 4243 3138 4297 David
3183 4243 3271 4296 hic
3317 4239 3457 4308 apud

1883 4347 2098 4404 Iudaeos
2124 4343 2576 4401 bonoratissimos
2605 4338 2786 4394 vocari
2825 4337 3140 4392 asserimus.
3195 4333 3270 4387 De
3317 4333 3458 4386 tribu

212 4435 385 4487 Δαῦίδ.
439 4453 456 4484 ι
493 4433 606 4487 Καὶ
637 4429 784 4486 οἷκον
828 4433 926 4504 μὲν
955 4431 1050 4486 τοῦ
1085 4430 1247 4485 Δαόὶδ
1281 4433 1338 4484 ὲν
1389 4431 1621 4498 τούτοις,
1655 4432 1781 4493 τοὺς

1883 4441 2026 4496 enim
2050 4437 2187 4492 Juda
2210 4451 2276 4491 ex
2310 4435 2461 4490 Jesse
2517 4442 2572 4487 et
2627 4430 2824 4486 Davide
2846 4427 3135 4497 progeniti,
3164 4423 3460 4493 aliquando

212 4525 358 4593 παρὰ
387 4523 659 4586 Ἰουδαίοις
676 4524 1070 4593 ὲντιμωτάτους
1089 4523 1404 4594 ὠνομάσθαι
1425 4523 1619 4593 φαμέν.
1652 4522 1784 4575 ’Δπὸ

212 4615 316 4686 γάρ
351 4616 450 4684 τῆς
498 4615 668 4669 Ἰούδα
694 4615 864 4686 φυλῆς
894 4615 952 4681 ἐξ
1001 4615 1216 4680 Ἰεσσαὶ,
1257 4616 1352 4668 κα)⁸
1392 4614 1557 4667 Δαὸὶδ
1601 4613 1785 4667 Maci-

211 4708 363 4763 λευον
407 4709 549 4763 κατά
595 4707 818 4778 καιροὺς
862 4709 921 4760 ὲν
969 4710 1082 4771 τοῖς
1137 4707 1546 4778 Ἰεροσολύμοις.
1600 4706 1787 4759 Ἀσθεο

214 4802 408 4855 νοῦντα
451 4801 510 4855 δέ
555 4817 721 4872 φησιν
777 4803 839 4852 ὲκ
887 4798 992 4852 τῶν
1037 4798 1432 4852 κατοικούντων
1477 4798 1577 4868 τὴν
1624 4797 1786 4864 ἁγίαν

214 4893 385 4958 πόλιν,
417 4893 520 4964 τὴν
561 4892 758 4962 νοητὴν
796 4890 1170 4962 Ἰερουσαλὴμ,
1205 4890 1324 4961 ἥτις
1377 4889 1528 4942 ἐστὶν
1575 4891 1607 4957 ἡ
1665 4889 1786 4941 Ἐκο

217 4985 432 5054 κλησία,
473 4983 616 5053 τάχα
657 4998 760 5034 που
796 4981 888 5034 τὸν
939 4981 1018 5034 ἐτι
1064 4980 1488 5051 κατηχούμενον,
1538 4979 1594 5042 ὃς
1635 4978 1788 5032 οὔπω

219 5075 598 5143 ῂϐάπτισται,
630 5076 778 5130 νοσεῖ
815 5075 870 5127 δὲ
902 5073 1088 5145 ὥσπερ
1142 5073 1220 5126 ἔτι
1264 5073 1341 5142 τῷ
1385 5073 1484 5142 τῆς
1519 5071 1802 5141 ἁμαρτίας

219 5169 422 5238 φορτίῳ
450 5167 912 5237 κατηχθεσμένος,
961 5166 1054 5218 καὶ
1082 5165 1190 5218 τῶν
1225 5164 1466 5235 ἀρχαίων
1509 5165 1790 5236 ἀρρωστη-

219 5260 425 5327 μάτων,
474 5260 641 5330 ἦγουν
693 5256 879 5311 παθῶν
923 5258 1022 5310 οὐκ
1058 5257 1418 5326 ἀπήλλακται.
1480 5255 1640 5309 ’Λλλά
1697 5257 1792 5308 καὶ

215 5353 390 5416 οὕτως
429 5352 588 5422 ἔχων,
617 5352 698 5405 ὅτι
722 5350 785 5420 δὴ
822 5352 979 5421 μόνον
1005 5349 1357 5414 πεπίστευκε,
1383 5349 1476 5402 καὶ
1504 5348 1602 5418 τῆς
1637 5364 1791 5416 νομι-

217 5445 319 5513 κῆς
353 5446 565 5520 ἀπέστη
599 5445 780 5506 σκιᾶς,
811 5442 903 5494 καὶ
937 5440 1272 5494 διανένευκεν
1299 5441 1432 5504 ὅλως
1471 5440 1562 5492 ἐπὶ
1589 5439 1649 5492 τὸ
1675 5438 1792 5491 ἑλέ-

219 5537 342 5589 σθαι
392 5535 632 5607 πληροῦν
676 5535 773 5605 τὴν
817 5536 874 5587 ὲν
905 5533 1174 5603 πνεύματι
1240 5530 1533 5596 πολιτείαν,
1573 5530 1793 5600 καὶτῆς

1889 4527 2279 4599 Hierosolymis
2310 4532 2628 4597 regnarunt.
2669 4523 3004 4576 lnﬁrmatum
3035 4527 3212 4571 autem
3255 4531 3318 4568 ex
3375 4516 3457 4567 in-

1890 4620 2189 4676 cnlentibus
2215 4623 2457 4671 sanctam
2485 4613 2779 4677 civitatem,
2828 4607 3242 4664 intellectualem
3295 4603 3456 4658 Jeru-

1889 4711 2077 4775 salem,
2108 4723 2227 4779 qua:
2271 4714 2358 4760 est
2404 4703 2667 4767 Ecclesia,
2707 4701 2954 4756 fortassis
2979 4699 3157 4753 adhuc
3191 4696 3456 4750 catechu-

1841 4785 1856 4792 ’
1891 4818 2108 4859 menum
2140 4799 2292 4864 dicit,
2333 4798 2425 4866 qui
2461 4811 2619 4852 sacro
2657 4795 2804 4849 fonte
2827 4792 3062 4848 nondum
3113 4788 3350 4852 ablutus,
3401 4793 3459 4840 et.

1893 4891 2291 4964 quodammodo
2320 4889 2494 4943 adhuc
2522 4887 2727 4956 peccati
2767 4899 2932 4941 onere
2977 4891 3228 4952 gravatus
3283 4892 3458 4946 aegro-

1896 4995 1994 5049 tat,
2023 4983 2405 5051 veteribusque
2428 4979 2632 5033 morbis
2673 4978 2787 5032 sive
2823 4974 3050 5030 turbidis
3076 4969 3239 5025 animi
3266 4967 3461 5021 motio-

1896 5078 2054 5132 nibus
2111 5075 2342 5130 necdum
2425 5080 2602 5127 vacat.
2645 5070 2752 5125 Sed
2799 5067 3044 5138 quamvis
3101 5065 3151 5117 in
3192 5064 3292 5116 hoc
3347 5069 3462 5114 sta-

1888 5178 1943 5223 tu
1993 5181 2260 5232 versans,
2315 5163 2569 5235 quoniam
2626 5170 2810 5216 tamen
2874 5157 3099 5212 credidit
3152 5153 3460 5214 duntaxat,

1888 5260 2047 5329 781
2084 5268 2134 5314 et
2175 5257 2245 5311 ab
2271 5255 2458 5310 umbra
2487 5254 2623 5324 legis
2652 5250 2896 5314 recessit,
2930 5257 2982 5303 et
3005 5246 3216 5317 penitus
3243 5245 3306 5298 ad
3340 5243 3466 5298 vim

1887 5350 2183 5419 spiritualis
2217 5349 2522 5402 institutum
2551 5343 2928 5408 excolendum,
2961 5349 3014 5394 et
3047 5340 3165 5392 vita:
3207 5338 3261 5392 in
3303 5336 3462 5391 Chri-

1889 5451 1973 5496 ειο
2029 5440 2192 5494 decus
2244 5436 2579 5499 declinavit,
2638 5453 2657 5486 ι
2693 5433 2845 5497 Erit,
2894 5431 3104 5502 inquit,
3168 5437 3226 5482 ut
3273 5428 3466 5482 domus

1891 5529 2078 5593 David,
2114 5551 2132 5581 ο
2183 5527 2286 5581 bne
2331 5536 2436 5592 est,
2482 5523 2613 5579 nulli
2663 5523 2800 5594 apud
2851 5521 3069 5578 Judazos
3112 5515 3340 5588 sapienti
3411 5522 3466 5569 ct

287 5708 334 5742 ”
363 5709 519 5769 Jean.
545 5726 626 5778 vt,
658 5711 751 5775 50.
824 5710 868 5745 '°
897 5710 1054 5768 Joan.
1086 5725 1159 5779 Ix,
1189 5709 1278 5767 29.
1355 5710 1397 5743 ⁸⁸
1432 5709 1572 5766 Psal.
1604 5723 1656 5777 ν,
1681 5707 1783 5780 15..

1879 5708 1892 5739 ⁵·
1913 5703 2054 5762 Psal.
2083 5716 2272 5771 cxvm,
2302 5700 2425 5756 105.
