3934 6318
448 249 558 308 219

1438 248 1496 304 S.
1539 249 1814 304 CYRILIJ
1859 247 2320 303 ALEXANDRINI
2359 249 2676 304 ARCHIEP.

3599 253 3704 310 $9.0

449 365 846 436 spectatissime
873 365 1224 433 intelligentia
1257 364 1431 420 cedet.
1457 365 1733 432 Ejusmodi
1762 367 2013 437 quiddam

2125 368 2182 420 ἐν
2211 367 2432 436 Χριστῴ
2461 367 2606 438 ζωῆς
2632 367 2702 420 τὰ
2737 366 3046 437 αὐχήματα,
3091 385 3110 417 σ
3148 366 3357 435 Ἔσται,
3400 369 3588 437 φησὶν,
3628 372 3697 435 ὡς

449 469 505 514 et
533 458 961 527 sapientissimus
1000 457 1228 521 Paulus,
1264 458 1488 527 populos
1517 458 1824 514 Judteorum
1882 459 2018 512 allo-

448 564 644 618 quens,
678 549 935 603 insinuat.
978 548 1070 601 Sic
1104 549 1247 603 enim
1278 550 1394 604 ait:
1434 569 1452 600 ι
1485 549 1620 604 Cum
1648 552 1790 606 enim
1833 561 2019 620 gentes

451 654 570 708 quae
614 638 780 708 legem
835 652 941 691 non
982 637 1201 703 habent,
1252 639 1572 694 naturaliter
1613 655 1674 694 ea
1721 655 1841 710 qua:
1885 640 2019 708 legis

447 740 572 782 sunt
595 725 820 792 faciunt,
852 726 1024 798 legem
1053 743 1158 783 non
1193 729 1472 791 habentes,
1506 728 1609 800 ipsi
1634 729 1736 785 sibi
1765 740 1890 784 sunt
1911 729 2015 793 lex,

446 817 536 886 qui
599 817 889 871 ostendunt
936 832 1074 885 Opus
1119 817 1253 887 legis
1313 820 1578 888 scriptum
1647 819 1704 873 in
1764 819 2018 873 cordibus

446 908 558 962 suis
581 907 645 962 ⁸³.
679 925 696 958 ι
725 905 789 960 Ει
823 907 1015 961 iter-um
1044 924 1059 960 :
1095 925 1112 956 ι
1153 907 1508 964 Circumcisio
1537 908 1752 976 quidem
1779 910 2015 978 prodest,

446 1000 491 1054 si
523 999 690 1068 legem
717 999 978 1053 observes
1009 1017 1022 1052 :
1058 999 1101 1053 si
1133 1008 1310 1054 autem
1340 1001 1729 1070 pravaricator
1753 999 1886 1070 legis
1918 1000 2015 1064 sis,

447 1089 789 1144 circumcisio
814 1099 906 1143 tua
931 1090 1255 1159 praeputium
1292 1089 1436 1143 facta
1473 1098 1575 1144 est.
1606 1089 1660 1143 Si
1692 1089 1852 1158 igitur
1881 1104 2018 1158 prte-

449 1182 653 1250 putium
693 1181 935 1249 justitias
979 1182 1114 1252 legis
1161 1182 1450 1246 custodiat,
1491 1195 1668 1235 nonne
1698 1181 2016 1249 pra‘putium

447 1271 590 1325 illius
621 1271 674 1324 in
721 1271 1186 1326 circumcisionem
1241 1269 1615 1340 reputabitur?
1650 1280 1705 1325 et
1734 1270 2014 1340 judicabit,

446 1359 498 1414 id
525 1360 668 1430 quod
699 1376 763 1414 ex
804 1371 998 1413 natura
1042 1368 1127 1413 est
1156 1361 1500 1428 praeputium,
1547 1360 1716 1430 legem
1761 1375 2015 1415 consum-

447 1466 622 1517 mans,
673 1465 795 1504 eum
849 1452 939 1520 qui
996 1465 1092 1518 per
1137 1450 1370 1505 litteram
1451 1460 1505 1504 et
1550 1450 2014 1506 circumcisionem

447 1543 831 1609 praevaricator
867 1541 1000 1611 legis
1033 1540 1296 1595 est?‘Non
1325 1541 1468 1595 enim
1496 1541 1584 1610 qui
1615 1542 1665 1594 in
1706 1541 1990 1596 manifesto

442 1629 658 1686 Judqu
709 1641 809 1697 est,
852 1646 1026 1700 neque
1085 1646 1207 1700 quae
1255 1631 1308 1684 in
1355 1632 1661 1695 manifesto,
1725 1633 1776 1684 in
1827 1647 2012 1697 carne,

2120 460 2148 510 6
2195 453 2340 520 οἶκος
2386 458 2569 522 Δαϐὶδ,
2615 477 2632 509 ι
2675 459 2915 512 τουτέστι
2967 459 3086 512 κατ’
3139 459 3294 513 οὐδὲν
3343 458 3586 514 ἐλάττων
3625 466 3699 526 εἰς

2123 550 2336 602 σύνεσιν
2363 549 2653 619 τοῦ-σοφοῦ
2683 568 2743 603 τε
2778 551 2875 603 καὶ
2929 550 3279 621 ἐντιμοτάτου
3318 552 3470 622 παρά
3498 569 3562 620 γε
3593 556 3698 618 τοῖς

2132 640 2419 704 Ἰουδαίοις.
2451 640 2852 696 Ύπαινὶττεταί
2871 659 2922 695 τι
2951 643 3187 696 τοιοῦτον
3215 644 3307 696 καὶ
3337 645 3366 696 ὁ
3388 644 3699 713 σοφώτατος

2120 730 2351 796 Παῦλος,
2373 733 2483 795 τοῖς
2525 732 2792 784 Ἰουδαίων
2815 732 3007 801 δήμοις
3039 733 3376 802 προσλαλῶν.
3414 735 3559 804 Ἔφη
3591 736 3696 804 γὰρ

2119 819 2292 884 οὕτως
2311 837 2326 852 ο
2359 841 2377 872 ι
2420 822 2590 875 Ὅταν
2630 822 2742 893 γὰρ
2761 821 2887 891 ἔθνη
2921 822 2987 874 τά
3015 824 3088 893 μὴ
3127 825 3289 893 νόμον
3318 824 3511 894 ἔχοντα
3538 825 3696 894 φύσει

2117 911 2184 964 τὰ
2222 911 2316 964 τοῦ
2352 912 2516 982 νόμου
2560 915 2709 983 ποιῇ,
2749 907 2893 966 οὗτοι
2926 914 3088 981 νόμον
3122 914 3195 984 μὴ
3229 915 3444 986 ἔχοντες
3483 918 3694 980 ἑαυτοῖς

2118 1003 2423 1072 εἰσινὸμος,
2451 1003 2646 1066 οἵτινες
2705 1005 3075 1058 ἐκδείκνυνται
3111 1006 3170 1058 τὸ
3203 1006 3362 1076 ἔργον
3391 1008 3486 1061 τοῦ
3531 1012 3693 1078 νόμου

2117 1091 2360 1160 γραπτὸν
2383 1093 2442 1144 ἐν
2471 1094 2588 1155 ταῖς
2618 1092 2864 1162 καρδίαις
2894 1093 3091 1146 αὐτῶν,
3125 1113 3156 1144 ι-
3181 1097 3288 1150 Κοι)⁵
3313 1098 3473 1150 πάλιν
3493 1114 3506 1127 ⁸
3544 1117 3569 1149 ι.
3601 1102 3694 1152 Πε-

2119 1176 2312 1247 ριτομὴ
2353 1179 2452 1247 μὲν
2489 1179 2596 1249 γὰρ
2624 1179 2840 1246 ὠφελεῖ,
2874 1181 2976 1234 ἐὰν.
2999 1183 3163 1251 νόμον
3195 1193 3474 1258 πράσσῃς·
3509 1189 3605 1240 ἐὰν
3638 1190 3694 1242 δὲ

2117 1267 2437 1338 παραϐάτης
2475 1270 2640 1338 νόμου
2674 1265 2761 1340 ᾗς,
2811 1273 2844 1340 ἡ
2893 1274 3158 1347 περιτομή
3220 1292 3314 1326 σου
3358 1277 3697 1346 ἀκροϐυστία

2115 1358 2354 1425 γέγονεν.
2401 1358 2524 1411 Ἐὰν
2551 1355 2700 1428 οὖνὴ
2737 1361 3076 1432 ἀκροϐυστία
3101 1363 3170 1415 τὰ
3208 1364 3554 1435 δικαιώματα
3598 1369 3699 1421 τοῦ

2115 1446 2279 1516 νόμου
2317 1447 2583 1519 φυλάσσῃ,
2615 1449 2711 1518 οὐχ
2737 1452 2770 1519 ἡ
2808 1450 3138 1519 ἀκροϐυστία
3179 1453 3343 1506 αὑτοῦ
3372 1456 3452 1518 είς
3484 1473 3694 1525 περιτο-

2117 1537 2224 1607 μὴν
2267 1537 2678 1608 λογισθήσεταις
2723 1541 2821 1593 καὶ
2858 1544 3033 1612 κρινεῖ
3075 1545 3107 1611 ἡ
3153 1537 3216 1595 ἐκ
3266 1543 3482 1612 φύσεως
3523 1547 3690 1616 ἀκρο-

2116 1628 2307 1682 ϐυστία
2335 1629 2426 1685 τὸν
2468 1631 2638 1701 νόμον
2668 1632 2916 1697 τελοῦσα,
2965 1634 3058 1687 τὸν
3085 1635 3171 1687 διὰ
3215 1636 3559 1706 γράμματος,
3595 1641 3690 1692 καῖ.

445 1723 785 1776 circumcisio
827 1731 910 1776 est
942 1746 952 1776 :
979 1721 1072 1776 sed
1109 1721 1198 1790 qui
1225 1722 1276 1774 in
1325 1718 1641 1776 abscondito
1668 1723 1882 1776 Indicus
1908 1733 2012 1785 est,

2119 1721 2417 1791 περιτομῆς
2460 1723 2782 1794 παραϐάτην
2819 1725 3016 1794 νόμους
3063 1727 3135 1779 Οὐ
3175 1727 3282 1798 γὰρ
3321 1705 3432 1780 οέν
3475 1729 3552 1799 τῷ
3587 1747 3683 1797 φα-

443 1821 499 1866 et
537 1813 878 1868 circumcisio
912 1813 1090 1867 cordis
1138 1815 1188 1866 in
1235 1813 1449 1881 spiritu,
1481 1827 1585 1865 non
1629 1811 1827 1874 littera,
1861 1813 2015 1880 cujus

445 1905 559 1959 laus
590 1919 694 1959 non
723 1919 789 1959 ex
821 1903 1151 1969 hominibus,
1181 1904 1274 1958 sed
1302 1917 1367 1956 ex
1398 1903 1503 1958 Deo
1524 1904 1593 1956 ⁸⁵.
1635 1922 1653 1954 ι
1691 1902 1816 1973 [Qui
1853 1904 2015 1976 igitur

443 1993 915 2048 circumcisionem
960 1993 1010 2047 in
1053 2007 1218 2048 carne
1271 2003 1329 2047 ut
1363 1992 1662 2048 obsoletam
1737 2001 2015 2047 aversatus

441 2084 772 2152 spiritualem
801 2084 977 2154 potius
995 2083 1219 2150 amabit,
1247 2093 1300 2140 et
1322 2082 1562 2139 Judaeum
1587 2084 1675 2153 qui
1715 2085 1766 2137 in
1803 2085 2017 2139 occulto

439 2173 914 2238 cst,circumleret,
954 2191 972 2224 ‹
1003 2172 1160 2243 cujus
1198 2173 1313 2228 laus
1339 2181 1423 2227 est
1454 2187 1557 2227 non
1582 2188 1646 2227 ex
1684 2173 2011 2236 hominibus,

440 2265 533 2320 sed
562 2279 627 2319 ex
658 2265 787 2329 Deo,
818 2263 950 2336 »(1)]
975 2265 1242 2331 quomodo
1274 2279 1377 2317 non
1403 2273 1642 2333 prazstat,
1676 2280 1796 2317 cum
1821 2265 2014 2319 virtute

439 2356 571 2425 legis
613 2356 820 2421 doctos,
860 2367 917 2412 et
966 2357 1057 2426 qui
1113 2357 1257 2411 inter
1297 2356 1514 2413 Judacos
1562 2357 1845 2427 praecipuae
1890 2369 2015 2412 sunt

437 2448 877 2512 existimationis,
923 2449 1284 2518 superaverit,
1317 2450 1565 2518 quamvis
1600 2448 1834 2504 fortasse
1865 2451 2014 2502 inﬁr-

439 2541 641 2596 mitatis
683 2540 958 2609 reliquias,
1005 2550 1064 2595 ut
1119 2541 1355 2595 nondum
1407 2539 1736 2609 baptizatus,
1785 2540 2012 2594 habeat?

439 2631 596 2686 Parte
633 2631 778 2686 enim
823 2631 1004 2685 cordis
1033 2632 1115 2686 sui
1151 2646 1305 2697 sana,
1357 2631 1458 2685 hoc
1494 2641 1579 2686 est
1624 2631 1749 2696 (ide,
1800 2631 2014 2684 ditieret

440 2723 624 2790 utique
655 2723 722 2776 ab
756 2737 843 2785 eu,
873 2722 963 2790 qui
995 2722 1153 2776 ﬁdem
1185 2721 1454 2790 repudiat.
1487 2721 1638 2786 Quod
1669 2723 1712 2776 si
1745 2722 2011 2790 quispiam

441 2813 508 2867 de
535 2812 694 2866 domo
721 2813 910 2878 David,
963 2813 1066 2866 hoc
1097 2823 1200 2878 est,
1251 2813 1316 2866 de
1344 2812 1646 2867 illustribus
1695 2821 1750 2868 et
1787 2813 2016 2869 honora.

442 2903 664 2958 tissimis
693 2905 832 2971 :tpttd
870 2904 1018 2972 ipsos
1061 2903 1218 2959 ﬁdem
1259 2903 1583 2973 susceperit,
1613 2913 1667 2958 et
1698 2904 2008 2974 mysterium

2114 1810 2254 1880 νερῷ
2291 1811 2560 1876 Ἰουδαῖος,
2591 1813 2709 1868 οὐδὲ
2743 1816 2773 1884 ή
2804 1817 2860 1866 ἐν
2898 1816 2975 1885 τῷ
3005 1817 3222 1886 φανερῷ
3257 1819 3314 1871 ἐν
3344 1821 3507 1890 σαρκὶ
3536 1837 3690 1890 περιο

2114 1899 2271 1971 τομὴ,
2285 1901 2397 1954 ἀλλ’
2410 1904 2438 1955 6
2455 1902 2513 1955 ἐν
2528 1902 2607 1972 τῷ
2627 1921 2727 1975 κρυ
2737 1904 2852 1974 τιτῷ
2881 1906 3146 1970 Ἰουδαῖος,
3163 1910 3256 1960 καὶ
3271 1925 3336 1959 πε
3346 1911 3536 1979 ριτομὴ
3555 1927 3688 1981 καρ-

2114 1991 2230 2054 δίας
2261 1991 2317 2044 ἐν
2352 1993 2642 2063 πνεύματι,
2671 1997 2730 2047 οὐ
2764 1997 3070 2067 γράμματι,
3102 1992 3164 2050 οὗ
3193 2002 3221 2052 6
3253 1999 3470 2063 ἔπαινος
3499 2001 3598 2053 οὐκ
3630 2002 3688 2067 ἐξ

2114 2079 2436 2150 ἀνθρώπων,
2467 2081 2580 2134 ἀλλ’
2612 2084 2674 2134 ἐκ
2713 2083 2867 2137 Θεοῦ.
2907 2105 2925 2134 ι
2968 2086 3089 2147 Πῶς
3126 2088 3223 2139 οὐκ
3265 2089 3521 2156 ἀμείνων,
3567 2092 3687 2142 κατ’

2114 2172 2312 2242 ἀρετὴν
2348 2173 2656 2242 ἡττώμενος
2689 2177 2795 2227 τῶν
2822 2178 3164 2246 νομομαθῶν,
3197 2181 3290 2233 καὶ
3323 2183 3687 2250 ἐντιμοτάτων

2115 2260 2266 2330 παρὰ
2316 2262 2605 2326 Ἰουδαίοις,
2640 2264 2742 2316 κᾶν
2775 2267 2821 2316 εἰ
2853 2266 2964 2334 ἔχοι
2993 2268 3152 2336 τυχὸν
3186 2271 3466 2333 ἀσθενείας
3498 2272 3686 2340 λείψα-

2113 2369 2223 2416 νον,
2273 2351 2348 2413 ὡς
2398 2352 2550 2406 οῠπω
2601 2354 3068 2427 βεϐαπτισμένος;
3120 2361 3208 2429 Τῷ
3241 2362 3348 2430 γὰρ
3393 2363 3687 2430 ὑγιαίνοντι

2118 2443 2275 2513 μέρει
2318 2445 2417 2514 τῆς
2495 2446 2687 2498 ἑαυτοῦ
2742 2449 2998 2518 καρδίας,
3053 2452 3299 2505 τουτέστι.
3359 2457 3424 2524 τῇ
3485 2456 3683 2521 πίστει,

2113 2533 2299 2586 διοίσει
2329 2536 2542 2598 πάντως
2573 2536 2666 2589 τοῦ
2698 2539 2796 2608 τὴν
2827 2540 3008 2593 πίστιν
3033 2542 3093 2593 οὑ
3120 2545 3498 2613 προσιεμένου.
3537 2547 3597 2598 Ei
3626 2547 3688 2599 δὲ

2113 2621 2175 2690 δὴ
2211 2621 2317 2674 τῶν
2360 2624 2423 2676 ἐκ
2451 2624 2546 2676 τοῦ
2586 2626 2737 2678 οἴκου
2771 2628 2954 2695 Δαϐὶδ,
2987 2633 3233 2684 τουτέστι
3285 2634 3394 2686 τῶν
3427 2635 3554 2704 παρ’
3587 2637 3688 2688 αὐ·-

2113 2717 2226 2776 τοῖς
2271 2715 2561 2786 λαμπρῶν,
2617 2718 2711 2772 καὶ
2760 2721 3126 2790 ἐντιμοτάτων
3185 2726 3546 2794 παραδέξαιτό
3599 2744 3686 2791 τις

2111 2807 2210 2877 τὴν
2242 2809 2437 2873 πίστιν,
2467 2811 2560 2861 καὶ
2602 2811 2680 2872 είς
2710 2810 2922 2864 σύνεσιν
2961 2809 3021 2865 εὖ
3055 2815 3199 2882 μάλα
3230 2816 3291 2868 τὸ
3320 2818 3550 2886 Χριστοῦ
3585 2836 3687 2887 μυ-

2114 2901 2333 2970 στήριον
2389 2901 2537 2971 αὑτῷ
2589 2902 2828 2969 γένοιτο,
2883 2907 3255 2976 προσκυνητὺς
3311 2901 3464 2970 οὗτος
3510 2909 3685 2973 ἔσται,

439 2995 640 3050 Christi
677 2995 979 3050 rectissime
1013 2994 1356 3058 intellexerit,
1396 2995 1483 3049 hic
1510 2996 1614 3050 erit
1646 2996 2005 3058 venerandus,

2117 3009 2135 3042 ι
2184 2993 2277 3044 καὶ
2301 2987 2446 3054 οἶκος
2487 2993 2642 3057 Θεοῦ,
2688 2995 2782 3047 καὶ
2823 2994 2896 3058 ὡς
2931 2996 3159 3064 ἄγγελος
3207 2999 3411 3070 Κυρίου
3455 3000 3688 3054 ἐνώπιον

443 3105 463 3140 ι
492 3097 548 3144 et
581 3087 770 3143 domus
797 3088 912 3152 Dei,
943 3096 1000 3143 et
1034 3097 1092 3142 ut
1130 3089 1354 3158 angelus
1393 3088 1603 3144 Domini
1635 3087 1689 3142 in
1713 3098 2006 3157 conspectu

439 3193 700 3234 coruth
757 3178 944 3234 Simile
985 3179 1239 3248 quiddam
1298 3189 1352 3233 et
1413 3179 1750 3234 Salvatorem
1802 3180 2005 3235 dixisse

442 3278 624 3325 uotum
667 3277 747 3324 est
796 3270 913 3335 ;ait
961 3271 1104 3325 enim
1140 3289 1152 3324 :
1196 3288 1214 3321 ι
1247 3269 1436 3325 Omnis
1475 3271 1652 3325 scriba
1706 3270 1897 3325 doctus
1956 3271 2008 3324 in

440 3375 606 3432 regno
637 3360 896 3416 cmlorum
935 3361 1125 3416 similis
1171 3369 1256 3416 est
1285 3361 1488 3416 homini
1522 3361 1896 3431 patrifamilias
1917 3363 2007 3431 qui

440 3451 648 3522 profert
690 3450 758 3507 de
787 3453 1039 3508 thesauro
1078 3467 1176 3507 suo
1226 3468 1361 3508 nova
1439 3462 1494 3512 et
1543 3462 1720 3508 vetera
1739 3455 1806 3509 ⁸⁵.
1836 3471 1855 3506 ι
1905 3453 2005 3519 Qui

429 3548 587 3601 enim
635 3546 995 3616 cognitionem
1055 3545 1186 3615 legis
1245 3545 1296 3599 in
1354 3545 1534 3616 seipso
1584 3554 1640 3599 ut
1695 3547 2006 3601 thesaurum

435 3636 723 3691 Collectum
763 3635 947 3700 habet,
995 3635 1041 3689 si
1083 3633 1453 3703 evangelieam
1487 3633 1814 3702 adiunxerit,
1857 3637 2009 3693 dives

436 3729 656 3798 quidam
707 3727 1064 3798 intelligentia
1099 3729 1227 3795 erit,
1279 3743 1416 3800 nova
1465 3735 1521 3782 et
1561 3737 1743 3784 vetera
1795 3729 2008 3784 theore-

441 3829 609 3886 mata,
644 3833 736 3874 scu
781 3834 870 3874 res
910 3819 1340 3874 consideratione
1380 3818 1571 3888 dignas
1615 3819 1851 3874 discendi
1891 3830 2006 3875 stu-

439 3911 609 3967 diosis
646 3921 900 3981 tanquam
937 3927 1003 3966 ex
1037 3914 1339 3982 apothecis,
1368 3927 1463 3967 seu
1509 3912 1845 3980 repositoriis
1885 3926 2006 3981 pro-

439 4014 644 4069 ponens
679 4017 692 4054 :
730 4001 908 4070 qualis
949 4011 1067 4057 erat
1095 4003 1305 4057 divinus
1331 4001 1550 4066 Paulus,
1595 4002 1754 4056 modo
1783 4017 1846 4056 ex
1892 4001 2009 4070 lege

439 4091 622 4160 petitis
655 4091 1058 4160 probationibus
1098 4108 1402 4148 sermonem
1449 4095 1516 4147 de
1553 4091 1770 4147 Christo
1811 4091 2009 4147 conﬁr-

441 4195 589 4234 mare
630 4180 874 4244 enitens,
910 4182 1069 4236 modo
1101 4183 1263 4236 etiam
1315 4179 1558 4243 doctrina
1605 4193 1803 4232 arcana
1844 4194 2005 4248 supra

441 4271 611 4340 legem
635 4271 910 4327 audientes
932 4273 998 4327 ad
1025 4272 1362 4328 voluntatem
1392 4272 1446 4325 in
1476 4270 1594 4338 ejus
1617 4269 1720 4324 lidc
1741 4269 2004 4339 gloriandi

2110 3083 2307 3138 αὐτῶν.
2347 3103 2366 3133 ι
2403 3083 2651 3138 Τοιοῦτόν
2691 3103 2744 3139 τι
2775 3087 2868 3139 καὶ
2895 3088 3056 3150 αὐτὸς
3084 3089 3112 3139 6
3151 3089 3338 3158 Σωτὴρ
3369 3089 3687 3158 εὑρίσκεται

2107 3175 2280 3242 λέγων
2298 3192 2310 3204 ·
2339 3174 2441 3244 ἔφη
2470 3176 2597 3246 γὰρ,
2619 3177 2700 3229 ὅτι
2731 3195 2747 3228 ι
2787 3179 2900 3240 Πᾶς
2925 3179 3290 3248 Γραμματεὺς
3323 3179 3688 3248 μαθητευθεὶς

2109 3268 2165 3319 ἐν
2194 3269 2258 3336 τῇ
2290 3265 2534 3337 βασιλεία
2563 3268 2670 3320 τῶν
2708 3270 2970 3339 οὐρανῶν,
3006 3271 3191 3340 ὅμοιός
3226 3272 3374 3322 ἐστιν
3414 3270 3690 3341 ἀνθρώπῳ

2108 3357 2476 3429 οἰκοδεσπότῃ,
2537 3360 2689 3422 ὅστις
2714 3360 2966 3414 ἐκϐάλλει
2994 3362 3060 3414 ἐκ
3088 3361 3182 3415 τοῦ
3213 3361 3490 3432 θησαυροῦ
3519 3364 3692 3416 αὐτοῦ

2109 3448 2268 3501 καινὰ
2296 3450 2390 3500 καὶ
2414 3449 2639 3502 παλαιά.
2671 3469 2688 3500 ι
2739 3449 2797 3504 Ὁ
2831 3451 2939 3522 γὰρ
2965 3450 3104 3522 ἔχων
3133 3453 3233 3523 ἤδη
3261 3454 3692 3524 τεθησαυρισμέ-

2107 3556 2203 3608 νην
2249 3541 2304 3592 ἐν
2346 3539 2521 3609 ἐαυτῷ
2552 3541 2649 3612 τὴν
2677 3540 2772 3594 τοῦ
2817 3541 2980 3612 νόμου
3027 3543 3246 3610 γνῶσιν,
3293 3545 3341 3596 εί
3387 3545 3688 3615 προσλάϐοι

2107 3629 2204 3700 τὴν
2253 3630 2637 3702 εὐαγγελικὴν,
2673 3631 2926 3696 πλούσιος
2981 3633 3134 3686 ἔσται
3184 3651 3267 3696 τις
3315 3635 3393 3697 εἰς
3447 3635 3686 3701 σύνεσιν,

2110 3722 2271 3774 καινά
2299 3739 2356 3774 τε
2383 3723 2476 3775 καὶ
2532 3723 2737 3776 παλαιά
2780 3723 3130 3794 θεωρήματα,
3179 3725 3428 3795 καθάπερ
3455 3725 3512 3790 ἐξ
3545 3725 3686 3779 ἁπο-

2107 3811 2426 3882 θηκῶν,τοῖς
2456 3811 2778 3881 φιλομαθέσι
2839 3814 3195 3884 παρατιθείςι
3257 3815 3444 3878 ὁποῖός
3488 3831 3573 3878 τις
3617 3813 3689 3885 ἦν

2107 3902 2134 3952 ὁ
2163 3901 2449 3964 θεσπέσιος
2493 3900 2730 3965 Παῦλος,
2774 3904 2902 3955 ποτέ
2949 3903 3048 3972 μέν
3090 3906 3341 3974 νομικαῖς
3372 3904 3686 3967 ἀποδείξεσι

2105 3992 2196 4046 τὸν
2229 3995 2356 4064 περὶ
2397 3994 2633 4063 Χριστοῦ
2668 3995 2824 4063 λόγον
2869 3995 3136 4065 ἐμπεδοῦν
3180 3996 3506 4066 ἐπιχειρῶν·
3551 3998 3692 4049 ποτὲ

2106 4084 2162 4136 δὲ
2206 4085 2298 4137 καὶ
2343 4087 2463 4148 ταῖς
2510 4087 2651 4156 ὑπὲρ
2696 4088 2858 4157 νόμον
2898 4090 3307 4158 μυσταγωγίαις
3345 4089 3692 4144 συνελαύνων

2106 4177 2302 4246 τρόπον
2338 4178 2459 4232 τινὰ
2502 4180 2627 4242 τοὺς
2658 4179 3038 4249 ἀκροωμένους
3068 4180 3148 4242 εἷς
3175 4198 3239 4248 γε
3271 4181 3330 4232 τὸ
3365 4181 3579 4234 ἑλέσθαι
3615 4185 3686 4252 τῇ

2106 4270 2184 4330 εἰς
2232 4268 2394 4321 αὐτὸν
2443 4267 2620 4321 πίστει
2649 4268 3168 4338 κατασεμνύνεσθαι.
3222 4271 3359 4322 Ποτέ
3413 4271 3511 4341 μὲν
3571 4271 3693 4339 γὰρ,

437 4360 784 4429 compellens.
830 4361 1132 4430 Aliquando
1175 4360 1441 4432 siquidem
1487 4359 1704 4419 dicebat
1737 4377 1750 4413 :
1784 4377 1802 4410 ι
1839 4359 2006 4415 Dicite

2113 4358 2312 4428 ἔφασκε
2335 4375 2346 4388 ·
2388 4379 2404 4411 ι
2441 4358 2642 4426 Λέγετέ
2675 4375 2785 4428 μοι.
2814 4358 2864 4410 οἱ
2894 4358 2998 4410 ὑπὸ
3027 4359 3190 4426 νόμον
3230 4359 3474 4421 θέλοντες
3513 4354 3679 4424 εἶναι,

444 4453 598 4517 mihi,
632 4453 720 4519 qui
743 4453 844 4508 sub
869 4453 986 4524 lege
1028 4467 1149 4508 esse
1175 4452 1370 4508 vultis:
1405 4451 1603 4521 Legem
1635 4465 1742 4505 non
1770 4451 2008 4504 auditis?

443 4541 606 4611 782
637 4541 904 4611 Scriptum
948 4551 1032 4598 est
1066 4545 1230 4606 enim,
1271 4540 1526 4609 quoniam
1569 4539 1840 4594 Abraham
1876 4540 2008 4594 duos

442 4633 579 4689 ﬁlios
611 4635 816 4700 habuit,
843 4650 1006 4688 unum
1035 4635 1100 4688 de
1127 4632 1343 4697 ancilla,
1372 4641 1426 4686 et
1448 4647 1610 4686 unum
1634 4631 1698 4686 de
1721 4631 1888 4686 libera
1914 4647 2008 4700 per

445 4728 949 4795 repromissioncm,
1001 4741 1116 4795 quae
1161 4737 1287 4780 sunt
1336 4740 1432 4793 per
1478 4724 1788 4793 allegoriam
1839 4722 2004 4778 dicta.

442 4815 568 4873 llaec
605 4820 747 4872 enim
794 4829 923 4872 sunt
965 4816 1070 4871 duo
1105 4824 1446 4878 testamenta,
1503 4830 1664 4868 unum
1711 4813 1925 4882 quidem
1977 4829 2008 4866 a

443 4915 626 4962 monte
651 4907 804 4974 Sina,
837 4907 890 4962 in
921 4906 1234 4961 servitutem
1263 4918 1544 4973 generatis,
1571 4919 1692 4972 quae
1712 4914 1794 4957 est
1829 4904 2008 4972 Agar;

2111 4450 2202 4504 τὸν
2228 4451 2390 4520 νόμον
2414 4449 2638 4502 ἀκούετε
2660 4465 2674 4514 ;
2705 4448 3014 4516 Γέγραπται
3039 4449 3168 4520 γὰρ,
3189 4449 3269 4501 ὅτι
3315 4448 3560 4516 Ἀϐραὰμ
3584 4447 3682 4500 δύο

2112 4539 2260 4601 υἱοὺς
2307 4538 2482 4608 ἔσχεν,
2519 4537 2612 4591 ’ένα
2645 4540 2708 4589 ἐκ
2735 4539 2832 4607 τῆς
2877 4536 3184 4605 παιδίσκης,
3216 4537 3308 4589 καὶ
3340 4536 3432 4588 ἕνα
3475 4537 3540 4587 ἐκ
3580 4537 3686 4605 τῆς

2114 4630 2402 4700 ἐλευθέρας
2440 4630 2505 4682 δι’
2569 4629 2920 4698 ἐπαγγελίας,
2970 4629 3127 4684 ἅτινά
3173 4631 3318 4682 ἐστιν
3355 4627 3690 4698 ἀλληγορού-

2117 4737 2271 4791 μενα.
2317 4713 2488 4772 Λῦται
2541 4719 2645 4789 γάρ
2690 4719 2795 4770 εἰσι
2825 4717 2916 4771 δύο
2962 4717 3236 4787 διαθῆκαι,
3291 4717 3389 4786 μία
3439 4716 3535 4785 μὲν
3587 4716 3686 4768 ἀπ’

2113 4811 2271 4881 ὅρους
2297 4811 2446 4876 Σινᾶ,
2478 4811 2556 4873 εἰς
2587 4809 2831 4862 δουλείαν
2861 4808 3124 4877 γεννῶσα,
3156 4808 3275 4877 ἥτις
3307 4806 3451 4860 ἐστὶν
3481 4807 3686 4873 Ἀγαρ-

2113 4902 2173 4955 τὸ
2199 4902 2306 4969 γὰρ
2342 4901 2542 4972 Ἀγαρ,
2576 4901 2698 4971 ὅρος
2729 4900 2876 4954 ἐστὶν
2923 4900 2984 4953 ἐν
3023 4902 3088 4969 τῇ
3132 4899 3377 4968 ’Λραϐἔᾳ,
3415 4901 3695 4966 συστοιχεί

443 4997 586 5066 Agar
624 4987 766 5052 enim
797 5011 952 5051 mons
993 5006 1075 5051 est
1104 4995 1157 5049 in
1205 4995 1426 5060 Arabia,
1461 4996 1550 5063 qui
1585 4992 1902 5062 coniunctus
1929 5001 2013 5047 est

2113 4993 2162 5046 δὲ
2201 4995 2268 5064 τῇ
2301 4992 2395 5045 νῦν
2435 4991 2804 5062 Ἰερουσαλήμ’
2841 4990 3081 5044 δουλεύει
3114 4989 3223 5060 γὰρ
3271 4988 3412 5060 μετὰ·
3450 4990 3557 5042 τῶν
3597 4989 3692 5040 τέ-

440 5090 491 5142 ei
525 5105 642 5158 quae
672 5103 813 5144 nunc
841 5097 925 5142 est
945 5086 1268 5152 Jerusalem,
1301 5096 1356 5142 et
1383 5087 1546 5141 servit
1570 5100 1692 5140 cum
1723 5085 1848 5139 ﬁliis
1874 5084 2008 5138 suis.

2109 5101 2250 5138 κνων
2270 5082 2460 5152 αὐτῆς.
2503 5082 2569 5136 ’Π
2599 5082 2656 5134 δὲ
2683 5082 2792 5137 ἀνω
2823 5082 3178 5154 Ἰερουσαλὴμ
3221 5080 3479 5150 ἐλευθέρα
3509 5081 3687 5141 ἐστὶν,

441 5177 572 5243 Quae
601 5187 776 5232 autem
815 5191 1026 5230 sursum
1067 5185 1149 5230 est
1190 5175 1513 5240 Jerusalem,
1545 5175 1712 5230 libera
1759 5183 1860 5238 cst,
1893 5190 2013 5243 quae

2113 5181 2227 5248 ἥτις
2275 5176 2390 5228 ἐστὶ
2440 5176 2620 5247 μήτηρ
2671 5175 2847 5246 ἡμῶν.
2903 5193 2921 5226 ι
2987 5175 3123 5227 Ποτὲ
3174 5175 3229 5227 δέ
3269 5174 3362 5227 καὶ
3419 5173 3551 5243 περὶ
3592 5172 3694 5224 τοῦ

382 5290 390 5300 ·
439 5277 526 5322 cst
551 5276 724 5322 mater
753 5275 935 5322 nostra
957 5267 1024 5321 ⁸⁸.
1057 5285 1075 5320 ι
1105 5267 1411 5338 Aliquando
1449 5277 1630 5322 autem
1673 5276 1728 5322 et
1759 5267 1824 5321 de
1852 5265 2010 5333 Filio,

2111 5269 2261 5334 Υἰοῦ,
2291 5289 2310 5322 ι
2352 5273 2447 5332 Ὃς
2475 5268 2549 5322 ὢν
2581 5267 2919 5337 ἀπαύγασμα
2938 5269 3034 5337 τῆς
3061 5266 3237 5336 δόξης,
3275 5266 3368 5319 καὶ
3401 5263 3696 5336 χαρακτὴρ

513 5443 738 5499 ειιιυιιι.
768 5462 827 5511 ιι,
859 5447 946 5513 ιι,
981 5447 1066 5501 15.
1144 5445 1562 5502 eludes-9.9.
1639 5445 1685 5477 θ’
1715 5443 1907 5498 Matth.
1946 5459 2013 5497 xu

2113 5443 2185 5497 3‘2.
2258 5444 2302 5473 ⁸⁸³
2330 5445 2506 5497 (illul.
2539 5459 2610 5507 tv,
2634 5443 2825 5498 ’ἐι-26.

515 5622 590 5692 (1)
619 5621 746 5690 Quae
775 5624 983 5681 uncinis
1011 5625 1212 5681 inclusa
1242 5634 1382 5692 sunt,
1424 5625 1618 5681 desunt
1652 5624 1704 5678 in
1731 5621 1937 5680 Caeco.
1981 5620 2137 5674 Eutr.
