3934 6318
156 326 249 386 221

985 324 1533 386 COMMENTARIUS
1572 328 1643 385 IN
1685 328 2089 387 ZACHABIAH
2125 324 2568 385 PROPHETAM.

3298 323 3413 378 2‘22

156 443 250 514 τῆς
280 440 637 504 ὑποστάσεως
670 440 856 506 αὐτοῦ,
888 442 1068 513 φέρων
1118 461 1179 498 τε
1210 445 1281 500 τὰ
1309 446 1489 500 πάντα
1523 446 1602 518 τῷ
1640 448 1734 518 ῥή-

1845 466 1863 499 ι
1899 446 2002 515 Qui
2034 460 2154 501 eum
2180 446 2252 501 sit
2276 442 2532 513 splendor
2565 440 2772 511 gloriae,
2798 447 2852 496 et
2884 438 3050 509 ﬁgura
3088 436 3407 495 substantiae

162 550 286 605 ματι
307 532 407 602 τῆς
433 531 717 603 δυνάμεως
745 533 930 600 αὐτοῦ,
957 533 1026 587 δι’
1042 534 1234 588 ἑαυτοῦ
1260 537 1601 608 καθαρισμὸν
1619 538 1739 591 τῶν

158 625 442 697 ἁμαρτιῶν
480 625 640 696 ἡμῶν
668 626 1055 697 ποιησάμενος,
1080 628 1334 684 ἐκάθισεν
1363 631 1422 683 ὲν
1447 631 1595 703 δεξιᾷ
1633 631 1727 684 τοῦ

160 717 342 786 θρόνου
380 717 481 787 τῆς
517 719 883 789 μεγαλοσύνης
911 721 968 772 ὲν
989 720 1242 790 ὑψηλοῖς.
1281 740 1300 773 ι
1333 722 1535 785 Συνιεϊς
1565 718 1725 779 οὖν...

161 809 404 871 παλαιοῖς
431 825 491 862 τε
530 808 647 879 ἅμα
677 811 772 863 καὶ
796 809 935 874 νέοις
975 812 1311 883 παιδεύμασι
1346 814 1444 875 τὰς
1467 813 1577 867 τῶν
1602 831 1729 867 παι-

156 899 582 969 δαγωγουμένων
610 900 816 971 ὀνίνησι
844 901 1041 972 ψυχάς.
1079 922 1098 956 ι
1156 906 1349 957 Ἔσται
1377 906 1576 970 τοίνυν,
1620 923 1729 977 φη.

163 993 339 1101 σξη-ὁ
382 986 529 1057 οἶκος
584 994 772 1092 Δαδὶδ,
824 995 902 1059 ὡς
955 996 1185 1067 ἄγγελος
1234 996 1441 1069 Κυρίου
1500 996 1731 1053 ἐνώπιον

161 1099 358 1137 αυτων.
407 1102 428 1136 1
653 1115 661 1124 -

224 1219 339 1274 Καὶ
376 1221 580 1289 ἔσται,
610 1222 676 1277 ὲν
699 1223 775 1292 τῇ
823 1223 1014 1295 ἡμέρᾳ
1085 1225 1286 1297 ἐκείνῃ
1341 1226 1572 1295 ζητήσω
1626 1227 1733 1283 τοῦ

158 1309 360 1377 ἐξᾶραι
407 1311 604 1367 πάντα
644 1314 715 1367 τὰ
756 1314 923 1382 ἔθνη,
964 1314 1036 1368 τὰ
1076 1316 1444 1386 ἐπερχόμενα
1476 1318 1574 1373 ἐπι
1632 1320 1735 1376 Ἰε-

155 1402 493 1473 ρουσαλὴμ,
544 1404 644 1459 καὶ
688 1403 843 1473 ἐκχῶ
879 1404 975 1458 ἐπὶ
1019 1405 1127 1458 τὸν
1171 1403 1340 1461 οἷκον
1383 1408 1575 1473 Δαϐὶδ,
1633 1409 1732 1465 καὶ

157 1492 250 1545 ἐπὶ
323 1493 468 1560 τοὺς
533 1494 960 1561 κατοικοῦντας
1038 1496 1428 1568 Ἰερουσαλὴμ
1498 1499 1738 1568 πνεῦμα

160 1582 413 1655 χάριτος,
442 1585 537 1641 καὶ
554 1586 995 1655 οὶκτιρμοῦ,.καὶ
1015 1588 1439 1657 ἐπιϐλέψονται
1461 1594 1612 1659 πρός
1632 1608 1730 1661 με.

226 1717 341 1782 id".
378 1717 586 1781 Σκοπός
616 1718 733 1771 ὲστί
770 1735 880 1788 μοι,
929 1719 1115 1788 φησὶν,
1148 1721 1340 1791 ἐξᾶραι
1380 1722 1485 1790 μὲν
1507 1722 1573 1775 τὰ
1607 1722 1733 1794 ἔθνη

1829 539 1969 610 ejus,
2005 546 2332 617 porta-nsque
2374 535 2552 590 omnia
2599 532 2764 590 verbo
2802 529 3016 585 virtutis
3049 542 3178 592 sum,
3218 542 3314 596 per
3345 541 3413 582 se

1830 634 2004 703 ipsum
2033 631 2402 702 purgationem
2436 635 2779 697 peccatorum
2823 633 3128 679 nostrorum
3178 621 3404 685 faciens,

1829 725 1970 781 sedit
2004 726 2055 778 in
2098 724 2318 779 dextera
2365 722 2545 776 throni
2585 718 2881 786 maiestatis
2936 715 2988 769 in
3029 712 3258 770 excelsis
3278 713 3344 766 ⁸⁷.
3380 730 3401 762 ι

1829 812 2085 882 intelligis
2133 826 2263 882 ergo
2292 848 2307 863 .
2344 850 2359 864 .
2397 846 2411 862 .
2444 846 2459 861 .
2497 847 2510 860 .
2544 845 2557 859 .
2618 803 2891 859 veteribus
2937 798 3094 855 simul
3162 808 3217 852 et
3254 796 3415 850 novis

1831 904 2091 959 doctrinis
2140 903 2529 957 institutorum,
2568 894 2766 949 animis
2827 890 3153 946 contmodet.
3225 905 3243 936 ι
3290 886 3408 939 Erit

1833 996 2013 1065 igitur,
2050 991 2243 1063 inquit,
2287 992 2477 1047 domus
2519 986 2709 1053 David,
2756 993 2815 1039 ut
2848 982 3073 1050 angelus
3108 977 3316 1033 Domini
3350 977 3406 1029 in

1831 1096 2123 1155 conspectu
2154 1098 2365 1139 eorum.
2394 1099 2415 1132 ι

1902 1221 2067 1275 Vens.
2103 1220 2157 1281 9,
2198 1217 2285 1272 10.
2330 1214 2396 1268 Et
2436 1216 2531 1267 erit
2556 1212 2610 1266 in
2659 1212 2743 1264 die
2774 1209 2890 1273 illa,
2926 1221 3159 1275 qua’ram
3196 1205 3407 1272 auferre

1835 1327 2011 1367 omnes
2064 1316 2259 1380 gentes,
2316 1322 2429 1376 qua:
2486 1304 2697 1359 ueniunt
2750 1310 2931 1355 contra
2981 1295 3301 1358 Jerusalem,
3356 1303 3406 1347 et

1833 1403 2100 1470 emutdam
2143 1414 2302 1467 super
2348 1397 2557 1449 domum
2596 1393 2782 1458 David,
2830 1400 2875 1444 et
2924 1404 3079 1455 super
3116 1387 3405 1440 habitantes

1833 1489 2129 1545 Jerusalem
2170 1485 2407 1553 spiritum
2449 1483 2636 1553 gratia:
2670 1489 2717 1535 et
2754 1478 3154 1542 misericordiw,
3189 1484 3236 1529 et
3265 1475 3407 1543 aspi-

1835 1585 1968 1637 cient
2004 1582 2075 1635 ad
2106 1596 2207 1635 me.

1908 1714 2088 1770 XClll.
2130 1711 2425 1768 Consilium
2451 1723 2629 1763 meum
2658 1715 2766 1773 est,
2805 1704 3003 1773 inquit,
3037 1701 3277 1765 auferre,
3309 1701 3405 1755 de-

162 1804 225 1858 τὰ
250 1807 618 1878 μεμαχημένα
646 1810 710 1879 τῇ
739 1784 873 1879 ἀνία
918 1784 1464 1882 πόλεατουτεστι-τῇ
1510 1784 1735 1883 Ἐκκληί

1845 1810 1946 1865 lere
1976 1815 2181 1876 gentes,
2203 1818 2324 1872 qua:
2344 1802 2615 1858 civitatem
2638 1807 2825 1853 sancta
2836 1812 2907 1862 ιιι,
2928 1804 3053 1865 puta
3087 1786 3411 1854 Ecclesiam,

163 1897 281 1967 σία·
330 1898 514 1968 χάριτί
544 1915 607 1967 γε
647 1900 753 1970 μὴν
794 1900 890 1954 καὶ
938 1903 1243 1973 οίκτιρμοίς
1292 1904 1607 1974 ⁴ττεριόαλείν
1645 1906 1737 1958 τὸν

162 1982 303 2041 οἶκον
369 1988 557 2056 Ἰούδα,
605 1990 700 2042 καὶ
744 1992 869 2055 τοὺς
917 1992 1305 2056 κατοικοῦντας
1359 1993 1733 2065 Ἰερουσαλὴμ,

162 2081 401 2137 τουτέστι
438 2083 567 2146 τοὺς
610 2083 711 2153 τῆς
765 2083 1089 2155 Ἐκκλησίας
1118 2086 1362 2150 πολίτας,
1411 2088 1505 2142 καὶ
1533 2089 1592 2140 ὲν
1624 2090 1736 2152 τοῖς

163 2176 324 2228 αἰνεῖν
369 2175 643 2244 ὀφείλουσι
693 2178 1203 2248 κατατεταγμένους
1227 2196 1241 2210 ·
1273 2175 1383 2233 εἷεν
1410 2180 1457 2236 δ’
1487 2181 1552 2234 ἂν
1592 2175 1735 2234 οὗτοι

164 2263 319 2319 πάλιν
350 2267 399 2317 οί
429 2265 866 2337 προσκυνοῦντες
896 2266 1138 2338 Χριστῷ,
1171 2268 1267 2321 καὶ
1294 2270 1407 2331 τοῖς
1452 2268 1736 2337 εὐαγγελι-

165 2356 271 2417 κοῖς
297 2353 667 2424 θεσπίσμασιν
695 2354 921 2409 ἔπεσθαι
944 2358 1232 2427 ᾑρημένοι,
1280 2359 1381 2429 τὴν
1433 2358 1632 2412 εὐκλεᾶ
1675 2376 1735 2413 τε

166 2444 253 2500 καὶ
305 2444 713 2515 ἀνεπίπληκτον
764 2445 1153 2515 κατορθοῦντες
1215 2445 1383 2517 ζωήν.
1450 2448 1573 2499 Ὅτι
1626 2448 1736 2518 γὰρ

168 2534 383 2603 ἔμελλον
411 2537 766 2606 ἀρρωστῆσαι
789 2537 850 2590 τὸ
876 2536 1067 2591 ἂναλκι
1107 2536 1281 2607 πάντη
1309 2554 1371 2590 τε
1400 2539 1493 2591 καὶ
1521 2539 1738 2602 πάντως

167 2628 208 2679 οἱ
234 2626 335 2697 τῆς
362 2625 623 2697 ἀληθείας
646 2626 850 2699 ἐχθροὶ,
883 2631 1138 2698 σαφηνιεῖ
1182 2628 1356 2695 λέγων
1393 2630 1487 2681 καὶ
1517 2630 1679 2692 αὐτὸς
1709 2632 1737 2682 ὁ

171 2718 387 2789 Σωτήρ·
440 2736 459 2770 ι
518 2719 591 2773 Σὺ
636 2714 686 2771 ei
719 2718 943 2790 Πέτρος,
983 2720 1078 2772 καὶ
1124 2720 1216 2772 ἐπὶ
1245 2719 1415 2790 ταύτῃ
1450 2722 1515 2789 τῇ
1566 2721 1738 2790 πέτρᾳ

170 2807 501 2878 οἰκοδομήσω
531 2824 632 2877 μου
660 2806 756 2877 τὴν
796 2807 1142 2878 Ἐκκλησίαν,
1180 2806 1273 2860 καὶ
1306 2806 1470 2860 πύλαι
1502 2806 1630 2876 ᾅδου
1675 2808 1737 2859 ού

169 2899 586 2969 κατισχύσουσιν
610 2900 799 2970 αὐτῆς.
830 2918 848 2951 ι
885 2899 1014 2953 Ἰδοὺ
1044 2892 1146 2954 ὧδε
1171 2899 1345 2960 πύλας
1375 2899 1499 2962 τοὺς
1524 2898 1738 2954 διώκειν

168 2991 330 3060 αὐτὴν
378 2990 681 3054 ἐθέλοντας,
727 2990 914 3061 φησὶν,
963 2984 1075 3043 οἷον
1119 2989 1373 3061 ὀλέθρους
1421 2990 1602 3054 ὄντας,
1644 2990 1739 3045 καὶ

170 3081 416 3154 φθόρους,
448 3083 542 3138 κα)⁸
565 3084 646 3145 εἰς
682 3082 953 3154 πέταυρον
980 3081 1106 3153 ᾅδου
1140 3082 1531 3153 κατακομίζειν
1562 3083 1741 3138 εἰωθόα
1766 3115 1808 3173 C

168 3191 256 3238 τας
278 3177 409 3239 τοὺς
444 3173 876 3245 προσκειμένους
905 3174 1107 3237 αὐτοῖς.
1150 3174 1497 3245 Ἀτονήσουσι
1524 3175 1588 3247 δὴ
1619 3172 1735 3243 οῦν,

172 3266 365 3335 μᾶλλον
393 3265 451 3320 δὲ
486 3265 583 3319 καὶ
605 3263 998 3337 ὲξαρθήσονται
1026 3267 1075 3339 oi
1104 3265 1547 3336 πεπολεμηκότες
1577 3269 1738 3337 αὐτῇ,

171 3359 254 3412 καὶ
291 3359 608 3428 οίχήσονται
652 3358 791 3428 πρὸς
833 3357 1131 3412 ἀπώλειαν.
1166 3376 1185 3410 ι
1240 3357 1440 3412 Πολλαὶ
1492 3359 1591 3429 μὲν
1633 3359 1743 3429 γὰρ

171 3449 609 3520 ὁμολογουμένως
628 3449 737 3503 τῶν
755 3449 976 3504 δικαίων
998 3449 1054 3503 αἱ
1071 3448 1277 3519 θλίψεις
1295 3466 1310 3481 ⁸
1333 3449 1445 3505 ἀλλ’
1466 3452 1531 3504 ὲκ
1554 3451 1743 3507 πασῶν

172 3539 340 3593 αὐτῶν
373 3539 600 3611 ῥύσεται
624 3538 819 3601 αὐτοὺς
838 3539 867 3591 ὁ
896 3537 1119 3609 Κύριος.
1160 3556 1179 3589 ι
1217 3538 1326 3594 Καὶ
1354 3538 1501 3593 ἔστιν
1523 3539 1744 3608 ἀληθὲς,

172 3633 247 3685 ὅτι
287 3652 307 3684 s
362 3631 571 3696 πάντες
608 3632 655 3685 οἱ
690 3630 937 3694 θέλοντες
978 3629 1079 3701 ζῇν
1120 3630 1359 3694 εὐσεϐῶς
1399 3632 1459 3686 ἐν
1500 3632 1739 3703 Χριστῷ,

173 3724 576 3794 διωχθήσονται.
612 3740 632 3774 ›
662 3722 811 3792 Πλὴν
841 3722 1081 3792 ἀνόνητα
1108 3724 1204 3778 καὶ
1241 3722 1445 3794 ἀδρανῆ
1479 3724 1588 3778 τῶν
1625 3725 1747 3778 επι-

175 3814 533 3869 δουλευόντων
559 3814 632 3868 τὰ
659 3815 974 3883 σκέμματα,
1010 3814 1105 3867 καὶ
1142 3812 1282 3869 αὐτὰ
1306 3814 1364 3869 δὲ
1390 3813 1459 3868 τὰ
1491 3815 1746 3885 ὲγχειρή-

177 3921 317 3974 ματα
343 3904 558 3976 τίθησιν
584 3906 613 3957 ὁ
638 3903 894 3975 Χριστὸς,
928 3902 986 3965 ὃς
1012 3902 1243 3956 δέδωκεν
1282 3920 1301 3954 ι
1336 3903 1469 3973 ἡμῖν
1496 3901 1747 3968 ἐξουσίαν

1835 1904 2280 1969 Oppugnaverunt
2321 1910 2335 1948 :
2386 1893 2558 1962 gratia
2609 1898 2787 1944 autem
2849 1896 2903 1940 et
2960 1882 3399 1939 miserationibus

1835 1985 2294 2057 comprehendere
2318 1970 2724 2043 domum'Juda,
2766 1986 2823 2031 et
2854 1976 3157 2032 habitantes
3182 1971 3406 2025 Jerusa—

1835 2080 1961 2145 lem,
1992 2077 2092 2132 hoc
2119 2085 2222 2138 est,
2252 2071 2506 2127 Ecclesiae
2529 2070 2694 2133 cives,
2730 2076 2785 2122 et
2807 2080 2920 2131 eos,
2963 2063 3054 2133 qui
3083 2062 3147 2115 ad
3184 2060 3410 2113 laudau-

1837 2174 1962 2226 dum
2021 2165 2299 2224 constituti
2352 2172 2521 2219 sunt:
2556 2162 2648 2230 qui
2700 2172 2918 2213 rursum
2972 2155 3142 2222 accipi
3189 2159 3416 2222 possunt

1837 2264 2126 2319 adorantes
2175 2258 2489 2319 Christum,
2538 2263 2592 2309 et
2651 2250 2911 2308 submissi
2963 2247 3197 2303 oraculis
3238 2260 3409 2301 evan-

1836 2352 2020 2423 gelicis
2047 2390 2064 2416 ,
2106 2348 2425 2404 laudabilem
2474 2343 2713 2413 nullique
2764 2342 2935 2413 culpae
2980 2338 3191 2394 aliinem
3244 2337 3412 2391 vitam

1837 2443 2160 2499 excoieutes.
2208 2435 2505 2493 lmbecilles
2554 2434 2697 2489 enim
2743 2432 2858 2487 fore
2898 2429 3120 2485 omnino
3166 2427 3413 2481 veritatis

1839 2533 2106 2595 inimicos,
2134 2532 2468 2584 demonstrat
2499 2526 2613 2593 ipse
2639 2523 2889 2577 Salvator
2913 2535 3034 2574 cum
3066 2519 3194 2572 dicit
3227 2536 3240 2571 :
3279 2535 3298 2568 ι
3330 2516 3412 2569 Τιι

1837 2640 1896 2680 es
1929 2623 2140 2684 Petrus,
2168 2629 2225 2674 et
2271 2632 2432 2685 super
2477 2617 2616 2671 hanc
2648 2622 2856 2684 petram
2905 2611 3183 2666 aediﬁcabo
3225 2608 3416 2664 Eccle-

1838 2716 1974 2771 siam
2005 2727 2202 2777 meam,
2224 2720 2280 2766 et
2309 2717 2475 2779 porta:
2504 2707 2664 2763 interi
2691 2720 2794 2760 non
2825 2702 3195 2774 praevalebunt
3223 2702 3413 2756 adver-

1839 2822 1934 2861 sus
1981 2820 2101 2861 eam
2123 2804 2188 2857 ⁸⁸.
2227 2822 2247 2854 ι
2313 2802 2455 2856 Ecce
2518 2799 2609 2854 hic
2677 2804 2936 2852 conantes
2986 2808 3107 2847 eam
3162 2793 3414 2862 persequi

1840 2907 2026 2967 portas
2075 2902 2263 2958 vocat,
2329 2890 2493 2946 veluti
2552 2897 2766 2959 pestes,
2815 2894 2869 2941 et
2915 2886 3115 2949 exitia,
3172 2893 3226 2938 et
3285 2884 3416 2951 ipsis

1840 2990 2176 3043 adhaarentes
2208 2988 2275 3040 ad
2314 2982 2535 3053 pedicas
2579 2978 2874 3035 intererunt
2914 2977 3179 3032 deducere
3206 2974 3412 3028 solitos.

1841 3081 2156 3149 Torpebunt
2190 3076 2377 3147 igitur,
2413 3074 2520 3129 imo
2558 3070 2813 3127 tollentur
2851 3068 2942 3138 qui
2977 3066 3177 3122 bellum
3218 3066 3266 3119 ei
3302 3080 3417 3117 mo-

1841 3172 2041 3233 verint,
2072 3175 2127 3223 et
2172 3166 2225 3221 in
2261 3163 2559 3235 perniciem
2601 3161 2774 3216 ibunt.
2806 3177 2827 3210 (
2854 3156 3035 3213 Multae
3068 3156 3234 3219 enim,
3274 3152 3416 3221 quod

1842 3277 2004 3319 nemo
2047 3258 2243 3324 nescit,
2275 3266 2403 3311 sunt
2453 3252 2834 3308 tribulationes
2866 3249 3134 3318 justorum
3167 3264 3181 3301 :
3214 3247 3309 3300 sed
3349 3245 3435 3299 de,

1843 3357 1929 3412 bis
1971 3353 2226 3411 omnibus
2263 3348 2517 3404 liberabit
2557 3360 2651 3402 eos
2690 3344 2947 3399 Duminus
2969 3339 3040 3394 ⁸³.
3073 3358 3091 3392 ι
3130 3339 3197 3393 Ει
3227 3352 3416 3393 verum

1844 3457 1947 3513 est,
1982 3465 2003 3500 ι
2031 3459 2223 3501 omnes
2265 3441 2358 3511 qui
2388 3439 2477 3509 pie
2509 3437 2688 3493 volent
2719 3436 2900 3489 vivere
2931 3434 2984 3488 in
3014 3431 3252 3495 Christo,
3291 3444 3417 3499 per-

1844 3539 2152 3597 secutiones
2172 3547 2429 3606 passuros
2445 3532 2513 3586 ’°.
2545 3552 2564 3581 ο
2601 3528 2867 3583 Caeterum
2910 3522 3127 3579 inutiles
3177 3530 3234 3575 et
3261 3521 3416 3574 inva-

1845 3635 1986 3690 lidas
2058 3626 2434 3687 insidiantium
2500 3620 2854 3692 cogitationes
2923 3623 2980 3672 et
3056 3628 3215 3669 ausus
3275 3612 3420 3681 ipsos

1844 3724 2100 3780 Christus
2126 3719 2276 3784 facit,
2299 3717 2389 3787 qui
2414 3713 2563 3769 dedit
2596 3730 2616 3764 ι
2645 3711 2801 3767 nobis
2826 3713 3148 3777 potestatem
3173 3703 3420 3756 caleandi

1848 3814 2015 3886 783
2051 3825 2212 3880 supra
2267 3814 2589 3876 serpentes,
2638 3811 2697 3857 et
2738 3798 3091 3866 scorpiones,
3152 3802 3211 3847 et
3258 3806 3422 3860 supra

1846 3922 2065 3965 omnem
2092 3907 2343 3960 virtutem
2371 3896 2577 3955 inimici
2599 3895 2667 3950 ".
2697 3913 2716 3946 ι
2754 3891 2825 3948 Et
2857 3888 3146 3945 conﬁrmat
3173 3900 3274 3941 nos
3296 3900 3420 3940 cum

176 4000 358 4052 πατεῖν
396 3997 586 4052 ἐπάνω
614 3995 810 4065 ὄφεων,
840 3995 936 4049 καὶ
976 3993 1276 4066 σκορπίων,
1320 3994 1414 4048 καὶ
1445 3993 1538 4048 ἐπὶ
1568 3994 1749 4051 πᾶσαν

1849 4004 1925 4059 ait
1953 4018 1968 4056 :
2001 4017 2019 4052 ι
2051 3998 2107 4055 In
2135 3995 2338 4053 mundo
2371 4002 2681 4063 pressuram
2709 3982 2996 4046 habebitis,
3026 3980 3120 4036 sed
3147 3978 3425 4042 conﬁdite,

176 4089 267 4159 τὴν
294 4089 526 4159 δύναμιν
554 4087 648 4141 τοῦ
678 4085 896 4158 ἐχθροῦ.
933 4106 954 4139 ι
984 4085 1402 4159 Παραθαρῤύνει
1440 4102 1500 4139 τε
1536 4085 1709 4154 λέγων
1730 4102 1745 4117 ο

1850 4095 1973 4166 quia
2004 4106 2105 4163 ego
2127 4090 2232 4144 vici
2269 4086 2526 4143 mundum
2550 4085 2619 4138 θ’.
2651 4100 2670 4134 ι
2707 4078 2988 4135 Tollentur
3032 4075 3213 4142 itaque
3242 4086 3272 4126 e
3312 4085 3426 4124 me-

181 4198 205 4233 s
242 4180 430 4251 Θλίψιν
481 4180 636 4250 ἔχετε
678 4182 737 4234 ὲν
769 4178 847 4250 τῷ
888 4179 1103 4250 κόσμῳ,
1153 4179 1288 4235 ἀλλά
1332 4179 1605 4252 θαρσεῖτε,
1638 4180 1752 4249 ἐγὼ

1853 4187 1943 4245 dio
1983 4186 2075 4255 qui
2122 4180 2418 4252 aliquando
2447 4177 2500 4231 in
2552 4173 2851 4231 Ecclesium
2888 4168 3177 4235 insurgunt
3208 4180 3224 4218 :
3261 4174 3426 4229 super

178 4272 430 4342 νενίκηκα
476 4269 572 4323 τὸν
604 4270 825 4341 κόσμον.
881 4288 912 4321 ι.
953 4268 1164 4325 Οὐκοῦν
1199 4269 1505 4342 ὲξαίρονται
1554 4272 1653 4341 μὲν
1699 4271 1750 4324 οί

1853 4252 2248 4350 ipsosvaulem,
2300 4272 2403 4326 hoc
2464 4277 2570 4333 est,
2626 4280 2788 4333 super
2840 4260 3146 4320 credentes,
3194 4252 3424 4310 ubertim

175 4362 271 4431 τῆς
309 4359 637 4429 Ἐκκλησίας
667 4356 1179 4428 κατεξανιστάμενοι
1210 4358 1352 4412 κατὰ
1378 4362 1624 4430 καιροὺς,
1658 4360 1752 4413 ἐπὶ

1859 4343 1891 4423 ι’
1912 4368 2133 4439 spiritus
2162 4362 2347 4432 gratia:
2367 4369 2422 4415 et
2459 4355 2821 4413 miserationis
2851 4372 2869 4405 ι
2922 4348 3235 4406 eﬁ'unditur.
3256 4343 3429 4398 Ornat

178 4452 228 4506 δέ
255 4470 317 4522 γε
347 4454 477 4516 τοὺς
508 4451 698 4515 αὐτοῦ,
739 4452 983 4506 τουτέστι
1034 4452 1161 4515 τοὺς
1204 4451 1624 4517 πιστεύσαντας,
1652 4455 1745 4507 ἐκ·

1852 4434 2011 4515 enim.
2024 4471 2125 4512 nos
2160 4454 2319 4509 bonis
2350 4449 2661 4506 ctelestibus
2706 4448 2847 4501 Deus
2874 4449 2933 4498 et
2964 4440 3151 4502 Pater,
3178 4447 3234 4489 et
3264 4434 3427 4502 spiri-

178 4548 345 4614 χεῖται
381 4544 654 4607 πλουσίως
698 4562 716 4595 ι
743 4543 966 4613 Πνεῦμα
1012 4543 1232 4614 χάριτος
1258 4542 1354 4596 καὶ⁸
1380 4544 1685 4615 οἰκτιρμοῦ.
1723 4565 1746 4598 ι

180 4637 436 4706 Στεφανοῖ
468 4638 580 4707 γὰρ
618 4637 764 4706 ἡμᾶς
783 4638 895 4699 τοῖς
924 4635 1128 4691 ἀνωθεν
1166 4636 1392 4704 ἀγαθοῖς
1438 4637 1466 4688 ὁ
1496 4636 1626 4701 Θεὸς
1655 4637 1751 4690 καὶ

181 4729 389 4799 Πατὴρ,
448 4729 545 4781 καὶ
588 4726 973 4798 πνευματικῶν
1022 4726 1327 4797 ἐμπίπλησι
1372 4730 1748 4800 χαρισμάτων,

184 4820 264 4874 ἶνα
291 4822 383 4875 τὸν
421 4821 525 4889 τῆς
561 4820 801 4883 διανοίας
835 4820 1111 4890 ὀφθαλμὸν
1153 4821 1290 4889 πρὸς
1328 4821 1491 4874 αὑτὸν
1533 4822 1749 4876 ἀνατεί-

181 4928 384 4977 ναντες,
417 4914 505 4967 ἐπ’
538 4911 688 4982 αὐτῷ
714 4913 893 4965 πᾶσαν
917 4912 1135 4982 ἔχοιμεν
1166 4912 1377 4973 ἐλπίδα.
1416 4911 1585 4965 Τοῦτο
1618 4912 1748 4984 γὰρ,

182 4996 350 5071 οἶμαι,
390 5004 509 5057 ἔστι
549 5003 633 5070 τὸ,
677 5020 697 5053 ι
741 5002 1151 5073 Ἐπιόλέψονται
1188 5003 1326 5073 πρός
1364 5021 1453 5073 με.
1491 5022 1510 5055 ›
1545 5005 1754 5057 Διακεί-

188 5112 335 5165 pavet
362 5098 420 5152 δὲ
448 5098 613 5161 οὕτω,
646 5096 959 5167 γαννύμεθα
989 5096 1087 5167 μὲν
1114 5096 1201 5165 ἐφ’
1229 5099 1462 5159 ἑαυτοῖς,
1496 5096 1675 5166 φαμὲν
1698 5095 1753 5149 δὲ

182 5185 246 5252 δὴ
285 5186 691 5256 δοξολογοῦντες
719 5187 878 5241 Θεόν’
917 5205 936 5240 ι
971 5187 1218 5255 Εύλόγει,
1259 5190 1292 5256 ἡ
1325 5186 1471 5256 ψυχή
1508 5202 1632 5256 μου,
1661 5184 1753 5237 τὸν

182 5281 405 5351 Κύριον,
438 5284 531 5336 τὸν
577 5281 957 5336 εύῖλατεύοντα
1002 5280 1182 5344 πάσας
1217 5279 1315 5343 τὰς
1359 5278 1588 5348 ἀνομίας
1635 5295 1750 5342 σου,

182 5371 273 5425 τὸν
313 5374 535 5444 ἰώμενον
578 5374 760 5437 πάσας
790 5372 890 5436 τὰς
912 5372 1100 5436 νόσους
1130 5388 1244 5439 σου,
1272 5370 1365 5423 τὸν
1393 5369 1753 5440 λυτρούμενον

1858 4549 2092 4605 tualibus
2119 4545 2274 4603 donis
2302 4541 2563 4605 cumulat,
2590 4549 2650 4594 ut
2690 4534 2887 4592 mentis
2910 4532 3123 4588 oculum
3152 4526 3217 4580 ad
3251 4527 3424 4593 ipsum

1858 4642 2129 4704 tollentes,
2180 4650 2397 4693 omnem
2448 4636 2503 4689 in
2554 4646 2621 4687 eo
2673 4628 2925 4683 ﬁduciam
2967 4622 3310 4679 collocemus.
3371 4612 3433 4667 ld

1857 4734 2002 4790 enim
2040 4739 2145 4795 est,
2175 4729 2386 4798 opinor,
2422 4724 2564 4795 quod
2607 4722 2763 4786 dicit,
2801 4738 2819 4771 ι
2845 4716 3118 4787 ASpicieut
3147 4710 3215 4765 ad
3260 4721 3365 4761 me.
3402 4725 3424 4756 ι

1859 4825 1975 4892 Quo
2001 4823 2219 4892 quidem
2252 4818 2411 4873 modo
2450 4814 2652 4877 aﬁ‘eeti,
2692 4812 2937 4867 lzetamur
2963 4808 3016 4861 in
3053 4806 3194 4865 sinu,
3234 4808 3287 4854 et
3314 4798 3433 4850 ian-

1859 4917 2055 4970 dantes
2082 4912 2366 4967 Dominum
2400 4908 2632 4963 dicimus
2664 4925 2678 4960 :
2715 4922 2732 4954 ι
2762 4899 3010 4963 Benedic,
3057 4894 3234 4948 anima
3285 4902 3428 4952 mea,

1863 5005 2185 5065 Dominum,
2240 5000 2329 5069 qui
2384 4989 3000 5068 prepiliatur'onmibus
3057 4978 3433 5069 iniquitatibus

1866 5098 1992 5159 tuis,
2027 5094 2115 5163 qui
2149 5068 2308 5147 sanat
2338 5104 2529 5144 omnes
2554 5084 2902 5141 inﬁrmitates
2932 5089 3069 5141 tuas,
3096 5073 3185 5143 qui
3212 5068 3432 5125 redimit

1863 5188 1928 5241 de
1970 5185 2190 5240 interitu
2224 5183 2387 5236 vitam
2432 5190 2598 5241 tuam,
2629 5175 2722 5245 qui
2765 5177 2987 5228 coronat
3034 5176 3083 5218 te
3131 5164 3183 5216 in
3217 5158 3434 5213 miseri—

1863 5278 2045 5333 cordia
2078 5286 2133 5330 ct
2174 5271 2635 5336 miserationibus,
2667 5265 2754 5336 qui
2798 5261 2965 5331 replet
2998 5258 3050 5312 in
3095 5253 3251 5309 bonis
3289 5250 3433 5305 desi-

1862 5369 2069 5423 derium
2100 5375 2245 5419 tuum
2271 5365 2336 5441 θέ.
2369 5382 2388 5415 ι

182 5463 245 5515 ἐκ
275 5433 479 5535 φθορᾶς
520 5466 623 5536 τὴν
670 5433 816 5535 ζωήν
858 5433 972 5542 σου,
1003 5433 1105 5535 ⁸τὸν
1172 5433 1541 5533 στεφανοῦντά
1586 5433 1646 5515 σε
1692 5465 1749 5515 ἐν
1790 5463 1929 5515 ἐλέει
1974 5462 2065 5514 καὶ
2124 5436 2444 5528 οἰκτιρμοῖς,
2471 5453 2564 5504 τὸν
2627 5446 2981 5518 ὲμπιπλῶντα
3003 5444 3060 5497 ὲν
3086 5439 3306 5510 ἀγαθοῖς
3332 5433 3435 5505 τὴν

183 5556 475 5629 ἐπιθυμίαν
503 5576 622 5611 σου.
660 5578 678 5609 ι
1582 5565 1625 5577 “

249 5672 295 5704 ⁸⁷
337 5672 493 5727 llebr.
529 5690 566 5737 ι,
612 5672 663 5725 5.
743 5671 786 5701 ⁸⁸
812 5670 995 5726 Matth.
1023 5688 1133 5738 im,
1168 5672 1244 5727 18.
1320 5673 1361 5703 ⁸9
1388 5670 1527 5726 Psal.
1563 5683 1749 5733 xum,

1854 5704 1865 5717 .
1946 5664 1989 5695 9°
2020 5661 2060 5716 ll
2091 5661 2226 5716 Tim.
2263 5674 2342 5726 ιιι,
2404 5655 2486 5711 l2.
2565 5654 2603 5685 °‘
2642 5652 2767 5707 Luc.
2806 5667 2854 5717 ν,
2892 5651 2971 5706 i‘J.
3053 5649 3095 5679 9’
3124 5644 3275 5700 Joan.
3309 5655 3422 5707 xvi,

184 5739 276 5795 53.
354 5742 397 5774 ³³
427 5742 572 5799 Psal.
611 5757 707 5805 cu,
742 5741 852 5794 1-5.
