3934 6318
161 338 270 394 225

983 334 1541 393 COMMENTARIUS
1584 336 1649 392 IN
1691 334 2092 392 mammam
2134 308 2611 393 PROPHETAM.‘

3330 344 3437 401 226

235 452 351 519 ιε’.
398 448 860 521 Καταδῃουμένης
908 449 1124 519 ἁπάσης
1171 451 1272 519 τῆς
1309 451 1567 515 Ἰουδαίας
1618 452 1759 505 κατὰ

1937 448 2095 505 XCV.
2145 450 2311 506 Ferro
2339 451 2554 521 ignique
2582 449 2883 507 deformata
2904 450 3031 507 olim
3063 453 3314 510 universa
3334 455 3437 512 Ju-

167 542 389 611 καιροὺς
435 539 543 592 ὑπὸ
588 539 689 608 τῆς
723 538 1007 608 Ῥωμαίων
1040 542 1333 609 στρατιᾶς,
1372 542 1465 593 καὶ
1499 540 1666 609 αὐτῆς
1699 540 1756 591 δὲ

171 632 634 703 πολιορκουμένης
670 631 768 699 τῆς
806 629 1197 701 Ἰερουσαλὴμ,
1250 631 1488 684 τοιοῦτον
1541 630 1757 684 ἔσεσθαί

169 742 297 794 φησι
350 721 501 793 παρὰ
552 721 660 772 τῶν
708 722 765 772 ἐν
809 721 945 792 αὐτῇ
999 722 1090 775 τὸν
1146 722 1401 785 κοπετὸν,
1452 724 1637 775 ὁποῖον
1691 720 1758 774 ἂν

168 818 452 886 ποιήσαιτο
513 812 749 883 γηπόνος
801 813 997 881 ροὦνος
1045 816 1467 886 ἑκκοπτομένου.
1522 815 1760 879 Εὑανθὲς

171 909 266 978 μὲν
295 907 405 976 γάρ
438 904 500 957 τὸ
532 905 719 972 φυτὸν,
751 904 847 956 καὶ
874 906 1101 973 συχνοὺς
1128 906 1192 957 ἐκ
1222 906 1378 976 ῥίζης
1405 905 1589 975 ἀνίησι
1616 904 1759 959 κλῶ-

166 1019 264 1063 νας
294 998 511 1068 ὀρθοὺς,
543 996 636 1047 καὶ
665 996 1133 1066 εὐμηκεστάτους,
1168 999 1215 1048 εί
1247 997 1302 1049 δὲ
1330 997 1393 1067 δὴ
1439 997 1533 1049 καὶ
1576 998 1760 1061 αὐτοῖς

170 1089 518 1160 ὲξωραῖζοιτο
548 1090 659 1150 τοῖς
708 1090 943 1157 καρποῖς
964 1127 979 1151 ,
1031 1092 1154 1140 τότε
1198 1088 1263 1158 δή
1295 1088 1532 1158 μάλιστα
1576 1089 1670 1142 καὶ
1702 1091 1760 1142 ὲν

171 1182 354 1251 πολλῷ
392 1182 571 1233 κεῖται
622 1178 884 1248 θαύματι.
932 1178 1138 1249 Χρῆμα
1178 1178 1286 1248 γὰρ
1331 1180 1671 1249 ἀξιέραστον,
1722 1182 1756 1249 ή

174 1275 325 1345 ῥοιὰ,
377 1270 595 1342 φυσικῷ
647 1271 1025 1341 διαπρέπουσα
1091 1271 1279 1324 κάλλει
1335 1274 1445 1326 τῶν
1497 1272 1760 1343 ὁρπήκων

171 1362 559 1435 ἁπηρτημένη,
588 1361 684 1415 καὶ
709 1364 821 1424 τοῖς
851 1360 958 1413 ἔσω
979 1363 1197 1425 κόκκοις
1227 1365 1760 1435 συμπεφοινιγμένον

172 1457 377 1526 ἔχουσα
420 1455 530 1507 τῶν
575 1454 851 1525 ὲλύστρων
893 1454 954 1506 τὸ
1003 1448 1161 1517 εἶδος.
1218 1456 1509 1508 Πάνδεινον
1558 1456 1638 1520 δὲ,
1687 1454 1763 1518 ὡς

171 1550 328 1618 ἔφην,
358 1547 455 1600 καὶ
491 1546 736 1616 ἀνιαρὸν,
768 1544 903 1615 ὁμοῦ
948 1547 1061 1609 τοῖς
1101 1548 1335 1617 καρποῖς
1375 1545 1762 1619 ἀποκείρεσθαι

172 1640 233 1692 τὺ
280 1638 468 1707 φυτόν.
512 1638 654 1691 Ἀλλ’
702 1632 771 1708 ἦν
809 1654 860 1690 τι
909 1636 1148 1691 τοιοῦτον
1183 1639 1313 1691 ίδείν
1345 1640 1456 1700 τοῖς
1490 1638 1762 1700 Ἰουδαίοις

178 1732 494 1801 συμϐαῖνον.
527 1731 692 1783 Ὅσον
726 1730 825 1799 μὲν
853 1727 963 1798 γὰρ
992 1729 1116 1798 ἥκει
1153 1730 1235 1791 είς
1262 1728 1362 1791 τάς
1388 1730 1452 1782 ὲκ
1484 1728 1648 1798 νόμου
1681 1745 1761 1781 τι-

180 1824 317 1893 μὰς,
362 1825 537 1893 ῥοιαῖς
591 1822 889 1891 ὲγκάρποις
935 1820 1357 1891 παρεικάζοιντο
1393 1820 1460 1873 ἂν
1505 1820 1764 1883 είκότως,
1798 1810 1841 1866 Β

176 1919 223 1968 οἱ
262 1914 594 1985 προῦχοντες
639 1915 698 1966 ὲν
736 1914 941 1975 αὐτοῖς·
972 1913 1023 1965 οἱ
1064 1912 1165 1982 μὲν
1204 1911 1313 1981 γὰρ
1356 1913 1421 1965 ἐκ
1462 1910 1560 1981 τῆς
1598 1910 1767 1963 Ἰούδα

179 2008 382 2077 φυλῆς,
430 2008 559 2069 τοὺς
604 2006 704 2074 τῆς
757 2004 1036 2074 βασιλείας
1084 2005 1359 2067 διέποντες
1412 2003 1636 2074 θρόνους
1689 2004 1769 2065 είς

178 2100 329 2168 λῆξιν
366 2098 617 2159 εὐκλείας
653 2096 892 2149 τέθειντο
920 2096 1048 2166 παρ’
1073 2096 1276 2157 αὐτοῖς.
1321 2095 1384 2147 Ol
1413 2094 1471 2146 δὲ
1503 2095 1567 2146 ὲκ
1597 2092 1768 2163 φυλῆς

180 2195 307 2245 Λευῖ
346 2193 464 2253 τοῖς
503 2192 603 2261 τῆς
635 2187 932 2259 ἱερωσύνης
977 2188 1288 2258 αὐχήμασιν
1329 2180 1388 2239 εὖ
1445 2184 1591 2255 μάλα
1636 2201 1770 2237 κατ-

183 2280 535 2351 εστεμμένοι,
598 2279 841 2349 λαμπροί
891 2294 949 2330 τε
978 2272 1121 2347 ἦσαν
1165 2276 1260 2330 καὶ
1294 2276 1588 2347 διαϐόητοι.
1618 2275 1683 2327 Τί
1724 2274 1769 2327 δ’

182 2371 244 2425 ἂν
283 2372 500 2439 λέγοιμι
544 2368 739 2439 κριτάς
776 2385 833 2420 τε
889 2367 983 2420 καὶ
1019 2367 1308 2437 νομικοὺς,
1358 2368 1452 2419 καὶ
1487 2367 1613 2428 τοὺς
1650 2366 1770 2427 ταῖς

186 2459 395 2529 ἑτέραις
446 2460 639 2527 τιμαῖς
696 2455 1241 2525 κατηγλαῖσμένους;
1300 2454 1517 2524 Ἐπειδὴ
1562 2454 1617 2507 δὲ
1671 2471 1772 2506 πε-

188 2552 577 2620 παρῳνήκασιν
603 2550 683 2611 είς
717 2547 974 2615 Χριστὸν,
1001 2545 1239 2599 δέδονται
1268 2548 1379 2606 τοῖς
1410 2545 1645 2615 ἐχθροῖς,
1677 2546 1772 2598 καὶ

188 2641 597 2713 καταδῃούντων
644 2641 829 2704 αὐτοῖς
880 2639 979 2709 τὴν
1020 2636 1205 2708 χώραν
1258 2635 1668 2690 Οὐεσπασιανοῦ
1710 2652 1770 2688 τε

189 2732 275 2785 καὶ
307 2731 494 2791 Τίτου,
536 2727 1000 2798 πολιορκουμένης
1029 2743 1087 2778 τε
1130 2727 1228 2795 τῆς
1267 2723 1646 2795 Ἰερουσαλὴμ,
1680 2723 1773 2776 καὶ

188 2824 387 2884 πάντας
415 2822 543 2882 τοὺς
574 2821 630 2871 ὲν
659 2819 793 2888 αὐτῇ
824 2816 985 2887 λιμοῦ
1015 2816 1456 2885 καταφθίνοντος,
1484 2814 1685 2885 θρήνου
1715 2830 1773 2867 τε

188 2915 275 2966 καὶ
306 2911 542 2965 κοπετοῦ
568 2910 637 2963 τά
668 2910 849 2963 πάντα
880 2908 1259 2979 πεπλήρωται.
1288 2908 1573 2976 Μαρτυρεῖ
1599 2906 1657 2959 δὲ
1682 2905 1775 2969 καὶ

202 3004 480 3074 Ἰώσηπος.
512 3002 593 3054 Τὰ
622 3001 730 3071 γὰρ
768 3001 869 3070 τῆς
908 2998 1205 3064 ’Λλώσεως
1256 2998 1431 3068 βιϐλία
1468 2997 1773 3064 συντιθεὶς,

192 3094 287 3163 ἔφη
324 3111 426 3146 που
464 3092 728 3162 περὶτῶν
764 3090 1153 3162 Ἱεροσολύμων
1194 3092 1380 3154 αὑταῖς
1412 3090 1621 3157 λέξεσιν
1648 3084 1772 3145 ὧδεο

196 3185 404 3255 Κομμοὶ
428 3184 487 3236 δὲ
517 3179 659 3254 ἦσαν
700 3183 802 3236 ἀνά
838 3184 938 3253 τὴν
974 3184 1126 3236 πόλιν
1160 3183 1433 3254 πανταχῆ,
1472 3184 1686 3254 οἰμωγὴ
1718 3183 1775 3236 δὲ

193 3275 523 3345 διαπρύσιος,
560 3274 658 3343 ,καὶ
702 3274 898 3344 θρῆνος
944 3275 1318 3341 ἐγκέλευστος.
1351 3276 1557 3347 Ὥσπερ
1591 3274 1648 3327 δὲ
1681 3273 1775 3326 Δί-

196 3369 370 3431 δανον,
404 3369 503 3421 καὶ
531 3366 736 3437 δρυμὸν
770 3368 937 3437 αὐτὴν
967 3367 1236 3437 ὠνόμαζε,
1269 3366 1443 3435 λέγων
1465 3384 1478 3397 ’
1517 3384 1535 3417 ι
1567 3367 1777 3420 Διὰνοιο

197 3462 303 3527 εον,
326 3464 354 3514 ὁ
380 3460 635 3523 Λίϐανος,
661 3459 760 3521 τὰς
787 3459 957 3529 θύρας
987 3476 1102 3525 σου,
1132 3460 1227 3513 καὶ
1270 3459 1635 3528 καταφαγέτω
1665 3458 1777 3529 πῦρ

197 3548 288 3610 τὰς
329 3547 554 3618 κέδρους
614 3563 733 3599 σου.
785 3546 1119 3613 Ὀλολυξάτω
1164 3547 1356 3613 πίτυς,
1402 3549 1487 3600 ὅτι
1520 3548 1777 3600 πέπτωκε

200 3639 413 3708 κέδρος,
463 3639 549 3690 ὃτι
614 3637 867 3706 μεγάλως
920 3639 1244 3708 μεγιστᾶνες
1300 3638 1777 3710 ἐταλαιπώρησαν.

211 3732 543 3797 Ὄλολύξατε,
578 3729 738 3801 δρύες
772 3732 870 3801 τῆς
892 3730 1271 3794 Βασανίτιδος,
1307 3732 1388 3785 ὅτι
1423 3730 1779 3801 κατεσπάσθη

199 3824 229 3873 ὀ
249 3822 441 3892 δρυμὸς
465 3824 495 3874 ὁ
529 3822 840 3892 σύμφυτος·
872 3838 891 3870 ι
928 3818 1070 3873 οὕτω
1108 3819 1204 3873 καὶ
1243 3820 1418 3889 ροῶνα
1450 3819 1780 3888 κοπτόμενον

202 3913 464 3982 ὀνομάζει.
514 3912 852 3965 Πιστώσεται
882 3910 938 3963 δὲ
966 3910 1056 3962 τὸν
1099 3909 1255 3977 λόγον
1298 3910 1393 3963 καὶ
1434 3912 1461 3959 ὁ
1499 3909 1781 3972 θεσπέσιος

204 4007 500 4070 Ματθαίος,
546 4008 661 4067 τοῖς
699 4004 965 4057 Ἰουδαίων
1020 4003 1212 4072 δήμοις
1256 4000 1741 4073 προσπεφωνηκώς
1763 4017 1777 4031 ο

210 4118 229 4151 ι
258 4101 387 4169 Ἤδη
415 4102 473 4155 δὲ
511 4100 608 4153 καλ⁵
636 4101 670 4168 ή
707 4098 865 4167 ἀξίνη
898 4098 1035 4169 πρὸς
1063 4099 1159 4166 τὴν
1196 4098 1349 4168 ῥίζαν
1395 4097 1506 4151 τῶν
1549 4098 1783 4167 δένδρων

205 4195 387 4245 κεῖται.
419 4192 537 4244 Πᾶν
586 4186 680 4244 οὖν
721 4190 935 4259 δένδρον
972 4188 1046 4259 μὴ
1100 4188 1289 4241 ποιοῦν
1327 4190 1539 4258 καρπὸν
1594 4188 1779 4251 καλὸν,

205 4282 552 4344 ἐκκόπτεται,
598 4280 691 4333 καὶ
728 4280 809 4341 είς
848 4278 960 4349 πῦρ
1010 4278 1291 4343 βάλλεται,
1346 4280 1440 4332 καί
1486 4279 1718 4333 καίεται.
1758 4298 1776 4332 ι

210 4374 391 4427 Ἔσται
422 4375 601 4428 τοίνυν
632 4372 793 4438 οὕτω,
827 4373 983 4441 φησὶ,
1018 4370 1189 4441 μέγας
1218 4372 1246 4423 ὁ
1274 4372 1332 4424 ἐν
1357 4371 1495 4441 αὐτῇ
1530 4373 1778 4439 κοπετὸς,

1859 542 1971 595 t'ma
2042 557 2071 595 a
2125 540 2373 597 Romano
2431 544 2711 609 exercitu,
2767 543 2993 613 ipsaque
3063 542 3437 617 Hierosolyma

1859 632 2143 688 obsidione
2169 633 2367 697 cincta,
2400 633 2557 687 talem
2588 635 2656 688 ab
2694 634 2885 689 incolis
2920 634 3195 704 planctum
3232 637 3438 692 editum

1859 724 1925 779 iri
1959 725 2055 791 ait,
2087 724 2301 795 qualem
2335 726 2521 781 ederet
2544 725 2783 794 agricoia
2817 728 3000 782 excisa
3039 727 3182 782 malo
3216 728 3437 797 punica.

1861 816 1954 871 Est
1999 816 2144 872 enim
2193 818 2293 872 hoc
2336 832 2505 889 genus
2535 818 2747 873 arboris
2785 817 3167 883 bellissimum,
3217 828 3379 888 atque
3407 834 3439 873 a

1862 909 2042 963 radice
2082 910 2133 962 in
2179 911 2422 974 crebros,
2486 918 2683 963 teretes
2734 923 2797 963 ac
2831 910 3044 978 patulos
3078 909 3329 965 diffusum
3361 926 3443 965 ra-

1862 1015 1979 1054 mos
2031 1001 2301 1070 exsurgit,
2329 1001 2462 1067 ipsis
2511 1013 2727 1069 quoque
2764 999 3044 1067 .I‘ructibus
3092 1002 3439 1069 decoratum,

1863 1092 2113 1163 inprimis
2144 1102 2230 1147 est
2268 1091 2608 1147 admirabile.
2652 1092 2977 1147 Gratissima
3011 1094 3157 1148 enim
3206 1110 3293 1149 res
3328 1109 3443 1149 ma-

1864 1184 1972 1237 lum
2027 1184 2303 1253 punicum,
2357 1183 2590 1238 naturali
2635 1184 3037 1253 pulchritudine
3077 1184 3359 1251 eximium,
3410 1200 3441 1239 a

1866 1289 2018 1329 ramo
2068 1275 2399 1345 dependens,
2454 1284 2511 1329 et
2558 1290 2682 1329 cum
2736 1275 2920 1344 granis
2970 1275 3113 1330 intus
3158 1276 3441 1330 rubentem

1864 1369 2069 1423 habens
2108 1368 2389 1422 corticem.
2416 1366 2808 1423 Gravissimum
2857 1375 3037 1423 autem
3089 1376 3145 1422 et
3174 1367 3445 1423 molestis-

1865 1460 2085 1523 simum,
2116 1468 2173 1512 ut
2205 1458 2472 1523 dicebam,
2508 1457 2670 1512 simul
2712 1472 2835 1512 cum
2884 1456 3150 1511 fructibus
3194 1455 3442 1509 arborem

1865 1540 2158 1618 amputari.
2228 1548 2503 1617 Ejusmodi
2566 1548 2819 1616 quiddam
2880 1546 3083 1600 ludatis
3154 1545 3448 1614 contigisse

1866 1641 2055 1695 videre
2098 1640 2244 1693 licet.
2295 1638 2433 1693 Nam
2466 1639 2608 1707 quod
2654 1640 2721 1693 ad
2763 1640 2995 1693 honores
3024 1646 3247 1706 propter
3275 1635 3446 1705 legem

1867 1740 2151 1800 perct-ptos
2178 1730 2393 1795 attinet,
2433 1746 2539 1784 non
2574 1729 2845 1784 immerito
2874 1728 3029 1783 malis
3060 1728 3270 1799 punicis
3299 1742 3448 1782 com—

1870 1832 2149 1893 parentur,
2188 1822 2280 1891 qui
2319 1822 2460 1877 inter
2503 1834 2596 1876 eos
2643 1820 2941 1891 principem
2978 1819 3155 1874 locum
3196 1819 3448 1873 obtinue-

1871 1923 2019 1967 runt.
2058 1913 2334 1981 Siquidem
2365 1914 2433 1967 de
2456 1912 2598 1967 tribu
2645 1923 2700 1965 et
2729 1911 2933 1965 latuilia
2962 1910 3099 1965 Juda
3128 1910 3368 1974 oriundi,
3395 1918 3449 1963 et

1872 2020 2037 2075 regno
2074 2005 2348 2075 praepositi
2377 2005 2430 2058 in
2466 2019 2676 2059 summa
2713 2005 2851 2072 apud
2892 2018 2985 2057 eos
3009 2002 3179 2072 gloria
3210 2001 3447 2056 fuerunt.

1872 2097 2121 2152 Tribules
2164 2108 2341 2151 autem
2392 2096 2541 2160 Levi,
2580 2095 2744 2165 785
2774 2094 3063 2149 sacerdotii
3111 2094 3452 2148 ornamentis

1872 2188 2362 2262 congruentissime
2409 2188 2773 2252 cohonestati,
2822 2188 2874 2240 in
2916 2187 3172 2240 claritate
3216 2195 3270 2239 et
3304 2186 3452 2239 cele-

1872 2282 2073 2337 britate
2120 2282 2391 2335 vixerunt.
2424 2279 2563 2347 Quid
2618 2293 2717 2348 ego
2748 2279 2813 2333 de
2842 2266 3143 2348 iudicibus,
3192 2285 3246 2330 et
3275 2276 3449 2346 legunt

1872 2371 2082 2439 peritis,
2110 2378 2164 2423 et
2191 2368 2312 2422 aliis
2340 2367 2637 2422 honoribus
2665 2364 2950 2419 illustratis
2979 2362 3194 2418 dicam?
3216 2364 3286 2416 At
3307 2370 3455 2430 post-

1872 2477 2034 2530 quam
2063 2462 2115 2515 in
2145 2460 2420 2514 Christum
2452 2458 2767 2513 debacchali
2801 2467 2947 2521 sunt,
2976 2456 3226 2511 hostibus
3265 2455 3450 2508 traditi

1874 2561 2044 2617 sunt,
2095 2549 2536 2619 Vespasianoque
2596 2562 2662 2600 ac
2716 2546 2838 2599 Tito
2880 2559 3066 2599 eorum
3119 2544 3453 2613 provinciam

1876 2640 2346 2710 depopulantibus,
2383 2648 2437 2693 et
2482 2637 2908 2707 Hierosolymam
2952 2635 3350 2696 obsidentibus,
3400 2644 3455 2687 ct

1877 2733 2018 2787 fame
2062 2732 2266 2787 incolas
2311 2744 2501 2785 omnes
2529 2736 2813 2791 enecante,
2861 2726 3099 2781 lamento
3148 2735 3202 2781 et
3232 2726 3451 2794 planctu

1875 2825 2053 2880 omnia
2094 2823 2477 2877 redundarunt.
2520 2820 2774 2875 Testatur
2800 2828 2855 2873 et
2884 2817 3175 2888 Iosephus.
3208 2816 3343 2870 Nam
3398 2816 3453 2868 in

1878 2916 2033 2971 libris
2057 2914 2131 2968 De
2153 2915 2285 2967 bello
2305 2912 2536 2966 Iudaico
2562 2911 2758 2965 alicubi
2783 2911 2851 2965 de
2875 2908 3243 2979 Hierosolyma
3268 2907 3453 2962 scribit

1880 3011 1931 3064 in
1963 3012 2077 3064 hazc
2111 3008 2271 3063 verba
2310 3025 2320 3059 :
2355 3007 2503 3063 Urbe
2540 3016 2649 3059 tota
2690 3005 3000 3075 plangores,
3038 3012 3092 3057 et
3115 3003 3369 3072 gemitus,
3404 3008 3459 3055 et

1879 3101 2116 3155 lamenta
2173 3100 2358 3153 dolore
2402 3111 2658 3165 expressa
2707 3096 2812 3149 late
2861 3092 3239 3149 audiebantur.
3282 3091 3350 3145 Et
3398 3100 3459 3144 ut

1879 3209 2000 3249 eam
2052 3192 2313 3246 Libamun
2369 3200 2424 3244 et
2481 3190 2679 3243 saltum
2734 3188 2982 3251 vocavit,
3028 3201 3152 3241 cum
3203 3184 3455 3239 diceret:

1886 3303 1904 3335 ι
1936 3284 2126 3353 Aperi,
2162 3282 2596 3351 Libane,portas
2635 3289 2775 3339 tuas,
2806 3287 2859 3330 et
2900 3277 3040 3345 ignis
3086 3274 3335 3330 comedat
3369 3287 3460 3329 ce-

1880 3376 2009 3429 dros
2049 3384 2189 3427 tuas.
2231 3372 2409 3427 Ululet
2451 3371 2627 3440 pinus,
2668 3369 2792 3436 quia
2837 3367 3033 3421 cecidit
3069 3366 3287 3429 cedrus,
3319 3378 3460 3433 quo-

1882 3468 2023 3520 niam
2071 3474 2349 3533 magnatcs
2378 3462 2725 3515 vehementer
2755 3459 2877 3511 farti
2925 3464 3051 3511 sunt
3078 3456 3284 3510 miseri.
3327 3453 3459 3511 Ulu-

1882 3559 2009 3622 tatc,
2044 3569 2277 3625 quercus
2329 3552 2699 3614 Basanitidis,
2758 3550 3012 3618 quoniam
3081 3547 3320 3600 succisus
3378 3554 3461 3599 cst

1881 3649 2049 3701 saltus
2076 3646 2318 3701 consitus
2340 3647 2360 3675 ¹
2393 3662 2405 3697 :
2448 3662 2466 3694 ι
2506 3643 2585 3696 sic
2632 3655 2778 3694 nunc
2816 3641 2943 3692 item
2978 3637 3174 3691 malum
3208 3635 3459 3704 punieam

1882 3740 2119 3793 excisam
2172 3736 2423 3805 appellat.
2467 3733 2644 3787 Testis
2690 3730 2898 3783 accedit
2950 3737 3006 3781 et
3057 3727 3271 3780 divinus
3322 3724 3460 3778 Mat-

1884 3830 2081 3890 thzeus,
2145 3827 2235 3879 ubi
2298 3823 2495 3893 populo
2534 3821 2847 3875 Jndmorum
2896 3817 2968 3870 ita
3025 3815 3456 3884 prmnuntiatur:

1891 3919 2059 3974 «1am
2118 3916 2325 3971 securis
2380 3914 2445 3967 ad
2508 3912 2744 3967 radicem
2812 3908 3065 3962 arborum
3128 3906 3298 3976 posita
3355 3917 3457 3960 est.

1884 4011 2075 4069 Omnis
2134 4009 2296 4078 igitur
2350 4006 2513 4059 arbor
2557 4017 2665 4057 non
2724 4001 2904 4055 ferens
2954 3998 3185 4053 fructum
3235 3997 3457 4061 bonum,

1885 4099 2246 4164 cxseinditur,
2285 4107 2339 4150 et
2372 4096 2424 4148 in
2458 4094 2634 4162 ignem
2677 4089 2931 4154 mittitur,
2964 4096 3018 4141 et
3057 4086 3273 4140 ardet’.
3312 4104 3329 4135 ι
3374 4085 3461 4138 ln-

1883 4194 2003 4263 quit
2032 4206 2185 4259 ergo,
2216 4196 2397 4243 tantus
2444 4184 2670 4239 exsistet
2721 4182 2775 4235 in
2839 4194 2902 4233 ea
2952 4178 3219 4248 planctus,
3288 4191 3461 4245 quan—

1888 4295 1974 4339 tus
2037 4287 2387 4337 exaresceute
2452 4276 2570 4345 eius
2639 4273 2813 4327 fructu
2862 4270 3178 4339 improviso,
3228 4278 3281 4321 et
3346 4268 3459 4334 ipsa

1886 4376 2087 4431 excisa.
2121 4392 2140 4424 ι
2170 4372 2394 4439 Planget
2438 4377 2618 4421 autem
2651 4376 2793 4419 terra
2828 4376 2924 4430 per
2966 4360 3137 4414 tribus
3164 4369 3217 4413 et
3259 4358 3457 4420 tribus,

205 4457 310 4525 οἷος
347 4463 410 4516 ἂν
442 4463 656 4532 γένοιτο
701 4460 927 4531 ροῶνος,
975 4458 1326 4528 ὲκτεθηλότος
1359 4458 1508 4528 αὐτῷ
1543 4458 1784 4529 δηλονότι

1895 4477 1949 4521 et
1991 4465 2243 4520 mulieres
2281 4474 2467 4515 eorum
2511 4471 2775 4511 seorsum.
2813 4473 2831 4504 ι
2883 4450 2999 4506 Non
3050 4459 3297 4519 putamus
3329 4462 3462 4503 sane

204 4553 297 4606 τοῦ
327 4553 557 4625 καρποῦ,
588 4552 682 4605 καὶ
709 4552 987 4622 ἀδοκήτως
1026 4548 1454 4619 ἐκκοπτομένου.
1492 4567 1510 4600 ι
1541 4549 1783 4620 mem;

206 4646 264 4698 δὲ
291 4648 321 4716 ή
351 4647 421 4717 γῆ
459 4646 604 4700 κατά
638 4644 808 4713 φυλὰς
840 4643 1033 4712 φυλὰς.
1081 4643 1176 4695 καί
1217 4642 1274 4695 αἱ
1319 4644 1572 4710 γυναῖκες
1605 4643 1783 4696 αὐτῶν

208 4737 325 4789 καθ’
358 4737 575 4801 ἑαυτάς.
606 4755 623 4787 ι
660 4736 772 4790 Καὶ
796 4734 919 4788 οὔτε
949 4732 1051 4787 πού
1088 4749 1265 4803 φαμεν
1293 4733 1467 4786 ἐκεῖνο
1500 4733 1783 4803 βούλεσθαι

207 4828 391 4897 δηλοῦν
427 4829 519 4883 τὸν
553 4827 822 4898 μακάριον
853 4826 1158 4897 προφήτην,
1183 4824 1258 4887 ὡς
1286 4825 1505 4893 ὲστήκοι
1552 4826 1649 4894 μὲν
1682 4826 1784 4878 ἀνὰ

210 4921 367 4990 μέρος
395 4923 456 4974 τὸ
484 4921 651 4992 ἄρσεν
679 4922 736 4972 ὲν
768 4920 974 4989 ἑκάστῃ
1009 4917 1173 4987 φυλῇ,
1198 4916 1300 4970 ἀνὰ
1338 4917 1502 4988 μέρος
1530 4918 1587 4971 δὲ
1626 4916 1693 4971 αὖ
1726 4920 1784 4973 τὸ

213 5012 360 5081 θῆλυ,
405 5016 499 5067 καὶ
556 5014 875 5083 ποιήσονται
925 5010 1017 5063 τὸν
1052 5010 1313 5064 κοπετόν’
1350 5010 1604 5079 περιττὸν
1649 5012 1783 5081 γὰρ,

210 5104 288 5166 ὡς
330 5104 497 5169 ἔοικε,
538 5104 599 5157 τὸ
655 5104 880 5173 χρῆμα,
938 5102 1033 5155 καὶ
1088 5099 1475 5153 είκαιόϐουλον.
1531 5100 1782 5153 Διδάσκει

204 5197 267 5248 δὲ
318 5198 503 5264 μᾶλλον
538 5196 613 5259 ὼς
644 5197 851 5263 ἑκάστη
883 5194 1022 5262 φυλὴ
1070 5192 1213 5246 κατὰ
1262 5192 1369 5244 τῶν
1415 5193 1472 5244 ἐν
1505 5192 1641 5262 αὐτῇ
1691 5210 1788 5260 γυ-

206 5290 406 5343 ναικῶν
451 5291 589 5343 ἰδίαν
634 5289 748 5354 ἕξει
795 5288 915 5340 τινὰ
964 5286 1062 5341 τοῦ
1114 5286 1313 5356 θρήνου
1360 5286 1458 5357 τὴν
1507 5288 1784 5358 ἀφορμήν.

210 5381 393 5453 Ταύτῃ
413 5401 493 5436 τοι
522 5383 690 5453 φησὶν
718 5382 799 5435 ὅτι
819 5400 836 5431 ι
860 5380 1002 5450 Φυλή
1036 5380 1183 5432 οἷκου
1219 5379 1381 5432 Δαϐὶδ
1415 5380 1535 5432 καθ’
1571 5381 1786 5448 ἑαυτὴν,

206 5474 309 5526 καὶ
339 5476 392 5526 αἱ
426 5478 680 5544 γυναῖκες
724 5473 901 5526 αὐτῶν
932 5471 1054 5526 καθ’
1096 5470 1311 5532 ἑαυτάς.
1345 5489 1363 5522 ι
1400 5472 1509 5525 Καὶ
1555 5472 1617 5542 δὴ
1657 5472 1789 5542 φέρε

205 5563 467 5635 λέγωμεν,
494 5566 568 5631 ὠς
596 5566 698 5630 ἔνι,
730 5564 822 5619 τὸν
853 5563 1087 5633 ἑκάστης
1136 5562 1316 5616 πόνον.
1345 5563 1408 5615 Ui
1441 5562 1540 5633 μὲν
1584 5562 1692 5633 γὰρ
1726 5564 1790 5615 ἐκ

282 5742 307 5773 ⁸
329 5742 543 5799 Zachar.
578 5759 653 5811 ιι,
697 5742 824 5808 1,2.
903 5742 921 5773 ³
943 5739 1134 5799 Matth.
1177 5753 1260 5805 In,
1293 5738 1380 5792 10.

1889 4559 2104 4613 beatum
2158 4555 2473 4625 prophetam
2522 4549 2653 4603 illud
2697 4546 2874 4610 velle,
2923 4545 2977 4598 iu
3031 4542 3269 4613 qualibet
3320 4540 3458 4594 tribu

1889 4663 2138 4704 seorsum
2187 4659 2365 4699 mares
2423 4657 2452 4695 a
2512 4639 2726 4695 feminis
2770 4645 3039 4702 staturos,
3084 4643 3139 4688 et
3184 4634 3461 4702 planctum

1891 4741 2147 4801 daturos;
2176 4741 2277 4790 hoc
2308 4735 2456 4789 enim
2491 4744 2952 4800 supervacaneum
2988 4740 3042 4782 et
3088 4724 3463 4780 inconsidera-

1894 4844 2004 4887 tum
2034 4830 2210 4884 l‘uret.
2246 4828 2377 4881 Illud
2426 4826 2605 4893 potius
2643 4824 2822 4888 docet,
2875 4831 3311 4888 unamquamque
3363 4814 3461 4868 tri-

1892 4924 2018 4978 bum
2058 4935 2178 4974 cmn
2226 4917 2444 4971 fetutinis
2472 4914 2586 4969 suis
2611 4912 2938 4982 peculiarem
2965 4905 3294 4963 lamentandi
3329 4917 3463 4958 cau-

1890 5029 2004 5067 sam
2059 5010 2387 5064 habituram.
2446 5004 2652 5060 Idcirco
2707 5005 2880 5073 inquit
2932 5019 2945 5054 :
3002 4998 3245 5052 «Tribus
3300 4994 3465 5048 David

1834 5146 1841 5151 .
1890 5119 2157 5167 seorsum,
2195 5113 2243 5154 et
2287 5100 2540 5154 mulieres
2588 5113 2778 5151 eorum
2826 5106 3093 5149 seorsum.
3123 5108 3140 5140 ι
3174 5087 3294 5141 Jam
3335 5099 3466 5140 vero

1884 5204 2146 5265 quantum
2196 5206 2484 5262 possumus
2514 5188 2803 5256 cujushhet
2833 5183 3178 5239 alﬂictioncm
3207 5176 3463 5245 explane-

1888 5300 2025 5339 mns.
2076 5283 2329 5337 Tribules
2375 5283 2520 5335 enim
2563 5293 2593 5331 e
2651 5279 2792 5331 tribu
2837 5272 3026 5335 David,
3074 5270 3187 5323 sive
3232 5266 3393 5328 Jnda,
3436 5280 3468 5319 e

1889 5392 2054 5445 regno
2085 5376 2276 5437 excisi,
2311 5374 2636 5441 impotenter
2661 5367 2884 5434 ejulanl,
2915 5372 2972 5417 ut
3010 5370 3158 5415 tanto
3180 5357 3468 5429 splendore

1888 5466 2122 5536 spoliati.
2151 5464 2351 5518 Levitte
2379 5476 2529 5525 vero,
2552 5457 2845 5513 sacerdotii
2880 5457 3085 5510 honore
3106 5450 3336 5520 depulsi,
3360 5462 3467 5502 una

1891 5573 2014 5614 cum
2057 5554 2377 5611 mulieribus
2404 5549 2646 5623 planctui
2679 5564 2738 5605 se
2777 5549 3001 5603 dabunt.
3036 5544 3111 5599 De
3143 5541 3344 5597 lautitia
3371 5551 3467 5592 au-
