3934 6318
457 317 563 373 227

1448 305 1507 358 S.
1553 303 1829 360 CYlliLLi
1868 300 2346 357 ALEXANDR‘INI
2385 298 2708 356 ARCHIEP.

3628 291 3748 348 ’228

462 447 570 487 tem
604 428 821 483 Nathan
854 427 964 493 (hic
991 434 1105 479 erat
1136 423 1423 493 propheta,
1462 434 1571 476 nec
1600 424 1821 476 omnino
1851 422 2039 489 verax)

2151 420 2320 490 φυλῆς
2361 418 2544 485 Δαϐὶδ,
2572 418 2690 487 ἦτοι
2734 414 2828 469 τοῦ
2869 412 3067 474 Ἰούδα,
3115 409 3211 478 τῆς
3245 409 3530 479 βασιλείας
3584 411 3748 463 ἐκκο-

462 522 716 577 similiter
753 520 1008 588 plangent
1041 534 1053 567 :
1090 531 1197 567 non
1234 514 1377 569 enim
1432 514 1616 567 licebit
1662 514 1767 567 illis
1813 512 2045 583 amplius

392 677 397 686 ,
463 611 750 668 vaticinari
784 611 990 677 iniqua,
1015 616 1071 662 et
1100 606 1242 676 loqui
1271 606 1340 660 de
1366 607 1530 660 corde
1559 620 1657 661 suo
1680 605 1723 671 ⁸,
1754 615 1808 659 et
1840 618 2046 661 sermo-

394 723 399 757 1
464 719 563 758 nes
621 716 750 757 suos
814 714 913 769 pro
980 699 1178 753 divinis
1237 697 1519 752 venditare
1573 696 2042 766 imprudentibus,

394 791 401 829 έ
464 796 696 861 indeque
724 802 884 862 turpe
927 792 1137 845 lucrum
1171 788 1451 857 colligere.
1480 786 1659 843 liabet
1686 803 1848 856 porro
1880 787 2049 847 tradis

460 886 560 951 tio,
593 884 814 939 Judaeos
840 883 1053 953 judices
1085 896 1180 951 per
1203 888 1450 950 tempora
1481 895 1577 934 sua
1602 880 1950 944 constitutos,
1978 878 2047 932 de

463 977 604 1029 tribu
638 974 920 1045 Symconis
966 972 1191 1042 legisse,
1228 970 1394 1041 786
1434 978 1617 1039 utpote
1666 984 1786 1039 qua:
1828 967 2048 1023 ﬂoreret

460 1068 596 1122 viris
626 1064 1092 1137 prudentissimis,
1143 1072 1199 1117 et
1245 1063 1424 1132 legum
1465 1060 1864 1127 scientissimis,
1904 1068 1959 1114 et
1993 1059 2044 1113 in

460 1161 573 1213 vita
607 1158 673 1212 ad
716 1158 861 1227 leges
893 1156 1302 1211 accommodata
1338 1153 1552 1208 caneris
1587 1152 1753 1206 multo
1780 1160 2047 1221 praestan-

462 1249 716 1304 tioribus.
767 1248 1235 1303 Lamentabnntur
1286 1254 1472 1300 autem
1524 1243 1579 1297 hi
1609 1258 1842 1314 quoque.
1894 1241 2047 1297 Hanc

459 1343 532 1397 ob
593 1355 813 1397 causam
866 1339 1021 1403 dicit,
1082 1339 1283 1393 tribum
1328 1338 1560 1410 Symeon
1622 1337 2044 1390 lamentaturam

462 1445 729 1486 seorsum.
766 1429 887 1483 Non
933 1429 1079 1483 enim
1118 1429 1333 1482 sincere
1357 1426 1546 1495 judicii
1595 1439 1788 1479 munus
1820 1437 2048 1479 οισι-σου

464 1524 614 1587 baut,
657 1535 832 1589 neque
868 1520 1070 1574 divinis
1104 1518 1314 1588 legibus
1352 1518 1739 1584 obsequentes,
1768 1530 1887 1584 qtnn
1936 1514 2047 1569 Deo

460 1612 757 1679 placerent,
807 1618 1067 1679 praestare
1105 1609 1472 1671 conabantur,
1511 1607 1606 1661 sed
1652 1607 1823 1660 lucris
1869 1605 2047 1675 potius

461 1702 765 1764 inhiabant,
792 1702 1070 1756 levissimo
1104 1702 1279 1770 pretio
1308 1699 1470 1753 ﬁdem
1508 1712 1661 1753 suam
1685 1698 2044 1761 addicentes,

2147 512 2363 573 πέντες,
2405 507 2838 576 κατοιμὼζουσιν
2867 504 3133 574 ἀσχέτως,
3164 503 3239 565 ὡς
3271 504 3370 572 τῆς
3404 500 3553 554 οὕτω
3588 518 3749 571 περι-

2147 601 2350 671 φανοῦς
2378 599 2626 662 εὐκλείας
2665 596 3148 668 ἀποστερούμενοι.
3190 595 3256 646 υἴ
3290 610 3354 662 γε
3394 593 3503 664 μὴν
3542 594 3608 645 ὲκ
3647 594 3750 663 τῆς

2145 692 2242 747 τοῦ
2272 692 2427 759 Λευὶ,
2446 690 2555 744 τῶν
2584 694 2648 744 ὲκ
2681 691 2779 760 τῆς
2811 689 3111 760 ἱερωσύνης
3140 685 3507 755 ἐξωθούμενοι
3541 683 3747 755 γερῶν,

2145 783 2284 855 ὁμοῦ
2315 782 2530 852 γυναιξὶ
2558 781 2873 850 ποιήσονται
2912 780 3002 833 τὸν
3028 777 3261 849 κομμόν.
3292 779 3354 830 Οί
3384 776 3441 829 δὲ
3477 778 3543 829 ὲκ
3573 775 3752 847 φυλῆς

2145 876 2241 929 τοῦ
2277 876 2487 939 Νάθαν,
2528 876 2816 946 προφήτης
2840 872 2899 925 δὲ
2926 865 3081 934 οὗτος
3107 866 3195 940 ἦν,
3239 869 3334 923 καὶ
3375 869 3499 938 οὐχὶ
3526 867 3753 929 πάντως

2146 963 2372 1035 ἀληθὴς,
2406 962 2662 1033 κόψονται
2704 961 2892 1015 πάλινο
2924 961 2984 1013 οὐ
3017 958 3127 1030 γὰρ
3164 953 3233 1029 ἦν
3264 958 3451 1020 αὐτοῖς
3492 956 3582 1009 ἔτι
3611 971 3753 1025 προ-

2148 1056 2403 1126 φητεύειν
2426 1053 2605 1119 ἄδικα,
2633 1052 2728 1106 καὶ
2764 1052 2945 1105 λαλεῖν
2980 1050 3051 1104 τὰ
3082 1048 3191 1102 ἀπὸ
3222 1048 3473 1119 καρδίας,
3506 1046 3607 1100 καὶ
3635 1048 3754 1111 τοῖς

2147 1149 2428 1210 ἀσυνέτοις
2463 1145 2803 1200 καταπωλεῖν
2827 1145 2904 1208 ὡς
2939 1142 3090 1215 παρὰ
3115 1141 3252 1195 Θεοῦ
3291 1142 3419 1203 τοὺς
3456 1140 3628 1202 ἰδίους
3666 1139 3758 1192 λό-

2148 1250 2313 1308 γους,
2356 1239 2449 1292 καὶ
2490 1237 2590 1301 τὰς
2640 1236 2891 1291 ἐντεῦθεν
2944 1233 3225 1303 συλλέγειν
3273 1231 3751 1302 αἰσχροκερδείας.

2151 1332 2307 1404 Ἐχει
2333 1331 2389 1384 δὲ
2418 1333 2451 1402 ἡ
2480 1329 2797 1401 παράδοσις,
2829 1329 2911 1381 ὅτι
2947 1328 3073 1391 τοὺς
3107 1325 3302 1397 κριτὰς
3338 1323 3593 1378 Ἰουδαῖοι
3623 1322 3755 1385 τοὺς

2146 1422 2580 1492 καθισταμένους
2614 1420 2754 1474 κατὰ
2780 1419 3004 1491 καιροὺς
3025 1420 3089 1471 ὲκ
3112 1419 3213 1487 τῆς
3244 1416 3475 1486 Συμεὼν
3505 1415 3758 1484 ἐδέχοντο

2148 1515 2343 1584 φυλῆς,
2371 1514 2466 1568 am
2492 1514 2558 1581 δὴ
2598 1511 2998 1573 συνετωτάτους
3054 1510 3152 1563 καὶ
3182 1508 3516 1579 νομομαθεῖς
3550 1507 3758 1577 ἄνδρας

2146 1606 2403 1677 ἐχούσης,
2433 1606 2528 1659 καὶ
2556 1604 2693 1657 πολὺ
2726 1603 2835 1657 τῶν
2855 1602 3032 1657 ἄλλων
3071 1599 3550 1672 προφερεστέρους
3576 1596 3660 1660 εἷς
3693 1611 3757 1663 γε

2146 1699 2209 1752 τὸ
2237 1697 2337 1768 ζῇν
2384 1694 2600 1750 ἑλέσθαι
2636 1695 2896 1765 ἐννόμως.
2938 1693 3036 1748 Διὰ
3074 1692 3234 1746 τοῦτό
3271 1703 3441 1761 φησιν
3486 1690 3574 1743 ὅτι
3608 1687 3754 1758 Φυλὴ

455 1803 513 1847 et
574 1802 637 1846 ut
688 1792 767 1845 ait
815 1793 1079 1861 propheta
1117 1808 1131 1845 :
1178 1809 1201 1842 ί
1229 1790 1451 1871 Iudices
1504 1803 1694 1843 eorum
1751 1788 1897 1842 sicut
1939 1786 2044 1857 lupi

2153 1789 2379 1861 Συμεὼν
2420 1784 2652 1857 διόψεται
2680 1785 2801 1842 καθ’
2833 1786 3060 1855 ἑαυτήν.
3090 1784 3250 1847 Ἴδιος
3277 1783 3336 1837 δέ
3373 1794 3462 1846 τις
3495 1782 3597 1835 καὶ
3634 1782 3758 1834 τού-

456 1883 681 1937 Arabite
727 1883 771 1935 ³.
803 1900 822 1933 ι
865 1881 1175 1937 Lamentari
1213 1891 1394 1936 autem
1436 1894 1543 1934 una
1573 1879 1739 1933 etiam
1771 1878 1905 1933 alias
1950 1877 2043 1931 toi-

2153 1895 2269 1942 τοις
2293 1878 2322 1931 ὁ
2345 1877 2568 1949 θρῆνος.
2596 1876 2671 1929 Ού
2709 1875 2818 1946 γὰρ
2847 1875 3059 1946 ἔκρινον
3099 1871 3297 1943 ὀρθῶς,
3324 1870 3454 1924 οὔτε
3495 1869 3610 1940 μὴν
3647 1872 3757 1933 τοῖς

458 1973 567 2027 bus
592 1972 899 2040 oportebat,
929 1970 1423 2041 ut-jucundissimis
1450 1970 1557 2025 sibi
1595 1969 1791 2023 ritibus
1832 1977 1887 2023 et
1916 1967 2044 2022 locis

2151 1967 2319 2030 θείοις
2359 1965 2599 2030 εἴκοντες
2628 1965 2834 2036 νόμοις,
2866 1964 2929 2018 τὸ
2956 1963 3036 2034 τῷ
3054 1960 3182 2033 Θεῷ
3200 1962 3403 2017 δοκοῦν
3444 1959 3757 2031 ἀποπεραί-

459 2060 690 2129 ejectas,
731 2061 840 2115 imo
875 2069 930 2115 et
954 2061 1072 2130 ipsa
1115 2069 1292 2115 morte
1331 2071 1520 2115 earum
1558 2060 1826 2129 capitibus
1868 2057 2049 2114 immi-

2148 2077 2261 2114 νειν
2309 2059 2663 2123 ἐσπούδαζον,
2709 2053 2849 2129 ἦσαν
2897 2056 2956 2110 δὲ
3007 2055 3207 2126 μᾶλλον
3241 2052 3623 2124 φιλοκερδεῖς,
3662 2052 3758 2105 καὶ

461 2160 650 2217 nente,
696 2152 923 2222 ipsaque
953 2150 1102 2207 fame
1141 2151 1316 2207 instar
1357 2150 1572 2207 hostilis
1613 2149 1781 2220 gladii
1815 2163 1910 2205 eas
1953 2148 2044 2204 ab-

2151 2152 2501 2215 εὐωνότατοι,
2546 2150 2642 2204 καὶ
2767 2162 2933 2220 φησιν
2968 2149 2999 2202 ό
3045 2146 3372 2218 προφήτης,
3410 2164 3428 2196 ι
3458 2145 3525 2197 Οἱ
3569 2143 3759 2214 κριταὶ

459 2251 725 2298 sumente.

2145 2244 2316 2314 αὐτῆς
2343 2242 2418 2307 ὡς
2444 2242 2597 2296 λύκοι
2630 2242 2729 2313 τῆς
2752 2240 3069 2313 Ἀραϐίας.»
3096 2237 3501 2309 Συνοδύρεσθαι
3531 2236 3593 2289 δὲ
3623 2234 3759 2288 ταύ-

456 2350 578 2396 ταις
618 2337 913 2405 ἀναγκαϊόν
947 2354 1063 2401 πως
1099 2333 1170 2408 ἦν
1241 2335 1338 2390 καὶ
1407 2333 1509 2398 τὰς
1549 2334 1741 2406 ἑτέρας
1778 2335 1979 2403 φυλὰς,
2017 2334 2113 2389 ἅτε
2151 2335 2215 2406 δὴ
2257 2336 2363 2389 τῶν
2400 2336 2632 2406 ἡδίστων
2669 2336 2860 2397 αὐταῖς
2898 2333 3035 2388 ὲθῶν
3071 2350 3131 2386 τε
3176 2332 3274 2385 καὶ
3315 2329 3505 2383 τόπων
3542 2329 3759 2396 ἐκπεμ-

458 2428 724 2496 πομένας,
762 2431 964 2500 μᾶλλον
992 2431 1049 2483 δὲ
1080 2430 1174 2483 καὶ
1205 2427 1370 2482 αὑτοῦ
1402 2428 1633 2482 θανάτου
1663 2428 2047 2499 ἐπηρτημένου
2085 2432 2205 2494 ταῖς
2272 2431 2423 2500 σφῶν
2460 2430 2724 2500 κεφαλαῖς
2757 2427 3071 2498 ,φθάνοντος
3100 2428 3161 2482 δὲ
3223 2426 3418 2495 ὥσπερ
3448 2423 3561 2478 τῶν
3592 2421 3758 2475 πολε-

461 2523 600 2587 μίων
628 2520 690 2573 τὸ
718 2520 868 2590 ξίφος
902 2522 1000 2575 καὶ
1024 2517 1191 2574 αὑτοῦ
1223 2518 1318 2572 τοῦ
1352 2519 1537 2589 λιμοῦ.

1081 2651 1238 2707 CAP.
1280 2651 1421 2708 Xlll.

533 2788 693 2841 Vens.
752 2788 804 2839 l.
849 2783 914 2838 In
949 2785 1031 2838 die
1063 2782 1162 2837 illa
1205 2784 1303 2837 erit
1334 2784 1502 2837 omnis
1544 2783 1693 2837 locus
1739 2792 1949 2851 apertus
1987 2784 2044 2838 in

457 2880 616 2933 domo
665 2877 857 2941 David,
886 2884 935 2930 et
975 2872 1338 2928 habitantibus
1367 2873 1689 2939 Jerusalem,
1717 2885 1766 2930 et
1791 2876 1846 2928 in
1870 2886 2044 2929 trans-

459 2971 811 3024 mutationem
860 2979 909 3023 et
937 2969 1337 3035 aspersionem.-

454 3174 461 3177 -
531 3146 717 3202 XCVI.
755 3146 896 3215 .Post
941 3148 1044 3201 hoc
1095 3145 1385 3202 adventum
1439 3146 1639 3203 Christi
1694 3148 2044 3217 diligentibus

459 3250 730 3295 eventura
766 3240 1063 3307 percurrit.
1093 3239 1195 3306 Qui
1226 3239 1375 3295 enim
1422 3239 1476 3293 in
1522 3254 1619 3294 sua
1666 3240 2046 3296 incredulitate

464 3332 790 3387 insolentius
837 3347 896 3387 se
940 3340 1252 3403 gesserunt,
1290 3331 1712 3397 obsidebuntur,
1747 3332 1945 3400 inquit,
1993 3342 2048 3388 et

463 3424 518 3477 in
551 3422 787 3477 miseriis
817 3423 931 3478 suis
969 3422 1271 3492 cjulabunt.
1310 3423 1408 3478 Ast
1444 3422 1500 3477 in
1543 3437 1627 3487 ea,
1657 3437 1818 3492 quam
1866 3432 2047 3477 mente

462 3523 797 3585 spectamus,
860 3524 915 3571 et
964 3530 1094 3570 vere
1155 3523 1342 3569 sancta
1390 3512 1766 3584 Hierosolyma
1790 3513 1835 3579 °,
1886 3524 1941 3569 et
1987 3513 2043 3568 in

462 3606 626 3657 domo
662 3603 852 3668 David,
889 3603 991 3659 hoc
1016 3612 1119 3669 est,
1157 3603 1416 3671 Ecclesia,
1461 3604 1554 3658 ubi
1587 3618 1651 3658 ex
1689 3603 1900 3658 semine
1945 3604 2045 3658 Da-

461 3695 552 3749 vid
585 3694 883 3749 secundum
909 3709 1130 3750 carnem
1158 3694 1407 3750 Christus
1437 3696 1774 3765 apparuerit,
1807 3712 1825 3746 ι
1856 3694 2044 3750 Omnis

460 3786 613 3840 locus
664 3786 890 3855 patebit,
922 3804 945 3838 ο
998 3785 1103 3841 hoc
1138 3793 1247 3853 est,
1304 3786 1472 3840 multa
1520 3788 1627 3840 erit
1681 3786 1934 3850 latitudo,
1988 3795 2044 3839 et

460 3876 617 3946 quasi
643 3876 927 3930 remissum
950 3885 1006 3936 et
1035 3877 1241 3944 laxum,
1272 3877 1788 3948 oplatissimumque
1819 3885 1874 3931 et
1894 3876 2039 3931 omni

460 3966 709 4021 molestia
752 3966 1143 4023 solutissimum
1180 3969 1391 4022 vivendi
1436 3982 1625 4038 genus.
1678 3966 1832 4021 Scias
1882 3980 2041 4035 porro

459 4058 646 4124 velim,
698 4060 751 4113 in
789 4060 1012 4115 Hebraea
1056 4062 1294 4116 editione
1333 4062 1659 4116 sententiam
1703 4062 1845 4114 hanc
1888 4060 2042 4114 aliter

459 4159 699 4203 exstare.
732 4148 863 4203 Nam
891 4165 1009 4220 pro,
1045 4168 1064 4202 ι
1096 4151 1213 4204 Erit
1234 4151 1412 4205 omnis
1440 4150 1591 4204 locus
1618 4160 1859 4218 apertus,
1894 4167 1912 4199 ι
1943 4151 2037 4216 ait,

2765 2650 3017 2703 ΚΕΦΛΛ.
3048 2646 3152 2704 ην.

2230 2784 2329 2837 Ἐν
2356 2782 2429 2852 τῇ
2468 2782 2659 2852 ἡμέρᾳ
2693 2783 2895 2851 ἐκείνῃ
2936 2781 3110 2837 ἔσται
3141 2782 3261 2847 πᾶς
3297 2784 3491 2847 τόπος
3524 2782 3754 2837 διανοι-

2150 2873 2402 2942 γόμενυς
2441 2874 2515 2926 ἐν
2538 2872 2622 2938 τῷ
2650 2871 2796 2939 οικφ
2819 2872 3018 2937 Δαϐὶδ,
3048 2873 3147 2928 καί
3192 2872 3320 2938 τοῖς
3350 2873 3759 2927 κατοικοῦσιν

2161 2963 2571 3033 Ἰερουσαλὴμ,
2612 2965 2711 3019 καί
2747 2967 2840 3029 είς
2885 2963 3001 3033 τὴν
3049 2966 3474 3034 μετακίνησιν,
3518 2966 3626 3018 καὶ
3669 2968 3758 3029 εις

2071 3032 2112 3089 C
2145 3032 2254 3109 zei-
2270 3032 2629 3125 ῥαντισμόν.

2221 3151 2352 3214 ιτςι.
2406 3145 2717 3218 Ἐπιτρέχει
2751 3146 2829 3218 τῷ
2879 3147 3022 3218 λόγῳ
3052 3148 3121 3200 τὰ
3172 3148 3313 3217 μετὰ
3362 3146 3528 3201 τοῦτο
3586 3148 3759 3201 πάλιν

2147 3239 2385 3308 ἐσόμενα
2425 3241 2537 3301 τοῖς
2583 3238 2897 3308 ἠγαπηκόσι
2942 3240 3041 3310 τὴν
3087 3241 3415 3309 ἐπιφάνειαν
3458 3240 3559 3292 τοῦ
3613 3243 3758 3310 Χρι-

2149 3327 2298 3383 στοῦ.
2339 3329 2404 3381 0i
2446 3329 2544 3399 μὲν
2577 3328 2686 3397 γὰρ
2729 3331 2852 3393 ταῖς
2904 3330 3215 3394 ἀπειθείαις
3261 3331 3652 3401 ὲξυϐρικότες,
3702 3334 3757 3385 ὲν

2146 3420 2484 3491 πολιορκίαις
2514 3420 2749 3489 ἔσονται,
2785 3424 2937 3492 φησὶ,
2971 3424 3066 3475 καὶ
3097 3424 3190 3476 ἐπί
3228 3440 3290 3492 γε
3320 3426 3437 3487 τοῖς
3470 3425 3634 3494 σφῶν
3661 3428 3761 3479 αῦ-

2144 3514 2254 3567 τῶν
2286 3512 2685 3584 κατοιμώξουσι
2727 3514 2939 3579 κακοῖς.
2999 3517 3086 3569 Ἑν
3128 3516 3186 3568 δέ
3229 3530 3292 3585 γε
3327 3519 3392 3588 τῇ
3427 3521 3606 3589 νοητῇ
3663 3520 3761 3572 καὶ

2146 3607 2279 3677 ἁγίᾳ
2311 3606 2453 3660 κατὰ
2489 3607 2551 3659 τὸ
2596 3607 2798 3677 ἀληθὲς
2834 3608 3224 3680 Ἰερουσαλὴμ,
3262 3610 3357 3662 καὶ
3393 3612 3451 3663 ὲν
3493 3611 3578 3681 τῷ
3617 3612 3761 3682 οἴκῳ

2145 3697 2344 3761 Δαϐὶδ,
2392 3697 2640 3750 τουτέστι
2694 3698 2761 3768 τῇ
2817 3697 3134 3770 Ἐκκλησία,
3175 3699 3270 3752 τοῦ
3322 3701 3644 3768 πεφηνότος
3697 3704 3763 3755 ὲκ

2146 3788 2457 3858 σπέρματος
2483 3788 2648 3841 Δαϐὶδ
2680 3788 2823 3842 κατὰ
2855 3788 3034 3860 σάρκα
3068 3791 3330 3860 Χριστοῦ,
3369 3810 3387 3842 ι
3425 3792 3546 3856 Πᾶς
3572 3794 3758 3854 τόπος

2142 3878 2296 3933 ἔσται
2354 3879 2839 3950 διανοιγόμενος,›
2890 3882 3162 3946 τουτέστι,
3214 3883 3387 3953 πολλή
3437 3902 3526 3947 τις
3584 3887 3761 3958 εὐρυ-

2142 3971 2339 4039 χωρία,
2371 3972 2468 4023 καὶ
2494 3969 2605 4025 οἷον
2636 3972 2892 4044 ἀνειμένη
2921 3972 3100 4028 δίαιτα
3126 3974 3456 4045 τριπόθητος
3482 3977 3585 4030 καὶ
3618 3981 3762 4032 ἁπο-

2142 4062 2377 4131 νωτάτη.
2416 4062 2613 4116 ’ἰστέον
2644 4064 2702 4117 δὲ
2740 4064 2824 4117 ὅτι
2852 4065 2913 4118 τὸ
2948 4066 3112 4137 ῥητὸν
3144 4067 3390 4137 Ἑϐραῖοι
3421 4068 3600 4125 πάλιν
3636 4071 3760 4126 ἑτέ-

2145 4169 2253 4221 ρως
2277 4153 2657 4211 ὲκδεδώκασιν.
2694 4158 2841 4211 ’Δντὶ
2870 4158 2977 4230 γὰρ
3002 4156 3121 4225 τοῦ,
3156 4178 3175 4211 ι
3209 4161 3402 4214 Ἔσται
3437 4164 3549 4226 πᾶς
3576 4164 3758 4226 τόπος

457 4241 580 4296 fore
619 4250 677 4295 ut
714 4244 895 4298 omnis
946 4242 1070 4309 [ous
1106 4244 1388 4299 scaturiat.
1424 4241 1490 4296 Et
1520 4240 1801 4309 probabile
1827 4251 1912 4295 est
1947 4242 2039 4295 ad-

2151 4244 2566 4316 Βιανοιγόμενος,
2597 4266 2616 4299 ι
2654 4250 2837 4302 πᾶσαν
2881 4248 3100 4304 ἔσεσθαι
3130 4250 3313 4322 πηγὴν
3353 4252 3759 4324 ἀναϐρύουσαν

460 4332 715 4397 modum,
762 4332 925 4389 etiam
958 4334 1099 4390 LXX
1129 4334 1631 4404 interpretationem
1679 4333 1869 4388 eodem
1923 4343 2039 4390 ten-

2151 4336 2348 4408 ἔφησαν
2374 4337 2545 4392 αὐτοί.
2578 4338 2687 4392 Καὶ
2725 4339 2874 4404 εἰκός
2913 4358 2978 4409 γε
3023 4343 3247 4415 σφόδρα,
3290 4344 3516 4414 καὶτῆς
3560 4348 3757 4419 ἑρμη-

458 4424 611 4489 dere,
661 4425 913 4493 quamvis
958 4427 1124 4481 verba
1173 4440 1333 4479 secus
1374 4425 1633 4489 habeant,
1689 4434 1747 4478 ut
1781 4425 2033 4494 quiddam

2151 4427 2287 4491 νείας
2322 4428 2434 4482 τῶν
2476 4429 2882 4501 Ἑϐδομήκοντα
2910 4431 3000 4486 τὸν
3042 4431 3242 4487 σκοπὸν
3280 4435 3362 4497 είς
3400 4435 3570 4488 τοῦτο
3616 4438 3761 4491 αὐτὸ

458 4515 726 4585 ejusmodi
766 4517 1125 4587 signiﬁcetur.
1162 4515 1439 4570 lncredula
1488 4529 1679 4585 nempe
1732 4525 1786 4570 et
1814 4516 2034 4573 recalci-

2151 4518 2534 4583 συντείνεσθαι,
2580 4520 2685 4574 κᾶν
2713 4522 2762 4574 εἰ
2809 4523 3009 4593 ἑτέρως
3043 4524 3156 4594 ἔχοι
3188 4526 3287 4595 τῆς
3321 4519 3432 4579 τῶν
3470 4530 3762 4599 ῥημάτιον

458 4616 630 4671 trans,
683 4622 940 4677 perversa
1016 4617 1073 4663 et
1129 4605 1425 4677 apostatrix
1478 4603 1802 4672 Jerusalem,
1865 4627 1884 4660 ι
1914 4624 2036 4678 qua:

2151 4613 2423 4683 προφορᾶς
2446 4612 2476 4662 ὁ
2510 4612 2731 4683 τρόπος,
2762 4614 2848 4667 ἵνα
2875 4632 2926 4668 τι
2958 4614 3254 4691 τοιοῦτονῇ
3282 4618 3343 4670 τὸ
3376 4619 3755 4691 δηλούμενον.

454 4701 660 4756 occidit
687 4702 1003 4771 prophetas,
1039 4709 1094 4755 et
1128 4700 1332 4769 lapidat
1360 4712 1455 4754 eos
1494 4699 1586 4770 qui
1625 4701 1691 4755 ad
1721 4716 1842 4758 eam
1884 4704 2032 4759 missi

2152 4702 2218 4754 Ἢ
2267 4701 2365 4771 μὲν
2408 4702 2517 4774 γὰρ
2557 4703 2816 4774 ἀπειθὴς,
2864 4706 2959 4759 καὶ
2997 4704 3210 4776 ὲξήνιος
3261 4709 3674 4783 Ἰερουσαλὴμ,
3722 4715 3759 4783 ἡ

454 4801 582 4848 sunt
602 4792 647 4857 ",
683 4811 703 4845 ι
736 4793 1035 4862 condignas
1086 4789 1312 4846 audacia
1361 4805 1460 4847 sua
1510 4807 1701 4859 poenas
1740 4795 2031 4865 persolvet.

2151 4794 2355 4865 πονηρά
2382 4811 2443 4847 τε
2491 4796 2587 4848 καὶ
2619 4796 2948 4861 ἀποστάτις,
3000 4816 3018 4849 ι
3057 4798 3123 4851 Ἦ
3155 4800 3563 4857 ἀποκτείνουσα
3618 4811 3759 4871 τοὺς

453 4885 825 4941 Exscindetur
855 4884 1026 4948 enim,
1058 4899 1159 4939 ceu
1196 4883 1369 4940 malus
1406 4886 1621 4955 punica.
1653 4886 2034 4943 Habitantihus

2151 4888 2445 4956 προφήτας,
2478 4887 2575 4940 καὶ
2600 4887 2944 4941 λιθοϐολοῦσα
2968 4890 3093 4953 τοὺς
3117 4891 3575 4963 ἀπεσταλμένους
3606 4899 3761 4968 πρὸς

450 4987 635 5031 autem
669 4974 969 5030 Jerusalem
997 4990 1118 5045 quae
1145 4974 1500 5047 intelligentia
1537 4978 1889 5046 conspicitur,
1918 4980 2034 5035 sive

2151 4979 2329 5048 κύτὴν,
2357 4997 2376 5030 ι
2412 4979 2513 5042 τὰς
2543 4981 2655 5042 τοῖς
2689 4980 2838 5043 ἰδίοις
2867 4976 3215 5052 τολμήμασιν
3257 4984 3544 5054 ἀναλόγως
3587 4990 3762 5059 ἑχού-

453 5072 675 5125 domum
722 5068 882 5131 Juda,
936 5067 988 5121 id
1040 5076 1146 5135 est,
1201 5067 1428 5134 Christi,
1475 5088 1494 5121 ι
1522 5070 1630 5126 erit
1663 5070 1840 5125 omnis
1884 5071 2033 5126 locus

2151 5086 2239 5134 τας
2280 5070 2495 5123 ἀποτιεῖ
2530 5070 2706 5134 δίκας.
2743 5073 3138 5143 Ἐκκοπήσεται
3168 5076 3278 5147 γὰρ
3315 5078 3523 5145 ῥοῶνος
3554 5078 3760 5145 δίκην.

454 5167 696 5226 apertus,
728 5174 747 5207 ι
784 5158 899 5211 sive
928 5155 982 5210 in
1019 5160 1167 5213 omni
1199 5159 1321 5215 loco
1349 5159 1491 5227 fons,
1523 5161 1860 5231 purgationis
1891 5179 2028 5233 aqua

2151 5161 2263 5224 Γοῖς
2307 5177 2369 5229 γε
2407 5161 2513 5231 μὴν
2561 5161 2769 5214 οἰκοῦσι
2815 5163 2914 5233 τὴν
2948 5164 3145 5236 νοητὴν
3182 5167 3585 5239 Ἰερουσαλὴμ,
3623 5173 3757 5242 ἦτοι

454 5262 704 5311 manans,
752 5247 940 5316 utique
989 5252 1131 5306 sacri
1190 5251 1575 5322 baptismatis,
1621 5254 1688 5309 ad
1741 5252 2027 5309 utilitatem

2151 5249 2227 5302 τὸν
2257 5247 2404 5303 οἷκον
2435 5250 2623 5316 Ἰούδα,
2657 5251 2902 5304 τουτέστι
2954 5254 3217 5325 Χριστοῦ,
3256 5275 3275 5307 ‹
3302 5256 3461 5311 ἔσται
3497 5262 3624 5323 πᾶς
3662 5263 3761 5314 τό·

451 5339 813 5405 crcdentium,
862 5356 881 5389 ι
913 5349 965 5395 et
1016 5341 1070 5396 in
1124 5346 1631 5401 transmutationem
1676 5345 1839 5416 787
1868 5354 1921 5399 et
1974 5346 2027 5399 in

2151 5361 2240 5406 νιος
2276 5344 2697 5415 διαωιγὸμενος,
2726 5362 2745 5394 ι
2791 5343 2957 5413 ἤγουν
2983 5346 3043 5398 ὲν
3078 5347 3243 5399 παντὶ
3282 5348 3437 5419 τόπῳ
3466 5353 3659 5422 πηγὴ,
3692 5354 3761 5407 τὸ

451 5431 842 5497 aspersionem.
874 5450 895 5485 ι
924 5432 1178 5501 Quasnam
1222 5440 1325 5496 ista
1367 5440 1783 5495 transmutatio?
1817 5437 2031 5493 Iudaeo-

2151 5437 2239 5505 τῆς
2279 5436 2596 5504 καθάρσεως
2639 5435 2782 5507 ὕδωρ
2816 5436 3185 5509 ἀναϐρύουσα,
3219 5439 3383 5510 δῆλον
3429 5442 3489 5494 δὲ
3519 5443 3611 5496 ὅτι
3651 5445 3760 5499 τοῦ

453 5535 571 5574 rum
618 5535 683 5575 ex
735 5522 1071 5583 institutione
1118 5529 1271 5600 legali
1326 5531 1392 5586 ad
1435 5531 1603 5587 vitam
1661 5530 1714 5584 in
1773 5529 2026 5594 Christo,

2151 5528 2296 5596 ἱγίου
2343 5528 2743 5600 βαπτίσματος,
2787 5528 2862 5592 ὡς
2895 5525 3033 5583 εἶναι
3076 5533 3348 5602 χρήσεων
3396 5537 3515 5597 τοῖς
3568 5551 3758 5590 πετει-

1716 5709 1735 5738 ⁶
1764 5705 1926 5761 llcbr.
1966 5718 2061 5770 xu,
2091 5704 2178 5757 9.2.

524 5700 543 5728 ⁵
569 5696 769 5755 Jercm.
798 5717 955 5767 uin,
984 5706 1067 5761 l6.
1147 5710 1165 5739 ⁵
1199 5710 1439 5775 Sophun.
1470 5724 1553 5775 ut,
1583 5710 1634 5762 5.
1716 5709 1735 5738 ⁶
1764 5705 1926 5761 llcbr.
1966 5718 2061 5770 xu,
2091 5704 2178 5757 9.2.
2282 5707 2300 5736 ⁷
2334 5704 2522 5759 Matth.
2561 5720 2714 5771 xxm,
2748 5711 2832 5765 ‘57.
