3934 6318
220 303 327 358 2'29

1034 303 1582 360 COMMENTARIUS
1622 302 1688 359 IN
1731 304 2127 361 ZACHARMM
2171 306 2615 364 ΡΠΟΡΙΙΕΤᾹΜ.

3379 312 3487 371 εδο

229 413 513 474 στευκόσι,
577 432 593 464 ι
627 414 719 468 καὶ
769 413 863 477 είς
900 418 998 486 τὴν
1049 423 1423 490 μετακίνησιν,
1474 422 1568 474 καὶ
1602 423 1680 484 είς
1723 419 1814 473 τὸν

1921 425 1990 476 ab
2027 422 2216 476 umbra
2258 425 2326 477 ad
2350 418 2652 490 veritatem,
2690 439 2718 478 a
2745 433 2867 496 typo
2887 433 2941 480 et
2985 424 3163 480 littera
3191 424 3257 480 ad
3283 424 3486 482 cultum

227 504 545 577 ραντιαμόν.
576 522 593 555 ι
630 505 738 556 Καὶ
768 506 849 568 τίς
894 509 926 576 ὴ
965 509 1348 578 μετακίνησις;
1393 512 1664 564 Ἰουδαίων
1713 511 1810 581 μὲν

220 599 286 648 ἐκ
317 595 552 666 νομικῆς
584 598 808 667 ἀγωγῆς
852 598 932 661 εἰς
975 600 1247 655 πολιτείαν
1284 602 1383 673 τὴν
1425 604 1519 656 ἐπὶ
1557 602 1808 674 Χριστῷο

220 687 330 741 ἀπὸ
369 690 530 751 σκιᾶς
573 690 652 751 είς
692 689 969 758 ἀλήθειαν,
1013 693 1076 744 ὲκ
1113 692 1282 746 τύπου
1320 695 1412 746 καὶ
1455 695 1807 765 γράμματος,

221 785 301 843 εἰς
341 781 599 848 λατρείαν
646 784 1042 852 πνευματικήν.
1076 784 1305 856 Ἕλλησι
1353 787 1408 838 δὲ
1458 787 1809 856 μετακίνησις

219 871 301 932 τίς
335 871 523 935 Eam;
565 870 653 933 Ἐξ
700 871 960 934 ἀπιστίας
1009 873 1236 943 ⁴ἣκουσιν
1280 877 1372 928 ἐπὶ
1416 877 1476 928 τὸ
1519 876 1807 928 πιστεῦσαι

220 958 480 1029 Χριστῷ·
523 959 581 1025 ἐξ
625 958 895 1028 άμαθείας
944 960 1042 1029 τῆς
1095 961 1348 1032 πρώτης,
1391 964 1470 1026 είς
1513 963 1808 1032 ἐπίγνωσιν

218 1049 506 1118 ἀκραιφνῆ
545 1049 640 1102 τοῦ
671 1049 813 1103 κατά
858 1050 1113 1121 ἀλήθειαν
1147 1053 1298 1116 ὄντος
1329 1054 1497 1124 Θεοῦτ
1530 1055 1636 1108 ἀπὸ
1685 1057 1809 1109 σκό-

217 1157 341 1202 τους
402 1143 483 1203 εἰς
532 1141 827 1210 φωτισμόν.
889 1142 1261 1212 Μετακίνησις
1305 1144 1363 1197 δὲ
1415 1145 1596 1216 κοινὴ,
1643 1148 1806 1199 παντὶ

219 1232 510 1295 πρέπουσα
537 1229 616 1299 τῷ
645 1231 966 1300 κεκλημένῳ
995 1231 1081 1284 διὰ
1116 1233 1216 1302 τῆς
1254 1235 1489 1300 πίστεως
1511 1276 1526 1299 ,
1573 1237 1806 1307 Ἰουδαίῳ

217 1337 275 1372 τε
310 1322 409 1373 καὶ
432 1321 679 1390 Ἕλληνι,
706 1321 814 1373 ἀπὸ
842 1319 936 1374 τοῦ
977 1326 1192 1392 φρονεῖν
1234 1324 1302 1378 τὰ
1351 1326 1572 1396 σαρκὸς,
1616 1327 1707 1379 ἐπὶ
1745 1327 1807 1379 τὸ

217 1412 436 1463 ἑλέσθαι
470 1412 568 1482 ζῇν
600 1415 781 1477 ὁσίως,
823 1413 917 1465 καὶ
959 1414 1235 1484 καθαρῶς,
1268 1415 1363 1468 καὶ
1399 1420 1718 1488 περιπατεῖν
1747 1419 1805 1471 ὲν

216 1503 531 1571 πνεύματι,
573 1503 714 1556 κατά
744 1506 841 1572 τὴν
871 1507 964 1558 τοῦ
1002 1506 1276 1577 μακαρίου
1323 1507 1536 1560 Παύλου
1582 1509 1765 1578 φωνήν
1788 1525 1802 1539 ο

216 1596 277 1645 ὲκ
305 1595 402 1645 τοῦ
425 1596 592 1664 τιμᾷν
618 1595 683 1647 τὰ
713 1597 772 1646 ὲν
811 1599 1000 1665 κόσμῳ
1027 1599 1107 1659 είς
1139 1597 1199 1649 τὸ
1223 1598 1506 1668 ἀγαπῆσαι
1535 1601 1604 1652 τὰ
1635 1600 1806 1670 ὑπερ-

217 1685 441 1752 κόσμια.
470 1686 593 1736 ’Ὁτι
622 1685 679 1737 δὲ
714 1686 771 1738 τὸ
812 1686 952 1740 θεῖον
989 1688 1084 1739 καὶ
1124 1688 1264 1760 ἱερὸν
1298 1687 1576 1759 δεχόμενοι
1606 1691 1804 1760 βάπτι-

1913 515 2269 583 spiritualetn.
2307 516 2563 582 Quaenam
2606 528 2784 573 autem
2827 517 3136 572 Grtecorum
3166 518 3272 573 erit
3313 527 3489 574 trans-

1913 609 2184 664 mutatio?
2236 611 2309 665 Ex
2360 610 2740 666 incredulitate
2789 609 2854 663 ad
2903 607 3122 664 Christo
3160 608 3488 663 credendum

1910 700 2155 766 veniunt,
2201 711 2255 755 et
2300 717 2367 756 ex
2408 703 2715 773 ignorantia
2759 700 2997 754 maxima
3047 701 3113 754 ad
3154 699 3488 768 agnitionem

1910 805 2098 859 puram
2153 794 2267 847 veri
2327 794 2456 862 Dei;
2503 809 2532 848 a
2595 792 2834 848 tenebris
2883 792 2948 845 ad
3005 791 3488 846 llluminatlonem.

1913 876 2317 936 Transmutatio
2347 890 2527 937 autem
2576 881 2902 947 communis,
2935 882 3157 936 cuilibet
3197 895 3294 952 per
3329 883 3488 936 tidem

1908 979 2102 1022 vocato
2130 971 2484 1035 conveniens,
2519 970 2704 1026 Judaro
2729 981 2782 1026 et
2809 972 3019 1038 Graeco,
3061 989 3088 1026 a
3137 975 3397 1043 sapiendo
3423 990 3487 1028 ea

1909 1073 2027 1127 quac
2071 1062 2252 1116 carnis
2305 1071 2431 1116 sunt
2473 1065 2539 1117 ad
2580 1072 2768 1117 sancte
2801 1077 2863 1116 ac
2915 1078 3049 1133 pure
3096 1065 3308 1119 vivendi
3342 1076 3397 1121 et
3432 1066 3487 1119 in

1911 1154 2105 1222 spiritu
2136 1156 2448 1210 ambulandi
2473 1155 2782 1220 consilium,
2813 1156 2890 1209 uti
2922 1157 3115 1211 beatus
3144 1154 3343 1210 Paulus
3369 1157 3491 1211 hor-

1908 1247 2132 1312 tatur“;
2169 1262 2234 1300 ex
2269 1248 2628 1301 admiratione
2655 1261 2843 1302 eorum
2877 1261 2996 1315 qua:
3031 1247 3082 1300 in
3128 1247 3333 1300 mundo
3361 1254 3490 1300 sunt

1907 1338 1973 1390 ad
2029 1337 2296 1408 diligenda
2346 1352 2466 1406 qua:
2513 1352 2674 1407 supra
2733 1337 2993 1391 mttndum
3045 1343 3192 1389 sunt.
3236 1334 3486 1388 Divinum

1913 1441 2079 1495 porro
2106 1436 2162 1482 et
2211 1431 2424 1483 sacrum
2461 1428 2730 1497 baptisma
2762 1426 3118 1496 suscipientes
3146 1440 3244 1480 nos
3274 1428 3486 1496 aspergi

1906 1518 2170 1587 sanguine
2220 1519 2423 1572 Christi
2484 1518 2550 1572 ad
2602 1517 3050 1588 expurgationem
3096 1517 3324 1586 peccati,
3363 1518 3486 1586 quis

1907 1608 2154 1663 dubitet?
2193 1608 2335 1681 Ergo
2369 1609 2454 1662 via
2507 1609 2572 1663 ad
2613 1609 3120 1664 transmutationem
3201 1616 3257 1662 et
3302 1621 3485 1674 asper-

1906 1697 2111 1754 sionem
2145 1699 2363 1754 domum
2394 1698 2533 1753 Jnda
2564 1699 2935 1754 habitantibus
2957 1699 3194 1754 salutare
3217 1697 3483 1768 baptisma

217 1792 326 1843 σμα
379 1774 744 1845 ῥαντιζόμεθα
788 1778 865 1847 τῷ
899 1778 1092 1848 αἵματι
1123 1779 1360 1850 Χριστοῦ
1409 1780 1544 1852 πρὸς
1589 1781 1800 1836 ἀποκά-

1904 1795 2005 1852 est,
2039 1787 2155 1843 sive
2193 1789 2372 1843 omnis
2408 1789 2558 1844 locus
2599 1796 2841 1857 apertus,
2876 1788 2990 1842 sive
3020 1785 3198 1862 omnis
3238 1784 3360 1840 fons
3394 1785 3480 1839 di-

214 1866 410 1935 θαρπιν
453 1868 751 1938 ἁμαρτίας,
785 1869 901 1932 πῶς
939 1869 1005 1922 ἂν
1047 1871 1338 1924 ἐνδοιάσειέ
1370 1888 1484 1936 τις;
1514 1873 1725 1926 Οὐκοῦν
1766 1875 1799 1941 ἡ

1910 1879 2130 1944 latalus,
2189 1887 2245 1934 et
2267 1878 2606 1950 purgationis
2645 1891 2741 1934 seu
2773 1877 3102 1947 eXpiationis
3131 1891 3272 1946 aqua
3301 1885 3485 1932 scatu-

211 1958 328 2020 ὁδὸς
364 1959 399 2026 ἡ
429 1959 510 2020 είς
543 1959 896 2030 μετακίνησιν
933 1960 1029 2012 καὶ
1058 1963 1138 2023 είς
1171 1962 1464 2031 ῥαντισμὸν
1491 1966 1605 2026 τοῖς
1637 1965 1696 2017 ἐν
1723 1965 1801 2035 τῷ
1909 1972 2074 2025 riens.

210 2047 344 2116 οἴκῳ
379 2047 574 2113 Ἰούδα,
603 2049 665 2101 τὸ
693 2050 958 2118 σωτήριον
991 2050 1295 2120 βάπτισμα,
1361 2052 1479 2121 ἦτοι
1521 2054 1628 2117 πᾶς
1673 2055 1833 2120 τόπος
1869 2059 2291 2132 διανοιγόμενος,
2357 2061 2526 2130 ἤγουν
2565 2061 2715 2114 πᾶσα
2757 2059 2908 2130 πηγὴ
2953 2057 3395 2130 κατευρυνομένη
3421 2071 3482 2112 τε

211 2138 302 2191 καὶ
332 2137 684 2208 ἀναϐρύουσα
709 2139 899 2217 τὸ-τῆς
929 2141 1250 2212 καθάρσεως
1281 2141 1442 2214 ὓδωρ.

279 2231 395 2282 Καὶ
435 2231 610 2282 ἔσται
643 2231 712 2282 ἐν
743 2229 816 2298 τῇ
874 2230 1063 2299 ἡμέρᾳ
1111 2231 1345 2298 ἐκείνῃ,
1389 2232 1548 2302 λέγει
1583 2235 1801 2302 Κύριος

1979 2235 2142 2290 Vens.
2174 2233 2229 2286 2.
2271 2231 2339 2286 Et
2389 2233 2488 2287 erit
2510 2234 2564 2287 in
2599 2232 2686 2287 die
2723 2231 2840 2298 illa,
2888 2232 3014 2286 dicit
3065 2231 3326 2288 Dominus
3379 2233 3482 2290 Sa-

213 2318 478 2384 Σασαὼθ,
509 2320 922 2387 ἐξολοθρεύσω
952 2320 1024 2373 τὰ
1056 2321 1320 2388 ὀνόματα
1369 2320 1490 2375 τῶν
1540 2324 1800 2378 εἰδώλων

1906 2327 2083 2390 baotlt,
2121 2326 2419 2395 disperdat»
2451 2325 2663 2378 nomina
2702 2324 2966 2379 idolorum
2989 2325 3054 2380 de
3077 2334 3240 2391 terra,
3276 2337 3324 2383 et
3367 2343 3476 2382 non

212 2413 325 2464 ἀπὸ
366 2411 480 2478 τῆς
525 2410 669 2480 τῆς,
708 2412 806 2465 καὶ
865 2411 1064 2465 οὐκέτι
1138 2412 1310 2466 ἔσται
1360 2414 1559 2467 αὐτῶν
1596 2417 1796 2484 μνεία.

1904 2419 2000 2472 erit
2034 2419 2179 2472 ultra
2211 2432 2394 2473 eorum
2441 2416 2718 2471 memoria.
2774 2415 2843 2469 Et
2880 2417 3387 2487 pseudopmphetas,
3426 2428 3476 2475 et

214 2504 313 2556 Καὶ
362 2505 512 2566 τοὺς
566 2503 1071 2572 ψευδοπροφήτας
1089 2545 1104 2568 ,
1157 2504 1258 2556 καί
1313 2503 1380 2557 τὸ
1435 2507 1670 2576 πνεῦμα
1726 2508 1796 2562 τὸ

1904 2511 2149 2579 spiritum
2175 2509 2503 2563 immundum
2531 2507 2770 2576 auferam
2799 2507 2864 2562 de
2891 2516 3054 2560 terra.

210 2596 552 2664 ἀκάθαρτον
577 2595 768 2663 ἐξαρῶ
793 2595 910 2649 ἀπὸ
941 2594 1051 2662 τῆς
1081 2594 1215 2663 τῆς.
2567 2597 2588 2613 ‘

278 2689 394 2754 L.Z’.
439 2686 624 2740 Πάντα
670 2687 804 2756 πρὸς
847 2685 908 2738 τὸ
959 2687 1179 2755 ἄμεινον
1237 2686 1695 2758 μετακεχὼρηκεν
1741 2689 1798 2741 ἐν

1978 2682 2185 2740 XCVII.
2220 2683 2416 2739 Omnia
2449 2683 2503 2737 in
2529 2691 2728 2738 statum
2771 2683 3050 2738 meliorem
3087 2683 3388 2752 migrarent
3421 2686 3474 2740 in

213 2779 451 2850 Χριστῷ,
483 2778 579 2831 καὶ
603 2778 762 2847 καινὴ
790 2780 966 2839 κτίσις
993 2778 1061 2830 τά
1089 2778 1148 2830 ὲν
1175 2777 1414 2848 Χριστῷ,
1446 2779 1544 2848 τῆς
1569 2778 1799 2849 ἀρχαίας

1905 2778 2144 2843 Christo,
2176 2786 2231 2832 et
2259 2791 2378 2847 quae
2411 2777 2557 2831 ineo
2581 2783 2708 2831 sunt
2739 2788 2881 2829 nova
2903 2782 3154 2830 creatura
3183 2777 3228 2842 °,
3257 2791 3477 2833 marco-

215 2870 550 2940 σαθρὸτητος
578 2868 918 2923 ἀποϐαλόντα
950 2869 1042 2922 τὸν
1082 2869 1292 2939 μῶμον.
1325 2870 1554 2940 Ἀτρεκῆ
1584 2870 1641 2924 δὲ
1675 2871 1804 2923 ὅντα

1912 2868 1988 2923 ris
2022 2868 2226 2937 antiqui
2263 2866 2478 2936 abiecto
2504 2867 2788 2922 dedecore.
2814 2865 2902 2920 'Ac
2935 2863 3223 2919 verborum
3252 2865 3473 2934 quidem

210 2960 298 3012 τὸν
317 2961 416 3012 ἐπὶ
433 2960 572 3029 τῷδε
595 2957 752 3027 λόγον
768 2959 971 3012 κατίδοι
991 2977 1075 3022 τις
1096 2959 1162 3012 ἂν
1186 2959 1242 3024 ἐξ
1266 2959 1517 3026 αὐτῶν,εί
1535 2960 1796 3029 βούλοιτο,

1910 2959 2137 3015 istorum
2164 2961 2451 3014 veritatem
2476 2974 2543 3014 ex
2587 2958 2720 3028 ipsis
2753 2971 2974 3027 quoque
2994 2957 3158 3012 rebus
3204 2957 3473 3027 quispiam

211 3051 312 3103 τῶν
362 3052 729 3120 πραγμάτων.
785 3050 898 3122 Πρὸ
955 3051 1053 3121 μὲν
1091 3051 1200 3120 γὰρ
1229 3052 1338 3104 τῶν
1376 3052 1476 3121 τῆς
1511 3053 1803 3123 ἐπιδημίας

1908 3050 2263 3121 perspexerit.
2296 3050 2440 3104 Ante
2469 3058 2712 3118 tempora
2759 3047 2903 3102 enim
2944 3049 3224 3112 adventus,
3256 3047 3480 3116 quando

213 3143 444 3211 καιρῶν,
471 3141 626 3194 οὔπω
659 3143 779 3194 καθ’
811 3144 959 3212 ἡμᾶς
995 3142 1282 3210 γεγονότος
1309 3142 1401 3195 τοῦ
1435 3145 1790 3212 Μονογενοῦς,

211 3233 328 3286 οὔτε
369 3234 481 3304 μὴν
506 3234 588 3303 τῷ
613 3234 743 3304 θείῳ
771 3235 912 3302 φωτὶ
935 3234 1003 3286 τά
1029 3234 1208 3287 πάντα
1237 3237 1791 3306 περιαστράπτοντος,

212 3323 376 3392 ἀχλὺς
406 3320 478 3394 ἦν
521 3324 637 3388 ἔτι,
683 3326 776 3376 καὶ
815 3325 1005 3387 σκότος
1055 3325 1112 3377 ἐν
1157 3328 1277 3388 ταῖς
1314 3325 1422 3378 τῶν
1454 3325 1624 3380 ἐθνῶν
1658 3345 1795 3398 καρ-

211 3412 364 3476 δίαις.
409 3414 729 3483 Ἐλάτρευον
760 3413 869 3483 γὰρ
917 3413 1190 3478 εἰδώλοις,
1235 3414 1328 3466 καὶ
1359 3414 1676 3479 δυσϐουλίας
1715 3417 1794 3478 εἰς

212 3504 368 3557 τοῦτο
415 3503 774 3569 κατώλισθον,
804 3504 880 3567 ὡς
915 3503 1120 3569 ξύλοις,
1161 3504 1258 3556 καὶ
1297 3503 1464 3567 λίθοις
1514 3505 1792 3559 ἀναθεῖναι

213 3595 268 3647 τὸ
296 3595 486 3657 σέϐας,
513 3595 608 3647 καὶ
635 3597 744 3657 τοῖς
775 3594 1101 3664 ἀκαθάρτοις
1131 3594 1347 3664 δαίμοσι
1377 3595 1476 3658 τὰς
1515 3595 1634 3664 Θεῷ
1665 3613 1794 3665 πρε-

215 3687 416 3746 πούσας
446 3685 712 3738 ἀνάπτειν
743 3685 925 3754 τιμάς.
953 3687 1061 3739 Καὶ
1089 3687 1250 3738 ταυτὶ
1277 3687 1375 3755 μὲν
1400 3686 1499 3756 τῆς
1523 3687 1630 3740 τῶν
1661 3687 1794 3738 πλα-

215 3776 468 3844 νωμένων
496 3775 825 3846 ἀϐελτηρίας
859 3775 928 3828 τὰ
967 3775 1309 3845 ἐγκλήματα.
1344 3776 1588 3846 Παρὰρδέ
1626 3793 1690 3845 γε
1717 3775 1794 3846 τῷ

226 3864 457 3936 Ἰσραὴλ,
492 3866 552 3929 ὃς
591 3867 684 3919 καὶ
713 3866 1025 3928 ἀπόδεκτος,
1063 3867 1156 3918 καὶ
1200 3865 1357 3935 μερὶς
1392 3865 1616 3936 Κυρίου,
1653 3866 1793 3920 κατά

213 3956 270 4009 τὸ
313 3958 730 4028 γεγραμμένον,
764 3956 1052 4026 σχοίνισμά
1093 3973 1153 4008 τε
1202 3951 1564 4027 κληρονομίας
1605 3957 1789 4021 αὑτοῦ,

214 4053 446 4121 τοσαύτη
480 4069 567 4115 τις
609 4047 865 4122 ἦννὴθῶν
899 4067 958 4104 τε
1000 4052 1094 4104 καὶ
1136 4052 1354 4121 τρόπων
1401 4051 1674 4122 ὲξιτηλία,
1717 4052 1792 4114 ὡς

215 4142 392 4209 ὀλίγου
431 4143 530 4211 μὲν
559 4141 839 4206 ἀξιοῦσθαι
869 4141 1050 4209 λόγου,
1081 4141 1257 4194 καίτοι
1302 4142 1438 4211 πρὸς
1473 4142 1792 4212 ἐπικουρίαν

217 4236 398 4297 αὐτοῖς
431 4235 653 4288 δοθέντα
682 4234 774 4286 τὸν
802 4233 986 4304 νόμον,
1029 4233 1125 4286 καὶ
1166 4233 1267 4286 οὐκ
1307 4233 1574 4297 ἀνικάνως
1603 4233 1790 4302 ἔχοντα

216 4326 345 4396 πρὸς
393 4325 769 4394 παιδαγωγίαν
807 4325 906 4395 τὴν
951 4324 1044 4377 ἐπί
1073 4340 1136 4393 γε
1163 4323 1243 4394 τῷ
1289 4323 1486 4393 χρῆναι
1521 4322 1669 4392 βιοῦν
1707 4325 1793 4394 ὀρ-

1905 3144 2139 3200 nondum
2168 3156 2366 3211 corpus
2399 3139 2568 3195 ullum
2604 3140 2856 3194 induerat
2908 3137 3251 3208 Uulgenitus,
3299 3152 3477 3206 neque

1902 3236 2090 3290 divino
2130 3235 2334 3289 lumine
2359 3235 2544 3290 omnia
2562 3233 3044 3298 collustrabantur,
3097 3233 3275 3287 adhuc
3300 3232 3479 3301 callgo

1901 3339 1954 3384 et
1976 3329 2210 3383 tenebrae
2236 3328 2286 3381 in
2318 3326 2567 3382 cordibus
2592 3326 2830 3395 gentium
2855 3332 3028 3379 erant.
3051 3323 3310 3379 Colebant
3331 3324 3474 3378 enim

1901 3419 2211 3482 simulacra,
2243 3432 2414 3487 eoque
2444 3417 2689 3472 stultitia:
2714 3417 3110 3470 descenderant
3142 3423 3203 3470 ut
3244 3415 3388 3485 ligna
3419 3422 3476 3469 et

1903 3511 2107 3580 lapides
2136 3509 2334 3564 divinis
2363 3507 2702 3564 caeremoniis
2748 3506 3046 3572 adicerent,
3079 3513 3135 3560 et
3179 3505 3474 3560 immundis

1902 3603 2234 3658 diemonibus
2274 3602 2383 3657 Deo
2415 3610 2779 3670 congruentes
2800 3599 3034 3654 honores
3078 3598 3472 3668 impenderent.

1901 3694 1967 3747 Et
1997 3695 2110 3747 haec
2137 3694 2353 3762 quidem
2377 3693 2676 3747 errantium
2699 3692 2934 3746 vesaniae
2965 3690 3196 3744 crimina
3227 3689 3469 3746 fuerunt.

1899 3785 2053 3855 Apud
2110 3783 2366 3839 Israelem
2427 3797 2554 3836 vero
2602 3789 2880 3850 acceptum
2930 3780 3079 3835 illmn
3108 3821 3123 3844 ,
3166 3789 3222 3835 et
3261 3789 3470 3849 partem

1903 3874 2135 3939 Domini,
2173 3872 2311 3926 sicut
2336 3874 2598 3940 scriptum
2634 3880 2718 3924 est
2750 3869 2812 3934 ⁸ο,
2855 3877 2910 3922 et
2959 3869 3254 3922 funiculum
3301 3868 3472 3922 luere-

1900 3967 2087 4021 ditatis
2134 3966 2271 4034 ejus,
2305 3972 2452 4017 tanta
2499 3970 2616 4015 erat
2649 3961 3104 4015 consuetudinum
3141 3970 3307 4029 atque
3350 3975 3470 4016 mo-

1901 4069 2020 4110 rum
2067 4053 2313 4116 latuitas,
2353 4061 2411 4105 ut
2443 4051 2636 4121 legem,
2670 4051 2913 4119 quamvis
2944 4051 3010 4104 ad
3063 4049 3322 4103 auxilium
3363 4049 3467 4104 sibi

1899 4145 2103 4210 datam,
2134 4159 2233 4197 nec
2257 4144 2322 4197 ad
2347 4142 2740 4196 institutionem
2767 4140 2888 4193 vita:
2911 4140 2964 4194 in
2985 4139 3201 4194 Christo
3229 4139 3468 4208 probatae

1899 4233 2306 4290 insullicientem
2361 4231 2848 4300 parvipendercnt,
2894 4229 3181 4298 potiusque
3237 4230 3304 4282 ad
3340 4243 3468 4299 gen-

1902 4324 2281 4379 tium‘errores
2310 4320 2614 4390 sequendos
2653 4319 2846 4375 stolide
2892 4318 3262 4385 declinarent,
3301 4319 3469 4373 [initi-

217 4415 338 4480 θῶς,
370 4417 674 4470 ἀπονεῦσαι
697 4415 754 4468 δὲ
789 4414 988 4485 μᾶλλον
1017 4415 1156 4486 πρὸς
1182 4414 1244 4467 τὺ
1269 4413 1378 4467 δεῖν
1404 4413 1646 4475 ἀϐούλως
1669 4415 1789 4475 ταῖς

1904 4427 2216 4482 marumque
2287 4411 2711 4482 superstitiones
2763 4409 2932 4479 788
2991 4409 3464 4478 amplecterentur.

214 4507 316 4559 τῶν
365 4506 540 4560 ἐθνῶν
589 4506 1020 4577 ἀποκομίζεσθαι
1071 4506 1328 4572 πλάναις,
1378 4507 1472 4558 καὶ
1519 4507 1638 4565 ταῖς
1685 4505 1791 4557 τῶν

214 4599 428 4670 ὁμόρων
471 4599 919 4668 δεισιδαιμονίαις
973 4601 1226 4667 στοιχεῖν.
1281 4597 1641 4669 Προσέκειντο
1693 4595 1791 4666 μὲν

215 4691 338 4761 γὰρ,
371 4693 472 4744 καὶ
510 4691 629 4743 λίαν
664 4690 929 4752 ἐκτόπως,
969 4692 1081 4753 τοῖς
1110 4688 1219 4744 τῶν
1249 4689 1614 4758 ψευδωνύμων
1658 4703 1794 4758 προ-

215 4783 400 4852 φητῶν
445 4781 836 4851 μαντεύμασιν.
865 4783 925 4834 Οἱ
955 4782 1054 4851 μὲν
1083 4781 1191 4851 γὰρ
1223 4781 1334 4834 τῶν
1363 4780 1592 4832 εἰδώλων
1628 4779 1790 4850 θερα-

218 4875 431 4936 πευταὶ,
458 4876 573 4935 τοῖς
597 4872 840 4943 βεϐήλοις
885 4871 1136 4942 τεμένεσι
1168 4871 1618 4941 προσιζήσαντες,
1660 4887 1792 4939 χρη-

222 4964 470 5031 σμολόγοι
493 4979 552 5016 τε
581 4959 742 5032 ἦσαν,
775 4962 870 5017 καὶ
894 4961 1209 5033 ψευδοεπεῖς
1227 4979 1241 4991 ·
1270 4961 1318 5014 οἱ
1345 4960 1402 5013 δὲ
1429 4960 1524 5013 καὶ
1547 4959 1627 5023 τὸ,
1664 4977 1684 5010 ι
1715 4960 1791 5029 Ζῇ

219 5055 437 5126 Κύριος,
467 5074 486 5105 ›
519 5055 613 5108 ἐπὶ
659 5053 906 5123 γλώττης
953 5051 1202 5124 ἔχοντες,
1247 5052 1341 5106 καὶ
1389 5051 1630 5104 εὐσεϐεῖν
1663 5051 1795 5103 ὑπο-

219 5147 596 5217 πλαττόμενοι,
629 5147 722 5200 καὶ
755 5143 866 5199 οἷον
897 5144 1168 5216 προϐάτου
1199 5145 1330 5215 δορᾷ
1365 5143 1457 5196 τὸν
1484 5143 1647 5196 λύκον
1676 5144 1812 5196 ἐπι-ι

220 5237 557 5304 σκιάζοντες,
597 5238 659 5291 τὸ
687 5237 787 5306 τῆς
817 5235 1152 5308 προφητείας
1191 5235 1361 5304 ὄνομά
1403 5250 1584 5303 σφισιν
1614 5231 1795 5294 αὐτοῖς

221 5330 584 5400 περιτιθέντες
616 5333 666 5384 oi
699 5330 962 5394 τάλανες,
1007 5329 1103 5383 καὶ
1140 5329 1240 5397 τὴν
1288 5327 1381 5379 ἐπὶ
1423 5326 1596 5395 τούτῳ
1638 5324 1794 5391 δόξαν

219 5421 448 5484 ἀνοσίως
490 5421 871 5493 ἁρπάζοντες,
919 5419 1294 5490 ἀπηρεύγοντο
1337 5417 1396 5469 τὸ
1441 5414 1652 5477 δοκοῦν,
1699 5414 1794 5466 καὶ

219 5512 342 5575 τοὺς
384 5513 480 5582 τῆς
521 5513 702 5566 αὐτῶν
753 5511 974 5581 καρδίας
1011 5509 1321 5579 λογισμοὺς,
1369 5508 1518 5560 θείαν
1559 5506 1793 5574 ἔφασκον

1898 4503 2178 4558 Falsorum
2217 4501 2362 4556 enim
2391 4502 2778 4570 prophetarum
2807 4497 3080 4552 vaticiniis
3128 4497 3460 4553 absurdissi-

1900 4608 1987 4649 me
2050 4590 2404 4646 inlimrebant.
2469 4588 2707 4654 Quorum
2766 4585 2856 4638 alii
2914 4583 3177 4639 idolorum
3227 4582 3463 4636 ministri

1899 4681 2142 4753 profanis
2179 4680 2393 4749 templis
2417 4680 2742 4743 assidentes,
2771 4687 2826 4733 et
2857 4677 3077 4732 oracula
3105 4684 3160 4731 et
3184 4675 3468 4730 mendacia

1897 4774 2258 4841 loquebantur
2287 4789 2300 4825 :
2333 4770 2448 4836 alii,
2485 4788 2505 4822 ι
2541 4767 2686 4824 Vivit
2717 4768 2978 4824 Dominus
3011 4788 3030 4821 ι
3069 4769 3121 4822 in
3155 4767 3334 4838 lingua
3368 4768 3464 4822 Ita-

1899 4866 2106 4928 bentes,
2149 4874 2203 4918 et
2247 4860 2502 4932 pietatem
2547 4860 2864 4916 simulantes
2907 4870 2962 4915 et
3002 4869 3255 4929 tanquam
3303 4859 3464 4914 ovilla

1898 4958 2036 5027 pelle
2065 4956 2249 5024 lttpum
2287 4961 2664 5021 contegentes,
2691 4951 3182 5020 prephetarumque
3226 4949 3462 5018 appella-

1904 5052 2104 5103 tionem
2133 5046 2232 5102 sibi
2252 5046 2390 5114 ipsis
2417 5053 2754 5114 arrogantes.
2777 5042 2981 5105 miseri,
3007 5050 3058 5095 et
3091 5039 3318 5110 gloriam
3343 5040 3463 5109 ejus

1901 5139 2109 5195 nefarie
2137 5138 2430 5208 rapientes,
2455 5137 2593 5204 quod
2623 5133 2822 5189 libebat
2845 5131 3189 5195 eructabant,
3212 5137 3267 5184 et
3301 5143 3464 5184 sensa

1900 5231 2080 5286 cordis
2108 5230 2188 5284 sui
2223 5229 2460 5283 divinum
2493 5240 2612 5281 esse
2635 5223 2916 5280 consilium
2956 5221 3330 5276 autumabant.
3357 5220 3462 5274 Su-

1901 5337 1998 5390 per
2038 5319 2342 5388 hujusntodi
2377 5327 2482 5372 tam
2529 5315 2763 5385 projecte
2794 5312 3089 5367 audacibus
3117 5311 3279 5366 etiam
3325 5324 3464 5378 pro-

1904 5413 2062 5480 pheta
2104 5407 2367 5463 Jeremias
2416 5405 2791 5459 universorum
2851 5401 3137 5458 Dominum
3183 5400 3346 5456 Deum
3388 5399 3464 5452 ita

1901 5497 2185 5568 οοιιψοιιιιι
2215 5514 2228 5549 :
2268 5515 2286 5546 ι
2317 5494 2416 5560 Qui
2461 5508 2542 5559 es,
2576 5491 2819 5558 Domine,
2864 5505 2990 5547 ecce
3038 5490 3309 5560 propheta
3333 5501 3463 5555 pro-

290 5685 312 5716 ⁸
338 5684 490 5742 Rom.
522 5703 640 5755 vm,
663 5689 695 5742 4
723 5649 875 5755 seqq:
952 5687 971 5716 9
998 5687 1035 5736 ll
1068 5684 1192 5739 Cor.
1228 5700 1278 5750 v,
1312 5683 1400 5736 i7.
1482 5683 1526 5713 ¹⁰
1559 5682 1713 5735 Deut.
1739 5694 1910 5743 mut,
1938 5679 1989 5731 θ.
