3934 6318
420 295 521 350 251

1404 290 1462 345 S.
1501 282 2282 349 CYRILLIDALEXANDRINI
2323 286 2640 345 ARCHIEP.

3559 287 3666 343 232

418 412 666 479 phelant,
695 418 749 465 et
779 412 963 466 dicunt
1000 428 1011 462 :
1054 409 1169 463 Non
1226 408 1476 463 videbitis
1518 409 1776 479 gladium,
1813 419 1867 465 et
1907 411 1989 463 fa-

2098 408 2227 463 εἶναι
2260 411 2476 481 βουλήν.
2524 412 2658 480 Περὶ
2686 409 2797 462 τῶν
2835 408 2900 460 τὰ
2929 405 3106 460 τοιάδε
3146 405 3351 476 τολμᾷν
3396 402 3662 456 εἰωθότων

421 517 537 556 mes
575 518 679 557 non
732 504 834 557 erit
886 504 938 555 in
979 500 1152 563 vobis,
1184 500 1310 568 quia
1370 501 1648 555 veritatem
1699 508 1753 555 et
1796 516 1984 570 pacem

418 591 557 644 dabo
581 592 632 645 in
667 599 832 654 terra,
864 600 920 644 et
956 590 1005 643 in
1039 589 1155 643 loco
1185 590 1289 642 isto
1322 589 1388 642 “.
1420 607 1438 640 ι
1475 589 1538 641 Ει
1567 589 1633 642 ad
1662 589 1775 643 ιιωο
1804 589 1941 643 Deus
1970 607 1985 643 :

422 695 444 732 ι
473 679 628 734 Falsa
659 681 934 749 propheta:
965 680 1289 748 prophetant
1324 680 1378 734 in
1428 680 1650 734 nomine
1690 694 1829 735 meo.
1868 680 1985 735 Non

418 772 541 824 misi
570 786 684 836 eos,
720 781 773 826 et
806 787 912 826 non
956 772 1205 825 mandavi
1235 770 1337 837 eis,
1376 780 1431 826 et
1464 785 1567 825 non
1610 786 1729 824 sum
1777 771 1989 826 locutus

418 862 485 914 ad
532 877 646 927 eos,
679 872 733 915 et
775 863 1010 916 visiones
1046 863 1354 925 mendaces,
1401 870 1469 916 et
1505 861 1887 929 divinationes,
1935 871 1989 918 et

419 952 668 1020 auguria,
699 960 754 1004 et
790 952 1088 1005 electiones
1117 952 1300 1005 cordis
1330 950 1413 1004 sui
1450 952 1549 1017 ipsi
1575 949 1739 1004 locuti
1770 959 1896 1007 sunt
1921 950 1989 1003 ad

416 1055 532 1104 eos,
561 1050 610 1095 et
639 1041 741 1109 ipsi
769 1041 930 1095 locuti
958 1050 1085 1095 sunt
1108 1043 1208 1107 eis,
1238 1051 1294 1095 et
1321 1043 1417 1111 ipsi
1448 1043 1843 1112 prophetabant
1864 1044 1927 1097 η.
1963 1061 1982 1094 ι

419 1128 811 1196 Mendaciloqui
845 1130 989 1183 enim
1041 1138 1222 1193 erant,
1266 1137 1326 1183 ut
1367 1130 1500 1195 dixi,
1531 1137 1587 1182 et
1636 1129 1880 1196 turpibus
1910 1128 1989 1181 vi-

420 1221 490 1272 cti
530 1220 885 1287 quaesticulis,
918 1221 983 1273 de
1011 1220 1171 1274 corde
1192 1234 1290 1274 suo
1313 1218 1657 1273 audientibus
1688 1219 1987 1287 loqueban-

424 1319 531 1372 tur,
566 1318 619 1360 ut
652 1311 913 1378 scriptum
951 1320 1056 1374 est,
1092 1328 1114 1359 ι
1164 1318 1220 1362 et
1254 1324 1360 1362 non
1403 1309 1469 1362 de
1497 1324 1591 1362 ore
1622 1307 1829 1362 Domini
1863 1308 1924 1362 ⁸³.
1962 1327 1981 1361 ι

419 1399 623 1473 Deinde
652 1415 772 1455 cum
809 1399 1028 1455 Iudaeos
1054 1400 1194 1453 istud
1225 1400 1409 1468 iniquo
1435 1399 1615 1454 animo
1647 1399 1790 1454 ferre
1826 1415 1990 1468 opor-

422 1498 580 1553 teret,
631 1490 706 1543 illi
762 1501 951 1544 contra
1005 1505 1099 1545 eos
1142 1490 1559 1555 venerabantur,
1609 1498 1663 1544 et
1721 1490 1989 1559 supremis

421 1581 714 1634 honoribus
779 1595 1045 1635 exornare
1107 1582 1415 1635 Studebant.
1467 1581 1756 1651 Postquam
1809 1593 1988 1638 autem

419 1672 713 1739 aliquando
751 1674 1086 1739 unigenitum
1122 1672 1215 1725 Dei
1257 1673 1491 1727 Verbum
1526 1674 1680 1729 nobis
1714 1676 2021 1744 apparuit,“

419 1762 597 1830 inepta
648 1772 701 1817 et
758 1763 985 1832 puerilia
1040 1762 1355 1817 idololatria:
1386 1762 1585 1818 ludicra
1615 1780 1838 1834 prorsus
1864 1781 1990 1822 eva-
2019 1747 2062 1802 Β

420 1863 658 1908 nuerunt
690 1864 742 1907 et
769 1854 1034 1908 exstincta
1068 1863 1213 1919 sunt,
1248 1863 1302 1909 et
1333 1854 1600 1909 sublatum
1633 1870 1753 1910 cum
1777 1871 1840 1911 ea
1880 1871 1991 1911 ne-

420 1944 616 1997 farium
642 1959 856 2012 quoque
887 1952 941 1995 et
983 1944 1202 2011 impium
1240 1943 1828 2013 pseudoprophetarum
1862 1956 1994 2001 stu-

421 2036 567 2088 dium
596 2035 685 2103 qui
721 2034 956 2102 maligno
998 2043 1052 2086 et
1086 2034 1361 2088 immundo
1387 2035 1579 2104 spiritu
1617 2036 1761 2106 pleni
1808 2046 1988 2104 erant,

420 2133 475 2179 et
498 2140 617 2178 cum
646 2125 911 2179 idolorum
935 2125 1232 2180 cultoribus
1252 2140 1509 2196 germano
1532 2142 1595 2182 ac
1627 2128 1787 2183 simili
1806 2143 1993 2184 errore

422 2215 608 2269 infecti
656 2215 939 2270 verissime
982 2215 1206 2283 coargui
1240 2216 1564 2285 potuissent.
1607 2216 1758 2273 Unus
1796 2220 1994 2288 quippe

423 2305 686 2360 ambobus
736 2305 1032 2372 impietatis
1074 2320 1294 2375 prmses,
1340 2308 1593 2362 nimirum
1628 2308 1876 2363 Satanas.
1903 2309 1995 2363 Ait

424 2396 587 2466 igitur
615 2412 630 2453 :
658 2412 677 2446 ι
712 2394 920 2449 'l‘ollam
959 2396 1023 2449 de
1056 2404 1198 2450 terra
1232 2397 1447 2451 nomina
1494 2398 1781 2464 idolorum,
1802 2409 1857 2453 et
1888 2415 1992 2454 non

422 2486 528 2540 erit
561 2486 817 2540 memoria
869 2485 1081 2540 illorum
1131 2488 1182 2541 in
1212 2488 1301 2541 die
1336 2488 1422 2540 illa
1454 2488 1515 2552 ¹⁵,
1557 2507 1576 2541 ι
1618 2491 1719 2544 hoc
1749 2499 1854 2552 est,
1905 2491 1997 2545 illo

426 2591 691 2649 tempore,
714 2595 821 2647 quo
850 2576 1086 2633 divinum
1112 2586 1165 2633 et
1197 2578 1417 2634 caeleste
1441 2578 1619 2634 lumen
1644 2579 1993 2649 splenduerit,

425 2681 482 2725 et
508 2671 560 2724 in
586 2670 887 2724 errantium
924 2668 1179 2724 cordibus
1210 2668 1451 2732 Lucifer,
1484 2684 1657 2740 quem.
1691 2669 1996 2741 intelligen-

426 2763 515 2816 tiae
540 2761 699 2815 oculo
730 2761 996 2820 videmus,
1039 2750 1262 2814 ex'ortus
1286 2760 1465 2825 fuerit,
1506 2770 1564 2813 ut
1595 2762 1854 2831 scriptum
1890 2772 1995 2828 est,

427 2863 484 2907 et
511 2851 767 2907 diluxerit
799 2850 933 2914 dies,
970 2850 1191 2920 antiqua
1216 2859 1374 2905 nocte
1404 2858 1457 2904 et
1482 2866 1601 2921 qua:
1629 2852 1680 2905 in
1710 2867 1770 2907 ea
1801 2853 1999 2907 fiebant

427 2941 683 3011 repulsis,
714 2948 793 3007 ut,
822 2940 992 2993 veteri
1023 2940 1363 2994 immunditia
1415 2941 1651 3006 sublata,
1684 2942 1901 2997 athletas.
1945 2952 2000 2997 et

2087 500 2182 554 καὶ
2225 500 2253 550 ὁ
2287 501 2572 570 προφήτης
2618 499 2854 567 ἔφασκεν
2890 496 3184 565 Ἱερεμίας,
3237 493 3373 563 πρὸς
3417 490 3510 549 τὸν
3556 491 3666 543 τῶν

2086 591 2221 643 ὅλων
2249 589 2733 657 κατεξουσιάζοντα
2765 588 2896 641 Θεόν
2916 605 2930 618 ·
2970 606 2987 638 ι
3029 587 3087 640 '0
3118 584 3213 648 ὢν,
3245 584 3441 653 Κύριε,
3478 582 3586 635 ἰδοὺ
3614 585 3665 635 οἰ

2088 678 2367 747 προφῆται
2420 678 2598 732 αὐτῶν
2638 675 3061 747 προφητεύουσι,
3111 674 3206 727 καὶ
3238 672 3520 739 λέγουσιν’
3551 671 3663 722 Οὐκ

2088 766 2283 835 ὄψεσθε
2324 768 2619 838 μάχαιραν,
2655 767 2753 819 καὶ
2784 765 2940 836 λιμὸς
2982 765 3081 817 οὐκ
3122 762 3274 816 ἔσται
3303 763 3359 814 ὲν
3386 762 3537 831 ὑμῖν,
3582 761 3667 812 ὅτι

2088 856 2342 926 ἀλήθειαν
2376 857 2470 910 καὶ
2502 858 2723 928 εἰρήνην
2762 856 2918 908 δώσω
2955 855 3048 908 ἐπὶ
3077 855 3175 923 τῆς
3215 854 3337 922 γῆς,
3374 852 3469 905 καὶ
3500 851 3558 905 ὲν
3586 848 3665 919 τῷ

2087 949 2238 1019 τόπῳ
2254 944 2452 1019 τούτῳ.
2479 968 2498 1002 ι
2535 948 2646 1002 Καὶ
2675 948 2810 1019 πρός
2841 964 2905 1015 γε
2943 945 3113 1001 ταῦτα
3137 945 3270 1007 Θεός
3290 961 3303 973 ·
3346 962 3365 995 ι
3393 941 3580 1010 Ψευδῆ
3613 942 3664 993 οἰ

2090 1042 2364 1112 προφῆται
2400 1039 2829 1112 προφητεύουσιν
2880 1040 2937 1093 ἐν
2978 1038 3056 1107 τῷ
3099 1034 3325 1106 ὀνόματί
3381 1051 3504 1104 μου.
3551 1034 3667 1086 Οὐκ

2088 1129 2382 1183 ἀπέστειλα
2417 1129 2642 1195 αὐτοὺς,
2674 1129 2770 1182 καὶ
2799 1128 2899 1181 οὐκ
2947 1125 3299 1195 ἐνετειλάμην
3333 1125 3538 1185 αὐτοῖς,
3572 1122 3667 1189 καὶ

2087 1221 2189 1273 οὐκ
2220 1220 2457 1290 ἐλάλησα
2488 1221 2623 1291 πρὸς
2653 1220 2869 1287 αὐτοὺς,
2908 1219 3003 1273 καὶ
3046 1218 3263 1288 ὁράσεις
3304 1216 3541 1285 ψευδεῖς,
3571 1213 3668 1266 καὶ

2091 1312 2372 1381 μαντείας,
2417 1312 2510 1364 καὶ
2537 1311 2897 1382 οἰωνίσματα,
2930 1309 3025 1363 καὶ
3057 1308 3405 1381 προαιρέσεις
3439 1301 3667 1377 καρδίας

2089 1403 2289 1467 αὐτῶν,
2320 1404 2471 1457 αὐτοὶ
2500 1403 2768 1474 ἐλάλησαν
2809 1400 2945 1472 πρὸς
2973 1399 3188 1464 αὐτοὺς,
3219 1400 3310 1451 καλ⁸
3348 1397 3500 1450 αὐτοὶ
3532 1412 3665 1464 προ-

2090 1494 2369 1561 εφήτευον.
2395 1512 2414 1543 ι
2443 1492 2773 1555 Ψευδοεπεῖς
2806 1492 2914 1562 γὰρ
2938 1489 3099 1561 ἦσαν,
3123 1488 3197 1547 ὡς
3223 1488 3379 1557 ἔφην,
3405 1487 3500 1539 καὶ
3523 1487 3665 1554 λημο

2094 1584 2299 1654 ματίων
2324 1584 2567 1655 αἰσχρῶν
2586 1583 2905 1654 ἡττώμενοι,
2924 1581 3289 1654 προσελάλουν
3305 1582 3418 1642 τοῖς
3447 1579 3631 1647 ὰκροω
3644 1606 3659 1614 -

2094 1675 2273 1745 μένοις
2307 1676 2374 1729 τά
2407 1676 2515 1729 ἀπὸ
2546 1674 2770 1745 καρδίας
2800 1674 2999 1737 αὐτῶν,
3045 1672 3188 1726 καθὰ
3213 1672 3543 1741 γέγραπται,
3572 1670 3665 1720 καὶ

2090 1769 2190 1822 οὐκ
2226 1768 2335 1822 ἀπὸ
2376 1769 2643 1837 στόματος
2692 1770 2918 1837 Κυρίου.
2964 1761 3099 1818 Εἶτα
3142 1763 3259 1816 δέον
3321 1764 3414 1815 ἐπὶ
3457 1760 3666 1821 τούτοις

2093 1856 2422 1922 ἀγανακτεῖν
2457 1854 2773 1917 Ἰουδαίους,
2818 1855 2883 1907 ἐκ
2928 1853 3037 1906 τῶν
3082 1851 3339 1905 ἐναντίων
3388 1848 3667 1902 ἐποιοῦντο

2094 1946 2345 2008 σεπτοὺς,
2377 1946 2471 1999 καὶ
2496 1947 2684 2014 τιμαῖς
2709 1945 2829 2007 ταῖς
2858 1943 3117 1998 ἀνωτάτω
3147 1939 3444 2010 στεφανοῦν
3472 1939 3669 1992 ἐσπού-

2092 2032 2269 2097 δαζον.
2288 2034 2437 2086 Ἐπεὶ
2468 2035 2524 2088 δὲ
2556 2034 2737 2087 λοιπὸν
2765 2034 3032 2103 ἐπέφανεν
3055 2033 3185 2103 ἡμῖν
3208 2032 3236 2083 ὁ
3260 2029 3549 2101 μονογενὴς
3570 2028 3665 2081 τοῦ

2095 2123 2228 2176 Θεοῦ
2259 2124 2452 2192 Λόγος,
2471 2124 2642 2195 ᾤχετο
2664 2126 2759 2195 μὲν
2788 2127 2865 2188 εἰς
2890 2126 3055 2191 ἅπαν,
3082 2125 3174 2176 καὶ
3197 2122 3500 2193 ὠλόθρευτο
3529 2137 3667 2173 παν-

2101 2216 2272 2278 τελῶς
2302 2218 2370 2271 τὰ
2401 2216 2583 2288 ψυχρὰ
2610 2218 2703 2269 καὶ
2734 2215 3065 2287 μειρακιώδη
3091 2218 3190 2285 τῆς
3224 2212 3669 2281 εἰδωλολατρείας

2096 2306 2407 2376 ἀθύρματα,
2454 2307 2812 2377 συνεξῄρηται
2843 2307 2899 2358 δὲ
2930 2306 3065 2376 αὐτῇ
3105 2307 3199 2358 καὶ
3232 2306 3293 2357 τὸ
3338 2304 3566 2358 ἔκτοπόν
3606 2319 3670 2355 τε

2097 2398 2191 2450 καὶ
2240 2397 2491 2460 δυσσεϐὲς
2543 2398 2879 2467 ἐπιτήδευμα
2930 2396 3038 2449 τῶν
3086 2394 3568 2466 ψευδοπροφητῶν,
3616 2393 3669 2447 οἱ

2098 2488 2334 2557 πονηροῦ
2361 2489 2455 2541 καὶ
2477 2490 2784 2559 ἀκαθάρτου
2812 2488 3120 2559 πνεύματος
3143 2487 3362 2557 ἔμπλεῳ
3387 2482 3547 2556 ἦσαν,
3574 2485 3676 2538 καὶ

2096 2581 2209 2641 τοῖς
2247 2578 2353 2631 τῶν
2394 2578 2629 2632 εἰδώλων
2673 2580 3035 2651 Θεραπευταῖς
3064 2578 3297 2649 ἀδελφὴν
3327 2578 3420 2631 καὶ
3456 2576 3674 2645 γείτονα

2097 2669 2377 2733 νοσοῦντες
2404 2669 2501 2741 τὴν
2531 2671 2791 2741 πλάνησιν
2820 2670 3263 2740 καταφωραθεῖεν
3290 2669 3376 2734 ἂν,
3403 2667 3498 2721 καὶ
3528 2667 3676 2739 μάλα

2098 2759 2291 2831 ὀρθῶς.
2318 2756 2410 2825 Εἷς
2449 2760 2556 2829 γὰρ
2591 2762 2793 2832 ἀμφοῖν
2816 2762 2912 2832 τῆς
2941 2760 3259 2822 δυσσεϐείας
3292 2761 3320 2813 ὁ
3351 2758 3672 2828 ἐπιστάτης,

2098 2852 2377 2905 τουτέστιν
2404 2854 2432 2905 ὁ
2460 2853 2723 2915 Σατανᾶς.
2760 2872 2779 2904 ι
2822 2850 3029 2923 Ἐξαρῶ
3080 2852 3280 2916 τοίνυν,
3330 2851 3517 2922 φησὶν,
3563 2850 3676 2903 ἀπὸ

2099 2942 2197 3012 τῆς
2228 2943 2331 3013 γῆς
2378 2942 2447 2996 τὰ
2491 2943 2729 3014 ὀνόματα
2780 2944 2886 2997 τῶν
2942 2944 3195 3009 εἰδώλων,
3245 2945 3339 2998 καὶ
3386 2945 3485 2996 οὐκ
3517 2943 3674 2996 ἔσται

430 3033 603 3086 sancti
639 3034 952 3086 adoratores
986 3033 1051 3086 de
1094 3040 1292 3086 caetero
1339 3035 1771 3090 conversationis
1799 3045 1998 3091 sancta;

2101 3036 2279 3088 αὐτῶν
2318 3036 2476 3105 μνεία
2531 3038 2587 3088 ὲν
2631 3039 2696 3106 τῇ
2728 3036 2910 3107 ἡμέρᾳ
2946 3036 3151 3109 ἐκείνῃ,
3175 3055 3194 3088 ι
3237 3036 3505 3102 τουτέστι,
3553 3035 3675 3088 κατ’

429 3124 769 3179 ornamentis
814 3121 1087 3188 instructi,
1138 3122 1302 3176 vitam
1360 3123 1414 3177 in
1455 3123 1672 3180 Christo
1717 3127 1992 3195 suspicere

2100 3127 2305 3181 ἐκεῖνον
2319 3098 2424 3180 ’τὸν
2462 3128 2650 3198 καιρὸν
2930 3127 2996 3182 ἂν
3027 3098 3268 3181 τὸῃθεῖον
3301 3130 3396 3181 καὶ
3437 3098 3678 3196 ιτὲουρά-

428 3213 728 3268 videantur.
1786 3204 1789 3207 ί
2103 3236 2213 3273 νιον
2241 3219 2428 3291 λάμψῃ
2459 3219 2593 3287 φῶς,
2626 3220 2726 3273 καὶ
2754 3221 2810 3272 ὲν
2840 3222 2958 3283 ταῖς
2996 3219 3105 3273 τῶν
3136 3220 3503 3290 πλανωμένων
3534 3234 3679 3289 καρ-

427 3302 567 3365 δίαις
623 3302 651 3350 ὁ
690 3300 878 3369 νοητὸς
911 3301 1187 3372 ἑωσφόρος
1225 3301 1498 3373 ἀνατείλῃ,
1532 3302 1672 3356 κατὰ
1710 3304 1772 3357 τὸ
1802 3307 2210 3377 γεγραμμένον,
2239 3310 2507 3382 διαυγάσῃ
2535 3310 2593 3362 δὲ
2632 3309 2835 3381 ἡμέρα,
2881 3310 2976 3379 τῆς
3013 3310 3181 3364 πάλαι
3220 3309 3413 3374 νυκτὸς
3465 3309 3677 3379 ἀπελη-

428 3393 789 3466 λαμένης,κα“ι
814 3392 922 3445 τῶν
946 3394 1002 3445 ὲν
1022 3393 1155 3463 αὐτῇ
1178 3392 1497 3463 δρωμένων·
1527 3394 1633 3460 ἵνα,
1661 3396 1758 3464 τῆς
1783 3398 2014 3467 ἀρχαίας
2051 3398 2385 3470 ἀκαθαρσίας
2450 3400 2814 3474 ἐξῃρημένης,
2851 3403 2899 3453 οἱ
2941 3400 3171 3471 ἀθληταὶ
3204 3404 3299 3455 καὶ
3330 3402 3474 3471 ἆγιοι
3501 3418 3677 3471 προσ-

430 3491 662 3561 κυνηταί⁸
716 3488 991 3558 φαίνοιντο
1044 3487 1229 3540 λοιπὸν
1294 3488 1393 3556 τῆς
1446 3489 1679 3556 εὐαγοῦς
1736 3491 2007 3556 πολιτείας
2046 3496 2434 3565 ἀνημμένοιτὰ
2458 3500 2891 3569 αὐχήματα,καί
2955 3497 3051 3567 τὴν
3074 3502 3129 3552 ὲν
3164 3498 3383 3569 Χριστῷ
3403 3498 3676 3568 τιμῶντες

428 3586 598 3655 ζωήν.

501 3676 667 3746 789
691 3675 850 3731 Vnus.
889 3677 944 3730 '5.
981 3675 1046 3729 Et
1081 3679 1198 3743 erit,
1240 3679 1287 3732 si
1314 3680 1693 3747 prophetaueril
1720 3682 1872 3734 homo
1910 3682 1995 3735 ul-

433 3780 536 3835 tra,
583 3781 630 3824 et
655 3771 790 3823 dicet
814 3770 881 3822 ad
900 3786 1016 3823 eum
1039 3781 1185 3840 pater
1215 3780 1263 3824 et
1279 3782 1447 3825 muter
1465 3773 1577 3840 ejus
1599 3773 1687 3841 qui
1709 3788 1995 3843 genuerunt

430 3877 548 3914 eum
573 3877 591 3914 :
620 3859 744 3913 Non
783 3861 940 3925 vives,
984 3863 1231 3929 quoniam
1258 3865 1585 3917 mendacium
1617 3864 1824 3919 locutus
1853 3883 1904 3920 es
1945 3869 1996 3918 iu

434 3952 641 4006 nomine
690 3952 934 4017 Domini,
978 3965 1023 4006 et
1069 3958 1390 4023 compedith
1443 3973 1562 4011 eum
1604 3970 1752 4027 paler
1787 3960 1901 4027 ejus
1950 3969 2001 4011 et

432 4055 600 4119 mater
636 4048 749 4112 ejus
804 4045 892 4114 qui
945 4057 1235 4115 genuerunt
1289 4064 1438 4112 eum,
1487 4065 1603 4102 cum
1670 4050 1999 4119 prophetam

430 4114 559 4204 ipse.
811 4181 816 4186 .

505 4227 734 4284 XCVI".
777 4228 949 4284 Tanta
998 4234 1300 4287 reverentia
1340 4232 1483 4287 illius
1518 4232 1699 4287 saeculi
1745 4233 2002 4289 mortales

2175 3682 2281 3736 Καὶ
2316 3682 2507 3747 ἔσται,
2537 3685 2645 3736 ἐὰν
2670 3687 3057 3754 προφητεύσῃ
3087 3686 3393 3753 ἄνθρωπος
3435 3684 3542 3749 ἐτι,
3570 3688 3674 3739 καὶ

2102 3774 2225 3841 ἐρεῖ
2262 3776 2407 3842 πρὸς
2452 3775 2637 3829 αὐτὸν
2668 3779 2701 3831 ό
2743 3776 2939 3845 πατὴρ
2973 3777 3069 3829 καί
3106 3778 3144 3844 ἡ
3167 3776 3363 3844 μήτηρ
3400 3773 3586 3828 αὐτοῦ
3619 3778 3678 3830 ot

2105 3870 2509 3937 γεννήσαντες
2537 3870 2751 3921 αὐτόν’
2790 3870 2872 3922 Οὐ
2904 3866 3077 3935 (rion,
3110 3868 3198 3920 ὅτι
3230 3865 3425 3935 ¹ψευδῆ
3459 3864 3681 3932 ἐλάλη-

2099 3976 2214 4023 σας
2245 3961 2314 4011 ἐν
2351 3958 2591 4026 ὀνόματι
2617 3960 2858 4023 Κυρίου,
2893 3958 2988 4012 καὶ
3019 3957 3463 4025 σινμποδιοῦσιν
3488 3958 3681 4009 αὑτὸν

2100 4052 2132 4102 ό
2160 4048 2357 4115 πατὴρ
2402 4048 2589 4101 αὐτοῦ
2618 4048 2715 4100 καὶ
2743 4048 2780 4116 ὴ
2800 4048 2996 4115 μήτηρ
3029 4046 3215 4100 αὐτοῦ
3252 4050 3306 4099 οἰ
3344 4045 3680 4115 γεννήσαν-

2101 4158 2199 4204 τες
2235 4140 2424 4193 αὐτὸν
2450 4140 2518 4192 ἐν
2549 4138 2628 4203 τῷ
2659 4140 3055 4207 προφητεύειν
3080 4138 3284 4191 αὐτόν.

2173 4233 2294 4298 ι,ιιο.
2337 4230 2584 4300 Τοσαύτη
2637 4247 2720 4294 τις
2755 4230 2905 4282 ἔσται
2954 4230 3082 4299 περί
3108 4229 3168 4281 τὸ
3197 4228 3339 4281 θεῖον
3368 4226 3529 4288 αἰδὼς
3564 4228 3679 4281 τῶν

434 4334 630 4373 numen
682 4334 1099 4390 prosequentur,
1147 4324 1342 4392 inquit,
1381 4323 1624 4391 adeoque
1667 4324 1731 4378 de
1766 4325 2000 4394 perfecta

2104 4323 2377 4394 τηνικάδε,
2405 4324 2557 4394 φησί,
2588 4322 2896 4391 φροντιοῦσι
2944 4320 3000 4372 δὲ
3046 4319 3191 4373 οὕτω
3237 4321 3335 4389 τῆς
3380 4321 3460 4381 εἰς
3504 4320 3680 4388 ἄκρον

435 4411 701 4480 probitate
729 4421 781 4466 et
813 4414 917 4466 vita
967 4414 1223 4469 laudabili
1257 4422 1416 4469 erunt
1458 4415 1697 4482 solliciti,
1736 4425 1794 4471 ut
1837 4417 2000 4472 etiam

438 4510 686 4570 parentes
718 4503 820 4572 ipsi
856 4505 933 4557 ad
978 4505 1149 4557 zelum
1195 4514 1249 4558 et
1298 4505 1431 4559 iram
1463 4506 1748 4559 adversum
1802 4508 2002 4563 liberos

433 4605 788 4659 cxacuantur,
823 4596 962 4663 quod
1007 4610 1132 4648 cum
1170 4595 1302 4648 falsa
1351 4595 1556 4662 dicant,
1588 4612 1648 4651 se
1681 4601 2002 4668 prephetare

434 4684 663 4753 ﬁngant,
691 4694 745 4739 et
774 4685 842 4739 de
874 4686 1037 4739 corde
1079 4700 1176 4739 suo
1226 4685 1535 4754 loquantur,
1564 4688 1719 4755 quasi
1753 4688 1893 4743 Deus
1932 4690 1997 4743 ad

434 4775 581 4844 ipsos
620 4776 781 4830 verba
825 4774 1063 4829 fecisset.
1098 4793 1116 4825 ι
1151 4775 1535 4849 Compedibus,
1584 4777 1780 4846 inquit,
1818 4778 1990 4847 impii.

431 4867 634 4921 cabunt
673 4883 820 4933 eum,
855 4886 873 4919 ι
907 4867 1008 4921 hoc
1058 4876 1162 4929 est,
1211 4875 1269 4919 ut
1323 4877 1593 4922 amentem
1647 4878 1703 4922 et
1756 4870 1999 4923 insanum

434 4958 691 5021 vincient,
744 4972 1030 5025 morasque
1084 4957 1351 5020 tollentes,
1401 4960 1557 5012 morti
1597 4976 1718 5013 eum
1771 4961 2003 5014 destina-

432 5048 586 5111 bunt,
616 5050 657 5101 si
689 5049 739 5101 in
772 5049 872 5101 hoc
903 5046 1087 5101 morbo
1116 5049 1219 5101 ﬁxe
1245 5049 1685 5118 impudenterqne
1724 5052 2002 5104 manserit.

434 5139 741 5215 Satisrenim
778 5147 862 5190 est
891 5136 998 5191 illis
1033 5139 1098 5191 ad
1138 5139 1365 5206 quodvis
1406 5140 1722 5209 supplicium
1748 5142 1798 5193 in
1828 5141 1993 5193 lilium

2098 4415 2398 4476 ἐπιεικείας
2441 4415 2535 4466 καὶ
2580 4413 2905 4480 ἁξιαγάστου
2957 4410 3119 4480 ζωῆς,
3151 4410 3290 4463 ὥστε
3336 4410 3429 4462 καὶ
3480 4408 3677 4477 γονέας

2098 4504 2294 4565 αὐτοὺς
2348 4502 2495 4563 ἰδίοις
2544 4499 2902 4569 ἐπιθήγεσθαι
2949 4499 3158 4561 τέκνοις
3205 4498 3417 4568 ζηλοῦν,
3451 4499 3511 4549 τὸ
3546 4498 3677 4560 τοὺς

2095 4592 2409 4659 ψευδοεπεῖς
2443 4589 2805 4661 προφητεύειν
2849 4588 3383 4658 ἀποπλαττομένους,
3414 4589 3507 4641 καὶ
3535 4588 3676 4640 ἀπο-

2097 4682 2409 4751 φθέγξοιντο
2433 4681 2500 4733 τά
2525 4682 2633 4733 τῶν
2664 4681 2771 4734 ἀπὸ
2806 4682 3049 4751 καρδίας,
3090 4680 3163 4743 ὼς
3198 4680 3331 4732 Θεοῦ
3378 4679 3673 4747 λελαληκὸ-

2105 4791 2214 4836 τος.
2273 4793 2291 4824 ι
2321 4773 2677 4842 Συμποδιοῦσι
2726 4775 2833 4844 γὰρ
2884 4773 3067 4836 αὑτὸν,
3096 4791 3114 4822 ι
3172 4774 3337 4841 φησί,
3385 4771 3672 4834 τουτέστι,

2104 4863 2630 4933 καταδεσμεύσουσιν
2677 4865 2753 4926 ὼς
2799 4864 3036 4933 ἕκφρονά
3090 4880 3146 4915 τε
3206 4864 3298 4915 καὶ
3355 4862 3673 4932 μεμηνότα.

2104 4955 2467 5024 μελλήσαντες
2516 4954 2573 5007 δὲ
2624 4954 2795 5017 οὐδὲν,
2828 4953 3166 5026 καθοριοῦσιν
3198 4953 3359 5006 αὐτοῦ
3391 4955 3479 5006 τὸν
3507 4952 3676 5006 θάνα-

2099 5063 2209 5110 τον,
2240 5047 2289 5097 εἰ
2330 5045 2563 5115 ἕμμονόν
2594 5063 2654 5097 τε
2683 5045 2775 5097 καὶ
2805 5044 2993 5115 ἀναιδῆ
3023 5045 3121 5115 τὴν
3158 5043 3251 5096 ἐπὶ
3286 5045 3421 5113 τῷδε
3468 5047 3678 5117 ποιοῖτο

2099 5139 2269 5189 νόσον.
2289 5136 2524 5207 Ἀπόχρη
2570 5136 2677 5205 γὰρ
2721 5136 2906 5198 αὐτοῖς
2952 5137 3030 5198 εἰς
3074 5136 3133 5187 τὸ
3178 5136 3286 5187 δεῖν
3319 5134 3536 5187 ἃπασαν
3576 5132 3675 5185 τοῦ

433 5230 851 5291 decernendum,
878 5229 1018 5295 quod
1052 5229 1188 5282 falsa
1218 5231 1271 5282 in
1299 5231 1516 5283 nomine
1545 5232 1752 5284 Domini
1789 5232 1996 5284 locutus

2098 5224 2280 5284 παιδὸς
2305 5224 2592 5293 καθορίσαι
2640 5223 2795 5293 δίκην
2821 5223 2960 5286 τόδε,
2988 5224 3069 5276 ὅτι
3092 5223 3259 5293 ψευδῆ
3289 5223 3581 5292 λελάληκεν
3613 5223 3678 5277 ὲν

432 5321 521 5372 sit.
545 5319 673 5372 Vide
703 5327 878 5371 autem
913 5334 1074 5386 quam
1113 5336 1240 5375 vere
1274 5322 1375 5373 hoc
1409 5321 1608 5373 dictum
1635 5323 1726 5385 sit,
1755 5333 1808 5373 et
1836 5337 1995 5388 quam

2098 5317 2316 5385 ὀνόματι
2346 5316 2768 5387 Κυρίου.”Αθρει
2801 5316 2857 5369 δὲ
2900 5316 3087 5387 ὥσπερ
3118 5316 3267 5370 ἐστὶν
3293 5315 3499 5386 ἀληθὴς
3526 5319 3555 5368 ὁ
3581 5315 3678 5368 λὸο

431 5406 681 5458 stabilem
716 5417 986 5461 Increatnr
1021 5409 1176 5463 [idem
1205 5408 1500 5477 prmdictio.
1536 5408 1668 5474 Quis
1714 5409 1855 5462 enim
1906 5425 1998 5462 no-

430 5506 602 5550 strnm
655 5496 967 5554 toleraverit
1006 5500 1165 5556 hodie
1222 5501 1302 5553 sic
1356 5501 1763 5569 prophetantcin
1809 5514 1994 5567 quem-

503 5682 546 5714 “
580 5681 775 5737 Ezech.
805 5696 914 5746 xlv,
950 5680 1035 5733 15.

2091 5423 2207 5473 γος,
2242 5406 2337 5458 καί
2387 5406 2449 5458 τὸ
2503 5406 2716 5475 βέϐαιον
2772 5410 2851 5471 εἰς
2900 5408 3081 5461 πίστιν
3127 5410 3161 5478 ὴ
3214 5406 3676 5478 προαναφώνησις

2095 5496 2229 5565 ἔχει.
2262 5497 2359 5558 Τίς
2405 5496 2513 5567 γὰρ
2541 5497 2647 5548 τῶν
2676 5497 2797 5549 καθ’
2831 5500 2973 5567 ἡμᾶς
2998 5498 3475 5569 διακαρτερήσειεν
3510 5496 3579 5551 ἂν
3611 5496 3679 5551 ὲν

1117 5680 1159 5709 ²⁹
1194 5678 1325 5732 Ibid.
1365 5678 1445 5733 Η.
1523 5678 1562 5707 ⁸³
1593 5678 1791 5731 .lcl'cm.
1829 5692 1981 5743 χχιιι,
2016 5676 2097 5729 16.
2177 5675 2221 5706 ’⁵
2247 5673 2287 5727 ll
2316 5673 2459 5728 [’ctr.
2490 5692 2522 5736 I,
2555 5677 2640 5730 19.
