3934 6318
491 241 600 297 255

1494 237 1552 294 5.
1597 236 1867 292 (LYlllLlJ
1908 238 2376 293 ALEXANDRINI
2409 239 2726 296 ARClllEP.

3667 246 3779 302 27-6

499 353 910 423 recentiumque
951 369 1129 407 rerum
1162 351 1467 406 differentia
1503 355 1594 418 sit,
1636 361 1814 404 tecum
1864 362 2074 418 reputa.

2188 353 2469 423 ἀγαπητοῦ
2510 354 2728 424 ἑκάστῳ
2769 353 2876 408 τῶν
2902 353 3022 407 καθ’
3049 355 3220 424 ἡμᾶς,
3249 357 3277 408 ό
3311 355 3419 408 τῶν
3449 360 3780 428 γεγεννηκό-

493 446 829 500 Ferebantur
852 444 995 498 enim
1029 444 1079 497 in
1116 442 1288 497 oculis
1317 441 1436 496 falsi
1467 444 1761 512 prophetae,
1795 445 2072 513 gloriaque

488 549 541 591 et
591 538 848 607 Opinione
893 538 1031 590 bona
1075 535 1359 598 florebant,
1399 549 1496 589 nec
1541 549 1635 588 eos
1685 536 1807 587 talia
1852 546 2072 604 agentes

491 627 614 681 facti
663 627 984 696 ptenitebat.
1027 628 1122 680 Ast
1161 628 1414 695 pra-senti
1453 635 1718 696 tempore,
1763 629 1807 680 si
1844 627 1936 693 qui
1976 643 2070 681 eo-

491 735 604 769 rum
643 719 794 784 sequi
827 717 1082 771 vaticinia
1139 719 1432 782 voluerint,
1467 719 1820 787 increpantur
1847 729 1900 772 et
1940 735 2071 773 con-

489 807 807 871 funduntur,
835 819 888 862 et
930 819 1217 878 parentum
1249 810 1472 865 calculis
1505 811 1570 864 ad
1614 825 1825 880 ptenam
1875 825 2073 865 vocan-

490 910 598 967 tur,
639 882 998 972 resipiscunt,
1039 912 1094 957 ut
1131 903 1220 970 qui
1259 904 1558 972 peccarint,
1597 902 1801 972 lugent,
1837 903 2074 971 plorant,

487 993 735 1046 humanae
775 1005 985 1048 natura:
1020 994 1448 1048 imbecillitatem
1479 995 1980 1065 proclivitatemqne
2011 995 2078 1049 ad

490 1085 820 1152 peccandum
853 1086 1189 1141 confitentes.
1219 1086 1377 1157 791
1432 1087 1505 1140 De
1545 1095 1686 1140 terra
1733 1087 1876 1140 enim
1912 1088 2074 1156 spiri-

491 1189 580 1231 tus
610 1177 920 1231 immumlus
950 1178 1250 1232 Salvatoris
1280 1179 1453 1234 nostri
1487 1176 1613 1233 Iesu
1647 1177 1846 1232 Christi
1879 1178 2076 1233 virtute
2113 1159 2136 1176 ⁸

491 1275 867 1337 potestateque
904 1269 1150 1322 sublatus
1185 1277 1288 1324 est.

2173 446 2454 516 των.⁹ὐρα
2489 448 2667 498 τοίνυν
2707 447 2803 517 ὅση
2842 446 2923 508 τίς
2953 446 3101 499 ἐστιν
3135 450 3167 518 ή
3200 448 3308 500 τῶν
3340 449 3508 502 πάλαι
3554 452 3654 503 καὶ
3685 451 3776 504 νῦν

2174 537 2516 606 πραγμάτων
2544 536 3224 607 διαφορά.Ἐθαυμάζοντο
3277 539 3374 610 μὲν
3413 540 3522 611 γὰρ
3551 542 3600 592 οί
3635 544 3777 613 παρ’

2173 628 2403 691 ἐκείνοις
2434 627 2902 700 ψευδοπροφῆται,
2938 631 3030 683 καὶ
3061 625 3202 701 ἦσαν
3248 633 3305 682 ἐν
3353 631 3482 702 δόξῃ
3513 632 3609 686 καὶ
3644 634 3781 685 ὑπο-

2173 718 2332 790 λήψει
2361 723 2596 791 χρηστῇ,
2638 722 2732 774 καὶ
2767 722 2940 775 ταῦτα
2967 722 3202 794 δρῶντες
3229 723 3349 776 οὐδὲ
3391 725 3774 794 μετεμέλοντο.

2181 812 2339 864 Κατὰ
2367 811 2421 864 δέ
2448 828 2510 880 γε
2532 812 2620 865 τὸν
2653 815 2983 883 ἐνεστηκότα
3009 814 3223 884 καιρὸν,
3243 817 3290 867 εἰ
3315 814 3376 885 δή
3409 833 3553 878 τινες
3576 817 3776 870 ἕλοιντο

2188 905 2309 965 ταῖς
2341 902 2562 957 ἐκείνων
2606 903 2884 973 μαντείαις
2935 905 3376 970 κατακολουθεῖν,
3416 908 3760 975 ἐπιτιμῶντα

2189 995 2282 1046 καὶ
2309 993 2783 1064 καταισχύνοντας,
2815 996 2908 1047 καὶ
2939 999 3059 1058 ταῖς
3101 995 3208 1048 τῶν
3243 998 3659 1067 γεγεννηκότων
3690 1015 3780 1051 κο-

2185 1086 2435 1150 λάζονται
2468 1087 2688 1158 ψήφοις,
2729 1088 3228 1158 μεταγινώσκουσιν
3268 1090 3340 1152 ὡς
3373 1092 3778 1162 ἡμαρτηκότες,

2184 1177 2440 1232 πενθοῦσι
2492 1181 2585 1232 καὶ
2619 1180 2888 1242 κλαίουσι,
2928 1181 3026 1252 τὴν
3055 1182 3154 1250 τῆς
3184 1182 3531 1252 ἀνθρωπείας
3562 1184 3779 1250 φύσεως

2181 1271 2571 1341 ὁμολογοῦντες
2597 1272 2882 1324 ἀσθένειαν
2901 1273 2991 1324 καὶ
3010 1273 3067 1325 τὸ
3089 1275 3362 1326 εὐόλισθον
3384 1277 3458 1336 εἰς
3477 1277 3779 1346 ἁμαρτίαν.

501 1353 791 1429 Ἀνῄρηται
817 1359 925 1430 γὰρ
955 1361 1013 1412 τὸ
1046 1359 1262 1431 πνεῦμα
1292 1361 1352 1414 τὸ
1377 1361 1686 1434 ἀκάθαρτον
1717 1361 1823 1415 ἀπὸ
1848 1361 1951 1432 τῆς
2011 1362 2115 1433 γῆς
2153 1366 2220 1435 τῇ
2259 1364 2351 1417 τοῦ
2432 1365 2682 1433 Σωτῆρος
2734 1363 2892 1433 ήμῶν
2933 1363 3109 1433 Ἰησοῦ
3157 1363 3392 1434 Χριστοῦ
3444 1365 3677 1433 δυνάμει
3724 1380 3782 1417 τι

486 1449 580 1501 καὶ
613 1449 851 1522 ἐξουσίᾳ.

565 1542 784 1596 Vens.7.
807 1541 1151 1611 R/tomphtca,
1175 1561 1426 1613 consurge
1453 1561 1606 1612 super
1629 1553 1887 1610 pastorem
1913 1560 2082 1598 meum
2114 1552 2157 1607 B

489 1645 534 1686 et
559 1649 714 1700 super
738 1633 902 1687 virum
947 1637 1104 1687 civem
1130 1634 1264 1702 ejus,
1295 1635 1422 1687 dicit
1453 1633 1705 1687 Dominus
1729 1635 2075 1703 omnipotens.

481 1725 714 1800 a-l'ercute
750 1734 1111 1792 pastorem,et
1155 1727 1522 1796 dispergentur
1564 1742 1702 1791 oves,
1753 1736 1800 1777 et
1828 1726 2077 1781 inducant

472 1833 700 1870 '-manunt
729 1833 897 1871 meam
922 1833 1080 1886 super
1108 1827 1364 1886 pastores.

558 1995 621 2051 C.
662 1996 801 2050 Deus
827 2005 878 2050 et
906 1994 1066 2050 Pater
1094 1997 1373 2067 prOprium
1399 1997 1594 2052 Filium
1621 2015 1775 2052 suum
1809 2015 1904 2070 pro
1923 2000 2079 2055 nobis

491 2089 830 2154 tradidit",
867 2088 1262 2156 dispensatorie
1323 2091 1526 2158 SillellS,
1606 2095 1853 2163 quamvis
1912 2093 2076 2146 Deum

491 2192 546 2236 et
605 2197 671 2235 ex
737 2197 795 2236 se
846 2183 1168 2236 naturaliter
1223 2181 1589 2252 inexplicabili
1645 2185 1804 2240 modo
1853 2201 2079 2255 genera-

478 2285 626 2340 tum,
653 2284 707 2328 et
747 2275 800 2328 in
857 2275 1028 2328 forma
1064 2275 1205 2328 servi
1246 2276 1452 2340 venire,
1503 2285 1556 2330 et
1591 2277 1863 2331 hominem
1926 2278 2080 2333 nobis

492 2366 720 2420 similem
748 2365 864 2420 fieri
893 2366 957 2431 ‘7,
981 2375 1035 2420 et
1055 2383 1274 2421 crucem
1313 2371 1607 2433 sustinere,
1640 2380 1697 2422 ιιι
1739 2369 1941 2422 mundo
1989 2386 2077 2423 sa-

495 2460 654 2513 lutem
681 2460 1010 2525 restitueret,
1037 2468 1090 2513 et
1122 2457 1337 2513 Satanae
1381 2460 1434 2511 in
1497 2477 1686 2514 (llllllC‘S
1744 2462 2078 2515 dominatum

489 2561 724 2616 erueret,
753 2561 807 2605 et
840 2553 1109 2620 impuram
1136 2551 1492 2606 idololatrian:
1520 2562 1792 2607 everteret
1850 2567 1900 2608 ct
1941 2553 2080 2606 vati-

492 2645 840 2708 cinationem,
880 2645 1380 2714 pseudoprophetas
1405 2655 1459 2698 et
1518 2646 1849 2715 imposturas
1885 2636 1954 2699 ex.
1983 2661 2081 2699 suo

495 2735 761 2804 cuiusque
787 2736 954 2789 corde
1015 2735 1289 2804 prolectas
1345 2737 1603 2802 aboleret,
1657 2737 1893 2790 auferret
1952 2737 2078 2790 item

493 2822 740 2893 spiritqu
783 2824 1122 2878 immundum
1147 2825 1214 2878 de
1254 2832 1420 2888 terra,
1457 2834 1510 2878 et
1533 2829 1792 2878 mundum
1821 2838 2079 2895 praeterea

2269 1539 2570 1608 Ῥομφιιιά,
2601 1530 2940 1608 ἑξεγέρθητι
2972 1539 3072 1592 ἐπὶ
3109 1541 3216 1594 τὸν
3249 1541 3502 1609 ποιμένα
3525 1561 3650 1611 μου
3684 1544 3782 1598 καὶ

2180 1633 2274 1686 ἐπ’
2307 1631 2498 1700 ἄνδρα
2537 1632 2798 1699 πολίτην
2837 1631 3045 1696 αὑτοῦ,
3093 1631 3255 1702 λέγει
3297 1635 3512 1700 Κύριος
3560 1652 3783 1688 παντο-

2181 1723 2427 1792 κράτωρ.
2473 1723 2750 1787 Πάταξον
2803 1722 2910 1776 τόν
2960 1725 3234 1793 ποιμένα,
3278 1725 3372 1778 καὶ
3429 1725 3780 1792 διασκορπι-

2180 1818 2472 1886 attriuerat
2499 1818 2572 1871 τὰ
2603 1818 2885 1884 πρόϐατα,
2919 1816 3016 1869 καὶ
3059 1816 3260 1882 ἐπάξω
3295 1817 3408 1886 τὴν
3453 1817 3626 1887 χεῖρά
3659 1835 3776 1887 po;

2180 1910 2277 1963 ἐπὶ
2311 1910 2452 1975 τοὺς
2483 1909 2792 1978 ποιμένας.

2250 1999 2329 2054 P'.
2370 1999 2609 2053 Δέδωκεν
2645 2000 2784 2072 ὑπὲρ
2818 2000 2976 2072 ήμῶν
3007 2001 3097 2053 τὸν
3129 2000 3256 2053 ἴδιον
3287 2001 3414 2052 Υίδν
3450 2004 3476 2054 ό
3511 2001 3644 2064 Θεὸς
3679 2003 3778 2054 καὶ

2181 2087 2391 2158 Πατήρ,
2429 2088 2578 2156 ἐφεὶς
2608 2089 2990 2159 οἰκονομικῶς,
3031 2090 3210 2142 καίτοι
3250 2090 3381 2142 Θεὸν
3413 2090 3540 2144 ὄντα
3588 2093 3686 2144 καὶ
3721 2093 3778 2154 ἐξ

2181 2181 2344 2232 αὑτοῦ
2394 2179 2532 2232 κατά
2577 2181 2738 2248 φύσιν
2774 2182 3103 2252 ἀπορρήτοις
3131 2181 3552 2252 γεγεννημένον,
3590 2183 3686 2234 καὶ
3723 2186 3778 2234 ἐν

2181 2273 2243 2340 τῇ
2282 2269 2375 2322 τοῦ
2409 2269 2596 2322 δούλου
2642 2274 2824 2342 μορφῇ
2868 2271 3208 2335 καθικέσθαι,
3240 2272 3333 2324 καὶ
3367 2271 3651 2342 ἄνθρωπον
3688 2289 3781 2339 γε·

2181 2361 2368 2414 νέσθαι
2398 2362 2521 2414 καθ’
2553 2365 2723 2432 ἡμᾶς,
2760 2365 2853 2414 καὶ
2883 2363 3177 2432 ἀνατλῆναι
3217 2363 3465 2434 σταυρὸν,
3509 2363 3592 2414 ἵνα
3626 2363 3778 2434 σώσῃ

2180 2451 2270 2504 τὸν
2301 2451 2527 2520 κόσμον,
2562 2452 2655 2503 καὶ
2700 2453 2992 2522 ἀποστήσῃ
3022 2453 3120 2521 τῆς
3155 2453 3294 2504 κατά
3341 2453 3554 2505 πάντων
3585 2453 3780 2506 πλεον-

2182 2543 2326 2606 εξίας
2356 2544 2446 2595 τὸν
2475 2545 2740 2608 Σατανᾶν,
2777 2543 2980 2615 καθέλῃ
3023 2544 3081 2596 δὲ
3116 2543 3208 2597 καὶ
3235 2543 3331 2615 τὴν
3361 2543 3587 2614 βέϐηλον
3630 2545 3780 2597 είδω·

2181 2635 2516 2707 λολατρείαν,
2542 2637 2635 2689 καὶ
2659 2638 2986 2708 καταργήσῃ
3016 2638 3293 2706 μαντείαν,
3323 2637 3780 2711 ψευδοπροφήτας

2181 2745 2240 2779 τε
2281 2728 2372 2780 καὶ
2402 2728 2526 2790 τοὺς
2581 2730 2644 2778 ἐκ
2695 2727 2920 2797 καρδίας
2963 2730 3354 2799 φενακισμοὺς,
3384 2731 3550 2801 ἐξάρῃ
3591 2731 3650 2783 δὲ
3681 2734 3775 2785 καὶ

2182 2818 2242 2871 τὸ
2271 2818 2485 2888 πνεῦμα
2517 2819 2579 2871 τὸ
2608 2818 2916 2889 ἀκάθαρτον
2950 2821 3057 2872 ἀπὸ
3087 2824 3184 2890 τῆς
3233 2823 3353 2891 γῆς,
3386 2823 3479 2874 καὶ
3525 2823 3664 2893 πρός
3712 2841 3775 2892 γε

493 2918 845 2970 coastitueret
899 2913 1287 2982 formaretque,
1336 2915 1585 2967 seductos
1651 2914 1718 2966 ad
1777 2914 2078 2967 divinitatis

2188 2912 2247 2983 δὴ
2276 2913 2505 2975 τούτοις,
2549 2912 2637 2964 ἵνα
2686 2912 3099 2982 καταστήσηται
3138 2912 3235 2983 τὴν
3274 2914 3364 2965 ὑπ’
3398 2914 3648 2984 οὐρανὸν,
3688 2932 3783 2985 με·

490 3007 827 3078 agnitionem
859 3007 1222 3066 transferens,
1258 3020 1458 3073 eosque
1481 3005 1545 3058 ad
1577 3005 1692 3074 pias
1728 3013 1780 3058 et
1825 3007 2078 3060 honestas

494 3098 615 3152 vitae
640 3099 876 3152 rationes
907 3105 961 3151 et
988 3099 1055 3150 ad
1093 3098 1400 3165 opinionem
1433 3097 1732 3165 omnigenus
1770 3096 1987 3150 virtutis
2014 3098 2077 3150 tle

493 3206 553 3246 se
583 3189 930 3260 pra-bendam
973 3188 1277 3255 impellens.
1318 3187 1466 3241 llanc
1492 3187 1559 3242 ob
1601 3201 1819 3240 causam
1849 3198 2076 3240 mortem

495 3297 662 3352 super
691 3282 852 3352 ligno,
883 3294 1190 3350 quanquam
1225 3277 1808 3348 ignominiosissimam,
1840 3279 2076 3346 pertulit,

496 3374 812 3428 conlusione
840 3380 1170 3440 contempta,
1211 3386 1335 3424 cum
1362 3370 1439 3424 sic
1498 3369 1594 3438 ipsi
1656 3369 1766 3422 Deo
1820 3379 1875 3422 et
1928 3369 2078 3424 Patri

498 3466 853 3525 videretur“.
885 3463 954 3518 Et
986 3465 1088 3517 tale
1124 3463 1374 3531 quiddam
1422 3463 1574 3516 nobis
1609 3463 1718 3531 ipse
1743 3460 1910 3515 Filius
1956 3461 2079 3515 sult-

499 3561 738 3615 0stendit
773 3575 895 3612 cum
928 3559 1031 3611 ait:
1071 3577 1089 3608 ι
1120 3556 1254 3621 Quia
1281 3555 1534 3609 descendi
1564 3555 1629 3607 de
1659 3555 1816 3620 cmlo,
1852 3569 1959 3608 non
2023 3564 2080 3608 ut

497 3653 692 3706 faciam
723 3651 1057 3705 voluntatem
1099 3662 1291 3713 meam,
1328 3645 1421 3700 sed
1451 3647 1784 3700 voluntatem
1820 3645 1934 3712 ejus
1985 3643 2076 3713 qui

497 3743 644 3796 misit
675 3757 780 3794 me.
808 3739 928 3792 lltec
956 3746 1037 3792 est
1063 3749 1245 3790 autem
1266 3736 1510 3790 voluntas
1539 3735 1655 3806 ejus
1679 3736 1770 3805 qui
1801 3738 1947 3789 misit
1971 3751 2075 3801 me,

499 3841 556 3883 ut
588 3843 745 3882 omne
768 3827 910 3896 quod
941 3825 1087 3880 dedit
1140 3824 1270 3878 mihi
1331 3840 1441 3879 non
1502 3830 1719 3894 perdam
1763 3841 1830 3880 ex
1859 3841 1944 3890 eo,
1981 3827 2076 3880 sed

502 3920 823 3976 resuscitem
851 3917 981 3972 illud
1020 3917 1073 3972 in
1102 3917 1400 3972 novissimo
1439 3917 1524 3972 die
1566 3919 1629 3970 ¹⁹.
1672 3938 1690 3970 ι
1735 3919 1801 3972 Et
1832 3928 1890 3974 ut
1939 3921 2080 3973 divi-

502 4030 601 4067 nus
629 4011 825 4068 Paulus
846 4011 1081 4067 scribit:
1121 4029 1140 4062 ι
1191 4008 1485 4080 Propterea
1543 4009 1793 4067 Christus
1836 4027 2081 4066 mortuus

497 4114 585 4159 est
612 4115 666 4158 et
697 4103 913 4169 revixit,
933 4111 992 4158 ut
1021 4112 1357 4157 mortuorum
1394 4113 1448 4157 et
1480 4103 1722 4156 vivorum
1771 4103 2078 4156 dominare-

504 4212 586 4251 tur
611 4197 708 4251 ³⁸.»
751 4195 940 4252 Posuit
974 4197 1138 4266 igitur
1169 4197 1404 4250 animam
1438 4211 1590 4250 suam
1621 4196 1794 4249 libens
1828 4212 1925 4264 pro
1985 4212 2081 4250 no-

2186 3001 2421 3064 τατιθεὶς
2450 3003 2529 3061 εἰς
2556 3000 2886 3070 θεογνωσίαν
2909 3003 3034 3063 τοὺς
3057 3003 3530 3072 πεπλανημένους,
3551 3006 3788 3057 ἀναπεί-

2188 3093 2294 3146 θων
2325 3093 2538 3146 ἑλέσθαι
2568 3092 2664 3163 τὴν
2691 3093 2890 3163 εὐσεϐῆ
2921 3093 3014 3146 καὶ
3039 3095 3352 3165 εὐσχήμονα
3386 3095 3663 3150 πολιτείαν
3688 3098 3783 3149 καὶ

2188 3186 2295 3238 πᾶν
2327 3181 2470 3247 εἶδος
2513 3185 2715 3256 ἀρετῆς
2758 3185 2986 3256 ὁρᾶσθαι
3017 3186 3402 3257 τετιμηκότας.
3433 3187 3656 3260 Ταύτης
3687 3184 3783 3241 οὖν

2187 3278 2347 3330 ἕνεκα
2377 3277 2478 3346 τῆς
2512 3277 2692 3341 αἰτίας
2715 3277 2805 3331 τὸν
2836 3279 2927 3330 ἐπὶ
2957 3276 3112 3344 ξύλου
3143 3278 3396 3346 θάνατον,
3430 3281 3609 3333 καίτοι
3645 3281 3785 3333 πολὺ

2187 3370 2304 3422 λίαν
2329 3367 2517 3438 έχοντα
2554 3367 2615 3420 τὸ
2645 3369 2922 3435 δυσκλεὲς,
2958 3371 3273 3441 ὑπέμεινεν,
3313 3371 3576 3442 αἰσχύνης
3604 3389 3783 3427 καταο

2189 3460 2483 3530 φρονήσας,
2516 3457 2658 3511 οὕτω
2689 3460 2782 3511 καὶ
2814 3459 2961 3530 αὐτῴ
2995 3461 3186 3514 δοκοῦν
3216 3461 3293 3531 τῷ
3319 3461 3437 3532 Θεῷ
3464 3463 3557 3515 καὶ
3579 3461 3783 3530 Πατρί.

2187 3552 2380 3604 Καίτοι
2414 3551 2654 3604 τοιοῦτον
2685 3553 2817 3622 ἡμῖν
2841 3552 3131 3621 ὑποφαίνει
3166 3553 3341 3621 λέγων
3377 3553 3537 3616 αὐτὸς
3560 3556 3587 3606 ὁ
3611 3553 3748 3613 Υἱός
3770 3571 3784 3585 ·

2197 3645 2345 3695 ι”Οτι
2395 3644 2748 3714 καταϐέϐηκα
2781 3647 2844 3697 ἐκ
2876 3645 2970 3697 τοῦ
3010 3644 3262 3717 οὐρανοῦ,
3299 3646 3396 3714 οὐχ
3429 3645 3514 3697 ἵνα
3555 3645 3702 3697 ποιῶ
3729 3646 3788 3697 τὸ

2189 3734 2398 3804 θέλημα
2427 3735 2485 3787 τὸ
2519 3734 2666 3805 ἐμὸν,
2704 3735 2839 3788 ἀλλά
2873 3737 2933 3789 τὸ
2967 3736 3179 3806 θέλημα
3217 3736 3311 3789 τοῦ
3344 3737 3664 3807 πέμψαντός
3692 3755 3784 3808 με,

2188 3824 2356 3877 Τοῦτο
2387 3824 2443 3876 δέ
2469 3826 2585 3876 ἐστι
2617 3825 2678 3877 τὸ
2718 3825 2931 3896 θέλημα
2962 3825 3056 3878 τοῦ
3088 3825 3402 3897 πέμᾲαντός
3427 3843 3517 3895 με,
3557 3826 3648 3878 ἴνα
3675 3825 3787 3880 πᾶν

2187 3916 2215 3968 ὃ
2243 3917 2442 3970 δέδωκέ
2485 3935 2573 3987 μοι
2625 3917 2698 3989 μὴ
2733 3918 2983 3971 ἀπολέσω
3011 3919 3069 3985 ἐξ
3101 3917 3287 3984 αὐτοῦ,
3322 3917 3455 3971 ἀλλὰ
3489 3920 3788 3989 ἀναστήσω

2188 4010 2319 4062 αὐτὸ
2348 4012 2404 4064 ἐν
2429 4016 2496 4083 τῇ
2529 4014 2733 4086 ἐσχάτῃ
2759 4015 2963 4086 ἡμέρᾳ.
3001 4033 3020 4066 ›
3068 4014 3178 4068 Καὶ
3209 4013 3397 4085 ὥσπερ
3426 4015 3455 4066 ὁ
3489 4014 3788 4078 θεσπέσιος

2188 4105 2390 4172 γράφει
2426 4104 2658 4170 Παῦλος,
2697 4125 2714 4156 ι
2744 4106 2843 4161 Διά
2899 4106 3058 4160 τοῦτο
3110 4107 3346 4178 Χριστὲς
3390 4106 3635 4162 ἀπέθανε
3690 4111 3788 4164 καὶ

2189 4196 2468 4268 ἀνέζησεν,
2502 4198 2588 4249 ἵνα
2630 4199 2724 4250 καὶ
2770 4196 2981 4268 νεκρῶν
3019 4197 3113 4252 καὶ
3161 4197 3378 4262 ζώντων
3426 4198 3722 4272 κυριεύσῃ.
3767 4221 3785 4249 ι

503 4292 586 4344 his
618 4289 684 4357 ³⁸,
713 4300 921 4344 tantum
951 4304 1060 4345 non
1082 4289 1244 4344 etiam
1280 4305 1402 4344 eum
1441 4299 1499 4342 ut
1531 4287 1805 4342 hominem
1835 4284 2080 4342 volunta-

2191 4287 2418 4341 Τέθεικε
2447 4288 2625 4342 τοίνυν
2656 4289 2796 4344 ἐκὼν
2825 4290 2964 4360 ὑπὲρ
3000 4289 3156 4361 ἡμῶν
3186 4290 3284 4362 τὴν
3307 4291 3500 4362 ψυχὴν,
3535 4290 3706 4360 μόνον
3734 4294 3792 4344 δὲ

507 4395 556 4437 te
585 4398 678 4437 sua
712 4384 820 4438 Deo
845 4392 898 4438 et
927 4381 1089 4436 Patre
1123 4383 1387 4449 tradente,
1413 4391 1467 4436 et
1512 4379 1653 4434 velut
1702 4379 2048 4449 permittente
2070 4420 2084 4444 ,

507 4488 562 4530 ut
591 4475 720 4539 dixi,
756 4475 902 4530 illum
933 4473 1196 4545 sanguine
1239 4459 1350 4527 isno
1384 4472 1624 4526 nntnium
1677 4471 1837 4526 vitam
1881 4489 2083 4530 emere.

505 4569 688 4638 Itaque
725 4567 1000 4631 Servatur,
1037 4565 1207 4620 Pilato
1237 4564 1532 4618 arhitrante
1554 4578 1610 4617 se
1635 4566 1682 4617 in
1723 4565 1892 4632 ipsum
1922 4567 2083 4620 habe-

509 4682 564 4717 re
599 4669 940 4731 potestatem,
970 4657 1210 4714 occurrit
1245 4656 1318 4710 ita
1356 4673 1370 4709 :
1411 4675 1431 4704 ί
1476 4654 1588 4709 Non
1652 4657 1880 4711 haberes
1940 4669 2090 4727 pote-

451 4745 466 4749 ’
506 4764 696 4807 ειεινιιι
724 4747 1008 4806 adversum
1060 4764 1144 4804 me
1183 4749 1381 4813 ullam,
1421 4748 1521 4802 nisi
1559 4748 1651 4803 tibi
1709 4750 2085 4804 datum'csset

509 4845 736 4913 desuper
760 4845 857 4896 ²².›
900 4843 1191 4910 Postquam
1223 4840 1383 4909 igitur
1411 4853 1503 4893 ore
1531 4841 1805 4909 praphetae
1828 4856 2082 4908 praenun-

510 4940 658 4992 tiavit
694 4953 870 4992 rerum
897 4936 1256 4990 humanarum
1307 4931 1358 4985 in
1396 4931 1583 4985 melius
1609 4935 2082 4987 cmumutationem

508 5029 624 5081 fore
659 5028 971 5089 maximam,
1004 5022 1093 5076 ubi
1134 5023 1219 5076 ille
1249 5031 1476 5076 mortem
1517 5023 1570 5074 in
1609 5037 1836 5091 corpore
1859 5024 2088 5090 pertule-

510 5121 602 5183 rit,
633 5119 785 5186 Quasi
818 5117 1036 5168 festinat
1068 5126 1278 5181 tempus
1301 5113 1606 5178 ostendere,
1643 5129 1747 5181 quo
1773 5114 1886 5167 haec
1911 5114 2086 5168 futura

507 5212 637 5272 sint,
666 5220 718 5262 et
751 5207 1044 5275 perpetrari
1087 5206 1348 5274 passionis
1381 5205 1881 5276 mysteriumjubet,
1916 5207 2086 5276 ipsam

512 5298 879 5366 rhomphzeam
903 5297 1215 5361 adhortans,
1243 5313 1301 5350 ac
1326 5296 1543 5350 dicens:
1577 5315 1594 5346 ι
1625 5296 1902 5367 Consurge
1927 5316 2088 5369 super

515 5399 782 5457 pastorem
821 5401 1020 5452 meum,
1055 5396 1105 5440 et
1140 5401 1299 5455 super
1334 5385 1508 5438 virum
1542 5384 1712 5440 civem
1753 5385 1912 5456 792
1947 5388 2083 5458 ejus,

1175 5587 1214 5620 "
1247 5584 1473 5651 Philipp.
1512 5601 1569 5644 ll,
1607 5583 1720 5640 6—8.

1095 5659 1138 5686 "
1164 5655 1317 5710 Joan.
1358 5672 1467 5721 xu,
1498 5655 1582 5706 ll.

585 5588 627 5618 ιδ
662 5584 816 5640 Rom.
850 5602 964 5650 vin,
1006 5586 1092 5642 59..

514 5657 556 5687 “
595 5659 606 5710 l
643 5657 794 5712 Jnau.
828 5673 907 5723 ll',
939 5659 1017 5710 Ib.

1807 5583 1846 5615 ³⁸
1882 5583 2042 5639 llebr.
2079 5601 2174 5652 xu,
2206 5586 2240 5638 ἓ
2279 5600 2430 5642 seca.

2195 4377 2316 4448 οὐχὶ
2340 4377 2432 4430 καὶ
2453 4377 2781 4448 παραδόντος
2806 4377 2966 4432 αὐτὸν
2997 4378 3072 4442 ὡς
3095 4377 3381 4449 ἄνθρωπον
3411 4377 3523 4448 ἰδίῳ
3548 4377 3792 4446 νεύματι

2193 4469 2287 4522 τοῦ
2333 4468 2467 4522 Θεοῦ
2517 4471 2611 4522 καὶ
2654 4469 2890 4540 Πατρὸς,
2922 4471 3016 4522 καὶ
3053 4463 3163 4522 οἷον
3200 4469 3460 4538 ἐφιέντος,
3498 4468 3572 4532 ῶς
3621 4468 3792 4539 ἔφην,

2195 4562 2384 4632 αἵματι
2420 4561 2494 4631 τῷ
2531 4561 2644 4632 ἰδίῳ
2687 4563 2785 4632 τὴν
2839 4562 3093 4615 ἁπάντων
3143 4560 3406 4632 πρίασθαι
3455 4559 3620 4629 ζωήν.
3677 4562 3796 4612 Καὶ

2195 4655 2324 4723 γοῦν
2377 4653 2404 4704 ὁ
2453 4653 2674 4724 Σωτὴρ,
2730 4655 3007 4723 οἰηθέντος
3052 4654 3284 4706 Πιλάτου
3338 4649 3799 4714 κατεξουσιάζειν

2193 4741 2378 4807 αὑτοῦ,
2409 4743 2768 4814 προσυπήντα
2798 4743 2972 4811 λέγων
2993 4759 3005 4770 ·
3045 4762 3061 4793 ι
3092 4742 3208 4797 Οὐκ
3242 4737 3385 4810 εἶχες
3416 4740 3668 4804 ἐξουσίαν
3705 4744 3801 4794 οὖ-

2191 4833 2381 4904 δεμίαν
2421 4833 2542 4885 κατ’
2568 4831 2724 4903 ἐμοῦ,
2758 4835 2806 4886 εί
2843 4833 2918 4904 μὴ
2951 4829 3017 4904 ἦν
3058 4850 3140 4884 σοι
3177 4831 3458 4902 δεδομένον
3495 4829 3738 4884 ἄνωθεν.
3778 4853 3795 4881 ι

2193 4924 2734 4995 Προαφηγησὰμενος
2765 4924 2943 4976 τοίνυν
2975 4923 3062 4977 διὰ
3091 4925 3190 4994 τῆς
3225 4923 3317 4976 τοῦ
3348 4923 3631 4995 προφήτου
3672 4941 3798 4992 τρω-

2193 5016 2288 5086 νῆς
2327 5017 2400 5080 ὡς
2431 5016 2660 5089 πλείστη
2689 5017 2949 5090 τισήὲσται
2988 5017 3093 5069 τῶν
3122 5016 3480 5088 ἀνθρωπίνων
3513 5018 3799 5085 πραγμά-

2190 5123 2298 5159 των
2327 5107 2417 5160 ὲπὶ
2444 5109 2502 5161 τὸ
2534 5109 2753 5178 ἄμεινον
2798 5110 3134 5180 καταδρομὴ,
3179 5109 3442 5171 παθόντος
3490 5107 3662 5160 αὑτοῦ
3704 5111 3801 5163 τον

2191 5201 2247 5251 ἐν
2275 5201 2439 5270 σαρκὶ
2476 5201 2726 5266 θάνατον,
2762 5202 3043 5272 μονονουχὶ
3075 5202 3168 5254 καὶ
3191 5199 3508 5252 ἐπισπεύδει
3536 5199 3632 5251 τοῦ
3665 5217 3800 5254 και-

2193 5291 2287 5360 ροῦ
2321 5290 2416 5362 τὴν
2451 5291 2741 5359 ἀνάδειξιν,
2776 5293 2896 5345 καθ’
2928 5293 2984 5344 ὃν
3019 5292 3171 5346 ἔσται
3201 5292 3391 5358 ταῦτα,
3416 5292 3507 5343 καὶ
3536 5293 3801 5359 ἐνεργεῖ-

2193 5382 2316 5435 σθαι
2353 5385 2687 5455 προστέταχε
2719 5385 2780 5437 τὸ
2825 5386 2917 5438 ἐπὶ
2961 5385 3037 5456 τῷ
3072 5384 3234 5438 πάθει
3283 5385 3601 5456 μυστήριον,
3643 5382 3802 5455 αὐτῇ

2551 5588 2592 5618 ⁸³
2618 5585 2776 5643 Joan.
2810 5602 2884 5653 vt,
2917 5587 3003 5650 58,
3035 5589 3124 5645 59.
3202 5589 3245 5617 ὀ
3283 5587 3437 5640 Rom.
3488 5599 3601 5639 MV.
3641 5583 3704 5643 8.,
3743 5582 3803 5641 9.
