3934 6318
160 446 263 501 illi

990 428 1529 492 COMMENTAR'US
1568 425 1632 479 ΙΝ
1674 416 2069 476 ZACHARMM
2110 407 2543 467 PROPHETAM.

3310 378 3421 446 Ειηο

166 566 293 626 τοὺς
325 557 784 621 συνασπίζοντας,
801 554 893 607 καὶ
916 553 1034 613 ταῖς
1053 551 1161 604 τῶν
1188 547 1461 619 πολεμίων
1488 540 1745 613 φάλαγξι,
1777 538 1797 595 1

1889 532 2087 589 ostium
2129 528 2426 600 phalangas
2488 522 2786 579 exercitum
2837 521 3224 573 cxsttscttante.
3262 511 3419 565 Acci—

171 649 670 716 κατεξανιστῶντος
693 645 751 699 τὸ
781 644 1037 716 μάχιμον.
1066 639 1285 696 Νοεῖταί
1315 656 1378 708 γε
1416 636 1518 707 μὴν
1558 634 1633 696 ὡς
1656 630 1747 684 ἐπὶ

170 744 331 807 Θεοῦ,
360 739 649 815 μονονουχὶ
678 736 1059 808 συμπαρόντος
1086 751 1146 788 τε
1172 731 1269 786 καὶ
1293 739 1748 799 συμπαραταττο-

175 838 343 909 μένου
396 836 510 897 τοῖς
559 832 737 884 ἔθνεσι
780 830 894 891 τοῖς
940 823 1270 897 καταδῃοῦσι
1312 821 1410 892 τὴν
1469 814 1748 880 Ἰουδαίαν,

174 930 555 1000 πεπορθηκόσι
586 927 644 980 δὲ
676 923 769 977 καὶ
797 921 936 976 αύτά
965 920 1035 975 τὰ
1075 918 1445 989 Ἰεροσόλυμα.

247 999 594 1091 Μεμνῆμεθα
626 1017 702 1080 δὲ,
749 1016 831 1069 ὅτι
876 1014 972 1067 καὶ
1004 1015 1060 1066 ἐν
1105 1006 1439 1081 παραϐολαῖς
1469 999 1755 1070 εὐαγγελι-

178 1118 305 1179 καῖς
352 1112 593 1167 τοιοῦτόν
638 1110 691 1163 τε
732 1125 914 1180 φησιν.
956 1108 1014 1159 '0
1053 1105 1151 1176 μὲν
1185 1102 1293 1173 γάρ
1339 1096 1589 1170 βασιλεὺς
1630 1094 1755 1156 τοὺς

180 1208 397 1276 γάμους
429 1200 690 1256 ἐπιτελῶν
720 1199 798 1272 τῷ
830 1197 931 1268 υἱῷ
960 1195 1145 1259 αὑτοῦ,
1178 1193 1433 1262 πέπομφε
1462 1189 1588 1251 τοὺς
1613 1185 1759 1239 οἰκέ-

179 1314 283 1359 τας
316 1292 661 1362 συναγείρειν
692 1290 817 1353 τοὺς
865 1285 1254 1356 κεκλημένους.
1290 1282 1352 1334 Οἱ
1399 1279 1455 1333 δέ
1498 1277 1625 1339 τοὺς
1662 1291 1761 1329 κα-

180 1388 414 1449 λοῦντας
444 1384 692 1466 ,ἀνοσίως
741 1378 1195 1449 περιυϐρισαντες
1238 1375 1333 1428 καὶ
1379 1368 1756 1430 ἀπεκτονότες,

180 1477 497 1531 τελευταῖον
541 1477 630 1527 ἐπ’
678 1474 860 1535 αὐτοῖς
886 1471 1236 1541 διεχρήσαντο
1262 1467 1353 1519 τὸν
1382 1464 1514 1519 υἶόν.
1549 1457 1684 1516 Εἶτα
1709 1459 1761 1512 τι

185 1587 325 1637 φησι
349 1569 450 1636 τῆς
481 1565 794 1637 παραϐολῆς
819 1567 846 1617 ό
870 1563 1027 1631 λόγος
1049 1578 1063 1627 ;
1100 1579 1118 1612 ι
1141 1562 1200 1613 '0
1225 1559 1280 1612 δὲ
1315 1556 1568 1625 βασιλεὺς
1597 1551 1764 1624 ώργε-

188 1659 321 1728 σθη,
359 1658 455 1712 καὶ
487 1655 709 1725 πέμψας
740 1654 808 1708 τὰ
842 1651 1230 1725 στρατεύματα
1275 1646 1462 1710 αὐτοῦ,
1516 1643 1766 1698 ἀπώλεσε

187 1750 317 1811 τοὺς
346 1749 525 1816 φονεῖς
573 1745 844 1807 ἐκείνους,
880 1743 974 1796 κα)⁸
1002 1741 1100 1811 τὴν
1131 1740 1283 1793 πόλιν
1315 1736 1494 1790 αὐτῶν
1543 1733 1769 1803 ἐνέπρη-

191 1854 304 1891 σεν.
345 1856 365 1889 ι
399 1839 594 1890 Ἔσται
636 1835 699 1906 δὴ
741 1829 835 1886 οὖν
862 1835 928 1885 ἐν
954 1832 1073 1902 ἴσῳ,
1113 1831 1280 1900 φησὶ,
1330 1829 1441 1889 τοῖς
1483 1826 1541 1878 ἐν
1586 1823 1769 1895 ἡμέρᾳ

192 1930 556 2002 ⁸παρατάξεως
584 1925 1064 2009 ἀντανισταμένοις
1088 1920 1352 1993 γεννικῶς
1399 1918 1494 1971 καὶ
1521 1916 1771 1969 δαπανῶ-

194 2040 280 2075 σιν
310 2021 547 2091 ἐχθροῖς.
566 2016 863 2080 Ἀπόδειξις
891 2017 949 2068 δὲ
978 2014 1134 2067 τοῦτο
1167 2013 1267 2082 τῆς
1290 2013 1367 2074 εἰς
1394 2009 1546 2081 λῆξιν
1575 2007 1769 2077 ὀργῆς,

192 2114 289 2166 καὶ
312 2112 634 2182 νικημάτων
662 2112 773 2163 τῶν
800 2109 1085 2171 ἀνωτάτω,
1118 2107 1210 2159 καὶ
1238 2103 1468 2172 ἰσοπαλῆ
1494 2101 1592 2170 τὴν
1615 2099 1771 2168 νίκην

193 2201 496 2270 ἐπάγοντος
513 2202 622 2263 τοῖς
640 2200 719 2264 εἰς
742 2197 901 2253 αὐτὸν
921 2197 1395 2269 πεπαρῳνηκόσιν.
1415 2192 1772 2246 Ἀπεκτόνασι

192 2294 325 2364 γὰρ,
358 2293 434 2356 ὡς
462 2292 616 2365 ἔφην,
643 2292 732 2344 τὸν
763 2284 1003 2362 ἀρχηγὸν
1030 2291 1127 2360 τῆς
1159 2289 1326 2358 ζωῆς.
1366 2286 1584 2356 Ἐπειδὴ
1615 2285 1671 2338 δὲ
1701 2281 1772 2336 τὰ

195 2386 344 2455 πέρα
406 2384 589 2452 λόγου,
639 2384 733 2437 καὶ
781 2383 1057 2453 θαύματος
1104 2380 1304 2451 πρέποι
1356 2378 1421 2433 ἃν
1468 2379 1630 2447 αὐτῇ,
1681 2375 1775 2428 καὶ

200 2476 340 2548 μόνῃ
368 2474 634 2528 δύνασθαι
665 2473 964 2544 κατορθοῦν
991 2476 1058 2544 τῇ
1094 2473 1201 2525 τῶν
1231 2471 1367 2525 ὅλων
1399 2468 1630 2540 βασιλίδι
1675 2464 1777 2536 φύ-

204 2584 299 2631 av,
344 2565 524 2639 ταύτῃ
558 2582 638 2617 τοι
680 2566 843 2635 φησὶν
886 2567 960 2629 ὡς
990 2583 1007 2616 ι
1045 2565 1339 2634 Στήσονται
1381 2561 1479 2630 μὲν
1523 2559 1574 2611 ol
1620 2558 1779 2619 πόδες

199 2655 388 2721 αὑτοῦ,
443 2655 602 2725 δῆλον
636 2655 694 2707 δέ
740 2655 820 2707 ὅτι
864 2652 1122 2725 Χριστοῦ,
1168 2654 1227 2704 ἐν
1260 2653 1324 2721 τῇ
1366 2649 1549 2720 ἡμέρα
1596 2647 1780 2719 ἐκείνῃ

199 2747 293 2798 ἐπὶ
330 2746 393 2798 τὸ
436 2745 565 2816 δρος
596 2745 704 2798 τῶν
742 2746 985 2799 Ἐλαιῶν.
1028 2763 1047 2796 ι
1094 2744 1168 2797 Τὸ
1194 2743 1250 2796 δὲ
1293 2742 1473 2814 ῥήξεις
1522 2744 1783 2810 ὑπομενεῖ

197 2839 495 2909 τέσσαρας,
524 2837 619 2891 δύο
657 2838 773 2909 μὲν,
800 2839 879 2901 εἰς
906 2837 987 2908 ὴώ
1013 2854 1072 2890 τε
1098 2837 1192 2890 καὶ
1224 2838 1302 2899 εἰς
1325 2835 1585 2905 ἑσπέραν,
1615 2834 1783 2905 ἤγουν

200 2934 283 2996 εἰς
330 2932 612 2984 θάλασσαν
659 2929 842 2999 (οὕτω
887 2931 997 3000 γὰρ
1045 2929 1137 2982 τὸν
1199 2928 1298 2997 τῆς
1346 2929 1583 2995 ἑσπέρας
1622 2924 1784 2979 τόπον

202 3023 503 3078 ἀποκαλεῖν
544 3022 662 3086 ἔθος
695 3025 758 3093 τῇ
803 3020 1144 3091 θεοπνεύστῳ
1190 3018 1422 3090 Γραφῇ)
1446 3035 1458 3047 ·
1487 3017 1557 3070 τά
1583 3034 1646 3085 γε
1679 3017 1786 3087 μὴν

204 3116 366 3185 ἕτερα
396 3114 494 3167 δύο
534 3112 904 3167 κατανεύοντά
933 3128 1080 3176 πως,
1127 3111 1188 3164 τὸ
1222 3110 1319 3179 μὲν
1351 3111 1430 3172 εἰς
1457 3108 1656 3181 ἄρκτον
1693 3107 1786 3160 καὶ

209 3208 431 3279 βορρᾶν,
462 3208 523 3260 τὸ
552 3207 609 3259 δέ
640 3207 721 3269 el;
748 3207 917 3276 κλῖμα
945 3206 1007 3258 τὸ
1034 3200 1786 3277 νότιον.-Καταρραγήσεσθαι

209 3298 267 3350 δὲ
306 3297 401 3350 καὶ
461 3296 634 3359 αὐτάς
679 3295 782 3365 ἔφη
828 3296 926 3357 τὰς
977 3293 1262 3364 κορυφάς,
1314 3293 1388 3355 ὡς
1440 3290 1538 3353 τὰς
1586 3289 1788 3360 μεταξὺ

210 3386 500 3458 πληρῶσαι
540 3387 832 3457 φάραγγας
852 3426 865 3449 ,
898 3386 1178 3456 ἀδοκήτως
1206 3383 1707 3454 κατασεσεισμένας
1735 3383 1791 3445 ἐς

224 3477 457 3547 ’Δσαήλ·
498 3475 663 3546 κώμη
709 3475 763 3527 δὲ
799 3474 938 3543 αὕτη
974 3472 1110 3544 πρὸς
1154 3475 1453 3544 ἐσχατιαῖς,
1496 3471 1571 3533 ώς
1615 3470 1791 3538 λόγος,

212 3569 305 3621 τοῦ
342 3569 509 3639 ὅρους
544 3567 794 3638 κειμένη.
829 3563 1160 3637 Παρεικάζει
1203 3582 1266 3635 γε
1296 3564 1402 3633 μὴν
1426 3563 1518 3615 τὸν
1543 3556 1643 3615 ὦδε
1677 3561 1793 3613 δια-

214 3661 379 3732 ϐριθῆ
431 3661 655 3730 σεισμὸν
711 3659 787 3731 τῷ
833 3659 1187 3730 γεγενημένῳ
1236 3656 1378 3709 κατὰ
1426 3655 1652 3727 καιροὺς
1699 3655 1796 3706 ἐπὶ

228 3752 429 3819 Ὀζὶον,
478 3752 574 3806 τοῦ
623 3751 716 3805 καὶ
773 3746 1045 3819 ’Λζαρὶου.
1098 3749 1319 3820 Ἐπειδὴ
1367 3747 1476 3817 γάρ
1521 3747 1647 3808 τοὺς
1699 3744 1798 3815 τῆς

220 3845 499 3914 βασιλείας
532 3843 733 3896 διέπων
763 3843 973 3906 θώκους
1023 3844 1079 3895 ἐν
1111 3843 1223 3903 τοῖς
1260 3838 1671 3911 Ἱεροσολύμοις,
1702 3836 1797 3891 ἅτε

217 3935 283 4005 δὴ
326 3938 422 3989 καὶ
480 3935 744 4004 ὑπάρχων
794 3937 858 3988 ἐκ
894 3933 992 4004 τῆς
1044 3934 1109 3986 ‘Ic
1126 3931 1213 3985 367.
1261 3930 1453 4001 φυλῆς,
1498 3929 1798 3999 τετόλμηκε

221 4024 555 4095 παρανόμως
605 4022 711 4075 τῶν
767 4022 866 4097 τῆς
915 4022 1212 4092 ἱερωσύνης
1269 4019 1507 4087 ἅψασθαι
1555 4018 1800 4088 λειτουρ-

221 4115 378 4183 γιῶν,
412 4114 748 4186 λελέπρωται
784 4114 883 4185 μὲν
924 4112 1108 4176 εὐθὺς,
1152 4111 1287 4164 Θεοῦ
1325 4109 1382 4163 δὲ
1436 4109 1499 4180 δὴ
1540 4111 1661 4163 τότε
1701 4109 1800 4179 τὴν

225 4207 317 4258 ἐπὶ
365 4206 580 4268 τούτοις
621 4204 792 4276 ὀργὴν
833 4202 1207 4276 ἐμφαίνοντος,
1252 4199 1579 4271 κατεδονήθη
1614 4196 1800 4262 δεινῶς

224 4297 332 4351 τῶν
368 4296 636 4351 Ἰουδαίων
672 4298 705 4368 ἡ
740 4298 915 4367 χώρα,
947 4295 1039 4349 καὶ
1073 4293 1209 4347 αὐτὰ
1244 4293 1299 4345 δὲ
1321 4292 1389 4346 τά
1426 4290 1796 4362 Ἰεροσόλυμα.

227 4388 336 4441 Καὶ
375 4387 454 4457 δὴ,
487 4387 580 4439 καί
629 4404 763 4456 φασι
816 4386 877 4440 τὸ
924 4386 1052 4457 ὅρος
1089 4385 1150 4437 τὸ
1196 4382 1333 4436 Σιὼν
1382 4383 1632 4436 τοσοῦτον
1668 4384 1801 4436 ὑπο-

227 4480 412 4548 μεῖναι
444 4478 653 4541 κλόνον,
686 4477 762 4541 ὡς
810 4478 1042 4547 ῥαγῆναι
1094 4475 1193 4546 μὲν
1247 4475 1327 4538 εἰς
1371 4474 1462 4527 δύο
1514 4476 1801 4544 τμήματα,

223 4568 577 4639 ἐμφραγῆναι
640 4568 696 4622 δέ
736 4570 857 4631 ταῖς
903 4567 1338 4639 παρακειμέναις
1386 4565 1654 4636 φάραγξι,
1704 4564 1803 4628 τὰς

1851 624 2043 698 pieuda
2077 630 2199 676 sunt
2218 631 2399 673 autem
2421 623 2479 670 ut
2504 616 2570 669 de
2595 613 2721 677 Deo,
2751 617 2961 665 tantum
2989 623 3093 661 non
3131 613 3419 675 praesente,

1851 694 1905 771 et
1931 711 2091 768 simul
2113 712 2165 764 iu
2202 709 2315 762 acie
2333 712 2510 762 stante
2532 718 2652 757 cum
2687 699 2935 767 gentibus
2962 694 3198 750 Juda'am
3232 707 3423 762 perva-

1858 803 2148 866 stantibus,
2174 797 2335 870 797
2364 797 2642 866 ipsamque
2670 787 3098 857 Hierosolymam
3124 781 3421 837 evertenti-

1855 907 1975 951 Dus.
2788 932 2795 937 Ι

1927 980 2273 1038 Meminimus
2322 989 2485 1048 porro
2522 973 2685 1028 etiam
2729 970 2783 1025 in
2814 965 3084 1035 parabolis
3105 962 3429 1034 evangelicis

1860 1074 1966 1130 tale
2029 1071 2281 1142 quiddam
2353 1075 2588 1121 exstare.
2666 1060 2779 1114 Rex
2845 1060 2988 1112 enim
3047 1055 3157 1108 tilio
3220 1051 3429 1120 nuptias

1861 1167 2090 1228 faciens,
2112 1161 2461 1215 misitservos
2490 1168 2615 1208 suos
2637 1144 2982 1206 ut‘iuvitatos
3012 1149 3424 1213 congregarent.

1860 1257 1957 1311 Ast
1989 1254 2060 1309 illi
2093 1267 2214 1305 cum
2251 1245 2686 1312 vocantesimpie
2733 1250 2787 1295 et
2813 1237 3231 1307 injuriosissime
3290 1247 3436 1288 accc-

1838 1352 1982 1417 'ptos
2009 1336 2657 1403 occidissent,novissime
2677 1332 2839 1386 etiam
2873 1329 3039 1384 filium
3065 1334 3431 1398 peremerunt.

1864 1437 2004 1504 Quid
2042 1433 2235 1489 deinde
2266 1427 2559 1500 parabole?
2592 1444 2609 1477 ι
2642 1424 2753 1479 Rex
2782 1433 2959 1477 autem
3017 1421 3188 1474 iratus
3226 1427 3329 1482 est,
3383 1424 3436 1472 et

1868 1527 2052 1582 missis
2078 1524 2406 1585 exercitibus
2437 1520 2552 1575 suis
2578 1517 2809 1586 perdidit
2843 1513 3143 1569 homicidas
3187 1512 3330 1575 illos,
3383 1524 3435 1563 et

1867 1621 2143 1674 civitatem
2179 1616 2391 1669 illorum
2422 1611 2699 1666 succendit
2730 1607 2798 1661 “.
2832 1625 2851 1659 ι
2874 1605 3104 1660 Perinde
3125 1605 3287 1674 igitur
3312 1603 3435 1662 erit.

1870 1715 2063 1783 inquit,
2088 1721 2149 1763 ut
2182 1722 2302 1761 cum
2334 1706 2385 1760 in
2409 1704 2497 1757 die
2519 1701 2799 1757 conﬂictus
2849 1711 3106 1769 generose
3146 1695 3204 1749 in
3257 1694 3441 1748 hostes

1872 1820 2042 1875 usque
2079 1803 2143 1856 ad
2176 1797 2600 1855 internecionem
2627 1787 3085 1859 insurgitur.Qn:e
3116 1787 3445 1841 demonstra-

1802 1910 1841 1963 Β
1874 1899 1948 1953 tio
1981 1908 2062 1952 est
2095 1899 2186 1951 irae
2215 1902 2491 1951 extremae,
2518 1896 2572 1942 et
2603 1885 2844 1939 victoriae
2875 1881 3134 1943 caelestis,
3196 1886 3247 1932 ει
3290 1877 3358 1931 iis
3414 1892 3469 1929 a.

1874 1990 2067 2060 quibus
2096 1986 2356 2055 probrose
2378 1992 2461 2034 est
2514 1977 2755 2043 habitus,
2798 1972 2947 2044 paria
2990 1985 3113 2026 cum
3177 1967 3446 2036 triumpho

1880 2081 2248 2140 rentetientis.
2297 2073 2688 2130 Interfecerunt
2718 2067 2881 2130 enim,
2920 2074 2982 2120 ut
3010 2063 3145 2126 dixi,
3173 2068 3443 2116 auctorea-

1874 2181 1999 2232 vitre
2024 2176 2088 2227 “.
2119 2171 2382 2239 Quoniam
2465 2181 2595 2219 vero
2650 2162 2819 2230 ipsam
2879 2166 2932 2211 et
2983 2155 3151 2211 solam
3210 2150 3448 2206 omnium

1877 2272 2116 2340 reginam
2141 2274 2384 2318 naturam
2411 2258 2562 2311 decet
2600 2267 2815 2307 omnem
2840 2247 3098 2304 orationis
3136 2244 3447 2299 facultatem

1877 2374 1933 2417 et
2003 2354 2411 2413 admirationem
2500 2342 2808 2416 superantia
2904 2338 3160 2409 przeclare
3240 2333 3450 2388 efficere

1879 2465 2057 2523 posse,
2102 2451 2219 2501 ideo
2250 2442 2426 2498 dicit:
2470 2459 2488 2491 ι
2515 2437 2747 2492 Stabunt
2798 2431 2962 2499 pedes
3011 2428 3148 2497 ejus,
3196 2444 3215 2478 ι
3250 2423 3451 2478 Christi

1880 2545 2087 2611 utique,
2118 2558 2135 2591 ι
2165 2541 2217 2593 in
2259 2538 2347 2591 die
2375 2536 2460 2587 illa
2491 2544 2653 2598 super
2674 2532 2906 2581 montem
2963 2521 3248 2574 olivarum.
3282 2535 3300 2567 ι
3355 2514 3451 2579 Qui

1882 2642 2114 2704 quatuor
2183 2638 2433 2696 rnpturas
2508 2623 2763 2692 patietur,
2815 2619 2946 2670 duas
2998 2611 3215 2684 quidem
3275 2616 3454 2676 partes

1882 2726 2144 2779 orientem
2193 2730 2243 2773 et
2269 2730 2518 2773 occasum
2544 2727 2751 2777 versus,
2780 2710 2893 2763 sive
2922 2706 2987 2759 ad
3026 2717 3175 2758 mare
3198 2701 3298 2769 (sic
3315 2701 3456 2753 enim

1884 2817 2141 2872 divinitus
2168 2811 2430 2880 inspirata
2459 2806 2738 2874 Scriptura
2811 2808 3020 2871 partem
3073 2791 3456 2849 occidentalem

1887 2909 2160 2978 appellare
2187 2898 2668 2967 consuevit),alias
2699 2893 2833 2947 duas
2858 2889 3160 2950 tendentes,
3199 2899 3358 2937 uuam
3394 2885 3487 2934 ad,

1886 3012 2097 3054 arctum
2126 3007 2179 3052 et
2203 2995 2529 3065 aquilonem,
2564 2989 2786 3043 alteram
2805 2986 2869 3039 ad
2898 2991 3160 3037 austrum.
3179 2978 3295 3047 Ipsa
3325 2989 3459 3040 quo.-
3521 3023 3530 3032 ,

1887 3108 1992 3163 que
2020 3087 2302 3145 cacumina
2335 3079 2701 3149 diruptam-iri
2733 3078 2828 3142 ait,
2854 3084 2912 3128 ut
2936 3072 3141 3127 medias
3171 3067 3337 3122 valles
3358 3068 3461 3119 im-

1888 3186 2089 3256 pleant,
2117 3178 2413 3250 improviso
2437 3185 2703 3229 concussa
2734 3182 2902 3237 usque
2944 3165 3010 3219 ad
3049 3161 3230 3225 Asael,
3261 3159 3375 3229 qui,
3407 3169 3464 3211 ut

1819 3282 1861 3340 C
1894 3278 2088 3338 fertur,
2117 3273 2268 3326 vicus
2302 3278 2385 3323 est
2414 3267 2467 3321 in
2498 3271 2742 3319 extremo
2788 3272 3006 3314 recessu
3049 3253 3246 3309 utentis
3307 3251 3461 3304 situs.

1895 3368 2185 3435 Comparat
2218 3370 2394 3413 autem
2418 3358 2561 3410 hunc
2591 3366 2809 3423 gravent
2846 3355 3210 3403 terratmotum
3250 3341 3351 3405 illi,
3374 3340 3471 3408 qui

1898 3433 2229 3527 temporibus
2267 3451 2412 3507 Ozias
2451 3448 2566 3501 sive
2626 3442 2836 3499 Azaria:
2880 3437 3123 3506 contigit.
3174 3433 3491 3498 Postquam

1897 3551 2039 3605 enim
2078 3541 2466 3613 Hierosolymis
2491 3540 2542 3592 in
2592 3536 2786 3591 throno
2810 3532 2959 3598 regni
2990 3529 3301 3591 collocatus,
3342 3532 3400 3573 ut
3436 3534 3469 3574 e

1897 3640 2039 3695 tribu
2093 3637 2227 3691 Juda
2275 3611 2606 3704 progenitus,
2686 3623 3043 3680 ministerium
3123 3611 3463 3672 sacerdotale

1901 3730 2143 3802 improbe
2171 3742 2330 3782 ausus
2352 3720 2809 3793 capessere,lepra
2836 3714 3065 3769 foedatus
3090 3708 3310 3775 εει,ωο
3332 3704 3473 3758 bane

1900 3828 1968 3880 ob
2003 3835 2224 3877 causam
2247 3833 2306 3873 se
2344 3818 2537 3870 iratum
2576 3810 2860 3882 prodente,
2904 3795 3472 3859 horribiliterJudmo-

1903 3901 2018 3973 rum
2050 3915 2215 3984 regio,
2236 3921 2396 3980 atque
2425 3908 2588 3962 etiam
2654 3905 2766 3971 ipsa
2830 3895 3213 3965 Hierosolyma.
3253 3896 3474 3944 contre-

1902 4004 2115 4061 muit-"7.
2158 4004 2324 4057 Aiunt
2354 4001 2480 4053 item
2519 3997 2688 4065 ipsam
2718 4002 2932 4061 quoque
2971 3985 3100 4039 Sion
3130 3985 3204 4035 ita
3250 3989 3494 4047 quassa-.

1906 4109 2035 4164 tam,
2064 4106 2121 4151 ut
2145 4097 2196 4149 in
2239 4095 2373 4149 duas
2405 4097 2587 4160 partes
2636 4084 3056 4149 dirumperetur,
3107 4085 3159 4129 et
3195 4070 3359 4124 valles
3385 4069 3474 4120 ad-

1899 4160 2142 4264 jacentes
2171 4186 2311 4256 iugis
2354 4184 2470 4252 ejus
2518 4177 2887 4250 opplerentur.
2947 4169 3051 4224 Per
3094 4160 3466 4235 hujuscemodi

1906 4257 2246 4342 lerrazmotus
2281 4276 2539 4349 propheta
2568 4270 2724 4326 nobis
2755 4267 2968 4319 videtur
3000 4260 3148 4316 illum
3177 4257 3473 4315 insinuare,

1905 4392 2062 4447 quem
2099 4376 2150 4427 in
2174 4367 2472 4426 veneranda
2489 4362 2844 4420 ct'ucilixioue
2884 4356 3080 4411 factum
3140 4345 3475 4417 evangelica-

1907 4486 2024 4523 rum
2061 4462 2498 4537 prmdiczttionum
2560 4453 2697 4509 sacri
2742 4449 2972 4503 ministri
3019 4445 3469 4499 commemorant.

1905 4560 1962 4615 lu
1990 4560 2074 4613 bis
2102 4558 2263 4625 igitur
2296 4568 2418 4607 eum
2456 4562 2641 4603 casum
2689 4542 2858 4597 fusius
2891 4536 3131 4607 exponit.
3192 4530 3476 4586 Mattha'us

224 4660 495 4731 κορυφάς.
530 4661 716 4712 Ἔοικε
745 4659 800 4714 δὲ
829 4658 917 4713 διά
943 4659 1146 4714 τούτων
1183 4661 1315 4731 ἡμῖν
1346 4660 1373 4711 ό
1399 4659 1685 4728 προφήτης
1711 4657 1797 4709 τὸν

1908 4648 2343 4720 sapientissimus
2371 4637 2698 4696 breviterita
2752 4641 2971 4687 narrat:
3009 4645 3030 4680 ι
3069 4626 3229 4681 Iesus
3291 4628 3474 4674 autem

2951 4722 2962 4731 .
3000 4720 3035 4731 ._
3400 4708 3459 4731 η,

226 4752 454 4822 σεισμὸν
482 4751 805 4823 ύποδηλοῦν,
835 4752 892 4806 ὂν
922 4752 979 4804 ἐν
1001 4752 1079 4823 τῷ
1114 4752 1281 4822 τιμίῳ
1318 4750 1535 4821 σταυρῷ
1572 4752 1805 4820 γεγενῆε

227 4845 350 4897 σθαί
386 4861 551 4912 φασιν
574 4846 625 4897 οἱ
661 4844 770 4897 τῶν
797 4843 1165 4913 εύαγγελικῶν
1194 4842 1564 4913 κηρυγμάτων
1591 4843 1734 4911 ἱερου
1746 4858 1803 4909 ρο

224 4938 331 5003 γοί.
389 4937 735 5007 Πλατύτερον
792 4937 889 5007 μὲν
945 4933 1037 4990 οῦν
1088 4939 1145 4990 ἐν
1191 4936 1399 4999 τούτοις
1445 4936 1472 4987 ὁ
1518 4936 1804 5006 προφήτης

226 5030 595 5100 διαμέμνηται
618 5029 712 5081 τοῦ
744 5028 1166 5100 συμϐεϐηκότος.
1218 5028 1277 5081 Ὀ
1309 5027 1366 5079 δέ
1393 5043 1457 5094 γε
1489 5023 1803 5096 σοφώτατος

226 5120 359 5188 ἡμῖν
412 5120 690 5182 Mat-Baio;
734 5119 1156 5188 ἐπιτεμνόμενος
1192 5117 1289 5187 τὴν
1339 5117 1614 5187 ἀφήγησιν
1658 5113 1801 5167 οὕτω

228 5207 417 5277 φησίν*
457 5228 475 5260 ι
498 5207 556 5261 ’0
589 5209 647 5261 δὲ
692 5207 897 5277 Ἰησοῦς
947 5207 1105 5262 πάλιν
1136 5207 1342 5277 κράξας
1374 5208 1523 5277 φωνῇ
1554 5205 1763 5276 μεγάλῃ
1785 5247 1798 5267 ,

226 5299 411 5370 ἀφῆκε
451 5301 512 5353 τὺ
562 5299 802 5371 πνεῦμα.
848 5300 957 5354 Καὶ
1001 5298 1110 5352 ἰδοὺ
1155 5299 1216 5351 τὸ
1268 5300 1662 5366 καταπέτασμα
1707 5296 1799 5348 τοῦ

226 5393 359 5445 ναοῦ
394 5393 620 5464 ἐσχίσθη
668 5393 749 5455 εἰς
790 5392 901 5455 δύο,
933 5391 1040 5445 ἀπὸ
1070 5391 1273 5444 ἀνωθεν
1301 5391 1404 5453 ’έως
1439 5389 1608 5453 κάτω,
1644 5382 1735 5441 καὶ
1771 5389 1803 5458 ἡ

224 5485 300 5552 γῆ
346 5484 585 5552 ἐσείσθη,
616 5485 712 5537 καὶ
744 5485 798 5537 αἱ
830 5483 1023 5553 πέτραι
1065 5482 1410 5552 ἐσχίσθησαν,
1440 5481 1532 5534 καὶ
1568 5482 1634 5533 τά
1668 5497 1807 5549 μνη-

233 5578 360 5644 μεῖα
394 5575 771 5648 ἀνεῴχθησαν,
808 5577 899 5630 καὶ
945 5573 1114 5627 πολλά
1144 5573 1372 5644 σώματα
1397 5572 1505 5624 τῶν
1544 5587 1807 5640 κεκοιμη-

238 5668 417 5738 μένων
446 5669 620 5737 ἁγίων
650 5667 879 5736 ἠγέρθη.
920 5687 938 5720 ι
959 5665 1174 5735 Ἐπειδὴ
1204 5665 1259 5718 δέ
1290 5664 1393 5734 χρὴ
1424 5666 1535 5726 τοῖς
1558 5661 1807 5732 γεγονόσι

1910 4746 2106 4798 iterum
2126 4739 2367 4791 clamans
2401 4746 2530 4786 voce
2585 4743 2800 4797 magna,
2860 4720 3043 4777 emisit
3079 4714 3353 4785 spiritum.
3400 4708 3463 4762 Et

1910 4835 2083 4885 velum
2109 4828 2287 4897 templi
2323 4825 2550 4877 scissum
2584 4829 2667 4873 est
2711 4832 2738 4869 a
2765 4827 2974 4868 summo
3004 4821 3174 4876 usque
3200 4807 3506 4864 deorsum,.

1910 4924 2075 4998 798
2105 4934 2157 4977 et
2189 4933 2329 4974 terra
2357 4926 2497 4970 mota
2529 4922 2632 4975 est,
2661 4917 2714 4963 et
2761 4917 2931 4976 petrae
2994 4899 3177 4954 scissa:
3211 4901 3357 4957 sunt,
3420 4901 3494 4945 et.

1908 4993 2252 5075 monumenta
2280 5019 2465 5080 aperta
2488 5015 2634 5070 sunt,
2660 5010 2713 5056 et
2742 4998 2906 5052 multa
2926 5003 3151 5058 corpora
3166 4993 3474 5040 sanctormu

1913 5111 2002 5179 qui
2031 5106 2358 5162 dormierant
2406 5100 2763 5153 surrexerunt
2789 5088 2856 5140 ".
2925 5104 2943 5136 ι
2979 5082 3044 5136 Ει
3105 5075 3365 5147 quoniam
3391 5073 3476 5127 bis

1912 5178 2031 5273 qua:
2054 5185 2743 5264 contigeruntprobabilem
2780 5182 3044 5235 rationem
3087 5180 3273 5239 aptare
3312 5178 3481 5233 opor~

1913 5259 2009 5357 tet,
2035 5259 2474 5359 petras‘diruptas
2496 5289 2549 5335 et
2580 5277 2747 5330 valles
2763 5273 3044 5327 obturatas
3095 5276 3215 5317 esse
3264 5259 3478 5313 videtur

1907 5379 2300 5453 quodammodo
2331 5373 2633 5444 signiﬁcare
2697 5365 3003 5421 Iudaeorum
3045 5352 3465 5412 obcaecatioucm

1907 5489 1960 5532 et
1986 5474 2392 5530 idololatrarunt
2422 5466 2486 5518 ad
2519 5459 2772 5515 salutaria
2798 5452 3219 5510 festinationem.
3251 5442 3476 5500 llicnim

1907 5585 2026 5624 cum
2062 5576 2325 5620 creatura:
2383 5559 2559 5629 potius
2610 5554 2873 5607 servirent
2927 5561 3088 5616 quam
3136 5539 3380 5598 Creatori
3406 5536 3474 5597 δ’,

1911 5660 2058 5715 velut
2096 5656 2366 5724 lapideum
2386 5627 2484 5705 cor
2505 5650 2804 5714 durumque
2829 5650 2885 5697 et
2943 5635 3258 5699 inﬂexibile,
3316 5641 3371 5685 et
3425 5627 3491 5681 in.

318 5842 355 5877 “
381 5851 566 5906 Matth.
603 5863 742 5912 λιιι,
774 5845 808 5897 2
836 5862 984 5915 seqq.
1067 5848 1107 5878 i‘
1131 5846 1246 5901 Aet.
1278 5863 1333 5901 ιιι
1389 5847 1472 5901 15.
1551 5847 1591 5877 ⁸⁷
1617 5845 1655 5899 ll
1681 5843 1854 5898 Paral.
1898 5858 2041 5906 xxvi,
2079 5838 2263 5893 16-21.
2342 5834 2387 5867 “
2419 5832 2605 5888 Matth.
2638 5843 2806 5895 xxvn,
2843 5821 3033 5882 50-59.
3079 5816 3294 5870 "Rom-
3328 5827 3364 5874 ιο
3388 5805 3477 5863 35-
