3934 6318
477 418 576 475 251

1471 422 1528 475 S.
1574 423 1850 480 CYlilLLl
1891 423 2362 481 ALEXANDle
2401 425 2718 480 ARCHiEP.

3646 426 3754 481 9.52

476 534 568 586 det
598 531 752 585 nobis
802 532 902 584 hoc
955 529 1071 598 ipse
1122 545 1336 601 quoque
1389 532 1586 601 Filius,
1646 536 1717 590 ita
1783 536 2057 606 loquens:

2182 536 2341 604 ίέγων
2365 535 2527 598 αὐτὸς
2556 537 2582 587 6
2617 534 2869 605 Χριστός
2899 553 2917 585 ‹
2947 533 3164 594 Εὐθέως
3193 532 3249 585 δὲ
3283 533 3423 603 μετὰ
3449 533 3548 604 τὴν
3578 535 3757 609 θλίςιιν

480 644 498 674 σ
539 623 614 676 De
651 621 736 675 die
757 631 935 674 autem
969 622 1060 674 illo
1121 631 1176 676 et
1212 622 1344 676 hora
1381 639 1538 677 neruo
1574 627 1740 690 novit,
1769 643 1940 698 neque
1964 645 2058 682 an-

472 713 574 782 geli
604 714 656 766 in
687 712 846 776 caelo,
876 728 1049 782 neque
1072 711 1261 778 Filius,
1295 716 1396 769 nisi
1424 714 1583 770 Pater
1610 717 1755 771 solus
1775 719 1872 771 ⁸⁸.»
1911 719 2059 786 Qua-

477 818 632 858 tenus
693 807 838 859 enim
923 806 1084 859 homo
1162 807 1329 859 nostri
1405 808 1601 862 similis
1677 810 2057 879 cognoscitur,

475 897 648 949 nescit
685 912 805 963 qua:
842 897 893 948 in
923 895 1082 951 Patre
1108 908 1255 950 sunt.
1295 897 1575 962 Quatenus
1620 912 1800 953 autem
1864 911 2056 954 natura

473 997 554 1042 cst
593 987 755 1052 Dens,
782 999 836 1039 et
867 1004 932 1042 ex
965 991 1078 1056 ipso
1113 990 1534 1058 exstitit,utiqne
1559 992 1722 1044 etiam
1748 1001 2057 1046 extremum

479 1079 621 1130 diem
656 1080 823 1141 novit,
855 1081 1067 1132 tametsi
1094 1079 1241 1132 illiilli
1291 1095 1347 1133 se
1405 1097 1561 1134 nosse
1603 1091 1778 1152 neget,
1837 1091 2061 1150 propter

476 1171 766 1223 humanam
789 1180 1032 1224 naturam
1067 1187 1217 1224 suam
1259 1174 1530 1227 videlicet.
1558 1173 1924 1240 Interpretans
1967 1191 2062 1227 an-

479 1273 585 1314 tem
625 1263 776 1316 nobis
802 1266 1082 1332 propheta,
1127 1275 1180 1318 et
1232 1264 1517 1318 declarans
1559 1266 1702 1333 quod
1763 1267 1917 1328 dixit,
1979 1266 2062 1320 his

478 1354 727 1423 adjnngit
765 1373 778 1407 :
815 1373 832 1405 ι
861 1356 927 1406 Εῑ
956 1371 1060 1408 non
1088 1355 1226 1418 dies,
1281 1367 1333 1409 et
1378 1371 1482 1408 non
1521 1372 1623 1408 nox
1670 1356 1795 1418 erit,
1845 1356 1938 1409 sed
1997 1356 2061 1410 ad

479 1460 757 1513 vesperam
797 1447 901 1500 crit
929 1449 1051 1514 lux;
1089 1467 1106 1498 ι
1143 1449 1191 1501 id
1218 1458 1318 1511 est,
1354 1449 1406 1502 in
1449 1460 1690 1515 tempore
1741 1449 1916 1503 noctis
1968 1448 2064 1502 lux

479 1539 586 1590 erit
615 1553 851 1605 rursum,
879 1556 997 1608 qua:
1043 1555 1139 1610 per
1189 1539 1462 1596 Christum
1512 1542 1600 1610 qui
1638 1542 1738 1595 sub
1790 1540 1933 1594 coelo
1982 1548 2066 1593 est

482 1631 736 1683 mundum
801 1632 1130 1697 illustravit,
1199 1633 1433 1686 tenebris
1497 1635 1709 1702 penitus
1781 1633 2061 1696 discussis,

481 1739 580 1777 nec
621 1735 933 1779 sanctorum
957 1726 1128 1779 oculis
1160 1727 1391 1794 amplius
1435 1725 1756 1794 superfusis.
1806 1725 1925 1779 Non
1949 1726 2066 1781 sine

480 1823 626 1867 certa
669 1829 831 1882 porro
883 1817 1092 1869 ratione
1142 1831 1310 1883 IpSam
1364 1830 1580 1884 quoque
1639 1824 1944 1868 creaturam
2013 1816 2064 1867 in

2163 628 2273 682 τῶν
2301 627 2524 698 ἡμερῶν
2555 628 2799 691 ἐκείνων,
2847 630 2874 682 6
2921 627 3072 698 ἣλιος
3113 625 3568 695 σκοτισθήσεται,
3600 631 3698 681 καὶ
3724 633 3756 702 ἡ

2167 721 2361 791 σελήνη
2395 721 2453 773 οὐ
2486 718 2644 771 δώσει
2689 719 2748 770 τὸ
2778 718 2979 787 φέγγος
3011 718 3202 786 αὐτῆς.
3246 736 3264 767 ι
3314 718 3567 787 Ἀρκέσει
3593 719 3706 789 γὰρ
3731 723 3759 772 6

2163 811 2398 883 Χριστὸς
2427 813 2505 873 είς
2533 810 2648 878 φῶς
2680 810 2810 879 ἡμῖν
2849 809 3087 874 αἰώνιον,
3123 808 3219 862 καὶ
3269 809 3431 872 αὐτὸς
3462 809 3616 862 ἔσται
3663 828 3759 880 μα-

2164 905 2271 976 κρὰ
2317 903 2411 956 καὶ
2440 903 2694 973 διηνεκὴς
2738 901 2947 972 ἡμέρα.
2983 901 3094 971 Τὴν
3118 901 3175 953 δέ
3206 917 3267 968 γε
3297 901 3512 971 ἡμέραν
3540 903 3756 973 ἐκείνην

2163 995 2409 1066 γνωστὴν
2457 989 2596 1046 εἷναί
2642 1009 2773 1062 φησι
2804 992 2882 1062 τῷ
2930 992 3139 1063 Κυρίῳ.
3193 992 3366 1054 Μόνος
3400 994 3510 1063 γὰρ
3542 991 3690 1046 οἶδεν
3731 996 3759 1046 6

2163 1088 2295 1149 Θεὸς
2325 1087 2418 1140 καὶ
2444 1085 2634 1156 Πατὴρ
2661 1086 2758 1154 τὴν
2798 1088 2896 1156 τῆς
2927 1085 3236 1147 συντελείας
3271 1085 3507 1155 ἡμέραν.
3553 1087 3759 1155 Ἐμπεο

2163 1179 2244 1232 δοῖ
2278 1179 2414 1248 πρὸς
2436 1177 2594 1230 τοῦτο
2627 1179 2774 1247 ἡμᾶς
2802 1177 2896 1229 καὶ
2947 1175 3105 1238 αὐτὸς
3135 1178 3162 1228 6
3191 1175 3339 1239 Υἱὸς,
3366 1175 3507 1229 οῦτω
3541 1176 3722 1244 λέγων
3741 1192 3756 1206 ·

2172 1289 2190 1321 ‹
2230 1271 2365 1339 Περὶ
2413 1269 2469 1321 δὲ
2498 1271 2595 1338 τῆς
2627 1267 2837 1338 ἡμέρας
2889 1266 3105 1336 ἐκείνης
3153 1267 3249 1318 καὶ
3295 1267 3442 1338 ὧρας
3471 1268 3649 1330 οὐδεὶς
3683 1262 3761 1320 οἶ-

2165 1361 2274 1423 δεν,
2311 1360 2430 1412 οὐδὲ
2456 1362 2503 1412 οἱ
2534 1359 2752 1427 ἄγγελοι
2784 1361 2840 1411 ἐν
2879 1359 3115 1430 οὐρανῷ,
3143 1359 3262 1411 οὐδὲ
3292 1361 3320 1412 6
3357 1360 3506 1424 Υἱὸς,
3538 1362 3588 1412 εί
3628 1359 3705 1430 μὴ
3734 1363 3762 1412 ὀ

2169 1450 2360 1521 Πατὴρ
2396 1450 2571 1520 μόνος.
2608 1470 2624 1502 ι
2662 1443 2738 1520 ’ᾛ
2776 1451 2873 1519 μὲν
2907 1451 3015 1521 γὰρ
3048 1450 3250 1501 νοεῖται
3299 1449 3420 1502 καθ’
3475 1451 3627 1519 ἡμᾶς
3671 1451 3762 1505 ἀν·-

2167 1540 2414 1611 θρωπος,
2440 1540 2539 1593 οὐκ
2571 1539 2638 1593 ἂν
2683 1541 2849 1611 εἰδείη
2880 1543 2946 1594 τὰ
2982 1543 3038 1593 ὲν
3082 1538 3157 1610 τῷ
3187 1541 3380 1610 Πατρί.
3414 1533 3490 1613 ’ᾟ
3537 1541 3598 1593 δέ
3643 1543 3759 1593 ἐστι

2168 1633 2325 1701 φύσει
2351 1631 2502 1696 Θεὸς,
2534 1633 2627 1684 καὶ
2660 1633 2718 1700 ἐξ
2762 1632 2926 1686 αὑτοῦ
2962 1631 3239 1702 πεφηνὼς,
3271 1629 3378 1685 οἷδέ
3406 1649 3508 1684 που
3539 1633 3760 1694 πάντως

2169 1724 2263 1776 καὶ
2303 1727 2401 1794 τὴν
2429 1723 2666 1794 ἐσχάτην
2693 1723 2925 1793 ἡμέραν,
2948 1722 3050 1775 κᾶν
3083 1724 3128 1775 εί
3155 1723 3307 1791 λέγοι
3333 1724 3407 1794 μὴ
3434 1723 3638 1774 εἰδέναι
3675 1723 3761 1776 διὰ

2168 1815 2229 1867 τὸ
2259 1815 2622 1886 ἀνθρώπινον.
2671 1813 3056 1885 Διερμηνεύων
3104 1813 3160 1866 δὲ
3204 1815 3334 1883 ἡμῖν
3377 1815 3404 1866 6
3449 1814 3756 1885 προφήτης,

484 1903 674 1956 melius
712 1903 1105 1957 reformandam
1167 1906 1564 1968 existimamus,
1623 1914 1677 1956 ct
1720 1905 1824 1957 lide
1874 1903 2068 1972 dignus

2182 1906 2265 1958 ml.
2315 1906 2652 1977 σαφέστερον
2709 1905 2974 1968 καθιστὰς
3029 1905 3165 1976 ὅπερ
3216 1905 3359 1974 ἔφη,
3419 1905 3760 1975 προσεπάγει

482 1994 888 2049 cstSalvatoris
940 1995 1259 2064 discipulus,
1315 1996 1404 2065 qui
1465 1997 1540 2050 ait
1597 2005 1876 2048 venturum
1923 1994 2064 2048 diem

484 2083 696 2136 Domini
732 2095 784 2136 ut
809 2085 970 2153 801
1009 2085 1178 2138 furem
1204 2086 1256 2138 in
1282 2097 1460 2151 nocte,
1483 2095 1536 2138 et
1565 2084 1731 2138 caelos
1758 2099 1950 2152 magno
1977 2085 2069 2136 im-

486 2188 608 2243 petu
649 2179 992 2244 transituros,
1051 2178 1318 2232 elementa
1373 2193 1505 2232 vero
1543 2176 1867 2231 conlluentia
1919 2175 2066 2230 solu-

485 2280 622 2331 tum,
658 2278 711 2321 et
749 2277 973 2332 terram,
1008 2279 1060 2322 et
1085 2284 1203 2337 quae
1230 2271 1281 2322 in
1319 2270 1434 2338 ipsa
1467 2278 1593 2323 sunt
1618 2285 1779 2338 opera
1813 2277 2065 2321 exustum

485 2359 551 2413 iri
591 2362 795 2424 omnia,
857 2362 1025 2417 caelos
1059 2369 1236 2416 autem
1287 2379 1452 2417 novos
1507 2373 1562 2417 et
1616 2374 1815 2416 terram
1876 2377 2068 2416 novam

485 2450 782 2503 sccundnm
876 2454 1148 2519 promissa
1221 2452 1391 2520 ipsius
1455 2469 1552 2507 nos
1629 2460 1945 2520 exspectare
2001 2451 2069 2504 °".

494 2541 646 2607 Quod
679 2557 778 2596 nos
807 2543 1051 2610 cogitare
1079 2543 1240 2596 etiam
1283 2559 1506 2598 necesse
1531 2553 1636 2598 est.
1677 2542 1732 2596 Si
1778 2545 1920 2597 enim
1979 2556 2074 2594 no-

486 2642 596 2686 stra
627 2634 847 2687 omnino
886 2645 1046 2686 erunt
1079 2635 1129 2688 in
1161 2635 1400 2690 novitate
1450 2637 1593 2701 vitaz,
1650 2651 1784 2688 nova
1852 2648 2068 2702 quoque

487 2736 732 2778 rrcalura
765 2726 920 2779 nobis
947 2742 1082 2793 Opus
1107 2726 1229 2779 erit.
1296 2725 1449 2790 Nam,
1497 2739 1555 2779 ut
1597 2727 1788 2780 scribit
1851 2727 2068 2779 divinus

489 2811 689 2868 Paulus
723 2833 734 2868 :
772 2833 789 2864 ι
829 2815 1172 2869 Liberabitur
1202 2827 1254 2868 et
1289 2816 1401 2884 ipsa
1427 2827 1674 2868 creatura
1714 2815 2004 2883 aliquando
2038 2826 2068 2864 a

490 2907 751 2961 servitute
788 2908 837 2960 in
872 2908 1174 2961 libertatem
1205 2908 1388 2976 gloriae
1415 2908 1644 2962 liliorum
1687 2908 1776 2960 Dci
1811 2908 1876 2958 ⁵⁸.
1911 2925 1930 2957 ι

493 2998 616 3054 σθαι
657 2999 852 3063 πάντα,
887 3001 1146 3068 οὐρανοὺς
1190 3001 1247 3052 δὲ

2173 1997 2385 2060 τούτοις
2406 2014 2418 2027 ⁸
2471 2017 2488 2047 ‹
2525 1998 2635 2049 Καὶ
2661 1997 2760 2066 οὐχ
2788 1997 2973 2066 ἡμέρα
2993 2035 3006 2060 ,
3055 1996 3146 2048 καὶ
3175 1997 3234 2047 οὐ
3269 1997 3362 2060 νὺξ
3393 1995 3546 2048 ἔσται
3568 2036 3581 2058 ,
3623 1993 3761 2047 ἁλλά

2177 2087 2314 2158 πρὸς
2363 2087 2602 2156 ἑσπέραν
2652 2085 2804 2137 ἔσται
2859 2085 3008 2154 φῶς,
3049 2104 3068 2136 ›
3116 2085 3427 2146 τουτέστιν,
3479 2085 3535 2136 ὲν
3583 2082 3762 2154 καιρῷ

2175 2179 2390 2242 νυκτὸς,
2416 2177 2530 2247 φῶς
2557 2177 2708 2230 ἔσται
2740 2177 2903 2230 πάλιν
2937 2177 2996 2228 τὸ
3025 2177 3113 2229 διὰ
3160 2174 3398 2246 Χριστοῦ
3443 2175 3763 2244 καταστρὰ-

2169 2270 2276 2340 ψαν
2323 2269 2419 2339 τὴν
2472 2270 2563 2321 ὑπ’
2613 2269 2863 2337 οὐρανὸν,
2928 2268 3273 2339 ἀνηρημένου
3322 2265 3604 2329 παντελῶς
3664 2265 3760 2320 τοῦ

2174 2359 2418 2423 σκότους,
2449 2358 2541 2411 καὶ
2565 2360 2677 2421 τοῖς
2701 2358 2809 2410 τῶν
2835 2357 3004 2426 ἁγίων
3032 2357 3332 2428 ὀφθαλμοῖς
3357 2357 3457 2409 οὐκ
3492 2355 3763 2408 ἐπιπολὰ-

2174 2451 2356 2514 ζοντος
2379 2449 2479 2502 ἔτι.
2516 2450 2670 2519 Ἔχει
2705 2449 2760 2501 δὲ
2789 2448 2880 2501 τὸν
2905 2450 3102 2502 οἰκεῖον
3133 2447 3291 2516 λόγον
3317 2448 3396 2511 τὸ,
3444 2448 3538 2501 καὶ
3585 2448 3763 2515 αὐτὴν

2173 2541 2377 2595 οἴεσθαι
2406 2541 2584 2594 κτίσιν
2613 2542 2708 2594 ἐπὶ
2735 2541 2804 2593 τὰ
2828 2541 3035 2610 ἀμείνω
3068 2540 3634 2612 μεταρρυθμίζεσθαι,
3661 2542 3757 2592 καὶ

2178 2633 2476 2702 ἀξιόχρεως
2515 2632 2613 2700 μὲν
2653 2633 2746 2685 τοῦ
2793 2632 3044 2702 Σωτῆρος
3089 2633 3116 2684 6
3167 2630 3430 2702 μαθητὴς,
3476 2632 3628 2700 ἥξειν
3663 2631 3764 2701 τὴν

2177 2726 2392 2796 ἡμέραν
2438 2725 2645 2796 Κυρίου
2693 2725 2767 2787 ὡς
2795 2724 3037 2794 κλέπτην
3063 2724 3256 2792 λέγων,
3285 2725 3546 2794 οὐρανοὺς
3569 2724 3626 2776 δὲ
3655 2727 3765 2777 ῥοι-

2179 2813 2336 2884 ζηδὺν
2370 2812 2823 2884 παρελεύσεσθαι,
2860 2816 3100 2882 στοιχεῖα
3130 2814 3187 2866 δὲ
3218 2813 3569 2884 καυσούμενα
3597 2811 3731 2885 λυθή
3751 2846 3768 2852 -

2181 2905 2390 2969 σεσθαι,
2433 2907 2535 2975 γῆν
2561 2904 2640 2966 δὲ,
2674 2905 2768 2956 καὶ
2799 2904 2868 2956 τὰ
2900 2905 2956 2956 ἐν
2989 2905 3126 2974 αὐτῇ
3176 2905 3312 2975 ἔργα
3343 2905 3768 2974 κατακαυθήσε-

1312 3003 1532 3063 καινοὺς
1571 3003 1718 3070 ἡμᾶς
1741 3039 1754 3063 ,
1788 3001 1879 3052 καὶ
1909 2999 2102 3071 καινὴν
2143 2999 2246 3068 γῆν
2311 2999 2452 3051 κατά
2484 2997 2553 3050 τὰ
2596 2996 2992 3066 ἐπαγγέλματα
3037 2997 3203 3049 αὐτοῦ
3237 2997 3560 3068 προσδοκᾷν.
3614 2996 3769 3067 Πλὴν

491 3092 586 3143 καὶ
614 3088 674 3153 ἐξ
734 3091 1050 3159 ἀναγκαίων
1096 3091 1173 3155 είς
1220 3089 1375 3142 τοῦτο
1424 3088 1754 3160 βαδιούμεθα
1803 3088 2100 3160 λογισμῶν.
2141 3089 2203 3140 Ei
2252 3088 2360 3157 γὰρ
2405 3087 2559 3141 ἔσται
2606 3087 2824 3150 πάντως
2875 3089 2930 3140 ὲν
2982 3087 3264 3157 καινότητι
3318 3089 3464 3158 ζωῆς
3510 3091 3577 3143 τὰ
3646 3090 3769 3144 καθ’

493 3182 661 3251 ἡμᾶς,
685 3183 877 3246 καινῆς
901 3182 1032 3251 ἡμῖν
1063 3181 1141 3232 δεῖ
1182 3179 1294 3233 ,καὶ
1351 3178 1602 3243 κτίσεως.
1642 3181 1731 3243 Ὠς
1793 3180 1900 3250 γὰρ
1928 3182 1956 3233 6
2019 3179 2308 3240 θεσπέσιος
2351 3179 2552 3247 γράφει
2597 3177 2830 3240 Παῦλος,
2865 3197 2882 3228 ‹
2922 3177 3454 3248 Ἐλευθερωθήσεται
3495 3179 3589 3232 καὶ
3632 3181 3769 3249 αὐτὴ

495 3275 636 3329 κατά
681 3275 905 3343 καιροὺς
953 3275 985 3342 ἡ
1031 3273 1207 3337 κτίσις
1258 3274 1365 3327 ἀπὸ
1412 3273 1512 3343 τῆς
1563 3273 1803 3337 δουλείας
1846 3277 1924 3336 είς
1973 3273 2070 3344 τὴν
2110 3269 2422 3341 ἐλευθερίαν
2456 3271 2553 3339 τῆς
2609 3269 2767 3340 δόξης
2793 3270 2901 3323 τῶν
2940 3272 3145 3325 τέκνων
3181 3270 3273 3322 τοῦ
3300 3271 3456 3322 Θεοῦ.
3499 3289 3516 3320 ι

568 3367 732 3421 Υιῑιιε.
771 3367 824 3431 8,
865 3366 918 3420 9.
964 3365 1026 3418 In
1055 3367 1136 3419 die
1184 3368 1280 3419 illa
1331 3368 1616 3436 egredietur
1675 3383 1812 3436 aqua
1855 3368 1967 3420 viva
2013 3367 2075 3419 de

2265 3364 2367 3416 Ἐν
2418 3360 2491 3430 τῇ
2547 3361 2736 3430 ἡμέρᾳ
2774 3362 2975 3430 ἐκείνῃ
3021 3361 3404 3426 ἐξελεύσεται
3453 3361 3611 3430 ὕδωρ
3663 3361 3775 3422 ζῶν

497 3457 815 3520 Jerusalem,
853 3458 1024 3510 media
1072 3476 1196 3520 pars
1244 3459 1356 3526 ejus
1413 3459 1468 3510 in
1515 3473 1661 3510 mare
1728 3459 1978 3522 primum,
2031 3466 2075 3511 et

2182 3459 2250 3520 ἐξ
2291 3453 2708 3524 Ἰερουσαλὴμ,
2749 3455 2815 3507 τὸ
2849 3455 3038 3524 ἣμισυ
3066 3455 3251 3508 αὑτοῦ
3278 3459 3363 3520 εὶς
3404 3453 3518 3522 τὴν
3543 3453 3777 3508 Odia:-

503 3549 674 3602 ntedia
702 3565 826 3619 pars
861 3549 974 3618 ejus
1011 3553 1062 3601 in
1107 3565 1250 3602 mare
1304 3549 1668 3614 novissimum,
1701 3561 1746 3602 et
1790 3551 1844 3601 in
1878 3560 2078 3612 testate,

502 3643 627 3694 etin
655 3657 767 3695 vere
794 3641 868 3693 sic
898 3641 1016 3695 erit.
1057 3639 1122 3692 Et
1151 3640 1250 3693 erit
1302 3640 1558 3694 Dominus
1615 3641 1668 3694 in
1711 3657 1877 3710 regem
1926 3655 2084 3708 super

505 3750 703 3787 omnem
735 3747 948 3786 terram.

577 3911 710 3969 CVI.
749 3911 985 3966 Rursum
1021 3921 1209 3966 narrat
1243 3912 1424 3978 nobis,
1469 3913 1718 3982 quamvis
1769 3910 2082 3975 involutius,

509 4003 768 4074 Spiritum
787 4011 1033 4058 sanctum
1063 4017 1228 4072 super
1249 4013 1467 4058 sanctos
1501 4003 1808 4072 largissime
1829 4011 1884 4056 et
1924 4003 2086 4056 uber-

513 4097 644 4150 rime
671 4093 900 4149 ell'usum
943 4094 1031 4161 iri,
1071 4109 1136 4148 eo
1190 4095 1530 4164 potissimum
1582 4103 1843 4163 tempore,
1899 4092 2084 4162 quoin

510 4194 748 4240 sanctam
784 4193 838 4238 et
873 4198 1088 4252 semper
1115 4183 1428 4236 duraturam
1461 4181 1625 4233 vitam
1682 4179 1921 4234 subvecti
1973 4181 2088 4233 l'ue-

512 4280 640 4342 rint,
663 4279 726 4330 ad
755 4275 924 4340 illam,
953 4277 1196 4346 inquam,
1224 4274 1390 4328 futuri
1421 4272 1625 4328 saeculi.
1650 4270 1804 4326 Nunc
1820 4273 1960 4326 enim
1993 4288 2089 4342 per

513 4369 671 4424 ﬁdem
706 4368 760 4422 in
791 4367 1066 4423 Christum
1098 4367 1248 4436 quasi
1282 4365 1643 4418 arrhabonem
1663 4372 1714 4417 et
1755 4363 1948 4433 pignus
1975 4365 2088 4434 pri-

514 4461 692 4516 mitias
737 4461 908 4516 sancti
941 4459 1176 4528 Spiritus
1217 4473 1312 4526 pro
1362 4455 1567 4511 divitiis
1609 4457 1935 4524 accepimus.
1990 4455 2089 4510 Ubi

513 4563 692 4609 autem
717 4569 746 4607 a
783 4552 1006 4607 mortuis
1043 4549 1395 4614 redierimus,
1435 4556 1656 4616 peccato
1706 4561 1927 4616 prorsus
1963 4549 2090 4603 sub-

513 4648 641 4712 lato,
679 4660 782 4698 non
834 4654 1088 4712 tanquam
1123 4640 1362 4694 arrhabo
1392 4638 1624 4707 amplius
1663 4647 1718 4692 et
1750 4639 1801 4692 in
1837 4655 2087 4694 mensura

2185 3564 2309 3602 σαν
2337 3547 2452 3615 τὴν
2491 3546 2751 3614 πρώτην,
2819 3547 2918 3600 καὶ
2970 3547 3033 3600 τὸ
3087 3546 3276 3616 ἣμισυ
3305 3546 3490 3599 αὑτοὺ
3517 3549 3604 3611 εἰς
3661 3549 3779 3612 τὴν

2184 3639 2504 3695 θάλασσαν
2565 3637 2679 3705 τὴν·
2728 3639 3018 3706 ἐσχάτην,
3081 3638 3180 3691 καὶ
3236 3639 3305 3690 ἑν
3342 3639 3514 3705 θέρει,
3559 3639 3659 3691 καὶ
3708 3641 3780 3690 ἐν

2184 3729 2309 3797 ἔαρι
2338 3727 2510 3780 ἔσται
2538 3725 2746 3791 οὕτως.
2798 3725 2909 3778 Καὶ
2947 3725 3118 3778 ἔσται
3159 3725 3374 3792 ΚιῗῬιος
3400 3725 3487 3789 εἰς
3510 3721 3780 3787 ,ϐασιλέα

2184 3819 2283 3874 ἐπὶ
2307 3819 2514 3873 πᾶσαν
2543 3817 2656 3886 τὴν
2683 3816 2815 3886 γῆν.

2258 3914 2362 3979 PC1-
2363 3919 2396 3964 ’.
2438 3911 2746 3980 Ἐξηγεῖται
2781 3910 2942 3963 πάλιν
2973 3910 3103 3980 ἡμῖν
3135 3907 3570 3978 αἰνιγματωδῶς,
3601 3907 3684 3960 ὅτι
3715 3907 3778 3977 δὴ

2188 4003 2415 4073 πλείστη
2443 4020 2502 4055 τε
2528 4002 2648 4072 ὅση,
2675 4002 2768 4054 καὶ
2801 3999 3122 4071 ἀμφιλαφὴς
3155 4000 3187 4069 ἡ
3218 3997 3312 4050 τοῦ
3337 3999 3495 4067 ἁγίου
3523 3996 3780 4067 Πνεῦμα-

2189 4111 2279 4158 τος
2307 4093 2464 4163 χύσις
2496 4095 2607 4156 τοῖς
2655 4091 2833 4161 ἁγίοις
2888 4091 3365 4163 ἐκνεμηθήσεται,
3429 4090 3551 4143 κατ’
3599 4092 3778 4142 ἐκεῖνο

2194 4186 2426 4258 μάλιστα
2476 4186 2567 4239 τοῦ
2623 4184 2840 4256 καιροῦ,
2880 4183 3001 4236 καθ’
3054 4184 3113 4237 ὃν
3146 4184 3212 4237 ἂν
3258 4186 3338 4246 εἰς
3387 4184 3550 4251 ἁγίαν
3602 4201 3662 4236 τε
3691 4184 3780 4237 καί

2191 4280 2469 4350 ἀείδρυτον
2515 4277 2932 4350 ἁνακομισθεῖεν
2994 4276 3172 4349 ζωὴν,
3221 4277 3319 4345 τὴν
3362 4277 3437 4339 ὡς
3486 4277 3544 4327 ἐν
3593 4276 3774 4336 αἰῶνι,

2193 4372 2356 4441 φημὶ,
2407 4371 2485 4441 τῷ
2521 4371 2792 4442 μέλλοντι.
2821 4369 2957 4422 Νυνὶ
2985 4368 3084 4438 μὲν
3136 4368 3246 4440 γὰρ
3278 4367 3363 4421 διὰ
3395 4368 3639 4430 πίστεως
3683 4366 3781 4436 τῆς

2192 4465 2269 4526 εἰς
2293 4463 2527 4536 Χριστὸν
2560 4461 2632 4525 ὡς
2655 4465 2712 4514 ὲν
2740 4459 3060 4532 ἀρῤαόῶνος
3097 4460 3246 4526 τάξει
3285 4458 3382 4530 τὴν
3405 4461 3666 4530 ἀπαρχὴν
3690 4457 3780 4512 τοῦ

2191 4553 2346 4622 ἁγίου
2376 4552 2693 4622 Πνεῦματος
2719 4551 3198 4621 πεπλουτήκαμεν.
3236 4550 3392 4604 Μετὰ
3415 4549 3470 4601 δέ
3499 4567 3568 4618 γε
3596 4550 3696 4622 τὴν
3721 4551 3785 4602 ἐκ

2193 4645 2400 4715 νεκρῶν
2425 4645 2738 4707 ἀναϐίωσιν,
2773 4643 3126 4715 ἀνῃρημένης
3151 4643 3232 4704 εἰς
3258 4641 3404 4694 ἁπαν
3449 4640 3553 4709 τῆς
3606 4641 3785 4711 ἁμαρ-

513 4737 726 4790 divinus
754 4735 988 4803 Spiritus
1024 4733 1075 4787 in
1105 4730 1258 4786 nobis
1272 4730 1396 4792 erit,
1429 4728 1522 4782 sed
1545 4727 1745 4782 affatim
1764 4740 1818 4783 et
1847 4729 2075 4798 copiose,

2189 4739 2329 4803 τίας,
2361 4739 2462 4791 οὐκ
2485 4740 2543 4791 ὲν
2574 4737 2892 4808 ἀρραϐῶνος
2943 4736 3022 4789 ἔτι
3056 4735 3209 4802 τάξει
3240 4732 3314 4788 ’τε
3375 4734 3472 4787 καὶ
3511 4734 3700 4804 μέτρῳ
3726 4733 3785 4785 τὸ

515 4827 718 4893 ntdixi,
749 4835 806 4880 et
843 4834 953 4878 tum
987 4824 1227 4892 perfecte
1257 4821 1309 4875 in
1347 4822 1501 4876 donis
1549 4836 1646 4890 per
1682 4820 1962 4877 Christum
1999 4837 2092 4876 ac-

513 4919 728 4989 quisitis
762 4917 1083 4972 laetabimnr.
1130 4916 1345 4983 Aquam
1403 4913 1568 4984 igitur
1614 4915 1792 4967 vivam
1827 4914 2091 4982 appellat
2149 4923 2152 4926 ’

516 5011 800 5082 Spiritum,
831 5026 850 5060 ι
881 5007 1008 5073 Qua:
1040 5014 1094 5060 et
1122 5006 1187 5060 de
1217 5020 1450 5074 superna
1490 5003 1790 5060 Jerusalem
1840 5006 2090 5074 egredie-

443 5104 446 5107 ‘
515 5115 623 5166 tur,
662 5120 684 5154 ι
713 5100 905 5168 inquit.
961 5097 1224 5165 Quoniam
1255 5100 1397 5151 cnim
1427 5099 1802 5151 nniversomm
1845 5097 2008 5151 Deum
2039 5098 2094 5153 in

516 5195 676 5250 caelis
707 5192 950 5247 habitare
979 5193 1047 5244 ab
1075 5190 1188 5260 ipso
1223 5189 1489 5260 inspirata
1532 5191 1812 5258 Scriptura
1837 5206 2089 5260 przenun-

516 5287 635 5352 tiet,
663 5283 909 5352 quamvis
944 5282 1142 5352 ubique
1170 5285 1238 5337 sit
1262 5293 1315 5337 et
1340 5299 1403 5337 eo
1435 5283 1591 5354 plena
1638 5283 1747 5336 sint
1775 5284 1978 5349 oumia,
2011 5285 2091 5338 id—

519 5377 668 5429 circo
702 5374 864 5428 etiam
890 5373 1156 5429 viviﬁcqu
1197 5373 1457 5445 Spiritum
1493 5379 1560 5430 de
1591 5376 1727 5430 coelo
1752 5389 2096 5443 egressurum

524 5465 675 5521 dicit.
709 5465 900 5521 Solere
927 5480 1102 5521 autem
1153 5467 1392 5521 divinum
1445 5467 1704 5536 Spiritum
1744 5465 1899 5532 aquis
1947 5479 2097 5518 com-

527 5558 708 5628 parari
732 5558 784 5613 in
817 5563 989 5614 sacris
1017 5558 1258 5625 Litteris,
1289 5561 1402 5628 ipse
1447 5559 1564 5628 ejus
1593 5559 1746 5611 dator
1781 5555 2099 5610 tcstilicabi-

533 5661 636 5717 tur,
669 5647 836 5707 Filius
859 5667 1093 5721 nempe:
1131 5670 1148 5701 ‹
1171 5650 1270 5717 Qui
1320 5652 1490 5705 credit
1541 5650 1591 5704 iu
1627 5663 1732 5713 me,
1786 5647 1928 5700 sicut
1974 5647 2102 5699 dicit

594 5829 640 5864 “
675 5828 841 5888 Marc.
872 5846 993 5896 xm,
1017 5829 1106 5883 '52.
1188 5828 1228 5859 "
1259 5827 1274 5881 ι
1304 5821 1446 5881 Petr.
1485 5841 1565 5893 ιιι,
1610 5823 1794 5878 10-14.

2199 4829 2340 4883 θεῖον
2365 4831 2423 4881 ἐν
2449 4831 2581 4900 ἡμῖν
2616 4827 2769 4880 ἔσται
2803 4824 3048 4898 Πνεῦμα,
3080 4825 3352 4886 πλουσίως
3379 4824 3435 4876 δὲ
3471 4823 3569 4876 καὶ
3614 4825 3783 4894 ἀμφιο

2195 4920 2401 4990 λαφῶς,
2425 4921 2500 4982 ὡς
2527 4919 2680 4989 ἔφην,
2714 4919 2808 4971 καὶ
2837 4919 2935 4989 ἤδη
2969 4917 3191 4980 τελείως
3239 4917 3350 4978 τοῖς
3406 4914 3492 4967 διὰ
3543 4911 3784 4984 Χριστοῦ

2197 5013 2530 5084 χαρίσμασιν
2557 5011 2792 5080 ὲντρυφή
2805 5026 2988 5078 σομεν.
3017 5007 3204 5078 ’Ύδωρ
3227 5007 3291 5077 δὴ
3319 5003 3413 5059 οῦν
3442 5005 3552 5070 ζῶν
3592 5005 3786 5075 ὀνομά-

2200 5103 2280 5168 ζει
2311 5103 2370 5154 τὺ
2401 5101 2645 5170 Πνεῦμα,
2703 5117 2720 5149 ι
2758 5101 2822 5152 Ὀ
2854 5101 2945 5152 καί
3002 5099 3067 5151 ἐκ
3115 5098 3215 5167 τῆς
3246 5097 3359 5150 ἄνω
3425 5095 3789 5166 Ἰερουσαλὴμ

2197 5193 2556 5258 ἐξελεύσεται,
2590 5193 2772 5262 φησίν.
2813 5189 3029 5258 Ἐπειδὴ
3075 5188 3184 5257 γὰρ
3217 5189 3497 5240 κατοικεῖν
3541 5187 3603 5238 ὲν
3638 5185 3790 5253 οὖρα-

2195 5286 2304 5347 νοῖς
2333 5284 2423 5336 τὸν
2445 5283 2553 5335 τῶν
2587 5283 2720 5334 ὅλων
2753 5280 2938 5350 Θεὸνὴ
2973 5279 3330 5338 θεόπνευστος
3360 5277 3466 5346 ἔφη
3497 5276 3716 5346 Γραφὴ,
3743 5275 3790 5325 εἰ

2197 5376 2292 5428 καὶ
2320 5374 2435 5428 ἐστι
2466 5374 2741 5445 πανταχοῦ
2770 5374 2862 5424 καί
2892 5371 3223 5440 πεπλήρωκε
3255 5369 3322 5421 τὰ
3355 5370 3558 5434 πάντα,
3616 5367 3787 5436 ταύτῃ

2197 5483 2278 5519 τοι
2321 5465 2451 5535 φησι
2485 5465 2579 5517 καὶ
2623 5463 2680 5526 ἐξ
2729 5459 2958 5532 οὐρανοῦ
3012 5459 3072 5511 τὸ
3115 5457 3376 5522 ζωοποιον
3437 5456 3790 5524 ἐξελεύσεται

2201 5557 2444 5627 Πνεῦμα.
2483 5557 2604 5608 ’Ὅτι
2651 5555 2706 5606 δὲ
2741 5552 2895 5605 ῦδασι
2939 5549 3290 5621 παρεικάζειν
3324 5549 3445 5612 ἔθος
3477 5551 3602 5612 τοῖς
3627 5549 3791 5618 ἱεροῖς

2201 5645 2496 5715 Γρὰμμασι
2528 5645 2586 5696 τὸ
2613 5640 2832 5712 Πνεῦμα
2860 5641 2919 5694 τὸ
2948 5640 3107 5706 θεῖον,
3138 5638 3299 5700 αὐτὸς
3329 5637 3673 5689 πιστώσεται
3709 5635 3796 5689 λέ-

1873 5821 1916 5852 ⁶⁸
1959 5821 2113 5874 Rom.
2157 5837 2278 5884 γιιι,
2307 5820 2394 5873 21.
