3934 6318
283 220 392 277 «ιιι-ι

1126 231 1666 290 ΕΟΜΜΕΝΤΜΗΗΞ
1709 234 1770 288 ιΝ
1812 235 2212 291 ΖΜΖΠΑΝᾹΜ
2250 238 2684 296 PRUPHETAM.

3450 249 3553 304 9533

309 345 530 416 Ἐπειδὴ
559 346 617 397 δὲ
648 347 962 417 πεπλάνηκε
1017 351 1114 418 τὴν
1147 354 1235 404 ὑπ’
1276 353 1501 422 οὐρανὸν
1534 356 1562 406 ό
1595 355 1690 424 τῆς
1719 356 1868 425 ἁμαρ

1991 367 2045 410 et
2077 373 2199 411 vere
2235 361 2604 414 universorum
2635 364 2794 426 Deus,
2825 367 2916 430 qui
2954 379 3072 433 quae
3115 365 3402 434 aliquando
3452 384 3555 420 non

305 441 422 502 τίας
455 440 709 511 εὑρετὴς,
742 443 1012 494 τουτέστιν
1067 445 1094 494 ὁ
1148 445 1407 509 Σατανᾶς,
1465 449 1543 508 εἰς
1571 447 1759 515 ψευδῆ,
1791 449 1886 500 καὶ

308 530 533 599 βέϐηλον
563 531 820 602 λατρείαν
849 535 896 585 οἱ
923 533 1137 586 δείλαιοι
1194 537 1738 606 παρακεκομίσμέθα,
1793 538 1885 589 καὶ

301 621 648 693 διετελοῦμεν
682 626 739 674 ἐν
793 625 982 694 κόσμῳ
1011 625 1203 693 τυφλοὶ
1261 628 1355 678 καὶ
1409 630 1599 698 μωροὶ,
1665 629 1884 698 κυρίους

298 714 660 784 ὀνομάζοντες
690 718 814 779 τοὺς
841 718 1270 786 πεπλανηκότας,
1299 720 1389 771 καὶ
1429 720 1486 772 τὸ
1511 721 1605 788 τῆς
1636 720 1884 791 θεότητος

296 805 472 875 ὄνομα
502 809 614 864 τοῖς
643 807 970 878 ἀκαθάρτοις
999 809 1245 877 δαίμοσιν
1287 811 1704 879 ἐπιφημίζοντες
1735 815 1882 881 ἁμα-

297 899 431 960 θῶς.
470 899 616 968 Πλὴν
644 899 1055 968 παρῳχηκότος,
1089 899 1178 951 καὶ
1210 901 1288 961 είς
1322 901 1491 970 πέραν
1521 903 1620 971 ἤδη
1655 902 1881 970 ἥκοντος

295 989 395 1042 τοῦ
418 990 681 1060 παρόντος
711 990 922 1055 αἰῶνος,
948 990 1066 1042 τότε
1097 991 1180 1062 δὴ,
1206 993 1322 1044 τότε
1352 993 1442 1043 καὶ
1463 993 1879 1062 φρενοϐλαϐείας

295 1080 521 1149 ἀπάσης
541 1081 598 1145 ἐξ
627 1079 784 1150 ἡμῶν
813 1081 1176 1153 ἐξῃρημένης,
1207 1083 1526 1152 τεθειμένων
1558 1084 1611 1135 δὲ
1640 1085 1736 1154 ἤδη
1769 1086 1878 1138 τῶν

291 1171 510 1241 ἐχθρῶν
546 1173 648 1224 ὑπὸ
682 1172 845 1235 πόδας
873 1173 1131 1243 Χριστοῦ,
1175 1174 1372 1242 Κύριος
1405 1170 1483 1237 εἷς
1513 1175 1662 1228 ἔσται
1691 1175 1875 1228 λοιπὸν

292 1265 387 1316 ἐπὶ
419 1266 600 1317 πᾶσαν
632 1264 728 1332 τὴν
761 1265 883 1332 γῆν,
917 1264 1126 1327 οὐδενος
1176 1265 1270 1317 ἀπ’
1305 1265 1467 1317 αὐτοῦ
1520 1266 1615 1336 τὴν
1645 1269 1741 1336 τῆς
1774 1285 1860 1318 κυ·

294 1355 547 1424 ριότητος
595 1353 930 1424 ἁρπάζοντος
965 1354 1139 1418 δόξαν.
1199 1343 1397 1427 Κύριος
1446 1357 1502 1410 δὲ
1548 1359 1640 1410 καὶ
1674 1359 1874 1429 ἑτέρως

288 1441 370 1508 εἷς
414 1446 568 1498 ἔσται
591 1447 840 1516 Χριστὸς,
886 1446 1268 1518 ἀπρακτούσης
1304 1449 1400 1516 μὲν
1425 1450 1600 1519 πάσης
1629 1451 1869 1518 ἐπιγείου

293 1537 592 1604 βασιλείας,
621 1537 714 1588 καὶ
769 1535 915 1605 αὐτῷ
965 1535 1027 1606 δὴ
1079 1537 1170 1590 καὶ
1226 1538 1371 1608 μόνῳ
1399 1540 1460 1590 τὸ
1491 1541 1629 1593 κατὰ
1655 1541 1870 1595 πάντων

291 1629 495 1699 κράτος
542 1628 887 1698 ἁνατιθείσης
952 1629 1050 1696 τῆς
1109 1630 1474 1700 ὑπόύρανόν.
1531 1634 1673 1702 Ἔφη
1729 1634 1785 1686 δέ
1818 1651 1869 1687 τι

1986 457 2159 509 erant,
2191 459 2242 500 ut
2265 462 2447 504 essent
2473 451 2667 504 eﬂ'eeit.
2699 454 2798 506 Ast
2827 453 2911 507 ubi
2944 457 3148 522 peccati
3181 457 3429 530 inventor
3454 456 3554 512 Sa-

1989 545 2142 591 tanas
2175 540 2432 593 mundum
2457 543 2688 604 seduxit,
2733 545 2797 596 ad
2822 543 3012 598 falsum
3038 556 3089 598 et
3118 529 3386 615 impurum
3438 550 3553 602 cul-

1985 639 2094 682 tum
2120 630 2357 684 infelices
2381 633 2616 695 deducti,
2649 637 3000 688 manebamus
3031 638 3079 688 in
3115 639 3311 691 mundo
3343 639 3470 690 caeci
3499 651 3552 691 et

1985 722 2137 788 fatui,
2167 724 2414 778 dominos
2445 728 2784 781 nominantes
2827 729 3162 792 seductores,
3212 741 3265 782 et
3297 731 3546 782 divinita-

1985 815 2052 866 tis
2088 830 2278 869 nomen
2336 817 2626 871 immundis
2659 820 2990 872 (lmmonibus
3047 822 3206 872 stulte
3251 821 3549 876 attribuen-

1984 913 2081 957 tes.
2111 905 2373 959 Czeterum
2420 910 2508 961 ubi
2542 910 2881 972 prarterierit,
2908 920 2960 963 et
2999 910 3109 976 jam
3145 913 3210 962 ad
3258 913 3417 962 ﬁnem
3452 913 3547 964 (le-

1980 994 2191 1046 venerit
2219 994 2471 1047 sazculum
2493 1011 2746 1062 praesens,
2773 1006 2917 1060 tunc,
2948 1008 3072 1052 tunc
3102 1002 3246 1052 omni
3279 1003 3548 1056 dementia

1979 1096 2006 1134 a
2046 1085 2198 1137 nobis
2229 1085 2405 1137 ablata
2461 1097 2515 1140 et
2562 1088 2796 1144 inimicis
2837 1090 2935 1144 sub
2956 1092 3116 1157 pedes
3165 1091 3367 1144 Christi
3420 1108 3545 1161 pro-

1977 1173 2182 1238 stratis,
2220 1174 2475 1228 Dominus
2507 1191 2644 1228 unus
2673 1176 2927 1244 deinceps
2973 1179 3075 1231 erit
3129 1194 3291 1247 super
3329 1197 3542 1234 onmem

1979 1273 2200 1329 terram,
2227 1266 2548 1318 dominicam
2585 1267 2810 1336 gloriam
2849 1269 3062 1321 nemine
3109 1269 3183 1322 illi
3239 1270 3539 1323 auferente.

1975 1354 2092 1406 Alia
2143 1370 2356 1422 quoque
2381 1358 2591 1410 ratione
2645 1358 2894 1412 Christus
2929 1360 3031 1411 erit
3076 1377 3215 1413 unus
3264 1362 3540 1425 Dominus,

1975 1456 2219 1499 cessante
2247 1447 2390 1500 omni
2429 1463 2612 1517 regno,
2649 1459 2863 1504 terreno
2888 1452 3113 1515 scilicet,
3145 1453 3289 1506 etilli
3319 1455 3415 1507 soli
3443 1457 3540 1506 im-

1973 1537 2122 1604 perio
2158 1538 2322 1590 totius
2368 1541 2551 1593 mundi
2593 1552 2926 1596 consecrato.
2986 1544 3115 1597 Tale
3159 1547 3284 1612 quid
3335 1546 3538 1599 dictum

1976 1637 2154 1680 exstat
2185 1643 2212 1680 a
2255 1630 2658 1696 sapientissimo
2693 1632 2935 1688 Dauiele.
2967 1635 3242 1689 Enarrans
3274 1637 3414 1690 enim
3457 1638 3537 1689 vi-

286 1720 530 1772 τοιοῦτον
563 1721 656 1772 καὶ
681 1721 709 1772 ὁ
736 1720 1041 1788 σοφώτατος
1069 1722 1285 1792 Δανιὴλ.
1331 1723 1733 1794 Ἀφηγούμενος
1763 1725 1868 1796 γὰρ

1973 1717 2200 1784 sionem,
2254 1719 2428 1788 inquit
2463 1737 2476 1774 :
2519 1741 2538 1774 ι
2573 1722 3031 1788 Quemadmodum
3093 1727 3292 1791 vidisti,
3334 1729 3539 1794 rex,de

288 1812 413 1875 tab;
433 1812 545 1863 τῶν
570 1811 817 1882 όράσεων
835 1812 1088 1882 τρόπους,
1114 1815 1296 1884 φησίν·
1329 1834 1346 1865 ι
1379 1816 1472 1867 Ὃν
1503 1817 1701 1885 τρόπον
1731 1812 1870 1880 εἶδες

286 1906 366 1954 Et:
389 1903 499 1956 ἀπὸ
528 1903 685 1973 ὅρους
703 1904 910 1974 ἐτμήθη
938 1903 1084 1967 λίθος
1109 1906 1233 1958 ἄνευ
1272 1906 1473 1977 χειρὸς,
1500 1907 1594 1959 καὶ
1611 1907 1868 1980 ὲλέπτυνε

285 1995 376 2045 τόν
407 1993 698 2063 ὄστρακον,
731 1995 819 2046 τὸν
848 1995 1082 2065 σίδηρον,
1111 1995 1200 2049 τὸν
1237 1997 1456 2066 χαλκὸν,
1492 1998 1582 2050 τὸν
1609 1998 1866 2068 ἄργυρον,

283 2088 376 2138 τὸν
404 2086 628 2156 χρυσόν.
682 2086 741 2137 '0
769 2087 899 2149 Θεὸς
926 2086 954 2137 ὁ
986 2088 1157 2156 μέγας
1195 2088 1455 2158 ἐγνώρισε
1495 2088 1573 2159 τῷ
1625 2088 1862 2158 βασιλεῖ,

282 2179 318 2230 ἃ.
343 2179 425 2231 δεῖ
447 2177 701 2244 γενέσθαι
728 2177 864 2247 μετὰ
893 2175 1085 2240 ταῦτα,
1116 2179 1208 2230 καὶ
1231 2178 1480 2248 ἀληθινὸν
1509 2179 1570 2231 τὸ
1596 2179 1862 2239 ἐνύπνιον,

285 2271 381 2319 καὶ
418 2268 584 2336 πιστὴ
617 2269 649 2338 ή
679 2267 963 2339 σύγκρισις
987 2268 1170 2322 αὑτοῦ.
1197 2288 1214 2320 ι
1249 2269 1457 2322 Οὐκοῦν
1488 2264 1568 2332 εἷς
1591 2269 1741 2323 ἔσται
1772 2269 1865 2323 καὶ

291 2361 471 2427 μόνος,
524 2359 620 2412 καὶ
654 2359 930 2429 πληρώσει
983 2359 1082 2430 τῆς
1131 2359 1322 2412 ἑαυτοῦ
1355 2360 1512 2430 δόξης
1573 2362 1672 2432 τὴν
1704 2361 1864 2429 ἁγίαν

287 2450 460 2512 πόλιν,
491 2449 738 2503 τουτέστι
794 2451 890 2518 τὴν
923 2449 1116 2520 νοητὴν
1162 2450 1530 2521 Ἰερουσαλὴμ,
1567 2448 1634 2522 ἧς
1684 2452 1742 2504 τὸ
1776 2447 1865 2504 εῦ-

289 2557 378 2613 ρος
398 2541 492 2593 καὶ
519 2540 696 2610 ’μῆκος
722 2540 796 2604 ὡς
824 2543 881 2593 ἐν
904 2541 1057 2611 τύπῳ
1090 2541 1249 2594 πάλιν
1265 2545 1330 2612 τῇ
1357 2542 1582 2612 ἐπιγείῳ
1595 2542 1862 2595 δείκνυσιν

297 2632 668 2702 Ἰερουσαλήμ.
718 2629 970 2700 Ῥεμμὼν
1001 2631 1056 2684 δὲ
1110 2631 1173 2701 δὴ
1228 2632 1400 2702 πέτρα
1438 2633 1521 2695 τίς
1555 2635 1690 2695 ἐστι,
1723 2633 1863 2686 κατὰ

283 2723 381 2793 τὴν
413 2722 594 2776 νοτίαν
622 2722 842 2792 ἔρημον.
895 2722 1100 2776 Οὐκοῦν
1129 2722 1189 2775 τὸ
1218 2724 1316 2792 μὲν
1349 2719 1504 2793 εὖρος
1525 2723 1625 2793 τῆς
1665 2724 1861 2794 ’ῐερου-

285 2813 486 2884 σαλὴμ,
518 2814 626 2866 ἀπὸ
655 2813 802 2866 Γαδὰ
823 2813 926 2876 ἕως
969 2813 1242 2885 Ῥεμμών.
1286 2816 1556 2886 Ὀρίζεται
1587 2817 1643 2868 δὲ
1685 2817 1777 2868 καὶ
1801 2817 1861 2869 τὸ

288 2905 456 2974 μῆκος
483 2903 627 2956 οὕτω
661 2903 853 2971 λέγων·
906 2923 925 2955 ι
971 2905 1099 2957 Ἀπὸ
1121 2906 1218 2976 τῆς
1254 2906 1426 2975 πύλης
1451 2907 1701 2976 Βενιαμὶν
1757 2907 1861 2970 ἕως

284 2997 379 3065 τῆς
402 2995 576 3057 πύλης
602 2996 699 3064 τῆς
725 2995 944 3065 πρώτης
973 2997 1075 3060 ἕως
1108 2996 1214 3049 τῶν
1266 2997 1450 3050 πυλῶν
1483 2999 1590 3051 τῶν
1611 2999 1821 3065 γωνιῶν
1841 3041 1855 3062 ,

1974 1815 2154 1859 monte
2194 1808 2490 1862 abscissum
2527 1811 2753 1881 lapidem
2791 1815 2906 1868 sine
2950 1830 3130 1879 manu,
3164 1827 3380 1883 testam,
3428 1817 3536 1870 fer-

1974 1913 2111 1960 rum,
2150 1913 2244 1962 ωε,
2295 1911 2572 1968 argentum
2625 1911 2676 1955 ct
2725 1918 2913 1956 aurum
2950 1908 3338 1961 comminuere.
3400 1910 3538 1962 Deus

1973 2003 2196 2054 magnus
2229 2000 2349 2043 uota
2384 1990 2512 2044 fecit
2549 1993 2659 2062 regi
2717 2009 2833 2062 quae
2867 2007 3079 2064 oportet
3113 1999 3226 2052 ﬁeri
3257 2011 3376 2067 post
3400 2002 3535 2068 haec,

1969 2089 2021 2132 et
2053 2095 2234 2133 verum
2267 2083 2557 2144 somnium,
2604 2094 2658 2138 et
2693 2084 2869 2140 ﬁdelis
2898 2091 3208 2156 conjectura
3261 2091 3378 2160 ejus
3409 2092 3476 2148 ⁷⁷.
3508 2110 3531 2146 ι

1967 2169 2151 2237 Itaque
2177 2187 2313 2226 unus
2355 2183 2411 2228 et
2459 2174 2607 2230 solus
2654 2179 2778 2243 erit,
2817 2179 2907 2246 qui
2957 2181 3125 2249 gloria
3163 2198 3256 2236 sua
3295 2195 3532 2252 sanetam

1967 2261 2242 2317 civitatem
2269 2264 2530 2334 implebit,
2581 2269 2680 2323 hoc
2714 2279 2820 2335 est,
2874 2272 3262 2341 intelligibilem
3309 2275 3531 2332 Jerusa-

1965 2352 2092 2419 lem,
2131 2355 2284 2424 cujus
2315 2357 2645 2413 latitudinem
2674 2371 2730 2414 et
2771 2361 3156 2430 longitudinem
3212 2381 3425 2419 rursum
3475 2379 3533 2420 ut

1967 2444 2017 2498 in
2071 2455 2194 2515 typo
2227 2462 2320 2515 per
2368 2459 2680 2502 terrestrem
2725 2451 3024 2505 Jerusalem
3068 2455 3321 2508 ostendit.
3361 2457 3526 2508 Item-

1968 2551 2092 2589 mon
2126 2552 2288 2604 porro
2321 2547 2470 2606 petra
2505 2541 2748 2607 qumdam
2782 2552 2866 2595 est
2893 2543 2942 2594 in
2969 2545 3256 2598 solitudine
3279 2547 3525 2600 australi.

1965 2624 2130 2694 igitur
2168 2626 2392 2682 latitudo
2450 2631 2663 2699 quidem
2710 2631 3006 2688 Jerusalem
3067 2650 3096 2688 a
3156 2635 3301 2690 Gaba
3358 2653 3528 2707 usque

1968 2718 2258 2774 Remmon.
2315 2721 2508 2775 Deﬁnit
2540 2724 2698 2776 etiam
2747 2724 3131 2794 longitudinem
3186 2729 3269 2782 his
3310 2731 3521 2784 verbis:

1970 2827 1988 2858 ε
2025 2812 2064 2863 Α
2093 2821 2244 2880 porta
2270 2810 2544 2880 Benjamin
2566 2829 2734 2880 usque
2762 2816 2827 2867 ad
2851 2826 3057 2883 portam
3081 2818 3329 2883 primam,
3357 2835 3527 2888 usque

1965 2904 2030 2955 ad
2067 2913 2248 2970 portas
2283 2903 2617 2971 angulorum,
2651 2914 2705 2957 et
2739 2921 2906 2974 usque
2938 2908 3002 2959 ad
3031 2908 3218 2960 turrim
3249 2910 3522 2968 Anameel,

1965 3008 2131 3062 usque
2160 2994 2226 3046 ad
2281 2994 2570 3047 toreularia
2626 2996 2789 3062 regis.
2832 3015 2850 3047 ι
2887 2995 3044 3051 Porta
3093 3009 3270 3052 autem
3330 3001 3522 3068 prima,

284 3085 378 3138 καὶ
406 3086 510 3150 ἓως
547 3085 642 3137 τοῦ
689 3086 899 3155 πύργου
941 3087 1226 3158 Ἀναμεὴλ,
1284 3089 1389 3151 ἓως
1413 3089 1520 3141 τῶν
1555 3090 1856 3160 ὑποληνίων

1965 3093 2014 3136 et
2073 3094 2224 3151 porta
2277 3083 2592 3152 angulorum
2651 3095 2807 3140 erant
2856 3086 3245 3158 Hierosolymis
3296 3090 3374 3144 sic
3427 3105 3525 3157 ap-

285 3178 374 3230 τοῦ
407 3177 686 3246 βασιλέως.
725 3197 742 3230 ι
780 3177 927 3247 Πύλη
956 3178 1011 3229 δὲ
1056 3178 1266 3248 πρώτη,
1300 3179 1392 3231 καὶ
1443 3179 1547 3249 μὴν
1581 3182 1674 3233 καὶ
1715 3181 1854 3249 πύλη

286 3271 492 3335 γωνιῶν
552 3268 694 3322 οὕτω
744 3270 888 3332 τινὲς
933 3265 1072 3338 ἦσαν
1130 3270 1270 3322 κατὰ
1312 3269 1662 3340 Ἰερουσαλὴμ
1724 3270 1858 3322 ὠνο-

289 3360 578 3430 μασμέναι·
631 3361 726 3413 καὶ
765 3359 969 3430 πύργος
1003 3360 1058 3412 δὲ
1086 3356 1152 3431 ἦν
1192 3361 1461 3430 Ἀναμεὴλ
1490 3361 1853 3430 καλούμενος,

291 3451 401 3520 μεθ’
433 3452 492 3505 ὂν
516 3451 678 3516 εὐθὺς
731 3453 824 3504 καὶ
875 3451 942 3504 τὰ
976 3451 1236 3522 ὑπολήνια
1263 3451 1356 3504 τοῦ
1392 3452 1670 3521 βασιλέως
1703 3453 1856 3505 τόποι

284 3540 338 3592 δὲ
361 3532 507 3594 οὗτοι
539 3540 638 3610 τῆς
701 3540 1054 3610 Ἰερουσαλὴμ
1080 3541 1140 3593 τὸ
1181 3541 1352 3610 μῆκος
1383 3541 1457 3605 ὡς
1487 3543 1542 3593 ἐν
1574 3541 1727 3610 τύπῳ
1754 3559 1855 3594 κα-

285 3633 728 3703 τασημαίνοντες.
785 3633 996 3702 Ὠσπερ
1041 3632 1146 3704 γὰρ
1201 3633 1418 3686 ἐκέλευε
1471 3632 1547 3702 τῷ
1604 3633 1856 3704 μακαρίῳ

288 3727 534 3796 προφήτῃ
575 3725 831 3796 Ἰεζεχιὴλ
859 3725 888 3777 ὁ
917 3725 1023 3778 τῶν
1061 3727 1196 3778 ὅλων
1233 3725 1364 3790 Θεὸς
1397 3727 1722 3795 ἀναμετρεῖν
1756 3743 1854 3777 κα-

287 3817 436 3888 λάμῳ
460 3817 553 3869 τὸν
584 3813 751 3883 οἷκον,
784 3816 908 3887 τῇδέ
970 3833 1028 3868 τε
1058 3818 1218 3869 κάκεῖ
1249 3816 1548 3887 διᾴττοντα,
1581 3813 1855 3884 ὑπεμφαί-

288 3927 404 3972 ww,
429 3911 513 3962 ὅτι
549 3909 738 3962 πολλαὶ
766 3908 923 3978 μοναὶ
964 3907 1116 3978 παρὰ
1167 3908 1244 3978 τῷ
1282 3909 1422 3978 Θεῷ,
1471 3907 1642 3977 μυρία
1665 3923 1723 3958 τε
1755 3907 1855 3961 ὅσα

286 4001 385 4052 τῶν
413 4001 586 4069 ἁγίων
637 3999 1047 4069 ὲνδιαιτήματα·
1100 3999 1242 4052 οὓτω
1296 4017 1386 4071 μοι
1435 4003 1662 4060 κάνθάδε
1710 4007 1856 4060 δοκεῖ

289 4091 370 4143 διὰ
389 4091 567 4144 τόπων
602 4089 963 4161 ὑπεμφαίνειν
1012 4085 1169 4160 εὖρός
1197 4107 1256 4142 τε
1289 4092 1384 4144 καὶ
1412 4094 1605 4163 μῆκος,
1635 4096 1725 4149 καὶ
1757 4113 1854 4150 κα·

287 4182 580 4254 ταγράφειν
620 4184 754 4252 ἡμῖν
812 4181 911 4252 τὴν
959 4183 1154 4253 νοητὴν
1189 4183 1558 4255 Ἰερουσαλὴμ,
1611 4188 1851 4241 τουτέστι

287 4275 377 4344 τὴν
420 4273 749 4344 Ἐκκλησίαν
789 4272 1049 4343 Χριστοῦ,
1100 4273 1235 4344 πρὸς
1290 4272 1346 4326 ὃν
1396 4275 1541 4327 καὶὸ
1571 4275 1852 4340 θεσπέσιος

299 4367 517 4429 Ἡσαΐας
544 4364 830 4434 ἀνεφώνει,
851 4364 1044 4433 λέγων·
1087 4383 1104 4417 ι
1139 4365 1412 4418 Πλάτυνον
1440 4367 1529 4419 τὸν
1555 4367 1717 4420 τόπον
1751 4368 1849 4438 τῆς

1962 3175 2168 3242 pellatae
2204 3191 2216 3226 :
2251 3176 2416 3228 turris
2439 3182 2554 3228 erat
2583 3175 2843 3228 Anamecl
2870 3177 3030 3240 dicta,
3062 3189 3182 3244 post
3211 3194 3370 3245 quam
3414 3188 3526 3232 sta-

1962 3270 2052 3320 tim
2070 3265 2434 3334 sequebantur
2453 3266 2739 3321 torcularia
2763 3268 2901 3336 regis
2920 3286 2932 3322 :
2950 3284 3066 3336 qum
3081 3269 3243 3340 805
3263 3270 3374 3323 loca
3398 3271 3523 3326 Ilie-

1960 3360 2239 3430 rosolymze
2273 3358 2660 3428 longitudinem
2691 3368 2752 3412 ut
2778 3359 2829 3411 iu
2856 3370 2978 3428 typo
3010 3359 3339 3425 signiﬁcant.
3373 3362 3524 3415 Sicut

1957 3451 2100 3505 enim
2127 3449 2398 3502 mandavit
2417 3450 2573 3503 beato
2601 3448 2872 3517 prophetae
2888 3449 3154 3505 Ezechieli
3173 3448 3218 3481 ⁷⁸
3246 3453 3522 3506 universo-

1957 3557 2073 3595 rum
2102 3540 2239 3603 Deus
2270 3539 2474 3594 calamo
2503 3541 2680 3594 metiri
2733 3542 2968 3605 domum,
3019 3541 3122 3595 huc
3170 3542 3294 3596 illuc.
3333 3557 3521 3610 porre-

1955 3639 2120 3695 ctam,
2167 3631 2556 3685 subostendeus
2614 3632 2808 3684 multas
2852 3646 2970 3686 esse
3015 3633 3324 3686 mansiones
3377 3639 3515 3702 apud

1959 3721 2146 3784 Deum,
2178 3731 2231 3775 et
2264 3721 2426 3774 multa
2458 3721 2624 3773 millia
2673 3721 3098 3776 diversoriorum
3147 3737 3244 3791 pro
3275 3722 3476 3776 sanctis
3503 3741 3516 3776 τ

1955 3815 2028 3869 ita
2060 3814 2188 3866 mihi
2243 3821 2295 3866 et
2341 3814 2426 3867 hic
2451 3813 2663 3866 videtur
2695 3798 2789 3877 per
2825 3810 3064 3866 locorum
3100 3813 3434 3867 latitudinem
3467 3827 3521 3867 et

1954 3904 2345 3973 longitudinem
2382 3903 2641 3956 insinuari
2675 3913 2729 3957 et
2762 3902 2997 3956 describi
3021 3906 3173 3959 nobis
3197 3904 3517 3970 Jerusalem,

1954 4011 2111 4067 quam
2165 3996 2370 4050 ratione
2414 4005 2467 4048 et
2516 3995 2842 4064 cogitatione
2885 3995 3412 4064 comprehendimus,
3468 3997 3516 4049 id

1952 4099 2036 4143 est
2063 4087 2356 4142 Ecclesiam
2393 4086 2618 4150 Christi,
2645 4086 2730 4140 cui
2776 4095 2828 4140 et
2861 4085 3076 4140 divinus
3112 4086 3272 4140 Isaias
3316 4088 3518 4140 clama-

1953 4180 2042 4234 bat
2076 4194 2090 4232 :
2124 4199 2140 4230 ι
2179 4179 2346 4232 Dilata
2374 4179 2546 4233 locum
2589 4176 2800 4231 tentorii
2832 4177 2929 4242 tui,
2968 4185 3021 4231 et
3061 4177 3351 4232 animorum
3397 4189 3516 4231 tuo-

1957 4289 2070 4327 rum
2103 4291 2116 4325 :
2151 4273 2272 4342 ﬁge,
2315 4286 2380 4326 ne
2423 4285 2634 4341 parcas,
2675 4269 2935 4340 protende
2989 4267 3257 4324 funiculos
3295 4277 3433 4333 tuos,
3466 4280 3520 4322 et

1953 4365 2135 4419 clavos
2181 4361 2422 4419 conl‘orta
2473 4363 2669 4426 adhuc,
2727 4363 2793 4414 ad
2837 4362 3111 4416 dexteram
3163 4369 3216 4416 et
3270 4361 3336 4415 ad
3385 4361 3518 4414 siui-

286 4457 482 4528 σκηνῆς
519 4474 638 4521 σου,
673 4458 767 4511 καὶ
797 4455 902 4510 τῶν
925 4456 1164 4509 αύλαιῶν
1198 4473 1311 4519 σου,
1343 4457 1528 4526 πῆξον,
1563 4457 1638 4527 μὴ
1663 4459 1846 4531 φείσῃ,

1965 4466 2117 4511 stram
2137 4455 2298 4510 dilata
2334 4456 2404 4508 τ’.
2433 4473 2452 4507 ι
2481 4453 2763 4507 Dilatatam
2785 4468 2914 4522 ergo
2940 4462 3182 4506 sanctam
3219 4450 3516 4516 civitatem,

285 4551 552 4620 μάκρυνον
578 4549 648 4602 τὰ
693 4548 1045 4619 σχοινίσματά
1071 4566 1190 4612 σου,
1240 4549 1333 4600 καὶ
1364 4548 1488 4611 τοὺς
1536 4549 1846 4614 πασσάλους

281 4662 371 4696 σου
405 4646 733 4713 κατίσχυσον
754 4644 856 4706 ἔτι,
888 4645 966 4704 είς
993 4642 1060 4695 τὰ
1090 4641 1239 4706 δεξιὰ
1267 4641 1360 4695 καὶ
1385 4642 1462 4704 είς
1487 4641 1555 4694 τὰ
1585 4643 1845 4712 ἀριστερὰ

281 4734 603 4790 ὲκπέτασον.
639 4749 658 4784 ›
687 4730 1158 4802 Κατευρυνθεῖσαν
1195 4729 1258 4798 δὴ
1289 4725 1378 4781 οῦν
1410 4729 1508 4798 τὴν
1544 4729 1704 4795 ἁγίαν
1748 4729 1843 4780 πό-

279 4827 377 4892 λιν,
418 4827 512 4879 καὶ
563 4827 644 4888 εἰς
677 4825 849 4895 μῆκος
903 4822 964 4875 τὸ
985 4821 1157 4894 ταύτῃ
1201 4820 1408 4888 πρέπον
1443 4820 1841 4890 ἐκτεινομένην,

281 4917 689 4984 κατοικήσουσιν
719 4914 768 4965 oi.
800 4911 966 4979 ἆγιοι,
997 4911 1091 4963 καὶ
1119 4911 1218 4962 οὐκ
1238 4908 1410 4972 ἔσται,
1457 4909 1639 4976 φησὶν,
1671 4927 1689 4958 ι
1711 4911 1843 4962 ἀνά-

281 5007 332 5058 θε
343 5023 416 5075 μα
443 5007 541 5070 ἔτι,
566 5024 584 5056 θ
607 5005 872 5068 τουτέστι,
904 5004 1023 5055 κατ’
1055 5001 1240 5054 οὐδένα
1260 5001 1456 5070 τρόπον
1486 4999 1845 5070 ἀλλοτριωθῆ-

283 5115 428 5149 σεται
461 5097 616 5150 Θεοῦ·
651 5095 874 5165 βεὸαίαν
897 5093 1004 5164 γὰρ
1033 5093 1167 5162 αὐτῇ
1196 5094 1462 5162 χαριεῖται
1491 5090 1588 5161 τὴν
1625 5092 1843 5160 ἀγάπη-

283 5207 382 5254 σιν,
418 5191 510 5244 καὶ
539 5191 639 5242 οὐκ
672 5188 738 5241 ἂν
770 5188 1055 5240 ἐκπέσοιεν
1082 5185 1160 5238 ἔτι
1194 5184 1328 5253 πρὸς
1371 5183 1430 5236 τὺ
1486 5183 1842 5253 προσκρούειν

279 5282 415 5352 Θεῷ,
460 5280 833 5352 ἀνῃρημένης,
886 5278 960 5340 ὡς
1006 5277 1159 5345 ἔφην,
1216 5275 1316 5341 τῆς
1373 5273 1643 5342 ἁμαρτίας
1672 5276 1750 5335 εἰς
1786 5274 1846 5326 τὸ

284 5374 550 5437 παντελὲς,
579 5373 678 5426 καὶ
707 5370 802 5423 τοῦ
844 5368 1194 5440 πειράζοντος
1217 5365 1448 5417 Σατανᾶ.
1473 5363 1547 5416 Οὐ
1564 5364 1670 5433 γὰρ
1695 5363 1846 5416 ἔσται

279 5467 390 5518 ἐκεῖ
409 5464 559 5533 λέων,
583 5464 708 5518 οὐδὲ
735 5462 842 5516 τῶν
871 5461 1076 5531 θηρίων
1105 5458 1209 5513 τῶν
1234 5455 1482 5527 πονηρῶν
1510 5456 1660 5510 οὐδὲν
1685 5457 1742 5509 οὑ
1771 5456 1846 5526 μὴ

1953 4558 2004 4604 el
2034 4549 2083 4601 iu
2119 4548 2502 4617 longitudinem
2527 4547 2873 4614 proportione
2900 4544 3200 4598 latitudinis
3239 4554 3516 4596 cxtensam

1953 4639 2272 4694 habitabant
2311 4637 2502 4700 sancti,
2546 4646 2599 4690 et
2632 4652 2734 4689 non
2776 4637 2899 4697 erit,
2942 4635 3138 4704 inquit,
3178 4653 3195 4685 ι
3229 4634 3513 4687 anathema

1953 4727 2182 4797 amplius
2217 4744 2232 4780 :
2269 4745 2289 4778 ›
2325 4727 2428 4780 hoc
2459 4734 2563 4792 est,
2590 4725 2735 4780 nullo
2771 4726 2929 4780 modo
2961 4741 2989 4778 a
3023 4726 3130 4778 Deo
3173 4722 3510 4787 alienabitur,

1951 4819 2197 4876 stabilem
2227 4819 2368 4872 enim
2403 4818 2451 4872 ei
2487 4817 2802 4872 charitatem
2843 4818 3116 4887 largietur,
3145 4830 3243 4869 nec
3271 4815 3406 4869 ultra
3437 4817 3514 4868 Ιςς-

1951 4912 2145 4966 bentur
2172 4918 2230 4962 ut
2262 4905 2760 4973 Denm'oll’endant,
2805 4917 3045 4978 peccato,
3075 4917 3133 4961 ut
3176 4907 3305 4970 dixi,
3337 4917 3390 4960 et
3420 4905 3515 4960 Sa-

1952 5011 2077 5057 tana
2109 5009 2373 5055 tentatore
2401 5015 2622 5069 prorsus
2649 5000 2898 5054 sublatis.
2942 4999 3054 5052 Non
3101 4998 3242 5051 enim
3288 4999 3390 5050 erit
3444 4998 3512 5049 ibi

1952 5095 2056 5159 leo,
2089 5108 2187 5147 nec
2217 5093 2320 5145 ulla
2365 5091 2627 5144 malarum
2653 5090 2950 5143 bestiarum
2978 5089 3042 5140 ad
3074 5088 3213 5139 illam
3239 5089 3513 5153 ascendet,

1953 5199 2053 5238 nec
2081 5182 2380 5237 invenietur
2403 5182 2493 5236 ibi.
2528 5199 2547 5232 ι
2593 5179 2922 5234 Habitabth
2950 5179 3090 5231 enim
3110 5177 3456 5231 conﬁdenter.
3493 5197 3512 5230 ι

1953 5275 2215 5338 Quoniam
2245 5284 2424 5326 autem
2453 5274 2718 5327 insertum
2749 5280 2830 5324 est
2864 5289 2877 5324 :
2914 5290 2931 5320 ‹
2973 5270 3136 5322 [tanta
3161 5284 3288 5323 vero
3321 5270 3372 5323 in
3401 5271 3517 5324 loro

1953 5365 2311 5432 permanebit,
2352 5383 2370 5414 ι
2400 5380 2609 5418 rursum
2663 5362 2793 5417 illud
2851 5361 3080 5415 dicimus
3135 5349 3350 5415 sensum
3398 5377 3513 5417 ver-

1954 5459 2143 5511 borum
2172 5466 2433 5525 quantum
2477 5457 2530 5510 in
2570 5457 2724 5512 nobis
2756 5464 2843 5512 εει
2875 5454 3314 5523 interpretantes.
3351 5454 3514 5507 liama

349 5641 391 5673 ⁷⁷
422 5643 552 5697 Dan.
595 5659 655 5708 ll,
687 5643 778 5696 45.
856 5641 901 5672 ⁷³
944 5640 1138 5695 Ezech.
1175 5655 1257 5700 st,
1287 5637 1342 5691 6i
1377 5653 1527 5708 seqq.
1604 5638 1648 5668 ⁷⁹
1681 5636 1780 5722 isa.
1807 5648 1913 5697 LW,
1943 5633 1996 5703 9,
2023 5633 2078 5688 5.
