3934 6318
163 271 255 329 961
426 301 428 304 ν
998 271 1544 329 (ΣΟΜΜΕὺΤΑῐῖιιῖδ
1585 269 1649 326 IN
1693 272 1716 324 Ἰ

1833 273 2036 328 ΗΑΒΙΛ
2049 275 2096 330 Μ
2139 276 2578 333 ΡΗΟΡΙΙΕΤᾹΜ.
3327 277 3430 331 ἲθὲ

164 388 442 463 ρουσαλὴμ
472 430 484 454 ,
528 391 650 460 ἥτις
699 392 845 444 ἐστὶν
898 392 1193 461 Ἐκκλησία
1229 392 1362 444 Θεοῦ
1415 391 1636 457 ζῶντος,
1677 387 1712 462 ἦ

1853 401 2026 445 turam
2066 395 2219 456 dixit,
2259 395 2558 463 licehatque
2587 396 2712 465 jure
2733 400 2948 466 ,optlmo
2981 397 3084 451 hoc
3119 399 3423 454 confectum

164 483 214 536 δὲ
265 482 328 554 δὴ
377 481 561 541 τοῦτο.
614 484 708 536 καὶ
753 484 891 553 μάλα
950 483 1145 553 ὀρθῶς,
1191 484 1716 554 ἁποπερανθήσεσθα

1845 484 1911 537 iri
1947 499 2167 552 sperare
2198 486 2423 541 sublatis
2456 489 2718 553 hostibus,
2747 497 2798 544 et
2827 488 3032 542 eversis
3069 489 3136 542 iis
3171 490 3263 557 qui
3303 505 3422 544 eam

166 574 461 644 προσδοκᾷν
501 573 912 642 ἀναιρουμένων
943 573 1175 643 ἐχθρῶν,
1212 574 1304 625 καὶ
1337 572 1444 624 τῶν
1475 571 1716 624 είωθότω

1844 578 2091 645 persequi
2118 590 2534 640 consueverant,
2560 584 2865 634 necessario
2889 591 2940 634 et
2969 582 3082 634 luet:
3108 583 3262 635 nobis
3287 598 3415 638 nar-

160 666 372 717 ἰιὼκειν
402 664 577 734 αὐτὴν
610 665 1131 735 ἀνατετραμμὲνων,
1177 665 1479 732 ἀναγκαίαν
1509 666 1716 716 ποιείτα

1843 677 1946 720 rat.
1989 667 2164 736 lnquit
2200 675 2342 722 enlm
2383 688 2396 724 :
2442 689 2459 721 ι
2506 671 2628 725 Ihec
2669 673 2773 725 erit
2813 674 2963 724 ruina
3015 687 3119 742 qua
3159 677 3416 740 percutiet

159 762 246 812 καὶ
271 757 479 810 τούτων
511 759 642 826 ἡμῖν
671 757 770 826 τὴν
826 757 1121 826 ἀφήγησιν.
1163 778 1181 808 ‹
1211 756 1356 828 Αὕτη
1416 757 1524 826 γάρ
1554 757 1702 808 ἔσται

1841 757 2097 811 Dominus
2144 773 2333 812 omnes
2380 761 2642 829 populos,
2691 763 3000 829 quicunque
3047 762 3420 816 militaverunt

157 851 334 920 φησιν,
368 851 403 920 ἡ
429 849 657 911 πτῶσις,
684 850 750 920 ἢν
773 849 926 918 κόψει
957 850 1160 922 Κύριος
1181 851 1386 912 πάντας
1406 849 1528 911 τοὺς
1551 848 1712 910 λαοὺς

1841 857 2026 901 contra
2053 848 2350 903 Jerusalem
2382 869 2394 904 :
2422 866 2614 905 carnes
2640 867 2827 903 eorum
2860 853 3159 917 tabescenl,
3190 862 3242 906 et
3269 852 3412 907 oculi

152 945 261 996 ὅσοι
293 943 741 1012 ἐπεστράτευσαν
764 942 857 994 ἐπὶ
905 941 1278 1013 Ἰερουσαλήμ·
1312 943 1365 993 αί
1401 941 1601 1010 σάρκες
1637 940 1716 992 αὺ-

1838 954 2026 993 eorum
2059 941 2315 1004 deﬂuenl,
2344 944 2502 996 simul
2537 945 2844 996 tabescente
2872 944 3071 1011 lingua.
3108 964 3126 995 ι
3159 935 3418 999 Commu-

150 1034 251 1088 τῶν
271 1035 767 1104 κατατακήσονται,
787 1034 1147 1105 ἐκρυήσονται
1175 1035 1230 1087 δὲ
1261 1034 1350 1086 καὶ
1377 1036 1425 1086 oi
1443 1031 1708 1102 ὀφθαλμοὶ

1838 1033 1921 1086 nis
1963 1035 2104 1086 enim
2149 1036 2282 1098 ista,
2329 1045 2381 1088 et
2428 1035 2692 1088 naturalis
2739 1050 2881 1088 mors
2922 1037 3160 1088 Omnium
3199 1036 3416 1104 quidem

152 1128 558 1198 συντηκομένής
612 1129 706 1180 καὶ
771 1126 1041 1196 γλώττης.
1087 1147 1103 1178 ι
1155 1126 1210 1177 'U
1269 1125 1506 1196 μὲνγὰρ
1555 1124 1716 1188 κοινὸς

1836 1141 2024 1179 carnes
2049 1125 2321 1191 tabefucit,
2347 1137 2397 1179 et
2423 1127 2598 1180 oculis
2622 1134 2782 1193 atque
2803 1125 3003 1195 linguis
3025 1125 3239 1192 spoliat,
3264 1140 3418 1178 accr-

146 1213 320 1281 οῧτσς,
357 1218 454 1270 καὶ
508 1219 570 1270 ἐκ
623 1219 722 1288 τῆς
773 1217 986 1286 φύσεως
1031 1217 1256 1279 Θάνατος
1310 1217 1465 1288 τήκει
1497 1217 1596 1286 μὲν
1633 1215 1716 1278 τὰς

1834 1217 2113 1270 hissimum
2149 1227 2326 1270 autem
2356 1229 2410 1271 et
2438 1218 2968 1271 calamitosissimum
2999 1233 3106 1270 non
3142 1217 3418 1270 immerito

144 1311 408 1363 ἁπάντων
467 1309 694 1380 σάρκας,
763 1310 857 1361 καὶ
908 1309 1190 1378 ἀποκείρει
1245 1307 1577 1378 ὀφθαλμοὺς,
1637 1307 1716 1359 κα¹

1833 1310 2030 1374 fuerit,
2075 1311 2369 1365 viventium
2412 1319 2466 1364 et
2507 1312 2768 1364 stantium
2813 1313 2990 1365 adhuc
3033 1325 3225 1364 carnes
3263 1310 3416 1363 tabe-

144 1399 417 1468 γλώσσας·
467 1401 747 1454 πάνδεινον
781 1401 857 1464 δὲ,
919 1401 1010 1453 καὶ¹
1038 1401 1134 1471 τῆς
1165 1401 1244 1461 είς
1278 1399 1428 1468 λῆξιν
1488 1397 1716 1468 ἡκούσης

1833 1417 2019 1468 scere;
2055 1412 2108 1457 et
2145 1405 2396 1458 excidere
2435 1404 2651 1468 oculos,
2686 1414 2740 1458 et
2775 1405 2949 1471 puniri
2993 1404 3224 1472 linguas.
3260 1401 3411 1455 Talia

147 1494 434 1562 συμφορᾶς
486 1492 570 1563 εἴη
629 1493 694 1545 ἂν
723 1492 948 1554 εἰκότως
986 1491 1046 1543 τὸ
1074 1489 1314 1556 ζώντων,
1342 1490 1435 1543 καὶ
1478 1489 1716 1544 ἐστώτωι

1831 1501 2010 1546 autem
2040 1491 2151 1547 Deo
2181 1509 2399 1547 exosam
2433 1505 2488 1548 et
2517 1496 2902 1548 exsecrandum
2931 1495 3097 1545 vitam
3130 1503 3412 1546 consecta-

145 1582 219 1636 ’ἑτι
255 1583 491 1651 τακῆναι
531 1583 627 1653 μὲν
665 1584 894 1653 σάρκας,
943 1584 1034 1636 καὶ
1057 1584 1317 1653 ἀπορρεῖν
1373 1581 1716 1653 ὀφθαλμοὺς1

1831 1587 1901 1641 tis
1927 1596 2185 1640 eventura
2217 1586 2504 1640 admodum
2536 1587 2701 1656 probe
2731 1587 2881 1639 dicit.
2909 1586 3075 1656 807
3104 1585 3412 1653 Reposcen-

146 1673 464 1738 κολάζεσθαι
485 1675 542 1727 δὲ
563 1676 655 1728 καὶ
679 1674 940 1742 γλώττας.
963 1670 1033 1727 Εὖ
1052 1673 1107 1726 δέ
1129 1673 1194 1744 δὴ
1226 1674 1428 1746 σφόδρα
1450 1674 1517 1728 τά
1547 1667 1716 1728 τοιάδε

1832 1687 1919 1734 tur
1948 1679 2090 1733 enim
2127 1694 2344 1748 poenas,
2382 1695 2490 1733 non
2525 1679 2693 1732 solum
2729 1694 2918 1732 eorum
2954 1693 3072 1744 quae
3105 1677 3157 1730 in
3193 1685 3414 1730 sanctos

152 1767 521 1837 συμϐήσεσθαι
552 1784 683 1836 φησι
709 1770 820 1830 τοῖς
851 1766 1079 1837 θεομισῆ
1115 1767 1209 1820 καὶ
1236 1767 1509 1836 ἐπάρατον
1529 1767 1716 1837 ἐπιτη-

1829 1771 2248 1835 commiserunt,
2291 1773 2384 1824 sed
2428 1771 2589 1823 etiam
2636 1771 2797 1826 studii
2845 1785 3025 1824 rerum
3069 1768 3409 1833 carnalium,

153 1857 362 1911 ἰεύσασι
391 1858 559 1928 ζωήν.
603 1856 1116 1928 Είσπραχθήσονται
1138 1855 1244 1927 γὰρ
1267 1857 1438 1921 δίκας,
1464 1858 1560 1926 οὐχ
1583 1857 1716 1928 ὑπέρ

1829 1850 1931 1930 quo
1965 1863 2014 1915 in
2051 1863 2150 1916 hoc
2181 1860 2384 1913 mundo
2415 1860 2710 1930 ﬂagrarunt
2747 1881 2758 1914 :
2791 1875 2910 1930 quae
2945 1861 3072 1914 item
3107 1858 3211 1912 illis
3243 1872 3406 1912 causa

155 1965 212 2015 γε
250 1949 404 2018 μόνον
436 1949 546 2001 τῶν
579 1950 657 2010 είς
680 1948 870 2016 ἁγίους
902 1949 1086 2010 αὐτοῖς
1135 1948 1716 2018 πεπλημμελημένων·

1829 1951 1927 2005 fuit
1965 1967 2062 2006 cur
2096 1965 2267 2021 neque
2305 1952 2462 2007 ﬁdem
2506 1953 2890 2016 admitterent,
2930 1965 3105 2019 neque
3150 1953 3406 2019 pietatem

157 2039 283 2091 ἀλλὰ
309 2040 402 2091 καὶ
433 2038 574 2109 ὑπὲρ
600 2034 666 2111 ἦς
703 2041 1000 2110 ἐσχήκασιν
1053 2041 1111 2092 ἐν
1161 2038 1294 2108 τῷδε
1322 2038 1396 2108 τῷ
1421 2040 1610 2110 κόσμῳ
1643 2057 1716 2107 qn-

1829 2041 2030 2106 colere,
2068 2050 2125 2094 et
2160 2041 2383 2110 gloriam
2419 2042 2542 2095 vita:
2579 2041 2630 2094 in
2670 2040 2886 2094 Christo
2922 2040 3144 2108 diligere
3180 2038 3403 2092 vellent.

159 2131 456 2200 λοσαρκίας·
487 2131 521 2202 ἦ
547 2132 641 2183 καὶ
666 2131 884 2199 γέγονεν
905 2131 1086 2194 αὐτοῖς
1119 2131 1264 2183 αίτία
1281 2130 1374 2183 τοῦ
1401 2131 1536 2201 μήτε
1561 2147 1716 2200 προσ-

1829 2132 2238 2186 Declinaverunt
2261 2133 2426 2198 enim,
2453 2143 2511 2186 ut
2536 2133 2668 2195 dixi,
2692 2133 2756 2184 ad
2785 2129 3052 2185 absurdus
3077 2130 3406 2198 voluptates,

162 2221 381 2288 ἡκασθαι
409 2219 507 2290 τὴν
537 2221 739 2284 πίστιν,
784 2222 922 2290 μήτε
956 2221 1060 2292 μὴν
1088 2219 1302 2273 ἑλέσθαι
1334 2221 1434 2290 ζῇν
1461 2221 1716 2286 εὐσεϐῶς,

1829 2228 1877 2272 et
1924 2234 2257 2289 qumcuuque
2299 2221 2585 2284 videbant,
2633 2236 2730 2274 ore
2779 2220 2963 2273 hiante
3005 2219 3408 2287 quodaminodo

163 2311 248 2362 καὶ
267 2310 360 2378 τῆς
390 2313 447 2362 ἐν
476 2308 700 2380 Χριστῷ
752 2310 1027 2374 πολιτείας
1084 2310 1368 2380 ἀγαπῆσαι
1398 2309 1495 2380 τὴν
1540 2310 1716 2376 δόξαν.

1829 2313 2145 2378 appetebant
2182 2327 2245 2366 ac
2278 2312 2663 2384 deglutiehaut.
2699 2311 2978 2364 Acuerunt
3011 2313 3156 2364 enim
3195 2310 3406 2378 linguas

165 2398 404 2466 Γεγόνασι
437 2398 536 2467 μὲν
557 2399 688 2468 γάρ,
722 2398 795 2462 ὡς
825 2399 982 2469 ἔφην,
1039 2400 1459 2462 ἀπονενευκότες
1505 2401 1716 2463 ἀτόπως

1829 2415 2010 2460 contra
2046 2405 2358 2471 Christum,
2395 2415 2450 2460 et
2482 2420 2636 2460 sacra
2671 2404 2924 2458 Ecclesia:
2957 2404 3206 2470 dogmata
3243 2402 3406 2470 impie

162 2493 234 2553 είς
275 2492 531 2554 ἐκτύπους
591 2493 802 2561 ἡδονάς*
834 2492 1098 2561 ἐσχήκασι
1148 2492 1204 2545 δὲ
1244 2493 1340 2546 καὶ
1389 2494 1472 2562 ἐφ’
1508 2495 1716 2564 ἑκάστῳ

1829 2506 2165 2565 carpserunt.
2189 2497 2317 2550 Jure
2344 2499 2507 2564 igitur
2530 2495 2584 2550 in
2611 2509 2795 2558 carne,
2820 2503 2873 2547 et
2901 2494 3095 2558 oculis,
3123 2503 3176 2547 et
3205 2492 3404 2562 linguis

161 2583 256 2635 τῶν
278 2583 568 2653 ὁρωμένων
590 2582 904 2654 ἐπιθυμίαν,
943 2585 1226 2654 μονονουχὶ
1253 2583 1447 2654 χανδὸν
1471 2585 1716 2638 ἐκπίνον-

1829 2601 2037 2655 ptenam
2083 2595 2456 2654 susceperunt.
2502 2586 2967 2652 Quemadmodum
3015 2583 3160 2637 enim
3209 2598 3401 2650 aquam

159 2692 256 2738 τες.
297 2675 594 2746 Ἠκόνησαν
643 2675 701 2727 δέ
746 2677 840 2728 καὶ
866 2675 1110 2744 γλῶτταν
1149 2676 1289 2729 κατά
1323 2673 1581 2747 Χριστοῦ,
1622 2675 1716 2728 καὶ

1829 2680 2216 2748 redargutionis
2250 2680 2440 2735 bibens
2477 2679 2690 2742 mulier,
2731 2687 2782 2731 et
2817 2675 3068 2746 pejerans
3106 2677 3158 2728 iu
3197 2673 3404 2728 femore

158 2765 254 2818 τῶν
275 2766 428 2836 ἱερῶν
443 2766 544 2836 τῆς
573 2767 899 2837 Ἐκκλησίας
916 2767 1203 2838 δογμάτων
1225 2767 1443 2820 ἀνοσίαν
1468 2767 1716 2836 πεποίην·

1829 2772 2160 2840 puniebatur,
2187 2771 2275 2825 ubi
2305 2781 2359 2825 et
2387 2772 2592 2825 crimen
2622 2769 2998 2823 fornicationis
3020 2766 3400 2833 counnittitur;

159 2871 237 2908 ται
259 2856 350 2927 τὴν
371 2858 732 2928 κατάρῤήσιν.
766 2858 1004 2921 Είκότως
1043 2859 1106 2927 δὴ
1145 2855 1237 2911 οὖν
1284 2860 1364 2922 εἰς
1404 2860 1614 2928 σάρκας
1661 2874 1716 2910 τε

1829 2864 1891 2917 tit
1916 2865 2179 2933 siquidem
2207 2881 2220 2917 :
2256 2883 2274 2915 ι
2305 2864 2605 2932 Rumpetur
2623 2871 2680 2916 et
2703 2861 2915 2915 decidet
2941 2858 3118 2912 femur
3139 2857 3256 2925 ejus
3273 2857 3345 2920 ³⁸,
3376 2876 3396 2907 ι

158 2949 588 3020 καὶόιρθαλμοὺς,
641 2952 736 3003 καὶ
785 2950 1030 3019 γλώττας
1073 2952 1172 3021 τὴν
1198 2951 1353 3022 δίκην
1395 2952 1710 3021 ἐσχήκασιν.

1829 2956 2034 3021 eodem,
2071 2957 2282 3025 opinor,
2327 2955 2485 3009 modo
2522 2964 2576 3008 et
2619 2962 2861 3008 sanctam
2900 2951 3176 3004 civitatem
3221 2963 3406 3017 perse-

159 3039 354 3111 Ὠσπερ
387 3042 496 3112 γὰρ
520 3043 553 3112 ἡ
580 3042 638 3093 τὸ
668 3041 811 3112 ὕδωρ
860 3042 953 3095 τοῦ
995 3041 1227 3110 ἐλεγμοῦ
1281 3041 1510 3096 πίνουσα
1544 3041 1714 3110 γυνὴ,

1829 3047 2110 3116 quentibus
2139 3048 2190 3100 in
2222 3061 2385 3100 carne
2404 3086 2418 3110 ,
2445 3055 2499 3100 et
2527 3045 2725 3108 oculis,
2757 3053 2812 3098 et
2841 3042 3042 3112 linguis
3071 3038 3399 3108 supplicium

159 3132 243 3184 καὶ
262 3133 570 3204 ψευσαμένη
592 3133 684 3185 τὸν
711 3133 892 3203 ὅρκον,
927 3134 1006 3196 είς
1041 3133 1213 3204 μηρὸν
1241 3132 1550 3197 ἐκολάζετο,
1587 3137 1715 3206 περὶ

157 3220 210 3273 ὃν
249 3224 478 3290 γίνονται
527 3225 620 3275 καὶ
676 3223 744 3275 τὰ
791 3223 855 3275 ἐκ
905 3223 1008 3291 τῆς
1061 3223 1319 3292 πορνείας
1360 3224 1714 3296 ἐγκλήματα,

163 3328 177 3357 ι
215 3309 566 3380 Πρισθήσεται
595 3310 722 3382 γὰρ,
755 3311 908 3382 φησὶ,
939 3313 1033 3365 καὶ⁸
1065 3313 1403 3368 διαπεσεῖται
1456 3316 1483 3366 ὁ
1545 3318 1718 3388 μηρὸς

1825 3138 2175 3204 irrogahitur,
2213 3152 2376 3205 penes
2409 3151 2546 3206 quos
2576 3149 2815 3189 amorem
2852 3133 3033 3187 carnis
3067 3141 3123 3185 et
3155 3130 3404 3196 volupta-

1829 3230 1926 3293 tis,
1961 3238 2015 3281 et
2050 3229 2273 3298 insuper
2302 3227 2584 3282 oculorum
2620 3225 2846 3292 delicta,
2883 3233 2935 3278 et
2972 3223 3169 3292 linguae
3205 3222 3404 3274 intem-

1827 3319 2069 3387 perantis
2099 3333 2260 3373 voces
2289 3319 2473 3373 videre
2505 3327 2609 3372 est.

160 3400 333 3472 αὐτῆς·
357 3421 374 3454 ι
406 3403 548 3456 κατά
575 3403 667 3456 τὸν
698 3403 832 3467 ἴσον,
863 3399 1040 3474 οἶμαι,
1095 3406 1294 3476 τρόπον
1341 3407 1434 3458 καὶ
1501 3411 1612 3470 τοῖς
1645 3408 1745 3480 τὴν
1785 3410 1947 3479 ἁγίαν
1969 3410 2224 3464 διώκουσι
2279 3411 2457 3474 πόλιν,
2501 3411 2581 3473 εἰς
2613 3409 2823 3478 σάρκας
2855 3423 2914 3460 τε
2954 3406 3051 3460 καὶ
3071 3404 3404 3482 ὀφθαλμοίξςν

163 3494 244 3546 ul.
301 3494 548 3563 γλώσσας
602 3497 636 3567 ἡ
693 3496 952 3561 κόλασις·
1014 3499 1342 3571 φιλοσαρκία
1399 3501 1507 3573 γὰρ
1551 3502 1750 3570 αὐτοῖς,
1826 3506 2129 3576 ήδυπάθειά
2187 3522 2248 3559 τε
2293 3505 2432 3576 πρὸς
2484 3503 2730 3569 τούτοις,
2789 3504 2885 3556 καὶ
2918 3503 2984 3556 δι’
3042 3499 3306 3571 ὀμμάτων
3337 3498 3405 3549 τὰ

162 3585 459 3655 ἰγκλήματα
478 3626 494 3652 ,
524 3589 620 3640 καὶ
648 3588 973 3643 ἀπαιδεύτου
1005 3589 1252 3662 γλώττης
1292 3593 1484 3660 φωναί.

219 3683 320 3735 Kal
352 3683 519 3735 ἔσται
558 3683 628 3735 ἐν
654 3681 730 3752 τῇ
779 3684 969 3753 ’ἡμέρᾳ
1009 3686 1212 3755 ἐκείνῃ
1262 3689 1553 3755 ἔκστασις
1595 3693 1713 3744 Κυ-

153 3773 273 3841 ρίου
291 3774 515 3844 μεγάλη
541 3774 635 3828 ἐπ’
659 3778 898 3842 αὐτούς.
927 3778 1035 3831 Καὶ
1062 3778 1425 3848 ἐπιλήψεται
1458 3771 1716 3845 ἕκαστος

159 3863 256 3932 τῆς
293 3866 486 3935 χειρὸς
520 3866 629 3920 τοῦ
661 3869 930 3934 πλησίον
962 3869 1171 3936 αὐτοῦ,
1213 3871 1308 3924 καὶ
1352 3871 1716 3939 συμπλακῆ-

159 3973 308 4012 σεται
338 3960 375 4026 ἡ
412 3960 542 4028 χεὶρ
577 3961 762 4014 αὑτοῦ
802 3961 952 4028 πρὸς
980 3962 1149 4030 χεῖρα
1185 3963 1290 4017 τοῦ
1321 3964 1590 4031 πλησίον
1614 3967 1719 4019 αὐ-

162 4049 272 4106 τοῦ.
297 4052 399 4105 Kal
427 4055 460 4105 ό
496 4051 721 4118 Ἰούδας
763 4053 1165 4121 παρατάξεται
1203 4056 1272 4108 ἐν
1305 4056 1713 4126 Ἰερουσαλὴμ,

163 4141 248 4193 καί
289 4143 538 4208 συνάξει
578 4145 694 4211 τὴν
737 4146 919 4214 Ισχὺν
951 4145 1195 4200 πάντων
1229 4146 1346 4201 τῶν
1395 4148 1562 4202 λαῶν
1615 4166 1717 4203 κυ-

165 4235 360 4288 κλόθεν
384 4236 663 4305 χρυσίον,
699 4234 796 4288 καὶ
823 4237 1127 4306 ἀργύριον,
1155 4238 1253 4292 καί
1282 4239 1602 4308 ἱματισμὸν
1631 4242 1717 4305 εὶς

167 4322 369 4391 πλῆθος
394 4326 650 4396 σφόδρα.

1899 3686 2060 3739 Vnus.
2099 3685 2196 3747 15,
2235 3683 2322 3738 14.
2358 3681 2422 3734 Ει
2457 3683 2552 3734 erit
2590 3681 2643 3732 in
2679 3681 2765 3732 die
2797 3679 2892 3730 illa
2926 3677 3151 3730 exstast‘s
3187 3676 3401 3731 Domini

1823 3793 2012 3846 magna
2037 3792 2191 3843 super
2210 3791 2318 3828 eos.
2342 3773 2409 3826 Et
2435 3771 2781 3841 apprehende!
2809 3770 3163 3838 unusquisque
3186 3784 3401 3821 manum

1823 3870 2049 3940 proximi
2083 3868 2199 3933 sui,
2237 3877 2282 3919 et
2323 3862 2678 3934 implicabitur
2709 3877 2899 3914 manus
2935 3859 3046 3929 ejus
3081 3861 3149 3913 ad
3184 3877 3400 3914 manum

1824 3961 2052 4029 proximi
2081 3958 2185 4012 sui.
2214 3955 2282 4010 Et
2305 3955 2475 4010 Judas
2500 3951 2748 4023 pugnabit
2777 3954 2831 4005 in
2856 3951 3173 4016 Jerusalem,
3199 3959 3248 4004 et
3271 3968 3390 4004 con-

1823 4055 2053 4125 gregabit
2085 4055 2243 4105 robur
2265 4052 2497 4103 omnium
2523 4047 2834 4116 populorum
2861 4059 2954 4113 per
2974 4045 3275 4107 circuitum,
3300 4060 3404 4096 aua-

1825 4163 1940 4201 rum
1967 4156 2013 4199 et
2044 4155 2340 4213 argentum,
2368 4151 2416 4194 et
2448 4149 2628 4194 vestem
2656 4137 2710 4190 iu
2739 4136 3132 4190 multitudinem
3157 4135 3324 4192 valde.

227 4415 332 4470 ΡΘ.
372 4418 668 4473 Ἐκστασιν
708 4420 766 4470 ὲν
801 4420 1008 4484 τούτοις
1044 4419 1133 4472 τὸν
1174 4419 1357 4489 φόϐον,
1403 4422 1568 4492 ήγουν
1617 4421 1716 4492 τὴν

1893 4424 2027 4480 CIX.
2068 4423 2337 4478 Exstasim
2373 4422 2474 4476 hoc
2509 4419 2625 4474 loco
2660 4418 2938 4482 timorem,
2976 4417 3091 4470 sive
3125 4425 3401 4484 stuporem

171 4507 474 4578 κατάπληξιν
523 4507 782 4580 ὀνομάζει
840 4510 1023 4563 πάλιν.
1078 4512 1216 4564 Κατ’
1270 4511 1448 4564 ἐκεῖνο
1488 4510 1553 4583 δὴ
1599 4507 1714 4576 οὖν,

175 4598 298 4665 qusi,
326 4600 414 4653 τοῦ
449 4600 668 4671 καιροῦ,
701 4602 821 4655 καθ’
851 4602 910 4655 δν
944 4602 1010 4656 ἂν
1039 4601 1300 4673 ἀλλήλους
1331 4603 1640 4674 ἀθροίσειαν
1667 4605 1716 4657 οί

176 4685 254 4754 τῆς
280 4689 589 4761 Ἐκκλησίας
615 4691 820 4762 ἐχθροὶ,
860 4695 983 4757 ταῖς
1009 4691 1150 4746 οὕτω
1170 4694 1366 4756 δειναῖς
1389 4692 1718 4748 ὑποπίπτον-

180 4793 256 4842 τας
293 4781 490 4848 δίκαις,
555 4785 1069 4856 καταπλαγήσονται
1128 4786 1225 4856 μὲν
1274 4788 1387 4849 τοῖς
1439 4785 1712 4854 δείμασιν,

184 4871 367 4939 ἀφέντες
399 4879 454 4930 δὲ
498 4877 643 4932 οὕτω
680 4879 865 4932 λοιπὸν
914 4880 975 4933 τὸ
1006 4879 1221 4933 διώκειν
1259 4879 1570 4948 ἁποτολμᾷν
1614 4880 1716 4951 τὴν

187 4963 308 5031 ἁγίαν
337 4970 503 5035 πόλιν,
534 4973 843 5042 οἰχήσονται
882 4974 980 5042 μὲν
1021 4973 1276 5041 φυγάδες,
1312 4973 1406 5025 καὶ
1449 4972 1547 5034 τὰς
1586 4973 1714 5042 παρ’

187 5054 382 5128 ἀλλήλων
408 5062 796 5134 ἐπιζητοῦντες
835 5065 1108 5136 ἀνονήτως
1141 5063 1480 5134 ἐπικουρίας,
1509 5063 1716 5134 οίκτροί

187 5164 228 5199 τε
252 5150 458 5220 ἔσονται,
487 5157 582 5210 καὶ
609 5157 1058 5227 κατερῤιμμένοι,
1085 5155 1177 5208 καὶ
1202 5156 1306 5208 ὑπὸ
1330 5155 1499 5217 πόδας
1525 5155 1713 5220 ἁγίων.

195 5239 237 5292 ’1)
270 5243 318 5296 δέ
349 5263 407 5313 γε
440 5247 677 5310 Ἰούδας,
713 5247 875 5317 φησι,
923 5249 1216 5310 τουτέστιν,
1263 5248 1311 5298 οἱ
1353 5245 1440 5299 διὰ
1487 5246 1719 5310 πίστεως

182 5335 254 5405 τῆς
277 5341 343 5402 εἰς
371 5341 604 5412 Χριστὸν
637 5340 1065 5410 δεδικαιωμένοι,
1095 5340 1190 5392 καὶ
1221 5339 1311 5391 τὸν
1345 5338 1531 5408 νοητὸν
1565 5355 1720 5407 περι-

180 5430 393 5499 φέροντες
432 5433 689 5486 Ἰουδαῖον
713 5471 727 5494 ,
772 5435 866 5484 καὶ
918 5431 1016 5500 τὴν
1059 5432 1116 5482 ἐν
1150 5431 1426 5500 Πνεύματι
1462 5429 1540 5500 τῷ
1582 5430 1721 5500 ἁγίῳ

174 5521 433 5594 περιτομὴν
478 5522 920 5591 πλουτήσαντες,
973 5521 1378 5591 παρατάξονται
1425 5524 1481 5574 ἐν
1523 5523 1722 5590 Ἰερουο

220 5699 262 5731 ε’
292 5698 440 5756 "Num.
469 5719 524 5766 v,
551 5701 647 5753 2|.
728 5700 771 5728 ’³
799 5697 950 5750 noun.
992 5713 1046 5760 ιι,
1084 5697 1168 5750 '29.

1826 4532 2042 4573 rursum
2077 4516 2330 4585 appellat.
2358 4513 2455 4568 lllo
2485 4520 2728 4580 tempore
2759 4510 2940 4579 igitur,
2977 4507 3173 4576 inquit,
3204 4521 3311 4576 quo
3344 4523 3400 4558 se

1825 4619 2014 4664 mutuo
2053 4607 2423 4678 aggregabunt
2464 4602 2717 4658 Ecclesia:
2765 4602 2948 4655 hostes
2997 4609 3102 4653 tam
3145 4601 3400 4668 gravibus

1823 4698 2001 4768 prenis
2029 4695 2288 4760 irretitos,
2315 4695 2699 4762 obstupescent
2726 4691 2800 4745 illi
2826 4691 3045 4760 quidem
3074 4689 3396 4752 terroribus,

1827 4789 2013 4844 relicta
2053 4797 2231 4842 autem
2269 4788 2334 4840 de
2371 4793 2568 4840 cmtero
2603 4784 2827 4846 audacia
2867 4781 3224 4852 persequendi
3269 4795 3398 4834 sau-

1825 4891 1968 4935 ctam
2008 4879 2303 4944 civitatem,
2347 4878 2601 4932 recedent
2639 4875 2876 4938 exsules,
2918 4883 2972 4927 et
3015 4875 3214 4926 frustra
3260 4873 3399 4924 inter

1825 4986 1884 5028 se
1914 4970 2112 5026 auxilia
2140 4967 2858 5038 poscent,‘miserabilesque
2884 4972 3063 5026 erunt,
3097 4972 3150 5015 et
3179 4962 3397 5030 ubjecti,

1825 5073 1880 5118 et
1906 5072 2222 5118 sanctorum
2251 5061 2478 5130 pedibus
2506 5059 2756 5129 subjecti.
2782 5055 2947 5112 Judas
2975 5063 3176 5115 autem,
3204 5054 3396 5120 inquit,

1827 5153 1929 5207 hoc
1952 5162 2053 5217 est,
2082 5165 2178 5222 per
2203 5153 2358 5206 fidem
2388 5152 2437 5203 in
2465 5150 2736 5204 Christum
2758 5147 3054 5218 justificati,
3081 5157 3135 5198 et
3158 5141 3397 5198 Judzeum

1826 5260 1985 5314 quem
2014 5254 2190 5298 mente
2219 5245 2510 5305 intuemur,
2539 5241 3007 5301 circumferentes,
3034 5247 3089 5291 et
3115 5238 3397 5290 circumci-

1827 5336 1979 5389 sione
2017 5335 2284 5405 spirituali
2319 5335 2513 5388 divites
2530 5333 2600 5397 ³³,
2637 5331 2946 5401 pugnabunt
2979 5329 3030 5382 in
3065 5327 3395 5392 Jerusalem,

1827 5428 1929 5480 hoc
1962 5435 2063 5490 est,
2097 5423 2482 5494 Oppugnabunt
2519 5424 2720 5485 hostes,
2755 5429 2809 5474 et
2843 5419 3171 5474 adversariis
3204 5417 3402 5470 virtute

1828 5516 2218 5591 prrcvalebunt,
2257 5513 2640 5569 conculcantes
2672 5527 2765 5569 cos
2799 5521 2858 5566 ut
2894 5511 3233 5580 scorpiones,
3273 5524 3294 5559 ι
3337 5505 3396 5561 Et
