  <div class='ocr_page' id='page_1' title='image "/cluster/home/n/w/nwhite01/storage/ocr_20150623/72/pst.000005712731/148.png"; bbox 0 0 3934 6318; ppageno 0'>
   <div class='ocr_carea' id='block_1_1' title="bbox 176 278 266 335">
    <p class='ocr_par' dir='ltr' id='par_1_1' title="bbox 176 278 266 335">
     <span class='ocr_line' id='line_1_1' title="bbox 176 278 266 335; baseline -0.033 -1"><span class='ocrx_word' id='word_1_1' title='bbox 176 278 266 335; x_wconf 74' lang='lat'><strong>951</strong></span> 
     </span>
    </p>
   </div>
   <div class='ocr_carea' id='block_1_2' title="bbox 1019 273 2598 336">
    <p class='ocr_par' dir='ltr' id='par_1_2' title="bbox 1019 273 2598 336">
     <span class='ocr_line' id='line_1_2' title="bbox 1019 273 2598 336; baseline 0.001 -3"><span class='ocrx_word' id='word_1_2' title='bbox 1019 276 1565 334; x_wconf 52' lang='lat' dir='ltr'><strong>COMMEATARHIS</strong></span> <span class='ocrx_word' id='word_1_3' title='bbox 1606 273 1669 330; x_wconf 74' lang='lat' dir='ltr'><strong>IN</strong></span> <span class='ocrx_word' id='word_1_4' title='bbox 1714 276 2115 333; x_wconf 70' lang='lat' dir='ltr'><strong>Z.\CllARl.\.\l</strong></span> <span class='ocrx_word' id='word_1_5' title='bbox 2160 280 2598 336; x_wconf 58' lang='lat' dir='ltr'><strong>PROl’lll‘LTAM.</strong></span> 
     </span>
    </p>
   </div>
   <div class='ocr_carea' id='block_1_3' title="bbox 3348 280 3450 334">
    <p class='ocr_par' dir='ltr' id='par_1_3' title="bbox 3348 280 3450 334">
     <span class='ocr_line' id='line_1_3' title="bbox 3348 280 3450 334; baseline -0.02 0"><span class='ocrx_word' id='word_1_6' title='bbox 3348 280 3450 334; x_wconf 72' lang='lat' dir='ltr'><strong>se:</strong></span> 
     </span>
    </p>
   </div>
   <div class='ocr_carea' id='block_1_4' title="bbox 175 391 1762 469">
    <p class='ocr_par' dir='ltr' id='par_1_4' title="bbox 175 391 1762 469">
     <span class='ocr_line' id='line_1_4' title="bbox 175 391 1762 469; baseline -0.001 -21"><span class='ocrx_word' id='word_1_7' title='bbox 175 393 457 469; x_wconf 82' lang='grc' dir='ltr'>ρουσαλὴμ</span> <span class='ocrx_word' id='word_1_8' title='bbox 488 435 500 459; x_wconf 90' lang='grc'><strong>,</strong></span> <span class='ocrx_word' id='word_1_9' title='bbox 546 396 670 465; x_wconf 76' lang='grc' dir='ltr'>ἣτις</span> <span class='ocrx_word' id='word_1_10' title='bbox 720 398 865 449; x_wconf 66' lang='grc' dir='ltr'>ἐστὶν</span> <span class='ocrx_word' id='word_1_11' title='bbox 918 397 1213 466; x_wconf 74' lang='grc' dir='ltr'>Ἐκκλησία</span> <span class='ocrx_word' id='word_1_12' title='bbox 1250 397 1382 449; x_wconf 81' lang='grc' dir='ltr'>Θεοῦ</span> <span class='ocrx_word' id='word_1_13' title='bbox 1436 395 1656 461; x_wconf 78' lang='grc' dir='ltr'>ζῶντος,</span> <span class='ocrx_word' id='word_1_14' title='bbox 1698 391 1762 465; x_wconf 79' lang='grc' dir='ltr'>ἦν</span> 
     </span>
    </p>
   </div>
   <div class='ocr_carea' id='block_1_5' title="bbox 1853 391 3443 469">
    <p class='ocr_par' dir='ltr' id='par_1_5' title="bbox 1873 399 3443 469">
     <span class='ocr_line' id='line_1_5' title="bbox 1873 399 3443 469; baseline 0.004 -21"><span class='ocrx_word' id='word_1_15' title='bbox 1873 405 2046 449; x_wconf 85' lang='lat' dir='ltr'><strong>turam</strong></span> <span class='ocrx_word' id='word_1_16' title='bbox 2086 399 2239 460; x_wconf 78' lang='lat' dir='ltr'><strong>dixit,</strong></span> <span class='ocrx_word' id='word_1_17' title='bbox 2279 399 2578 467; x_wconf 86' lang='lat' dir='ltr'><strong>licchatque</strong></span> <span class='ocrx_word' id='word_1_18' title='bbox 2608 399 2968 469; x_wconf 70' lang='lat' dir='ltr'><strong>jurepptltno</strong></span> <span class='ocrx_word' id='word_1_19' title='bbox 3001 399 3104 453; x_wconf 87' lang='lat' dir='ltr'><strong>hoc</strong></span> <span class='ocrx_word' id='word_1_20' title='bbox 3140 402 3443 455; x_wconf 76' lang='lat' dir='ltr'><strong>confectum</strong></span> 
     </span>
    </p>
   </div>
   <div class='ocr_carea' id='block_1_6' title="bbox 174 486 1761 559">
    <p class='ocr_par' dir='ltr' id='par_1_6' title="bbox 174 486 1761 559">
     <span class='ocr_line' id='line_1_6' title="bbox 174 486 1761 559; baseline 0 -17"><span class='ocrx_word' id='word_1_21' title='bbox 174 489 227 542; x_wconf 81' lang='grc' dir='ltr'>δὲ</span> <span class='ocrx_word' id='word_1_22' title='bbox 278 488 344 559; x_wconf 85' lang='grc' dir='ltr'>δὴ</span> <span class='ocrx_word' id='word_1_23' title='bbox 393 486 580 547; x_wconf 79' lang='grc' dir='ltr'>τοῦτο.</span> <span class='ocrx_word' id='word_1_24' title='bbox 635 490 728 541; x_wconf 72' lang='grc' dir='ltr'><strong>καὶ</strong></span> <span class='ocrx_word' id='word_1_25' title='bbox 773 489 911 558; x_wconf 84' lang='grc' dir='ltr'>μάλα</span> <span class='ocrx_word' id='word_1_26' title='bbox 970 488 1165 558; x_wconf 77' lang='grc' dir='ltr'>ὀρθῶς,</span> <span class='ocrx_word' id='word_1_27' title='bbox 1211 488 1761 558; x_wconf 77' lang='grc' dir='ltr'>ἁποπερανθήσεσθαι</span> 
     </span>
    </p>
   </div>
   <div class='ocr_carea' id='block_1_7' title="bbox 177 576 1761 649">
    <p class='ocr_par' dir='ltr' id='par_1_7' title="bbox 177 576 1761 649">
     <span class='ocr_line' id='line_1_7' title="bbox 177 576 1761 649; baseline -0.002 -18"><span class='ocrx_word' id='word_1_28' title='bbox 177 579 478 649; x_wconf 81' lang='grc' dir='ltr'>προσδοκᾷν</span> <span class='ocrx_word' id='word_1_29' title='bbox 520 579 933 649; x_wconf 78' lang='grc' dir='ltr'><strong>ἀναιρουμένων</strong></span> <span class='ocrx_word' id='word_1_30' title='bbox 964 578 1195 648; x_wconf 76' lang='grc' dir='ltr'>ἐχθρῶν.</span> <span class='ocrx_word' id='word_1_31' title='bbox 1233 580 1324 629; x_wconf 75' lang='grc' dir='ltr'><strong>καὶ</strong></span> <span class='ocrx_word' id='word_1_32' title='bbox 1357 578 1465 629; x_wconf 84' lang='grc' dir='ltr'><strong>τῶν</strong></span> <span class='ocrx_word' id='word_1_33' title='bbox 1496 576 1761 628; x_wconf 80' lang='grc' dir='ltr'>εξωθότων</span> 
     </span>
    </p>
   </div>
   <div class='ocr_carea' id='block_1_8' title="bbox 172 670 1758 740">
    <p class='ocr_par' dir='ltr' id='par_1_8' title="bbox 172 670 1758 740">
     <span class='ocr_line' id='line_1_8' title="bbox 172 670 1758 740; baseline -0.002 -18"><span class='ocrx_word' id='word_1_34' title='bbox 172 672 390 723; x_wconf 76' lang='grc' dir='ltr'>ἰιώκειν</span> <span class='ocrx_word' id='word_1_35' title='bbox 420 670 597 740; x_wconf 74' lang='grc' dir='ltr'>αὐτὴν</span> <span class='ocrx_word' id='word_1_36' title='bbox 631 671 1151 740; x_wconf 81' lang='grc' dir='ltr'>ἀνατετραμμένων,</span> <span class='ocrx_word' id='word_1_37' title='bbox 1198 670 1499 736; x_wconf 74' lang='grc' dir='ltr'>ἀναγκαίαν</span> <span class='ocrx_word' id='word_1_38' title='bbox 1529 671 1758 720; x_wconf 81' lang='grc' dir='ltr'>ποιεῖται</span> 
     </span>
    </p>
   </div>
   <div class='ocr_carea' id='block_1_9' title="bbox 172 761 1754 832">
    <p class='ocr_par' dir='ltr' id='par_1_9' title="bbox 172 761 1754 832">
     <span class='ocr_line' id='line_1_9' title="bbox 172 761 1754 832; baseline -0.004 -15"><span class='ocrx_word' id='word_1_39' title='bbox 172 768 263 818; x_wconf 70' lang='grc' dir='ltr'>καὶ</span> <span class='ocrx_word' id='word_1_40' title='bbox 292 763 498 816; x_wconf 87' lang='grc' dir='ltr'>τούτων</span> <span class='ocrx_word' id='word_1_41' title='bbox 530 765 663 831; x_wconf 74' lang='grc' dir='ltr'>ἡμῖν</span> <span class='ocrx_word' id='word_1_42' title='bbox 692 763 790 831; x_wconf 83' lang='grc' dir='ltr'><strong>τὴν</strong></span> <span class='ocrx_word' id='word_1_43' title='bbox 847 763 1141 831; x_wconf 57' lang='grc' dir='ltr'>ἀφήγησιν.</span> <span class='ocrx_word' id='word_1_44' title='bbox 1184 782 1201 813; x_wconf 84' lang='grc'><em>‹</em></span> <span class='ocrx_word' id='word_1_45' title='bbox 1231 761 1376 832; x_wconf 74' lang='grc' dir='ltr'>Αὕτη</span> <span class='ocrx_word' id='word_1_46' title='bbox 1438 761 1544 830; x_wconf 78' lang='grc' dir='ltr'><strong>γὰρ</strong></span> <span class='ocrx_word' id='word_1_47' title='bbox 1575 762 1754 823; x_wconf 78' lang='grc' dir='ltr'>ἔσται,</span> 
     </span>
    </p>
   </div>
   <div class='ocr_carea' id='block_1_10' title="bbox 170 852 1752 927">
    <p class='ocr_par' dir='ltr' id='par_1_10' title="bbox 170 852 1752 927">
     <span class='ocr_line' id='line_1_10' title="bbox 170 852 1752 927; baseline 0.022 -56"><span class='ocrx_word' id='word_1_48' title='bbox 170 858 354 926; x_wconf 44' lang='grc' dir='ltr'>φης.ιῆ</span> <span class='ocrx_word' id='word_1_49' title='bbox 389 857 423 927; x_wconf 68' lang='grc' dir='ltr'><strong>ἡ</strong></span> <span class='ocrx_word' id='word_1_50' title='bbox 449 856 678 917; x_wconf 66' lang='grc' dir='ltr'><strong>πτῶσις,</strong></span> <span class='ocrx_word' id='word_1_51' title='bbox 706 857 770 925; x_wconf 72' lang='grc' dir='ltr'>ἧν</span> <span class='ocrx_word' id='word_1_52' title='bbox 794 855 946 923; x_wconf 53' lang='grc' dir='ltr'>κόψεν,</span> <span class='ocrx_word' id='word_1_53' title='bbox 978 856 1179 927; x_wconf 82' lang='grc' dir='ltr'>Κύριος</span> <span class='ocrx_word' id='word_1_54' title='bbox 1201 856 1406 916; x_wconf 78' lang='grc' dir='ltr'>πάντας</span> <span class='ocrx_word' id='word_1_55' title='bbox 1427 854 1548 916; x_wconf 67' lang='grc' dir='ltr'>τοὺς</span> <span class='ocrx_word' id='word_1_56' title='bbox 1572 852 1752 915; x_wconf 72' lang='grc' dir='ltr'>λαοὺς,</span> 
     </span>
    </p>
   </div>
   <div class='ocr_carea' id='block_1_11' title="bbox 168 945 1755 1018">
    <p class='ocr_par' dir='ltr' id='par_1_11' title="bbox 168 945 1755 1018">
     <span class='ocr_line' id='line_1_11' title="bbox 168 945 1755 1018; baseline -0.004 -16"><span class='ocrx_word' id='word_1_57' title='bbox 168 952 281 1002; x_wconf 75' lang='grc' dir='ltr'>ὅσοι</span> <span class='ocrx_word' id='word_1_58' title='bbox 314 948 762 1018; x_wconf 70' lang='grc' dir='ltr'>ἐπεστράτευσαν</span> <span class='ocrx_word' id='word_1_59' title='bbox 786 948 877 999; x_wconf 76' lang='grc' dir='ltr'><strong>ἐπὶ</strong></span> <span class='ocrx_word' id='word_1_60' title='bbox 925 946 1299 1018; x_wconf 79' lang='grc' dir='ltr'>’1ερουσαλήμ’</span> <span class='ocrx_word' id='word_1_61' title='bbox 1334 948 1386 998; x_wconf 78' lang='grc' dir='ltr'><strong>αἱ</strong></span> <span class='ocrx_word' id='word_1_62' title='bbox 1423 946 1622 1014; x_wconf 86' lang='grc' dir='ltr'>σάρκες</span> <span class='ocrx_word' id='word_1_63' title='bbox 1658 945 1755 995; x_wconf 76' lang='grc' dir='ltr'><strong>αὑ-</strong></span> 
     </span>
    </p>
   </div>
   <div class='ocr_carea' id='block_1_12' title="bbox 167 1036 1751 1110">
    <p class='ocr_par' dir='ltr' id='par_1_12' title="bbox 167 1036 1751 1110">
     <span class='ocr_line' id='line_1_12' title="bbox 167 1036 1751 1110; baseline -0.003 -17"><span class='ocrx_word' id='word_1_64' title='bbox 167 1041 272 1093; x_wconf 76' lang='grc' dir='ltr'><strong>τῶν</strong></span> <span class='ocrx_word' id='word_1_65' title='bbox 292 1042 789 1110; x_wconf 77' lang='grc' dir='ltr'>καταταχήσονται,</span> <span class='ocrx_word' id='word_1_66' title='bbox 808 1040 1167 1109; x_wconf 81' lang='grc' dir='ltr'>ἐκρυὴσονται</span> <span class='ocrx_word' id='word_1_67' title='bbox 1196 1040 1251 1091; x_wconf 77' lang='grc' dir='ltr'><strong>δὲ</strong></span> <span class='ocrx_word' id='word_1_68' title='bbox 1282 1038 1372 1091; x_wconf 74' lang='grc' dir='ltr'><strong>καὶ</strong></span> <span class='ocrx_word' id='word_1_69' title='bbox 1399 1041 1446 1090; x_wconf 88' lang='grc' dir='ltr'>οἱ</span> <span class='ocrx_word' id='word_1_70' title='bbox 1464 1036 1751 1107; x_wconf 64' lang='grc' dir='ltr'>ὀφθαλμοὶ,</span> 
     </span>
    </p>
   </div>
   <div class='ocr_carea' id='block_1_13' title="bbox 170 1128 1753 1204">
    <p class='ocr_par' dir='ltr' id='par_1_13' title="bbox 170 1128 1753 1204">
     <span class='ocr_line' id='line_1_13' title="bbox 170 1128 1753 1204; baseline -0.004 -18"><span class='ocrx_word' id='word_1_71' title='bbox 170 1134 579 1204; x_wconf 72' lang='grc' dir='ltr'>συντηκομένης</span> <span class='ocrx_word' id='word_1_72' title='bbox 634 1134 729 1186; x_wconf 77' lang='grc' dir='ltr'><strong>καὶ</strong></span> <span class='ocrx_word' id='word_1_73' title='bbox 794 1132 1062 1201; x_wconf 79' lang='grc' dir='ltr'>γλώττης.</span> <span class='ocrx_word' id='word_1_74' title='bbox 1108 1152 1124 1183; x_wconf 77' lang='grc' dir='ltr'><strong>ι</strong></span> <span class='ocrx_word' id='word_1_75' title='bbox 1176 1132 1231 1182; x_wconf 85' lang='lat' dir='ltr'><strong>&#39;U</strong></span> <span class='ocrx_word' id='word_1_76' title='bbox 1291 1131 1388 1200; x_wconf 78' lang='grc' dir='ltr'><strong>μὲν</strong></span> <span class='ocrx_word' id='word_1_77' title='bbox 1419 1130 1527 1200; x_wconf 74' lang='grc' dir='ltr'><strong>γὰρ</strong></span> <span class='ocrx_word' id='word_1_78' title='bbox 1577 1128 1753 1192; x_wconf 79' lang='grc' dir='ltr'>κοινὸς</span> 
     </span>
    </p>
   </div>
   <div class='ocr_carea' id='block_1_14' title="bbox 165 1218 1754 1293">
    <p class='ocr_par' dir='ltr' id='par_1_14' title="bbox 165 1218 1754 1293">
     <span class='ocr_line' id='line_1_14' title="bbox 165 1218 1754 1293; baseline -0.003 -17"><span class='ocrx_word' id='word_1_79' title='bbox 165 1218 343 1287; x_wconf 67' lang='grc' dir='ltr'>οὗτος,</span> <span class='ocrx_word' id='word_1_80' title='bbox 381 1224 475 1276; x_wconf 74' lang='grc' dir='ltr'><strong>καὶ</strong></span> <span class='ocrx_word' id='word_1_81' title='bbox 528 1226 592 1276; x_wconf 85' lang='grc' dir='ltr'><strong>ἐκ</strong></span> <span class='ocrx_word' id='word_1_82' title='bbox 644 1225 744 1293; x_wconf 72' lang='grc' dir='ltr'>τῆς</span> <span class='ocrx_word' id='word_1_83' title='bbox 795 1222 1007 1292; x_wconf 72' lang='grc' dir='ltr'>φύσεως</span> <span class='ocrx_word' id='word_1_84' title='bbox 1052 1222 1277 1283; x_wconf 87' lang='grc' dir='ltr'>θάνατος</span> <span class='ocrx_word' id='word_1_85' title='bbox 1331 1222 1486 1291; x_wconf 82' lang='grc' dir='ltr'>τήκει</span> <span class='ocrx_word' id='word_1_86' title='bbox 1519 1221 1616 1290; x_wconf 79' lang='grc' dir='ltr'><strong>μὲν</strong></span> <span class='ocrx_word' id='word_1_87' title='bbox 1654 1219 1754 1283; x_wconf 80' lang='grc' dir='ltr'>τὰς</span> 
     </span>
    </p>
   </div>
   <div class='ocr_carea' id='block_1_15' title="bbox 166 1312 1752 1385">
    <p class='ocr_par' dir='ltr' id='par_1_15' title="bbox 166 1312 1752 1385">
     <span class='ocr_line' id='line_1_15' title="bbox 166 1312 1752 1385; baseline -0.004 -16"><span class='ocrx_word' id='word_1_88' title='bbox 166 1318 431 1370; x_wconf 75' lang='grc' dir='ltr'>ἁπάντων</span> <span class='ocrx_word' id='word_1_89' title='bbox 489 1315 715 1385; x_wconf 86' lang='grc' dir='ltr'>σάρκας,</span> <span class='ocrx_word' id='word_1_90' title='bbox 786 1316 878 1366; x_wconf 70' lang='grc' dir='ltr'><strong>καὶ</strong></span> <span class='ocrx_word' id='word_1_91' title='bbox 929 1314 1211 1382; x_wconf 76' lang='grc' dir='ltr'>ἀποκείρει</span> <span class='ocrx_word' id='word_1_92' title='bbox 1267 1312 1599 1381; x_wconf 51' lang='grc' dir='ltr'>ὀρθαλμοὺς,</span> <span class='ocrx_word' id='word_1_93' title='bbox 1659 1312 1752 1363; x_wconf 78' lang='grc' dir='ltr'><strong>καὶ</strong></span> 
     </span>
    </p>
   </div>
   <div class='ocr_carea' id='block_1_16' title="bbox 166 1402 1751 1475">
    <p class='ocr_par' dir='ltr' id='par_1_16' title="bbox 166 1402 1751 1475">
     <span class='ocr_line' id='line_1_16' title="bbox 166 1402 1751 1475; baseline -0.003 -17"><span class='ocrx_word' id='word_1_94' title='bbox 166 1406 439 1475; x_wconf 72' lang='grc' dir='ltr'>γλώσσαςο</span> <span class='ocrx_word' id='word_1_95' title='bbox 488 1407 769 1459; x_wconf 79' lang='grc' dir='ltr'>πάνδεινον</span> <span class='ocrx_word' id='word_1_96' title='bbox 802 1406 878 1469; x_wconf 76' lang='grc' dir='ltr'><strong>δὲ,</strong></span> <span class='ocrx_word' id='word_1_97' title='bbox 940 1407 1031 1458; x_wconf 71' lang='grc' dir='ltr'><strong>καὶ</strong></span> <span class='ocrx_word' id='word_1_98' title='bbox 1060 1406 1155 1475; x_wconf 80' lang='grc' dir='ltr'>τῆς</span> <span class='ocrx_word' id='word_1_99' title='bbox 1186 1406 1266 1465; x_wconf 77' lang='grc' dir='ltr'><strong>εἰς</strong></span> <span class='ocrx_word' id='word_1_100' title='bbox 1300 1404 1450 1472; x_wconf 81' lang='grc' dir='ltr'>λῆξιν</span> <span class='ocrx_word' id='word_1_101' title='bbox 1510 1402 1751 1472; x_wconf 74' lang='grc' dir='ltr'>ἡκούσης</span> 
     </span>
    </p>
   </div>
   <div class='ocr_carea' id='block_1_17' title="bbox 168 1494 1750 1568">
    <p class='ocr_par' dir='ltr' id='par_1_17' title="bbox 168 1494 1750 1568">
     <span class='ocr_line' id='line_1_17' title="bbox 168 1494 1750 1568; baseline -0.026 13"><span class='ocrx_word' id='word_1_102' title='bbox 168 1500 455 1568; x_wconf 59' lang='grc' dir='ltr'><strong>συμῬορίς</strong></span> <span class='ocrx_word' id='word_1_103' title='bbox 509 1499 593 1568; x_wconf 69' lang='grc' dir='ltr'><strong>εἴη</strong></span> <span class='ocrx_word' id='word_1_104' title='bbox 652 1499 716 1550; x_wconf 79' lang='grc' dir='ltr'><strong>ἂν</strong></span> <span class='ocrx_word' id='word_1_105' title='bbox 747 1498 970 1559; x_wconf 69' lang='grc' dir='ltr'>εἰκότως</span> <span class='ocrx_word' id='word_1_106' title='bbox 1007 1496 1067 1547; x_wconf 80' lang='grc' dir='ltr'><strong>τὸ</strong></span> <span class='ocrx_word' id='word_1_107' title='bbox 1096 1494 1336 1560; x_wconf 77' lang='grc' dir='ltr'>ζώντων,</span> <span class='ocrx_word' id='word_1_108' title='bbox 1364 1494 1457 1547; x_wconf 77' lang='grc' dir='ltr'><strong>καὶ</strong></span> <span class='ocrx_word' id='word_1_109' title='bbox 1500 1494 1750 1547; x_wconf 75' lang='grc' dir='ltr'>ἑστώτων</span> 
     </span>
    </p>
   </div>
   <div class='ocr_carea' id='block_1_18' title="bbox 165 1586 1747 1659">
    <p class='ocr_par' dir='ltr' id='par_1_18' title="bbox 165 1586 1747 1659">
     <span class='ocr_line' id='line_1_18' title="bbox 165 1586 1747 1659; baseline -0.002 -17"><span class='ocrx_word' id='word_1_110' title='bbox 165 1590 240 1642; x_wconf 68' lang='lat' dir='ltr'><strong>in</strong></span> <span class='ocrx_word' id='word_1_111' title='bbox 279 1589 513 1657; x_wconf 80' lang='grc' dir='ltr'>τακῆναι</span> <span class='ocrx_word' id='word_1_112' title='bbox 553 1589 650 1658; x_wconf 80' lang='grc' dir='ltr'><strong>μὲν</strong></span> <span class='ocrx_word' id='word_1_113' title='bbox 688 1589 915 1659; x_wconf 82' lang='grc' dir='ltr'>σάρκας,</span> <span class='ocrx_word' id='word_1_114' title='bbox 965 1589 1055 1641; x_wconf 72' lang='grc' dir='ltr'><strong>καὶ</strong></span> <span class='ocrx_word' id='word_1_115' title='bbox 1079 1590 1339 1657; x_wconf 76' lang='grc' dir='ltr'>ἀπορρεῖν</span> <span class='ocrx_word' id='word_1_116' title='bbox 1395 1586 1707 1657; x_wconf 81' lang='grc' dir='ltr'>ὀφθαλμοὺς</span> <span class='ocrx_word' id='word_1_117' title='bbox 1731 1626 1747 1653; x_wconf 88' lang='grc'><strong>,</strong></span> 
     </span>
    </p>
   </div>
   <div class='ocr_carea' id='block_1_19' title="bbox 164 1672 1746 1749">
    <p class='ocr_par' dir='ltr' id='par_1_19' title="bbox 164 1672 1746 1749">
     <span class='ocr_line' id='line_1_19' title="bbox 164 1672 1746 1749; baseline -0.002 -16"><span class='ocrx_word' id='word_1_118' title='bbox 164 1680 487 1744; x_wconf 79' lang='grc' dir='ltr'>κολάζεσθαι</span> <span class='ocrx_word' id='word_1_119' title='bbox 509 1680 563 1733; x_wconf 78' lang='grc' dir='ltr'>δὲ</span> <span class='ocrx_word' id='word_1_120' title='bbox 586 1682 678 1733; x_wconf 69' lang='grc' dir='ltr'><strong>καὶ</strong></span> <span class='ocrx_word' id='word_1_121' title='bbox 701 1680 961 1747; x_wconf 87' lang='grc' dir='ltr'>γλώττας.</span> <span class='ocrx_word' id='word_1_122' title='bbox 984 1676 1054 1732; x_wconf 80' lang='grc' dir='ltr'><strong>Εὖ</strong></span> <span class='ocrx_word' id='word_1_123' title='bbox 1074 1679 1128 1731; x_wconf 86' lang='grc' dir='ltr'><strong>δέ</strong></span> <span class='ocrx_word' id='word_1_124' title='bbox 1151 1679 1215 1749; x_wconf 77' lang='grc' dir='ltr'><strong>δὴ</strong></span> <span class='ocrx_word' id='word_1_125' title='bbox 1248 1679 1450 1749; x_wconf 76' lang='grc' dir='ltr'>σφόδρα</span> <span class='ocrx_word' id='word_1_126' title='bbox 1473 1678 1539 1731; x_wconf 82' lang='grc' dir='ltr'>τὰ</span> <span class='ocrx_word' id='word_1_127' title='bbox 1570 1672 1746 1732; x_wconf 82' lang='grc' dir='ltr'>τοιάδε</span> 
     </span>
    </p>
   </div>
   <div class='ocr_carea' id='block_1_20' title="bbox 166 1752 1821 1843">
    <p class='ocr_par' dir='ltr' id='par_1_20' title="bbox 166 1752 1821 1843">
     <span class='ocr_line' id='line_1_20' title="bbox 166 1752 1821 1843; baseline -0.001 -19"><span class='ocrx_word' id='word_1_128' title='bbox 166 1773 543 1843; x_wconf 76' lang='grc' dir='ltr'>συμϐήσεσθαί</span> <span class='ocrx_word' id='word_1_129' title='bbox 574 1789 705 1841; x_wconf 72' lang='grc' dir='ltr'>φησι</span> <span class='ocrx_word' id='word_1_130' title='bbox 733 1775 842 1835; x_wconf 83' lang='grc' dir='ltr'>τοῖς</span> <span class='ocrx_word' id='word_1_131' title='bbox 873 1771 1101 1842; x_wconf 80' lang='grc' dir='ltr'><strong>θεομισῆ</strong></span> <span class='ocrx_word' id='word_1_132' title='bbox 1137 1772 1230 1824; x_wconf 69' lang='grc' dir='ltr'><strong>κα)⁹</strong></span> <span class='ocrx_word' id='word_1_133' title='bbox 1259 1772 1531 1841; x_wconf 85' lang='grc' dir='ltr'>ἐπάρατον</span> <span class='ocrx_word' id='word_1_134' title='bbox 1552 1772 1746 1840; x_wconf 86' lang='grc' dir='ltr'>ἐπιτη-</span> <span class='ocrx_word' id='word_1_135' title='bbox 1778 1752 1821 1807; x_wconf 76' lang='grc' dir='ltr'><strong><em>Β</em></strong></span> 
     </span>
    </p>
   </div>
   <div class='ocr_carea' id='block_1_21' title="bbox 164 1861 1747 1933">
    <p class='ocr_par' dir='ltr' id='par_1_21' title="bbox 164 1861 1747 1933">
     <span class='ocr_line' id='line_1_21' title="bbox 164 1861 1747 1933; baseline -0.001 -18"><span class='ocrx_word' id='word_1_136' title='bbox 164 1864 386 1917; x_wconf 59' lang='lat' dir='ltr'><strong>Ean-33:13:</strong></span> <span class='ocrx_word' id='word_1_137' title='bbox 416 1863 582 1933; x_wconf 77' lang='grc' dir='ltr'>ζωήν.</span> <span class='ocrx_word' id='word_1_138' title='bbox 625 1861 1137 1933; x_wconf 78' lang='grc' dir='ltr'>Εἰσπραχθήσονται</span> <span class='ocrx_word' id='word_1_139' title='bbox 1160 1861 1266 1931; x_wconf 82' lang='grc' dir='ltr'><strong>γὰρ</strong></span> <span class='ocrx_word' id='word_1_140' title='bbox 1290 1862 1460 1924; x_wconf 83' lang='grc' dir='ltr'><strong>δίκας,</strong></span> <span class='ocrx_word' id='word_1_141' title='bbox 1486 1862 1583 1930; x_wconf 77' lang='grc' dir='ltr'><strong>οὐχ</strong></span> <span class='ocrx_word' id='word_1_142' title='bbox 1606 1862 1747 1931; x_wconf 81' lang='grc' dir='ltr'>ὑπέρ</span> 
     </span>
    </p>
   </div>
   <div class='ocr_carea' id='block_1_22' title="bbox 164 1953 1745 2024">
    <p class='ocr_par' dir='ltr' id='par_1_22' title="bbox 164 1953 1745 2024">
     <span class='ocr_line' id='line_1_22' title="bbox 164 1953 1745 2024; baseline -0.003 -18"><span class='ocrx_word' id='word_1_143' title='bbox 164 1971 223 2021; x_wconf 82' lang='grc' dir='ltr'><strong>γε</strong></span> <span class='ocrx_word' id='word_1_144' title='bbox 266 1955 428 2024; x_wconf 88' lang='grc' dir='ltr'>μόνον</span> <span class='ocrx_word' id='word_1_145' title='bbox 459 1954 567 2006; x_wconf 81' lang='grc' dir='ltr'><strong>τῶν</strong></span> <span class='ocrx_word' id='word_1_146' title='bbox 602 1956 680 2016; x_wconf 83' lang='grc' dir='ltr'><strong>είς</strong></span> <span class='ocrx_word' id='word_1_147' title='bbox 703 1954 893 2021; x_wconf 83' lang='grc' dir='ltr'>ἁγίους</span> <span class='ocrx_word' id='word_1_148' title='bbox 925 1955 1107 2015; x_wconf 71' lang='grc' dir='ltr'>αὐτοῖς</span> <span class='ocrx_word' id='word_1_149' title='bbox 1157 1953 1709 2022; x_wconf 83' lang='grc' dir='ltr'>πεπλημμελημένων</span> <span class='ocrx_word' id='word_1_150' title='bbox 1729 1969 1745 1984; x_wconf 77' lang='grc' dir='ltr'><strong><em>ο</em></strong></span> 
     </span>
    </p>
   </div>
   <div class='ocr_carea' id='block_1_23' title="bbox 164 2040 1749 2117">
    <p class='ocr_par' dir='ltr' id='par_1_23' title="bbox 164 2040 1749 2117">
     <span class='ocr_line' id='line_1_23' title="bbox 164 2040 1749 2117; baseline -0.002 -20"><span class='ocrx_word' id='word_1_151' title='bbox 164 2044 301 2097; x_wconf 71' lang='grc' dir='ltr'>ἀλλὰ</span> <span class='ocrx_word' id='word_1_152' title='bbox 331 2046 425 2097; x_wconf 71' lang='grc' dir='ltr'><strong>καὶ</strong></span> <span class='ocrx_word' id='word_1_153' title='bbox 456 2044 596 2115; x_wconf 80' lang='grc' dir='ltr'>ὑπὲρ</span> <span class='ocrx_word' id='word_1_154' title='bbox 624 2040 689 2117; x_wconf 71' lang='grc' dir='ltr'>ἧς</span> <span class='ocrx_word' id='word_1_155' title='bbox 726 2046 1023 2115; x_wconf 77' lang='grc' dir='ltr'>ἐσχήκασιν</span> <span class='ocrx_word' id='word_1_156' title='bbox 1076 2046 1133 2096; x_wconf 81' lang='grc' dir='ltr'><strong>ἐν</strong></span> <span class='ocrx_word' id='word_1_157' title='bbox 1184 2044 1317 2113; x_wconf 79' lang='grc' dir='ltr'>τῷδε</span> <span class='ocrx_word' id='word_1_158' title='bbox 1344 2042 1419 2112; x_wconf 79' lang='grc' dir='ltr'><strong>τῷ</strong></span> <span class='ocrx_word' id='word_1_159' title='bbox 1443 2044 1632 2114; x_wconf 76' lang='grc' dir='ltr'>κόσμῳ</span> <span class='ocrx_word' id='word_1_160' title='bbox 1666 2061 1749 2112; x_wconf 76' lang='grc' dir='ltr'><strong>φι-</strong></span> 
     </span>
    </p>
   </div>
   <div class='ocr_carea' id='block_1_24' title="bbox 164 2135 1749 2207">
    <p class='ocr_par' dir='ltr' id='par_1_24' title="bbox 164 2135 1749 2207">
     <span class='ocr_line' id='line_1_24' title="bbox 164 2135 1749 2207; baseline -0.001 -19"><span class='ocrx_word' id='word_1_161' title='bbox 164 2137 480 2206; x_wconf 68' lang='grc' dir='ltr'>λοσαρκίας·</span> <span class='ocrx_word' id='word_1_162' title='bbox 510 2137 544 2207; x_wconf 84' lang='grc' dir='ltr'>ἥ</span> <span class='ocrx_word' id='word_1_163' title='bbox 570 2137 664 2189; x_wconf 78' lang='grc' dir='ltr'><strong>καὶ</strong></span> <span class='ocrx_word' id='word_1_164' title='bbox 688 2136 907 2204; x_wconf 79' lang='grc' dir='ltr'>γέγονεν</span> <span class='ocrx_word' id='word_1_165' title='bbox 928 2136 1109 2198; x_wconf 71' lang='grc' dir='ltr'>αὐτοῖς</span> <span class='ocrx_word' id='word_1_166' title='bbox 1142 2136 1286 2188; x_wconf 71' lang='grc' dir='ltr'>αἰτία</span> <span class='ocrx_word' id='word_1_167' title='bbox 1304 2135 1396 2188; x_wconf 76' lang='grc' dir='ltr'>τοῦ</span> <span class='ocrx_word' id='word_1_168' title='bbox 1424 2136 1557 2205; x_wconf 84' lang='grc' dir='ltr'>μήτε</span> <span class='ocrx_word' id='word_1_169' title='bbox 1584 2151 1749 2203; x_wconf 82' lang='grc' dir='ltr'>προσ-</span> 
     </span>
    </p>
   </div>
   <div class='ocr_carea' id='block_1_25' title="bbox 163 2225 1742 2296">
    <p class='ocr_par' dir='ltr' id='par_1_25' title="bbox 163 2225 1742 2296">
     <span class='ocr_line' id='line_1_25' title="bbox 163 2225 1742 2296; baseline -0.001 -18"><span class='ocrx_word' id='word_1_170' title='bbox 163 2228 403 2294; x_wconf 73' lang='grc' dir='ltr'>ήκασθαι</span> <span class='ocrx_word' id='word_1_171' title='bbox 434 2226 529 2295; x_wconf 81' lang='grc' dir='ltr'>τὴν</span> <span class='ocrx_word' id='word_1_172' title='bbox 559 2226 762 2290; x_wconf 86' lang='grc' dir='ltr'>πίστιν,</span> <span class='ocrx_word' id='word_1_173' title='bbox 806 2226 944 2295; x_wconf 75' lang='grc' dir='ltr'>μήτε</span> <span class='ocrx_word' id='word_1_174' title='bbox 979 2225 1083 2296; x_wconf 80' lang='grc' dir='ltr'>μὴν</span> <span class='ocrx_word' id='word_1_175' title='bbox 1110 2225 1324 2278; x_wconf 81' lang='grc' dir='ltr'>ἑλέσθαι</span> <span class='ocrx_word' id='word_1_176' title='bbox 1357 2226 1456 2295; x_wconf 77' lang='grc' dir='ltr'><strong>ζῇν</strong></span> <span class='ocrx_word' id='word_1_177' title='bbox 1484 2225 1742 2290; x_wconf 76' lang='grc' dir='ltr'>εὐσεϐῶς,</span> 
     </span>
    </p>
   </div>
   <div class='ocr_carea' id='block_1_26' title="bbox 164 2314 1742 2385">
    <p class='ocr_par' dir='ltr' id='par_1_26' title="bbox 164 2314 1742 2385">
     <span class='ocr_line' id='line_1_26' title="bbox 164 2314 1742 2385; baseline 0 -17"><span class='ocrx_word' id='word_1_178' title='bbox 164 2318 255 2368; x_wconf 71' lang='grc' dir='ltr'><strong>καὶ</strong></span> <span class='ocrx_word' id='word_1_179' title='bbox 278 2316 380 2384; x_wconf 73' lang='grc' dir='ltr'>τῆς</span> <span class='ocrx_word' id='word_1_180' title='bbox 414 2317 470 2368; x_wconf 83' lang='grc' dir='ltr'><strong>ἐν</strong></span> <span class='ocrx_word' id='word_1_181' title='bbox 501 2314 721 2385; x_wconf 85' lang='grc' dir='ltr'>Χριστῷ</span> <span class='ocrx_word' id='word_1_182' title='bbox 775 2314 1050 2379; x_wconf 79' lang='grc' dir='ltr'>πολιτείας</span> <span class='ocrx_word' id='word_1_183' title='bbox 1107 2315 1390 2384; x_wconf 85' lang='grc' dir='ltr'>ἀγαπῆσαι</span> <span class='ocrx_word' id='word_1_184' title='bbox 1422 2314 1518 2385; x_wconf 81' lang='grc' dir='ltr'><strong>τὴν</strong></span> <span class='ocrx_word' id='word_1_185' title='bbox 1564 2314 1742 2379; x_wconf 82' lang='grc' dir='ltr'>δόξαν.</span> 
     </span>
    </p>
   </div>
   <div class='ocr_carea' id='block_1_27' title="bbox 166 2404 1746 2474">
    <p class='ocr_par' dir='ltr' id='par_1_27' title="bbox 166 2404 1746 2474">
     <span class='ocr_line' id='line_1_27' title="bbox 166 2404 1746 2474; baseline 0.002 -19"><span class='ocrx_word' id='word_1_186' title='bbox 166 2405 426 2472; x_wconf 82' lang='grc' dir='ltr'>Γεγόνασι</span> <span class='ocrx_word' id='word_1_187' title='bbox 461 2404 559 2472; x_wconf 84' lang='grc' dir='ltr'>μὲν</span> <span class='ocrx_word' id='word_1_188' title='bbox 581 2404 710 2473; x_wconf 78' lang='grc' dir='ltr'>γάρ,</span> <span class='ocrx_word' id='word_1_189' title='bbox 745 2404 818 2467; x_wconf 83' lang='grc' dir='ltr'>ὡς</span> <span class='ocrx_word' id='word_1_190' title='bbox 848 2404 1005 2474; x_wconf 78' lang='grc' dir='ltr'>ἔφην,</span> <span class='ocrx_word' id='word_1_191' title='bbox 1062 2405 1481 2467; x_wconf 85' lang='grc' dir='ltr'>ἀπονενευκότες</span> <span class='ocrx_word' id='word_1_192' title='bbox 1528 2406 1746 2467; x_wconf 84' lang='grc' dir='ltr'>ἀτόπως</span> 
     </span>
    </p>
   </div>
   <div class='ocr_carea' id='block_1_28' title="bbox 163 2497 1745 2568">
    <p class='ocr_par' dir='ltr' id='par_1_28' title="bbox 163 2497 1745 2568">
     <span class='ocr_line' id='line_1_28' title="bbox 163 2497 1745 2568; baseline 0 -19"><span class='ocrx_word' id='word_1_193' title='bbox 163 2500 239 2561; x_wconf 79' lang='grc' dir='ltr'><strong>εἰς</strong></span> <span class='ocrx_word' id='word_1_194' title='bbox 288 2498 554 2559; x_wconf 76' lang='grc' dir='ltr'>ἐκτύπους</span> <span class='ocrx_word' id='word_1_195' title='bbox 614 2497 825 2567; x_wconf 77' lang='grc' dir='ltr'>ἡδονάς·</span> <span class='ocrx_word' id='word_1_196' title='bbox 857 2497 1121 2566; x_wconf 82' lang='grc' dir='ltr'>ἐσχήκασι</span> <span class='ocrx_word' id='word_1_197' title='bbox 1171 2497 1226 2550; x_wconf 87' lang='grc' dir='ltr'>δὲ</span> <span class='ocrx_word' id='word_1_198' title='bbox 1267 2498 1362 2549; x_wconf 73' lang='grc' dir='ltr'><strong>καὶ</strong></span> <span class='ocrx_word' id='word_1_199' title='bbox 1412 2499 1494 2566; x_wconf 83' lang='grc' dir='ltr'><strong>ἐφ’</strong></span> <span class='ocrx_word' id='word_1_200' title='bbox 1532 2499 1745 2568; x_wconf 81' lang='grc' dir='ltr'>ἑκάστῳ</span> 
     </span>
    </p>
   </div>
   <div class='ocr_carea' id='block_1_29' title="bbox 162 2588 1744 2659">
    <p class='ocr_par' dir='ltr' id='par_1_29' title="bbox 162 2588 1744 2659">
     <span class='ocr_line' id='line_1_29' title="bbox 162 2588 1744 2659; baseline -0.001 -17"><span class='ocrx_word' id='word_1_201' title='bbox 162 2590 266 2642; x_wconf 75' lang='grc' dir='ltr'><strong>τῶν</strong></span> <span class='ocrx_word' id='word_1_202' title='bbox 292 2589 592 2659; x_wconf 80' lang='grc' dir='ltr'>ὁρωμένων</span> <span class='ocrx_word' id='word_1_203' title='bbox 614 2588 927 2659; x_wconf 78' lang='grc' dir='ltr'>ἐπιθυμίαν,</span> <span class='ocrx_word' id='word_1_204' title='bbox 966 2590 1249 2659; x_wconf 79' lang='grc' dir='ltr'>μονονουχὶ</span> <span class='ocrx_word' id='word_1_205' title='bbox 1277 2588 1470 2657; x_wconf 83' lang='grc' dir='ltr'>χανδὸν</span> <span class='ocrx_word' id='word_1_206' title='bbox 1494 2590 1744 2642; x_wconf 83' lang='grc' dir='ltr'>ἐκπίνον-</span> 
     </span>
    </p>
   </div>
   <div class='ocr_carea' id='block_1_30' title="bbox 161 2679 1741 2751">
    <p class='ocr_par' dir='ltr' id='par_1_30' title="bbox 161 2679 1741 2751">
     <span class='ocr_line' id='line_1_30' title="bbox 161 2679 1741 2751; baseline -0.001 -17"><span class='ocrx_word' id='word_1_207' title='bbox 161 2699 265 2745; x_wconf 84' lang='grc' dir='ltr'>τες.</span> <span class='ocrx_word' id='word_1_208' title='bbox 313 2681 618 2751; x_wconf 85' lang='grc' dir='ltr'>Ἦκόνησαν</span> <span class='ocrx_word' id='word_1_209' title='bbox 668 2681 723 2732; x_wconf 85' lang='grc' dir='ltr'><strong>δέ</strong></span> <span class='ocrx_word' id='word_1_210' title='bbox 770 2682 863 2733; x_wconf 73' lang='grc' dir='ltr'><strong>καὶ</strong></span> <span class='ocrx_word' id='word_1_211' title='bbox 890 2680 1133 2749; x_wconf 81' lang='grc' dir='ltr'>γλῶτταν</span> <span class='ocrx_word' id='word_1_212' title='bbox 1172 2681 1312 2733; x_wconf 85' lang='grc' dir='ltr'><strong>κατά</strong></span> <span class='ocrx_word' id='word_1_213' title='bbox 1346 2679 1604 2751; x_wconf 79' lang='grc' dir='ltr'>Χριστοῦ,</span> <span class='ocrx_word' id='word_1_214' title='bbox 1645 2680 1741 2733; x_wconf 82' lang='grc' dir='ltr'><strong>κα1⁵</strong></span> 
     </span>
    </p>
   </div>
   <div class='ocr_carea' id='block_1_31' title="bbox 160 2771 1745 2843">
    <p class='ocr_par' dir='ltr' id='par_1_31' title="bbox 160 2771 1745 2843">
     <span class='ocr_line' id='line_1_31' title="bbox 160 2771 1745 2843; baseline -0.002 -18"><span class='ocrx_word' id='word_1_215' title='bbox 160 2771 262 2825; x_wconf 83' lang='grc' dir='ltr'>τῶν</span> <span class='ocrx_word' id='word_1_216' title='bbox 287 2772 452 2843; x_wconf 82' lang='grc' dir='ltr'>ἱερῶν</span> <span class='ocrx_word' id='word_1_217' title='bbox 468 2772 568 2841; x_wconf 82' lang='grc' dir='ltr'><strong>τῆς</strong></span> <span class='ocrx_word' id='word_1_218' title='bbox 597 2773 923 2843; x_wconf 79' lang='grc' dir='ltr'>Ἐκκλησίας</span> <span class='ocrx_word' id='word_1_219' title='bbox 939 2772 1226 2842; x_wconf 83' lang='grc' dir='ltr'>δογμάτων</span> <span class='ocrx_word' id='word_1_220' title='bbox 1248 2772 1467 2825; x_wconf 84' lang='grc' dir='ltr'>ἀνοσίαν</span> <span class='ocrx_word' id='word_1_221' title='bbox 1491 2771 1745 2839; x_wconf 88' lang='grc' dir='ltr'>πεποίην-</span> 
     </span>
    </p>
   </div>
   <div class='ocr_carea' id='block_1_32' title="bbox 161 2859 1743 2933">
    <p class='ocr_par' dir='ltr' id='par_1_32' title="bbox 161 2859 1743 2933">
     <span class='ocr_line' id='line_1_32' title="bbox 161 2859 1743 2933; baseline 0 -20"><span class='ocrx_word' id='word_1_222' title='bbox 161 2879 242 2916; x_wconf 81' lang='grc' dir='ltr'><strong>ται</strong></span> <span class='ocrx_word' id='word_1_223' title='bbox 269 2863 368 2933; x_wconf 79' lang='grc' dir='ltr'>τὴν</span> <span class='ocrx_word' id='word_1_224' title='bbox 393 2864 755 2933; x_wconf 74' lang='grc' dir='ltr'>κατάρῤησιν.</span> <span class='ocrx_word' id='word_1_225' title='bbox 789 2863 1027 2925; x_wconf 78' lang='grc' dir='ltr'>Εἰκότως</span> <span class='ocrx_word' id='word_1_226' title='bbox 1066 2864 1129 2931; x_wconf 83' lang='grc' dir='ltr'>δὴ</span> <span class='ocrx_word' id='word_1_227' title='bbox 1169 2859 1261 2916; x_wconf 72' lang='grc' dir='ltr'>οὖν</span> <span class='ocrx_word' id='word_1_228' title='bbox 1308 2864 1388 2926; x_wconf 84' lang='grc' dir='ltr'>εἰς</span> <span class='ocrx_word' id='word_1_229' title='bbox 1428 2864 1638 2933; x_wconf 82' lang='grc' dir='ltr'>σάρκας</span> <span class='ocrx_word' id='word_1_230' title='bbox 1685 2878 1743 2913; x_wconf 92' lang='grc' dir='ltr'><strong>τε</strong></span> 
     </span>
    </p>
   </div>
   <div class='ocr_carea' id='block_1_33' title="bbox 159 2956 1734 3026">
    <p class='ocr_par' dir='ltr' id='par_1_33' title="bbox 159 2956 1734 3026">
     <span class='ocr_line' id='line_1_33' title="bbox 159 2956 1734 3026; baseline 0.001 -19"><span class='ocrx_word' id='word_1_231' title='bbox 159 2957 249 3007; x_wconf 71' lang='grc' dir='ltr'><strong>καὶ</strong></span> <span class='ocrx_word' id='word_1_232' title='bbox 277 2956 612 3025; x_wconf 75' lang='grc' dir='ltr'>ὀφθαλμοὺς,</span> <span class='ocrx_word' id='word_1_233' title='bbox 665 2958 760 3009; x_wconf 67' lang='grc' dir='ltr'><strong>καὶ</strong></span> <span class='ocrx_word' id='word_1_234' title='bbox 808 2956 1053 3023; x_wconf 81' lang='grc' dir='ltr'>γλώττας</span> <span class='ocrx_word' id='word_1_235' title='bbox 1097 2957 1195 3026; x_wconf 80' lang='grc' dir='ltr'><strong>τὴν</strong></span> <span class='ocrx_word' id='word_1_236' title='bbox 1222 2956 1376 3026; x_wconf 78' lang='grc' dir='ltr'>δίκην</span> <span class='ocrx_word' id='word_1_237' title='bbox 1419 2956 1734 3025; x_wconf 80' lang='grc' dir='ltr'>ἐσχήκασιν.</span> 
     </span>
    </p>
   </div>
   <div class='ocr_carea' id='block_1_34' title="bbox 1867 488 3442 559">
    <p class='ocr_par' dir='ltr' id='par_1_34' title="bbox 1867 488 3442 559">
     <span class='ocr_line' id='line_1_34' title="bbox 1867 488 3442 559; baseline 0.003 -18"><span class='ocrx_word' id='word_1_238' title='bbox 1867 488 1931 541; x_wconf 91' lang='lat' dir='ltr'><strong>iri</strong></span> <span class='ocrx_word' id='word_1_239' title='bbox 1968 503 2187 555; x_wconf 78' lang='lat' dir='ltr'><strong>sperare</strong></span> <span class='ocrx_word' id='word_1_240' title='bbox 2219 490 2443 544; x_wconf 72' lang='lat' dir='ltr'><strong>sublatis</strong></span> <span class='ocrx_word' id='word_1_241' title='bbox 2477 493 2738 556; x_wconf 85' lang='lat' dir='ltr'><strong>hostibus,</strong></span> <span class='ocrx_word' id='word_1_242' title='bbox 2767 501 2817 547; x_wconf 82' lang='lat' dir='ltr'><strong>et</strong></span> <span class='ocrx_word' id='word_1_243' title='bbox 2848 492 3052 545; x_wconf 77' lang='lat' dir='ltr'><strong>eversis</strong></span> <span class='ocrx_word' id='word_1_244' title='bbox 3090 492 3156 545; x_wconf 91' lang='lat' dir='ltr'><strong>iis</strong></span> <span class='ocrx_word' id='word_1_245' title='bbox 3191 492 3283 559; x_wconf 90' lang='lat' dir='ltr'><strong>qui</strong></span> <span class='ocrx_word' id='word_1_246' title='bbox 3324 508 3442 547; x_wconf 87' lang='lat' dir='ltr'><strong>eam</strong></span> 
     </span>
    </p>
   </div>
   <div class='ocr_carea' id='block_1_35' title="bbox 1865 582 3436 649">
    <p class='ocr_par' dir='ltr' id='par_1_35' title="bbox 1865 582 3436 649">
     <span class='ocr_line' id='line_1_35' title="bbox 1865 582 3436 649; baseline 0.005 -18"><span class='ocrx_word' id='word_1_247' title='bbox 1865 582 2111 649; x_wconf 75' lang='lat' dir='ltr'><strong>persequi</strong></span> <span class='ocrx_word' id='word_1_248' title='bbox 2140 594 2555 643; x_wconf 61' lang='lat' dir='ltr'><strong>consueverant,</strong></span> <span class='ocrx_word' id='word_1_249' title='bbox 2580 586 2885 637; x_wconf 74' lang='lat' dir='ltr'><strong>necessario</strong></span> <span class='ocrx_word' id='word_1_250' title='bbox 2909 594 2961 637; x_wconf 84' lang='lat' dir='ltr'><strong>et</strong></span> <span class='ocrx_word' id='word_1_251' title='bbox 2990 585 3103 637; x_wconf 70' lang='grc' dir='ltr'>ιιίιιο</span> <span class='ocrx_word' id='word_1_252' title='bbox 3129 586 3283 637; x_wconf 84' lang='lat' dir='ltr'><strong>nobis</strong></span> <span class='ocrx_word' id='word_1_253' title='bbox 3309 601 3436 640; x_wconf 84' lang='lat' dir='ltr'><strong>nar-</strong></span> 
     </span>
    </p>
   </div>
   <div class='ocr_carea' id='block_1_36' title="bbox 1865 672 3437 745">
    <p class='ocr_par' dir='ltr' id='par_1_36' title="bbox 1865 672 3437 745">
     <span class='ocr_line' id='line_1_36' title="bbox 1865 672 3437 745; baseline 0.005 -23"><span class='ocrx_word' id='word_1_254' title='bbox 1865 681 1966 724; x_wconf 75' lang='lat' dir='ltr'><strong>rat.</strong></span> <span class='ocrx_word' id='word_1_255' title='bbox 2010 672 2185 740; x_wconf 87' lang='lat' dir='ltr'><strong>inquit</strong></span> <span class='ocrx_word' id='word_1_256' title='bbox 2221 679 2362 726; x_wconf 84' lang='lat' dir='ltr'><strong>enim</strong></span> <span class='ocrx_word' id='word_1_257' title='bbox 2404 692 2416 727; x_wconf 92' lang='lat'>:</span> <span class='ocrx_word' id='word_1_258' title='bbox 2462 693 2480 725; x_wconf 76' lang='grc' dir='ltr'><strong>ι</strong></span> <span class='ocrx_word' id='word_1_259' title='bbox 2526 674 2649 728; x_wconf 74' lang='grc' dir='ltr'>Ηςυο</span> <span class='ocrx_word' id='word_1_260' title='bbox 2690 676 2793 728; x_wconf 87' lang='lat' dir='ltr'><strong>erit</strong></span> <span class='ocrx_word' id='word_1_261' title='bbox 2834 677 2983 727; x_wconf 90' lang='lat' dir='ltr'><strong>ruina</strong></span> <span class='ocrx_word' id='word_1_262' title='bbox 3035 690 3140 745; x_wconf 86' lang='lat' dir='ltr'><strong>qua</strong></span> <span class='ocrx_word' id='word_1_263' title='bbox 3180 679 3437 742; x_wconf 84' lang='lat' dir='ltr'><strong>percutiet</strong></span> 
     </span>
    </p>
   </div>
   <div class='ocr_carea' id='block_1_37' title="bbox 1862 760 3441 832">
    <p class='ocr_par' dir='ltr' id='par_1_37' title="bbox 1862 760 3441 832">
     <span class='ocr_line' id='line_1_37' title="bbox 1862 760 3441 832; baseline 0.003 -19"><span class='ocrx_word' id='word_1_264' title='bbox 1862 760 2117 815; x_wconf 85' lang='lat' dir='ltr'><strong>Dominus</strong></span> <span class='ocrx_word' id='word_1_265' title='bbox 2166 777 2353 816; x_wconf 86' lang='lat' dir='ltr'><strong>omnes</strong></span> <span class='ocrx_word' id='word_1_266' title='bbox 2400 765 2662 832; x_wconf 89' lang='lat' dir='ltr'><strong>populos,</strong></span> <span class='ocrx_word' id='word_1_267' title='bbox 2712 765 3020 832; x_wconf 82' lang='lat' dir='ltr'><strong>quicunque</strong></span> <span class='ocrx_word' id='word_1_268' title='bbox 3069 765 3441 818; x_wconf 79' lang='lat' dir='ltr'><strong>militaverunt.</strong></span> 
     </span>
    </p>
   </div>
   <div class='ocr_carea' id='block_1_38' title="bbox 1862 852 3433 919">
    <p class='ocr_par' dir='ltr' id='par_1_38' title="bbox 1862 852 3433 919">
     <span class='ocr_line' id='line_1_38' title="bbox 1862 852 3433 919; baseline 0.004 -17"><span class='ocrx_word' id='word_1_269' title='bbox 1862 862 2047 904; x_wconf 81' lang='lat' dir='ltr'><strong>contra</strong></span> <span class='ocrx_word' id='word_1_270' title='bbox 2075 852 2371 907; x_wconf 78' lang='lat' dir='ltr'><strong>Jerusalem</strong></span> <span class='ocrx_word' id='word_1_271' title='bbox 2404 874 2413 907; x_wconf 96' lang='lat'>:</span> <span class='ocrx_word' id='word_1_272' title='bbox 2442 870 2635 908; x_wconf 86' lang='lat' dir='ltr'><strong>carnes</strong></span> <span class='ocrx_word' id='word_1_273' title='bbox 2661 871 2848 906; x_wconf 89' lang='lat' dir='ltr'><strong>eorum</strong></span> <span class='ocrx_word' id='word_1_274' title='bbox 2882 856 3181 919; x_wconf 84' lang='lat' dir='ltr'><strong>tabescent,</strong></span> <span class='ocrx_word' id='word_1_275' title='bbox 3211 866 3263 908; x_wconf 90' lang='lat' dir='ltr'><strong>et</strong></span> <span class='ocrx_word' id='word_1_276' title='bbox 3291 854 3433 909; x_wconf 73' lang='lat' dir='ltr'><strong>oculi</strong></span> 
     </span>
    </p>
   </div>
   <div class='ocr_carea' id='block_1_39' title="bbox 1859 938 3439 1014">
    <p class='ocr_par' dir='ltr' id='par_1_39' title="bbox 1859 938 3439 1014">
     <span class='ocr_line' id='line_1_39' title="bbox 1859 938 3439 1014; baseline 0.001 -17"><span class='ocrx_word' id='word_1_277' title='bbox 1859 959 2047 997; x_wconf 86' lang='lat' dir='ltr'><strong>eorum</strong></span> <span class='ocrx_word' id='word_1_278' title='bbox 2080 946 2335 1008; x_wconf 82' lang='lat' dir='ltr'><strong>deﬂuent,</strong></span> <span class='ocrx_word' id='word_1_279' title='bbox 2366 948 2523 999; x_wconf 74' lang='lat' dir='ltr'><strong>simul</strong></span> <span class='ocrx_word' id='word_1_280' title='bbox 2558 948 2864 999; x_wconf 83' lang='lat' dir='ltr'><strong>tabescente</strong></span> <span class='ocrx_word' id='word_1_281' title='bbox 2893 947 3092 1014; x_wconf 88' lang='lat' dir='ltr'><strong>lingua.</strong></span> <span class='ocrx_word' id='word_1_282' title='bbox 3129 967 3148 998; x_wconf 73' lang='grc' dir='ltr'><strong>ι</strong></span> <span class='ocrx_word' id='word_1_283' title='bbox 3180 938 3439 1001; x_wconf 79' lang='lat' dir='ltr'><strong>Commu-</strong></span> 
     </span>
    </p>
   </div>
   <div class='ocr_carea' id='block_1_40' title="bbox 1860 1037 3438 1106">
    <p class='ocr_par' dir='ltr' id='par_1_40' title="bbox 1860 1037 3438 1106">
     <span class='ocr_line' id='line_1_40' title="bbox 1860 1037 3438 1106; baseline -0.001 -17"><span class='ocrx_word' id='word_1_284' title='bbox 1860 1037 1941 1090; x_wconf 91' lang='lat' dir='ltr'><strong>nis</strong></span> <span class='ocrx_word' id='word_1_285' title='bbox 1985 1039 2125 1090; x_wconf 89' lang='lat' dir='ltr'><strong>enitn</strong></span> <span class='ocrx_word' id='word_1_286' title='bbox 2170 1040 2303 1101; x_wconf 89' lang='lat' dir='ltr'><strong>ista,</strong></span> <span class='ocrx_word' id='word_1_287' title='bbox 2350 1048 2402 1091; x_wconf 88' lang='lat' dir='ltr'><strong>et</strong></span> <span class='ocrx_word' id='word_1_288' title='bbox 2449 1038 2713 1090; x_wconf 87' lang='lat' dir='ltr'><strong>naturalis</strong></span> <span class='ocrx_word' id='word_1_289' title='bbox 2760 1054 2902 1090; x_wconf 91' lang='lat' dir='ltr'><strong>tnors</strong></span> <span class='ocrx_word' id='word_1_290' title='bbox 2943 1040 3181 1090; x_wconf 88' lang='lat' dir='ltr'><strong>omnium</strong></span> <span class='ocrx_word' id='word_1_291' title='bbox 3220 1038 3438 1106; x_wconf 86' lang='lat' dir='ltr'><strong>quidem</strong></span> 
     </span>
    </p>
   </div>
   <div class='ocr_carea' id='block_1_41' title="bbox 1858 1128 3439 1197">
    <p class='ocr_par' dir='ltr' id='par_1_41' title="bbox 1858 1128 3439 1197">
     <span class='ocr_line' id='line_1_41' title="bbox 1858 1128 3439 1197; baseline -0.001 -15"><span class='ocrx_word' id='word_1_292' title='bbox 1858 1144 2045 1183; x_wconf 88' lang='lat' dir='ltr'><strong>carnes</strong></span> <span class='ocrx_word' id='word_1_293' title='bbox 2070 1129 2341 1193; x_wconf 81' lang='lat' dir='ltr'><strong>tabefacit,</strong></span> <span class='ocrx_word' id='word_1_294' title='bbox 2368 1141 2419 1182; x_wconf 92' lang='lat' dir='ltr'><strong>et</strong></span> <span class='ocrx_word' id='word_1_295' title='bbox 2445 1130 2619 1183; x_wconf 88' lang='lat' dir='ltr'><strong>oculis</strong></span> <span class='ocrx_word' id='word_1_296' title='bbox 2643 1137 2803 1196; x_wconf 80' lang='lat' dir='ltr'><strong>atque</strong></span> <span class='ocrx_word' id='word_1_297' title='bbox 2826 1129 3024 1197; x_wconf 80' lang='lat' dir='ltr'><strong>linguis</strong></span> <span class='ocrx_word' id='word_1_298' title='bbox 3046 1128 3261 1195; x_wconf 76' lang='lat' dir='ltr'><strong>spoliat,</strong></span> <span class='ocrx_word' id='word_1_299' title='bbox 3285 1143 3439 1180; x_wconf 88' lang='lat' dir='ltr'><strong>accr-</strong></span> 
     </span>
    </p>
   </div>
   <div class='ocr_carea' id='block_1_42' title="bbox 1856 1220 3439 1275">
    <p class='ocr_par' dir='ltr' id='par_1_42' title="bbox 1856 1220 3439 1275">
     <span class='ocr_line' id='line_1_42' title="bbox 1856 1220 3439 1275; baseline -0.001 -2"><span class='ocrx_word' id='word_1_300' title='bbox 1856 1221 2134 1274; x_wconf 82' lang='lat' dir='ltr'><strong>hissitnum</strong></span> <span class='ocrx_word' id='word_1_301' title='bbox 2170 1231 2347 1274; x_wconf 81' lang='lat' dir='ltr'><strong>autem</strong></span> <span class='ocrx_word' id='word_1_302' title='bbox 2378 1233 2431 1274; x_wconf 80' lang='lat' dir='ltr'><strong>et</strong></span> <span class='ocrx_word' id='word_1_303' title='bbox 2460 1221 2990 1275; x_wconf 75' lang='lat' dir='ltr'><strong>calamitosissimum</strong></span> <span class='ocrx_word' id='word_1_304' title='bbox 3020 1236 3127 1273; x_wconf 86' lang='lat' dir='ltr'><strong>non</strong></span> <span class='ocrx_word' id='word_1_305' title='bbox 3164 1220 3439 1272; x_wconf 83' lang='lat' dir='ltr'><strong>immerito</strong></span> 
     </span>
    </p>
   </div>
   <div class='ocr_carea' id='block_1_43' title="bbox 1855 1313 3438 1377">
    <p class='ocr_par' dir='ltr' id='par_1_43' title="bbox 1855 1313 3438 1377">
     <span class='ocr_line' id='line_1_43' title="bbox 1855 1313 3438 1377; baseline 0.001 -12"><span class='ocrx_word' id='word_1_306' title='bbox 1855 1314 2051 1377; x_wconf 84' lang='lat' dir='ltr'><strong>fuerit,</strong></span> <span class='ocrx_word' id='word_1_307' title='bbox 2097 1316 2391 1368; x_wconf 75' lang='lat' dir='ltr'><strong>viventium</strong></span> <span class='ocrx_word' id='word_1_308' title='bbox 2434 1323 2487 1367; x_wconf 85' lang='lat' dir='ltr'><strong>et</strong></span> <span class='ocrx_word' id='word_1_309' title='bbox 2530 1316 2789 1367; x_wconf 86' lang='lat' dir='ltr'><strong>stantium</strong></span> <span class='ocrx_word' id='word_1_310' title='bbox 2835 1316 3011 1367; x_wconf 87' lang='lat' dir='ltr'><strong>adlmc</strong></span> <span class='ocrx_word' id='word_1_311' title='bbox 3055 1328 3246 1367; x_wconf 87' lang='lat' dir='ltr'><strong>carnes</strong></span> <span class='ocrx_word' id='word_1_312' title='bbox 3285 1313 3438 1366; x_wconf 82' lang='lat' dir='ltr'><strong>tabe-</strong></span> 
     </span>
    </p>
   </div>
   <div class='ocr_carea' id='block_1_44' title="bbox 1854 1403 3432 1475">
    <p class='ocr_par' dir='ltr' id='par_1_44' title="bbox 1854 1403 3432 1475">
     <span class='ocr_line' id='line_1_44' title="bbox 1854 1403 3432 1475; baseline -0.003 -15"><span class='ocrx_word' id='word_1_313' title='bbox 1854 1421 2040 1471; x_wconf 84' lang='lat' dir='ltr'><strong>scere;</strong></span> <span class='ocrx_word' id='word_1_314' title='bbox 2076 1416 2129 1460; x_wconf 91' lang='lat' dir='ltr'><strong>et</strong></span> <span class='ocrx_word' id='word_1_315' title='bbox 2166 1408 2417 1462; x_wconf 79' lang='lat' dir='ltr'><strong>excidere</strong></span> <span class='ocrx_word' id='word_1_316' title='bbox 2457 1408 2673 1472; x_wconf 89' lang='lat' dir='ltr'><strong>oculos,</strong></span> <span class='ocrx_word' id='word_1_317' title='bbox 2709 1417 2761 1460; x_wconf 91' lang='lat' dir='ltr'><strong>et</strong></span> <span class='ocrx_word' id='word_1_318' title='bbox 2797 1407 2970 1474; x_wconf 91' lang='lat' dir='ltr'><strong>puniri</strong></span> <span class='ocrx_word' id='word_1_319' title='bbox 3014 1407 3245 1475; x_wconf 76' lang='lat' dir='ltr'><strong>linguas.</strong></span> <span class='ocrx_word' id='word_1_320' title='bbox 3282 1403 3432 1457; x_wconf 85' lang='lat' dir='ltr'><strong>Talia</strong></span> 
     </span>
    </p>
   </div>
   <div class='ocr_carea' id='block_1_45' title="bbox 1854 1496 3434 1551">
    <p class='ocr_par' dir='ltr' id='par_1_45' title="bbox 1854 1496 3434 1551">
     <span class='ocr_line' id='line_1_45' title="bbox 1854 1496 3434 1551; baseline -0.001 -2"><span class='ocrx_word' id='word_1_321' title='bbox 1854 1505 2031 1550; x_wconf 87' lang='lat' dir='ltr'><strong>autem</strong></span> <span class='ocrx_word' id='word_1_322' title='bbox 2063 1496 2173 1550; x_wconf 86' lang='lat' dir='ltr'><strong>Deo</strong></span> <span class='ocrx_word' id='word_1_323' title='bbox 2203 1512 2421 1550; x_wconf 81' lang='lat' dir='ltr'><strong>exosam</strong></span> <span class='ocrx_word' id='word_1_324' title='bbox 2455 1508 2509 1551; x_wconf 87' lang='lat' dir='ltr'><strong>et</strong></span> <span class='ocrx_word' id='word_1_325' title='bbox 2539 1498 2924 1551; x_wconf 75' lang='lat' dir='ltr'><strong>exsecrandum</strong></span> <span class='ocrx_word' id='word_1_326' title='bbox 2953 1497 3119 1547; x_wconf 82' lang='lat' dir='ltr'><strong>vitam</strong></span> <span class='ocrx_word' id='word_1_327' title='bbox 3152 1506 3434 1548; x_wconf 83' lang='lat' dir='ltr'><strong>consecta-</strong></span> 
     </span>
    </p>
   </div>
   <div class='ocr_carea' id='block_1_46' title="bbox 1853 1588 3434 1659">
    <p class='ocr_par' dir='ltr' id='par_1_46' title="bbox 1853 1588 3434 1659">
     <span class='ocr_line' id='line_1_46' title="bbox 1853 1588 3434 1659; baseline -0.002 -16"><span class='ocrx_word' id='word_1_328' title='bbox 1853 1591 1923 1645; x_wconf 92' lang='lat' dir='ltr'><strong>tis</strong></span> <span class='ocrx_word' id='word_1_329' title='bbox 1949 1600 2207 1644; x_wconf 74' lang='lat' dir='ltr'><strong>eventura</strong></span> <span class='ocrx_word' id='word_1_330' title='bbox 2239 1589 2526 1643; x_wconf 84' lang='lat' dir='ltr'><strong>admodum</strong></span> <span class='ocrx_word' id='word_1_331' title='bbox 2558 1590 2723 1659; x_wconf 87' lang='lat' dir='ltr'><strong>probe</strong></span> <span class='ocrx_word' id='word_1_332' title='bbox 2753 1590 2903 1642; x_wconf 90' lang='lat' dir='ltr'><strong>dicit.</strong></span> <span class='ocrx_word' id='word_1_333' title='bbox 2931 1589 3097 1658; x_wconf 75' lang='lat'><strong>807</strong></span> <span class='ocrx_word' id='word_1_334' title='bbox 3126 1588 3434 1655; x_wconf 62' lang='lat' dir='ltr'><strong>lit-poscen-</strong></span> 
     </span>
    </p>
   </div>
   <div class='ocr_carea' id='block_1_47' title="bbox 1854 1680 3436 1751">
    <p class='ocr_par' dir='ltr' id='par_1_47' title="bbox 1854 1680 3436 1751">
     <span class='ocr_line' id='line_1_47' title="bbox 1854 1680 3436 1751; baseline -0.004 -14"><span class='ocrx_word' id='word_1_335' title='bbox 1854 1691 1940 1737; x_wconf 89' lang='lat' dir='ltr'><strong>tur</strong></span> <span class='ocrx_word' id='word_1_336' title='bbox 1970 1683 2112 1737; x_wconf 86' lang='lat' dir='ltr'><strong>enim</strong></span> <span class='ocrx_word' id='word_1_337' title='bbox 2150 1698 2366 1751; x_wconf 67' lang='lat' dir='ltr'><strong>poenas,</strong></span> <span class='ocrx_word' id='word_1_338' title='bbox 2404 1699 2511 1735; x_wconf 83' lang='lat' dir='ltr'><strong>non</strong></span> <span class='ocrx_word' id='word_1_339' title='bbox 2547 1682 2714 1735; x_wconf 88' lang='lat' dir='ltr'><strong>solum</strong></span> <span class='ocrx_word' id='word_1_340' title='bbox 2751 1697 2939 1735; x_wconf 87' lang='lat' dir='ltr'><strong>eorum</strong></span> <span class='ocrx_word' id='word_1_341' title='bbox 2976 1696 3094 1747; x_wconf 71' lang='lat' dir='ltr'><strong>qua:</strong></span> <span class='ocrx_word' id='word_1_342' title='bbox 3127 1680 3179 1732; x_wconf 92' lang='lat' dir='ltr'><strong>in</strong></span> <span class='ocrx_word' id='word_1_343' title='bbox 3216 1688 3436 1732; x_wconf 80' lang='lat' dir='ltr'><strong>sanctos</strong></span> 
     </span>
    </p>
   </div>
   <div class='ocr_carea' id='block_1_48' title="bbox 1849 1770 3431 1839">
    <p class='ocr_par' dir='ltr' id='par_1_48' title="bbox 1849 1770 3431 1839">
     <span class='ocr_line' id='line_1_48' title="bbox 1849 1770 3431 1839; baseline -0.006 -10"><span class='ocrx_word' id='word_1_344' title='bbox 1849 1775 2271 1839; x_wconf 89' lang='lat' dir='ltr'><strong>commiserunt,</strong></span> <span class='ocrx_word' id='word_1_345' title='bbox 2314 1776 2405 1827; x_wconf 92' lang='lat' dir='ltr'><strong>sed</strong></span> <span class='ocrx_word' id='word_1_346' title='bbox 2451 1775 2611 1827; x_wconf 83' lang='lat' dir='ltr'><strong>etiam</strong></span> <span class='ocrx_word' id='word_1_347' title='bbox 2658 1774 2818 1828; x_wconf 90' lang='lat' dir='ltr'><strong>studii</strong></span> <span class='ocrx_word' id='word_1_348' title='bbox 2868 1787 3047 1827; x_wconf 90' lang='lat' dir='ltr'><strong>rerum</strong></span> <span class='ocrx_word' id='word_1_349' title='bbox 3092 1770 3431 1835; x_wconf 78' lang='lat' dir='ltr'><strong>carnalium,</strong></span> 
     </span>
    </p>
   </div>
   <div class='ocr_carea' id='block_1_49' title="bbox 1847 1854 3429 1935">
    <p class='ocr_par' dir='ltr' id='par_1_49' title="bbox 1847 1854 3429 1935">
     <span class='ocr_line' id='line_1_49' title="bbox 1847 1854 3429 1935; baseline -0.003 -19"><span class='ocrx_word' id='word_1_350' title='bbox 1847 1854 1953 1935; x_wconf 89' lang='lat' dir='ltr'><strong>quo</strong></span> <span class='ocrx_word' id='word_1_351' title='bbox 1987 1867 2037 1919; x_wconf 91' lang='lat' dir='ltr'><strong>in</strong></span> <span class='ocrx_word' id='word_1_352' title='bbox 2072 1867 2173 1919; x_wconf 91' lang='lat' dir='ltr'><strong>hoc</strong></span> <span class='ocrx_word' id='word_1_353' title='bbox 2204 1864 2406 1917; x_wconf 89' lang='lat' dir='ltr'><strong>mundo</strong></span> <span class='ocrx_word' id='word_1_354' title='bbox 2438 1862 2733 1933; x_wconf 79' lang='lat' dir='ltr'><strong>ﬂagrarunt</strong></span> <span class='ocrx_word' id='word_1_355' title='bbox 2770 1884 2781 1917; x_wconf 96' lang='lat'>:</span> <span class='ocrx_word' id='word_1_356' title='bbox 2814 1878 2932 1932; x_wconf 68' lang='lat' dir='ltr'><strong>quae</strong></span> <span class='ocrx_word' id='word_1_357' title='bbox 2967 1864 3094 1916; x_wconf 88' lang='lat' dir='ltr'><strong>item</strong></span> <span class='ocrx_word' id='word_1_358' title='bbox 3130 1861 3233 1914; x_wconf 88' lang='lat' dir='ltr'><strong>illis</strong></span> <span class='ocrx_word' id='word_1_359' title='bbox 3266 1874 3429 1914; x_wconf 81' lang='lat' dir='ltr'><strong>causa</strong></span> 
     </span>
    </p>
   </div>
   <div class='ocr_carea' id='block_1_50' title="bbox 1848 1955 3429 2025">
    <p class='ocr_par' dir='ltr' id='par_1_50' title="bbox 1848 1955 3429 2025">
     <span class='ocr_line' id='line_1_50' title="bbox 1848 1955 3429 2025; baseline -0.002 -18"><span class='ocrx_word' id='word_1_360' title='bbox 1848 1955 1949 2009; x_wconf 82' lang='lat' dir='ltr'><strong>fuit</strong></span> <span class='ocrx_word' id='word_1_361' title='bbox 1988 1971 2084 2009; x_wconf 92' lang='lat' dir='ltr'><strong>cur</strong></span> <span class='ocrx_word' id='word_1_362' title='bbox 2119 1970 2290 2025; x_wconf 85' lang='lat' dir='ltr'><strong>neque</strong></span> <span class='ocrx_word' id='word_1_363' title='bbox 2328 1956 2483 2011; x_wconf 81' lang='lat' dir='ltr'><strong>ﬁdem</strong></span> <span class='ocrx_word' id='word_1_364' title='bbox 2528 1957 2912 2018; x_wconf 85' lang='lat' dir='ltr'><strong>admitterent,</strong></span> <span class='ocrx_word' id='word_1_365' title='bbox 2953 1968 3127 2022; x_wconf 89' lang='lat' dir='ltr'><strong>neque</strong></span> <span class='ocrx_word' id='word_1_366' title='bbox 3173 1955 3429 2021; x_wconf 79' lang='lat' dir='ltr'><strong>pietatem</strong></span> 
     </span>
    </p>
   </div>
   <div class='ocr_carea' id='block_1_51' title="bbox 1847 2041 3426 2114">
    <p class='ocr_par' dir='ltr' id='par_1_51' title="bbox 1847 2041 3426 2114">
     <span class='ocr_line' id='line_1_51' title="bbox 1847 2041 3426 2114; baseline -0.004 -15"><span class='ocrx_word' id='word_1_367' title='bbox 1847 2044 2053 2110; x_wconf 86' lang='lat' dir='ltr'><strong>colere,</strong></span> <span class='ocrx_word' id='word_1_368' title='bbox 2091 2054 2147 2097; x_wconf 88' lang='lat' dir='ltr'><strong>et</strong></span> <span class='ocrx_word' id='word_1_369' title='bbox 2183 2044 2405 2114; x_wconf 74' lang='lat' dir='ltr'><strong>gloriam</strong></span> <span class='ocrx_word' id='word_1_370' title='bbox 2441 2045 2564 2098; x_wconf 78' lang='lat' dir='ltr'><strong>vita:</strong></span> <span class='ocrx_word' id='word_1_371' title='bbox 2601 2044 2652 2097; x_wconf 91' lang='lat' dir='ltr'><strong>in</strong></span> <span class='ocrx_word' id='word_1_372' title='bbox 2692 2044 2908 2097; x_wconf 82' lang='lat' dir='ltr'><strong>Christo</strong></span> <span class='ocrx_word' id='word_1_373' title='bbox 2945 2043 3167 2111; x_wconf 81' lang='lat' dir='ltr'><strong>diligere</strong></span> <span class='ocrx_word' id='word_1_374' title='bbox 3202 2041 3426 2095; x_wconf 80' lang='lat' dir='ltr'><strong>vellent.</strong></span> 
     </span>
    </p>
   </div>
   <div class='ocr_carea' id='block_1_52' title="bbox 1846 2132 3429 2201">
    <p class='ocr_par' dir='ltr' id='par_1_52' title="bbox 1846 2132 3429 2201">
     <span class='ocr_line' id='line_1_52' title="bbox 1846 2132 3429 2201; baseline -0.004 -11"><span class='ocrx_word' id='word_1_375' title='bbox 1846 2136 2260 2190; x_wconf 70' lang='lat' dir='ltr'><strong>Declinat-erunt</strong></span> <span class='ocrx_word' id='word_1_376' title='bbox 2285 2136 2448 2201; x_wconf 88' lang='lat' dir='ltr'><strong>enim,</strong></span> <span class='ocrx_word' id='word_1_377' title='bbox 2476 2146 2533 2189; x_wconf 90' lang='lat' dir='ltr'><strong>ut</strong></span> <span class='ocrx_word' id='word_1_378' title='bbox 2558 2136 2691 2198; x_wconf 81' lang='lat' dir='ltr'><strong>dixi,</strong></span> <span class='ocrx_word' id='word_1_379' title='bbox 2715 2136 2779 2187; x_wconf 87' lang='lat' dir='ltr'><strong>ad</strong></span> <span class='ocrx_word' id='word_1_380' title='bbox 2808 2132 3075 2188; x_wconf 79' lang='lat' dir='ltr'><strong>absurdus</strong></span> <span class='ocrx_word' id='word_1_381' title='bbox 3100 2133 3429 2201; x_wconf 84' lang='lat' dir='ltr'><strong>voluptates,</strong></span> 
     </span>
    </p>
   </div>
   <div class='ocr_carea' id='block_1_53' title="bbox 1845 2222 3431 2293">
    <p class='ocr_par' dir='ltr' id='par_1_53' title="bbox 1845 2222 3431 2293">
     <span class='ocr_line' id='line_1_53' title="bbox 1845 2222 3431 2293; baseline 0 -18"><span class='ocrx_word' id='word_1_382' title='bbox 1845 2232 1899 2275; x_wconf 89' lang='lat' dir='ltr'><strong>et</strong></span> <span class='ocrx_word' id='word_1_383' title='bbox 1946 2238 2279 2293; x_wconf 64' lang='lat' dir='ltr'><strong>quaecunque</strong></span> <span class='ocrx_word' id='word_1_384' title='bbox 2321 2225 2607 2287; x_wconf 82' lang='lat' dir='ltr'><strong>videbant,</strong></span> <span class='ocrx_word' id='word_1_385' title='bbox 2656 2239 2753 2277; x_wconf 88' lang='lat' dir='ltr'><strong>ore</strong></span> <span class='ocrx_word' id='word_1_386' title='bbox 2802 2223 2986 2275; x_wconf 84' lang='lat' dir='ltr'><strong>hiante</strong></span> <span class='ocrx_word' id='word_1_387' title='bbox 3028 2222 3431 2289; x_wconf 79' lang='lat' dir='ltr'><strong>quodammodo</strong></span> 
     </span>
    </p>
   </div>
   <div class='ocr_carea' id='block_1_54' title="bbox 1846 2313 3429 2387">
    <p class='ocr_par' dir='ltr' id='par_1_54' title="bbox 1846 2313 3429 2387">
     <span class='ocr_line' id='line_1_54' title="bbox 1846 2313 3429 2387; baseline -0.003 -19"><span class='ocrx_word' id='word_1_388' title='bbox 1846 2317 2168 2381; x_wconf 85' lang='lat' dir='ltr'><strong>appetebant</strong></span> <span class='ocrx_word' id='word_1_389' title='bbox 2205 2332 2267 2369; x_wconf 92' lang='lat' dir='ltr'><strong>ac</strong></span> <span class='ocrx_word' id='word_1_390' title='bbox 2300 2315 2685 2387; x_wconf 84' lang='lat' dir='ltr'><strong>deglutiehant.</strong></span> <span class='ocrx_word' id='word_1_391' title='bbox 2722 2314 3001 2367; x_wconf 83' lang='lat' dir='ltr'><strong>Acuerunt</strong></span> <span class='ocrx_word' id='word_1_392' title='bbox 3034 2316 3179 2366; x_wconf 88' lang='lat' dir='ltr'><strong>enim</strong></span> <span class='ocrx_word' id='word_1_393' title='bbox 3217 2313 3429 2380; x_wconf 82' lang='lat' dir='ltr'><strong>linguas</strong></span> 
     </span>
    </p>
   </div>
   <div class='ocr_carea' id='block_1_55' title="bbox 1845 2405 3429 2475">
    <p class='ocr_par' dir='ltr' id='par_1_55' title="bbox 1845 2405 3429 2475">
     <span class='ocr_line' id='line_1_55' title="bbox 1845 2405 3429 2475; baseline -0.004 -12"><span class='ocrx_word' id='word_1_394' title='bbox 1845 2420 2033 2463; x_wconf 87' lang='lat' dir='ltr'><strong>contra</strong></span> <span class='ocrx_word' id='word_1_395' title='bbox 2069 2410 2343 2463; x_wconf 85' lang='lat' dir='ltr'><strong>Christum</strong></span> <span class='ocrx_word' id='word_1_396' title='bbox 2366 2449 2380 2475; x_wconf 93' lang='lat'><strong>,</strong></span> <span class='ocrx_word' id='word_1_397' title='bbox 2419 2418 2472 2463; x_wconf 87' lang='lat' dir='ltr'><strong>et</strong></span> <span class='ocrx_word' id='word_1_398' title='bbox 2505 2423 2659 2462; x_wconf 85' lang='lat' dir='ltr'><strong>sacra</strong></span> <span class='ocrx_word' id='word_1_399' title='bbox 2694 2407 2947 2461; x_wconf 72' lang='lat' dir='ltr'><strong>Ecclesia:</strong></span> <span class='ocrx_word' id='word_1_400' title='bbox 2980 2407 3229 2473; x_wconf 83' lang='lat' dir='ltr'><strong>dogmata</strong></span> <span class='ocrx_word' id='word_1_401' title='bbox 3267 2405 3429 2473; x_wconf 88' lang='lat' dir='ltr'><strong>impie</strong></span> 
     </span>
    </p>
   </div>
   <div class='ocr_carea' id='block_1_56' title="bbox 1845 2496 3427 2569">
    <p class='ocr_par' dir='ltr' id='par_1_56' title="bbox 1845 2496 3427 2569">
     <span class='ocr_line' id='line_1_56' title="bbox 1845 2496 3427 2569; baseline -0.004 -15"><span class='ocrx_word' id='word_1_402' title='bbox 1845 2510 2188 2569; x_wconf 82' lang='lat' dir='ltr'><strong>carpserunt.</strong></span> <span class='ocrx_word' id='word_1_403' title='bbox 2211 2500 2340 2553; x_wconf 90' lang='lat' dir='ltr'><strong>Jure</strong></span> <span class='ocrx_word' id='word_1_404' title='bbox 2367 2502 2530 2567; x_wconf 75' lang='lat' dir='ltr'><strong>igitur</strong></span> <span class='ocrx_word' id='word_1_405' title='bbox 2554 2499 2607 2553; x_wconf 89' lang='lat' dir='ltr'><strong>in</strong></span> <span class='ocrx_word' id='word_1_406' title='bbox 2635 2513 2818 2561; x_wconf 87' lang='lat' dir='ltr'><strong>carne,</strong></span> <span class='ocrx_word' id='word_1_407' title='bbox 2843 2506 2896 2550; x_wconf 88' lang='lat' dir='ltr'><strong>et</strong></span> <span class='ocrx_word' id='word_1_408' title='bbox 2924 2497 3118 2561; x_wconf 75' lang='lat' dir='ltr'><strong>oculis,</strong></span> <span class='ocrx_word' id='word_1_409' title='bbox 3147 2506 3199 2549; x_wconf 87' lang='lat' dir='ltr'><strong>et</strong></span> <span class='ocrx_word' id='word_1_410' title='bbox 3228 2496 3427 2565; x_wconf 83' lang='lat' dir='ltr'><strong>linguis</strong></span> 
     </span>
    </p>
   </div>
   <div class='ocr_carea' id='block_1_57' title="bbox 1845 2586 3424 2659">
    <p class='ocr_par' dir='ltr' id='par_1_57' title="bbox 1845 2586 3424 2659">
     <span class='ocr_line' id='line_1_57' title="bbox 1845 2586 3424 2659; baseline -0.003 -17"><span class='ocrx_word' id='word_1_411' title='bbox 1845 2606 2060 2659; x_wconf 81' lang='lat' dir='ltr'><strong>ptenam</strong></span> <span class='ocrx_word' id='word_1_412' title='bbox 2106 2598 2479 2657; x_wconf 88' lang='lat' dir='ltr'><strong>susceperunt.</strong></span> <span class='ocrx_word' id='word_1_413' title='bbox 2526 2589 2990 2655; x_wconf 84' lang='lat' dir='ltr'><strong>Quemadmodum</strong></span> <span class='ocrx_word' id='word_1_414' title='bbox 3038 2586 3183 2639; x_wconf 88' lang='lat' dir='ltr'><strong>enim</strong></span> <span class='ocrx_word' id='word_1_415' title='bbox 3232 2601 3424 2652; x_wconf 84' lang='lat' dir='ltr'><strong>aquam</strong></span> 
     </span>
    </p>
   </div>
   <div class='ocr_carea' id='block_1_58' title="bbox 1843 2676 3427 2752">
    <p class='ocr_par' dir='ltr' id='par_1_58' title="bbox 1843 2676 3427 2752">
     <span class='ocr_line' id='line_1_58' title="bbox 1843 2676 3427 2752; baseline -0.006 -13"><span class='ocrx_word' id='word_1_416' title='bbox 1843 2684 2239 2752; x_wconf 82' lang='lat' dir='ltr'><strong>redargutionis</strong></span> <span class='ocrx_word' id='word_1_417' title='bbox 2273 2684 2464 2738; x_wconf 86' lang='lat' dir='ltr'><strong>bibens</strong></span> <span class='ocrx_word' id='word_1_418' title='bbox 2500 2682 2713 2745; x_wconf 86' lang='lat' dir='ltr'><strong>mulier,</strong></span> <span class='ocrx_word' id='word_1_419' title='bbox 2754 2690 2806 2735; x_wconf 91' lang='lat' dir='ltr'><strong>et</strong></span> <span class='ocrx_word' id='word_1_420' title='bbox 2840 2679 3091 2749; x_wconf 86' lang='lat' dir='ltr'><strong>pejeraus</strong></span> <span class='ocrx_word' id='word_1_421' title='bbox 3130 2680 3181 2731; x_wconf 89' lang='lat' dir='ltr'><strong>iu</strong></span> <span class='ocrx_word' id='word_1_422' title='bbox 3220 2676 3427 2730; x_wconf 80' lang='lat' dir='ltr'><strong>feruore</strong></span> 
     </span>
    </p>
   </div>
   <div class='ocr_carea' id='block_1_59' title="bbox 1840 2769 3424 2845">
    <p class='ocr_par' dir='ltr' id='par_1_59' title="bbox 1840 2769 3424 2845">
     <span class='ocr_line' id='line_1_59' title="bbox 1840 2769 3424 2845; baseline -0.005 -18"><span class='ocrx_word' id='word_1_423' title='bbox 1840 2776 2183 2845; x_wconf 85' lang='lat' dir='ltr'><strong>puniebatur,</strong></span> <span class='ocrx_word' id='word_1_424' title='bbox 2210 2775 2298 2829; x_wconf 86' lang='lat' dir='ltr'><strong>ubi</strong></span> <span class='ocrx_word' id='word_1_425' title='bbox 2329 2784 2381 2828; x_wconf 90' lang='lat' dir='ltr'><strong>et</strong></span> <span class='ocrx_word' id='word_1_426' title='bbox 2410 2775 2615 2828; x_wconf 87' lang='lat' dir='ltr'><strong>crimen</strong></span> <span class='ocrx_word' id='word_1_427' title='bbox 2646 2771 3021 2826; x_wconf 82' lang='lat' dir='ltr'><strong>fornicationis</strong></span> <span class='ocrx_word' id='word_1_428' title='bbox 3044 2769 3424 2834; x_wconf 84' lang='lat' dir='ltr'><strong>committitur;</strong></span> 
     </span>
    </p>
   </div>
   <div class='ocr_carea' id='block_1_60' title="bbox 1840 2860 3419 2936">
    <p class='ocr_par' dir='ltr' id='par_1_60' title="bbox 1840 2860 3419 2936">
     <span class='ocr_line' id='line_1_60' title="bbox 1840 2860 3419 2936; baseline -0.006 -16"><span class='ocrx_word' id='word_1_429' title='bbox 1840 2869 1914 2921; x_wconf 82' lang='lat' dir='ltr'><strong>ait</strong></span> <span class='ocrx_word' id='word_1_430' title='bbox 1940 2868 2202 2936; x_wconf 87' lang='lat' dir='ltr'><strong>siquidem</strong></span> <span class='ocrx_word' id='word_1_431' title='bbox 2231 2884 2243 2921; x_wconf 90' lang='lat'>:</span> <span class='ocrx_word' id='word_1_432' title='bbox 2279 2886 2297 2919; x_wconf 73' lang='grc' dir='ltr'><strong>ι</strong></span> <span class='ocrx_word' id='word_1_433' title='bbox 2328 2868 2628 2935; x_wconf 77' lang='lat' dir='ltr'><strong>Rumpetur</strong></span> <span class='ocrx_word' id='word_1_434' title='bbox 2647 2875 2703 2919; x_wconf 87' lang='lat' dir='ltr'><strong>el</strong></span> <span class='ocrx_word' id='word_1_435' title='bbox 2727 2863 2938 2918; x_wconf 83' lang='lat' dir='ltr'><strong>decidet</strong></span> <span class='ocrx_word' id='word_1_436' title='bbox 2965 2862 3141 2914; x_wconf 74' lang='lat' dir='ltr'><strong>femur</strong></span> <span class='ocrx_word' id='word_1_437' title='bbox 3163 2860 3368 2927; x_wconf 83' lang='lat' dir='ltr'><strong>ejus&quot;,</strong></span> <span class='ocrx_word' id='word_1_438' title='bbox 3400 2879 3419 2910; x_wconf 75' lang='grc' dir='ltr'><strong>ι</strong></span> 
     </span>
    </p>
   </div>
   <div class='ocr_carea' id='block_1_61' title="bbox 1846 2954 3430 3028">
    <p class='ocr_par' dir='ltr' id='par_1_61' title="bbox 1846 2954 3430 3028">
     <span class='ocr_line' id='line_1_61' title="bbox 1846 2954 3430 3028; baseline -0.006 -15"><span class='ocrx_word' id='word_1_439' title='bbox 1846 2960 2057 3024; x_wconf 87' lang='lat' dir='ltr'><strong>eodem,</strong></span> <span class='ocrx_word' id='word_1_440' title='bbox 2095 2961 2305 3028; x_wconf 86' lang='lat' dir='ltr'><strong>opinor,</strong></span> <span class='ocrx_word' id='word_1_441' title='bbox 2350 2960 2508 3012; x_wconf 79' lang='lat' dir='ltr'><strong>modo</strong></span> <span class='ocrx_word' id='word_1_442' title='bbox 2546 2968 2600 3011; x_wconf 88' lang='lat' dir='ltr'><strong>et</strong></span> <span class='ocrx_word' id='word_1_443' title='bbox 2643 2965 2885 3010; x_wconf 86' lang='lat' dir='ltr'><strong>sanctam</strong></span> <span class='ocrx_word' id='word_1_444' title='bbox 2924 2954 3200 3007; x_wconf 86' lang='lat' dir='ltr'><strong>civitatem</strong></span> <span class='ocrx_word' id='word_1_445' title='bbox 3245 2966 3430 3020; x_wconf 86' lang='lat' dir='ltr'><strong>perse-</strong></span> 
     </span>
    </p>
   </div>
   <div class='ocr_carea' id='block_1_62' title="bbox 162 3042 1762 3120">
    <p class='ocr_par' dir='ltr' id='par_1_62' title="bbox 162 3045 1737 3117">
     <span class='ocr_line' id='line_1_62' title="bbox 162 3045 1737 3117; baseline -0.002 -18"><span class='ocrx_word' id='word_1_446' title='bbox 162 3048 372 3117; x_wconf 83' lang='grc' dir='ltr'>Ὠσπερ</span> <span class='ocrx_word' id='word_1_447' title='bbox 410 3048 520 3117; x_wconf 82' lang='grc' dir='ltr'><strong>γὰρ</strong></span> <span class='ocrx_word' id='word_1_448' title='bbox 545 3049 577 3117; x_wconf 82' lang='grc' dir='ltr'>ἡ</span> <span class='ocrx_word' id='word_1_449' title='bbox 604 3047 661 3098; x_wconf 85' lang='grc' dir='ltr'><strong>τὸ</strong></span> <span class='ocrx_word' id='word_1_450' title='bbox 692 3046 834 3117; x_wconf 79' lang='grc' dir='ltr'>ὕδωρ</span> <span class='ocrx_word' id='word_1_451' title='bbox 883 3047 976 3100; x_wconf 81' lang='grc' dir='ltr'>τοῦ</span> <span class='ocrx_word' id='word_1_452' title='bbox 1018 3046 1251 3115; x_wconf 83' lang='grc' dir='ltr'>ἐλεγμοῦ</span> <span class='ocrx_word' id='word_1_453' title='bbox 1305 3046 1535 3100; x_wconf 85' lang='grc' dir='ltr'>πίνουσα</span> <span class='ocrx_word' id='word_1_454' title='bbox 1567 3045 1737 3113; x_wconf 83' lang='grc' dir='ltr'>γυνὴ,</span> 
     </span>
    </p>
   </div>
   <div class='ocr_carea' id='block_1_63' title="bbox 1853 3042 3422 3120">
    <p class='ocr_par' dir='ltr' id='par_1_63' title="bbox 1853 3042 3422 3120">
     <span class='ocr_line' id='line_1_63' title="bbox 1853 3042 3422 3120; baseline -0.006 -18"><span class='ocrx_word' id='word_1_455' title='bbox 1853 3052 2133 3120; x_wconf 77' lang='lat' dir='ltr'><strong>quentibus</strong></span> <span class='ocrx_word' id='word_1_456' title='bbox 2163 3053 2213 3103; x_wconf 93' lang='lat' dir='ltr'><strong>in</strong></span> <span class='ocrx_word' id='word_1_457' title='bbox 2246 3064 2408 3103; x_wconf 88' lang='lat' dir='ltr'><strong>carne</strong></span> <span class='ocrx_word' id='word_1_458' title='bbox 2428 3090 2441 3113; x_wconf 94' lang='lat'><strong>,</strong></span> <span class='ocrx_word' id='word_1_459' title='bbox 2468 3059 2523 3103; x_wconf 92' lang='lat' dir='ltr'><strong>et</strong></span> <span class='ocrx_word' id='word_1_460' title='bbox 2551 3048 2749 3111; x_wconf 86' lang='lat' dir='ltr'><strong>oculis,</strong></span> <span class='ocrx_word' id='word_1_461' title='bbox 2781 3056 2835 3101; x_wconf 87' lang='lat' dir='ltr'><strong>et</strong></span> <span class='ocrx_word' id='word_1_462' title='bbox 2865 3045 3066 3115; x_wconf 84' lang='lat' dir='ltr'><strong>linguis</strong></span> <span class='ocrx_word' id='word_1_463' title='bbox 3095 3042 3422 3112; x_wconf 81' lang='lat' dir='ltr'><strong>suppliciqu</strong></span> 
     </span>
    </p>
   </div>
   <div class='ocr_carea' id='block_1_64' title="bbox 161 3137 1739 3211">
    <p class='ocr_par' dir='ltr' id='par_1_64' title="bbox 161 3137 1739 3211">
     <span class='ocr_line' id='line_1_64' title="bbox 161 3137 1739 3211; baseline 0.001 -20"><span class='ocrx_word' id='word_1_464' title='bbox 161 3141 249 3191; x_wconf 73' lang='grc' dir='ltr'><strong>καὶ</strong></span> <span class='ocrx_word' id='word_1_465' title='bbox 272 3138 595 3209; x_wconf 69' lang='grc' dir='ltr'>ψευσαμένη</span> <span class='ocrx_word' id='word_1_466' title='bbox 616 3138 707 3190; x_wconf 75' lang='grc' dir='ltr'>τὸν</span> <span class='ocrx_word' id='word_1_467' title='bbox 734 3139 915 3209; x_wconf 81' lang='grc' dir='ltr'>ὅρκον,</span> <span class='ocrx_word' id='word_1_468' title='bbox 951 3139 1030 3200; x_wconf 80' lang='grc' dir='ltr'><strong>είς</strong></span> <span class='ocrx_word' id='word_1_469' title='bbox 1066 3138 1237 3208; x_wconf 76' lang='grc' dir='ltr'>μηρὸν</span> <span class='ocrx_word' id='word_1_470' title='bbox 1264 3137 1573 3201; x_wconf 78' lang='grc' dir='ltr'>ἐκολάζετο,</span> <span class='ocrx_word' id='word_1_471' title='bbox 1610 3142 1739 3211; x_wconf 70' lang='grc' dir='ltr'>περὶ</span> 
     </span>
    </p>
   </div>
   <div class='ocr_carea' id='block_1_65' title="bbox 159 3228 1738 3300">
    <p class='ocr_par' dir='ltr' id='par_1_65' title="bbox 159 3228 1738 3300">
     <span class='ocr_line' id='line_1_65' title="bbox 159 3228 1738 3300; baseline 0.001 -18"><span class='ocrx_word' id='word_1_472' title='bbox 159 3230 214 3282; x_wconf 76' lang='grc' dir='ltr'><strong>ὃν</strong></span> <span class='ocrx_word' id='word_1_473' title='bbox 256 3231 503 3297; x_wconf 83' lang='grc' dir='ltr'>γίνονται</span> <span class='ocrx_word' id='word_1_474' title='bbox 551 3230 643 3280; x_wconf 81' lang='grc' dir='ltr'>καὶ</span> <span class='ocrx_word' id='word_1_475' title='bbox 700 3228 768 3280; x_wconf 85' lang='grc' dir='ltr'>τὰ</span> <span class='ocrx_word' id='word_1_476' title='bbox 815 3229 879 3280; x_wconf 82' lang='grc' dir='ltr'><strong>ἐκ</strong></span> <span class='ocrx_word' id='word_1_477' title='bbox 929 3228 1031 3296; x_wconf 81' lang='grc' dir='ltr'>τῆς</span> <span class='ocrx_word' id='word_1_478' title='bbox 1084 3228 1343 3298; x_wconf 86' lang='grc' dir='ltr'>πορνείας</span> <span class='ocrx_word' id='word_1_479' title='bbox 1384 3229 1738 3300; x_wconf 80' lang='grc' dir='ltr'>ἐγκλήματα,</span> 
     </span>
    </p>
   </div>
   <div class='ocr_carea' id='block_1_66' title="bbox 165 3316 1742 3392">
    <p class='ocr_par' dir='ltr' id='par_1_66' title="bbox 165 3316 1742 3392">
     <span class='ocr_line' id='line_1_66' title="bbox 165 3316 1742 3392; baseline 0.004 -25"><span class='ocrx_word' id='word_1_480' title='bbox 165 3336 180 3365; x_wconf 80' lang='lat' dir='ltr'><strong>t</strong></span> <span class='ocrx_word' id='word_1_481' title='bbox 220 3316 589 3387; x_wconf 81' lang='grc' dir='ltr'>Πρισθήσεται</span> <span class='ocrx_word' id='word_1_482' title='bbox 619 3316 746 3387; x_wconf 84' lang='grc' dir='ltr'>γὰρ,</span> <span class='ocrx_word' id='word_1_483' title='bbox 779 3316 932 3387; x_wconf 76' lang='grc' dir='ltr'>φησὶ,</span> <span class='ocrx_word' id='word_1_484' title='bbox 963 3318 1057 3370; x_wconf 59' lang='grc' dir='ltr'><strong>κα)⁸</strong></span> <span class='ocrx_word' id='word_1_485' title='bbox 1090 3318 1427 3372; x_wconf 83' lang='grc' dir='ltr'>διαπεσεῖται</span> <span class='ocrx_word' id='word_1_486' title='bbox 1480 3320 1508 3371; x_wconf 88' lang='grc' dir='ltr'>ὀ</span> <span class='ocrx_word' id='word_1_487' title='bbox 1570 3322 1742 3392; x_wconf 80' lang='grc' dir='ltr'>μηρὸς</span> 
     </span>
    </p>
   </div>
   <div class='ocr_carea' id='block_1_67' title="bbox 1848 3133 3427 3210">
    <p class='ocr_par' dir='ltr' id='par_1_67' title="bbox 1848 3133 3427 3210">
     <span class='ocr_line' id='line_1_67' title="bbox 1848 3133 3427 3210; baseline -0.009 -14"><span class='ocrx_word' id='word_1_488' title='bbox 1848 3142 2198 3208; x_wconf 79' lang='lat' dir='ltr'><strong>irrogahitur,</strong></span> <span class='ocrx_word' id='word_1_489' title='bbox 2236 3155 2399 3209; x_wconf 90' lang='lat' dir='ltr'><strong>penes</strong></span> <span class='ocrx_word' id='word_1_490' title='bbox 2432 3155 2569 3210; x_wconf 89' lang='lat' dir='ltr'><strong>quos</strong></span> <span class='ocrx_word' id='word_1_491' title='bbox 2600 3153 2839 3193; x_wconf 89' lang='lat' dir='ltr'><strong>amorem</strong></span> <span class='ocrx_word' id='word_1_492' title='bbox 2877 3136 3057 3190; x_wconf 91' lang='lat' dir='ltr'><strong>carnis</strong></span> <span class='ocrx_word' id='word_1_493' title='bbox 3092 3144 3147 3187; x_wconf 90' lang='lat' dir='ltr'><strong>et</strong></span> <span class='ocrx_word' id='word_1_494' title='bbox 3179 3133 3427 3199; x_wconf 83' lang='lat' dir='ltr'><strong>volupta-</strong></span> 
     </span>
    </p>
   </div>
   <div class='ocr_carea' id='block_1_68' title="bbox 1853 3225 3429 3301">
    <p class='ocr_par' dir='ltr' id='par_1_68' title="bbox 1853 3225 3429 3301">
     <span class='ocr_line' id='line_1_68' title="bbox 1853 3225 3429 3301; baseline -0.008 -15"><span class='ocrx_word' id='word_1_495' title='bbox 1853 3234 1950 3297; x_wconf 91' lang='lat' dir='ltr'><strong>tis,</strong></span> <span class='ocrx_word' id='word_1_496' title='bbox 1985 3242 2039 3285; x_wconf 88' lang='lat' dir='ltr'><strong>et</strong></span> <span class='ocrx_word' id='word_1_497' title='bbox 2074 3233 2296 3301; x_wconf 83' lang='lat' dir='ltr'><strong>insuper</strong></span> <span class='ocrx_word' id='word_1_498' title='bbox 2326 3230 2607 3285; x_wconf 88' lang='lat' dir='ltr'><strong>oculorum</strong></span> <span class='ocrx_word' id='word_1_499' title='bbox 2644 3228 2870 3296; x_wconf 83' lang='lat' dir='ltr'><strong>delicta,</strong></span> <span class='ocrx_word' id='word_1_500' title='bbox 2907 3235 2959 3281; x_wconf 86' lang='lat' dir='ltr'><strong>et</strong></span> <span class='ocrx_word' id='word_1_501' title='bbox 2996 3226 3193 3294; x_wconf 65' lang='lat' dir='ltr'><strong>linguae.</strong></span> <span class='ocrx_word' id='word_1_502' title='bbox 3229 3225 3429 3277; x_wconf 86' lang='lat' dir='ltr'><strong>intem-</strong></span> 
     </span>
    </p>
   </div>
   <div class='ocr_carea' id='block_1_69' title="bbox 1851 3323 2633 3391">
    <p class='ocr_par' dir='ltr' id='par_1_69' title="bbox 1851 3323 2633 3391">
     <span class='ocr_line' id='line_1_69' title="bbox 1851 3323 2633 3391; baseline 0.004 -19"><span class='ocrx_word' id='word_1_503' title='bbox 1851 3323 2092 3391; x_wconf 88' lang='lat' dir='ltr'><strong>perantis</strong></span> <span class='ocrx_word' id='word_1_504' title='bbox 2124 3337 2283 3377; x_wconf 86' lang='lat' dir='ltr'><strong>voces</strong></span> <span class='ocrx_word' id='word_1_505' title='bbox 2312 3323 2496 3377; x_wconf 86' lang='lat' dir='ltr'><strong>videre</strong></span> <span class='ocrx_word' id='word_1_506' title='bbox 2529 3330 2633 3375; x_wconf 87' lang='lat' dir='ltr'><strong>est.</strong></span> 
     </span>
    </p>
   </div>
   <div class='ocr_carea' id='block_1_70' title="bbox 161 3404 3428 3484">
    <p class='ocr_par' dir='ltr' id='par_1_70' title="bbox 161 3404 3428 3484">
     <span class='ocr_line' id='line_1_70' title="bbox 161 3404 3428 3484; baseline 0.002 -26"><span class='ocrx_word' id='word_1_507' title='bbox 161 3410 351 3478; x_wconf 70' lang='grc' dir='ltr'>αὐτῆς·</span> <span class='ocrx_word' id='word_1_508' title='bbox 377 3427 395 3460; x_wconf 81' lang='grc'>›</span> <span class='ocrx_word' id='word_1_509' title='bbox 430 3408 571 3461; x_wconf 88' lang='grc' dir='ltr'><strong>κατά</strong></span> <span class='ocrx_word' id='word_1_510' title='bbox 600 3409 689 3461; x_wconf 73' lang='grc' dir='ltr'>τὸν</span> <span class='ocrx_word' id='word_1_511' title='bbox 722 3408 856 3472; x_wconf 78' lang='grc' dir='ltr'>ἴσον,</span> <span class='ocrx_word' id='word_1_512' title='bbox 888 3404 1064 3479; x_wconf 76' lang='grc' dir='ltr'>οἶμαι,</span> <span class='ocrx_word' id='word_1_513' title='bbox 1119 3411 1319 3481; x_wconf 79' lang='grc' dir='ltr'>τρόπον</span> <span class='ocrx_word' id='word_1_514' title='bbox 1366 3412 1459 3463; x_wconf 77' lang='grc' dir='ltr'><strong>καὶ</strong></span> <span class='ocrx_word' id='word_1_515' title='bbox 1525 3415 1636 3475; x_wconf 85' lang='grc' dir='ltr'>τοῖς</span> <span class='ocrx_word' id='word_1_516' title='bbox 1670 3414 1769 3484; x_wconf 83' lang='grc' dir='ltr'>τὴν</span> <span class='ocrx_word' id='word_1_517' title='bbox 1809 3415 1971 3483; x_wconf 83' lang='grc' dir='ltr'>ἁγίαν</span> <span class='ocrx_word' id='word_1_518' title='bbox 1993 3414 2248 3467; x_wconf 87' lang='grc' dir='ltr'>διώκουσι</span> <span class='ocrx_word' id='word_1_519' title='bbox 2303 3415 2481 3477; x_wconf 79' lang='grc' dir='ltr'>πόλιν,</span> <span class='ocrx_word' id='word_1_520' title='bbox 2524 3415 2605 3476; x_wconf 81' lang='grc' dir='ltr'><strong>είς</strong></span> <span class='ocrx_word' id='word_1_521' title='bbox 2637 3413 2847 3481; x_wconf 84' lang='grc' dir='ltr'>σάρκας</span> <span class='ocrx_word' id='word_1_522' title='bbox 2880 3426 2938 3463; x_wconf 87' lang='grc' dir='ltr'><strong>τε</strong></span> <span class='ocrx_word' id='word_1_523' title='bbox 2978 3409 3074 3463; x_wconf 71' lang='grc' dir='ltr'><strong>κα1⁵</strong></span> <span class='ocrx_word' id='word_1_524' title='bbox 3094 3406 3428 3483; x_wconf 51' lang='grc' dir='ltr'>ὀφθαλμούς,</span> 
     </span>
    </p>
   </div>
   <div class='ocr_carea' id='block_1_71' title="bbox 163 3500 3430 3580">
    <p class='ocr_par' dir='ltr' id='par_1_71' title="bbox 163 3500 3430 3580">
     <span class='ocr_line' id='line_1_71' title="bbox 163 3500 3430 3580; baseline 0 -27"><span class='ocrx_word' id='word_1_525' title='bbox 163 3502 250 3554; x_wconf 74' lang='grc' dir='ltr'><strong>καὶ</strong></span> <span class='ocrx_word' id='word_1_526' title='bbox 318 3500 572 3569; x_wconf 84' lang='grc' dir='ltr'>γλώσσας</span> <span class='ocrx_word' id='word_1_527' title='bbox 626 3503 659 3572; x_wconf 82' lang='grc' dir='ltr'><strong>ἡ</strong></span> <span class='ocrx_word' id='word_1_528' title='bbox 716 3501 976 3566; x_wconf 78' lang='grc' dir='ltr'>κόλασιςο</span> <span class='ocrx_word' id='word_1_529' title='bbox 1038 3504 1367 3576; x_wconf 80' lang='grc' dir='ltr'>φιλοσαρκία</span> <span class='ocrx_word' id='word_1_530' title='bbox 1424 3506 1531 3577; x_wconf 82' lang='grc' dir='ltr'>γὰρ</span> <span class='ocrx_word' id='word_1_531' title='bbox 1575 3508 1775 3573; x_wconf 73' lang='grc' dir='ltr'>αὐτοῖς,</span> <span class='ocrx_word' id='word_1_532' title='bbox 1851 3511 2153 3580; x_wconf 74' lang='grc' dir='ltr'>ἡδυπάθειά</span> <span class='ocrx_word' id='word_1_533' title='bbox 2211 3525 2271 3562; x_wconf 85' lang='grc' dir='ltr'><strong>τε</strong></span> <span class='ocrx_word' id='word_1_534' title='bbox 2318 3509 2456 3580; x_wconf 83' lang='grc' dir='ltr'>πρὸς</span> <span class='ocrx_word' id='word_1_535' title='bbox 2508 3506 2754 3572; x_wconf 83' lang='grc' dir='ltr'>τούτοις,</span> <span class='ocrx_word' id='word_1_536' title='bbox 2812 3506 2909 3559; x_wconf 75' lang='grc' dir='ltr'><strong>καὶ</strong></span> <span class='ocrx_word' id='word_1_537' title='bbox 2942 3506 3008 3558; x_wconf 83' lang='grc' dir='ltr'>δι’</span> <span class='ocrx_word' id='word_1_538' title='bbox 3066 3502 3330 3574; x_wconf 81' lang='grc' dir='ltr'>ὀμμάτων</span> <span class='ocrx_word' id='word_1_539' title='bbox 3362 3500 3430 3551; x_wconf 72' lang='grc' dir='ltr'><strong>τά</strong></span> 
     </span>
    </p>
   </div>
   <div class='ocr_carea' id='block_1_72' title="bbox 163 3592 1508 3667">
    <p class='ocr_par' dir='ltr' id='par_1_72' title="bbox 163 3592 1508 3667">
     <span class='ocr_line' id='line_1_72' title="bbox 163 3592 1508 3667; baseline 0.004 -22"><span class='ocrx_word' id='word_1_540' title='bbox 163 3592 483 3662; x_wconf 66' lang='grc' dir='ltr'>ἐγκλήματα</span> <span class='ocrx_word' id='word_1_541' title='bbox 504 3632 519 3657; x_wconf 91' lang='grc'><strong>,</strong></span> <span class='ocrx_word' id='word_1_542' title='bbox 549 3594 643 3646; x_wconf 70' lang='grc' dir='ltr'><strong>καὶ</strong></span> <span class='ocrx_word' id='word_1_543' title='bbox 671 3593 997 3648; x_wconf 84' lang='grc' dir='ltr'>ἀπαιδεύτου</span> <span class='ocrx_word' id='word_1_544' title='bbox 1029 3594 1276 3667; x_wconf 77' lang='grc' dir='ltr'>γλώττης</span> <span class='ocrx_word' id='word_1_545' title='bbox 1316 3598 1508 3664; x_wconf 73' lang='grc' dir='ltr'>φωναί.</span> 
     </span>
    </p>
   </div>
   <div class='ocr_carea' id='block_1_73' title="bbox 224 3688 1737 3760">
    <p class='ocr_par' dir='ltr' id='par_1_73' title="bbox 224 3688 1737 3760">
     <span class='ocr_line' id='line_1_73' title="bbox 224 3688 1737 3760; baseline 0.004 -18"><span class='ocrx_word' id='word_1_546' title='bbox 224 3690 337 3742; x_wconf 84' lang='lat' dir='ltr'><strong>Kal</strong></span> <span class='ocrx_word' id='word_1_547' title='bbox 372 3688 543 3741; x_wconf 81' lang='grc' dir='ltr'>ἔσται</span> <span class='ocrx_word' id='word_1_548' title='bbox 582 3688 651 3741; x_wconf 77' lang='grc' dir='ltr'>ἐν</span> <span class='ocrx_word' id='word_1_549' title='bbox 678 3688 754 3757; x_wconf 74' lang='grc' dir='ltr'>τῇ</span> <span class='ocrx_word' id='word_1_550' title='bbox 804 3690 993 3758; x_wconf 74' lang='grc' dir='ltr'>ἡμέρᾳ</span> <span class='ocrx_word' id='word_1_551' title='bbox 1034 3690 1236 3760; x_wconf 83' lang='grc' dir='ltr'>ἐκείνῃ</span> <span class='ocrx_word' id='word_1_552' title='bbox 1287 3693 1577 3759; x_wconf 75' lang='grc' dir='ltr'>ἔκστασις</span> <span class='ocrx_word' id='word_1_553' title='bbox 1620 3698 1737 3748; x_wconf 87' lang='grc' dir='ltr'><strong>Κυ-</strong></span> 
     </span>
    </p>
   </div>
   <div class='ocr_carea' id='block_1_74' title="bbox 156 3780 1740 3852">
    <p class='ocr_par' dir='ltr' id='par_1_74' title="bbox 156 3780 1740 3852">
     <span class='ocr_line' id='line_1_74' title="bbox 156 3780 1740 3852; baseline 0.003 -20"><span class='ocrx_word' id='word_1_554' title='bbox 156 3783 287 3850; x_wconf 76' lang='grc' dir='ltr'>ρίου</span> <span class='ocrx_word' id='word_1_555' title='bbox 308 3781 539 3850; x_wconf 78' lang='grc' dir='ltr'>μεγάλη</span> <span class='ocrx_word' id='word_1_556' title='bbox 565 3780 657 3833; x_wconf 74' lang='grc' dir='ltr'>ἐπ’</span> <span class='ocrx_word' id='word_1_557' title='bbox 681 3784 923 3848; x_wconf 84' lang='grc' dir='ltr'>αὐτούς.</span> <span class='ocrx_word' id='word_1_558' title='bbox 953 3784 1059 3837; x_wconf 82' lang='grc' dir='ltr'><strong>Καὶ</strong></span> <span class='ocrx_word' id='word_1_559' title='bbox 1086 3784 1449 3852; x_wconf 67' lang='grc' dir='ltr'>ἐπιλήψεται</span> <span class='ocrx_word' id='word_1_560' title='bbox 1484 3785 1740 3849; x_wconf 82' lang='grc' dir='ltr'>ἕκαστος</span> 
     </span>
    </p>
   </div>
   <div class='ocr_carea' id='block_1_75' title="bbox 161 3872 1740 3943">
    <p class='ocr_par' dir='ltr' id='par_1_75' title="bbox 161 3872 1740 3943">
     <span class='ocr_line' id='line_1_75' title="bbox 161 3872 1740 3943; baseline 0.003 -18"><span class='ocrx_word' id='word_1_561' title='bbox 161 3872 268 3939; x_wconf 77' lang='grc' dir='ltr'>τῆς</span> <span class='ocrx_word' id='word_1_562' title='bbox 311 3872 512 3941; x_wconf 78' lang='grc' dir='ltr'>χειρὸς</span> <span class='ocrx_word' id='word_1_563' title='bbox 545 3872 652 3927; x_wconf 83' lang='grc' dir='ltr'>τοῦ</span> <span class='ocrx_word' id='word_1_564' title='bbox 686 3876 955 3940; x_wconf 75' lang='grc' dir='ltr'>πλησίον</span> <span class='ocrx_word' id='word_1_565' title='bbox 986 3875 1195 3940; x_wconf 85' lang='grc' dir='ltr'>αὑτοῦ,</span> <span class='ocrx_word' id='word_1_566' title='bbox 1238 3876 1333 3928; x_wconf 81' lang='grc' dir='ltr'>καὶ</span> <span class='ocrx_word' id='word_1_567' title='bbox 1376 3876 1740 3943; x_wconf 74' lang='grc' dir='ltr'>συμπλακῆ-</span> 
     </span>
    </p>
   </div>
   <div class='ocr_carea' id='block_1_76' title="bbox 160 3966 1743 4036">
    <p class='ocr_par' dir='ltr' id='par_1_76' title="bbox 160 3966 1743 4036">
     <span class='ocr_line' id='line_1_76' title="bbox 160 3966 1743 4036; baseline 0.004 -19"><span class='ocrx_word' id='word_1_568' title='bbox 160 3981 327 4019; x_wconf 79' lang='grc' dir='ltr'>σεται</span> <span class='ocrx_word' id='word_1_569' title='bbox 360 3967 399 4033; x_wconf 80' lang='grc' dir='ltr'>ἡ</span> <span class='ocrx_word' id='word_1_570' title='bbox 438 3966 567 4034; x_wconf 77' lang='grc' dir='ltr'>χεὶρ</span> <span class='ocrx_word' id='word_1_571' title='bbox 601 3967 787 4020; x_wconf 84' lang='grc' dir='ltr'>αὑτοῦ</span> <span class='ocrx_word' id='word_1_572' title='bbox 826 3967 977 4033; x_wconf 81' lang='grc' dir='ltr'>πρὸς</span> <span class='ocrx_word' id='word_1_573' title='bbox 1005 3967 1173 4036; x_wconf 83' lang='grc' dir='ltr'>χεῖρα</span> <span class='ocrx_word' id='word_1_574' title='bbox 1210 3968 1314 4021; x_wconf 86' lang='grc' dir='ltr'>τοῦ</span> <span class='ocrx_word' id='word_1_575' title='bbox 1346 3968 1614 4035; x_wconf 82' lang='grc' dir='ltr'>πλησίον</span> <span class='ocrx_word' id='word_1_576' title='bbox 1639 3971 1743 4023; x_wconf 83' lang='grc' dir='ltr'><strong>αὺ-</strong></span> 
     </span>
    </p>
   </div>
   <div class='ocr_carea' id='block_1_77' title="bbox 162 4057 1737 4130">
    <p class='ocr_par' dir='ltr' id='par_1_77' title="bbox 162 4057 1737 4130">
     <span class='ocr_line' id='line_1_77' title="bbox 162 4057 1737 4130; baseline 0.005 -21"><span class='ocrx_word' id='word_1_577' title='bbox 162 4058 287 4113; x_wconf 80' lang='grc' dir='ltr'>τοῦ.</span> <span class='ocrx_word' id='word_1_578' title='bbox 316 4058 425 4111; x_wconf 79' lang='grc' dir='ltr'><strong>Καὶ</strong></span> <span class='ocrx_word' id='word_1_579' title='bbox 454 4061 485 4111; x_wconf 87' lang='grc' dir='ltr'><strong>ό</strong></span> <span class='ocrx_word' id='word_1_580' title='bbox 522 4057 744 4123; x_wconf 82' lang='grc' dir='ltr'>Ἰούδας</span> <span class='ocrx_word' id='word_1_581' title='bbox 789 4059 1189 4127; x_wconf 80' lang='grc' dir='ltr'>παρατάξεται</span> <span class='ocrx_word' id='word_1_582' title='bbox 1227 4061 1297 4113; x_wconf 83' lang='grc' dir='ltr'>ἐν</span> <span class='ocrx_word' id='word_1_583' title='bbox 1329 4061 1737 4130; x_wconf 74' lang='grc' dir='ltr'>Ἰερουσαλὴμ,</span> 
     </span>
    </p>
   </div>
   <div class='ocr_carea' id='block_1_78' title="bbox 162 4149 1742 4219">
    <p class='ocr_par' dir='ltr' id='par_1_78' title="bbox 162 4149 1742 4219">
     <span class='ocr_line' id='line_1_78' title="bbox 162 4149 1742 4219; baseline 0.003 -18"><span class='ocrx_word' id='word_1_584' title='bbox 162 4149 257 4201; x_wconf 74' lang='grc' dir='ltr'>καὶ</span> <span class='ocrx_word' id='word_1_585' title='bbox 308 4149 563 4213; x_wconf 79' lang='grc' dir='ltr'>συνάξει</span> <span class='ocrx_word' id='word_1_586' title='bbox 603 4152 717 4217; x_wconf 75' lang='grc' dir='ltr'><strong>τὴν</strong></span> <span class='ocrx_word' id='word_1_587' title='bbox 762 4151 944 4219; x_wconf 81' lang='grc' dir='ltr'><strong>Ισχὺν</strong></span> <span class='ocrx_word' id='word_1_588' title='bbox 976 4150 1219 4205; x_wconf 72' lang='grc' dir='ltr'>πάντων</span> <span class='ocrx_word' id='word_1_589' title='bbox 1254 4151 1371 4205; x_wconf 84' lang='grc' dir='ltr'><strong>τῶν</strong></span> <span class='ocrx_word' id='word_1_590' title='bbox 1420 4152 1588 4206; x_wconf 75' lang='grc' dir='ltr'><strong>λαῶν</strong></span> <span class='ocrx_word' id='word_1_591' title='bbox 1640 4170 1742 4207; x_wconf 85' lang='grc' dir='ltr'>κυ-</span> 
     </span>
    </p>
   </div>
   <div class='ocr_carea' id='block_1_79' title="bbox 162 4240 1742 4313">
    <p class='ocr_par' dir='ltr' id='par_1_79' title="bbox 162 4240 1742 4313">
     <span class='ocr_line' id='line_1_79' title="bbox 162 4240 1742 4313; baseline 0.002 -20"><span class='ocrx_word' id='word_1_592' title='bbox 162 4244 383 4294; x_wconf 65' lang='grc' dir='ltr'>κλόθεν</span> <span class='ocrx_word' id='word_1_593' title='bbox 411 4242 688 4310; x_wconf 79' lang='grc' dir='ltr'>χρυσίον,</span> <span class='ocrx_word' id='word_1_594' title='bbox 724 4240 821 4294; x_wconf 74' lang='grc' dir='ltr'>καὶ</span> <span class='ocrx_word' id='word_1_595' title='bbox 849 4242 1151 4311; x_wconf 77' lang='grc' dir='ltr'>ἀργύριον,</span> <span class='ocrx_word' id='word_1_596' title='bbox 1181 4243 1277 4297; x_wconf 80' lang='grc' dir='ltr'>καὶ</span> <span class='ocrx_word' id='word_1_597' title='bbox 1308 4244 1627 4313; x_wconf 83' lang='grc' dir='ltr'>ἱματισμὸν</span> <span class='ocrx_word' id='word_1_598' title='bbox 1656 4246 1742 4309; x_wconf 81' lang='grc' dir='ltr'>εις</span> 
     </span>
    </p>
   </div>
   <div class='ocr_carea' id='block_1_80' title="bbox 162 4330 675 4402">
    <p class='ocr_par' dir='ltr' id='par_1_80' title="bbox 162 4330 675 4402">
     <span class='ocr_line' id='line_1_80' title="bbox 162 4330 675 4402; baseline 0.004 -18"><span class='ocrx_word' id='word_1_599' title='bbox 162 4330 393 4399; x_wconf 70' lang='grc' dir='ltr'>πλῆθος</span> <span class='ocrx_word' id='word_1_600' title='bbox 420 4332 675 4402; x_wconf 76' lang='grc' dir='ltr'>σφόδρα.</span> 
     </span>
    </p>
   </div>
   <div class='ocr_carea' id='block_1_81' title="bbox 1923 3678 3425 3751">
    <p class='ocr_par' dir='ltr' id='par_1_81' title="bbox 1923 3678 3425 3751">
     <span class='ocr_line' id='line_1_81' title="bbox 1923 3678 3425 3751; baseline -0.005 -10"><span class='ocrx_word' id='word_1_601' title='bbox 1923 3690 2084 3743; x_wconf 71' lang='lat' dir='ltr'><strong>Vens.</strong></span> <span class='ocrx_word' id='word_1_602' title='bbox 2123 3688 2220 3751; x_wconf 79' lang='grc'><strong>15,</strong></span> <span class='ocrx_word' id='word_1_603' title='bbox 2259 3687 2346 3741; x_wconf 54' lang='lat' dir='ltr'><strong>id.</strong></span> <span class='ocrx_word' id='word_1_604' title='bbox 2383 3685 2446 3738; x_wconf 86' lang='lat' dir='ltr'><strong>Et</strong></span> <span class='ocrx_word' id='word_1_605' title='bbox 2482 3687 2577 3738; x_wconf 79' lang='lat' dir='ltr'><strong>erit</strong></span> <span class='ocrx_word' id='word_1_606' title='bbox 2614 3684 2667 3736; x_wconf 83' lang='lat' dir='ltr'><strong>in</strong></span> <span class='ocrx_word' id='word_1_607' title='bbox 2704 3684 2789 3735; x_wconf 88' lang='lat' dir='ltr'><strong>die</strong></span> <span class='ocrx_word' id='word_1_608' title='bbox 2822 3682 2917 3733; x_wconf 87' lang='lat' dir='ltr'><strong>illa</strong></span> <span class='ocrx_word' id='word_1_609' title='bbox 2951 3680 3175 3732; x_wconf 76' lang='lat' dir='ltr'><strong>exstasis</strong></span> <span class='ocrx_word' id='word_1_610' title='bbox 3213 3678 3425 3733; x_wconf 75' lang='lat' dir='ltr'><strong>Domini</strong></span> 
     </span>
    </p>
   </div>
   <div class='ocr_carea' id='block_1_82' title="bbox 1847 3772 3426 3849">
    <p class='ocr_par' dir='ltr' id='par_1_82' title="bbox 1847 3772 3426 3849">
     <span class='ocr_line' id='line_1_82' title="bbox 1847 3772 3426 3849; baseline -0.007 -15"><span class='ocrx_word' id='word_1_611' title='bbox 1847 3798 2035 3849; x_wconf 85' lang='lat' dir='ltr'><strong>magna</strong></span> <span class='ocrx_word' id='word_1_612' title='bbox 2061 3796 2215 3847; x_wconf 84' lang='lat' dir='ltr'><strong>super</strong></span> <span class='ocrx_word' id='word_1_613' title='bbox 2235 3795 2341 3832; x_wconf 81' lang='lat' dir='ltr'><strong>eos.</strong></span> <span class='ocrx_word' id='word_1_614' title='bbox 2366 3777 2433 3830; x_wconf 82' lang='lat' dir='ltr'><strong>Et</strong></span> <span class='ocrx_word' id='word_1_615' title='bbox 2460 3774 2805 3845; x_wconf 73' lang='lat' dir='ltr'><strong>apprehendat</strong></span> <span class='ocrx_word' id='word_1_616' title='bbox 2834 3772 3189 3840; x_wconf 77' lang='lat' dir='ltr'><strong>unusquisque</strong></span> <span class='ocrx_word' id='word_1_617' title='bbox 3211 3787 3426 3823; x_wconf 81' lang='lat' dir='ltr'><strong>manum</strong></span> 
     </span>
    </p>
   </div>
   <div class='ocr_carea' id='block_1_83' title="bbox 1848 3863 3424 3943">
    <p class='ocr_par' dir='ltr' id='par_1_83' title="bbox 1848 3863 3424 3943">
     <span class='ocr_line' id='line_1_83' title="bbox 1848 3863 3424 3943; baseline -0.006 -18"><span class='ocrx_word' id='word_1_618' title='bbox 1848 3873 2072 3943; x_wconf 75' lang='lat' dir='ltr'><strong>proximi</strong></span> <span class='ocrx_word' id='word_1_619' title='bbox 2108 3872 2223 3936; x_wconf 87' lang='lat' dir='ltr'><strong>sui,</strong></span> <span class='ocrx_word' id='word_1_620' title='bbox 2261 3881 2306 3923; x_wconf 85' lang='lat' dir='ltr'><strong>et</strong></span> <span class='ocrx_word' id='word_1_621' title='bbox 2347 3866 2702 3937; x_wconf 81' lang='lat' dir='ltr'><strong>implicabitur</strong></span> <span class='ocrx_word' id='word_1_622' title='bbox 2734 3881 2923 3917; x_wconf 82' lang='lat' dir='ltr'><strong>manus</strong></span> <span class='ocrx_word' id='word_1_623' title='bbox 2960 3863 3071 3932; x_wconf 78' lang='lat' dir='ltr'><strong>ejus</strong></span> <span class='ocrx_word' id='word_1_624' title='bbox 3107 3864 3173 3915; x_wconf 84' lang='lat' dir='ltr'><strong>ad</strong></span> <span class='ocrx_word' id='word_1_625' title='bbox 3209 3879 3424 3916; x_wconf 85' lang='lat' dir='ltr'><strong>manum</strong></span> 
     </span>
    </p>
   </div>
   <div class='ocr_carea' id='block_1_84' title="bbox 1849 3955 3414 4033">
    <p class='ocr_par' dir='ltr' id='par_1_84' title="bbox 1849 3955 3414 4033">
     <span class='ocr_line' id='line_1_84' title="bbox 1849 3955 3414 4033; baseline -0.006 -17"><span class='ocrx_word' id='word_1_626' title='bbox 1849 3964 2077 4033; x_wconf 75' lang='lat' dir='ltr'><strong>proximi</strong></span> <span class='ocrx_word' id='word_1_627' title='bbox 2106 3963 2209 4016; x_wconf 82' lang='lat' dir='ltr'><strong>sui.</strong></span> <span class='ocrx_word' id='word_1_628' title='bbox 2238 3959 2306 4013; x_wconf 81' lang='lat' dir='ltr'><strong>Et</strong></span> <span class='ocrx_word' id='word_1_629' title='bbox 2330 3959 2499 4013; x_wconf 82' lang='lat' dir='ltr'><strong>Judas</strong></span> <span class='ocrx_word' id='word_1_630' title='bbox 2525 3956 2772 4026; x_wconf 84' lang='lat' dir='ltr'><strong>pugnabit</strong></span> <span class='ocrx_word' id='word_1_631' title='bbox 2802 3957 2856 4007; x_wconf 88' lang='lat' dir='ltr'><strong>in</strong></span> <span class='ocrx_word' id='word_1_632' title='bbox 2880 3955 3198 4018; x_wconf 78' lang='lat' dir='ltr'><strong>Jerusalem,</strong></span> <span class='ocrx_word' id='word_1_633' title='bbox 3223 3962 3272 4006; x_wconf 83' lang='lat' dir='ltr'><strong>et</strong></span> <span class='ocrx_word' id='word_1_634' title='bbox 3296 3970 3414 4006; x_wconf 86' lang='lat' dir='ltr'><strong>con-</strong></span> 
     </span>
    </p>
   </div>
   <div class='ocr_carea' id='block_1_85' title="bbox 1848 4048 3428 4128">
    <p class='ocr_par' dir='ltr' id='par_1_85' title="bbox 1848 4048 3428 4128">
     <span class='ocr_line' id='line_1_85' title="bbox 1848 4048 3428 4128; baseline -0.008 -18"><span class='ocrx_word' id='word_1_635' title='bbox 1848 4059 2078 4128; x_wconf 84' lang='lat' dir='ltr'><strong>gregabit</strong></span> <span class='ocrx_word' id='word_1_636' title='bbox 2110 4059 2267 4109; x_wconf 83' lang='lat' dir='ltr'><strong>robur</strong></span> <span class='ocrx_word' id='word_1_637' title='bbox 2291 4056 2522 4106; x_wconf 83' lang='lat' dir='ltr'><strong>omnium</strong></span> <span class='ocrx_word' id='word_1_638' title='bbox 2549 4051 2859 4119; x_wconf 80' lang='lat' dir='ltr'><strong>populorum</strong></span> <span class='ocrx_word' id='word_1_639' title='bbox 2886 4063 2978 4116; x_wconf 85' lang='lat' dir='ltr'><strong>per</strong></span> <span class='ocrx_word' id='word_1_640' title='bbox 3000 4048 3299 4109; x_wconf 86' lang='lat' dir='ltr'><strong>circuitum,</strong></span> <span class='ocrx_word' id='word_1_641' title='bbox 3325 4063 3428 4098; x_wconf 69' lang='lat' dir='ltr'><strong>au-</strong></span> 
     </span>
    </p>
   </div>
   <div class='ocr_carea' id='block_1_86' title="bbox 1851 4137 3348 4217">
    <p class='ocr_par' dir='ltr' id='par_1_86' title="bbox 1851 4137 3348 4217">
     <span class='ocr_line' id='line_1_86' title="bbox 1851 4137 3348 4217; baseline -0.008 -12"><span class='ocrx_word' id='word_1_642' title='bbox 1851 4167 1964 4205; x_wconf 85' lang='lat' dir='ltr'><strong>rum</strong></span> <span class='ocrx_word' id='word_1_643' title='bbox 1992 4161 2037 4203; x_wconf 82' lang='lat' dir='ltr'><strong>et</strong></span> <span class='ocrx_word' id='word_1_644' title='bbox 2069 4159 2365 4217; x_wconf 82' lang='lat' dir='ltr'><strong>argentum,</strong></span> <span class='ocrx_word' id='word_1_645' title='bbox 2393 4155 2440 4198; x_wconf 83' lang='lat' dir='ltr'><strong>et</strong></span> <span class='ocrx_word' id='word_1_646' title='bbox 2473 4152 2653 4197; x_wconf 77' lang='lat' dir='ltr'><strong>restem</strong></span> <span class='ocrx_word' id='word_1_647' title='bbox 2681 4141 2735 4194; x_wconf 85' lang='lat' dir='ltr'><strong>in</strong></span> <span class='ocrx_word' id='word_1_648' title='bbox 2764 4138 3151 4193; x_wconf 77' lang='lat' dir='ltr'><strong>multitudinem</strong></span> <span class='ocrx_word' id='word_1_649' title='bbox 3182 4137 3348 4193; x_wconf 78' lang='lat' dir='ltr'><strong>valde.</strong></span> 
     </span>
    </p>
   </div>
   <div class='ocr_carea' id='block_1_87' title="bbox 230 4420 1762 4497">
    <p class='ocr_par' dir='ltr' id='par_1_87' title="bbox 230 4422 1741 4497">
     <span class='ocr_line' id='line_1_87' title="bbox 230 4422 1741 4497; baseline 0.001 -22"><span class='ocrx_word' id='word_1_650' title='bbox 230 4422 353 4476; x_wconf 76' lang='lat' dir='ltr'><strong>PB&#39;.</strong></span> <span class='ocrx_word' id='word_1_651' title='bbox 397 4424 693 4478; x_wconf 82' lang='grc' dir='ltr'>Ἐκστασιν</span> <span class='ocrx_word' id='word_1_652' title='bbox 733 4425 791 4475; x_wconf 85' lang='grc' dir='ltr'>ὲν</span> <span class='ocrx_word' id='word_1_653' title='bbox 826 4424 1033 4489; x_wconf 83' lang='grc' dir='ltr'>τούτοις</span> <span class='ocrx_word' id='word_1_654' title='bbox 1069 4424 1157 4477; x_wconf 85' lang='grc' dir='ltr'><strong>τὸν</strong></span> <span class='ocrx_word' id='word_1_655' title='bbox 1199 4424 1382 4494; x_wconf 82' lang='grc' dir='ltr'>φόόον,</span> <span class='ocrx_word' id='word_1_656' title='bbox 1428 4427 1594 4497; x_wconf 73' lang='grc' dir='ltr'>ἡγουν</span> <span class='ocrx_word' id='word_1_657' title='bbox 1642 4426 1741 4496; x_wconf 83' lang='grc' dir='ltr'>τὴν</span> 
     </span>
    </p>
   </div>
   <div class='ocr_carea' id='block_1_88' title="bbox 1853 4420 3426 4497">
    <p class='ocr_par' dir='ltr' id='par_1_88' title="bbox 1918 4420 3426 4487">
     <span class='ocr_line' id='line_1_88' title="bbox 1918 4420 3426 4487; baseline -0.009 -3"><span class='ocrx_word' id='word_1_658' title='bbox 1918 4428 2052 4484; x_wconf 78' lang='lat' dir='ltr'><strong>CIX.</strong></span> <span class='ocrx_word' id='word_1_659' title='bbox 2094 4427 2362 4483; x_wconf 82' lang='lat' dir='ltr'><strong>Exstasim</strong></span> <span class='ocrx_word' id='word_1_660' title='bbox 2398 4425 2499 4479; x_wconf 91' lang='lat' dir='ltr'><strong>hoc</strong></span> <span class='ocrx_word' id='word_1_661' title='bbox 2534 4424 2650 4477; x_wconf 90' lang='lat' dir='ltr'><strong>loco</strong></span> <span class='ocrx_word' id='word_1_662' title='bbox 2685 4421 2963 4485; x_wconf 87' lang='lat' dir='ltr'><strong>timorem,</strong></span> <span class='ocrx_word' id='word_1_663' title='bbox 3002 4420 3115 4473; x_wconf 86' lang='lat' dir='ltr'><strong>sive</strong></span> <span class='ocrx_word' id='word_1_664' title='bbox 3150 4427 3426 4487; x_wconf 80' lang='lat' dir='ltr'><strong>stuporem</strong></span> 
     </span>
    </p>
   </div>
   <div class='ocr_carea' id='block_1_89' title="bbox 161 4512 1739 4588">
    <p class='ocr_par' dir='ltr' id='par_1_89' title="bbox 161 4512 1739 4588">
     <span class='ocr_line' id='line_1_89' title="bbox 161 4512 1739 4588; baseline 0.003 -23"><span class='ocrx_word' id='word_1_665' title='bbox 161 4512 501 4583; x_wconf 79' lang='grc' dir='ltr'>κατάπληξιν</span> <span class='ocrx_word' id='word_1_666' title='bbox 550 4512 807 4584; x_wconf 79' lang='grc' dir='ltr'>ὀνομάζει</span> <span class='ocrx_word' id='word_1_667' title='bbox 866 4515 1047 4568; x_wconf 87' lang='grc' dir='ltr'>πάλιν.</span> <span class='ocrx_word' id='word_1_668' title='bbox 1104 4517 1241 4568; x_wconf 76' lang='grc' dir='ltr'>Κατ’</span> <span class='ocrx_word' id='word_1_669' title='bbox 1295 4517 1473 4569; x_wconf 83' lang='grc' dir='ltr'>ἐκεῖνο</span> <span class='ocrx_word' id='word_1_670' title='bbox 1514 4515 1578 4588; x_wconf 82' lang='grc' dir='ltr'>δὴ</span> <span class='ocrx_word' id='word_1_671' title='bbox 1624 4512 1739 4580; x_wconf 83' lang='grc' dir='ltr'>οὖν,</span> 
     </span>
    </p>
   </div>
   <div class='ocr_carea' id='block_1_90' title="bbox 161 4605 1741 4679">
    <p class='ocr_par' dir='ltr' id='par_1_90' title="bbox 161 4605 1741 4679">
     <span class='ocr_line' id='line_1_90' title="bbox 161 4605 1741 4679; baseline 0.003 -22"><span class='ocrx_word' id='word_1_672' title='bbox 161 4606 315 4675; x_wconf 62' lang='grc' dir='ltr'>φησι,</span> <span class='ocrx_word' id='word_1_673' title='bbox 346 4605 439 4659; x_wconf 82' lang='grc' dir='ltr'><strong>τοῦ</strong></span> <span class='ocrx_word' id='word_1_674' title='bbox 475 4606 693 4676; x_wconf 77' lang='grc' dir='ltr'>καιροῦ,</span> <span class='ocrx_word' id='word_1_675' title='bbox 727 4607 847 4660; x_wconf 80' lang='grc' dir='ltr'>καθ’</span> <span class='ocrx_word' id='word_1_676' title='bbox 877 4607 935 4660; x_wconf 86' lang='grc' dir='ltr'>ὃν</span> <span class='ocrx_word' id='word_1_677' title='bbox 970 4607 1034 4661; x_wconf 82' lang='grc' dir='ltr'>ἂν</span> <span class='ocrx_word' id='word_1_678' title='bbox 1064 4606 1326 4678; x_wconf 81' lang='grc' dir='ltr'>ἀλλήλους</span> <span class='ocrx_word' id='word_1_679' title='bbox 1356 4608 1666 4679; x_wconf 83' lang='grc' dir='ltr'>ἀθροίσειαν</span> <span class='ocrx_word' id='word_1_680' title='bbox 1693 4610 1741 4661; x_wconf 77' lang='lat' dir='ltr'><strong>oi</strong></span> 
     </span>
    </p>
   </div>
   <div class='ocr_carea' id='block_1_91' title="bbox 161 4695 1744 4767">
    <p class='ocr_par' dir='ltr' id='par_1_91' title="bbox 161 4695 1744 4767">
     <span class='ocr_line' id='line_1_91' title="bbox 161 4695 1744 4767; baseline 0.004 -22"><span class='ocrx_word' id='word_1_681' title='bbox 161 4696 258 4763; x_wconf 74' lang='grc' dir='ltr'>τῆς</span> <span class='ocrx_word' id='word_1_682' title='bbox 293 4695 615 4765; x_wconf 84' lang='grc' dir='ltr'>Ἐκκλησίας</span> <span class='ocrx_word' id='word_1_683' title='bbox 641 4697 844 4767; x_wconf 74' lang='grc' dir='ltr'>ἐχθροὶ,</span> <span class='ocrx_word' id='word_1_684' title='bbox 885 4700 1009 4761; x_wconf 76' lang='grc' dir='ltr'>ταῖς</span> <span class='ocrx_word' id='word_1_685' title='bbox 1034 4697 1175 4751; x_wconf 79' lang='grc' dir='ltr'>οὕτω</span> <span class='ocrx_word' id='word_1_686' title='bbox 1196 4699 1391 4761; x_wconf 85' lang='grc' dir='ltr'>δειναῖς</span> <span class='ocrx_word' id='word_1_687' title='bbox 1415 4700 1744 4752; x_wconf 85' lang='grc' dir='ltr'>ὑποπίπτον-</span> 
     </span>
    </p>
   </div>
   <div class='ocr_carea' id='block_1_92' title="bbox 162 4788 1738 4862">
    <p class='ocr_par' dir='ltr' id='par_1_92' title="bbox 162 4788 1738 4862">
     <span class='ocr_line' id='line_1_92' title="bbox 162 4788 1738 4862; baseline 0.003 -24"><span class='ocrx_word' id='word_1_688' title='bbox 162 4804 259 4851; x_wconf 87' lang='grc' dir='ltr'><strong>τας</strong></span> <span class='ocrx_word' id='word_1_689' title='bbox 307 4788 518 4853; x_wconf 85' lang='grc' dir='ltr'>δίκαις,</span> <span class='ocrx_word' id='word_1_690' title='bbox 580 4791 1095 4861; x_wconf 81' lang='grc' dir='ltr'>καταπλαγήσονται</span> <span class='ocrx_word' id='word_1_691' title='bbox 1155 4792 1251 4862; x_wconf 78' lang='grc' dir='ltr'>μὲν</span> <span class='ocrx_word' id='word_1_692' title='bbox 1300 4793 1413 4853; x_wconf 84' lang='grc' dir='ltr'>τοῖς</span> <span class='ocrx_word' id='word_1_693' title='bbox 1465 4790 1738 4859; x_wconf 88' lang='grc' dir='ltr'>δείμασιν,</span> 
     </span>
    </p>
   </div>
   <div class='ocr_carea' id='block_1_93' title="bbox 162 4882 1741 4955">
    <p class='ocr_par' dir='ltr' id='par_1_93' title="bbox 162 4882 1741 4955">
     <span class='ocr_line' id='line_1_93' title="bbox 162 4882 1741 4955; baseline 0.002 -22"><span class='ocrx_word' id='word_1_694' title='bbox 162 4882 389 4948; x_wconf 64' lang='grc' dir='ltr'>ἀφέντες</span> <span class='ocrx_word' id='word_1_695' title='bbox 425 4884 481 4935; x_wconf 78' lang='grc' dir='ltr'><strong>δὲ</strong></span> <span class='ocrx_word' id='word_1_696' title='bbox 526 4882 669 4937; x_wconf 77' lang='grc' dir='ltr'>οὕτω</span> <span class='ocrx_word' id='word_1_697' title='bbox 707 4884 891 4937; x_wconf 79' lang='grc' dir='ltr'>λοιπὸν</span> <span class='ocrx_word' id='word_1_698' title='bbox 941 4885 1001 4938; x_wconf 85' lang='grc' dir='ltr'>τὸ</span> <span class='ocrx_word' id='word_1_699' title='bbox 1032 4884 1247 4938; x_wconf 84' lang='grc' dir='ltr'>διώκειν</span> <span class='ocrx_word' id='word_1_700' title='bbox 1284 4884 1596 4953; x_wconf 76' lang='grc' dir='ltr'>ἁποτολμᾷν</span> <span class='ocrx_word' id='word_1_701' title='bbox 1641 4885 1741 4955; x_wconf 84' lang='grc' dir='ltr'><strong>τὴν</strong></span> 
     </span>
    </p>
   </div>
   <div class='ocr_carea' id='block_1_94' title="bbox 165 4974 1740 5047">
    <p class='ocr_par' dir='ltr' id='par_1_94' title="bbox 165 4974 1740 5047">
     <span class='ocr_line' id='line_1_94' title="bbox 165 4974 1740 5047; baseline 0.002 -21"><span class='ocrx_word' id='word_1_702' title='bbox 165 4974 325 5041; x_wconf 80' lang='grc' dir='ltr'>ἁγίαν</span> <span class='ocrx_word' id='word_1_703' title='bbox 357 4975 531 5040; x_wconf 81' lang='grc' dir='ltr'>πόλιν,</span> <span class='ocrx_word' id='word_1_704' title='bbox 562 4979 869 5047; x_wconf 81' lang='grc' dir='ltr'>οἰχήσονται</span> <span class='ocrx_word' id='word_1_705' title='bbox 910 4979 1006 5047; x_wconf 81' lang='grc' dir='ltr'><strong>μὲν</strong></span> <span class='ocrx_word' id='word_1_706' title='bbox 1049 4978 1302 5046; x_wconf 79' lang='grc' dir='ltr'>φυγάδες,</span> <span class='ocrx_word' id='word_1_707' title='bbox 1338 4978 1433 5029; x_wconf 68' lang='grc' dir='ltr'><strong>καὶ</strong></span> <span class='ocrx_word' id='word_1_708' title='bbox 1475 4977 1573 5039; x_wconf 86' lang='grc' dir='ltr'>τὰς</span> <span class='ocrx_word' id='word_1_709' title='bbox 1612 4977 1740 5047; x_wconf 82' lang='grc' dir='ltr'>παρ’</span> 
     </span>
    </p>
   </div>
   <div class='ocr_carea' id='block_1_95' title="bbox 165 5066 1741 5140">
    <p class='ocr_par' dir='ltr' id='par_1_95' title="bbox 165 5066 1741 5140">
     <span class='ocr_line' id='line_1_95' title="bbox 165 5066 1741 5140; baseline 0.003 -24"><span class='ocrx_word' id='word_1_710' title='bbox 165 5066 406 5137; x_wconf 79' lang='grc' dir='ltr'>ἀλλήλων</span> <span class='ocrx_word' id='word_1_711' title='bbox 433 5067 821 5140; x_wconf 79' lang='grc' dir='ltr'>ἐπιζητοῦντες</span> <span class='ocrx_word' id='word_1_712' title='bbox 861 5070 1133 5140; x_wconf 80' lang='grc' dir='ltr'>ἀνονήτως</span> <span class='ocrx_word' id='word_1_713' title='bbox 1168 5068 1506 5138; x_wconf 86' lang='grc' dir='ltr'>ἐπικουρίας,</span> <span class='ocrx_word' id='word_1_714' title='bbox 1536 5068 1741 5138; x_wconf 83' lang='grc' dir='ltr'>οίκτροί</span> 
     </span>
    </p>
   </div>
   <div class='ocr_carea' id='block_1_96' title="bbox 164 5159 1739 5232">
    <p class='ocr_par' dir='ltr' id='par_1_96' title="bbox 164 5159 1739 5232">
     <span class='ocr_line' id='line_1_96' title="bbox 164 5159 1739 5232; baseline 0.001 -23"><span class='ocrx_word' id='word_1_715' title='bbox 164 5176 221 5210; x_wconf 87' lang='grc' dir='ltr'><strong>τε</strong></span> <span class='ocrx_word' id='word_1_716' title='bbox 256 5160 485 5226; x_wconf 72' lang='grc' dir='ltr'>ἔσονται,</span> <span class='ocrx_word' id='word_1_717' title='bbox 516 5163 610 5215; x_wconf 73' lang='grc' dir='ltr'><strong>καὶ</strong></span> <span class='ocrx_word' id='word_1_718' title='bbox 638 5162 1084 5232; x_wconf 76' lang='grc' dir='ltr'>κατερῤιμμένοι,</span> <span class='ocrx_word' id='word_1_719' title='bbox 1111 5160 1203 5212; x_wconf 72' lang='grc' dir='ltr'><strong>καὶ</strong></span> <span class='ocrx_word' id='word_1_720' title='bbox 1228 5161 1332 5213; x_wconf 82' lang='grc' dir='ltr'>ὑπὸ</span> <span class='ocrx_word' id='word_1_721' title='bbox 1356 5159 1525 5222; x_wconf 70' lang='grc' dir='ltr'>’πόδας</span> <span class='ocrx_word' id='word_1_722' title='bbox 1552 5160 1739 5224; x_wconf 88' lang='grc' dir='ltr'>άγίων.</span> 
     </span>
    </p>
   </div>
   <div class='ocr_carea' id='block_1_97' title="bbox 177 5250 1745 5322">
    <p class='ocr_par' dir='ltr' id='par_1_97' title="bbox 177 5250 1745 5322">
     <span class='ocr_line' id='line_1_97' title="bbox 177 5250 1745 5322; baseline -0.001 -19"><span class='ocrx_word' id='word_1_723' title='bbox 177 5252 234 5303; x_wconf 83' lang='grc' dir='ltr'>Ὀ</span> <span class='ocrx_word' id='word_1_724' title='bbox 282 5251 338 5303; x_wconf 78' lang='grc' dir='ltr'><strong>δέ</strong></span> <span class='ocrx_word' id='word_1_725' title='bbox 373 5270 433 5319; x_wconf 90' lang='grc' dir='ltr'><strong>γε</strong></span> <span class='ocrx_word' id='word_1_726' title='bbox 468 5253 704 5315; x_wconf 74' lang='grc' dir='ltr'>Ἰούδας,</span> <span class='ocrx_word' id='word_1_727' title='bbox 740 5253 902 5322; x_wconf 61' lang='grc' dir='ltr'>φησι,</span> <span class='ocrx_word' id='word_1_728' title='bbox 950 5254 1243 5314; x_wconf 77' lang='grc' dir='ltr'>τουτέστιν,</span> <span class='ocrx_word' id='word_1_729' title='bbox 1289 5252 1337 5302; x_wconf 77' lang='grc' dir='ltr'>οἱ</span> <span class='ocrx_word' id='word_1_730' title='bbox 1380 5250 1466 5303; x_wconf 76' lang='grc' dir='ltr'><strong>διὰ</strong></span> <span class='ocrx_word' id='word_1_731' title='bbox 1514 5250 1745 5314; x_wconf 87' lang='grc' dir='ltr'>πίστεως</span> 
     </span>
    </p>
   </div>
   <div class='ocr_carea' id='block_1_98' title="bbox 166 5342 1747 5417">
    <p class='ocr_par' dir='ltr' id='par_1_98' title="bbox 166 5342 1747 5417">
     <span class='ocr_line' id='line_1_98' title="bbox 166 5342 1747 5417; baseline -0.001 -21"><span class='ocrx_word' id='word_1_732' title='bbox 166 5345 265 5413; x_wconf 71' lang='grc' dir='ltr'>τῆς</span> <span class='ocrx_word' id='word_1_733' title='bbox 292 5348 367 5408; x_wconf 85' lang='grc' dir='ltr'>εἰς</span> <span class='ocrx_word' id='word_1_734' title='bbox 396 5347 631 5417; x_wconf 75' lang='grc' dir='ltr'>Χριστὸν</span> <span class='ocrx_word' id='word_1_735' title='bbox 664 5345 1091 5414; x_wconf 76' lang='grc' dir='ltr'>δεδικαιωμένοι,</span> <span class='ocrx_word' id='word_1_736' title='bbox 1122 5345 1216 5396; x_wconf 72' lang='grc' dir='ltr'><strong>καὶ</strong></span> <span class='ocrx_word' id='word_1_737' title='bbox 1248 5343 1337 5395; x_wconf 70' lang='grc' dir='ltr'><strong>τὸν</strong></span> <span class='ocrx_word' id='word_1_738' title='bbox 1372 5342 1558 5411; x_wconf 79' lang='grc' dir='ltr'>νοητὸν</span> <span class='ocrx_word' id='word_1_739' title='bbox 1591 5359 1747 5410; x_wconf 65' lang='grc' dir='ltr'>περιρ</span> 
     </span>
    </p>
   </div>
   <div class='ocr_carea' id='block_1_99' title="bbox 169 5434 1746 5506">
    <p class='ocr_par' dir='ltr' id='par_1_99' title="bbox 169 5434 1746 5506">
     <span class='ocr_line' id='line_1_99' title="bbox 169 5434 1746 5506; baseline -0.001 -19"><span class='ocrx_word' id='word_1_740' title='bbox 169 5439 419 5506; x_wconf 71' lang='grc' dir='ltr'>φέροντες</span> <span class='ocrx_word' id='word_1_741' title='bbox 461 5438 753 5499; x_wconf 80' lang='grc' dir='ltr'>Ἰουδαῖον,</span> <span class='ocrx_word' id='word_1_742' title='bbox 798 5439 892 5489; x_wconf 69' lang='grc' dir='ltr'><strong>καὶ</strong></span> <span class='ocrx_word' id='word_1_743' title='bbox 945 5436 1042 5504; x_wconf 77' lang='grc' dir='ltr'><strong>τὴν</strong></span> <span class='ocrx_word' id='word_1_744' title='bbox 1086 5437 1143 5486; x_wconf 85' lang='grc' dir='ltr'><strong>ἐν</strong></span> <span class='ocrx_word' id='word_1_745' title='bbox 1177 5436 1452 5504; x_wconf 67' lang='grc' dir='ltr'>Πνεύματι</span> <span class='ocrx_word' id='word_1_746' title='bbox 1489 5434 1567 5504; x_wconf 77' lang='grc' dir='ltr'><strong>τῷ</strong></span> <span class='ocrx_word' id='word_1_747' title='bbox 1608 5434 1746 5504; x_wconf 85' lang='grc' dir='ltr'>ἀγίῳ</span> 
     </span>
    </p>
   </div>
   <div class='ocr_carea' id='block_1_100' title="bbox 171 5526 1748 5599">
    <p class='ocr_par' dir='ltr' id='par_1_100' title="bbox 171 5526 1748 5599">
     <span class='ocr_line' id='line_1_100' title="bbox 171 5526 1748 5599; baseline -0.003 -20"><span class='ocrx_word' id='word_1_748' title='bbox 171 5527 461 5599; x_wconf 78' lang='grc' dir='ltr'>περιτομὴν</span> <span class='ocrx_word' id='word_1_749' title='bbox 508 5528 947 5596; x_wconf 77' lang='grc' dir='ltr'>πλουτήσαντες,</span> <span class='ocrx_word' id='word_1_750' title='bbox 1001 5526 1405 5595; x_wconf 80' lang='grc' dir='ltr'>παρατάξονται</span> <span class='ocrx_word' id='word_1_751' title='bbox 1452 5528 1507 5578; x_wconf 87' lang='grc' dir='ltr'><strong>ἐν</strong></span> <span class='ocrx_word' id='word_1_752' title='bbox 1550 5526 1748 5593; x_wconf 76' lang='grc' dir='ltr'>Ἰερου-</span> 
     </span>
    </p>
   </div>
   <div class='ocr_carea' id='block_1_101' title="bbox 240 5702 1194 5771">
    <p class='ocr_par' dir='ltr' id='par_1_101' title="bbox 240 5702 1194 5771">
     <span class='ocr_line' id='line_1_101' title="bbox 240 5702 1194 5771; baseline -0.007 -12"><span class='ocrx_word' id='word_1_753' title='bbox 240 5703 282 5735; x_wconf 58' lang='grc' dir='ltr'><strong>ε²</strong></span> <span class='ocrx_word' id='word_1_754' title='bbox 315 5704 469 5760; x_wconf 76' lang='lat' dir='ltr'><strong>Num.</strong></span> <span class='ocrx_word' id='word_1_755' title='bbox 500 5723 553 5771; x_wconf 86' lang='lat' dir='ltr'><strong>v,</strong></span> <span class='ocrx_word' id='word_1_756' title='bbox 581 5706 674 5757; x_wconf 73' lang='lat'><strong>2|.</strong></span> <span class='ocrx_word' id='word_1_757' title='bbox 754 5706 797 5733; x_wconf 61' lang='grc' dir='ltr'><strong>θ’</strong></span> <span class='ocrx_word' id='word_1_758' title='bbox 825 5702 977 5755; x_wconf 72' lang='lat' dir='ltr'><strong>lium.</strong></span> <span class='ocrx_word' id='word_1_759' title='bbox 1019 5718 1073 5763; x_wconf 91' lang='lat' dir='ltr'><strong>ll,</strong></span> <span class='ocrx_word' id='word_1_760' title='bbox 1111 5702 1194 5753; x_wconf 60' lang='grc' dir='ltr'><strong>ἐξ).</strong></span> 
     </span>
    </p>
   </div>
   <div class='ocr_carea' id='block_1_102' title="bbox 1852 4510 3425 4589">
    <p class='ocr_par' dir='ltr' id='par_1_102' title="bbox 1852 4510 3425 4589">
     <span class='ocr_line' id='line_1_102' title="bbox 1852 4510 3425 4589; baseline -0.011 -12"><span class='ocrx_word' id='word_1_761' title='bbox 1852 4537 2069 4577; x_wconf 86' lang='lat' dir='ltr'><strong>rursum</strong></span> <span class='ocrx_word' id='word_1_762' title='bbox 2103 4520 2355 4589; x_wconf 85' lang='lat' dir='ltr'><strong>appellat.</strong></span> <span class='ocrx_word' id='word_1_763' title='bbox 2384 4516 2480 4571; x_wconf 86' lang='lat' dir='ltr'><strong>Illo</strong></span> <span class='ocrx_word' id='word_1_764' title='bbox 2510 4524 2753 4583; x_wconf 87' lang='lat' dir='ltr'><strong>tempore</strong></span> <span class='ocrx_word' id='word_1_765' title='bbox 2784 4514 2965 4581; x_wconf 86' lang='lat' dir='ltr'><strong>igitur,</strong></span> <span class='ocrx_word' id='word_1_766' title='bbox 3002 4510 3198 4579; x_wconf 87' lang='lat' dir='ltr'><strong>inquit,</strong></span> <span class='ocrx_word' id='word_1_767' title='bbox 3229 4525 3336 4578; x_wconf 89' lang='lat' dir='ltr'><strong>quo</strong></span> <span class='ocrx_word' id='word_1_768' title='bbox 3369 4525 3425 4560; x_wconf 80' lang='lat' dir='ltr'><strong>se</strong></span> 
     </span>
    </p>
   </div>
   <div class='ocr_carea' id='block_1_103' title="bbox 1852 4603 3425 4681">
    <p class='ocr_par' dir='ltr' id='par_1_103' title="bbox 1852 4603 3425 4681">
     <span class='ocr_line' id='line_1_103' title="bbox 1852 4603 3425 4681; baseline -0.01 -13"><span class='ocrx_word' id='word_1_769' title='bbox 1852 4623 2040 4668; x_wconf 85' lang='lat' dir='ltr'><strong>mutuo</strong></span> <span class='ocrx_word' id='word_1_770' title='bbox 2079 4611 2448 4681; x_wconf 82' lang='lat' dir='ltr'><strong>aggregabunt</strong></span> <span class='ocrx_word' id='word_1_771' title='bbox 2489 4606 2742 4662; x_wconf 68' lang='lat' dir='ltr'><strong>Ecclesia:</strong></span> <span class='ocrx_word' id='word_1_772' title='bbox 2790 4605 2973 4659; x_wconf 89' lang='lat' dir='ltr'><strong>hostes</strong></span> <span class='ocrx_word' id='word_1_773' title='bbox 3021 4612 3127 4655; x_wconf 86' lang='lat' dir='ltr'><strong>tam</strong></span> <span class='ocrx_word' id='word_1_774' title='bbox 3170 4603 3425 4671; x_wconf 71' lang='lat' dir='ltr'><strong>gravibus</strong></span> 
     </span>
    </p>
   </div>
   <div class='ocr_carea' id='block_1_104' title="bbox 1850 4692 3421 4772">
    <p class='ocr_par' dir='ltr' id='par_1_104' title="bbox 1850 4692 3421 4772">
     <span class='ocr_line' id='line_1_104' title="bbox 1850 4692 3421 4772; baseline -0.01 -18"><span class='ocrx_word' id='word_1_775' title='bbox 1850 4702 2027 4772; x_wconf 77' lang='lat' dir='ltr'><strong>ptenis</strong></span> <span class='ocrx_word' id='word_1_776' title='bbox 2054 4699 2313 4763; x_wconf 88' lang='lat' dir='ltr'><strong>irretitos,</strong></span> <span class='ocrx_word' id='word_1_777' title='bbox 2341 4698 2724 4764; x_wconf 86' lang='lat' dir='ltr'><strong>obstupescent</strong></span> <span class='ocrx_word' id='word_1_778' title='bbox 2752 4693 2825 4747; x_wconf 85' lang='lat' dir='ltr'><strong>illi</strong></span> <span class='ocrx_word' id='word_1_779' title='bbox 2852 4694 3070 4763; x_wconf 88' lang='lat' dir='ltr'><strong>quidem</strong></span> <span class='ocrx_word' id='word_1_780' title='bbox 3100 4692 3421 4754; x_wconf 60' lang='lat' dir='ltr'><strong>terroribus,</strong></span> 
     </span>
    </p>
   </div>
   <div class='ocr_carea' id='block_1_105' title="bbox 1854 4785 3424 4855">
    <p class='ocr_par' dir='ltr' id='par_1_105' title="bbox 1854 4785 3424 4855">
     <span class='ocr_line' id='line_1_105' title="bbox 1854 4785 3424 4855; baseline -0.01 -7"><span class='ocrx_word' id='word_1_781' title='bbox 1854 4794 2039 4848; x_wconf 88' lang='lat' dir='ltr'><strong>relicta</strong></span> <span class='ocrx_word' id='word_1_782' title='bbox 2079 4801 2256 4845; x_wconf 85' lang='lat' dir='ltr'><strong>autem</strong></span> <span class='ocrx_word' id='word_1_783' title='bbox 2295 4791 2359 4844; x_wconf 91' lang='lat' dir='ltr'><strong>de</strong></span> <span class='ocrx_word' id='word_1_784' title='bbox 2396 4797 2593 4843; x_wconf 74' lang='lat' dir='ltr'><strong>caetero</strong></span> <span class='ocrx_word' id='word_1_785' title='bbox 2628 4787 2852 4841; x_wconf 84' lang='lat' dir='ltr'><strong>audacia</strong></span> <span class='ocrx_word' id='word_1_786' title='bbox 2893 4785 3249 4855; x_wconf 88' lang='lat' dir='ltr'><strong>persequendi</strong></span> <span class='ocrx_word' id='word_1_787' title='bbox 3294 4798 3424 4836; x_wconf 80' lang='lat' dir='ltr'><strong>san-</strong></span> 
     </span>
    </p>
   </div>
   <div class='ocr_carea' id='block_1_106' title="bbox 1851 4875 3425 4946">
    <p class='ocr_par' dir='ltr' id='par_1_106' title="bbox 1851 4875 3425 4946">
     <span class='ocr_line' id='line_1_106' title="bbox 1851 4875 3425 4946; baseline -0.009 -7"><span class='ocrx_word' id='word_1_788' title='bbox 1851 4896 1995 4939; x_wconf 89' lang='lat' dir='ltr'><strong>ctam</strong></span> <span class='ocrx_word' id='word_1_789' title='bbox 2035 4884 2328 4946; x_wconf 83' lang='lat' dir='ltr'><strong>civitatem,</strong></span> <span class='ocrx_word' id='word_1_790' title='bbox 2372 4882 2626 4935; x_wconf 87' lang='lat' dir='ltr'><strong>recedent</strong></span> <span class='ocrx_word' id='word_1_791' title='bbox 2665 4878 2901 4942; x_wconf 84' lang='lat' dir='ltr'><strong>exsules,</strong></span> <span class='ocrx_word' id='word_1_792' title='bbox 2943 4885 2998 4930; x_wconf 87' lang='lat' dir='ltr'><strong>et</strong></span> <span class='ocrx_word' id='word_1_793' title='bbox 3041 4878 3239 4929; x_wconf 75' lang='lat' dir='ltr'><strong>frustra</strong></span> <span class='ocrx_word' id='word_1_794' title='bbox 3286 4875 3425 4927; x_wconf 63' lang='lat' dir='ltr'><strong>inter</strong></span> 
     </span>
    </p>
   </div>
   <div class='ocr_carea' id='block_1_107' title="bbox 1851 4965 3423 5041">
    <p class='ocr_par' dir='ltr' id='par_1_107' title="bbox 1851 4965 3423 5041">
     <span class='ocr_line' id='line_1_107' title="bbox 1851 4965 3423 5041; baseline -0.01 -11"><span class='ocrx_word' id='word_1_795' title='bbox 1851 4990 1909 5031; x_wconf 89' lang='lat' dir='ltr'><strong>se</strong></span> <span class='ocrx_word' id='word_1_796' title='bbox 1940 4974 2138 5029; x_wconf 79' lang='lat' dir='ltr'><strong>auxilia</strong></span> <span class='ocrx_word' id='word_1_797' title='bbox 2167 4970 2883 5041; x_wconf 62' lang='lat' dir='ltr'><strong>poscent,&#39;miserabilesque</strong></span> <span class='ocrx_word' id='word_1_798' title='bbox 2909 4976 3088 5029; x_wconf 88' lang='lat' dir='ltr'><strong>erunt,</strong></span> <span class='ocrx_word' id='word_1_799' title='bbox 3123 4975 3175 5018; x_wconf 89' lang='lat' dir='ltr'><strong>et</strong></span> <span class='ocrx_word' id='word_1_800' title='bbox 3206 4965 3423 5033; x_wconf 75' lang='lat' dir='ltr'><strong>ahjeCti,</strong></span> 
     </span>
    </p>
   </div>
   <div class='ocr_carea' id='block_1_108' title="bbox 1851 5057 3422 5134">
    <p class='ocr_par' dir='ltr' id='par_1_108' title="bbox 1851 5057 3422 5134">
     <span class='ocr_line' id='line_1_108' title="bbox 1851 5057 3422 5134; baseline -0.011 -12"><span class='ocrx_word' id='word_1_801' title='bbox 1851 5078 1906 5122; x_wconf 83' lang='lat' dir='ltr'><strong>et</strong></span> <span class='ocrx_word' id='word_1_802' title='bbox 1933 5076 2247 5122; x_wconf 87' lang='lat' dir='ltr'><strong>sanctorum</strong></span> <span class='ocrx_word' id='word_1_803' title='bbox 2277 5064 2504 5134; x_wconf 85' lang='lat' dir='ltr'><strong>pedibus</strong></span> <span class='ocrx_word' id='word_1_804' title='bbox 2532 5063 2781 5132; x_wconf 82' lang='lat' dir='ltr'><strong>suhjerti.</strong></span> <span class='ocrx_word' id='word_1_805' title='bbox 2807 5058 2973 5115; x_wconf 90' lang='lat' dir='ltr'><strong>Judas</strong></span> <span class='ocrx_word' id='word_1_806' title='bbox 3000 5066 3201 5117; x_wconf 87' lang='lat' dir='ltr'><strong>autem,</strong></span> <span class='ocrx_word' id='word_1_807' title='bbox 3231 5057 3422 5123; x_wconf 81' lang='lat' dir='ltr'><strong>inquit,</strong></span> 
     </span>
    </p>
   </div>
   <div class='ocr_carea' id='block_1_109' title="bbox 1853 5145 3423 5225">
    <p class='ocr_par' dir='ltr' id='par_1_109' title="bbox 1853 5145 3423 5225">
     <span class='ocr_line' id='line_1_109' title="bbox 1853 5145 3423 5225; baseline -0.008 -14"><span class='ocrx_word' id='word_1_808' title='bbox 1853 5157 1955 5211; x_wconf 89' lang='lat' dir='ltr'><strong>hoc</strong></span> <span class='ocrx_word' id='word_1_809' title='bbox 1978 5165 2079 5219; x_wconf 88' lang='lat' dir='ltr'><strong>est,</strong></span> <span class='ocrx_word' id='word_1_810' title='bbox 2108 5169 2204 5225; x_wconf 86' lang='lat' dir='ltr'><strong>per</strong></span> <span class='ocrx_word' id='word_1_811' title='bbox 2229 5156 2385 5208; x_wconf 79' lang='lat' dir='ltr'><strong>Iidem</strong></span> <span class='ocrx_word' id='word_1_812' title='bbox 2413 5155 2463 5207; x_wconf 92' lang='lat' dir='ltr'><strong>in</strong></span> <span class='ocrx_word' id='word_1_813' title='bbox 2491 5153 2762 5207; x_wconf 79' lang='lat' dir='ltr'><strong>Christum</strong></span> <span class='ocrx_word' id='word_1_814' title='bbox 2784 5150 3079 5220; x_wconf 73' lang='lat' dir='ltr'><strong>iustiﬁcati.</strong></span> <span class='ocrx_word' id='word_1_815' title='bbox 3108 5160 3160 5201; x_wconf 91' lang='lat' dir='ltr'><strong>et</strong></span> <span class='ocrx_word' id='word_1_816' title='bbox 3184 5145 3423 5199; x_wconf 75' lang='lat' dir='ltr'><strong>Judaeum</strong></span> 
     </span>
    </p>
   </div>
   <div class='ocr_carea' id='block_1_110' title="bbox 1853 5242 3422 5317">
    <p class='ocr_par' dir='ltr' id='par_1_110' title="bbox 1853 5242 3422 5317">
     <span class='ocr_line' id='line_1_110' title="bbox 1853 5242 3422 5317; baseline -0.006 -16"><span class='ocrx_word' id='word_1_817' title='bbox 1853 5264 2011 5317; x_wconf 86' lang='lat' dir='ltr'><strong>quem</strong></span> <span class='ocrx_word' id='word_1_818' title='bbox 2041 5258 2216 5301; x_wconf 86' lang='lat' dir='ltr'><strong>mente</strong></span> <span class='ocrx_word' id='word_1_819' title='bbox 2246 5248 2536 5309; x_wconf 84' lang='lat' dir='ltr'><strong>intuemur,</strong></span> <span class='ocrx_word' id='word_1_820' title='bbox 2566 5244 3033 5304; x_wconf 76' lang='lat' dir='ltr'><strong>circumferentes,</strong></span> <span class='ocrx_word' id='word_1_821' title='bbox 3060 5249 3114 5293; x_wconf 84' lang='lat' dir='ltr'><strong>et</strong></span> <span class='ocrx_word' id='word_1_822' title='bbox 3141 5242 3422 5293; x_wconf 83' lang='lat' dir='ltr'><strong>circumci-</strong></span> 
     </span>
    </p>
   </div>
   <div class='ocr_carea' id='block_1_111' title="bbox 1853 5330 3421 5409">
    <p class='ocr_par' dir='ltr' id='par_1_111' title="bbox 1853 5330 3421 5409">
     <span class='ocr_line' id='line_1_111' title="bbox 1853 5330 3421 5409; baseline -0.007 -18"><span class='ocrx_word' id='word_1_823' title='bbox 1853 5340 2005 5392; x_wconf 88' lang='lat' dir='ltr'><strong>sione</strong></span> <span class='ocrx_word' id='word_1_824' title='bbox 2044 5338 2309 5409; x_wconf 85' lang='lat' dir='ltr'><strong>spirituali</strong></span> <span class='ocrx_word' id='word_1_825' title='bbox 2346 5338 2539 5391; x_wconf 87' lang='lat' dir='ltr'><strong>divites</strong></span> <span class='ocrx_word' id='word_1_826' title='bbox 2557 5336 2626 5400; x_wconf 78' lang='grc'><strong>’³,</strong></span> <span class='ocrx_word' id='word_1_827' title='bbox 2664 5335 2972 5404; x_wconf 86' lang='lat' dir='ltr'><strong>pugnabunt</strong></span> <span class='ocrx_word' id='word_1_828' title='bbox 3005 5332 3056 5385; x_wconf 92' lang='lat' dir='ltr'><strong>in</strong></span> <span class='ocrx_word' id='word_1_829' title='bbox 3092 5330 3421 5394; x_wconf 84' lang='lat' dir='ltr'><strong>Jerusalem,</strong></span> 
     </span>
    </p>
   </div>
   <div class='ocr_carea' id='block_1_112' title="bbox 1853 5420 3427 5497">
    <p class='ocr_par' dir='ltr' id='par_1_112' title="bbox 1853 5420 3427 5497">
     <span class='ocr_line' id='line_1_112' title="bbox 1853 5420 3427 5497; baseline -0.01 -13"><span class='ocrx_word' id='word_1_830' title='bbox 1853 5431 1955 5483; x_wconf 92' lang='lat' dir='ltr'><strong>hoc</strong></span> <span class='ocrx_word' id='word_1_831' title='bbox 1989 5438 2089 5493; x_wconf 90' lang='lat' dir='ltr'><strong>est,</strong></span> <span class='ocrx_word' id='word_1_832' title='bbox 2124 5427 2508 5497; x_wconf 81' lang='lat' dir='ltr'><strong>Oppugnahunt</strong></span> <span class='ocrx_word' id='word_1_833' title='bbox 2546 5427 2745 5487; x_wconf 87' lang='lat' dir='ltr'><strong>hostes,</strong></span> <span class='ocrx_word' id='word_1_834' title='bbox 2781 5433 2835 5477; x_wconf 89' lang='lat' dir='ltr'><strong>et</strong></span> <span class='ocrx_word' id='word_1_835' title='bbox 2870 5422 3197 5477; x_wconf 81' lang='lat' dir='ltr'><strong>adversariis</strong></span> <span class='ocrx_word' id='word_1_836' title='bbox 3230 5420 3427 5473; x_wconf 84' lang='lat' dir='ltr'><strong>virtute</strong></span> 
     </span>
    </p>
   </div>
   <div class='ocr_carea' id='block_1_113' title="bbox 1854 5508 3421 5594">
    <p class='ocr_par' dir='ltr' id='par_1_113' title="bbox 1854 5508 3421 5594">
     <span class='ocr_line' id='line_1_113' title="bbox 1854 5508 3421 5594; baseline -0.007 -23"><span class='ocrx_word' id='word_1_837' title='bbox 1854 5519 2244 5594; x_wconf 67' lang='lat' dir='ltr'><strong>pt&#39;tevalcbunt,</strong></span> <span class='ocrx_word' id='word_1_838' title='bbox 2284 5516 2666 5572; x_wconf 82' lang='lat' dir='ltr'><strong>conculcantes</strong></span> <span class='ocrx_word' id='word_1_839' title='bbox 2699 5530 2791 5571; x_wconf 88' lang='lat' dir='ltr'><strong>eos</strong></span> <span class='ocrx_word' id='word_1_840' title='bbox 2826 5524 2884 5569; x_wconf 92' lang='lat' dir='ltr'><strong>ut</strong></span> <span class='ocrx_word' id='word_1_841' title='bbox 2920 5513 3259 5581; x_wconf 88' lang='lat' dir='ltr'><strong>scorpiones,</strong></span> <span class='ocrx_word' id='word_1_842' title='bbox 3300 5527 3321 5561; x_wconf 72' lang='grc' dir='ltr'><strong>ι</strong></span> <span class='ocrx_word' id='word_1_843' title='bbox 3363 5508 3421 5563; x_wconf 75' lang='lat' dir='ltr'><strong>Et</strong></span> 
     </span>
    </p>
   </div>
  </div>
