3934 6318
471 277 581 334 2ῦό

1471 270 1526 321 S.
1570 266 1837 322 CYRILLI
1876 263 2342 318 ALEXANDIHN
2384 259 2701 314 ARCillli'r’.

3638 255 3748 312 ΞΜ

469 403 632 457 super
653 385 890 456 aspidem
918 399 981 439 ac
1005 383 1312 438 basiliscum
1340 371 1700 444 ambulantes,
1727 381 2042 445 leonemque

2155 376 2366 446 σαλὴμ,
2414 375 2696 437 τουτέστι,
2746 371 3311 441 καταστρατεὺςονται
3348 369 3454 422 τῶν
3505 368 3747 438 ἐχθρῶν,

469 488 525 532 et
560 481 848 534 draconem
871 476 916 508 “
957 495 974 526 ι
1017 490 1240 543 prorsus
1279 483 1708 527 contemnentes.
1749 473 1916 524 Erunt
1954 485 2050 522 au-

471 582 577 624 tem
625 572 859 624 illustres
903 581 957 623 et
1005 566 1381 626 admirabiles.
1425 566 1591 634 808
1633 581 1698 618 ex
1746 561 2047 618 istiusmodi

471 663 744 730 praeclaris
785 659 1115 712 facinoribus
1159 659 1471 710 thesaurum
1519 668 1575 710 ut
1616 672 1832 717 aurum,
1870 664 1925 708 et
1964 669 2050 706 ar-

471 763 686 819 gentum
705 792 718 815 ,
744 761 798 804 et
821 764 1022 804 vestem
1049 753 1336 820 pretiosam
1370 750 1702 818 colligentes.
1730 747 1880 813 Quod
1905 747 2047 800 enim

472 843 767 911 pr0phetiae
797 845 1062 897 sententia
1099 859 1200 896 non
1234 844 1303 896 sit
1332 845 1383 895 in
1418 844 1482 895 iis
1512 857 1632 910 qua:
1670 855 1888 894 seusum
1924 854 2049 900 cor-

472 935 622 1002 poris
661 942 908 1002 tangunt,
944 943 1152 986 certum
1189 944 1292 986 est.
1330 933 1535 985 Divitia:
1571 947 1802 998 namque
1833 941 2050 984 sancto.

469 1037 589 1075 rum
640 1037 743 1076 non
791 1033 917 1076 sunt
965 1023 1205 1077 interitui
1252 1024 1497 1076 obnoxiae
1543 1035 1595 1076 et
1641 1030 1907 1084 terrena);
1957 1019 2050 1072 sed

471 1127 593 1182 quae
645 1114 1010 1182 intelliguntur
1053 1123 1293 1175 tantum,
1341 1122 1395 1166 et
1443 1113 1694 1166 caelestes
1743 1126 1805 1164 ac
1854 1109 2053 1176 sempi-

475 1217 678 1268 ternae,
712 1222 846 1273 quas
880 1206 1164 1260 animabus
1195 1207 1308 1258 suis
1337 1213 1668 1273 congregant
1699 1203 1788 1271 qui
1825 1203 2050 1262 docent,

475 1308 530 1353 et
563 1299 686 1352 aliis
721 1298 1020 1351 rationibus
1057 1298 1107 1350 in
1148 1297 1383 1351 Ecclesia
1419 1296 1750 1348 clarescunt.
1788 1293 2054 1359 Diripiunt

474 1392 620 1444 enim
657 1391 1058 1458 quodammodo
1095 1390 1260 1441 robur
1295 1387 1534 1441 omnium
1572 1385 1886 1453 pepulorum
1910 1423 1923 1447 ,
1962 1396 2054 1450 per

477 1479 636 1532 Iidem
664 1479 728 1530 ad
756 1477 1032 1531 Christum
1062 1486 1247 1545 gentes
1274 1476 1571 1543 praecipuas
1597 1474 1944 1527 adducentes.
1965 1470 2055 1523 Sic

474 1570 618 1624 enim
648 1581 698 1623 et
735 1569 844 1637 ipse
875 1569 1009 1622 dixit
1039 1584 1096 1621 se
1128 1568 1415 1636 diripuisse
1445 1582 1570 1620 vasa
1602 1565 1841 1618 fortis”.
1903 1563 2052 1629 Quod

475 1662 518 1712 si
550 1658 669 1727 quis
700 1661 843 1711 dicat
880 1656 1072 1712 Judam
1105 1673 1434 1727 congregare
1467 1657 1628 1710 robur
1686 1657 1924 1709 omnium
1955 1669 2052 1722 po-

2153 465 2696 519 κατανεανιεῦσονται
2723 464 2830 515 τῶν
2863 461 3294 527 ἀνθεστηκότων,
3329 461 3752 531 συμπατοῦντες

2150 558 2225 619 ὡς
2265 556 2593 628 σκορπίους,
2635 575 2652 606 ι
2699 557 2814 608 Ἐπ’
2854 555 3084 616 ἀσπίδα,
3112 554 3227 606 καὶ
3273 553 3584 623 βασιλίσκον
3623 555 3753 605 ἐπιο

2152 648 2448 710 ϐαίνοντες,
2481 647 2692 710 λέοντός
2723 664 2781 698 τε
2813 647 2905 698 καὶ
2937 645 3226 715 δράκοντος
3255 663 3272 693 ι
3310 647 3389 706 εἰς
3421 645 3563 697 ἅπαν
3592 649 3756 715 testo

2151 739 2394 808 δηκότες.
2433 739 2686 791 Ἔσονται
2728 738 2784 790 δὲ
2818 737 3100 808 λαμπροὶ,
3147 738 3243 790 καὶ
3278 736 3707 806 ἀξιοθαύμαστοι
3731 779 3746 799 ,

2152 830 2242 883 τὸν
2289 833 2354 882 ἐκ
2393 831 2505 882 τῶν
2558 830 2817 882 τοιούτων
2889 829 3330 900 κατορθωμάτων
3393 828 3750 894 συλλέγοντες

2153 922 2383 1000 πλοῦτον
2419 923 2492 997 ᾡς
2533 923 2778 992 χρυσίον,
2823 922 2919 973 καὶ
2964 920 3247 990 ἀργύριον,
3297 921 3388 972 καὶ
3427 920 3745 988 ἱματισμόν.

2156 1015 2278 1067 Ὅτι
2307 1014 2413 1084 γὰρ
2441 1015 2539 1066 οῦκ
2569 1013 2624 1066 ἕν
2663 1031 2726 1081 γε
2760 1016 2870 1076 τοῖς
2904 1012 3179 1082 αἰσθητοῖς
3209 1012 3306 1078 τῆς
3349 1015 3687 1081 προφητείας
3721 1013 3750 1063 ό

2154 1107 2310 1169 νοῦς,
2354 1105 2470 1169 πῶς
2512 1105 2576 1158 ἂν
2629 1106 2919 1158 ἐνδοιάσειέ
2962 1103 3338 1168 τιςςῐῐλοῦτος
3381 1105 3489 1172 γὰρ
3547 1104 3746 1170 ἁγίων,

2153 1201 2249 1268 οὐχ
2280 1201 2306 1251 ὁ
2343 1198 2582 1267 φθαρτὸς
2619 1198 2710 1250 καὶ
2745 1198 3006 1265 ἐπίγειος,
3041 1197 3153 1248 ἀλλ’
3178 1198 3206 1248 ὁ
3241 1196 3427 1266 νοητὸς
3458 1196 3553 1247 καὶ
3583 1196 3751 1246 ἐπου-

2156 1289 2339 1358 ράνιος
2387 1288 2483 1338 καὶ
2526 1287 2802 1358 διηνεκὴς,
2853 1287 2910 1339 ὃν
2953 1286 3330 1356 συναγείρουσι
3367 1288 3482 1347 ταῖς
3532 1284 3748 1337 ἑαυτῶν

2152 1381 2351 1449 ψυχαῖς
2383 1381 2432 1432 οἱ
2473 1380 2815 1442 διδάσκοντές
2852 1398 2910 1432 τε
2954 1381 3049 1433 καὶ
3095 1379 3216 1432 καθ’
3257 1379 3474 1450 ἐτέρους
3505 1378 3748 1448 τρόπους

2154 1471 2560 1541 εὐδοκιμοῦντες
2585 1474 2640 1524 έν
2680 1471 2990 1542 Ἐκκλησία.
3021 1469 3386 1541 Διαρπὰζουσι
3418 1470 3526 1541 γὰρ
3555 1471 3748 1540 ὥσπερ

2154 1563 2251 1632 τὴν
2299 1562 2450 1631 ἰσχὺν
2504 1564 2720 1614 πάντων
2770 1563 2878 1613 τῶν
2907 1560 3075 1626 λαῶν,
3112 1562 3474 1632 προσάγοντες
3520 1558 3609 1611 διὰ
3657 1560 3749 1610 πί..

2157 1671 2325 1717 στεως
2359 1653 2436 1723 τῷ
2469 1653 2690 1724 Χριστῷ
2723 1654 2789 1707 τὰ
2823 1652 3072 1723 ἐξαίρετα
3096 1654 3205 1705 τῶν
3233 1653 3421 1705 ὲθνῶν.
3449 1651 3608 1704 Οῦτω
3636 1652 3747 1720 γὰρ

476 1751 721 1817 pulorum
758 1749 810 1802 in
845 1750 1098 1812 circuitu,
1136 1765 1351 1813 aurum,
1390 1757 1697 1818 argentum,
1733 1757 1960 1810 vestem,
1997 1755 2049 1799 ut

2301 1745 2392 1796 καὶ
2443 1745 2605 1807 αὐτὸς
2639 1745 3000 1816 διηρπακέναι
3038 1744 3108 1796 τὰ
3156 1743 3324 1814 σκεύη
3363 1741 3454 1795 τοῦ
3497 1742 3743 1813 ἰσχυροῦ.

479 1841 840 1910 intelligamus
873 1843 1035 1894 etiam
1075 1843 1400 1895 mundanam
1439 1842 1762 1909 sapientiam
1793 1839 2054 1907 colligen-

479 1942 591 1995 tes,
639 1933 938 1984 claritatem
990 1933 1223 1986 nominis
1273 1933 1535 2000 adipisci,
1578 1933 1703 1984 dum
1751 1946 1844 1999 per
1887 1931 2054 1998 ipsam

477 2023 729 2092 dogmata
775 2022 993 2092 pietatis
1039 2032 1257 2076 tuentur
1287 2038 1349 2076 ac
1385 2021 1711 2087 defendunt,
1747 2021 2055 2075 verisimilia

478 2114 693 2167 sentiet.
731 2113 1114 2179 Spoliaverunt
1149 2113 1292 2168 enim
1327 2113 1454 2166 olim
1484 2112 1769 2183 ASgyptios
1806 2112 2058 2166 mulieres

479 2205 750 2274 sapientes
792 2205 1143 2270 lsraelitides,
1185 2221 1214 2259 a
1259 2206 1450 2260 vicinis
1489 2215 1547 2259 et
1585 2204 2058 2258 contubernalibus

479 2302 593 2352 suis
621 2313 750 2352 vasa
787 2315 950 2353 aurea
988 2308 1043 2353 et
1078 2309 1354 2369 argentea,
1387 2309 1442 2355 et
1474 2311 1677 2355 vestem
1715 2299 2053 2354 mutuatae“.

481 2392 664 2459 Itaque
694 2401 752 2443 ut
782 2392 834 2444 in
868 2391 933 2445 iis
961 2407 1081 2460 qua:
1114 2393 1248 2446 foris
1277 2394 1602 2456 sentiuntur,
1637 2401 1689 2446 et
1723 2401 1780 2445 ut
1811 2393 1861 2445 in
1897 2393 2056 2447 rebus

480 2484 582 2538 sub
609 2493 883 2552 aspectum
909 2486 1252 2540 venientibus
1277 2485 1530 2554 Splendor
1556 2487 1817 2540 bonorum
1845 2488 1911 2538 ad
1941 2489 2057 2537 aui-

485 2591 628 2630 mum
657 2577 1041 2645 pertinentium
1069 2579 1411 2646 exprimitur.
1441 2577 1717 2630 Primaria:
1741 2587 1917 2631 autem
1946 2593 2058 2630 ma-

479 2669 767 2736 gistrorum
817 2670 1018 2723 divitiae
1069 2677 1197 2722 sunt
1245 2669 1518 2738 diseipuli.
1565 2670 1796 2725 Proinde
1845 2671 2056 2725 divinus

482 2760 682 2815 Paulus
717 2777 810 2829 per
844 2761 1016 2830 ipsum
1054 2761 1290 2816 salvatos
1326 2772 1380 2815 et
1421 2762 1579 2817 ﬁdem
1617 2764 1948 2831 amplexatos
1985 2764 2056 2816 ita

483 2853 856 2921 alloquebatur
888 2871 900 2906 :
937 2871 956 2903 ‹
996 2851 1096 2907 Per
1120 2853 1494 2921 gloriationem
1525 2867 1793 2920 vestram,
1825 2856 2017 2910 fratres
2038 2895 2052 2918 ,

480 2961 638 3012 quam
670 2945 842 2997 habeo
870 2944 918 2996 in
945 2943 1161 2998 Christo
1185 2943 1310 2998 Jesu
1331 2946 1406 3011 '7;
1440 2965 1457 2998 ι
1484 2957 1538 3001 et
1563 2962 1778 3002 rursum
1803 2963 2054 3002 coronam

483 3046 537 3090 et
569 3037 821 3107 gaudium
853 3053 1007 3092 suum
1035 3052 1130 3093 eos
1159 3040 1399 3092 nominat
1424 3040 1468 3069 ⁵⁸³

554 3299 716 3353 Vens.
749 3299 835 3353 15.
861 3297 927 3352 Et
954 3300 1064 3354 haec
1092 3300 1188 3353 erit
1218 3301 1375 3358 ruina
1403 3317 1673 3372 equorum,
1698 3314 1741 3355 et
1771 3303 2052 3370 mulorum,

479 3401 528 3443 et
559 3390 878 3442 camelorum
899 3429 914 3454 ,
945 3400 991 3444 et
1023 3394 1328 3456 asinorum,
1360 3402 1407 3445 et
1442 3378 1670 3446 omnium
1695 3394 2053 3461 jumentorum

479 3498 594 3551 qua:
624 3492 743 3536 sunt
775 3483 831 3535 in
859 3483 1047 3536 castris
1080 3482 1183 3535 illis
1207 3482 1366 3552 juxta
1396 3487 1602 3537 ruinam
1633 3485 1786 3538 hanc.

549 3656 663 3712 CX.
717 3655 1009 3728 Postquam
1062 3660 1252 3714 modos
1295 3659 1403 3728 jam
1452 3662 1698 3717 vindictae
1748 3665 2050 3734 descripsit,

480 3749 680 3815 quibus
705 3750 822 3804 suis
853 3752 1186 3820 temporibus
1213 3766 1607 3823 Oppugnatores
1635 3767 1839 3813 sanctae
1864 3759 2054 3812 civita-

481 3841 574 3903 tis,
602 3851 1100 3908 persecutoresque,
1127 3853 1180 3896 et
1207 3845 1607 3912 contumeliosi,
1630 3856 1684 3899 et
1709 3850 2048 3912 exsecrandi,

480 3939 535 3981 et
565 3929 835 3996 scelerati,
868 3940 921 3984 ct
959 3931 1236 4000 loquentes
1272 3935 1607 4004 iniquitatem
1639 3949 1826 3992 contra
1859 3939 2048 4004 Deum,

486 4037 504 4069 s
536 4031 589 4074 et
617 4019 862 4074 tollentes
903 4021 957 4074 in
986 4022 1153 4076 altum
1177 4039 1365 4091 cornu,
1398 4046 1414 4077 ι
1441 4026 1590 4092 juxta
1617 4027 1958 4082 Psalmistam
1982 4030 2046 4092 “9,

477 4115 697 4167 omnino
724 4115 1102 4183 subjiciuntur,
1129 4119 1279 4172 addit
1305 4120 1509 4173 utiliter
1539 4137 1552 4173 :
1588 4139 1606 4171 ι
1643 4121 1904 4186 Quoniam
1938 4124 2051 4178 haec

477 4205 583 4257 erit
614 4205 766 4256 ruina
797 4220 1058 4272 equorum
1078 4247 1092 4273 ,
1121 4217 1174 4260 et
1204 4207 1494 4272 mulorum,
1527 4218 1581 4262 et
1608 4212 1968 4277 camelorum,
1997 4223 2047 4266 et

478 4296 774 4364 asinorum,
798 4309 852 4352 et
876 4302 1116 4355 onmium
1137 4300 1529 4368 iumentorum.
1561 4324 1580 4358 ι
1611 4307 1652 4358 A
1680 4307 2048 4378 subjugalibus

2161 1836 2223 1889 Εἰ
2267 1837 2322 1888 δὲ
2361 1838 2423 1908 δή
2473 1855 2556 1900 τις
2597 1837 2744 1904 λέγοι
2791 1837 2880 1890 τὸν
2920 1837 3116 1890 Ἰούδαν
3151 1837 3400 1904 συνάγειν
3447 1837 3544 1905 τὴν
3592 1837 3747 1903 ἰσχὺν

2159 1930 2376 1982 πάντων
2420 1929 2529 1982 τῶν
2558 1929 2705 1982 λαῶν
2738 1929 2998 1982 κυκλόθεν
3042 1930 3284 2001 χρυσίον,
3331 1929 3425 1981 καὶ
3454 1928 3743 1999 ἀργύριον.

2159 2022 2254 2073 καὶ
2287 2022 2601 2092 ἱματισμὸν,
2633 2023 2718 2075 ἵνα
2750 2023 2958 2092 νοῶμεν
2987 2024 3068 2076 ὅτι
3100 2024 3192 2076 καὶ
3223 2023 3320 2094 τὴν
3347 2023 3404 2076 ἐν
3434 2023 3623 2092 κόσμῳ
3657 2039 3745 2074 σο·-

2159 2113 2286 2181 φίαν
2319 2112 2665 2182 συλλέγοντες
2719 2113 3266 2185 καταλαμπρύνονται
3297 2113 3362 2165 δι’
3399 2113 3600 2181 αὐτῆς,
3633 2116 3746 2172 τοῖς

2157 2205 2254 2275 τῆς
2299 2205 2582 2269 εὐσεϐείας
2621 2206 3084 2276 ὲπαγωνιζόμενοι
3122 2207 3407 2276 δόγμασιν,
3462 2206 3576 2275 ἔχοι
3617 2205 3684 2258 ἂν
3718 2209 3747 2258 ὁ

2158 2297 2280 2358 νοῦς
2325 2296 2412 2349 τὸν
2466 2299 2651 2351 εἰκότα
2681 2298 2858 2365 λόγον.
2901 2296 3262 2349 Ἑσκύλευςαν
3301 2298 3408 2366 γὰρ
3443 2314 3570 2348 ποτε
3618 2298 3748 2358 τοίς

2157 2387 2489 2455 Αἰγυπτίους
2519 2391 2574 2442 αἱ
2615 2390 2776 2456 σοφαὶ
2810 2392 3065 2458 γυναῖκες
3099 2389 3204 2442 τῶν
3238 2389 3294 2454 ἐξ
3331 2387 3564 2459 Ἰσραὴλ,
3608 2405 3751 2457 χρη-

2161 2480 2390 2547 σάμεναι
2424 2479 2571 2548 παρὰ
2628 2481 2866 2547 γείτονος
2913 2482 3004 2533 καὶ
3039 2481 3307 2552 συσκήνου
3351 2479 3527 2532 αὐτῶν
3569 2477 3748 2547 σκεύη

2159 2575 2355 2641 χρυσᾶ,
2387 2574 2479 2625 καὶ
2507 2574 2743 2644 ἀργυρᾶ,
2779 2575 2873 2626 καὶ
2905 2575 3216 2644 ἱματισμόν.
3249 2573 3454 2625 Οὐκοῦν
3490 2572 3564 2634 ὡς
3682 2589 3748 2639 γε

2157 2665 2266 2724 τοῖς
2325 2663 2602 2732 αἰσθητοῖς
2640 2665 2736 2716 καὶ
2776 2664 2850 2728 ὡς
2895 2667 2952 2718 ἐν
2986 2665 3138 2737 ὕλαις
3172 2667 3286 2726 ταῖς
3332 2665 3672 2735 ὀρωμέναις,
3713 2666 3746 2732 ἡ

2158 2754 2264 2807 τῶν
2307 2756 2385 2818 εἰς
2423 2755 2548 2810 νοῦν
2588 2757 2808 2824 ἀγαθῶν
2839 2757 3159 2828 λαμπρότης
3203 2758 3548 2826 σημαίνεται.
3586 2756 3745 2807 Διδα-

2161 2844 2371 2896 σκάλων
2414 2845 2470 2898 δὲ
2517 2847 2750 2916 μάλιστα
2785 2847 3012 2910 πλοῦτος
3055 2850 3102 2900 οἱ
3150 2847 3408 2917 μαθηταί.
3455 2847 3563 2899 Καὶ
3609 2846 3745 2914 γοῦν

2157 2938 2184 2988 ὁ
2213 2937 2494 3001 θεσπέσιος
2525 2939 2735 3004 Παῦλος
2770 2944 2882 3004 τοῖς
2915 2941 2980 2992 δι’
3020 2941 3182 2992 αὑτοῦ
3221 2940 3609 3008 εεσωσμένοις,
3647 2940 3748 2992 καὶ

2159 3031 2546 3082 πεπιστευκόσι
2580 3032 2918 3102 προσεφώνει
2947 3032 3118 3099 λέγων
3139 3049 3150 3060 ·
3185 3053 3201 3082 ε
3231 3031 3313 3101 Νὴ
3344 3033 3438 3100 τὴν
3469 3032 3746 3102 ὑμετέραν

2160 3119 2448 3190 καύχησιν,
2483 3122 2722 3190 ἀδελφοὶ,
2756 3123 2821 3192 ἣν
2856 3123 2958 3192 ἔχω
2992 3125 3046 3174 ἐν
3075 3123 3293 3192 Χριστῷ
3331 3123 3521 3192 Ίησοῦ-
3556 3142 3574 3173 s
3620 3124 3748 3175 στέ-

2158 3215 2323 3281 φανόν
2344 3231 2402 3265 τε
2435 3214 2526 3267 καὶ
2555 3215 2725 3284 χαρὰν
2753 3215 2949 3278 αὐτοὺς
2976 3215 3110 3266 ἰδίαν
3133 3214 3384 3284 ὀνομάζει
3415 3215 3594 3267 πάλιν.

2227 3305 2335 3356 Καὶ
2374 3304 2524 3370 αὕτη
2556 3304 2727 3356 ἔσται
2756 3304 2792 3370 ἠ
2826 3304 3052 3369 πτῶσις
3089 3304 3207 3356 τῶν
3237 3305 3455 3368 ἵππων,
3492 3305 3585 3357 κειί
3623 3302 3748 3356 τῶν

2157 3395 2438 3462 ἡμιόνων,
2480 3393 2577 3447 καὶ
2618 3394 2736 3447 τῶν
2771 3394 3074 3464 καμήλων,
3117 3395 3212 3447 irai
3262 3394 3378 3447 τῶν
3422 3395 3592 3458 ὄνων,
3636 3398 3743 3447 καὶ

2155 3485 2393 3538 πάντων
2428 3486 2549 3539 τῶν
2597 3488 2833 3554 κτηνῶν
2875 3487 2994 3542 τῶν
3025 3489 3214 3543 ὄντων
3247 3490 3316 3542 ἐν
3349 3489 3478 3555 ταῖς
3514 3505 3745 3558 παρεμ-

2157 3576 2360 3640 ϐολαῖς
2388 3577 2647 3642 ἐκείναις
2678 3580 2828 3632 κατὰ
2856 3579 2970 3646 τὴν
2998 3579 3230 3632 πτῶσιν
3258 3581 3502 3646 ταύτην.

2225 3665 2326 3721 Pl'.
2382 3668 2733 3739 Ὀρισάμενος
2763 3669 2860 3740 ἤδη
2898 3671 2996 3740 τῆς
3024 3673 3290 3742 τιμωρίας
3323 3675 3444 3736 τοὺς
3479 3673 3740 3743 τρόπους,

2152 3757 2244 3822 οὓς
2286 3759 2462 3828 πάντη
2500 3777 2558 3811 τε
2600 3761 2692 3813 καὶ
2726 3763 2940 3824 πάντως
2976 3763 3303 3832 ὑπομενοῦσι
3339 3763 3476 3816 κατὰ
3509 3765 3742 3835 καιροὺς

2152 3851 2199 3900 οἱ
2237 3848 2333 3918 τῆς
2363 3851 2522 3916 ἁγίας
2561 3851 2766 3914 πόλεως
2799 3853 3327 3921 κατεστρατευκότες
3363 3856 3643 3922 γεγονότες
3674 3873 3740 3908 τε

2151 3942 2397 4005 διῶκται,
2424 3942 2516 3995 καὶ
2551 3943 2819 4013 ὑϐρισταὶ,
2852 3944 3116 4016 βδελυροὶ,
3153 3947 3246 3998 καὶ
3280 3947 3733 4016 φιλεγκλήμονες,

2153 4036 2246 4086 κλί
2285 4034 2571 4098 λαλοῦντες
2620 4036 2832 4090 ἀδικίαν
2880 4038 3018 4090 κατὰ
3059 4038 3216 4102 Θεοῦ,
3275 4060 3293 4091 ‹
3325 4041 3639 4109 ἐπαίροντές
3673 4059 3736 4094 τε

2151 4128 2228 4188 εἰς
2276 4125 2406 4194 ὕψος
2440 4126 2499 4180 τὸ
2531 4127 2726 4198 κέρας,
2759 4147 2776 4179 ι
2817 4130 2956 4183 κατά
2988 4131 3086 4201 τὴν
3128 4133 3219 4184 τοῦ
3270 4135 3571 4198 Ψάλλοντος
3620 4153 3738 4204 φω-

2151 4218 2268 4286 νὴν,
2313 4218 2507 4286 ἐπάγει
2530 4220 2833 4290 χρησίμως,
2872 4240 2890 4272 ‹
2923 4223 3043 4275 Ὅτι
3086 4223 3223 4294 αὕτη
3267 4225 3415 4277 ἔσται
3459 4227 3734 4297 ἡπτῶσις

2149 4309 2258 4361 τῶν
2291 4310 2491 4375 ἵππων,
2521 4314 2614 4365 καὶ
2643 4313 2752 4365 τῶν
2781 4316 3038 4383 ἡμιόνων,
3066 4317 3158 4369 καὶ
3187 4317 3290 4368 τῶν
3317 4317 3600 4386 καμήλων,
3635 4321 3734 4372 καὶ

477 4396 656 4440 autem
686 4388 1049 4446 animantibus
1076 4405 1197 4460 quae
1225 4393 1287 4446 iis
1309 4395 1574 4447 vehuntur
1595 4397 1878 4465 signiﬁcat.
1904 4401 2038 4454 Ado-

2155 4401 2255 4453 τῶν
2290 4401 2447 4466 ὄνων,
2476 4403 2570 4456 καὶ
2607 4404 2824 4458 πάντων
2849 4407 2954 4458 τῶν
2983 4409 3213 4478 κτηνῶν.
3238 4429 3254 4458 ι
3292 4410 3421 4461 ’Λπο
3447 4409 3502 4462 δέ
3532 4427 3597 4478 γε
3623 4413 3733 4464 τῶν

478 4477 752 4532 rieban'tur
771 4479 913 4534 enim
939 4483 1176 4547 Judazos,
1197 4494 1250 4536 et
1274 4484 1441 4553 ipsam
1470 4486 1890 4557 Hierosolymam
1915 4507 2045 4561 gen-

476 4576 558 4622 tes
601 4569 1038 4636 disiunctissime
1079 4581 1132 4627 et
1176 4573 1398 4639 vicina);
1450 4591 1676 4643 quarum
1728 4579 1845 4633 alite
1890 4583 2046 4651 equis

474 4660 829 4726 vehebantur,
857 4661 1136 4734 Babylonii
1166 4675 1217 4718 et
1247 4662 1392 4733 Syri,
1420 4667 1545 4733 quin
1573 4679 1623 4721 et
1647 4667 1906 4739 Egyptii,
1933 4676 2048 4727 alia:

473 4750 730 4814 camelos,
758 4759 813 4804 ct
839 4753 1044 4818 asinos,
1072 4761 1126 4806 et
1158 4754 1330 4808 mulos
1363 4757 1685 4823 domabant,
1717 4771 1771 4812 ut
1801 4762 2048 4819 Moabiun

472 4851 519 4895 et
573 4843 830 4897 nomades
890 4843 944 4896 in
1010 4843 1335 4910 solitudine,
1403 4863 1627 4916 quorum
1686 4861 1739 4905 et
1787 4855 2042 4924 propheta

469 4933 638 5003 309
668 4934 834 4988 Isaias
868 4935 1196 4989 mentionem
1231 4936 1360 4992 facit
1392 4955 1407 4993 :
1451 4959 1468 4990 ι
1511 4941 1566 4996 1η
1605 4943 1954 4999 tribulatione
1988 4956 2043 5000 et

472 5027 716 5096 angustia
743 5027 824 5080 leo
848 5036 902 5080 et
924 5027 1132 5081 catulus
1155 5028 1343 5096 leonis,
1365 5031 1487 5086 inde
1509 5045 1563 5088 et
1585 5036 1796 5104 aspides
1819 5046 1871 5091 et
1892 5038 2040 5107 geni-

472 5122 615 5172 niiua
644 5119 889 5186 aspidmn
917 5120 1211 5174 volantium
1236 5164 1250 5188 ,
1280 5126 1368 5192 qui
1404 5127 1644 5181 ferebant
1674 5144 1832 5198 super
1859 5131 2038 5185 asinos

469 5222 523 5263 et
554 5209 787 5266 camelos
821 5211 1036 5266 divitias
1067 5229 1191 5270 suas
1217 5218 1253 5270 ί.
1295 5237 1315 5268 ι
1350 5217 1530 5274 Visum
1565 5230 1618 5274 et
1651 5220 1778 5273 alibi
1813 5221 1886 5274 ait
1917 5237 1944 5275 a
1979 5237 2038 5277 se

469 5317 808 5356 ascensorem
839 5303 1012 5369 asini,
1041 5315 1095 5360 et
1123 5322 1461 5366 ascensorem
1489 5313 1678 5366 cameli
1702 5314 1742 5367 ³.
1779 5313 2038 5368 Describit

471 5391 632 5458 igitur
671 5392 912 5448 veritatis
957 5395 1201 5452 inimicos
1239 5410 1296 5452 ut
1349 5401 1400 5453 in
1443 5402 1610 5471 ﬁgura
1658 5403 1708 5456 in
1757 5405 2034 5473 gentibus,

536 5596 583 5627 ’⁸
643 5595 779 5652 Psal.
812 5614 896 5661 xc,
934 5600 1017 5654 15.

1092 5603 1140 5634 ⁸⁸
1171 5603 1298 5656 Luc.
1336 5620 1408 5668 XI,
1436 5605 1524 5664 21,
1556 5605 1644 5657 22.

469 5668 509 5697 ’9
537 5669 675 5722 ιέιιΙ.
707 5685 886 5738 Lutv,
923 5673 974 5727 6.

1058 5675 1072 5703 ¹
1109 5671 1213 5727 lsa.
1254 5690 1378 5742 xxx,
1404 5675 1454 5727 6.
1533 5678 1551 5706 ⁵
1590 5677 1690 5730 lsa.
1722 5693 1830 5744 XXI,
1868 5680 1906 5732 ’i.

1723 5608 1768 5637 ’³
1820 5608 1987 5663 Exod.
2018 5611 2183 5669 I232:
2244 5613 2343 5680 2'2;
2388 5631 2463 5679 xl,
2497 5615 2546 5667 2.
2629 5617 2671 5647 ’τ

2145 4491 2451 4559 ὑποζυγίων
2473 4496 2598 4556 τοὺς
2621 4497 2803 4559 αὐτοῖς
2853 4499 3250 4569 ὲποχουμένους
3303 4502 3576 4574 ὑποδηλοί.
3609 4506 3734 4559 Ἐπ-

2143 4583 2368 4652 ευύοντο
2395 4585 2504 4656 γὰρ
2536 4589 2645 4651 τοῖς
2681 4590 2968 4654 Ἰουδαίοις,
3004 4595 3098 4646 καὶ
3131 4595 3309 4657 αὐτοῖς
3337 4595 3391 4647 δὲ
3424 4599 3534 4660 τοῖς
3568 4597 3734 4669 Ἰερο-

2146 4679 2267 4731 σολῦ
2279 4697 2397 4748 μοις
2415 4679 2756 4736 οἱὰπωτάτω
2784 4701 2842 4735 τε
2875 4687 2969 4736 καὶ
2997 4686 3064 4737 τὰ
3101 4687 3353 4757 περίοικα
3384 4688 3492 4742 τῶν
3519 4689 3692 4744 ὲθνῶν
3713 4709 3726 4722 ’

2145 4771 2193 4820 οἰ
2230 4770 2327 4839 μὲν
2367 4771 2554 4834 ἵπποις
2583 4771 2788 4843 ἕποχοι,
2832 4774 3163 4828 Βαϐυλώνιοί
3197 4795 3255 4829 τε
3294 4778 3387 4831 καὶ
3415 4778 3598 4852 Σύροι,
3637 4783 3731 4834 καὶ

2153 4861 2258 4928 μὴν
2294 4861 2477 4914 καὶτὰ
2503 4863 2814 4930 Αἰγυπτίων
2855 4865 3010 4936 ἕθνη’
3052 4869 3098 4918 oi
3133 4868 3188 4920 δὲ
3225 4869 3505 4938 καμήλους
3542 4887 3601 4922 τε
3635 4876 3730 4924 καὶ

2147 4948 2318 5014 ὅνους,
2347 4952 2442 5004 καὶ
2473 4953 2617 5021 ὀρεῖς
2652 4953 3073 5020 ὑποζεύξαντες,
3115 4954 3225 5010 οἷον
3269 4958 3583 5024 Μωαϐῖται,
3635 4964 3731 5015 καὶ

2147 5040 2195 5088 οἰ
2224 5039 2322 5108 τῆς
2360 5041 2566 5111 ἐρήμου
2605 5043 2852 5112 μονάδες,
2877 5038 2950 5096 ὧν
2981 5047 3074 5098 καὶ
3113 5049 3140 5099 ὁ
3176 5052 3458 5119 προφήτης
3501 5050 3728 5112 Ἡσαΐας

2143 5129 2531 5200 διαμέμνηται,
2567 5133 2766 5200 λέγων’
2805 5153 2823 5184 ι
2863 5134 2949 5188 Ἑν
2983 5140 3047 5208 τῇ
3083 5137 3258 5208 θλίψει
3318 5140 3410 5194 καὶ
3451 5143 3514 5210 τῇ
3545 5157 3727 5197 atavo-

2143 5225 2318 5292 xtopt'g.
2358 5223 2493 5276 λέων
2545 5226 2638 5277 καὶ
2672 5226 2908 5295 σκύμνος
2941 5227 3171 5292 λέοντος,
3201 5230 3406 5284 ἐκεῖθεν
3444 5231 3539 5284 καὶ
3564 5233 3726 5287 ἀσπί-

2142 5314 2228 5376 δες
2291 5314 2381 5366 καὶ
2415 5315 2612 5381 ἔκγονα
2656 5317 2895 5373 ἀσπίδων
2936 5321 3268 5390 πετομένων,
3314 5322 3362 5373 οἳ
3409 5322 3603 5393 ἔφερον
3635 5325 3725 5377 ἐπ’

2143 5405 2277 5458 ὄνων
2314 5408 2406 5460 καὶ
2439 5411 2699 5480 καμήλων
2741 5411 2832 5464 τὸν
2867 5411 3092 5465 πλοῦτον
3135 5413 3331 5467 αὐτῶν.
3361 5433 3378 5464 ›
3421 5413 3724 5466 Τεθεᾶσθαι

2733 5617 2884 5671 Hom.
2917 5635 3000 5676 xv.
3040 5622 3119 5673 l7.
3197 5621 3241 5652 ’⁸
3278 5621 3506 5688 l'hilipp.
3543 5635 3616 5687 tt',
3655 5622 3710 5676 1.
