3934 6318
503 343 603 397 1ῦῖ

1492 328 1546 384 s.
1591 322 1862 383 ct‘nlLLI
1902 328 2373 384 ALLXAINDRINI
2415 318 2733 385 metuar.

3660 334 3777 387 263

503 454 711 511 minata
745 455 1008 509 liberatus
1029 448 1076 504 ⁷.’
1101 450 1229 516 Quae
1261 465 1347 505 res
1381 456 1537 518 typus
1567 450 1786 518 quidam
1817 461 1937 505 erat
1968 467 2053 522 my

2179 451 2279 503 πον
2323 451 2523 519 ὡραῖον
2582 451 2761 514 ξύλου,
2810 451 2897 505 καὶ
2950 450 3177 513 κλάδους
3213 450 3371 515 ξύλου
3407 452 3623 518 δασεῖς,
3673 455 3775 507 καὶ

504 547 655 603 sterii
689 547 742 600 in
774 542 1020 599 Christo.
1054 539 1231 608 Erepti
1270 538 1415 593 enim
1452 554 1638 594 sumus
1669 555 1768 594 nos
1799 556 2012 610 quoque
2046 556 2077 595 θ

502 635 1024 696 diaboliservitute,
1060 639 1113 686 et
1150 631 1350 696 vocati,
1393 640 1451 685 ut
1494 632 1627 697 dixi,
1672 632 1722 685 in
1766 632 2075 687 libertatem

498 745 594 799 per
626 728 900 784 Christum
920 724 965 792 ',
1004 733 1061 779 et
1114 721 1241 776 lacti
1282 721 1382 777 sub
1439 723 1813 778 universorum
1860 738 1985 794 rege
2023 732 2077 779 et

486 817 631 885 vita,
681 826 923 873 veterum
975 814 1312 870 dominorum
1359 814 1699 869 immanitate
1746 824 2073 883 contempta.

495 909 849 965 tielebramus
885 916 1065 963 autem
1104 920 1293 960 verum
1328 904 1673 976 Scenopegize
1707 907 1935 971 festum,
1974 908 2076 962 hoc

493 1012 579 1055 est
628 1001 773 1056 diem
808 997 1224 1055 resurrectionis
1266 995 1498 1063 Christi,
1553 997 1767 1066 quando
1800 997 1983 1052 omnia
2022 998 2074 1053 in

496 1092 612 1159 ipso
649 1104 877 1157 corpora
913 1086 1066 1157 quasi
1105 1087 1207 1140 lixa
1245 1095 1299 1142 et
1333 1096 1613 1155 compacta
1650 1096 1798 1151 sunt,
1831 1088 2077 1156 quamvis

497 1180 847 1249 corruptione
896 1177 1158 1235 dissoluta
1211 1184 1263 1232 et
1315 1192 1344 1230 a
1403 1184 1577 1232 morte
1627 1187 1912 1247 occupata.
1958 1177 2077 1246 Ipse

496 1273 639 1328 enim
679 1282 763 1327 est
802 1271 1166 1336 resurrectio,
1208 1271 1323 1339 ipse
1361 1269 1473 1324 vita
1515 1269 1558 1336 ’,
1624 1269 1772 1324 velut
1826 1270 2077 1339 primitiae

497 1379 562 1420 ex
588 1365 837 1429 mortuis,
864 1383 882 1417 ι
907 1364 1232 1434 etprimitize
1270 1362 1656 1417 dormientium
1679 1363 1745 1429 ¹⁰,
1792 1380 1812 1414 ι
1852 1361 1943 1433 qui
1981 1377 2076 1416 nos

501 1454 785 1515 fertilitate
819 1471 940 1527 qua:
977 1454 1328 1525 intelligentia
1369 1454 1737 1522 cognoscitur,
1776 1452 1984 1523 replet,
2020 1460 2076 1506 et

496 1550 654 1620 quasi
690 1564 756 1605 ex
796 1548 942 1617 agris
977 1545 1231 1601 collectos
1266 1544 1479 1598 labores
1517 1544 1570 1597 in
1608 1554 1841 1613 superna
1879 1542 2074 1597 horrea

497 1638 842 1697 accumulare
872 1636 1027 1703 facit.
1059 1634 1179 1704 Ipse
1213 1634 1370 1689 nobis
1408 1634 1472 1694 in,
1498 1632 1753 1703 paradiso
1784 1632 1982 1691 vietum
2018 1639 2075 1687 et

496 1732 721 1787 delicias
749 1728 929 1793 dabit,
960 1724 1273 1796 spirituales
1308 1725 1593 1789 nimirum,
1624 1722 1923 1779 victoribus
1952 1738 2072 1794 pec-

496 1824 639 1888 cati,
672 1819 967 1881 secundum
1005 1816 1340 1874 intellectum
1370 1816 1508 1871 bene
1536 1815 1838 1880 olentibus,
1870 1816 2073 1885 specio-

494 1924 724 1979 sumque
758 1917 813 1963 et
849 1906 1137 1963 amabilem
1179 1906 1500 1977 evangelicae
1539 1906 1663 1959 vitze
1705 1904 1938 1960 fructum
1980 1903 2071 1957 ha-

493 2000 779 2065 bentibus,
808 2007 957 2055 caste
980 2006 1035 2067 et
1058 2005 1245 2054 sancte
1271 1996 1624 2053 conversatis.
1654 1993 1877 2063 Signum
1905 1994 2066 2064 hujus

493 2108 617 2148 esse
655 2091 862 2161 possit,
895 2088 1037 2161 quod
1074 2086 1312 2159 spatulas
1350 2086 1648 2156 palmarum
1687 2094 1741 2139 et
1778 2083 2066 2153 pulchrum

495 2183 626 2254 ligni
669 2180 899 2237 fructum
943 2178 1106 2235 simul
1154 2192 1275 2233 cum
1317 2177 1437 2233 aliis
1481 2176 1732 2246 colligata
1777 2175 2065 2232 habebant.

493 2272 615 2344 Ipse
642 2282 726 2329 est
755 2282 965 2327 torrens
991 2268 1328 2334 deliciarum,
1356 2282 1463 2338 quo
1492 2268 1694 2337 potavit
1722 2282 1822 2323 nos
1851 2267 1990 2322 Deus
2016 2274 2071 2321 et

494 2367 655 2422 Pater
676 2365 741 2419 “.
774 2365 891 2435 Ipse
921 2373 1003 2418 est
1033 2361 1151 2417 fons
1181 2358 1333 2426 vitae,
1363 2370 1418 2415 et
1445 2357 1641 2416 ﬂuvius
1671 2359 1851 2430 pacis,
1881 2358 1970 2428 qui
2000 2357 2068 2412 ad

490 2475 591 2515 nos
613 2472 677 2513 ex
702 2455 950 2527 gentibus
973 2462 1194 2509 vocatos
1216 2450 1584 2519 declinavit",
1603 2451 1669 2508 dc
1691 2466 1797 2521 quo
1820 2450 1946 2506 alibi
1975 2464 2070 2504 ex-

488 2549 744 2621 quisitius
775 2545 1152 2602 disseruimus.
1184 2543 1323 2612 Ergo
1357 2542 1713 2597 ascendentes
1742 2544 1808 2596 ad
1839 2543 2067 2596 adoran-

488 2640 613 2701 dum
628 2636 794 2693 Deum
808 2632 1854 2706 omnipotentemﬁlletperagendum
1871 2631 2065 2687 festum

488 2728 859 2798 Scenopegiae,
882 2735 1010 2783 sunt
1034 2726 1127 2796 qui
1158 2740 1253 2796 per
1277 2722 1435 2778 (idem
1462 2722 1516 2778 in
1541 2720 1761 2779 Christo
1783 2722 2066 2790 iustificati

488 2830 635 2875 sunt.
654 2817 890 2874 Minatur
906 2831 1066 2891 porro
1083 2830 1188 2871 non
1209 2814 1626 2870 ascendentibus
1643 2813 1934 2882 perniciem
1951 2827 2063 2883 p03-

487 2924 697 2984 nasque
718 2924 875 2980 pares
898 2908 964 2963 iis
984 2922 1119 2977 quas
1139 2904 1313 2961 daturi
1339 2904 1446 2959 sint
1463 2913 1836 2974 persecutores
1858 2913 1913 2959 et
1937 2920 2065 2959 con-

2180 542 2354 607 ίτέρας,
2402 544 2495 596 καὶ
2526 544 2688 610 ἄγνου
2739 542 2995 608 κλάδους,
3034 541 3207 595 πίνειν
3250 560 3307 594 τε
3346 541 3490 614 ὕδωρ
3529 545 3594 595 έκ
3648 560 3767 612 χει-

2180 634 2414 705 μάρῤου,
2449 636 2543 686 καὶ
2573 634 2659 687 ἐπ’
2698 634 2882 695 αὐτοῖς
2926 634 3440 704 κατευφραίνεσθαι.
3481 634 3592 687 Καὶ
3627 636 3773 704 πρό-

2177 740 2338 791 φασιν
2371 723 2467 792 μὲν
2493 726 2520 775 ὁ
2546 722 2707 792 νόμος
2727 722 2958 775 ἐποιεῖτο
2983 722 3084 791 τῆς
3117 722 3330 792 έορτῆς,
3360 722 3421 774 τὸ
3447 723 3504 773 ἐν
3532 725 3769 791 σκηναῖς

2177 815 2501 883 κατοικῆσαι
2540 813 2629 866 τὸν
2669 814 2911 884 Ἰσραὴλ,
2960 814 3058 883 τῆς
3092 812 3408 881 Αἰγυπτίων
3447 811 3767 876 πλεονεξίας

2177 905 2531 975 ἐξῃρημένον.
2557 900 2664 958 Ἦν
2705 906 2760 959 δὲ
2796 906 2903 976 ἄρα
2930 905 2990 959 τὸ
3022 908 3213 976 χρῆμα
3248 906 3549 975 μυστηρίου
3590 904 3767 969 τύπος

2175 996 2269 1049 τοῦ
2298 997 2438 1049 κατά
2464 996 2721 1065 Χριστόν.
2788 996 3135 1068 Ἐξῃρήμεθα
3158 997 3265 1068 γάρ
3292 997 3388 1049 καὶ
3415 999 3576 1066 ἡμεῖς
3608 996 3769 1050 αὐτοὶ

2176 1089 2275 1157 τῆς
2301 1087 2395 1140 τοῦ
2420 1087 2666 1141 διαϐόλου
2694 1088 3028 1154 πλεονεξίας,
3055 1088 3371 1158 κεκλήμεθά
3395 1105 3473 1152 τε,
3498 1088 3575 1151 ὡς
3602 1088 3767 1159 ἔφην,

2176 1180 2257 1242 είς
2295 1178 2610 1250 ἐλευθερίαν
2649 1180 2735 1233 διὰ
2758 1180 3016 1252 Χριστοῦ,
3046 1181 3139 1234 καὶ
3167 1181 3258 1233 ὑπ’
3282 1180 3431 1251 αὑτῷ
3455 1181 3771 1250 γεγόναμεν

2176 1268 2254 1339 τῷ
2284 1269 2392 1322 τῶν
2421 1269 2556 1322 ὅλων
2592 1269 2801 1339 βασιλεῖ
2854 1272 2948 1323 καὶ
2978 1270 3112 1342 ζωῇ,
3150 1270 3248 1340 τῆς
3280 1271 3391 1323 τῶν
3426 1266 3595 1323 πάλαι
3628 1288 3770 1339 κρα-

2175 1360 2412 1414 τούντων
2468 1361 2790 1433 σκαιότητος
2838 1349 3223 1432 ἀλογήσαντες.
3283 1360 3647 1431 Ἐορτάζομεν
3705 1360 3766 1414 at

2176 1450 2271 1524 τὴν
2302 1453 2475 1525 ἀληθῆ
2519 1453 2615 1522 τῆς
2660 1453 3042 1523 Σκηνοπηγίας
3079 1453 3292 1525 ἑορτὴν,
3334 1454 3617 1517 τουτέστι,
3666 1452 3768 1518 τὴν

2176 1544 2387 1615 ἡμέραν
2427 1545 2527 1614 τῆς
2571 1546 2923 1608 ἀναστάσεως
2962 1546 3054 1598 τοῦ
3093 1543 3352 1616 Χριστοῦ,
3382 1546 3471 1597 ὅτε
3506 1544 3577 1597 τά
3624 1545 3767 1598 πάν-

2174 1653 2281 1689 των
2322 1638 2379 1689 ὲν
2413 1635 2562 1706 αὐτῷ
2612 1637 2895 1706 μονονουχὶ
2952 1636 3235 1707 πέπηκται
3278 1636 3535 1705 σώματα,
3580 1634 3762 1689 καίτοι

2175 1725 2440 1794 λελυμένα
2474 1729 2540 1796 τῇ
2581 1726 2775 1796 φθορᾷ,
2816 1727 2909 1779 καὶ
2949 1724 3162 1795 θανάτῳ
3202 1724 3604 1795 κεκρατημένα.
3647 1725 3762 1778 A6-

2172 1816 2263 1880 τος
2291 1816 2399 1886 γάρ
2430 1817 2577 1870 ἐστιν
2602 1819 2634 1888 ἡ
2667 1817 2982 1881 ἀνάστασις,
3010 1817 3171 1879 αὐτὸς
3201 1818 3235 1884 ὴ
3265 1815 3400 1884 ζωὴ,
3430 1815 3762 1887 πρωτόλειον

2173 1907 2359 1982 ὥσπερ
2384 1914 2447 1965 ὲκ
2470 1911 2699 1982 νεκρῶν,
2729 1932 2746 1963 ι
2772 1912 2866 1965 καὶ
2888 1912 3110 1984 ἀπαρχὴ
3135 1911 3243 1964 τῶν
3271 1910 3686 1981 κεκοιμημένων
3704 1926 3716 1938 ’
3737 1928 3755 1960 ι

2172 2004 2200 2056 ὁ
2246 2002 2441 2072 νοητῆς
2492 2003 2639 2072 ἡμᾶς
2692 2002 2998 2072 εὐκαρπίας
3055 2000 3472 2071 κατεμπιπλῶν,
3518 2000 3611 2052 καλ⁸
3646 1993 3764 2051 οἷον

2170 2093 2298 2157 τοὺς
2328 2092 2387 2157 ἐξ
2416 2092 2599 2162 ἀγρῶν
2641 2092 2998 2163 συλλεγέντας
3027 2093 3232 2156 πόνους
3262 2091 3582 2162 ἐνσωρεύειν
3617 2093 3760 2144 ἀπο·-

2173 2185 2366 2254 Οήκαις
2403 2187 2526 2247 ταῖς
2568 2184 2681 2238 ἀνω
2719 2184 3173 2255 παρασκευάζων.
3216 2184 3387 2247 Αὐτὸς
3432 2186 3565 2253 ἡμῖν
3614 2184 3759 2236 ἀποσ

2171 2272 2332 2327 δώσει
2364 2274 2462 2344 τὴν
2501 2276 2557 2327 ἐν
2591 2275 2902 2345 παραδείσῳ
2942 2275 3152 2329 δίαιταν
3204 2276 3298 2329 καὶ
3337 2275 3568 2345 τρυφὴν,
3600 2274 3765 2343 δῆλον

2169 2362 2227 2415 δὲ
2266 2363 2346 2415 ὅτι
2386 2363 2786 2434 πνευματικὴν,
2825 2364 3135 2435 νενικηκόσι
3189 2365 3285 2436 τὴν
3320 2364 3617 2435 ἁμαρτίαν,
3662 2353 3762 2417 εἰμ’

2170 2453 2487 2518 ωδιάζουσιν
2523 2455 2761 2525 νοητῶς,
2804 2455 3004 2527 ὡραῖον
3045 2458 3137 2510 καὶ
3172 2456 3490 2525 ἀξιέραστον
3521 2455 3614 2508 τὸν
3659 2456 3762 2525 τῆς

2170 2544 2531 2615 εὑαγγελικῆς
2592 2548 2865 2611 πολιτείας
2917 2550 3100 2620 έχουσι
3150 2550 3399 2618 καρπὸν,
3450 2550 3628 2615 ἁγνῶς
3666 2548 3760 2601 καὶ

2168 2635 2330 2701 ὁσίως
2382 2638 2886 2709 πεπολιτευμένοις.
2935 2640 3168 2711 Σημεῖόν
3204 2638 3249 2692 δ’
3291 2640 3357 2692 ἂν
3409 2641 3620 2711 γένοιτο
3667 2641 3762 2691 καὶ

2169 2726 2321 2781 τοῦδε
2369 2727 2574 2793 λοιπὸν,
2624 2728 2685 2781 τὸ
2731 2731 3043 2801 κάλλυντρα
3109 2731 3365 2799 φοινίκων
3416 2732 3509 2784 καὶ
3557 2731 3764 2800 ὡραῖον

2169 2814 2327 2883 ξύλου
2372 2818 2583 2888 καρπὸν
2630 2820 2761 2890 ὁμοῦ
2804 2823 2915 2886 τοῖς
2960 2822 3137 2886 ἄλλοις
3180 2823 3544 2892 συνδήσαντας
3590 2821 3761 2891 ἔχειν.

2166 2912 2339 2974 Αὐτός
2366 2913 2513 2964 ἐστιν
2553 2914 2580 2966 ὁ
2612 2912 2947 2985 χειμάρῤους
2987 2916 3084 2985 τῆς
3126 2916 3339 2988 τρυφῆς
3366 2914 3427 2967 ὃν
3460 2916 3764 2967 πεπότικεν

489 3002 787 3065 tumeliosi.
815 3000 1014 3059 Eodem
1050 2999 1245 3069 quippe
1275 2995 1393 3051 loco
1422 2996 1686 3071 ducentur
1710 3010 1817 3064 quo
1848 2996 2061 3061 hostes,

2170 3001 2315 3075 ἡμᾶς
2340 3005 2367 3055 ὁ
2399 3004 2528 3066 Θεὸς
2567 3006 2659 3057 καὶ
2691 3006 2899 3077 Πατήρ.
2944 3007 3115 3070 Αὐτὸς
3150 3009 3183 3078 ἡ
3230 3005 3379 3078 πηγὴ
3430 3009 3527 3077 τῆς
3572 3005 3762 3075 ζωῆς,

484 3097 578 3166 qui
617 3094 842 3164 diligere
880 3092 1175 3148 noluerint.
1207 3088 1274 3142 Et
1308 3088 1432 3155 hoc,
1465 3086 1677 3155 Opinor,
1710 3095 1793 3141 est
1831 3088 1973 3156 quod
2012 3093 2067 3140 et

488 3187 606 3257 ipse
636 3186 885 3239 Christus
920 3182 1056 3238 dixit
1089 3196 1103 3234 :
1146 3197 1165 3231 ι
1205 3179 1305 3246 Qui
1343 3194 1448 3233 non
1484 3185 1567 3233 est
1599 3193 1842 3244 mecum,
1879 3185 2064 3232 contra

483 3295 573 3334 me
601 3287 717 3343 est,
745 3288 800 3331 et
828 3276 920 3347 qui
953 3290 1059 3329 non
1088 3273 1292 3343 colligit
1320 3285 1527 3326 mecum
1548 3310 1562 3336 ,
1590 3270 1935 3341 dispergit“.
1968 3289 1988 3324 ι

2171 3092 2265 3145 καλ⁴
2298 3093 2325 3145 ό
2358 3093 2455 3163 τῆς
2484 3094 2705 3163 εἰρήνης
2748 3095 3018 3165 ποταμὸς,
3059 3095 3086 3146 ὁ
3126 3093 3463 3155 ἐκκεκλικὼς
3494 3096 3576 3156 είς
3613 3096 3761 3162 ἡμεῖς

2172 3185 2297 3248 τοὺς
2323 3185 2379 3251 ἐξ
2409 3184 2578 3239 ἐθνῶν
2620 3186 3011 3257 κεκλημένους.
3041 3188 3269 3258 Εἴρηται
3295 3187 3348 3239 δὲ
3380 3188 3507 3257 περὶ
3550 3186 3761 3238 τούτων

2174 3274 2305 3345 ἡμῖν
2360 3276 2554 3345 ἰσχνῶς
2608 3280 2664 3329 ἐν
2728 3279 2954 3348 ἑτέροις.
3006 3278 3211 3331 Οὐκοῦν
3264 3279 3314 3329 οἱ
3370 3276 3760 3338 ἀναϐαίνοντες

485 3373 867 3443 προσκυνῆσαι
896 3368 974 3441 τῷ
1000 3366 1118 3438 Θεῷ
1188 3365 1611 3437 παντοκράτορι,
1641 3365 1737 3420 καὶ
1765 3362 1979 3420 τελέσαι
2043 3367 2141 3439 τὴν
2178 3365 2369 3440 ἑορτὴν
2413 3372 2511 3443 τῆς
2559 3373 2973 3443 Σκηνοπηγίας,
3018 3375 3067 3426 οἱ
3115 3374 3201 3426 διὰ
3240 3372 3470 3434 πίστεώς
3519 3374 3661 3424 εἰσιν
3701 3375 3763 3424 ἐν

483 3462 705 3537 Χριστῷ
747 3459 1174 3531 δεδικαιωμένοι.
1211 3456 1452 3512 Ἀπειλεῖ
1491 3458 1547 3512 δὲ
1584 3459 1695 3519 τοῖς
1736 3456 1811 3531 μὴ
1854 3456 2237 3513 ἀναϐαίνουσιν
2290 3461 2532 3533 ὄλεθρον,
2603 3466 2793 3528 ποινάς
2835 3483 2893 3517 τε
2959 3466 3057 3529 τὰς
3105 3465 3225 3528 ἴσας
3305 3461 3394 3528 αἷς
3460 3465 3760 3516 ὑποσταῖεν

481 3559 533 3611 oi
565 3553 790 3610 διῶκταί
822 3569 883 3605 τε
915 3552 1010 3606 καὶ
1037 3548 1309 3622 ὑϐρισταί.
1350 3548 1439 3601 Ἐν
1508 3548 1597 3618 (an
1652 3547 1759 3616 γὰρ
1833 3545 1997 3618 μοίρᾳ
2042 3547 2319 3603 κείσονται
2356 3556 2466 3615 τοῖς
2533 3553 2745 3624 ἐχθροῖς
2797 3556 2844 3607 οί
2889 3554 2970 3625 μὴ
3019 3555 3238 3625 ἀγαπᾷν
3314 3553 3598 3624 ᾑρημένοι.
3642 3541 3757 3603 Καὶ

481 3651 662 3717 τοῦτο,
706 3646 883 3719 οἶμαι,
925 3646 1093 3711 ἔστιν,
1121 3644 1149 3697 ὃ
1188 3645 1281 3699 καὶ
1319 3642 1479 3706 αὐτὸς
1512 3640 1617 3712 ἔφη
1673 3640 1939 3712 Χριστός’
1976 3660 1995 3693 ι
2036 3643 2093 3696 'O
2132 3642 2209 3715 μὴ
2235 3644 2309 3698 ὢν
2344 3646 2461 3716 μετ’
2524 3648 2679 3718 ἐμοῦ,
2711 3650 2831 3701 κατ’
2860 3649 2992 3719 ἐμοῦ
3026 3651 3161 3715 ἐστι,
3192 3650 3284 3703 καλ.
3317 3652 3343 3702 ό
3383 3648 3456 3719 μὴ
3500 3650 3756 3716 συνάγων

479 3741 605 3812 μετ’
629 3739 789 3812 ἐμοῦ,
826 3736 1132 3809 σκορπίζει.
1161 3755 1181 3786 ι

552 3833 718 3889 Vrsas.
762 3831 849 3887 18.
891 3831 951 3886 Si
983 3842 1154 3885 autem
1182 3812 1595 3898 tribus'ﬁgypti
1617 3842 1719 3881 non
1740 3826 2055 3894 ascenderit,

484 3941 648 3995 neque
697 3926 891 3993 uenerit
934 3922 1081 3989 illuc,
1140 3929 1189 3975 et
1240 3935 1395 3990 super
1446 3920 1540 3974 hos
1575 3918 1675 3974 erit
1721 3919 1893 3983 ruina,
1952 3934 2057 3988 qua

474 4019 733 4089 percuﬁiet
787 4016 1044 4087 Dominus
1097 4030 1275 4069 omnes
1322 4022 1538 4083 gentes,
1578 4026 1899 4079 qua’cunque
1953 4026 2053 4063 non

480 4109 835 4179 auertdert'nt,
868 4120 927 4179 tu
980 4106 1235 4173 celebrent
1283 4104 1662 4159 solemnitatem
1696 4101 2050 4170 Scenopegiw.

552 4200 713 4279 CXII.
765 4201 845 4259 Ex
890 4215 996 4255 una
1045 4210 1235 4269 gente,
1285 4195 1663 4266 Egyptiorum
1708 4194 1956 4279 inquam,
2003 4192 2053 4245 in

2246 3822 2381 3876 Ἐὰν
2405 3821 2474 3875 δὲ
2501 3823 2667 3892 φυλὴ
2699 3824 3104 3895 Αζγύπτουμὶι
3147 3824 3361 3893 ἀναϐῇ,
3402 3828 3562 3897 μηδὲ
3598 3830 3751 3901 ἔλθῃ

2163 3912 2312 3978 ἐκεῖ,
2349 3912 2445 3966 καὶ
2494 3913 2592 3966 ἐπὶ
2644 3915 2877 3979 τούτοις
2920 3916 3089 3969 ἔσται
3129 3920 3166 3984 ἡ
3212 3916 3458 3985 πτῶσις,
3509 3918 3591 3987 ἤν
3629 3938 3747 3974 πα-

2162 4004 2324 4068 τάξει
2363 4004 2577 4071 Κύριος
2615 4003 2813 4058 πάντα
2840 4006 2912 4060 τὰ
2940 4007 3104 4074 ἔθνη,
3144 4006 3260 4060 ὅσα
3300 4008 3376 4061 ἂν
3409 4010 3494 4078 μὴ
3525 4011 3743 4080 ἀναϐῇ,

2160 4093 2266 4149 τοῦ
2301 4096 2579 4163 ἑορτάσαι
2624 4096 2737 4164 τὴν
2774 4097 2991 4166 ἑορτὴν
3030 4098 3139 4167 τῆς
3176 4101 3617 4170 Σχηνοπηγιάς.

2232 4187 2377 4239 PIB'.
2427 4188 2513 4250 Ὠς
2547 4186 2605 4252 ἐξ
2633 4189 2750 4252 ἐνὸς
2790 4189 3004 4253 ἔθνους,
3049 4192 3155 4244 τῶν
3193 4194 3507 4261 Αἰγυπτίων
3561 4197 3743 4267 φημὶ,

474 4278 703 4363 δαιηιιιοη
744 4305 931 4347 errore
979 4298 1297 4354 versantes,
1357 4295 1412 4343 et
1466 4278 1867 4354 improbissime
1914 4284 2053 4337 idola

2170 4278 2283 4341 τοὺς
2315 4279 2396 4340 είς
2425 4278 2592 4348 ἄκρον
2618 4280 2853 4349 ⁴ἣκοντας
2879 4278 3108 4350 πλάνης,
3135 4280 3379 4343 ἐκτόπως
3410 4299 3469 4333 τε
3497 4283 3639 4350 ἄγαν
3668 4287 3745 4337 εἰ-

472 4381 719 4447 ,οοιειιιεδ
777 4382 1005 4445 indicat,
1060 4381 1257 4449 quibus
1306 4392 1490 4449 grave,
1534 4385 1589 4430 et
1636 4373 1965 4439 inevitabile,
2000 4381 2053 4427 et

478 4460 699 4531 exitiale
740 4470 1060 4543 supplicium
1109 4471 1406 4537 continget,
1448 4480 1513 4519 ex
1558 4478 1624 4519 eo
1665 4464 1807 4533 quod
1859 4462 2050 4517 salutis

477 4576 574 4631 per
603 4556 879 4616 Christum
911 4559 1296 4630 acceptabilem
1326 4556 1555 4626 gratiam
1592 4556 1863 4625 aspernati
1902 4565 2047 4611 sunt.

478 4654 711 4709 Tantum
746 4653 891 4707 enim
934 4668 1040 4705 non
1074 4649 1455 4704 interfectores
1488 4663 1709 4704 suarum
1742 4650 2050 4701 animarum

475 4744 803 4816 deprehendi
845 4746 1075 4814 possint,
1116 4740 1597 4813 siquidem‘verum
1633 4748 1714 4795 est
1755 4740 1893 4810 quod
1926 4754 2049 4794 cum

473 4838 553 4893 eis
590 4835 784 4892 liceret
814 4832 1221 4906 apprehendere
1257 4831 1418 4885 vitam
1460 4839 1741 4899 aeternam,
1767 4841 1820 4886 et
1854 4846 2050 4901 pr0po-

473 4927 582 4982 sita
617 4935 766 4999 esset
790 4923 1199 4994 apprehendere
1219 4920 1522 4977 volentibus
1547 4936 1775 4992 superna
1807 4922 2053 4990 benigni-

476 5028 583 5084 tas,
632 5025 689 5073 et
757 5027 1061 5072 exonerare
1125 5028 1184 5069 se
1243 5014 1500 5084 peccatis,
1551 5015 1665 5067 suis
1718 5013 2053 5067 indulserunt

474 5109 773 5174 erroribus,
817 5121 917 5161 nec
948 5104 1215 5160 maculam
1246 5106 1372 5161 inde
1400 5114 1754 5170 contractam,
1790 5122 1887 5161 nec
1922 5122 2049 5175 pec-

474 5201 583 5258 cati
619 5198 1087 5268 inquinamentum
1119 5198 1368 5253 eluerunt
1394 5217 1406 5252 :
1438 5201 1534 5254 sed
1564 5198 1617 5252 in
1652 5212 1836 5253 errore
1868 5213 2049 5266 persc-

478 5298 761 5354 verarunt,
822 5290 1073 5358 quamvis
1116 5291 1359 5345 divinum
1411 5291 1593 5345 lumen
1645 5292 1825 5344 omnia
1882 5290 2049 5344 colln.

474 5390 697 5448 straret,
742 5390 796 5434 et
831 5381 884 5434 in
927 5380 1157 5451 caligine
1199 5393 1362 5451 atque
1408 5382 1647 5437 tenebris
1687 5383 1943 5452 degentes
1979 5380 2045 5435 ad

472 5470 838 5540 suspiciendum
867 5474 1199 5529 hortaretur.
1247 5474 1319 5530 De
1347 5476 1576 5545 singulis
1607 5475 1797 5531 horum
1833 5488 2046 5543 quoque

2158 4369 2510 4438 δωλολατρεῖν
2541 4371 2862 4442 ἑλομένους,
2900 4373 3220 4442 καταδηλοί,
3276 4368 3355 4436 οἷς
3389 4372 3543 4428 ἔσται
3592 4375 3743 4448 δεινὴ

2160 4464 2252 4516 καὶ
2296 4463 2622 4531 άδιάφυκτος
2665 4464 2822 4535 δίκη,
2872 4467 2966 4517 καὶ
3007 4465 3226 4537 ὀλέθρου
3258 4467 3514 4537 πρόξενος
3552 4469 3614 4521 τὸ
3666 4470 3741 4541 μὴ

2158 4553 2374 4606 ἑλέσθαι
2418 4556 2583 4625 τιμᾷν
2628 4558 2727 4626 τῆς
2773 4554 2860 4609 διὰ
2908 4554 3002 4609 τοῦ
3046 4556 3281 4628 Χριστοῦ
3329 4559 3599 4631 σωτηρίας
3640 4559 3747 4628 τὴν

2159 4644 2482 4713 ἀξιόληπτον
2534 4646 2715 4716 χάριν.
2768 4646 2947 4700 Μόνον
3002 4649 3110 4719 γὰρ
3156 4649 3276 4718 οὐχὶ
3328 4652 3581 4718 φονευταὶ
3630 4652 3743 4704 τῶν

2163 4735 2307 4788 ἰδίων
2337 4737 2616 4805 γεγονότες
2636 4738 2821 4808 ψυχῶν
2843 4739 3018 4793 ἁλοῖεν
3046 4739 3134 4806 ἂν,
3162 4742 3280 4793 εἷπε
3290 4760 3320 4812 ρ
3346 4742 3493 4795 ἐστὶν
3517 4743 3736 4813 ἀληθὲς,

2158 4828 2233 4891 ὡς
2258 4829 2614 4898 μετὸναῦτοϊς
2639 4830 3029 4903 ἐπιδράξασθαι
3060 4834 3158 4903 τῆς
3191 4834 3407 4886 αίωνίου
3440 4833 3611 4905 ζωῆς,
3644 4839 3741 4889 καὶ

2153 4919 2547 4991 προκειμένους
2604 4922 2684 4985 είς
2736 4922 2955 4992 μέθεξιν
3001 4928 3112 4987 τοῖς
3164 4918 3303 4977 ἑλεῖν
3347 4925 3589 4979 ἐθέλουσι
3638 4929 3739 4997 τῆς

2150 5008 2356 5062 ἀνωθεν
2385 5010 2741 5081 ἡμερότητος,
2766 5014 2859 5065 καὶ
2891 5012 2994 5085 μὴν
3024 5015 3116 5067 καὶ
3138 5016 3604 5085 ἀποφορτίσασθαι
3637 5019 3739 5081 τάς

2152 5102 2454 5173 ἁμαρτίας,
2515 5107 2635 5167 ταῖς
2692 5105 2900 5157 ἑαυτῶν
2934 5107 3266 5161 ὲντεθείκασι
3324 5108 3587 5173 πλάναις,
3642 5108 3741 5163 καὶ

2151 5196 2516 5249 ἀναπόνιπτον
2538 5197 2802 5266 ἐσχήκασι
2832 5198 2929 5266 τὴν
2948 5200 3010 5250 ὲκ
3031 5197 3124 5251 τοῦ
3155 5200 3458 5254 πλανᾶσθαι
3489 5198 3734 5273 κ[η]λίδα

2154 5291 2244 5342 καὶ
2271 5290 2371 5358 τῆς
2398 5288 2773 5360 πλημμελείας
2795 5288 2886 5341 τὸν
2921 5290 3212 5361 μολυσμὸν,
3241 5292 3644 5345 διατετελέκασί
3673 5310 3733 5345 τε

2153 5380 2248 5433 καὶ
2288 5382 2344 5432 ὲν
2386 5379 2591 5451 πλάνῃ·
2644 5378 2817 5432 καίτοι
2864 5379 2956 5432 τοῦ
3011 5380 3155 5433 θείου
3208 5382 3385 5450 φωτὸς
3427 5383 3497 5435 τά
3554 5383 3733 5436 πάντα

2154 5489 2219 5523 πε
2231 5472 2700 5543 ριαστράπτοντος,
2729 5471 2821 5523 καὶ
2853 5470 3140 5535 καλοῦντος
3169 5474 3249 5534 εἰς
3283 5472 3578 5541 ἀνάϐλεψιν
3604 5474 3733 5537 τοὺς

539 5666 929 5745 ’,Ιιϐνίιιιξιιμ
960 5672 1146 5727 59-43.
1200 5675 1218 5705 ⁸
1246 5673 1422 5728 Galat.
1447 5690 1522 5741 iv,
1551 5674 1638 5727 51.
1698 5675 1716 5704 ⁹
1742 5673 1896 5726 .loan.
1930 5671 2109 5738 xt,?.5.
2178 5672 2216 5702 ¹⁹
2244 5670 2263 5725 l
2289 5672 2409 5724 Cor.
2444 5685 2532 5732 xv,
2560 5668 2647 5722 20.
2709 5671 2748 5702 “
2776 5668 2920 5726 Psal.
2957 5690 3116 5743 xxxv,
3147 5676 3200 5733 9.
3260 5676 3300 5708 "
3324 5674 3428 5731 Isa.
3462 5690 3610 5745 uri,
3638 5678 3727 5733 13‘.

472 5736 521 5774 “
552 5738 681 5797 Luc.
717 5755 793 5808 ιι,
825 5740 917 5796 25.
