3934 6318
418 271 518 333 ‘27!
1407 286 1466 341 3.
1503 285 1772 343 οιειιιιι
1810 285 1979 343 Αιῑ]

2096 285 2276 341 DRINI
2314 285 2630 345 ARCHIEP.
3570 297 3687 355 I7!

420 407 619 462 χιμον,
657 392 754 462 οὐχ
815 391 998 446 ἵππων
1055 393 1444 464 πεφροντικὸς,
1477 396 1536 450 οὐ
1573 396 1826 467 χαλινῶν,
1874 397 1907 468 ἢ
1952 397 2233 466 φαλάρων,
2298 399 2603 467 μετανεῦον.
2660 400 2713 452 δὲ
2761 399 2957 469 μᾶλλον
3001 400 3076 465 εἷς
3111 418 3172 470 γε
3218 404 3278 457 τὸ
3328 407 3539 465 ἑλέσθαι
3569 413 3684 466 δεῖν

418 489 527 552 τοῖς
554 488 633 550 είς
668 487 870 559 ἀρετὴν
909 489 1000 542 καὶ
1030 488 1340 543 θεοσέΰειαν
1383 491 1703 562 διαπρέπειν
1748 493 2150 564 σπουδάσμασι.

488 576 716 634 Videtur
746 589 923 634 autem
953 579 1222 635 nonnullis
1249 582 1356 636 alio
1385 586 1542 638 modo
1583 585 1661 638 vis
1695 587 1979 653 prophetiae

2161 586 2320 637 Δοκεῖ
2367 584 2422 635 δέ
2476 601 2583 636 τισι
2630 586 2748 638 καθ’
2793 587 2978 657 ἕτερον
3028 589 3436 661 ὲκπεπεράνθαι
3480 600 3685 668 τρόπον

412 672 576 723 tinem
624 677 935 722 consecuta.
982 669 1148 724 Aiunt
1194 669 1338 726 enim
1372 673 1808 744 crucissignum
1861 675 1979 728 olim

2092 675 2193 744 τῆς
2230 675 2566 746 προφητείας
2598 675 2694 747 τὴν
2727 676 2976 744 δύναμιν.
3004 680 3143 732 Φασὶ
3186 682 3293 751 γὰρ
3326 685 3408 737 ὅτι
3451 686 3684 759 εὕρηται

407 775 533 814 cum
579 757 748 813 clavis
795 757 969 813 adhuc
1005 759 1185 816 inﬁxis
1235 762 1511 818 inventum
1566 778 1707 831 esse,
1759 779 1979 833 quorum

2095 766 2195 834 μὲν
2235 764 2376 818 κατὰ
2408 766 2630 835 καιροὺς
2663 765 2724 817 τὸ
2759 765 2854 818 τοῦ
2898 767 3134 838 σταυροῦ
3172 767 3344 836 ξύλον,
3392 757 3682 847 ἐμπεπαρ-

411 865 516 904 uno
555 861 806 919 accepto,
849 851 971 920 pius
1005 850 1391 908 Constantinus
1430 854 1643 910 curavit
1685 866 1743 910 ut
1774 857 1816 910 is
1848 871 1979 927 equo

2096 857 2286 926 μένους
2315 855 2394 909 ἔτι
2416 857 2540 919 τούς
2575 857 2737 926 ἥλους
2770 856 2918 927 ἕχον·
2959 851 3032 912 ὧν
3060 859 3154 912 ἕνα
3183 860 3363 914 λαϐὼν
3394 866 3422 916 ὁ
3448 867 3682 940 εὐσεϐὴς

412 955 510 996 suo
552 941 608 996 in
652 940 863 997 frenum
903 941 1270 1008 insereretur,
1304 945 1532 1000 credens
1579 961 1640 1002 se
1683 947 1847 1002 etiam
1892 964 1979 1018 per

2091 953 2515 1016 Κωνσταντῖνος,
2545 952 2638 1004 ἐπὶ
2665 949 2881 1021 χαλινὸν
2904 952 3158 1018 γενέσθαι
3188 954 3263 1024 τῷ
3287 955 3438 1028 ἵππῳ
3457 957 3535 1028 τῷ
3567 961 3684 1030 ἰδίῳ

414 1035 558 1089 hunc
608 1047 638 1087 a
699 1033 809 1089 Deo
870 1033 1304 1088 benedictionem
1365 1047 1804 1092 consecuturum.
1868 1036 1979 1092 Non

2091 1046 2518 1115 παρεσκεύασεν,
2539 1040 2887 1112 εὐλογεῖσθαι
2916 1045 3066 1116 παρὰ
3095 1045 3227 1098 Θεοῦ
3256 1049 3348 1101 καὶ
3375 1050 3462 1104 διὰ
3485 1053 3682 1107 τούτου

413 1123 732 1181 incredibile
763 1124 886 1194 quis
908 1123 1110 1179 dixerit
1145 1125 1309 1191 istud,
1335 1127 1379 1180 si
1416 1125 1488 1180 ita
1524 1137 1628 1192 est,
1662 1143 1762 1183 nec
1791 1129 1979 1183 decoro

2091 1135 2490 1197 πεπιστευκώς,
2534 1135 2647 1188 Οὐκ
2684 1135 2944 1190 ἀπίθανον
2988 1136 3045 1189 δὲ
3081 1137 3141 1190 τὸ
3184 1137 3373 1209 χρῆμα
3422 1143 3552 1215 φαίη
3594 1163 3682 1211 τις

410 1216 646 1272 alienum
701 1216 893 1269 merito
955 1215 1120 1284 813
1197 1215 1549 1286 intelligatur,
1606 1218 1657 1272 in
1721 1222 1979 1274 memoria

2091 1222 2172 1287 ἂν,
2221 1223 2379 1294 εἴπερ
2411 1217 2513 1275 ὦδε
2552 1223 2701 1294 ἔχει,
2753 1225 2848 1277 καὶ
2894 1225 2995 1277 οὐκ
3028 1226 3132 1290 ἔξω
3165 1226 3324 1295 λόγου
3376 1230 3679 1300 πρέποντος

413 1311 524 1361 Deo
555 1307 741 1372 fuisse,
789 1315 841 1360 et
873 1319 994 1360 eum
1043 1305 1354 1376 prephetica
1391 1307 1772 1376 praedicatione
1816 1309 1979 1363 hone-

2091 1315 2245 1364 νοοῖτ⁹
2274 1312 2338 1366 ἂν
2367 1314 2613 1379 εἰκότως,
2639 1315 2697 1368 τὸ
2732 1316 2826 1368 καὶ
2851 1317 2908 1369 ὲν
2937 1317 3126 1387 μνήμῃ
3155 1319 3496 1392 γενέσθαιτῇ
3526 1329 3682 1395 παρὰ

411 1413 566 1453 rassc
629 1399 1010 1466 imperatorem
1071 1395 1559 1464 religiosissimum.
1623 1398 1981 1452 l’lnrimorum

408 1489 554 1543 cnim
607 1487 990 1552 meminerunt,
1040 1495 1094 1540 et
1123 1486 1189 1542 de
1219 1486 1286 1541 iis
1328 1487 1606 1542 vaticinati
1654 1474 1980 1543 Stittt'sancli

409 1580 707 1649 propheta»,
738 1578 880 1631 sicut
924 1576 1177 1631 nimirum
1206 1576 1271 1630 de
1310 1574 1456 1630 Josia
1477 1577 1544 1638 ³¹,
1579 1587 1631 1630 et
1658 1578 1978 1645 quibusdam

409 1672 548 1726 aliis.
587 1669 892 1740 Aliquando
921 1676 975 1724 et
1000 1676 1299 1737 temporum
1328 1668 1709 1738 tranquillitas,
1733 1677 1786 1722 et
1813 1670 1980 1738 pietas

2087 1402 2225 1473 Θεῷ,
2247 1404 2340 1456 καὶ
2359 1408 2414 1458 ἐν
2440 1407 2742 1476 προρρήσει
2763 1407 3090 1478 τετιμῆσθαι
3117 1414 3422 1482 προφητικῇ
3451 1413 3682 1482 βασιλέα

2085 1496 2177 1546 τὸν
2228 1495 2637 1549 εὐσεϐέστατον.
2694 1489 2969 1550 Πλείστων
3028 1497 3137 1568 γὰρ
3191 1500 3329 1554 ὅσων
3382 1501 3680 1571 ἐποιήσατο

2088 1587 2310 1655 μνήμην
2335 1586 2429 1638 καὶ
2454 1585 2912 1660 προαναφώνησιν
2935 1589 3075 1641 κατά
3100 1591 3324 1662 καιροὺς
3369 1592 3476 1645 τῶν
3502 1593 3679 1662 ἁγίων

2085 1675 2377 1746 προφητῶν
2424 1678 2450 1729 ὁ
2487 1675 2675 1744 λόγος,
2711 1677 2960 1749 καθάπερ
2993 1679 3183 1750 ἀμέλει
3219 1682 3312 1734 καὶ
3346 1681 3550 1734 Ἰωσίου
3584 1684 3680 1735 καὶ

407 1780 504 1831 per
533 1777 627 1817 eos
670 1761 760 1832 qui
796 1761 848 1815 in
891 1760 1022 1830 ipsis
1075 1775 1258 1814 rerum
1305 1761 1586 1830 potiuntur
1629 1761 1979 1830 signiﬁcatur.

2091 1766 2289 1836 ἑτέρων
2318 1766 2498 1821 τινῶν.
2529 1766 2683 1819 Ἔσθ’
2713 1769 2802 1820 ὅτε
2832 1769 2888 1821 δὲ
2919 1769 3012 1822 καὶ
3057 1771 3090 1840 ἡ
3128 1770 3234 1824 τῶν
3280 1771 3489 1841 καιρῶν
3532 1775 3679 1841 ἡμε-

406 1855 552 1910 Nihil
586 1867 713 1924 ergo
759 1866 888 1906 vero
932 1850 1202 1917 absimile,
1247 1850 1290 1906 si
1319 1861 1376 1905 et
1409 1867 1550 1923 nunc
1583 1853 1842 1920 propheta
1882 1852 1979 1906 Za-

2091 1860 2250 1929 ρότης
2304 1858 2395 1910 καὶ
2433 1857 2681 1911 εὐσέϐεια
2726 1859 2815 1913 διὰ
2848 1859 2955 1914 τῶν
2997 1861 3054 1912 ὲν
3101 1861 3284 1924 αὐτοῖς
3327 1863 3684 1934 κρατούντων

406 1946 624 2000 cbarias
659 1944 737 1998 rci
768 1942 1034 2012 imprimis
1061 1942 1447 2003 memorandis,
1474 1943 1690 2011 Deoque
1723 1943 1896 2007 ehari,
1927 1951 1979 1998 et

2091 1949 2429 2020 σημαίνεται.
2473 1951 2639 2007 Οὐδὲν
2682 1951 2791 2022 ἄρα
2833 1951 2892 2004 τὸ
2935 1953 3177 2018 ἀπεικὸς,
3217 1955 3264 2006 εἰ
3308 1929 3677 2027 διαμέμνηται

409 2038 519 2092 veri
553 2051 617 2090 ac
654 2034 728 2105 pii
778 2033 1148 2102 imperatoris,
1194 2041 1246 2086 et
1288 2039 1590 2102 temporum
1637 2034 1887 2088 charitati
1927 2033 1978 2088 in

2091 2041 2174 2093 καὶ
2209 2037 2303 2094 νῦν
2341 2043 2368 2094 ὁ
2402 2041 2688 2112 προφήτης
2727 2043 3001 2114 Ζαχαρίας
3029 2043 3454 2112 ἀξιολογωτάτου
3487 2046 3675 2115 πράγ-

405 2127 686 2182 Christum
729 2124 1099 2179 dedicatorum
1139 2124 1408 2179 meminit.
1441 2125 1578 2178 Nam
1612 2134 1665 2179 et
1693 2126 1979 2194 imperato-

2091 2147 2275 2199 ματος,
2331 2131 2423 2182 καὶ
2455 2129 2739 2198 θεοφιλοῦς
2782 2131 3065 2200 βασιλέως,
3100 2131 3334 2202 ἀληθοῦς
3366 2148 3423 2184 τε
3455 2132 3550 2184 καὶ
3581 2132 3676 2185 εὐ-

408 2234 525 2273 rum
556 2231 725 2287 equos
747 2215 1010 2271 decorari
1037 2213 1187 2268 clavo
1216 2231 1250 2268 ε
1273 2213 1510 2284 pretiosa
1550 2231 1709 2269 cruce
1742 2226 1976 2284 sumpto,

2091 2222 2309 2289 σεϐοὖς,
2361 2223 2456 2276 καὶ
2503 2222 2710 2294 καιρῶν
2759 2223 3137 2294 ἀνακειμένων
3191 2227 3256 2294 τῇ
3312 2225 3390 2287 είς
3434 2223 3678 2294 Χριστὸν

407 2309 537 2377 quid
567 2308 709 2363 aliud
740 2306 898 2363 nobis
929 2321 1089 2376 quam
1121 2306 1408 2361 maximam
1437 2317 1484 2360 et
1518 2321 1703 2361 revera
1741 2307 1979 2361 admira-

2091 2315 2290 2384 ἀγάπῃ.
2322 2314 2394 2366 Τὸ
2427 2314 2535 2385 γὰρ
2582 2315 2645 2387 δὴ
2693 2315 2788 2368 καὶ
2826 2315 3088 2386 βασιλέων
3139 2316 3325 2379 ἵπποις
3365 2316 3675 2386 ὲμπρέπειν

407 2403 553 2456 tione
593 2401 808 2471 dignam
852 2401 1238 2470 imperatorum
1290 2399 1543 2466 pietatem
1580 2399 1979 2454 declaraverit?

2091 2410 2169 2462 τὸν
2199 2403 2327 2480 ἧλον
2369 2409 2477 2462 ἀπὸ
2509 2408 2601 2462 τοῦ
2651 2408 2834 2480 τιμίου
2877 2407 3150 2478 ληφθέντα
3179 2406 3438 2478 σταυροῦ,
3468 2407 3520 2459 τί
3553 2407 3675 2460 ἓτε-

2084 2517 2174 2571 ρον
2203 2502 2336 2570 ἡμῖν
2376 2501 2747 2570 ὐπεμφήνειεν
2779 2499 2867 2564 ἂν,
2898 2499 2929 2568 ἢ
2976 2497 3229 2564 πλείστην
3259 2498 3391 2568 ὅσην
3423 2498 3512 2550 καὶ
3553 2497 3673 2562 ἀξι-

2081 2591 2316 2659 άγαστον
2346 2589 2559 2660 ἀληθῶς
2586 2589 2692 2642 τῶν
2723 2589 3066 2661 κρατούντων
3096 2589 3414 2654 εὐσέϐειανς

2151 2681 2264 2735 Καὶ
2293 2681 2536 2734 ἔσονται
2579 2682 2632 2733 οἱ
2660 2665 2916 2746 λέϐητες
2943 2683 2995 2731 ol
3027 2678 3095 2731 ἐν
3127 2675 3204 2743 τῷ
3231 2678 3373 2740 οῖκῳ
3403 2674 3506 2730 τοῦ
3548 2681 3672 2731 Κυε

2075 2772 2215 2841 ρίου
2259 2772 2339 2837 ὠς
2387 2768 2593 2840 φιάλαι
2650 2769 2760 2837 πρὸ
2813 2769 3135 2838 προσώπου
3186 2769 3292 2822 τοῦ
3339 2771 3674 2838 θυσιαστη-

1257 2931 1261 2936 .
2077 2865 2234 2932 ρίου.

475 2947 632 3004 CXV.
674 2947 901 3001 Lebetes
939 2955 1095 3002 erant
1143 2945 1197 3002 in
1226 2959 1382 3001 sacro
1434 2947 1800 3015 tabernaculo,
1835 2958 1887 3004 et
1921 2950 1976 3004 in

2153 2951 2298 3009 PIE’.
2342 2955 2581 3024 Λέϐητές
2615 2943 2752 3024 ἦσαν
2787 2957 2843 3007 ἐν
2879 2951 2944 3025 τῇ
2977 2955 3112 3024 ἁγίᾳ¹
3147 2956 3318 3024 σκηνῇ
3362 2953 3454 3006 καὶ
3489 2954 3550 3006 ἔν’
3589 2952 3671 3022 τῷ

407 3042 606 3112 templo
634 3051 753 3110 post
789 3038 918 3093 illud
950 3049 1251 3106 exstructo,
1277 3040 1328 3093 in
1361 3040 1556 3110 quibus
1583 3041 1975 3097 sacriﬁciorum

2091 3049 2223 3118 μετὰ
2261 3045 2432 3102 ταῦτα
2481 3047 2973 3117 κατεσκευασμένῳ
3026 3045 3158 3115 ναῷ,
3216 3047 3275 3098 ἐν
3318 3039 3400 3108 οἷς
3444 3045 3512 3100 τὰ
3557 3043 3668 3097 τῶν

406 3148 600 3189 carnes
622 3131 1014 3201 coquebantur,
1047 3129 1459 3186 absumentibus
1483 3146 1579 3187 eas
1606 3133 1976 3189 sacerdotibus

2091 3139 2275 3194 θυσιῶν
2306 3139 2475 3209 ἥψετο
2499 3139 2657 3210 κρέα,
2688 3135 3048 3191 δαπανώντων
3078 3137 3215 3190 αὐτὰ
3250 3135 3359 3188 τῶν
3389 3135 3579 3206 ἱερέων
3610 3138 3675 3190 ὲν

407 3227 461 3278 in
492 3223 608 3278 loco
649 3232 863 3289 sancto,
896 3221 1013 3292 lege
1040 3221 1094 3275 id
1139 3220 1258 3275 ﬁeri
1291 3222 1613 3291 imperante,
1643 3239 1709 3279 ne
1736 3225 1978 3281 sanctiﬁ-

2091 3229 2238 3299 τόπῳ
2265 3221 2424 3298 ἁγίῳ,
2455 3229 2547 3280 καὶ
2576 3226 2730 3279 τοῦτο
2763 3227 2852 3278 τοῦ
2879 3227 3043 3297 νόμου
3068 3224 3338 3278 τελεῖσθαι
3361 3240 3665 3294 προστετα-

405 3323 526 3371 cata
557 3322 710 3367 extra
741 3320 930 3366 sancta
961 3310 1080 3366 loca
1109 3309 1457 3366 efferrentur.
1487 3313 1779 3383 Postquam
1800 3326 1979 3371 autem

2091 3321 2266 3391 χότος,
2295 3320 2369 3383 ὡς
2409 3319 2474 3373 ἂν
2525 3320 2598 3391 μὴ
2645 3312 2748 3384 ἔξω
2785 3337 2884 3373 που
2931 3319 3037 3373 τῶν
3087 3317 3248 3390 ἱερῶν
3291 3315 3677 3386 ἐκκομίζοιντο⁸

475 2683 545 2738 Et
579 2690 729 2737 erunt
756 2681 942 2738 lebetes
967 2681 1024 2737 in
1055 2681 1210 2736 domo
1231 2679 1444 2736 Domini
1476 2682 1614 2735 sicut
1643 2681 1835 2752 phiala:
1857 2691 1998 2748 ante~

404 2775 591 2844 faciem
623 2775 833 2828 altaris.

405 3405 685 3460 veteribus
735 3403 840 3458 illis
891 3401 1082 3458 ritibus
1128 3402 1341 3469 desitis,
1391 3405 1654 3474 mysteria
1701 3407 1859 3462 nobis
1915 3410 1981 3462 ad

405 3498 570 3551 aliam
608 3497 775 3552 divini
805 3495 983 3551 cultus
1028 3495 1294 3550 rationem
1341 3497 1693 3565 transierunt,
1739 3513 1839 3554 nec
1869 3515 1982 3554 am-

405 3589 548 3657 plius
581 3588 765 3643 ovium
801 3587 1236 3652 mactationibus,
1273 3595 1328 3642 et
1355 3588 1529 3655 thure,
1575 3590 1670 3646 sed
1697 3590 1982 3646 sacriﬁciis

406 3681 590 3750 potius
650 3678 951 3734 incruentis
999 3677 1372 3733 universorum
1426 3679 1640 3750 Deum,
1697 3682 1982 3753 ipsumque

409 3771 786 3826 universorum
820 3767 1157 3824 Salvatorem
1203 3769 1500 3838 Christum,
1535 3773 1819 3829 sacriﬁciis
1862 3789 1982 3844 qua:

409 3864 798 3932 intelliguntur,
836 3862 890 3916 in
921 3859 1178 3918 Ecclesiis
1199 3864 1476 3932 quomodo.
1497 3879 1818 3922 veneremur
1838 3866 1982 3920 docti

406 3967 612 4020 sumus,
665 3967 762 4022 pro
797 3951 1062 4008 lebetibus
1105 3952 1229 4009 aliis
1273 3955 1422 4010 vasis
1473 3956 1703 4023 utimur,
1745 3971 1880 4024 quas
1927 3965 1977 4010 et

407 4043 617 4113 phialas
651 4043 924 4114 propheta
975 4045 1078 4101 hoc
1106 4045 1238 4102 loco
1287 4045 1436 4102 dicit.
1487 4045 1611 4102 Haec
1657 4059 1820 4114 porro
1854 4061 1982 4102 vasa

406 4137 716 4194 bibentibus
768 4137 1210 4196 commodissima
1241 4155 1265 4196 ε,
1286 4147 1342 4194 ει
1391 4137 1655 4210 intelliget
1686 4141 1845 4210 plane
1893 4155 1983 4195 sa-

409 4231 564 4298 piens
597 4228 810 4284 auditor
842 4229 973 4299 quid
1018 4229 1377 4301 signiﬁcetur,
1425 4231 1640 4287 tametsi
1693 4234 1980 4289 obscurius

409 4335 572 4390 quam
593 4327 806 4389 oportet
841 4320 894 4376 id
911 4335 944 4376 a
962 4322 1119 4378 nobis
1145 4321 1346 4376 dictum
1370 4322 1465 4386 sit,
1490 4323 1742 4392 quoniam
1771 4322 1830 4378 in
1852 4322 1978 4378 abs-

408 4409 646 4464 conditis
696 4411 982 4467 narrandis
1015 4411 1295 4468 breviores
1341 4424 1464 4467 esse
1507 4412 1786 4469 debemus.
1837 4413 1981 4486 Ergo

407 4510 541 4555 tunc
566 4499 785 4570 quidem
827 4510 986 4564 erant
1030 4501 1236 4560 lebetes
1277 4516 1462 4560 :nunc
1506 4513 1690 4561 autem
1736 4523 1756 4560 ι
1784 4505 1979 4576 phialae

407 4600 536 4648 ante
562 4591 755 4650 faciem
790 4594 1000 4652 altaris.
1036 4613 1057 4647 ι

482 4867 644 4940 Vsus.
673 4866 763 4920 21.
805 4863 875 4918 Et
925 4864 1028 4919 erit
1077 4865 1248 4920 omnis
1294 4863 1429 4921 tabes
1475 4867 1530 4922 in
1571 4867 1889 4937 Jerusalem,
1929 4884 1976 4927 et

393 4959 447 5012 in
510 4957 658 5012 Juda
703 4969 916 5013 sanctus
965 4955 1192 5010 Domino
1245 4959 1610 5026 omnipotenti.
1664 4959 1733 5014 Et
1776 4964 1976 5016 venient

396 5065 478 5104 om
494 5067 584 5105 nes
623 5049 950 5104 immolantes
973 5086 989 5112 ,
1035 5058 1083 5102 et
1118 5058 1321 5104 sument
1362 5065 1427 5105 ea:
1459 5051 1584 5121 ipsis
1607 5090 1623 5116 ,
1672 5062 1720 5106 et
1755 5066 1973 5122 coquent

396 5141 452 5191 iu
497 5141 595 5194 eis.

477 5226 662 5284 CXVI.
705 5226 933 5281 Lebetas
962 5235 1138 5292 vocat,
1174 5229 1448 5286 veteribus
1470 5231 1644 5288 adhuc
1667 5234 1976 5292 nominibus

411 5337 566 5386 usus,
599 5334 725 5373 vasa
762 5319 1011 5388 mystica,
1033 5337 1151 5390 qum
1185 5331 1240 5376 et
1261 5333 1449 5378 sancta
1475 5335 1622 5392 sunt,
1649 5330 1972 5390 veneranda,

407 5424 464 5468 et
499 5409 734 5482 pretiosa
771 5410 934 5464 etiam
975 5413 1104 5481 ipsis
1139 5415 1231 5483 qui
1276 5415 1328 5468 in
1358 5413 1679 5483 Jerusalem,
1715 5420 1768 5474 id
1812 5429 1895 5474 est
1923 5422 1974 5474 iu

405 5502 652 5561 Ecclesia
695 5510 841 5568 sunt,
879 5503 1063 5574 utique
1093 5505 1290 5561 divinis
1315 5509 1691 5567 sacerdOtibus
1721 5520 1774 5568 et
1814 5513 1972 5565 mini-

489 5677 528 5707 ²¹
555 5679 622 5737 ιιι
655 5682 782 5753 Reg.
826 5697 942 5752 xm,
973 5683 1006 5736 ἓ
1035 5699 1168 5756 seqq

2087 3410 2279 3483 χώρων
2307 3410 2375 3464 τά
2404 3410 2736 3480 ήγιασμένα.
2778 3409 2994 3479 Ἐπειδὴ
3025 3408 3080 3461 δὲ
3108 3407 3216 3460 τῶν
3248 3406 3491 3478 ἀρχαίων
3521 3405 3666 3458 ἐκεί·

2086 3521 2192 3559 νων
2217 3503 2352 3556 ὲθῶν
2382 3503 2876 3574 ἀποπεπαυμένων,
2907 3503 2984 3565 εἰς
3021 3501 3204 3571 ἕτερον
3247 3501 3280 3570 ἠ
3291 3501 3380 3569 μίν
3407 3496 3667 3568 λατρείας

2084 3591 2286 3664 τρόπον
2317 3590 2742 3663 μετακεχώρηκε
2790 3589 2862 3645 ετά
2895 3591 3192 3660 μυστήρια,
3244 3589 3339 3640 καὶ
3383 3586 3665 3658 μηλοσφα-

2084 3685 2232 3754 γίαις
2269 3684 2367 3755 μὲν
2408 3684 2590 3737 οὐκέτι
2630 3684 2725 3738 καὶ
2759 3683 3097 3746 λιϐανωτοῖς,
3131 3678 3342 3742 θυσίαις
3368 3678 3423 3732 δὲ
3463 3677 3671 3748 μᾶλλον·

2082 3777 2201 3838 ταῖς
2225 3774 2580 3846 ἀναιμάκτοις
2600 3774 2688 3828 τὸν
2713 3774 2821 3827 τῶν
2835 3773 2970 3827 δλων
3001 3770 3424 3841 καταγεραίρειν
3440 3767 3575 3822 Θεὸν

2083 3855 2435 3930 διαπίστεως
2463 3864 2822 3936 ἅδιδάγμεθα
2849 3907 2864 3932 ,
2899 3864 2993 3918 καὶ
3018 3861 3180 3915 αὑτὸν
3215 3859 3419 3931 νοητῶς
3449 3861 3665 3930 ἱεροῡριι

2082 3958 2303 4029 γοῦντες
2329 3961 2386 4013 ὲν
2404 3959 2753 4028 Ἑκκλησίαις
2774 3959 2866 4013 τὸν
2888 3957 2994 4011 τῶν
3016 3955 3151 4010 ὅλων
3168 3953 3662 4026 ΣωτῆραΧριστόνί

2082 4050 2204 4105 ἀντὶ
2227 4049 2335 4104 τῶν
2355 4049 2600 4120 λεϐήτων
2621 4049 2828 4120 ἑτέροις
2854 4045 3170 4118 κεχρήμεθα
3194 4043 3444 4097 σκεύεσιν
3472 4044 3660 4114 ἱεροῖς,

2081 4140 2117 4196 ἃ
2140 4139 2206 4213 δὴ
2237 4140 2332 4194 καὶ
2357 4140 2553 4208 φιάλας
2585 4137 2771 4194 ἐνθάδε
2796 4139 2962 4209 φησιν
2991 4138 3020 4189 ὁ
3049 4135 3356 4206 προφήτης.
3392 4131 3571 4202 Σκεύη
3605 4132 3662 4185 δὲ

2079 4231 2253 4290 ταῦτα
2285 4233 2397 4296 τοῖς
2427 4232 2642 4285 πίνουσι
2673 4231 3092 4302 χρειωδέστατα,
3133 4227 3226 4281 καὶ
3258 4227 3478 4297 συνήσει
3523 4225 3665 4280 πάνο

2079 4336 2188 4388 τως
2208 4325 2237 4377 ὁ
2260 4321 2422 4392 σοφὸς
2447 4323 2721 4393 ἀκροατὴς
2744 4319 2839 4373 τοῦ
2864 4318 3265 4392 σημαινομένου
3286 4316 3382 4387 τὴν
3403 4314 3664 4386 δύναμιν,

2081 4417 2185 4472 κᾶν
2232 4416 2281 4470 sl
2316 4413 2684 4488 ἀμυδρότερὰν
2726 4430 2843 4476 me;
2888 4411 2923 4483 ἦ
2961 4411 3072 4482 χρὴ
3118 4411 3148 4462 ὁ
3202 4407 3329 4480 παρ’
3364 4405 3522 4478 ἡμῶν
3567 4423 3669 4460 πει-τ

2080 4507 2302 4578 ποίηται
2324 4506 2503 4577 λόγος,
2533 4506 2622 4561 διά
2654 4519 2736 4559 τοι
2761 4504 2823 4558 τὺ
2849 4502 2957 4557 δεῖν
2988 4498 3463 4573 περιεσταλμένως
3493 4500 3666 4550 ποιεῖ-

2007 4587 2056 4647 Ῐ)
2084 4597 2208 4652 σθαι
2241 4597 2340 4668 τὴν
2371 4597 2480 4651 τῶν
2517 4595 2916 4668 κεκρυμμένων
2958 4591 3254 4663 ἀφήγησιν.
3301 4586 3512 4642 οὐκοῦν
3538 4587 3665 4639 τότε

2087 4688 2183 4760 μὲν
2203 4683 2344 4758 ἦσαν
2365 4689 2414 4740 oi
2437 4685 2661 4758 λέϐητες
2679 4704 2692 4716 ·
2716 4685 2833 4740 νυνὶ
2863 4681 2918 4738 δὲ
2956 4703 2974 4736 ι
3010 4681 3195 4753 φιάλαι
3229 4679 3338 4752 πρὸ
3366 4676 3662 4748 προσώπου

2085 4780 2180 4834 τοῦ
2212 4779 2618 4852 θυσιαστηρίου.
2667 4798 2686 4831 ι

2154 4872 2264 4927 Kal
2297 4872 2464 4926 ἔσται
2510 4871 2628 4938 πᾶς
2657 4869 2841 4938 λέϐης
2883 4869 2953 4923 ἐν
3002 4863 3422 4935 Ἰερουσαλὴμ,
3465 4861 3561 4914 καὶ
3594 4861 3667 4913 ἐν

2084 4961 2164 5028 τῷ
2228 4961 2421 5031 Ἰούδᾳ
2476 4963 2638 5032 ἅγιος
2686 4959 2767 5026 τῷ
2816 4961 3009 5028 Κυρίῳ
3057 4953 3506 5024 παντοκράτορι.
3551 4949 3663 5004 καὶ

2085 5055 2305 5122 ἥξουσι
2335 5053 2556 5118 πάντες
2599 5057 2651 5107 οἱ
2691 5045 3092 5116 θυσιάζοντες,
3124 5046 3223 5101 καὶ
3252 5045 3550 5114 λήψονται
3591 5043 3663 5102 ἐξ

2083 5148 2300 5212 αὐτῶν,
2337 5146 2433 5200 καὶ
2461 5144 2808 5213 ἐψήσουσιν
2837 5143 2906 5196 ἐν
2946 5134 3148 5207 αὐτοῖς

2153 5240 2316 5306 Ριιῑν.
2358 5236 2605 5308 Λέϐητας
2648 5234 2934 5300 ἀποκαλεῖ,
2977 5232 3088 5298 τοῖς
3137 5228 3384 5302 ἀρχαίοις
3433 5223 3658 5294 ὀνόμασι

2083 5330 2425 5401 χρησάμενος
2459 5327 2559 5392 ἔτι,
2596 5326 2664 5379 τὰ
2693 5327 2859 5397 σκεύη
2893 5325 2962 5377 τὰ
3011 5323 3267 5394 μυστικὰ,
3297 5319 3331 5373 ἂ
3375 5317 3468 5370 καὶ
3515 5316 3660 5367 ἔστιν

2084 5423 2246 5488 ἆγια,
2300 5421 2474 5473 σεπτὰ
2516 5436 2576 5471 τε
2631 5420 2722 5471 καὶ
2764 5418 2921 5488 τίμια
2962 5417 3054 5468 καὶ
3090 5415 3274 5475 αὐτοῖς
3319 5413 3434 5474 τοῖς
3490 5409 3548 5459 ὲν
3591 5408 3656 5474 τῇ

2094 5513 2470 5584 Ἰερουσαλὴμ,
2504 5513 2671 5582 ἤγουν
2705 5512 2769 5579 τῇ
2815 5505 3132 5577 Ἐκκλησία,
3173 5504 3330 5573 δῆλον
3359 5501 3413 5553 δὲ
3440 5499 3520 5551 ὅτι
3549 5496 3661 5557 τοῖς
