3934 6318
220 395 320 453 απ

1034 394 1585 457 COMMENTARIUS
1616 397 1688 455 lN
1726 397 2128 457 ZACHARIAM
2168 384 2613 458 PROPHETAM.

3370 408 3476 464 ιη

225 510 379 573 θείοις
426 506 763 582 ίιρουργοῐς,
815 508 909 565 καὶ
958 512 1084 583 παρ’
1139 511 1290 584 αὒτῷ
1338 513 1396 567 δὲ
1451 514 1530 586 τῷ
1603 515 1836 587 Ἰούδᾳη

1931 508 2049 572 tris.
2079 515 2142 569 Et
2171 528 2383 570 rursum
2417 517 2555 585 apud
2588 516 2761 586 ipsum
2797 513 2958 585 Juda,
2992 515 3043 572 id
3079 524 3182 584 est,
3219 519 3479 588 spiritua-

228 598 466 653 τουτέστι
503 599 690 665 πάλιν,
724 602 836 663 τοῖς
863 599 963 672 τὴν
992 601 1052 655 ὲν
1085 603 1354 675 πνεύματι
1383 603 1609 675 λαχοῦσι
1645 623 1800 675 περιο

226 694 424 763 τομήνο
478 687 592 747 εἷεν
641 692 686 747 δ’
736 692 803 747 ἂν
849 688 995 748 οὗτοι
1044 694 1205 749 πάλιν
1260 698 1307 749 οἱ
1354 698 1798 760 πεπιστευκότες.

229 784 360 853 Παρ’
387 783 603 846 οὐδενὸς
626 783 735 852 γὰρ
763 783 900 846 ὅλως
924 784 1005 846 είς
1036 784 1219 854 κοινὴν
1242 784 1578 855 λαμϐάνεται
1608 787 1801 857 χρείαν

228 872 319 928 τοῦ
367 874 522 944 ἁγίου
571 875 956 945 θυσιαστηρίου
1004 874 1073 928 τὰ
1120 875 1307 946 σκεύη,
1345 876 1458 929 ἀλλ’
1508 878 1674 941 ἔστιν,
1727 878 1804 941 ὡς

231 964 384 1037 ἔφην,
437 966 592 1034 ἁγια,
649 966 742 1019 καὶ
788 968 869 1028 είς
911 965 1070 1031 δόξαν
1118 966 1252 1018 Θεοῦ
1283 969 1650 1039 τετηρημένα,
1710 969 1806 1022 καὶ

234 1057 420 1127 μόναις
462 1059 584 1120 ταῖς
630 1057 843 1127 χρείαις
879 1057 1174 1128 ὑπηρετεῖν
1222 1059 1446 1111 εἰωθότα
1494 1059 1594 1127 τῆς
1644 1060 1805 1127 ἁγίας

231 1149 525 1220 τραπέζης,
558 1149 624 1201 δι’
658 1147 837 1201 αύτῶν
865 1165 925 1201 τε
965 1149 1063 1202 καὶ
1107 1150 1166 1202 ὲν
1196 1150 1379 1213 αὐτοῖς
1416 1152 1472 1204 αἱ
1504 1149 1610 1202 τῶν
1642 1168 1807 1221 προσ-

232 1242 470 1309 αγόντων
518 1240 800 1293 τελοῦνται
860 1240 1064 1305 θυσίαι,
1118 1241 1216 1311 οὐχ
1262 1242 1494 1295 ἑκάστου
1551 1241 1808 1313 φέροντος

234 1333 364 1387 ῐδιον
395 1329 588 1395 σκεῦος
609 1371 624 1397 ,
653 1332 909 1387 ἁπάντων
945 1332 1002 1386 δὲ
1039 1332 1221 1404 μόνοις
1245 1333 1358 1397 τοῖς
1404 1333 1568 1405 ἱεροῖς
1606 1347 1810 1403 κεχρη-

234 1424 431 1494 μένων.
472 1442 492 1476 t
529 1425 645 1488 Πᾶς
669 1424 779 1496 γὰρ
804 1424 969 1496 λέϐης
1001 1426 1157 1494 ἁγιος
1196 1425 1370 1491 ἔσται,
1405 1425 1558 1496 φησι,
1582 1423 1660 1494 τῷ
1690 1425 1809 1478 Κυ-

235 1520 355 1591 ρίῳ.
400 1538 420 1572 ι
455 1517 667 1574 Οὐκοῦν
705 1517 1013 1587 διαλέγεται
1066 1518 1168 1588 μὲν
1209 1519 1238 1571 ό
1282 1519 1568 1590 προφήτης
1607 1517 1682 1581 ὡς
1714 1515 1809 1571 ἐπὶ

232 1608 431 1664 θυσιῶν
454 1610 533 1663 ἐτι
548 1608 656 1664 τῶν
675 1609 817 1664 κατὰ
841 1609 1007 1679 νόμον
1030 1648 1045 1672 ,
1074 1609 1331 1678 λέϐητάς
1344 1625 1403 1662 τε
1426 1608 1519 1663 καὶ
1548 1608 1811 1677 ἕψουσιν

232 1701 517 1772 ὸνομὰζει’
573 1702 841 1773 νοήσομεν
890 1702 947 1755 δὲ
993 1701 1309 1772 πρέποντως
1361 1702 1520 1772 ἡμεῖς
1565 1701 1678 1763 τοῖς
1722 1698 1812 1753 διὰ

235 1790 472 1859 Χριστοῦ
505 1793 736 1863 καιροῖς.
777 1791 1149 1861 Οἰκονομικῶς
1192 1791 1249 1844 δέ
1288 1807 1469 1861 φαμεν
1513 1790 1809 1860 ἁσυμφανῆ

1904 606 2006 661 lem
2057 606 2525 661 circumcisionem
2572 607 2825 671 sortitos,
2856 606 2953 676 qui
3004 607 3133 661 item
3163 607 3333 682 814
3360 626 3480 668 cre-

1905 696 2091 752 dentes
2138 710 2258 751 esse
2303 700 2549 766 possunt.
2618 694 2663 748 A
2723 694 2872 749 nullo
2922 693 3066 749 enim
3127 710 3349 763 prorsus
3411 702 3479 753 ad

1904 802 2244 843 communem
2294 802 2451 842 usum
2502 787 2644 842 sacri
2707 786 2894 841 altaris
2953 801 3080 842 vasa
3135 788 3480 853 adhibentur,

1905 879 1997 933 sed
2030 889 2177 945 sunt,
2212 886 2272 933 ut
2293 878 2424 947 dixi,
2454 888 2665 944 sancta,
2687 886 2743 933 et
2774 880 2841 933 ad
2874 878 2961 935 Dei
2992 878 3217 948 gloriam
3241 890 3481 947 servata,

1906 978 1961 1024 et
2002 970 2133 1026 solis
2160 971 2346 1025 usibus
2375 984 2544 1025 sacrae
2577 985 2777 1025 mensa:
2810 971 3123 1027 ministrare
3149 973 3306 1029 solita
3338 989 3357 1030 :
3389 988 3486 1042 per

1908 1060 2130 1129 ipsaque
2175 1069 2227 1115 et
2261 1061 2314 1115 in
2365 1060 2497 1132 ipsis
2545 1057 2893 1115 on‘erentium
2943 1061 3211 1119 sacriﬁcia
3242 1078 3489 1117 consum-

1908 1160 2145 1217 mantur,
2193 1166 2297 1207 non
2344 1165 2670 1222 unoquoque
2722 1166 2878 1206 suum
2932 1167 3026 1209 vas
3060 1151 3343 1218 afferente,
3390 1153 3488 1207 sed

1907 1242 2158 1296 omnibus
2190 1240 2322 1295 solis
2350 1242 2522 1295 sacris
2565 1241 2865 1297 utentibus.
2904 1261 2923 1295 ι
2956 1243 3143 1298 Omnis
3169 1243 3313 1299 enim
3343 1242 3490 1297 lebe-

1909 1343 2132 1389 sanctus
2187 1333 2294 1389 erit
2355 1333 2625 1401 Domino,
2673 1351 2694 1387 ι
2766 1334 2963 1405 inquit.
3023 1335 3210 1406 Itaque
3269 1336 3492 1391 disserit

1908 1424 2126 1496 quidem
2161 1424 2421 1495 propheta
2456 1434 2516 1479 ut
2550 1427 2618 1481 de
2659 1427 2946 1484 sacriﬁciis
2986 1428 3164 1483 adhuc
3205 1428 3489 1498 legalibus,

1909 1516 2100 1572 lebetas
2141 1524 2345 1583 autem,
2395 1527 2449 1571 et
2500 1529 2720 1587 coquont
2773 1519 2926 1587 dicit,
2960 1521 3105 1589 quod
3157 1534 3255 1575 nos
3294 1532 3492 1574 conve-

1911 1607 2124 1663 nienter
2166 1607 2503 1679 temporibus
2550 1607 2756 1665 Christi
2803 1611 3189 1683 intelligemus.
3244 1610 3494 1667 Glcono-

1913 1700 2054 1756 mice
2080 1714 2248 1770 porro
2272 1709 2593 1756 sanctorum
2622 1702 3012 1773 prophetarum
3047 1717 3356 1757 sermonem
3392 1701 3495 1755 ohv

1914 1804 2159 1857 scurum,
2186 1801 2245 1847 et
2270 1806 2374 1846 non
2407 1792 2726 1862 simpliciter
2760 1794 3015 1848 omnibus
3065 1793 3309 1863 planum,
3357 1792 3492 1847 dici~

232 1882 503 1951 γενέσθαι,
537 1885 630 1937 καὶ
658 1884 717 1939 οὐ
765 1885 930 1938 πᾶσιν
958 1884 1145 1947 ἁπλῶς
1170 1883 1485 1953 ἐκκείμενον
1509 1882 1618 1936 τῶν
1641 1879 1812 1949 ἁγίων

1925 1895 2055 1949 mus,
2089 1895 2158 1937 ne
2186 1882 2480 1953 projiciant
2503 1896 2629 1937 eum
2667 1885 2894 1940 canibus
2921 1886 2969 1917 "
2992 1926 3007 1950 ,
3047 1899 3222 1954 neque
3252 1882 3496 1954 profanis

233 1975 529 2047 προφητῶν
560 1976 651 2029 τὸν
678 1975 857 2044 λόγον,
881 1976 967 2031 ἵνα
1000 1975 1074 2046 μὴ
1112 1972 1420 2046 βὰλ[λ]ηται
1461 1972 1598 2045 πρὸς
1633 1970 1811 2026 αὐτῶν

231 2070 347 2130 τοῖς
380 2068 525 2130 κυσὶ,
559 2068 696 2138 μήτε
729 2068 835 2137 μὴν
856 2070 967 2131 τοῖς
992 2066 1237 2137 βεϐήλοις
1261 2066 1354 2119 καὶ
1389 2064 1813 2139 βδελυρωτάτοις

229 2161 261 2211 6
297 2158 476 2229 μόνοις
503 2159 727 2229 πρέπων
765 2159 940 2228 ἁγίοις
976 2157 1386 2228 ὲκκαλύπτηται
1417 2158 1593 2226 λόγος.

306 2251 415 2304 Καὶ
445 2251 556 2304 οὐκ
585 2249 758 2304 ἔσται
794 2250 1127 2318 Χαναναῖος
1162 2254 1273 2305 οὐκ
1310 2250 1397 2304 ἔτι
1425 2252 1496 2303 ἐν
1516 2250 1660 2313 οἴκῳ
1696 2252 1813 2303 Κυ-

220 2341 366 2409 ρίου
410 2338 889 2409 παντοκράτορος
916 2341 986 2395 ἐν
1015 2340 1089 2410 τῇ
1128 2340 1317 2410 ἡμέρᾳ
1340 2341 1565 2408 ἐκείνῃ.

152 2434 157 2439 ’
311 2434 453 2486 ΡΙΖ’.
493 2432 700 2500 Σαθρόν
737 2449 797 2485 τε
844 2434 938 2487 καὶ
967 2432 1350 2486 εύδιὰκλαστον
1393 2432 1503 2484 τῶν
1534 2429 1818 2506 ἀρχαιοτέ-

230 2542 349 2596 ρων
372 2525 463 2578 τὸν
499 2523 622 2576 νοῦν
643 2523 849 2578 κατίδοι
876 2542 961 2588 τις
988 2524 1075 2591 ἂν,
1106 2526 1201 2579 καὶ
1226 2524 1572 2594 ταλαίπωρον
1595 2524 1813 2593 κομιδῇ.

229 2616 617 2689 Λελύτρωνται
668 2619 764 2687 μὲν
815 2617 874 2683 ἐξ
922 2616 1200 2685 Αἰγύπτου
1250 2616 1339 2670 διὰ
1379 2615 1622 2678 Μωσέως
1662 2617 1713 2668 οἱ
1760 2616 1819 2683 ἐξ

242 2710 485 2781 Ἰσραὴλ,
521 2711 615 2764 καὶ
650 2694 751 2780 τῆς
780 2710 1054 2780 ἀφορήτου
1083 2710 1330 2773 δουλείας
1374 2710 1691 2763 ἀπεσείοντο
1728 2709 1820 2762 τὸν

229 2802 401 2870 ζυγὸν
422 2844 436 2868 ,
480 2802 747 2857 πλείστων
775 2819 833 2854 τε
864 2802 1003 2855 ὅσων
1031 2802 1125 2855 καὶ⁸
1154 2801 1499 2869 ἀξιαγάστων
1528 2804 1613 2855 ἐπ’
1640 2802 1823 2865 αὐτοῖς

227 2894 637 2964 τετελεσμένων
659 2893 920 2965 σημείων,
944 2892 1172 2965 ἐξῄεσαν
1201 2894 1373 2964 μόλις⁹
1403 2893 1823 2965 διεϐιϐάσθησαν

227 2986 294 3039 δὲ
344 2984 437 3038 καὶ
482 2984 571 3037 διὰ
620 2985 896 3055 θαλάσσης
942 2984 1134 3053 αὐτῆς,
1190 2984 1579 3055 κατεδηδόκασί
1626 3002 1688 3037 τε
1735 2984 1823 3038 τὸν

227 3079 410 3148 ἄρτον
436 3075 526 3129 τὸν
554 3077 613 3141 ἐξ
636 3076 888 3148 ούρανοῦ,
916 3077 1012 3131 καὶ
1040 3076 1183 3147 ὕδωρ
1214 3078 1278 3129 ὲκ
1308 3076 1513 3147 πέτρας
1544 3077 1823 3147 ἀδοκήτως

229 3167 566 3236 ἐκκομισθὲν
592 3169 648 3219 ἐν
673 3169 739 3236 τῇ
770 3164 1308 3236 ὲρήμῳ’πεπώκασι.
1341 3164 1406 3216 Τί
1446 3159 1538 3216 οὖν
1570 3164 1619 3216 οἱ
1662 3162 1825 3216 τάλα-

1914 1980 1965 2029 et
2004 1972 2344 2030 detestandis
2379 1972 2649 2029 reveletur
2670 1975 2919 2042 verbum,
2947 1976 3090 2049 quod
3116 1974 3257 2031 solos
3279 1983 3498 2030 sanctos

1912 2064 2084 2121 decet.

1984 2243 2055 2299 Et
2102 2259 2207 2299 non
2259 2245 2359 2301 erit
2399 2245 2541 2300 ultra
2584 2244 2921 2302 Chananeus
2974 2247 3030 2300 in
3076 2244 3232 2299 domo
3284 2240 3504 2299 Domini

1916 2341 2286 2406 omnipotentis
2319 2339 2375 2394 in
2406 2340 2491 2394 die
2516 2339 2633 2395 illa.

1988 2429 2192 2488 CXVII.
2231 2429 2529 2498 lnlirmam,
2572 2441 2628 2486 et
2664 2429 2912 2502 fragilem
2959 2439 3202 2485 veterum
3238 2438 3498 2496 mentem,

1918 2530 1971 2574 et
1994 2522 2248 2579 miseram
2281 2522 2436 2578 valde
2470 2522 2654 2578 videre
2682 2537 2873 2593 queas.
2918 2522 3157 2578 Liberali
3192 2533 3319 2577 sunt
3354 2524 3497 2579 enim

1919 2629 1984 2669 ex
2044 2613 2279 2686 Egypto
2330 2629 2429 2685 per
2477 2614 2661 2670 Mosen
2714 2614 2997 2680 Israelita,
3047 2621 3101 2669 et
3148 2614 3500 2668 intolerabile

1922 2707 2203 2761 servitutis
2226 2706 2417 2777 jugum
2450 2716 2832 2777 excusserunt,
2871 2708 3137 2777 longeque
3166 2706 3415 2777 plurimis
3447 2715 3503 2762 et

1925 2797 2334 2853 admirabilibus
2383 2798 2555 2867 signis
2596 2797 2650 2851 in
2685 2812 2745 2853 se
2787 2796 2949 2852 editis
2982 2797 3197 2852 tandem
3227 2798 3501 2865 exierunt,

1924 2890 2368 2960 transieruntque
2395 2905 2493 2960 per
2518 2904 2669 2945 mare
2699 2891 2898 2959 ipsum,
2924 2891 3280 2946 comederunt
3308 2904 3503 2959 panem

1926 2983 1992 3036 de
2024 2981 2185 3044 coelo,
2222 2990 2277 3036 et
2311 2996 2506 3051 aquam
2539 2983 2603 3037 de
2642 2990 2795 3051 petra
2846 2985 3219 3050 inexspectato
3252 2982 3502 3035 eductam

1927 3073 1980 3125 in
2028 3071 2320 3127 solitudine
2354 3074 2694 3129 biberunt”.
2722 3073 2861 3140 Quid
2902 3075 3064 3144 igitur
3098 3073 3327 3128 miseri?
3352 3074 3506 3127 Mose

1929 3164 2176 3229 absente,
2198 3163 2421 3218 vitulum
2448 3164 2752 3220 conﬂarunt
2775 3164 2840 3227 “,
2860 3174 2914 3218 et
2932 3174 2985 3218 ut
3012 3164 3272 3235 propheta
3301 3164 3463 3218 habet
3487 3176 3506 3216 :

229 3276 361 3324 νες;
410 3257 965 3327 Μεμοσχοποιήκασιν
1013 3256 1245 3318 ἀπόντος
1292 3254 1555 3318 Μωσέως,
1604 3254 1697 3307 καλ⁵
1748 3253 1822 3317 ὡς

1935 3274 1952 3306 ι
1986 3253 2356 3325 Susceperunt
2408 3257 2815 3311 tabernaculum
2859 3256 3091 3321 Moloch,
3134 3266 3189 3312 et
3224 3258 3373 3313 sidus
3412 3256 3504 3310 Dei

230 3353 264 3404 6
314 3353 599 3421 προφήτης
648 3349 831 3419 φησὶν,
893 3367 911 3399 ι
982 3345 1270 3399 Ἀνέλαϐον
1322 3344 1421 3412 τὴν
1470 3345 1676 3416 σκηνὴν
1728 3344 1821 3397 τοῦ

230 3441 441 3510 Μολδχ,
487 3443 582 3493 καὶ
620 3439 681 3492 τὸ
713 3440 910 3510 ἄστρον
942 3437 1036 3491 τοῦ
1066 3436 1199 3490 Θεοῦ
1228 3435 1404 3489 αὐτῶν
1448 3426 1671 3505 Ῥεφὰν,
1698 3436 1826 3500 τοὺς

230 3534 444 3597 τύπους
488 3531 580 3596 οὒς
616 3532 946 3602 πεποιήκασι
999 3523 1336 3599 προσκυνεῖν
1361 3529 1563 3592 αὐτοῖς.
1613 3548 1631 3581 ι
1686 3528 1823 3581 Ἀλλ’

230 3630 463 3680 ἐκεῖνοι·
494 3627 592 3696 μὲν
642 3622 945 3678 διολώλασι.
1008 3641 1027 3672 ι
1092 3621 1357 3678 Πέπτωκε
1396 3621 1506 3692 γὰρ
1558 3619 1627 3673 τὰ
1677 3620 1825 3673 κῶλα

232 3720 427 3774 αὐτῶν
456 3720 512 3771 ὲν
552 3720 616 3788 τῇ
656 3718 866 3788 ἐρήμῳ,
908 3734 927 3767 ›
964 3713 1107 3769 καθὰ
1134 3714 1463 3784 γέγραπται.
1511 3712 1731 3782 Ἐπειδὴ
1771 3714 1827 3766 δὲ

231 3809 501 3879 διέϐησαν
524 3808 615 3861 τὸν
649 3807 917 3878 Ἰορδάνην
938 3806 986 3858 οἱ
1015 3804 1129 3875 μετ’
1149 3804 1367 3866 αὐτοὺς,
1393 3802 1826 3873 στρατηγοῦντος

248 3900 458 3970 Ἰησοῦ,
504 3898 663 3952 πάλιν
714 3896 807 3950 τοῦ
852 3895 1044 3966 χρόνου
1091 3893 1497 3965 προϐαίνοντος,
1540 3891 1827 3959 γεγονότες

236 3992 355 4046 ὑπὸ
396 3989 610 4061 κριτὰς,
640 3988 1033 4059 λελατρεύκασι
1064 3987 1176 4048 τοῖς
1220 3982 1477 4047 εἰδώλοις.
1528 3982 1691 4038 Ἀλλὰ
1733 3984 1830 4038 καὶ

235 4088 303 4139 ὲν
355 4088 564 4155 καιροῖς
608 4082 725 4136 τῶν
746 4081 911 4150 ἁγίων
945 4080 1241 4151 προφητῶν
1283 4076 1545 4130 τεθύκασι
1586 4078 1707 4139 ταῖς
1738 4076 1831 4129 δα-

238 4176 449 4249 μὰλεσι
480 4178 598 4238 ταῖς
627 4176 875 4245 χρυσαῖς,
910 4172 976 4235 ἂς
1011 4171 1312 4240 πεποίηκεν
1348 4172 1529 4234 αὐτοῖς
1559 4172 1587 4222 6
1619 4169 1830 4239 ὲπόιραο

235 4286 342 4331 τος
382 4266 681 4339 Ἱεροϐοάμ.
719 4266 826 4319 Καὶ
860 4264 997 4335 πρὸς
1033 4262 1241 4326 τούτοις
1282 4262 1361 4314 ἔτι
1392 4262 1592 4332 τεμένη
1638 4279 1695 4314 τε
1736 4262 1831 4314 καὶ

240 4362 471 4433 βωμοὺς
502 4360 838 4425 ἀνιστάντες,
874 4357 1025 4418 οὐδὲν
1050 4351 1212 4427 ἧττον
1249 4356 1729 4425 προσκεκυνήκασι
1754 4353 1831 4424 τῷ

236 4456 414 4521 Βαὰλ,
448 4456 525 4526 τῷ
550 4453 776 4525 Χαμὼς,
809 4456 874 4524 τῇ
919 4436 1209 4521 Ἀστάρτῃ,
1240 4450 1326 4525 τῷ,
1347 4447 1688 4519 Βεελφεγώρ.
1721 4448 1832 4501 Καὶ

235 4551 303 4603 τὸ
336 4549 544 4602 τούτων
575 4546 831 4599 ἐπέκεινα
860 4544 968 4597 τῶν
1000 4543 1206 4603 κακῶν,
1247 4542 1317 4594 οὑν
1342 4539 1450 4611 γὰρ
1488 4540 1551 4610 δὴ
1580 4541 1679 4611 τήν
1705 4540 1832 4607 ἀγε-

236 4643 405 4696 λαίαν
446 4640 542 4694 καὶ
582 4638 898 4709 συρφετώδη
941 4634 1154 4705 πληθὺν
1196 4633 1364 4703 μόνην
1409 4634 1466 4685 ὲν
1496 4631 1705 4694 τούτοις
1735 4647 1829 4699 γε-

236 4730 434 4785 νέσθαι
469 4728 685 4798 φαμὲν,
718 4727 851 4779 ἁλλὰ
880 4726 988 4796 γὰρ
1017 4725 1112 4778 καὶ
1155 4722 1213 4788 ἐξ
1259 4721 1436 4776 αὐτῶν
1476 4722 1585 4774 τῶν
1639 4722 1827 4791 ἱερέων
1876 4728 1879 4729 ⁷

237 4820 639 4883 ὲκκεκλικότας
696 4817 924 4883 πολλοὺς
997 4816 1321 4887 εὑρήσομεν.
1386 4812 1675 4884 Τοιγάρτοι
1735 4812 1830 4866 καὶ

240 4913 451 4983 ἔφασκε
482 4910 571 4966 διὰ
602 4908 697 4963 τοῦ
740 4909 1021 4980 προφήτου
1064 4909 1092 4959 6
1143 4905 1308 4969 Θεόςο
1356 4920 1375 4955 ι
1413 4905 1474 4956 Oi
1513 4904 1674 4973 ἱερεῖς
1729 4902 1831 4954 οὐκ

238 5000 407 5056 εἶπαν
427 5022 441 5034 ·
472 5001 586 5057 Ποῦ
631 5004 746 5055 εστι
787 4999 990 5071 Κύριος
1016 5016 1031 5065 ;
1080 4998 1175 5051 καὶ
1205 4998 1252 5049 οί
1286 4995 1633 5066 ἀντεχόμενοι
1661 4996 1826 5064 νόμου

236 5095 349 5147 οὐκ
381 5091 681 5162 ἠπίσταντὸ
713 5108 799 5162 με,
840 5090 935 5143 καὶ
958 5091 1005 5142 οἱ
1036 5087 1292 5158 ποιμένες
1321 5086 1552 5157 ἠσέϐουν
1590 5087 1668 5147 εἰς
1705 5084 1826 5153 ἐμὲ,

237 5186 344 5238 καὶ
381 5188 430 5238 oi
474 5184 753 5256 προφῆται
799 5182 1170 5253 προεφήτευον
1211 5182 1277 5250 τῇ
1322 5177 1488 5241 Βαὰλ,
1525 5177 1619 5229 καὶ
1653 5177 1831 5229 ὀπίσω

1926 3347 2167 3417 ipsorum
2208 3348 2513 3418 Rhempha,
2569 3349 2771 3419 ﬁguras
2808 3364 2945 3418 quas
2985 3350 3229 3405 fecerunt
3274 3350 3507 3404 adorare

1928 3454 2019 3493 eas
2040 3440 2107 3497 “:
2138 3458 2157 3491 ›
2186 3437 2293 3494 Sed
2315 3439 2388 3494 illi
2409 3441 2623 3511 quidem
2644 3442 2939 3511 perierunt.
2966 3462 2985 3496 ι
3009 3443 3333 3499 Ceciderunt
3361 3443 3505 3497 cnim

1929 3533 2169 3586 membra
2240 3547 2428 3587 eorum
2494 3534 2548 3587 in
2632 3536 2887 3600 deserto,
2939 3555 2957 3587 ι
3030 3536 3171 3590 sicut
3238 3536 3502 3604 scriptum

1930 3625 2098 3678 est“.
2133 3623 2230 3678 Ast
2257 3624 2347 3678 ubi
2383 3626 2585 3693 posteri
2612 3641 2796 3680 eorum
2825 3626 3114 3682 Jordanem
3149 3628 3507 3693 transierunt,

1931 3715 2064 3770 duce
2094 3714 2279 3781 Josue,
2312 3717 2507 3772 deinde
2537 3719 2863 3784 procedente
2907 3728 3150 3788 tempore
3184 3720 3285 3774 sub
3306 3719 3505 3790 judici-

1930 3807 2030 3861 bus
2066 3805 2303 3872 fuerunt,
2356 3809 2664 3863 servierunt
2703 3810 2878 3865 idolis.
2914 3810 3018 3865 Sed
3065 3819 3119 3865 et
3176 3810 3510 3880 temporibus

1932 3907 2246 3953 sanctorum
2288 3899 2672 3969 pr0phetarum
2718 3902 3164 3957 sacriﬁcaverunt
3194 3902 3379 3957 vitulis
3412 3918 3513 3956 au-

1932 3988 2060 4050 reis,
2106 4002 2244 4056 quos
2268 3988 2349 4043 eis
2381 3987 2511 4044 fecit
2550 3989 2871 4048 maledictus
2894 3990 3271 4047 Jeroboam”.
3306 3991 3371 4045 Et
3421 3991 3507 4045 in-

1932 4095 2096 4149 super
2125 4082 2368 4148 delubra,
2402 4092 2457 4136 et
2494 4098 2618 4137 aras
2653 4084 2946 4153 erigentes,
2983 4083 3333 4141 nihilominus
3360 4086 3511 4151 Baal,

1932 4169 2190 4236 Chamos,
2230 4171 2507 4237 Astarten,
2541 4170 2872 4243 Beelphegor
2911 4174 3230 4229 adorabant.
3275 4176 3339 4230 Et
3371 4179 3512 4245 quod

1934 4263 2093 4317 malis
2124 4263 2243 4318 istis
2282 4263 2457 4334 pejus,
2508 4278 2614 4318 non
2648 4263 2918 4332 plebeium
2966 4274 3017 4320 et
3054 4266 3290 4335 ignobile
3321 4270 3512 4339 vulgus

1936 4363 2143 4410 tantum
2192 4356 2247 4410 in
2278 4356 2364 4411 his
2397 4355 2571 4411 fuisse
2600 4357 2850 4423 dicimus,
2901 4359 2994 4413 sed
3030 4374 3095 4412 ex
3146 4360 3263 4428 ipso
3299 4377 3513 4429 quoque

1935 4446 2278 4503 sacerdotum
2307 4448 2501 4508 ordine
2527 4451 2728 4503 multos
2761 4447 3044 4504 deﬂexisse
3073 4460 3307 4505 constat.
3334 4452 3513 4517 Quare

1935 4543 1991 4592 et
2024 4549 2120 4606 per
2154 4538 2473 4608 pr0pheta'm
2509 4539 2726 4594 dicebat
2758 4539 2898 4594 Deus
2932 4556 2946 4592 :
2982 4558 2999 4591 ι
3032 4540 3356 4595 Sacerdotes
3407 4557 3511 4595 non

1936 4631 2231 4688 dixerunt:
2266 4631 2367 4687 Ubi
2419 4641 2503 4686 est
2548 4631 2849 4686 Dominus?
2878 4642 2933 4687 et
2975 4634 3291 4703 proﬁtentes
3339 4633 3511 4703 legem

1936 4738 2040 4777 non
2080 4724 2445 4792 agnoscebant
2489 4738 2594 4789 me,
2622 4733 2675 4778 et
2701 4724 2864 4795 815
2890 4734 3138 4795 pastores
3189 4725 3353 4793 impie
3385 4740 3511 4793 age-

1935 4816 2067 4872 bant
2094 4815 2147 4869 in
2184 4829 2288 4882 me,
2325 4824 2379 4869 et
2406 4815 2683 4885 propheta:
2710 4816 3105 4887 prophetabant
3136 4816 3284 4884 Baal,
3313 4826 3365 4871 ct
3390 4827 3513 4887 post

1940 4906 2128 4961 inutile
2158 4905 2412 4961 abierunt
2433 4906 2501 4958 ".
2536 4926 2556 4960 ι
2589 4892 2735 4963 Vidit
2766 4911 2930 4964 etiam
2962 4910 3222 4980 propheta
3256 4910 3513 4964 Ezechiel

1937 4997 2157 5052 circiter
2186 4996 2384 5068 .viginti
2417 4998 2656 5068 quinque
2699 4997 2848 5053 viros
2898 4998 2965 5054 de
2997 4999 3307 5053 senioribus
3348 4998 3515 5052 Israel

1939 5098 2090 5158 terga
2125 5100 2334 5146 tantum
2359 5092 2707 5146 obvertentes
2738 5090 2941 5161 templo
2977 5091 3213 5157 Domini,
3247 5099 3303 5144 et
3334 5091 3518 5145 vultus

1937 5184 2269 5239 avertentes,
2306 5189 2371 5229 ac
2410 5175 2579 5231 solem
2607 5190 2797 5231 versus
2826 5174 3093 5229 orientem
3131 5172 3422 5229 adorantes
3446 5177 3515 5228 ”.

237 5277 560 5346 ἀνωφελοῦς
614 5274 1008 5347 ἐπορεύθησαν,
1053 5292 1071 5323 ι
1119 5272 1381 5325 Τεθὲαται
1425 5270 1480 5323 δὲ
1510 5270 1603 5322 καὶ
1637 5270 1665 5321 6
1702 5286 1835 5338 προ-

1932 5267 2001 5321 Ει
2041 5267 2411 5335 hujuscemodi
2446 5268 2677 5337 plurima
2726 5266 3073 5322 accumulare
3117 5267 3254 5321 nihil
3291 5278 3375 5321 est
3427 5284 3520 5322 nc-

238 5371 431 5441 φήτης
469 5368 730 5440 Ἰεζεχιὴλ
758 5368 833 5431 ὡς
859 5368 1030 5420 εἴκοσι
1070 5366 1165 5419 καὶ
1207 5364 1365 5417 πέντε
1409 5363 1606 5433 ἄνδρας
1636 5363 1700 5414 ὲκ
1727 5360 1835 5415 τῶν

1935 5358 2087 5427 getii.
2128 5356 2457 5412 Suﬂ‘ecerint
2483 5364 2687 5419 autem,
2726 5357 3190 5425 opinor,.et~htec
3229 5357 3295 5411 ad
3327 5371 3515 5412 eorum

236 5458 638 5530 πρεσϐυτέρων
702 5455 940 5528 Ἰσραὴλ,
999 5454 1066 5508 τὰ
1120 5453 1342 5507 ὀπίσθια
1403 5452 1561 5523 μόνον
1615 5451 1836 5522 ἔχοντας

1936 5447 2226 5502 ruditatem
2291 5446 2737 5502 convincendam.
2802 5445 2943 5525 Ergo
3008 5446 3307 5502 ﬂuctuabat
3367 5464 3519 5501 mens

238 5551 390 5620 πρὸς
418 5551 510 5605 τὸν
545 5550 674 5605 ναὸν
705 5549 937 5619 Κυρίου,
973 5547 1065 5600 καὶ
1098 5546 1165 5600 τὰ
1204 5546 1472 5617 πρόσωπα
1502 5542 1682 5597 αὐτῶν
1730 5543 1836 5595 ἀπ-

1938 5550 2211 5606 veterum,
2249 5547 2307 5594 et
2348 5537 2613 5594 delirabat
2663 5552 3011 5608 magnopere.
3049 5538 3318 5606 Quocirca
3354 5550 3411 5594 et
3455 5540 3519 5594 de

329 5755 371 5785 ¹¹
403 5752 589 5811 Matii).
617 5770 711 5815 vn,
744 5750 797 5805 6.
864 5750 908 5781 ’³
945 5749 1109 5805 Exod.
1144 5766 1252 5812 xw,
1280 5750 1300 5804 l
1333 5765 1484 5820 seqq.
1515 5767 1528 5811 ;
1567 5766 1675 5807 xvi.
1731 5751 1747 5803 l
1791 5764 1963 5818 scqq.;
1997 5746 2152 5800 Num.
2183 5762 2248 5820 sx
2274 5785 2287 5811 ,
2312 5743 2457 5820 17-715.
2520 5743 2567 5820 ’ξ
2598 5743 2765 5799 Exod.
2792 5745 3020 5820 textrini
3058 5760 3209 5816 seqq.
3272 5744 3320 5778 ⁸⁸
3351 5744 3519 5803 Amos

230 5836 316 5884 ν,
343 5826 431 5878 ‘16.
506 5827 549 5856 "
572 5825 742 5879 Hebr.
781 5836 860 5884 ιιι,
903 5820 985 5872 ΓΙ.
1062 5821 1104 5852 ³⁷
1141 5820 1364 5892 llllieg.
1402 5815 1709 5885 {ruﬁ-33.
1789 5822 1831 5849 “
1866 5815 2060 5875 Jcrem.
2098 5832 2155 5883 tt,
2190 5818 2240 5869 8.
2336 5819 2380 5849 "
2414 5815 2607 5871 Ezcclt.
2643 5830 2758 5881 \‘lll,
2787 5816 2871 5869 16.
