3934 6318
190 362 259 416 77
1019 356 1571 415 COMMENTARIUS
1609 353 1678 411 ΙΝ
1715 355 1752 410 Μ

1855 352 2064 410 ΛΟΗΙΑ
2078 353 2119 410 Μ
2169 348 2527 409 ΡΒΟΡΗΕΤᾹ
2541 352 2583 405 .\l
2594 393 2608 409 .

3329 348 3436 403 πε

158 477 448 548 μαλωσίας
478 475 706 547 καιρῶν,
734 475 1087 545 ἀνεκομίζετο
1111 477 1209 546 μὲν
1228 478 1291 529 ὲκ
1305 476 1403 545 τῆς
1434 475 1752 537 Βαϐυλῶνος

1857 474 1979 528 Ione
2018 475 2069 528 in
2103 474 2344 528 induam
2387 470 2701 540 remigravit
2737 466 2923 534 Israel,
2965 476 3018 525 et
3050 468 3104 523 in
3155 468 3431 525 civitatem

155 570 237 633 είς
256 568 354 638 τὴν
387 568 653 623 Ἰουδαίαν
692 569 720 620 6
764 567 1000 637 Ἰσραὴλ,
1032 567 1124 623 καὶ
1156 569 1235 631 είς
1262 568 1361 639 τὴν
1396 568 1558 636 ἁγίαν
1593 562 1748 629 αὖθις

154 661 388 729 ἀφίκετο
414 660 591 719 πόλιν,
620 660 680 712 τὸ
708 661 806 729 τῆς
843 659 1087 723 δουλείας
1120 659 1285 729 ζυγὸν
1311 660 1749 732 ἀπψορτισάμε-

155 770 270 814 νος.
316 751 427 804 Καὶ
475 752 539 821 δὴ
583 752 610 803 6
643 750 783 814 θεῖος
832 752 1132 823 ἐγήγερται
1172 753 1315 816 ναὸς,
1370 751 1749 820 ἐφεστηκότων

154 841 270 900 τοῖς
298 838 480 908 ἔργοις
512 837 819 908 Ζοροόάὸελ
842 855 901 891 τε
934 841 1027 892 καὶ
1058 840 1151 893 τοῦ
1182 828 1472 910 Σαλαθιὴλ,
1502 840 1561 903 ὃς
1585 836 1653 910 ἦν
1685 841 1750 892 ὲκ

156 927 335 996 φυλῆς
383 927 575 993 Ἰούδα,
618 930 712 981 καὶ
763 930 933 999 Ἰησοῦ
978 931 1072 984 τοῦ
1128 933 1395 997 Ἰωσεδὲκ,
1431 932 1525 986 τοῦ
1560 932 1751 1005 ἱερέως

154 1017 253 1068 τοῦ
294 1019 550 1089 μεγάλου.
583 1020 963 1091 Προεφήτευον
990 1022 1046 1075 δὲ
1080 1025 1201 1075 κατ’
1230 1025 1406 1077 ἐκεῖνο
1432 1024 1526 1077 τοῦ
1554 1023 1749 1096 καιροῦ

156 1112 276 1172 τοῖς
302 1113 367 1163 ὲκ
390 1111 489 1179 τῆς
520 1110 899 1179 αἰχμαλωσίας
937 1113 1362 1183 λελυτρωμένοις
1414 1114 1663 1182 ’Δγγαῖός
1689 1130 1749 1167 τε

157 1203 257 1254 καὶ
322 1202 618 1273 Ζαχαρίας,
671 1203 879 1273 ΙἘσδρα
934 1223 993 1257 τε
1047 1208 1141 1259 καὶ
1191 1207 1428 1275 Νεεμίου
1482 1208 1750 1261 συνόντων

157 1293 349 1355 αὐτοῖς
380 1293 487 1347 τῶν
523 1294 844 1365 ίερουργῶν.
885 1295 1191 1365 Σὺγχρονος
1217 1296 1274 1349 δὲ
1302 1298 1415 1359 τοῖς
1445 1312 1750 1367 μνημονευ-

158 1384 335 1437 θεῖσιν
368 1385 542 1452 ἁγίοις
576 1386 903 1457 προφήταις,
953 1386 987 1455 ἢ
1034 1387 1213 1455 ὀλίγον
1253 1385 1426 1458 βραχὺ
1465 1387 1582 1457 μετ’
1608 1388 1751 1440 ὲκεί-

157 1492 309 1539 νους,
329 1477 423 1529 καὶ
441 1478 469 1529 ὁ
489 1475 778 1540 Θεσπέσιος
801 1477 992 1545 γέγονε
1018 1478 1328 1548 Μαλαχίας,
1349 1478 1409 1541 ὃς
1427 1479 1489 1549 δὴ
1507 1478 1749 1531 καλεῖται

159 1568 257 1619 καὶ
296 1567 561 1635 Ἀγγελος
585 1585 599 1599 ο
628 1568 1041 1639 διερμηνεύεται
1066 1570 1175 1641 γὰρ
1200 1563 1301 1623 ὦδε
1327 1570 1634 1640 Μαλαχίας.
1674 1570 1749 1624 Οὐ

161 1659 537 1729 παραδεκτέον
556 1659 681 1723 τούς
702 1677 862 1713 τινων
898 1661 1027 1732 περὶ
1057 1660 1223 1714 αὑτοῦ
1250 1660 1461 1730 λόγους,
1493 1662 1541 1714 οἳ
1576 1662 1750 1733 μάτην

162 1750 640 1822 ἐρραψῳδήκασιν,
681 1750 910 1821 ἄγγελον
962 1752 1061 1822 μὲν
1089 1753 1187 1824 τὴν
1214 1752 1377 1821 φύσιν
1414 1754 1648 1822 οἰόμενοί
1688 1770 1749 1806 τε

162 1842 259 1893 καὶ
287 1842 560 1910 λέγοντες,
603 1842 1034 1914 σεσωματῶσθαί
1068 1861 1131 1913 γε
1175 1844 1281 1916 μὴν
1323 1845 1467 1899 κατὰ
1500 1844 1751 1916 βούλησιν

160 1933 320 1997 Θεοῦ,
370 1935 467 1988 καὶ
507 1936 564 1987 ἐν
602 1936 878 2005 προφήτου
913 1934 1066 2000 τάξει
1108 1936 1362 2004 γενέσθαι
1391 1940 1507 2000 τοῖς
1537 1936 1597 2001 ἐξ
1653 1938 1752 1990 Ἰσι-

162 2028 323 2097 ραήλ.
367 2026 597 2097 Εἴρηται
626 2028 736 2097 γὰρ
769 2027 1021 2096 ἄγγελος,
1057 2029 1130 2092 ὡς
1180 2028 1335 2100 ἔφην,
1389 2029 1621 2099 μάλιστα
1654 2029 1751 2099 μὲν

159 2119 254 2171 καὶ
281 2118 377 2172 τοῦ
406 2119 672 2188 ὀνόματος
702 2119 908 2191 ταύτην
934 2120 1152 2191 ἔχοντος
1188 2121 1273 2189 ἐφ’
1310 2120 1488 2190 ἑαυτῷ
1533 2120 1630 2192 τὴν
1662 2123 1752 2191 ἑρ-

163 2210 393 2281 μηνείαν
412 2227 428 2242 ·
460 2208 579 2265 εἶτα
609 2213 690 2266 ὅτι
716 2213 842 2276 τοὺς
862 2213 1069 2268 ἄνωθεν
1114 2214 1209 2267 καί⁵
1237 2214 1388 2285 παρὰ
1408 2213 1542 2268 Θεοῢ
1562 2213 1751 2283 λόγους

160 2305 523 2373 ἀπαγγέλλων
549 2308 661 2369 τοῖς
689 2306 1000 2376 ὲξἸσραὴλ,
1027 2306 1227 2360 καλοῖτ’
1253 2307 1320 2360 ἂν
1346 2308 1446 2360 οὐκ
1470 2306 1750 2370 ἀπιθάνως

162 2394 254 2446 καὶ
281 2393 537 2461 ἅγγελος.
571 2396 683 2449 Καὶ
715 2395 845 2464 γοῦν
878 2397 1040 2459 αὐτὸς
1082 2400 1109 2451 6
1148 2398 1435 2468 προφήτης
1465 2398 1750 2469 Μαλαχίας

163 2487 220 2538 ὲν
244 2488 357 2547 τοῖς
391 2486 590 2554 ἑφεξῆς
620 2486 748 2557 περὶ
770 2488 969 2550 παντὸς
991 2488 1183 2558 ἱερέως
1208 2489 1392 2558 φησὶν,
1426 2490 1505 2541 ὅτι
1535 2508 1552 2539 ι
1582 2488 1748 2560 Χείλη

166 2577 355 2648 ίερέως
394 2577 689 2645 φυλάξεται
736 2577 958 2647 γνῶσιν,
1008 2581 1103 2633 καὶ
1148 2581 1310 2651 νόμον
1355 2580 1752 2651 ὲκζητήσουσιν

166 2670 229 2722 ὲκ
260 2668 529 2738 στόματος
558 2668 748 2736 αὐτοῦ,
782 2670 914 2725 διότι
949 2671 1179 2741 ἄγγελος
1215 2672 1418 2742 Κυρίου
1450 2672 1754 2743 παντοκρά-

163 2759 319 2827 τορός
357 2760 494 2811 ἐστι.
540 2776 558 2809 ι
599 2759 733 2829 Περὶ
763 2759 822 2814 δέ
866 2777 928 2829 γε
958 2760 1053 2821 τοῦ
1102 2761 1449 2835 Ἐμμανουὴλ
1482 2765 1510 2814 6
1542 2763 1754 2832 προφή-

165 2864 261 2919 της
304 2848 554 2914 Ἠσοϊας,
602 2868 620 2901 ι
662 2850 771 2907 Καὶ
819 2850 1125 2920 θελήσουσι,
1182 2852 1368 2923 φησὶν,
1412 2854 1461 2906 εί
1507 2853 1753 2921 ἐγένοντο

169 2940 551 3011 πυρίκαυστοι,
586 2941 667 2994 ὅτι
716 2941 927 2997 παιδίον
976 2944 1264 3014 ἐγεννήθη,
1307 2944 1420 3008 υίὸς
1464 2946 1557 2999 καὶ
1594 2944 1751 3017 ἐδόθη

167 3033 320 3100 ἡμῖν,
351 3033 443 3084 καὶ
478 3032 722 3091 καλεῖται
762 3034 822 3086 τὸ
853 3034 1025 3105 ὄνομα
1070 3034 1234 3088 αὐτοῦ
1286 3037 1528 3106 μεγάλης
1557 3036 1753 3109 βουλῆς

1853 575 2094 621 sanctam
2133 566 2297 629 venit,
2324 564 2452 635 iugo
2477 563 2758 619 servitutis
2789 568 3143 617 exoneratus.
3182 560 3434 615 Divinum

1854 672 2069 726 quoque
2099 657 2356 726 templum
2394 658 2507 727 jam
2539 655 2737 719 stabat,
2768 653 3123 720 Zorobabele,
3164 652 3436 708 Salathie-

1851 748 1918 804 lis
1946 749 2077 814 filio,
2109 761 2173 803 ex
2211 749 2353 803 tribu
2374 747 2510 802 Juda
2538 747 2790 809 oriundo,
2816 744 3037 811 etJesu,
3064 742 3433 807 tltioloseder.

1852 839 2139 893 sacerdote
2182 852 2376 905 magno
2419 834 2690 906 praefectis
2744 848 2991 903 operum.
3052 832 3148 889 Illo
3193 842 3437 903 tempore

1852 929 2170 998 captivitate
2221 927 2464 983 liberalis
2508 928 2737 995 Aggaeus
2793 935 2848 980 et
2894 926 3188 979 Zacharias
3242 925 3436 979 vatici~

1852 1024 1961 1076 uati
2012 1023 2246 1086 fuerant,
2292 1036 2415 1075 eum
2461 1020 2665 1075 Esdras
2713 1029 2768 1073 et
2817 1018 3073 1073 Neemias
3125 1019 3439 1073 sacerdotes

1853 1115 2114 1167 viverent.
2160 1112 2277 1177 Quo
2322 1112 2535 1174 eodem,
2590 1118 2684 1164 aut
2729 1109 2891 1177 paulo
2932 1117 3056 1178 post
3099 1119 3436 1163 memoratos

1851 1205 2144 1273 prepbetas
2176 1210 2412 1269 sanctos,
2447 1200 2666 1257 divinus
2707 1214 2925 1270 quoque
2952 1198 3249 1255 Malachias
3277 1200 3435 1263 vixit,

1852 1296 1941 1366 qui
1976 1304 2029 1350 et
2060 1295 2299 1365 Angelus
2334 1305 2598 1350 vocatur:
2642 1294 2720 1349 sic
2753 1293 2899 1348 enim
2938 1290 3215 1349 Malachize
3242 1305 3437 1345 nomen

1853 1388 2116 1444 redditur.
2167 1388 2576 1457 Explodeudum
2626 1398 2713 1444 est
2752 1399 2932 1443 autem
2964 1389 3325 1456 quorumdam
3371 1387 3439 1442 de

1854 1483 1968 1551 ipso
1996 1496 2093 1537 nec
2129 1483 2458 1539 audiendum
2500 1492 2896 1548 commentum,
2932 1482 3025 1553 qui
3059 1482 3435 1547 crediderunt,

1855 1584 2164 1644 temereque
2186 1576 2353 1647 817
2380 1575 2607 1632 fabulati
2649 1583 2795 1637 sunt,
2845 1588 2967 1629 eum
3024 1582 3218 1628 natura
3275 1589 3440 1643 auge-

1854 1668 1961 1722 lmn
2016 1667 2205 1732 fuisse,
2283 1669 2377 1723 sed
2426 1670 2705 1724 voluntate
2751 1669 2846 1723 Dei
2879 1667 3158 1735 'corporis
3206 1664 3438 1721 formam

1814 1757 2211 1827 Lhabitumque
2274 1757 2664 1827 assumpsisse,
2714 1765 2770 1811 et
2821 1756 3090 1812 lsraelitis
3138 1756 3441 1826 prophetia:

1855 1846 2087 1903 ofﬁcium
2115 1848 2453 1918 prestitisse.
2498 1849 2682 1905 Dictus
2724 1856 2809 1903 est
2840 1862 3077 1918 namque
3110 1846 3347 1917 Angelus
3382 1849 3436 1901 in

1854 1938 2046 2006 primis
2093 1938 2347 2008 quidem,
2403 1939 2545 2009 quod
2580 1938 2695 2009 ejus
2736 1953 2955 2002 nomen,
3007 1948 3065 1991 ut
3114 1939 3248 2005 dixi,
3297 1938 3441 1992 hanc

1854 2030 2132 2084 notionem
2181 2029 2441 2097 haberet;
2484 2030 2681 2085 deinde
2709 2030 2851 2099 quod
2879 2043 3002 2085 cum
3040 2030 3287 2091 ccelestes
3317 2039 3373 2085 et
3408 2048 3437 2084 a

1854 2121 1968 2176 Deo
2017 2121 2308 2192 inspiratos
2339 2135 2621 2179 sermones
2664 2120 2850 2177 lsraeli
2885 2122 3175 2190 nuntiarit,
3212 2138 3317 2177 non
3357 2125 3439 2176 iu-

1854 2214 1992 2270 scite
2027 2215 2190 2270 etiam
2232 2214 2456 2285 angelus
2484 2213 2669 2270 vocari
2710 2214 2908 2285 possit.
2946 2212 3132 2284 Itaque
3169 2216 3284 2284 ipse
3312 2228 3439 2283 pro-

1852 2309 2012 2377 pheta
2048 2306 2341 2363 Malachias
2377 2308 2431 2362 in
2467 2314 2725 2362 contextu
2759 2306 2825 2360 de
2861 2305 3103 2375 quolibet
3153 2305 3441 2360 sacerdote

1854 2403 1931 2456 ait
1961 2421 1973 2457 :
2006 2420 2024 2453 ε
2058 2401 2222 2457 Labia
2254 2402 2557 2457 sacerdotis
2584 2401 2898 2457 custodieut
2936 2400 3246 2463 scientiam,
3275 2407 3330 2453 et
3362 2398 3439 2453 le-

1853 2510 1971 2563 gem
2022 2495 2306 2557 requirent
2356 2506 2420 2550 ex
2454 2510 2550 2549 ore
2604 2496 2742 2562 ejus,
2776 2495 3032 2564 quoniam
3088 2492 3312 2561 angelus
3341 2489 3447 2546 Do-

1854 2585 1987 2639 mini
2027 2585 2416 2654 omnipotentis
2454 2594 2540 2640 est
2566 2586 2634 2639 “.
2662 2603 2678 2636 ι
2730 2586 2805 2641 De
2855 2582 3207 2638 Emmanucle
3257 2592 3439 2637 autem

1854 2679 2119 2748 propheta
2152 2679 2322 2734 Isaias
2352 2698 2364 2734 :
2399 2697 2418 2732 ι
2450 2680 2519 2734 Et
2567 2678 2751 2734 volent
2793 2678 2839 2735 si
2871 2677 3079 2733 fuerint
3127 2676 3251 2748 igne
3290 2692 3441 2733 com-

1854 2772 2017 2837 busti,
2063 2771 2190 2840 quia
2231 2787 2367 2841 puer
2418 2779 2577 2827 natus
2622 2780 2705 2826 est
2745 2769 2939 2834 nobis;
2978 2768 3121 2824 filius
3155 2769 3312 2823 datus
3354 2778 3443 2823 est

1855 2862 2033 2927 nobis,
2068 2870 2124 2916 et
2159 2862 2447 2918 vocabitur
2484 2875 2682 2918 nomen
2714 2861 2832 2931 ejus
2866 2858 3042 2928 magni
3087 2858 3298 2913 consilii
3330 2857 3443 2912 Au-

1854 2956 2004 3027 gt-lus
2024 2954 2090 3009 ³⁵.
2122 2972 2145 3008 ι
2178 2952 2345 3010 Vides
2376 2954 2833 3023 quemadmodum
2868 2950 3261 3020 ἀπαγγέλλειν,
3306 2966 3444 3004 mm-

1857 3047 1991 3100 tiare
2024 3062 2144 3117 qua:
2173 3045 2318 3101 illius
2357 3042 2623 3116 Suprema:
2674 3053 2881 3099 naturae
2917 3054 3067 3111 sunt,
3113 3043 3439 3113 quibusdam

172 3124 455 3191 Ἄγγελος.
506 3142 525 3174 ι
575 3123 737 3195 Ὁρᾷς
769 3126 851 3177 ὅτι
890 3125 950 3178 τὸ
992 3125 1399 3195 ἀπαγγέλλειν
1440 3128 1644 3198 ἑτέροις
1681 3126 1749 3182 τὰ

1863 3140 2022 3193 etiam
2054 3137 2366 3207 angelorum
2401 3151 2597 3191 nomen
2652 3135 2924 3201 conciliet,
2958 3134 3206 3205 quamvis
3246 3143 3439 3187 natura

166 3217 268 3287 τῆς
321 3217 605 3287 ἀνωτάτης
650 3218 886 3286 φύσεως,
918 3219 1282 3291 ὀνομάζεσθαι
1336 3223 1429 3274 καὶ
1487 3221 1753 3291 ἀγγέλους

168 3308 580 3378 παρασκευάζει
613 3311 795 3375 τινὰς,
856 3311 1036 3365 καίτοι
1075 3312 1217 3366 κατὰ
1261 3313 1421 3382 φύσιν
1454 3314 1554 3368 οὐκ
1596 3316 1754 3380 ὄντας

168 3397 469 3463 ἀγγέλους
509 3398 819 3470 ΙἌνθρωποι
852 3403 953 3472 μὲν
1002 3402 1130 3472 γὰρ,
1170 3405 1216 3457 oi
1241 3402 1330 3456 τὸν
1363 3404 1503 3457 θεῖον
1531 3404 1756 3477 διερμη-

168 3487 415 3552 νεύοντες
462 3490 659 3561 νόμον,
692 3493 972 3545 τουτέστιν
1024 3495 1073 3546 oi
1118 3496 1314 3565 ἱερεῖς·
1358 3496 1491 3560 Θεὸς
1536 3497 1611 3562 δὲ,
1661 3498 1756 3551 καὶ

171 3581 231 3631 ὲκ
259 3579 394 3633 Θεοῦ
425 3582 568 3634 κατὰ
598 3581 780 3651 φύσιν,
813 3585 841 3636 6
874 3584 1015 3647 Υἱός.
1044 3587 1361 3656 νΑνθρωπος
1400 3587 1463 3656 δὴ
1506 3584 1599 3641 οὖν
1632 3586 1755 3640 καθ’

170 3672 315 3739 ἡμᾶς
342 3674 370 3725 ὁ
403 3674 693 3744 προφήτης
728 3675 1031 3746 Μαλαχίας.
1060 3678 1288 3747 Σύμπας
1309 3679 1364 3731 δὲ
1390 3678 1578 3748 ὥσπερ
1608 3679 1755 3750 αὑτῴ

167 3764 265 3831 τῆς
295 3764 634 3833 προφητείας
661 3766 688 3817 6
718 3765 918 3829 σκοπὸς
962 3770 1040 3830 είς
1069 3767 1160 3821 δύο
1189 3768 1363 3821 ταῦτα
1404 3770 1752 3822 συντείνεται.

185 3852 585 3924 Ἐγηγερμένου
614 3854 723 3926 γὰρ
745 3854 836 3908 τοῦ
868 3854 1011 3913 θείου
1046 3858 1197 3925 ναοῦ,
1230 3858 1422 3930 καιροῦ
1466 3859 1757 3925 καλοῦντος

173 3944 250 4006 εἰς
282 3944 597 4015 ἱερουργίαν
640 3948 767 4010 τοὺς
801 3949 1206 4019 προεστηκότας
1253 3949 1408 4015 λαοῦ,
1459 3951 1579 4021 ἦτοι
1629 3952 1757 4015 τοὺς

174 4032 231 4098 ἐξ
260 4035 501 4105 Ἰσραὴλ,
527 4036 790 4107 πληροῦν,
818 4040 866 4091 εί
898 4038 1122 4105 ἕλοιντο,
1155 4040 1254 4103 τὰς
1296 4041 1439 4094 κατὰ
1460 4041 1626 4111 νόμον
1659 4042 1751 4094 εὐ-

174 4123 289 4190 κάς.
324 4125 625 4196 ἐκέχρηντο
662 4126 762 4196 μὲν
800 4130 919 4191 ταῖς
970 4128 1058 4182 διὰ
1112 4128 1354 4195 Μωσέως
1403 4130 1663 4195 ἐντολαῖς,
1695 4131 1756 4183 οὐ

178 4214 277 4284 μὴν
300 4214 620 4286 ἀμωμήτως
650 4217 745 4269 καὶ
778 4218 1057 4282 ἐπιεικῶς.
1095 4220 1499 4292 Προσεκόμιζον
1529 4222 1626 4293 μὲν
1650 4221 1759 4291 γὰρ

174 4309 248 4367 εἰς
287 4306 479 4359 θυσίαν
511 4309 561 4359 οἱ
607 4308 729 4361 λαοὶ
761 4310 827 4363 τὰ
865 4310 1089 4381 συνήθη,
1125 4311 1265 4382 πλὴν
1308 4312 1369 4365 οὑ
1408 4313 1612 4384 σφόδρα
1656 4331 1758 4366 πες

174 4398 578 4469 φροντισμένως
602 4441 615 4464 ,
650 4402 898 4477 ὀκνηρῶς
932 4402 988 4455 δὲ
1034 4403 1233 4473 μᾶλλον
1264 4404 1357 4457 καὶ
1381 4406 1760 4477 κατημελημέ-

1856 3229 2027 3300 angeli
2065 3246 2171 3286 non
2215 3228 2361 3283 sint?
2402 3226 2666 3282 Homines
2697 3226 2842 3279 enim
2888 3236 3035 3291 sunt,
3069 3223 3161 3292 qui
3201 3221 3441 3277 divinam

1856 3322 2026 3392 legem
2057 3321 2369 3391 explanant,
2419 3332 2614 3391 nempe
2647 3317 2964 3373 sacerdotes
2993 3335 3006 3371 :
3040 3315 3186 3372 Deus
3234 3325 3443 3385 autem,

1855 3425 1910 3470 et
1945 3430 2009 3469 ex
2038 3414 2149 3470 Deo
2182 3413 2479 3469 secundum
2529 3420 2776 3467 naturam
2824 3408 3016 3464 Filius.
3046 3407 3221 3464 Homo
3254 3408 3444 3479 igitur,

1859 3516 2104 3571 nostrum
2154 3505 2371 3572 similis,
2409 3504 2673 3574 propheta
2706 3500 3027 3556 Malachias.
3049 3500 3214 3569 Cujus
3248 3500 3441 3555 vatici-

1858 3599 1928 3653 nii
1963 3613 2161 3667 sc0pus
2197 3598 2482 3653 universus
2516 3595 2582 3650 ad
2629 3595 2734 3649 duo
2769 3593 2883 3648 haec
2910 3593 3153 3647 refertur
3178 3594 3443 3662 quodam-

1859 3690 2038 3745 modo.
2087 3688 2415 3745 Constructo
2464 3688 2608 3743 enim
2654 3687 2767 3756 jam
2817 3687 3000 3741 divino
3050 3684 3273 3754 templo,
3316 3700 3440 3739 cum

1859 3792 2071 3851 tempus
2101 3781 2283 3853 populi
2328 3779 2671 3852 praepositos,
2729 3780 2844 3832 sive
2889 3792 2983 3833 eos
3034 3778 3127 3847 qui
3173 3784 3332 3833 erant
3373 3777 3443 3830 de

1860 3872 2124 3942 sanguine
2157 3870 2311 3937 Levi,
2366 3872 2432 3925 ad
2468 3870 2738 3929 sacrificia
2786 3877 3030 3936 vocaret,
3076 3876 3240 3941 atque
3272 3867 3440 3926 etiam

1858 3963 1994 4033 ipsis
2037 3961 2297 4018 lsraelitis
2329 3976 2518 4034 preces
2557 3970 2612 4014 et
2663 3969 2786 4016 vota
2819 3963 3116 4016 secundum
3164 3958 3443 4030 legem,hsi

1859 4057 2078 4121 liberet,
2103 4054 2352 4111 obeunda
2374 4054 2773 4124 quodammodo
2790 4062 3126 4125 suggereret,
3149 4052 3445 4115 servabant

1862 4145 1935 4198 illi
1966 4145 2182 4215 quidem
2210 4146 2459 4199 mandata
2492 4143 2680 4209 Musis,
2710 4160 2817 4198 non
2848 4154 3026 4199 tamen
3061 4144 3200 4200 citra
3227 4143 3442 4212 culpam

1861 4244 1917 4290 et
1968 4246 2028 4293 ut
2063 4237 2203 4291 ratio
2250 4234 2547 4303 flagitabat.
2602 4233 2738 4290 Nam
2787 4235 3019 4306 p0pulus
3065 4243 3324 4291 consueta
3373 4234 3444 4290 ad

1862 4327 2050 4381 altaris
2109 4327 2441 4382 sacriﬁcium
2492 4326 2789 4393 oll'ercbat,
2838 4344 3027 4385 verum
3080 4343 3187 4383 non
3246 4342 3443 4397 magna

1862 4433 1992 4472 cura
2029 4417 2293 4484 adhibita,
2338 4417 2433 4473 sed
2462 4417 2827 4488 perfunctorie
2869 4428 2923 4473 et
2954 4418 3314 4489 negligenter.
3343 4419 3446 4471 υορ

174 4511 293 4556 νως.
330 4495 414 4548 Τὰ
444 4496 552 4567 γὰρ
580 4497 826 4567 αἰσχίονα
850 4497 957 4551 τῶν
996 4498 1055 4549 ὲν
1086 4499 1378 4569 ποιμνίοις,
1411 4498 1670 4570 ἄρρωστὰ
1699 4517 1752 4559 τε

1867 4509 2061 4563 teriora
2092 4508 2291 4577 quippe
2320 4510 2518 4580 gregis,
2545 4518 2599 4566 et
2633 4510 2901 4575 morbida,
2928 4518 2982 4564 et
3022 4510 3330 4579 reiectanea
3377 4511 3447 4562 ad

174 4587 266 4638 καὶ
314 4586 555 4657 ἀδόκιμα
596 4588 875 4659 προσῆγον
920 4588 998 4660 τῷ
1045 4589 1434 4661 θυσιαστηρίῳ.
1496 4590 1759 4659 Προσεδέ-

173 4696 325 4748 χοντο
354 4679 412 4732 δὲ
438 4680 488 4733 oi
522 4681 708 4751 ἱερεῖς,
742 4682 925 4734 οὐκέτι
951 4682 1445 4752 μωμοσκοποῦντες
1488 4684 1629 4737 κατὰ
1663 4684 1756 4737 τὸν

174 4771 351 4841 νόμον,
387 4770 465 4841 μὴ
507 4769 701 4840 χωλὸν,
748 4772 781 4843 ἢ
832 4771 1168 4842 ὼτότμητον,
1204 4771 1237 4842 ἢ
1284 4772 1685 4844 κολοὸόρρινον,
1721 4774 1755 4846 ἢ

176 4860 583 4932 κολοϐὁκερκον,
644 4862 677 4933 ἢ
728 4861 1082 4933 ψωραγριῶν,
1128 4862 1162 4932 ἢ
1216 4862 1469 4933 λειχῆνας
1525 4861 1669 4932 ἕχον,
1720 4864 1753 4934 ἢ

179 4954 454 5024 μόνορχεςο
502 4954 787 5025 ἀπόϐλητα
834 4956 1236 5027 γὰρ’ὲποιεϊτο
1272 4954 1447 5007 ταῦτα
1496 4954 1525 5005 ὁ
1567 4955 1751 5024 νόμος,

176 5043 325 5115 ὖϐρις
353 5046 408 5098 δὲ
433 5040 503 5115 ἦν
529 5046 590 5099 τὸ
614 5032 824 5117 χρῆμα,
856 5048 949 5100 καὶ
976 5048 1163 5117 ἓτερον
1192 5047 1365 5100 οὐδέν.
1394 5046 1754 5118 Κατημέλουν

176 5137 229 5188 δὲ
269 5139 356 5189 καὶ
410 5137 613 5210 ἑτέρως
665 5140 715 5193 οἱ
762 5140 926 5210 ἱερεῖς
959 5140 1055 5192 καὶ
1100 5137 1208 5192 τῶν
1246 5138 1351 5197 ὑπὸ
1396 5141 1560 5211 χεῖρα.
1585 5138 1753 5207 λαῶν,

177 5227 291 5296 οὐχὶ
335 5231 400 5283 tit
439 5232 505 5283 ἐκ
544 5231 723 5300 νόμων
766 5230 939 5303 ὀρθῶς
978 5231 1377 5301 εἰσηγούμενοι,
1421 5234 1518 5285 καὶ
1560 5232 1756 5286 παιδα-

172 5319 476 5385 γωίοῦντες
511 5322 591 5384 είς
636 5322 696 5374 τὸ
720 5321 798 5391 τῷ
827 5320 945 5391 Θεῷ
973 5320 1184 5388 δοκοῦν,
1215 5322 1328 5375 ἀλλ’
1363 5323 1443 5386 εἰς
1489 5323 1755 5388 ὲκτόπους

175 5405 443 5481 έξιτηλίας
497 5413 783 5466 ἀπονεύειν
817 5413 1037 5477 ἐῶντες,
1090 5414 1185 5468 καὶ
1236 5414 1336 5484 τῆς
1388 5414 1603 5478 εὐθείας
1652 5416 1758 5482 ἔξω

182 5501 431 5570 φέρεσθαι
466 5506 677 5576 τρίϐου.
713 5506 822 5558 Καὶ
861 5498 941 5568 εἷς
984 5506 1081 5575 μὲν
1108 5500 1258 5571 οὗτος
1283 5507 1380 5577 τῆς
1410 5507 1758 5577 ὲπιπλήξεως

180 5594 401 5661 τρόπος·
448 5596 633 5667 ’ἑτερος
668 5597 725 5649 δὲ
761 5597 896 5667 πρὸς
928 5597 1099 5669 τούτῳ
1138 5602 1251 5662 τοῖς
1283 5598 1343 5661 ἐξ
1386 5598 1589 5670 Ἰσραὴλ
1619 5639 1633 5662 ,
1668 5602 1757 5653 ἐπ’

1856 4615 2007 4655 aram
2066 4598 2385 4655 offerebant.
2440 4599 2765 4657 Sacerdotes
2818 4616 2984 4670 porro
3042 4601 3443 4669 suscipiebant,

1854 4706 1964 4746 non
2010 4691 2240 4759 amplius
2274 4691 2536 4755 maculas,
2571 4699 2629 4745 ut
2674 4692 2759 4747 lex
2786 4691 3033 4761 jubebat,
3074 4691 3128 4747 id
3172 4700 3276 4756 est,
3314 4675 3445 4744 num

1855 4782 2127 4848 claudum,
2172 4791 2265 4835 aut
2315 4797 2445 4836 aure
2475 4783 2672 4849 scissa,
2714 4794 2809 4838 aut
2855 4799 2989 4839 naso
3039 4781 3311 4849 mutilum,
3352 4791 3446 4837 aut

1856 4874 2026 4929 cauda
2068 4883 2368 4943 amputata,
2413 4884 2510 4930 aut
2559 4864 2907 4945 scabiosum,
2949 4885 3042 4930 aut
3075 4875 3440 4946 impetigines,

1860 4973 1952 5019 aut
1982 4981 2146 5019 unum
2182 4966 2488 5021 testiculum
2532 4958 2825 5032 baberent,
2857 4967 3271 5022 considerantes
3305 4983 3319 5020 :
3363 4982 3446 5021 re-

1856 5056 2078 5127 jiciebat
2127 5058 2268 5111 enim
2318 5056 2422 5114 ista
2470 5058 2579 5126 lex,
2621 5075 2722 5115 nec
2766 5060 2909 5115 aliud
2962 5075 3125 5130 quam
3173 5056 3442 5114 dedecora

1862 5159 2018 5204 erant
2044 5149 2107 5203 ³⁸.
2146 5149 2261 5204 Alia
2293 5151 2420 5205 item
2456 5152 2667 5207 ratione
2710 5151 3021 5207 sacerd0tes
3066 5151 3231 5206 etiam
3264 5150 3437 5219 subje-

1863 5246 2009 5292 ctum
2057 5238 2157 5293 sibi
2189 5240 2443 5311 populum
2493 5240 2857 5313 negligebant,
2896 5256 3018 5295 cum
3073 5238 3246 5312 legem
3279 5256 3444 5310 prave

1861 5330 2217 5400 explicarent,
2254 5349 2352 5388 nec
2395 5333 2463 5387 ad
2513 5313 2984 5388 Dei'voluntatem
3036 5334 3443 5402 “sequendam

1862 5420 2029 5488 probe
2073 5422 2319 5478 homines
2366 5423 2647 5478 erudirent
2708 5422 2803 5477 sed
2853 5438 2881 5477 a
2939 5433 3097 5499 recta.
3142 5424 3337 5481 semita
3378 5422 3446 5477 ad

1862 5511 2092 5581 ineptias
2150 5520 2204 5567 et
2249 5511 2527 5569 fatuitates
2570 5511 2858 5569 deﬂectere
2917 5515 3185 5581 sinerent.
3239 5513 3304 5570 Et
3342 5514 3447 5569 boc

1861 5604 2077 5673 quidem
2109 5603 2501 5676 obiurgationis
2534 5620 2706 5677 genus
2746 5622 2911 5662 unum
2942 5617 3057 5671 est.
3082 5608 3329 5665 Alterum
3378 5604 3443 5659 ad

244 5768 286 5799 ”
323 5771 551 5841 Malach.
592 5790 652 5836 ιι,
683 5774 736 5825 7.
815 5775 855 5807 ³³
890 5775 991 5831 lsa.
1029 5792 1103 5841 ιν,
1134 5778 1198 5859 ii,
1233 5778 1284 5832 6.
1368 5778 1410 5807 3‘
1443 5777 1611 5832 Levii.
1649 5792 1781 5847 xxtt,
1814 5777 1876 5833 2|
1914 5795 2065 5859 seqq.
